4146 6290
419 399 538 460 849

1566 398 1860 458 ORATIO
1908 399 2041 458 ΧΠ.
2071 431 2151 442 -
2179 399 2284 459 AD
2331 397 2675 460 PATREM.

3716 393 3838 460 850

417 530 618 595 νεσθαι,
675 524 832 601 ψυχῇ
893 522 951 580 δὲ
1008 523 1304 604 ἀσφάλειαν
1365 530 1479 599 (70)
1533 532 1612 599 τῷ
1669 527 1970 602 μετριάζειν
2022 526 2039 582 ἐ

2152 590 2159 596 _
2190 529 2357 597 cibis,
2391 545 2519 586 eam
2552 530 2955 600 admittamus,
2995 529 3086 585 cui
3121 545 3290 601 pares
3339 545 3467 585 esse
3497 545 3836 600 possumus,

418 614 772 693 ἀμφοτέροις.
807 617 904 669 Διά
934 618 1095 670 τοῦτο
1141 620 1232 670 νῦν
1273 617 1366 688 μὶν
1403 613 1638 691 δέχομαι
1677 620 1756 687 τῷ
1784 613 1939 688 καλῷ
1967 638 2075 671 πα-

416 706 502 778 τρὶ
541 701 909 780 συνδιαφέρειν
961 705 1059 772 τήν
1103 702 1440 777 ἐπιμέλειαν,
1492 703 1672 780 ὥσπερ
1721 705 1860 776 ἀετῷ
1910 709 2073 780 μεγά-

417 795 501 866 λῳ
529 791 620 849 mi
652 791 884 867 ὑψιπέτη
938 795 1052 866 (71)
1085 793 1300 855 νεοσσὸς
1349 794 1447 848 οὐκ
1498 791 1775 870 ἄχρηστος
1827 796 1935 867 (72)
1981 793 2068 868 ἐγ-

412 883 566 959 γύθεν
622 879 1144 958 συμπαριπτάμενος
1177 901 1191 914 ⁸
1255 884 1387 954 μετὰ
1440 879 1496 936 δὲ
1555 887 1717 937 τοῦτο
1776 879 1936 936 δώσω
1994 887 2070 953 τῷ

412 971 686 1045 Πνεύματι
717 972 818 1040 τὴν
866 970 1002 1044 ἐμὴν
1055 969 1296 1045 πτέρυγα
1344 972 1521 1046 φέρειν
1653 968 1929 1045 βούλεται,
1977 970 2066 1025 καὶ

411 1061 486 1123 ὡς
522 1059 817 1135 βούλεται·
870 1060 961 1114 καὶ
1012 1056 1190 1120 οὐδεὶς
1222 1060 1250 1114 ὁ
1305 1059 1646 1134 βιασόμενος,
1679 1057 1807 1114 οὐδὲ
1850 1059 2064 1130 ἀπάξων

409 1149 655 1224 ἑτέρωθι,
721 1147 856 1222 μετὰ
905 1146 1102 1202 τούτου
1153 1145 1553 1222 βουλευόμενον
1591 1192 1602 1205 .
1636 1146 1765 1203 Ἡδὺ
1821 1150 1912 1222 μὲν
1961 1149 2062 1224 γὰρ

403 1238 608 1312 πατρὸς
653 1235 813 1292 πόνοι
861 1235 1400 1310 κληρονομούμενοι,
1451 1237 1634 1290 καὶτὸ
1679 1238 2060 1312 συνηθέστερον

405 1326 664 1399 ποίμνιον
695 1329 792 1380 τοῦ
842 1323 991 1395 ξένου
1040 1324 1130 1379 καὶ
1185 1323 1506 1400 ἀλλοτρίου·
1554 1325 1842 1399 προσθείην
1887 1322 1931 1379 δ’
1980 1325 2058 1396 ἂν,

404 1415 488 1471 ὅτι
520 1415 608 1469 καὶ
640 1419 755 1487 Θεῷ
783 1414 1137 1489 τιμιώτερον,
1171 1412 1216 1467 εἰ
1269 1415 1342 1486 μή
1399 1433 1467 1485 με
1498 1415 1675 1484 ἀπατᾷ
1715 1414 1776 1467 τὸ
1806 1413 2058 1490 φίλτρον,

401 1504 490 1559 καὶ
519 1501 742 1558 κλέπτει
790 1503 889 1572 τὴν
939 1501 1188 1572 αἴσθησιν
1239 1503 1274 1571 ἡ
1309 1503 1600 1570 συνήθεια·
1645 1498 1799 1556 οὔπω
1848 1500 1904 1556 δὲ
1945 1505 2057 1577 (73)

402 1592 822 1669 χρησιμώτερον
899 1595 995 1646 τοῦ
1055 1589 1271 1652 ἑκόντας
1341 1588 1572 1645 ἑκόντων
1634 1591 1822 1666 ἄρχειν
1855 1635 1870 1660 ,
1931 1589 2056 1646 οὐδὲ

401 1679 817 1759 ἀσφαλέστερον·
848 1679 1036 1748 ἐπειδὴ
1073 1680 1147 1752 μὴ
1199 1679 1336 1754 πρὸς
1381 1676 1500 1754 βίαν
1548 1675 1692 1754 ἄγειν
1723 1683 1824 1734 τοῦ
1855 1679 2051 1752 ἡμετέ-

399 1792 494 1845 ρου
550 1770 720 1842 νόμου
777 1771 912 1843 (74),
964 1766 1106 1842 μηδὶ
1153 1770 1519 1844 ἀναγκαστῶς,
1572 1767 1698 1824 ἀλλ’
1742 1768 2001 1828 ἑκουσίως
2036 1813 2049 1826 .

2187 635 2314 673 eam
2348 622 2561 685 autem,
2599 634 2724 688 quae
2759 620 2908 672 vires
2965 621 3199 672 nostras
3256 620 3516 688 superat,
3567 617 3833 688 repudie-

2187 723 2338 762 mus.
2376 708 2471 762 Sic
2501 707 2658 762 enim
2710 707 2856 763 251
2895 707 3037 773 fore,
3101 712 3167 776 ut
3194 709 3252 760 et
3307 704 3536 777 corpori
3586 705 3833 773 sanitas,

2182 799 2238 849 et
2269 795 2475 849 anima;
2507 794 2906 865 tranquillitas
2937 799 3184 861 constet,
3221 793 3269 848 si
3325 794 3382 847 in
3414 793 3681 863 utrisque
3711 810 3830 848 me-

2180 884 2458 939 diocritas
2492 889 2783 939 teneatur.
2823 889 2900 938 Ac
2950 882 3194 954 proinde
3228 899 3383 938 nunc
3428 881 3664 954 quidem
3695 899 3828 938 cum

2180 972 2452 1043 praeclaro
2474 977 2714 1043 parente
2737 989 2937 1027 curam
2963 973 3114 1026 hanc
3137 971 3437 1042 suscipere
3458 987 3574 1026 non
3598 986 3826 1036 recuso,

2173 1060 2330 1114 velut
2360 1077 2583 1132 magna;
2614 1060 2821 1129 aquila:
2854 1065 2911 1115 et
2942 1060 3229 1116 altissime
3249 1059 3463 1115 volanti
3486 1059 3683 1132 pullus
3705 1077 3823 1116 non

2173 1148 2404 1204 inutilis
2437 1167 2466 1204 e
2498 1150 2826 1221 propinquo
2850 1148 3148 1204 advolans.
3174 1149 3381 1204 Postea
3409 1165 3541 1204 vero
3571 1166 3821 1221 pennam

2173 1254 2366 1293 meam
2397 1238 2659 1310 Spiritui,
2695 1255 2810 1310 quo
2857 1237 3032 1305 volet,
3061 1242 3119 1293 et
3162 1253 3390 1309 quoquo
3440 1239 3613 1293 modo
3643 1238 3814 1305 volet,

2170 1327 2469 1383 ferendam
2501 1328 2652 1383 dabo
2677 1345 2689 1383 :
2715 1344 2820 1382 nec
2848 1327 3159 1398 quisquam
3181 1327 3308 1394 erit,
3334 1325 3434 1398 qui
3465 1343 3560 1381 me
3590 1343 3815 1398 cogere,

2168 1421 2269 1472 aut
2298 1416 2574 1472 aliorsum
2613 1418 2914 1472 traducere
2959 1416 3166 1488 possit,
3197 1431 3331 1472 cum
3362 1432 3428 1471 eo
3473 1415 3812 1472 consultan-

2168 1510 2304 1561 tem.
2338 1501 2483 1560 Nam
2515 1505 2622 1561 etsi
2656 1508 2913 1577 paternis
2959 1505 3259 1560 laboribus
3306 1505 3616 1560 succedere
3645 1505 3814 1562 dulce

2165 1596 2260 1664 sit,
2293 1611 2357 1650 ac
2390 1600 2526 1650 noto
2559 1599 2612 1651 et
2659 1594 2930 1650 familiari
2963 1594 3126 1667 gregi
3177 1610 3428 1666 praeesse
3466 1595 3811 1665 jucundius,

2161 1701 2340 1755 quam
2371 1688 2607 1739 externo
2639 1689 2696 1739 et
2725 1683 2938 1751 alieno;
2973 1684 3188 1739 addam
3217 1683 3394 1738 etiam
3421 1687 3532 1739 Deo
3553 1683 3811 1754 charius,

2161 1773 2274 1828 nisi
2309 1790 2401 1828 me
2434 1773 2584 1828 fallit
2611 1778 2862 1839 amor,et
2885 1789 3126 1829 sensum
3152 1772 3398 1844 surripit
3421 1775 3814 1830 consuetudo;

396 1865 565 1915 Τοῦτο
601 1860 694 1934 μὶν
727 1859 830 1934 γὰρ
862 1860 974 1931 (75)
1006 1855 1122 1912 οὐδ’
1153 1856 1210 1912 ἂν
1265 1855 1443 1927 ἄλλην
1494 1858 1670 1933 ἀρχὴν
1715 1861 2039 1929 συστήσειεν1

2159 1879 2273 1918 non
2304 1867 2500 1918 tamen
2534 1861 2964 1917 conducibilius
2994 1865 3103 1927 est,
3138 1877 3244 1916 nec
3293 1865 3353 1916 tu
3369 1862 3508 1928 tius,
3542 1877 3719 1932 quam
3752 1865 3815 1916 ut

396 1947 582 2018 ἐπειδὴ
634 1947 786 2026 φιλεῖ
830 1946 893 2001 τὸ
945 1947 1036 2024 βίᾳ
1077 1946 1449 2022 κρατούμενον
1507 1944 1896 2023 ἐλευθεριάζειν
1947 1967 2046 2001 πο-

393 2038 448 2092 τὶ
482 2039 593 2111 (76)
624 2039 817 2110 καιροῦ
865 2029 1194 2108 λαϐόμενονο
1228 2037 1327 2104 τὴν
1385 2031 1443 2090 δὲ
1494 2034 1762 2111 ἡμετέραν
1819 2037 1918 2090 οὑκ
1947 2037 2048 2112 ἆρ-

394 2128 522 2202 χήν,
581 2125 729 2181 ἀλλὰ
780 2122 1182 2200 παιδαγωγίαν,
1239 2123 1330 2178 καὶ
1388 2123 1601 2178 πάντων
1649 2126 1758 2198 (77)
1809 2123 2047 2198 μάλιστα

394 2220 648 2289 συντηρεῖ
670 2215 732 2269 τὸ
764 2213 1032 2270 ἑκούσιον.
1079 2211 1444 2286 Βουλομένων
1494 2215 1621 2288 γὰρ,
1653 2214 1714 2268 οὐ
1752 2235 2042 2290 τυραννου-

396 2303 593 2378 μένων,
625 2305 687 2359 τὸ
713 2310 813 2372 τῆς
847 2297 1116 2364 εὐσεϐείας
1148 2304 1260 2376 (78)
1295 2304 1616 2378 μυστήριον.

2157 1951 2415 2008 volentes
2464 1951 2796 2007 volentibus
2845 1951 3107 2022 praesint.
3139 1949 3620 2022 Quandoquidem
3663 1949 3812 2023 legis

2158 2046 2366 2095 nostrae
2397 2058 2513 2096 non
2536 2046 2644 2107 est,
2676 2040 2728 2094 vi
2764 2044 2820 2094 et
2849 2043 3066 2106 coacte,
3099 2040 3199 2094 sed
3233 2042 3441 2111 sponte
3472 2039 3808 2110 gubernari,

2155 2133 2275 2185 Hoc
2295 2130 2452 2184 enim
2484 2147 2554 2184 ne
2582 2129 2738 2184 aliud
2763 2128 3000 2199 quidem
3023 2127 3334 2199 imperium
3357 2129 3654 2183 continere
3670 2145 3804 2199 pos-

2154 2219 2250 2281 sit,
2284 2219 2760 2290 quandoquidem
2795 2218 2951 2289 quod
2982 2217 3036 2271 vi
3067 2216 3515 2288 cogitur,ohlata
3543 2218 3798 2272 occasio-

2153 2324 2242 2374 ne,
2267 2308 2337 2362 ad
2362 2307 2692 2362 libertatem
2716 2307 2906 2362 redire
2927 2305 3472 2372 consuevit,nedum
3499 2311 3794 2373 nostrum,

393 2412 510 2451 non
537 2395 729 2450 dicam
763 2393 1098 2465 imperium,
1134 2393 1234 2448 sed
1269 2393 1696 2465 magisterium,
1730 2395 1885 2466 quod
1916 2393 2080 2450 nulla
2109 2411 2170 2451 re
2215 2411 2377 2467 aeque
2408 2413 2473 2451 ac
2510 2395 2828 2452 voluntatis
2878 2395 3144 2450 libertate
3171 2397 3569 2450 conservatur.
3603 2394 3802 2451 Volen-

335 2504 354 2528 ο
389 2484 539 2538 tium
572 2483 752 2546 enim,
784 2499 900 2537 non
931 2486 1286 2549 coactorum,
1321 2481 1554 2552 pietatis
1587 2487 2019 2538 sacramentum
2051 2489 2159 2540 est.

455 2572 516 2640 ζ’.
551 2569 716 2631 Οὗτος
748 2570 775 2624 ὁ
808 2575 934 2645 παρ’
963 2568 1097 2641 ἐμοῦ
1133 2567 1298 2643 λόγος
1332 2569 1482 2642 ὑμῖν,
1515 2570 1559 2623 ὦ
1591 2567 1798 2644 ἄνδρες,
1845 2568 2036 2633 ἁπλῶς

377 2681 436 2715 τε
468 2663 577 2733 (79)
609 2659 698 2714 καὶ
755 2657 888 2731 μετᾶ
935 2658 1111 2727 πάσης
1163 2655 1369 2719 εὐνοίας
1421 2657 1730 2730 εἰρημένος,
1779 2659 1867 2713 καὶ
1909 2663 2036 2714 τοῦ-

379 2771 441 2804 το
471 2750 532 2803 τὸ
561 2756 663 2818 τῆς
698 2748 835 2820 ἐμῆς
874 2745 1111 2808 διανοίας
1166 2749 1486 2823 μυστήριον.
1531 2749 1715 2821 Νικώῃ
1747 2745 1803 2802 δὲ
1834 2746 1864 2802 ὅ
1890 2770 1941 2803 τι
1976 2749 2033 2802 ἃν

380 2839 470 2892 καὶ
505 2838 630 2909 ὑμῖν
686 2836 774 2891 καὶ
819 2838 953 2908 ἡμῖν
1007 2834 1186 2908 μέλλῃ
1234 2836 1517 2906 συνοίσειν,
1571 2841 1668 2890 τοῦ
1722 2836 2037 2908 Πνεύματος

385 2926 618 3000 ἄγοντος
662 2925 731 2980 τὰ
778 2925 1018 2999 ἡμέτερα
1071 2921 1256 2996 (πάλιν
1310 2924 1414 2998 γὰρ
1461 2925 1536 2985 εἰς
1583 2923 1774 2979 ταυτὸν
1806 2927 1833 2979 ὁ
1868 2924 2034 3001 λόγος

391 3013 678 3088 ἀνέρχεται
711 3015 870 3086 [80]),
903 3015 948 3084 ᾧ
1001 3010 1310 3086 δεδώκαμεν
1357 3015 1506 3085 ἡμᾶς
1557 3013 1772 3085 αὐτοὺς,
1804 3016 1893 3068 καὶ
1939 3017 2038 3084 τήν

390 3104 702 3178 χρισθεῖσαν
732 3100 974 3179 κεφαλὴν
1005 3106 1083 3173 τῷ
1113 3099 1283 3175 ἐλαίῳ
1329 3105 1427 3171 τῆς
1474 3101 1808 3165 τελειώσεως
1849 3103 1898 3158 ἐν
1933 3111 2036 3158 Πα-

385 3191 474 3266 τρὶ
523 3189 940 3266 παντοκράτορι,
991 3191 1079 3244 καὶ
1125 3196 1203 3262 τῷ
1251 3196 1535 3265 μονογενεῖ
1585 3191 1765 3266 Λόγῳ,
1817 3193 1905 3247 καὶ
1956 3199 2036 3266 τῷ

386 3279 526 3355 ἁγίῳ
553 3279 824 3353 Πνεύματι
875 3279 963 3333 καὶ
995 3284 1129 3352 Θεῷ.
1164 3276 1343 3355 Μέχρι
1393 3284 1494 3355 γὰρ
1541 3280 1686 3341 τίνος
1727 3285 1805 3352 τῷ
1857 3279 2033 3355 μοδίῳ

379 3370 471 3424 τὸν
506 3367 710 3444 λύχνον
751 3367 1195 3444 περικαλύψομεν
1227 3372 1358 3441 (84),
1391 3369 1481 3423 καὶ
1531 3371 1867 3445 φθονήσομεν
1917 3377 2032 3434 τοῖς

382 3457 577 3520 ἄλλοις
606 3465 708 3527 τῆς
746 3457 959 3520 τελείας
1003 3458 1303 3530 θειότητος,
1351 3455 1470 3513 δέον
1519 3458 1603 3513 ἐπὶ
1651 3460 1750 3527 τήν
1803 3458 2028 3535 λυχνίαν

375 3544 485 3617 ἤδη
520 3548 726 3602 τιθέναι
773 3547 863 3602 καὶ
910 3546 1146 3620 λάμπειν
1197 3549 1392 3610 πάσαις
1446 3547 1790 3613 Ἐκκλησίαις
1839 3570 1897 3603 τε
1941 3550 2028 3604 καὶ

377 3640 606 3713 ψυχαῖς,
638 3636 725 3692 καὶ
756 3637 912 3692 παντὶ
942 3642 1022 3709 τῷ
1068 3639 1166 3706 τῆς
1222 3638 1550 3710 οἰκουμένης
1584 3640 1694 3711 (82)
1726 3638 2031 3713 πληρώμα-

375 3748 448 3798 τι,
511 3727 706 3799 μηκέτι
759 3725 1146 3799 εἰκαζόμενον,
1203 3723 1344 3798 μηδὲ
1388 3728 1458 3796 τῇ
1511 3723 1720 3797 διανοίᾳ
1774 3748 2028 3803 σκιαγρα-

377 3814 669 3893 φούμενον,
724 3812 872 3868 ἀλλά
918 3815 1008 3868 καὶ
1051 3819 1296 3890 φανερῶς
1345 3813 1745 3886 ἐκλαλούμενον
1787 3835 1800 3882 ;
1852 3820 2026 3890 ’Ήπερ

377 3902 444 3973 δὴ
493 3901 801 3971 τελεωτάτη
850 3908 949 3970 τῆς
1001 3901 1285 3975 θεολογίας
1338 3900 1608 3971 ἀπόδειξις
1657 3909 1773 3964 τοῖς
1825 3904 2026 3973 ταύτης

377 3993 705 4066 ἠξιωμένοις
751 3993 848 4058 τῆς
895 3989 1122 4064 χάριτος
1171 3989 1220 4043 ἐν
1269 3989 1414 4061 αὐτῷ
1463 3995 1675 4063 Χριστῷ
1724 3997 1898 4060 Ἰησοῦ
1945 3997 2024 4063 τῷ

378 4082 562 4157 Κυρίῳ
593 4083 778 4152 ἡμῶν,
810 4079 856 4150 ᾦ
886 4081 920 4149 ἠ
953 4076 1100 4150 δόξα,
1129 4079 1292 4150 τιμὴ,
1313 4076 1508 4152 κράτος
1541 4078 1616 4140 εἷς
1646 4079 1773 4141 τοὺς
1806 4080 2020 4142 αἰῶνας.

376 4174 575 4246 Ἀμήν.

444 4372 553 4444 (7Q)
597 4365 943 4444 Ἀσφάλειανς
1005 4368 1144 4439 Reg.
1206 4385 1260 4423 a.
1295 4371 1414 4423 tres
1471 4367 1632 4424 Colb.
1679 4372 1737 4424 et
1767 4369 1937 4426 Coisl.
1967 4375 2019 4440 1,

374 4439 655 4509 ἀσφάλεια,
692 4439 720 4490 (ἑ
753 4440 1058 4494 securitas.
1095 4461 1121 4489 »

464 4515 556 4586 71)
586 4511 862 4586 Ὑψιπέτῃ.
900 4512 1038 4582 Reg.
1069 4515 1194 4586 get
1223 4510 1318 4566 ΟΡ.
1350 4511 1404 4576 2,
1439 4509 1703 4586 ὑψιπετεῖ.

445 4581 556 4656 (72)
589 4581 702 4639 Οὖκ
732 4581 764 4636 ἅ
820 4581 1030 4650 ἠστος.
1067 4582 1296 4648 Billius,
1329 4598 1444 4636 non
1475 4581 1905 4637 incommodus.
1939 4607 1960 4633 ι

445 4657 557 4710 {73)
577 4652 746 4710 Οὔπω
880 4659 992 4710 etc.
1015 4675 1042 4705 ‹‹
1073 4654 1199 4708 Non
1230 4659 1424 4708 tamen
1455 4653 1882 4709 couducibilius
1907 4671 1960 4709 es

442 4652 557 4728 (73)
577 4652 746 4711 Οὔπω

375 4725 707 4785 volentibus
738 4742 1006 4798 praeesse,
1039 4741 1146 4798 nec
1175 4725 1439 4798 tutius._p

439 4801 552 4870 (74)
580 4801 687 4871 Τοῦ
711 4870 715 4871 ί
738 4794 1020 4871 ἦμετὲρου
1051 4794 1246 4868 νόμου.
1306 4795 1534 4864 Billius,
1588 4819 1615 4846 «
1646 4796 1940 4851 neminem
1971 4796 2024 4849 vi

387 4871 523 4925 duci
551 4870 676 4925 vult
704 4870 799 4926 lex'
826 4872 1045 4935 nostra,
1079 4871 1389 4938 coacteque
1437 4884 1503 4922 ac
1537 4885 1649 4923 non
1682 4873 1888 4938 sponte
1918 4883 2024 4939 gu-

374 4939 627 4996 bernari.
661 4965 690 4992 »
721 4941 944 4997 Alludit
985 4940 1299 5011 Gregorius
1329 4941 1401 4995 ad
1433 4939 1552 4994 haec
1602 4940 1775 4994 verba
1811 4942 1826 4993 l
1863 4940 2012 4994 Petr.

376 5028 430 5084 ν,
453 5015 510 5083 2,
545 5012 822 5080 «Pascite,
857 5012 953 5084 qui
986 5011 1044 5065 in
1082 5012 1248 5084 vobis
1278 5015 1388 5077 est,
1421 5027 1655 5082 gregem
1691 5011 1808 5080 Dei,
1835 5012 2017 5082 provi-

376 5083 582 5137 dentes
611 5099 725 5137 non
757 5083 971 5149 coaete,
1005 5083 1102 5136 sed
1129 5088 1468 5153 spontanee.
1506 5105 1533 5132 ››

444 5154 558 5224 (75)
587 5155 755 5225 Τοῦτο
793 5154 883 5223 μὶν
918 5153 1043 5225 γάρ,
1074 5159 1184 5209 etc.
1219 5154 1438 5222 Billius,
1475 5177 1501 5202 «
1528 5154 1636 5207 hoc
1665 5153 1820 5209 enim
1848 5153 2017 5225 modo

374 5242 446 5281 ne
476 5225 590 5280 alia
649 5224 884 5296 quidem
934 5224 1187 5294 imperia
1227 5225 1510 5280 contineri
1568 5242 1632 5280 ac
1691 5224 2018 5280 conservari

375 5302 652 5378 possunt,
668 5295 830 5378 quod
855 5295 937 5350 ita
967 5299 1176 5378 natura
1206 5302 1605 5378 comparatum
1631 5297 1728 5378 sit,
1758 5300 1822 5350 ut
1848 5297 2016 5378 quid-

376 5367 519 5441 quid
549 5370 604 5424 vi
639 5373 889 5436 tenetur,
923 5372 1156 5438 arrepta
1194 5367 1495 5424 occasione
1544 5369 1741 5423 statim
1776 5385 1836 5422 se
1860 5367 1916 5421 in
1950 5367 2017 5420 li—

375 5444 658 5497 bertatem
691 5445 935 5497 asserat.
972 5460 1000 5487 »

447 5514 559 5584 (76)
593 5509 757 5569 ΙΙοτέ.
788 5513 880 5569 Sic
910 5509 1089 5584 Coisl.
1117 5511 1167 5584 l_.
1203 5514 1374 5584 Deest
1397 5511 1456 5584 in
1489 5511 1683 5584 editis.

453 5580 560 5649 (77)
591 5584 691 5638 Καὶ
725 5584 960 5638 πάντων.
992 5582 1170 5638 Coisl.
1204 5583 1257 5649 4,
1288 5580 1317 5634 ὅ
1343 5581 1431 5634 καὶ
1463 5581 1700 5636 πάντων.

453 5653 564 5723 (78)
597 5649 897 5716 causam.
930 5658 1108 5724 Regg.
1142 5671 1197 5717 a,
1231 5654 1332 5721 hu,
1367 5658 1618 5723 quatuor
1662 5652 1818 5708 Colb.
1852 5651 2020 5708 Coisl.

385 5725 412 5781 1
443 5728 502 5782 et
521 5725 578 5796 2,
610 5725 706 5782 Or.
736 5729 788 5793 1,
819 5724 1118 5798 σωτηρίας,
1154 5746 1184 5775 ‹‹
1211 5724 1421 5782 salutis
1451 5725 1816 5794 mysterium.
1855 5745 1882 5773 »

844 4601 1030 4650 ηστος.
1067 4601 1296 4648 minus,
1329 4601 1444 4636 non
1475 4601 1905 4637 incommouus.
1939 4607 1960 4633 ι
2127 4601 2213 4634 και
2247 4601 2280 4654 φ

842 4697 853 4720 ,
880 4659 992 4710 etc.
1015 4675 1042 4705 ‹‹
1073 4654 1199 4755 Non
1230 4659 1424 4755 t‘amen
1455 4653 1882 4709 conducibilius
1907 4657 2014 4723 est,
2050 4690 2096 4755 D
2201 4654 2280 4725 (82

2217 2573 2308 2628 Vl.
2349 2575 2472 2628 Haac
2529 2574 2729 2641 habui,
2763 2573 2871 2627 viri
2930 2573 3298 2640 Nazianzeni,
3353 2589 3480 2644 quae
3538 2572 3794 2644 simplici

2147 2663 2344 2718 animo
2378 2663 2907 2733 benevolentiaeque
2938 2661 3108 2733 pleno
3139 2662 3211 2716 ad
3244 2677 3347 2717 vos
3379 2661 3630 2717 dicerem
3659 2681 3672 2729 ;
3707 2667 3794 2718 at-

2148 2769 2259 2824 que
2290 2752 2400 2807 hoc
2429 2757 2514 2807 est.
2547 2751 2726 2806 animi
2757 2751 2869 2806 mei
2900 2767 3201 2806 arcanum.
3231 2750 3443 2805 Vincat
3472 2755 3667 2806 autem
3699 2770 3796 2806 ve-

2147 2840 2270 2907 lim,
2306 2841 2459 2912 quod
2495 2841 2656 2896 vobis
2689 2840 2955 2910 mihique
3004 2840 3378 2911 profuturum
3426 2844 3535 2909 est,
3569 2840 3793 2912 Spiritu

2148 2929 2429 2984 nimirum
2455 2946 2545 2984 res
2568 2934 2800 2984 nostras
2825 2929 3160 2983 moderante
3182 2928 3341 2999 (nam
3364 2928 3569 2982 eodem
3587 2945 3795 2984 rursus

2147 3019 2661 3089 ascenditoratio),
2714 3018 2806 3074 cui
2856 3034 2963 3072 nos
3013 3017 3172 3088 ipsos
3205 3017 3357 3072 dono
3412 3016 3704 3086 dedimus,
3739 3021 3797 3072 et

2147 3112 2321 3178 caput
2350 3123 2525 3162 sacrae
2585 3107 2933 3161 initiationis
2990 3105 3115 3161 oleo
3156 3106 3480 3176 perfusum,
3509 3104 3568 3159 in
3627 3106 3794 3161 Patre

2147 3196 2566 3266 omnipotente,
2600 3201 2657 3250 et
2687 3195 2828 3250 Filio
2877 3194 3199 3266 unigenito,
3232 3198 3291 3250 et
3335 3193 3555 3265 Spiritu
3587 3200 3792 3250 sancto

2147 3302 2213 3339 ac
2244 3285 2379 3339 Deo.
2415 3286 2729 3356 Quousque
2757 3285 2914 3340 enim
2948 3283 3246 3338 lucernam
3294 3283 3486 3339 modio
3519 3288 3791 3354 contege-

2144 3390 2371 3439 mus,ac
2403 3373 2637 3445 plenam
2662 3374 3041 3444 numerisque
3070 3371 3402 3428 absolutam
3423 3371 3787 3428 divinitatem

2142 3463 2273 3517 aliis
2301 3463 2992 3534 invidebimus,cumjam
3018 3478 3198 3533 supra
3227 3460 3643 3516 candelabrum
3667 3460 3789 3516 col-

2140 3552 2387 3608 locanda
2417 3553 2514 3617 sit,
2553 3556 2614 3606 ut
2662 3552 2888 3607 cunctis
2916 3551 3012 3606 ille
3063 3549 3335 3606 Ecclesiis
3367 3554 3424 3604 et
3451 3549 3687 3617 animis,
3721 3567 3788 3605 ac

2139 3642 2390 3711 denique
2413 3642 2682 3695 universo
2705 3640 2827 3694 orbi
2854 3639 3189 3706 luceat,non
3214 3639 3335 3708 jam
3364 3637 3619 3711 imagine
3641 3654 3785 3709 qua-

2139 3732 2273 3785 dam
2310 3734 2564 3796 notatus,
2592 3746 2657 3783 ac
2689 3728 3039 3800 cogitatione
3072 3726 3585 3793 adumbratus,sed
3611 3725 3786 3798 plane

2140 3823 2450 3890 aperteque
2483 3817 2873 3889 praedicatus?
2923 3817 3084 3880 Quod
3141 3815 3375 3886 quidem
3427 3815 3782 3886 perfectissi-

2138 3923 2300 3960 mum
2333 3905 2634 3977 theologia":
2669 3910 3078 3975 argumentum
3104 3908 3214 3968 est,
3242 3903 3397 3973 apud
3420 3918 3519 3957 eos
3551 3903 3782 3974 utique,

2135 3995 2233 4064 qui
2262 3994 2412 4049 hanc
2444 3993 2694 4063 gratiam
2728 3991 3024 4046 consecuti
3053 3995 3194 4046 sunt
3223 3990 3281 4044 in
3311 3991 3514 4045 eodem
3549 3990 3782 4047 Christo

2131 4083 2270 4137 Jesu
2299 4081 2546 4136 Domino
2578 4079 2898 4149 nostro,cui
2923 4078 3129 4151 gloria,
3161 4079 3351 4135 honor
3378 4082 3435 4134 et
3465 4079 3779 4152 imperium

2132 4170 2190 4224 in
2220 4169 2432 4225 saecula
2463 4168 2833 4224 saeculorum.
2867 4173 3075 4223 Amen.

2201 4366 2312 4436 (79)
2345 4360 2586 4424 Ἀπλῶς.
2618 4363 2790 4419 Coisl.
2824 4365 2873 4436 1,
2907 4360 3139 4436 ἁπλοῦς.

2201 4433 2310 4505 (80)
2345 4436 2679 4510 ’Δνέρχεται.
2714 4435 2887 4491 Coisl.
2923 4433 3380 4510 1,_t1tavspxswt.

2201 4503 2311 4580 (81)
2345 4503 2818 4581 Ιιερίκᾶλύψομεν,
2851 4503 2968 4562 etc.
2992 4508 3129 4579 Reg.
3164 4503 3283 4576 bii],
3315 4503 3772 4580 περικαλύψωμεν

2201 4580 2213 4632 ὶ
2247 4580 2630 4632 φθονήσωμεν.

2321 4598 2630 4633 ονησωμεν.

2201 4613 2832 4725 (8ἒῖἶὲἔυόίῖόυμένης.
2887 4649 3059 4725 Coisl.
3114 4651 3146 4725 ξ
3207 4646 3773 4725 αᾶάἰὶηἚκκλησίας,

2142 4747 2161 4774 ι
2201 4720 2468 4778 universo
2502 4721 2764 4777 Ecclesiae
2797 4721 2990 4774 cmtui.
3026 4741 3052 4768 »
3104 4721 3238 4784 Qum
3287 4720 3519 4791 quidem
3550 4720 3772 4775 theolo-

2135 4795 2262 4867 gizn,
2292 4795 2524 4849 deitatis
2557 4793 2836 4867 nimirum
2869 4791 3140 4867 doctrinae
3171 4809 3236 4867 ac
3267 4791 3770 4867 trinitatis,_a_bso-

2137 4860 2435 4947 l'utissirna
2466 4865 2746 4947 professio
2795 4869 2902 4918 est.
2939 4865 3106 4947 Apud
3157 4865 3406 4947 Graecos,
3432 4867 3557 4947 psic:
3585 4860 3770 4947 λόγια,

2128 4962 2154 4989 ‹‹
2181 4956 2346 4993 sacra
2370 4933 2688 5009 Scriptura,
2722 4957 2750 4985 ››
2802 4933 3180 5009 nuncupatur
3229 4957 3259 4984 «
3293 4933 3618 5009 theologia;
3657 4933 3772 5009 {ret

2129 5035 2156 5061 ‹‹
2189 5009 2439 5079 theologi
2471 5005 2820 5070 n'dicuntur,
2855 5007 2954 5078 qui
2988 5005 3122 5062 huic
3154 5005 3512 5079 incumbunt
3546 5005 3768 5079 studio,

2129 5098 2336 5152 nempe
2367 5076 2464 5150 qui
2517 5080 2605 5133 vel
2638 5079 2851 5147 scripto
2875 5076 2890 5078 ’
2911 5079 2992 5131 vel
3054 5093 3322 5152 sermone
3383 5101 3410 5127 ‹‹
3444 5076 3770 5152 divinitatis

2128 5149 2452 5208 doctrinam
2486 5175 2511 5199 »
2544 5154 2994 5222 prosequuntur.
3051 5150 3196 5204 Hinc
3242 5149 3576 5222 Gregorius,
3609 5149 3770 5204 solus

2128 5243 2195 5279 ex
2247 5220 2608 5291 Patribus,’«
2645 5222 2972 5293 Theologus
3002 5241 3028 5273 υ
3083 5220 3586 5293 estrappellatus,‘
3611 5222 3766 5293 quod

2133 5295 2330 5350 nullus
2363 5297 2510 5350 hanc
2544 5294 2846 5349 materiam
2873 5290 3206 5348 'sublimiori
3253 5290 3317 5346 et
3341 5290 3591 5364 graviori
3622 5292 3768 5364 style

2134 5367 2519 5438 pertractarit.
2581 5365 2986 5438 ltaquegquiiu
3028 5367 3099 5419 de
3146 5364 3358 5438 Christi
3410 5363 3709 5438 divinitate
3729 5385 3768 5438 _»

2133 5433 2462 5493 sermonem
2487 5433 2763 5502 instituit,
2795 5433 2846 5491 is
2875 5459 2902 5486 ι(
2925 5437 2984 5490 in
3017 5435 3308 5506 theologia
3335 5435 3600 5491 versari»
3631 5433 3772 5489 dici-

2131 5516 2247 5565 tur.
2281 5510 2340 5564 Si.
2371 5515 2563 5565 autem
2597 5532 2621 5558 ‹‹
2659 5510 2728 5563 de
2759 5507 2971 5564 Christi
3012 5509 3377 5562 humanitate
3408 5511 3466 5562 et
3513 5507 3778 5561 incarna-

2132 5582 2291 5636 tione
2325 5605 2351 5631 ››
2383 5597 2573 5636 sermo
2624 5581 2742 5648 fiat,
2790 5602 2816 5629 «
2847 5580 3168 5650 meonomia
3192 5601 3226 5650 _»
3279 5580 3628 5650 appellatur.
3660 5577 3772 5650 Τὴν

2135 5651 2536 5726 ἐνανθρώπησιν
2564 5655 2673 5726 τοῦ.
2717 5645 2849 5704 Θεοῦ
2883 5645 3062 5726 Λόγου
3120 5645 3395 5726 καλοῦμεν
3441 5647 3776 5726 οἰκονομίαν,

2136 5749 2163 5776 ‹‹
2177 5721 2638 5781 Incarnationem
2658 5723 2754 5779 Dei
2769 5721 3150 5780 oeconomiam
3161 5721 3334 5779 Verbi
3353 5721 3740 5797 appellamus.
3753 5744 3779 5771 ››
