4146 6290
379 375 500 436 853

988 372 1285 436 ORATIO
1327 373 1487 436 XlII.
1523 407 1599 419 —
1627 376 1704 436 IN
1750 374 2404 436 CONSECRATIONE
2449 375 2762 438 EULALlI
2808 375 3188 472 EPISCOPI.

3674 375 3798 437 854

379 505 620 583 ἆρδείαν,
652 508 740 558 καί
769 504 836 559 τὰ
865 502 961 560 δύο
1010 504 1181 560 λεπτᾶ
1225 513 1323 576 τῆς
1371 510 1573 583 χήρας,
1604 507 1692 562 καὶ
1724 512 1820 561 τοῦ
1853 506 2026 562 τελώ-

2158 513 2202 564 at
2233 510 2346 564 duo
2379 509 2564 564 viduae
2598 511 2824 567 minuta
2843 513 2884 582 ⁸,
2909 516 2966 567 et
3010 510 3313 566 Publicani
3355 512 3733 582 dejectionem
3756 514 3798 584 ⁸,

378 617 474 650 νου
505 596 604 663 τήν
644 593 990 667 ταπείνωσιν,
1033 594 1121 649 καὶ
1162 600 1257 650 τοῦ
1301 600 1555 665 Μανασσῆ
1599 599 1698 665 τὴν
1750 596 2031 672 ἐξαγόρευ-

380 705 498 740 σιν.
560 683 785 754 Δέξασθε
841 683 1008 760 λόγον
1069 685 1372 739 νεόκτιστον
1430 687 1542 758 (88)
1600 685 1686 740 ἐπὶ
1743 685 2032 756 νεοκτίστῳ

374 771 594 846 ποιμένι
641 775 775 846 (89)·
829 769 1046 842 δέξασθε
1081 775 1266 850 φωνὴν
1306 773 1724 850 εὐχαριστήριον
1777 774 1863 828 ἐπὶ
1915 780 2032 836 τοῖς

380 861 686 938 ὁρωμένοις
719 861 976 935 θαύμασι.
1011 863 1210 936 Μικροὶ
1264 865 1356 935 μὲν
1400 865 1564 936 ἡμεῖς
1612 863 1701 918 καὶ
1748 863 2030 939 ἐλάχιστοι

380 951 432 1006 ἰν
466 952 608 1012 υἱοῖς
641 949 882 1024 Ἰσραήλ·
927 949 1266 1025 εὐχαριστεῖν
1315 947 1371 1005 δὲ
1419 949 1699 1014 πλουσίως
1744 951 1896 1007 οὐδὲν
1928 974 2032 1007 κω-

379 1039 499 1096 λύει
527 1042 642 1112 (90)
673 1038 762 1094 καὶ
792 1038 919 1100 τοὺς
976 1039 1226 1114 μικρούς.
1278 1041 1383 1109 Τὴν
1425 1041 1516 1113 μὲν
1569 1039 1658 1096 οὖν
1700 1040 2028 1116 τελεωτέραν

375 1127 647 1207 εὐφημίαν
679 1125 1026 1183 ἀποδώσουσι
1075 1133 1152 1200 τῷ
1183 1133 1295 1201 Θεῷ
1343 1131 1558 1191 πάντως
1590 1131 1640 1184 οἱ
1685 1130 2027 1205 τελεώτεροι·

375 1219 541 1290 ἡμεῖς
604 1214 660 1271 δὲ
717 1217 817 1285 τὴν
877 1207 1012 1270 κατὰ
1073 1214 1300 1289 δύναμιν
1360 1217 1662 1291 εἷσοίσομεν
1741 1221 1978 1294 σήμερον
2017 1264 2028 1276 .

371 1309 666 1382 Τοιγαροῦν
728 1303 887 1375 ᾅσατε
943 1305 1023 1378 τῷ
1073 1306 1261 1381 Κυρίῳ
1321 1308 1465 1380 ᾇσμα
1521 1307 1724 1362 καινόν’
1777 1307 1857 1362 ὅτι
1904 1311 2028 1362 θαυο

377 1396 560 1470 μαστὰ
609 1394 882 1463 ἐποίησεν.
935 1395 1406 1468 Ἐκυμαινόμεθα,
1459 1394 1896 1470 ἐπολεμούμεθα,
1950 1395 2029 1466 ἐξ·

507 1483 520 1501 Ι
763 1484 776 1502 \
859 1483 875 1502 ἱ
951 1480 1012 1504 )f‘
1207 1487 1235 1497 ς·
1332 1489 1359 1499 ιο
1439 1483 1462 1502 ἢ
1554 1489 1582 1499 ~
1713 1485 1727 1502 \
1798 1485 1812 1503 ἱ
1858 1482 1884 1506 )I

380 1487 686 1557 ωθουμεθα·
719 1503 785 1538 τα
820 1503 913 1556 μεν
942 1494 1051 1553 ηοη
1086 1505 1262 1560 παρην
1293 1506 1400 1539 των
1435 1499 1646 1556 οεινων,
1671 1507 1736 1539 τα
1767 1484 1822 1539 δε
1849 1493 2027 1556 ημελ-

379 1573 492 1628 λεν.
538 1570 712 1627 Ἀλλὰ
746 1571 828 1633 τίς
877 1569 1061 1638 ἔστησε
1103 1574 1200 1641 τὴν
1251 1571 1536 1649 καταιγίδα
1576 1573 1649 1634 εἷς
1700 1571 1862 1646 αὔραν
1897 1592 1910 1640 ;
1943 1572 2029 1635 Τίς

378 1661 685 1737 συνέτριψεν
731 1659 943 1730 ὅπλον,
993 1660 1082 1715 καὶ
1139 1661 1432 1740 ῥομφαίαν,
1478 1661 1566 1716 καὶ
1618 1661 1862 1735 πόλεμον
1899 1662 2029 1730 ;Τίς

374 1772 501 1812 τους
548 1749 880 1822 ἐξωσμένους
928 1752 1042 1824 (91)
1089 1751 1178 1805 καὶ
1227 1750 1666 1827 ἀπερῥιμμένους
1717 1755 1862 1824 ἡμᾶς
1918 1754 2031 1825 (92)

381 1837 676 1910 εἰσεδέξατο
721 1856 735 1907 ;
787 1839 931 1915 Οὐχὶ
981 1839 1043 1892 σὺ
1091 1840 1118 1894 ὁ
1176 1841 1325 1912 Θεὸς,
1386 1841 1413 1895 ὁ
1471 1840 1761 1916 ἐνεργήσας
1812 1845 2024 1909 ταῦτα;

381 1927 579 2004 Κύριος
632 1928 888 2003 κραταιὸς
947 1927 1038 1982 καὶ
1096 1925 1353 1999 δυνατὸς,
1414 1928 1609 2005 Κύριος
1690 1927 1910 1992 δυνατὸς
1975 1929 2025 1984 ἐν

381 2017 635 2091 πολέμῳ.

454 2108 526 2162 Β’.
560 2106 728 2167 Οὗτος
758 2103 914 2178 ἔτεμε
944 2104 1234 2161 θάλασσαν·
1289 2107 1448 2168 οὗτος
1498 2105 1711 2180 ἔτρεψεν
1753 2107 1804 2161 ἐν
1837 2107 2030 2181 ἐρήμῳ

386 2195 517 2251 λαὸν
568 2193 815 2274 φυγάδα,
871 2195 1013 2264 ξένον
1066 2195 1214 2249 ὑετὸν
1267 2195 1669 2271 χαρισάμενος·
1729 2197 1887 2259 οὗτος
1935 2218 2028 2252 πε-

382 2304 510 2360 τραν
564 2284 829 2358 ἰπήγασεν
859 2303 870 2315 ·
921 2283 1076 2346 οὗτος
1127 2283 1542 2356 κατεπολέμησε
1597 2287 1685 2340 τὸν
1738 2285 2029 2358 ’Δμαληκ⁹

382 2377 584 2450 χειρῶν
617 2373 915 2449 ἀπορῥήτῳ
945 2375 1059 2446 (93)
1108 2373 1196 2428 καὶ
1255 2379 1499 2446 μυστικῷ
1549 2377 1815 2450 σχήματι.
1862 2380 2030 2429 Τοῦτο

381 2465 486 2538 γὰρ
520 2461 744 2537 ἴσχυσαν
780 2461 967 2538 ἱερέως
1018 2468 1203 2538 χεῖρες
1256 2463 1342 2516 ἐπὶ
1389 2468 1485 2518 τοῦ
1517 2460 1675 2539 ὅρους
1725 2464 2030 2540 αἰρόμεναι,

380 2553 471 2606 καὶ
529 2552 603 2613 εἷς
651 2551 821 2625 εὐχὴν
877 2551 1228 2624 τυπούμεναι,
1290 2552 1320 2605 ὃ
1375 2549 1583 2606 πολλαὶ
1634 2551 1888 2628 μυριάδες
1937 2553 2036 2607 οὐκ

382 2639 632 2716 ἴσχυσαν.
665 2640 833 2702 Οὗτος
882 2638 1043 2715 τείχη
1087 2639 1386 2695 κατέσεισεν
1435 2642 1669 2716 ἀμάχως
1711 2642 1799 2696 καὶ
1833 2640 2034 2696 ἀπολέ-

385 2749 522 2802 μως’
574 2728 686 2802 καὶ,
725 2727 815 2782 ’ίνα
860 2729 926 2783 τὰ
971 2728 1255 2784 τελευταῖα
1304 2727 1475 2805 λέγω,
1534 2731 1690 2792 οὗτος
1738 2733 2035 2805 κατήνεγκε

378 2819 468 2873 τὸν
507 2816 704 2881 Γολιὰθ
736 2820 848 2892 (94)
892 2817 1028 2872 κατὰ
1075 2822 1172 2872 τοῦ
1225 2818 1462 2893 μεγάλου
1513 2813 1678 2872 Δαϐὶδ
1727 2817 2038 2892 τολμήσαν-

380 2929 468 2980 τα,
513 2909 602 2962 τὸν
655 2907 985 2983 ἐπηρμένον,
1032 2905 1120 2961 καὶ
1171 2905 1428 2979 ἀλαζόνα,
1473 2907 1564 2962 καὶ
1613 2903 1879 2982 ἀπόγονον
1925 2913 2032 2962 τῶν

384 2995 671 3071 γιγάντων.
707 2997 804 3049 Διὰ
847 2999 1014 3050 ταῦτα
1058 2993 1148 3050 οὖν
1204 2998 1315 3069 (95)
1365 2993 1712 3070 ὁμοθυμαδὸν
1765 2995 2032 3072 λέγωμεν

389 3082 710 3157 Εὐλογητὸς
769 3082 988 3159 Κύριος,
1049 3084 1106 3146 ’ὀς
1167 3083 1264 3138 οὐκ
1324 3082 1520 3139 ἔδωκεν
1576 3087 1724 3158 ἡμᾶς
1783 3085 1857 3147 εἷς
1916 3087 1980 3156 θή
2017 3119 2038 3126 -

391 3194 488 3244 ραν
546 3178 662 3234 τοῖς
726 3169 940 3226 ὀδοῦσιν
997 3173 1192 3228 αὐτῶν⁹
1263 3173 1391 3244 καὶ,
1451 3173 1756 3250 Χείμαρρον
1819 3172 2038 3244 διῆλθεν

2145 600 2200 651 et
2230 597 2520 652 Manassis
2547 598 2981 654 confessionem
3004 601 3044 652 ⁷.
3073 600 3288 655 Novam
3322 604 3556 670 propter
3585 617 3799 656 novum

2145 690 2436 756 pastorem
2489 687 2810 743 oralionem
2865 688 3130 760 accipite.
3163 687 3397 755 Vocem,
3432 689 3504 744 ob
3553 704 3622 744 ea
3670 705 3798 759 quae

2143 775 2440 830 cernimus
2510 776 2823 847 miracula,
2885 777 3105 847 gratias
3165 780 3468 848 agentem,
3529 777 3798 849 accipite.

2145 863 2306 918 Parvi
2338 865 2574 935 quidem
2632 864 2744 936 ipsi
2807 883 3035 932 sumus,
3066 870 3123 919 et
3153 865 3382 920 minimi
3440 865 3591 922 inter
3649 865 3802 923 ﬁlios

2144 952 2320 1008 Israel
2356 969 2368 1006 :
2404 957 2459 1007 at
2493 953 2638 1008 nihil
2672 955 2959 1025 prohibet,
2991 955 3306 1026 quominus
3357 954 3514 1026 parvi
3566 971 3801 1025 quoque

2143 1041 2364 1096 affatim
2397 1046 2452 1096 et
2477 1042 2707 1112 copiose
2735 1042 2954 1113 gratias
2977 1045 3173 1114 agant.
3195 1043 3312 1098 Deo
3335 1059 3477 1098 sane
3499 1043 3802 1114 perfectio-

2143 1147 2263 1185 rem
2299 1130 2534 1184 laudem
2568 1131 2940 1201 perfectiores
2985 1132 3232 1186 reddent
3263 1149 3276 1187 :
3311 1147 3418 1187 nos
3450 1135 3648 1187 autem
3696 1149 3800 1204 pro

2141 1219 2364 1274 viribus
2397 1220 2545 1273 hanc
2576 1219 2748 1274 hodie
2790 1220 3122 1275 offeramus.
3158 1221 3549 1286 Quamobrem
3583 1231 3804 1277 cantate

2142 1309 2362 1363 Domina
2390 1311 2666 1363 canticum
2694 1325 2914 1376 novum,
2949 1311 3086 1380 quia
3123 1309 3410 1364 mirabilia
3439 1311 3570 1381 fecit
3590 1309 3630 1364 ³.
3659 1310 3802 1365 Flu-

2142 1397 2334 1452 ctibus
2385 1397 2780 1467 jactabamur,
2837 1396 2986 1453 bello
3041 1397 3474 1469 premebamur,
3528 1400 3799 1456 extrude-

2141 1487 2372 1553 bamur,
2407 1485 2773 1542 calamitates
2820 1487 3284 1557 acerbitatesque
3333 1485 3549 1552 multae,
3583 1488 3796 1558 partim

2143 1576 2448 1646 urgebant,
2501 1576 2712 1645 partim
2763 1576 3179 1647 inpendebant.
3211 1575 3428 1630 Verum
3479 1577 3612 1647 quis
3661 1594 3793 1649 pro»

2141 1663 2346 1719 cellam
2377 1663 2437 1718 in
2470 1680 2675 1719 auram
2718 1664 2944 1731 statuit,
2981 1669 3157 1735 atque
3199 1664 3624 1735 compressit“?
3655 1666 3796 1730 Quis

2140 1753 2426 1824 confregit
2470 1757 2728 1819 scutum,
2762 1752 3024 1824 gladium
3057 1757 3116 1808 et
3153 1751 3372 1808 bellum
3400 1754 3486 1808 10?
3516 1754 3657 1818 Quis
3689 1772 3796 1811 nos

2139 1841 2414 1913 expulsos
2445 1847 2619 1912 atque
2653 1844 2942 1914 projectos
2973 1842 3277 1914 suscepit?
3307 1843 3499 1898 Nonne
3530 1853 3608 1912 tu,
3631 1845 3796 1906 Deus,

2139 1935 2235 2002 qui
2265 1932 2379 1987 hac
2409 1933 2643 2003 effecisti
2664 1935 2705 1967 ¹¹
2730 1932 2758 1987 ?
2785 1933 3050 1987 Dominus
3077 1932 3243 2006 [ortis
3273 1941 3328 1987 et
3365 1936 3582 2004 potens,
3612 1933 3795 1988 Domi-

2139 2038 2242 2076 nus
2269 2029 2458 2092 potens
2488 2023 2552 2075 in
2585 2021 2722 2076 bello
2745 2021 2808 2074 ‘9.

2212 2111 2279 2165 II.
2313 2109 2417 2164 Hic
2451 2126 2608 2165 mare
2655 2109 2848 2165 scidit.
2883 2110 2986 2164 Hic
3034 2110 3346 2182 profugum
3396 2109 3680 2182 populum
3729 2111 3788 2166 in

2141 2200 2370 2254 deserto
2399 2198 2564 2267 aluit,
2591 2215 2795 2254 novam
2823 2203 2999 2270 atque
3023 2199 3347 2254 inauditam
3373 2198 3626 2270 pluviam
3651 2201 3793 2255 elar-

2141 2289 2333 2360 gitus;
2366 2287 2478 2353 hic,
2513 2291 2578 2342 ut
2608 2291 2770 2357 petra
2795 2287 2970 2342 fontis
3001 2287 3116 2342 ritu
3147 2287 3475 2356 scaturiret,
3502 2288 3662 2355 fecit;
3699 2288 3794 2343 hic

2142 2393 2246 2449 per
2275 2393 2544 2432 arcanam
2578 2381 2635 2431 et
2667 2376 2973 2448 mysticam
3010 2393 3291 2431 manuum
3326 2377 3574 2448 ﬁguram
3619 2380 3796 2432 Ama-

2142 2465 2444 2520 lecitarum
2491 2465 2689 2536 copias
2742 2464 2911 2536 fregit
2940 2480 3005 2520 ac
3036 2465 3453 2537 proﬂigavit”.
3473 2465 3591 2521 Hoc
3638 2467 3796 2522 enim

2145 2554 2462 2609 sacerdotis
2497 2570 2708 2608 manus
2739 2553 2796 2607 in
2831 2557 3026 2608 monte
3057 2553 3322 2623 sublatae,
3353 2558 3528 2626 atque
3561 2556 3628 2609 ad
3667 2571 3800 2626 pre-

2144 2643 2431 2698 cationem
2465 2642 2822 2714 compositas,
2847 2647 3184 2713 potuerunt,
3209 2644 3360 2714 quod
3395 2643 3584 2698 multa
3615 2643 3802 2697 homi-

2144 2748 2284 2786 num
2319 2730 2501 2786 millia
2531 2731 2808 2802 perﬁcere
2839 2730 3247 2802 nequiverunt.
3274 2731 3378 2787 Hic
3401 2731 3636 2787 urbium
3668 2749 3805 2787 mce-

2146 2819 2243 2875 nia
2275 2819 2430 2875 254
2461 2823 2517 2873 et
2549 2818 2987 2890 propugnacula
3017 2818 3142 2874 sine
3183 2818 3337 2874 bello
3383 2819 3502 2874 ullo
3531 2825 3589 2874 et
3617 2825 3802 2874 certa-

2146 2910 2304 2963 mine
2334 2908 2634 2962 concussit
2672 2924 2735 2962 ac
2775 2907 2987 2977 dejecit
3009 2911 3076 2962 υ.
3101 2909 3191 2974 Et,
3225 2917 3289 2962 ut
3318 2913 3613 2978 postrema
3643 2925 3802 2967 com-

2148 3013 2490 3064 memorem,
2551 2996 2646 3064 hic
2704 2997 3026 3068 superbum
3085 2995 3251 3051 illum
3321 3000 3379 3051 et
3433 3000 3803 3069 arrogantem

2148 3085 2401 3151 Goliath,
2445 3089 2620 3156 atque
2670 3103 2703 3140 a
2750 3085 3090 3157 gigantibus
3139 3085 3476 3155 oriundum,
3527 3086 3806 3142 adversus

2148 3191 2429 3246 magnum
2467 3173 2734 3229 Davidem
2779 3189 3038 3245 pugnam
3087 3172 3234 3228 inire
3284 3189 3520 3241 ausum,
3549 3179 3808 3246 prostra-

391 3264 425 3331 ἡ
475 3262 628 3337 ψυχὴ
680 3263 860 3334 ἡμῶν·
921 3262 994 3324 ὡς
1049 3263 1327 3338 στρουθίον
1389 3261 1619 3339 έρῥύσθη
1674 3263 1733 3316 ἐκ
1786 3270 1886 3332 τῆς
1937 3284 2037 3317 πα-

2158 3265 2232 3319 vit
2251 3264 2312 3316 ’⁸.
2338 3265 2414 3318 Ac
2447 3264 2690 3334 proinde
2712 3279 2916 3319 omnes
2949 3279 3064 3317 uno
3087 3261 3284 3318 animo
3305 3263 3571 3319 dicamus
3596 3281 3609 3319 :
3634 3265 3810 3320 Bene-

387 3348 539 3427 γίδος
590 3355 698 3406 τῶν
753 3351 1115 3426 θηρευόντων’
1170 3349 1316 3406 ἄλλα
1362 3373 1420 3406 τε
1465 3351 1561 3406 ὅσα
1608 3354 1764 3427 ψυχή
1815 3373 2044 3428 περιχα-

391 3441 490 3514 ρὴς
524 3438 612 3494 ἐπὶ
663 3444 798 3495 Θεοῦ
856 3437 1244 3515 μεγαλοδωρεᾷ
1290 3440 1590 3516 φθέγγεται.
1643 3441 1753 3494 Οὐκ
1798 3439 2044 3513 ἤλθομεν

397 3527 766 3602 βάλλειν
801 3530 1099 3604 μάχαιραν,
1165 3527 1290 3584 ἀλλ’
1351 3530 1588 3606 εἰρήνην.
1643 3530 1753 3584 Οὐκ
1799 3528 2045 3603 ἤλθομεν

398 3616 480 3671 ἐπ’
523 3617 714 3690 ἀτιμίᾳ
741 3622 837 3672 τοῦ
873 3616 1113 3694 μεγάλου
1162 3620 1426 3692 ποιμένος
1480 3622 1612 3692 (97),
1644 3624 1738 3674 τοῦ
1778 3626 1880 3688 τῆς
1914 3618 2050 3692 λαμ-

398 3711 536 3780 πρᾶς
586 3708 1060 3780 προκαθεζομένου
1111 3707 1349 3769 πόλεως’
1408 3709 1589 3781 τίμιον
1651 3705 1834 3780 ἴσμεν,
1890 3729 2049 3785 κεφα-

399 3793 501 3863 λὴν
562 3795 941 3869 γινώσκομεν,
1005 3797 1159 3869 ἅγιον
1215 3793 1526 3868 καλοῦμεν,
1586 3797 1674 3850 καὶ
1728 3794 2050 3868 ἀδικούμε-

393 3904 477 3936 νοι
511 3885 654 3954 (98)·
693 3881 855 3954 μόνον
889 3878 1028 3937 ἔστω
1061 3881 1402 3959 φιλότεκνος,
1451 3886 1540 3938 καὶ
1588 3887 1766 3952 πάσης
1797 3889 2048 3960 προνοῶν

395 3968 746 4041 Ἐκκλησίας.
815 3973 1140 4048 ΙῙροσθήκην
1199 3971 1386 4046 ἱερέων
1442 3973 2048 4048 ἐπραγματευσάμεθα,

399 4060 507 4136 οὐχ
542 4059 840 4137 ὑφαίρεσιν
885 4062 1170 4137 αἱρετικῶν
1217 4061 1542 4136 ἀνατροπὴν,
1597 4060 1696 4116 οὐκ
1746 4059 2048 4137 ὀρθοδόξων

402 4147 720 4206 ἐλάττωσιν.

2156 3355 2335 3408 dictus
2369 3353 2630 3406 Dominus
2657 3354 2757 3423 qui
2784 3368 2892 3406 non
2913 3351 3062 3408 dedit
3083 3367 3180 3407 nos
3210 3353 3268 3407 in
3300 3354 3607 3423 captionem
3633 3353 3813 3409 denti-

2158 3443 2253 3497 bus
2273 3457 2463 3497 eorum
2482 3442 2546 3505 ¹⁶,
2569 3446 2644 3508 et,
2667 3443 2979 3496 Torrentem
3001 3443 3359 3513 pertransivit
3378 3443 3568 3496 anima
3588 3450 3770 3497 nostra
3792 3460 3810 3497 :

2158 3536 2315 3604 quasi
2344 3549 2530 3603 passer
2557 3535 2741 3603 erepta
2770 3537 2850 3588 est
2879 3533 2942 3588 de
2973 3534 3164 3603 laqueo
3193 3534 3515 3588 venantium
3549 3534 3591 3568 ¹⁷
3621 3548 3634 3587 :
3668 3530 3813 3586 alia-

2157 3639 2266 3691 que
2298 3621 2515 3691 omnia,
2546 3638 2672 3691 quae
2715 3621 2934 3689 anima,
2966 3622 3038 3677 ob
3088 3621 3185 3676 Dei
3231 3619 3692 3676 muniﬁcentiam
3723 3619 3813 3673 in-

2158 3711 2314 3783 genti
2349 3709 2548 3765 lzstitia
2579 3711 2816 3780 perfusa
2855 3709 3247 3782 proloquitur.
3275 3710 3398 3764 Non
3431 3709 3718 3778 venimus,
3753 3712 3817 3762 ut

2159 3799 2418 3869 gladium
2459 3799 2782 3863 mittamus,
2813 3798 2911 3852 sed
2963 3803 3029 3852 ut
3078 3814 3280 3870 pacem
3303 3798 3364 3851 ¹⁸.
3389 3797 3515 3851 Non
3549 3795 3817 3851 venimus

2158 3887 2215 3940 in
2238 3886 2435 3958 magni
2455 3885 2613 3940 illius
2634 3885 2884 3957 pastoris
2903 3889 3308 3957 contemptum
3327 3890 3384 3939 et
3407 3884 3814 3956 ignominiam,

2160 3975 2260 4047 qui
2305 3973 2624 4046 splendide
2676 3974 2895 4028 civitati
2929 3975 3221 4044 prasidet.
3248 3971 3658 4028 Honorabilem
3706 3973 3817 4028 sci-

2161 4080 2318 4131 mus,
2343 4066 2516 4133 caput
2541 4062 2937 4134 agnoscimus,
2964 4064 3230 4117 sanctum
3255 4077 3556 4126 vocamus,
3583 4063 3821 4117 tametsi

2163 4151 2380 4222 injuria
2409 4151 2622 4206 alfecti.
2656 4152 2933 4216 Tantum,
2971 4149 3373 4222 indulgentem
3406 4153 3462 4204 et
3492 4149 3819 4205 humanum

402 4243 630 4312 patrem
661 4239 801 4296 ﬁliis
834 4257 896 4296 se
926 4241 1200 4312 praebeat,
1232 4241 1454 4312 totique
1483 4240 1755 4297 Ecclesiae
1807 4239 2010 4295 sedulo
2059 4238 2392 4311 prospiciat.
2427 4238 2770 4294 Sacerdotes
2801 4243 2858 4294 et
2889 4237 3168 4310 praesules
3197 4253 3411 4310 augere
3465 4237 3822 4297 studuimus,

404 4345 517 4384 non
550 4329 926 4398 subtrahere;
960 4329 1263 4386 haareticos
1295 4335 1571 4397 evertere,
1603 4348 1719 4385 non
1750 4330 2102 4386 orthodoxos
2128 4328 2498 4383 imminuere.

476 4435 549 4490 I".
580 4433 641 4488 Τί
697 4435 826 4512 φὴς,
878 4435 923 4489 ὧ
970 4439 1070 4489 παῖ
1117 4437 1286 4491 Δαθὰν
1337 4437 1450 4509 (99)
1493 4435 1583 4490 καὶ
1637 4431 1941 4515 Ἀϐειρὼν,
1969 4456 2036 4489 κα

2240 4436 2334 4490 Ill.
2371 4435 2519 4502 Quid
2551 4435 2660 4505 ais,
2686 4433 2790 4489 Fili
2849 4434 3078 4490 Dathan
3111 4439 3168 4489 et
3204 4435 3446 4500 Abiron,
3480 4437 3538 4490 et
3565 4435 3681 4490 dux
3713 4433 3821 4487 mi-

479 4562 500 4594 ⁵
531 4561 668 4616 Luc.
700 4578 818 4627 xxx,
847 4565 901 4617 2.
978 4563 999 4597 ⁶
1029 4566 1168 4618 Luc.
1200 4579 1360 4619 XVIII.
1396 4563 1482 4618 13.
1559 4565 1578 4597 ⁷
1611 4562 1659 4616 ΙΙ
1692 4551 2100 4627 Paral.xxx1u',
2124 4561 2212 4615 33.
2291 4560 2311 4595 ⁸
2344 4559 2488 4616 Psal.
2519 4577 2686 4626 xcvu,
2713 4561 2761 4614 1.
2842 4560 3129 4629 Psal.cv1,
3155 4562 3246 4614 29.
3327 4561 3370 4596 ιο
3401 4558 3553 4615 Psal.
3579 4575 3742 4622 Lxxv,
3769 4559 3821 4612 4.

411 4632 450 4704 ¹ί¹
484 4632 592 4688 Isa.
621 4634 835 4704 κινῇ.
914 4634 960 4669 ¹²
990 4633 1141 4690 Psal.
1175 4651 1335 4704 mu,
1366 4635 1420 4690 8.
1500 4635 1544 4670 1³
1572 4635 1750 4690 Exod.
1785 4651 1899 4702 xw,
1941 4635 2038 4699 21;
2090 4649 2207 4698 xvr,
2242 4633 2336 4700 13;
2388 4649 2524 4700 xvu,
2554 4634 2589 4685 6
2620 4647 2745 4703 sqq.
2826 4633 2871 4666 ί*
2899 4632 3078 4688 Josue
3108 4649 3184 4700 v1,
3221 4632 3306 4687 16.
3386 4631 3430 4667 ³⁸
3459 4631 3480 4686 Ι
3512 4630 3651 4702 Reg.
3683 4646 3820 4696 xvu,

409 4703 497 4758 49.
578 4705 621 4740 ¹⁶
653 4703 804 4760 Psal.
838 4721 1034 4775 cxxm,
1065 4707 1120 4761 6.
1200 4707 1243 4742 1⁷
1277 4705 1421 4762 Ibid-
1454 4707 1510 4777 5,
1539 4707 1594 4761 7.
1675 4707 1717 4742 ¹⁸
1749 4707 1884 4761 Luc.
1913 4722 2015 4768 xu,
2047 4705 2136 4759 51.

407 4847 703 4922 codicibus
735 4848 968 4912 desunt,
1001 4853 1176 4922 atque
1208 4849 1433 4922 respuit
1454 4849 1912 4917 Leuvenklaius;
1947 4847 2059 4922 Bil-

410 4917 749 4994 lius_autem
780 4917 1175 4994 ea_agnoséit,
1205 4926 1262 4977 et
1290 4917 1527 4994 quidem
1570 4921 1798 4990 merito,
1833 4937 1966 4977 cum
1999 4920 2058 4975 in

411 4990 903 5062 plerisquecodd.
927 4990 1223 5062 legantur.

506 5061 596 5128 88)
616 5059 970 5131 Νιόκτιστον.
993 5059 1094 5120 Or.
1131 5067 1182 5131 1,
1215 5063 1526 5119 νεώκιστον.

507 5132 596 5202 89)
630 5130 938 5208 Νεοκτίστῳ
985 5136 1224 5206 ποιμένι.
1270 5159 1296 5186 ‹‹
1351 5137 1589 5208 Propter
1645 5150 1846 5190 recens
1903 5150 2061 5190 crea-

415 5207 543 5258 tum
579 5207 892 5260 pastorem.
920 5225 949 5254 »

487 5270 597 5341 (90)
631 5270 864 5329 Κωλύει.
898 5274 1068 5330 Coisl.
1104 5276 1154 5341 1,
1186 5275 1441 5333 κωλύσει.

484 5345 596 5419 (91)
627 5345 1014 5422 Ἐξωσμένους.
1042 5348 1161 5422 _Sic
1218 5355 1334 5406 tres
1393 5351 1595 5422 Regg.,
1630 5351 1744 5403 duo
1792 5347 1966 5403 Coisl.
2008 5351 2065 5402 et

410 5419 504 5474 Or.
543 5417 590 5474 1.
627 5421 688 5475 In
719 5417 810 5475 ed.
845 5417 1203 5490 ἐζωσμένους.

478 5492 591 5565 (92)
622 5492 815 5565 ᾟμᾶς,
842 5493 944 5565 Δερίο
977 5493 1092 5548 duo
1125 5494 1299 5565 Regg.
1337 5498 1394 5548 et
1423 5492 1839 5565 Comb._Editi,_
1865 5490 2024 5565 ὑμᾷς.

482 5561 999 5676 ξθῇρἌπορρήτῳ.
1069 5561 1277 5622 ΟΟῘΒῘῘ
1314 5567 1363 5632 1,
1430 5561 1754 5637 ἂπορῥήτων
1824 5562 2062 5616 ἐκστάσει

411 5639 520 5700 καί,
555 5639 664 5689 etc.

484 5705 596 5776 (94)
628 5703 844 5764 Γολιάθ.
879 5707 973 5763 Sic
1004 5707 1121 5762 duo
1155 5706 1336 5777 Regg.
1365 5711 1422 5762 et
1451 5706 1544 5761 Or.
1583 5707 1632 5759 ι.
1664 5706 1812 5760 Editi
1845 5702 2064 5760 Γολιάδ.

2241 4847 2348 4918 (95)
2380 4846 2519 4918 0-59.
2542 4846 2892 4902 Addidimus
2922 4846 3188 4918 codicum
3221 4844 3588 4918 auctoritate.

2171 4986 2203 5042 λ
2235 4912 2355 5003 (96)
2387 4915 2636 4974 Βάλλειν.
2691 4919 2834 4974 Tres
2886 4918 3063 4990 Regg.
3111 4917 3204 4972 Or.
3240 4917 3292 4988 1,
3339 4920 3395 4971 et
3440 4913 3695 4971 Combef.
3733 4912 3825 4988 βα-

2211 5008 2306 5042 ειν.

2211 5008 2306 5042 ειν.

2242 5061 2352 5132 (97)
2385 5057 2641 5133 Μεγάλου
2664 5057 2973 5133 ποιμένος.
3021 5059 3302 5114 Putemus
3351 5057 3447 5113 hic
3478 5080 3506 5109 «
3541 5055 3820 5113 Basilium

2172 5131 2507 5212 Magnum}
2539 5131 2856 5212 intelligi.“
2908 5202 2929 5212 _
2995 5204 3004 5212 ,
3063 5199 3100 5212 ,η
3285 5200 3296 5211 .
3467 5199 3520 5212 ..
3738 5199 3748 5210 .

2242 5199 2351 5274 (98)
2386 5199 2783 5275 Ἀδικούμενοῖ.
2821 5202 3014 5275 Refert
3060 5199 3376 5275 Gregorius
3403 5199 3688 5275 «gideose
3722 5199 3824 5275 jn-

2165 5270 2626 5346 juria'aﬁ‘ectum
2662 5296 2688 5324 »
2723 5293 2756 5330 a
2789 5273 3020 5341 Basilio,
3055 5270 3207 5343 quod
3254 5288 3388 5328 eum
3434 5270 3822 5346 Basilius__Sa-

2174 5340 2457 5402 simorum
2490 5347 2827 5419 episcopum
2871 5340 3125 5400 creasset
3157 5361 3170 5399 :
3203 5345 3408 5400 eadem
3452 5345 3512 5398 in
3556 5340 3823 5413 pluribus

2175 5419 2316 5474 locis
2347 5425 2788 5473 commemorat.

2245 5491 2355 5558 (99)
2390 5491 2453 5541 ἰι
2483 5495 2581 5542 παῖ
2630 5490 2818 5555 Δαοάν,
2855 5493 2962 5543 etc.
2998 5490 3180 5558 Quem
3229 5486 3321 5540 hic
3370 5484 3636 5555 designet
3683 5483 3823 5540 Gre-

2174 5557 2422 5645 gorius,“
2438 5563 2802 5645 ambiguum.
2828 5560 3019 5645 ‘Elias.
3038 5557 3397 5645 Anthymum
3438 5572 3578 5645 esse
3625 5560 3822 5645 putat;

2174 5625 2466 5686 immerito
2499 5625 2759 5703 quidem,
2785 5637 2846 5687 ut
2879 5632 2932 5685 in
2966 5631 3143 5692 Mon.,
3172 5625 3227 5703 οξ
3252 5632 3302 5696 2,
3330 5625 3680 5703 declaratur.
3705 5625 3822 5703 Rii-

2177 5705 2311 5775 lius,
2344 5699 2658 5775 quemdam
2689 5705 3028 5777 episcopum
3061 5700 3331 5758 Anthimo
3360 5699 3682 5756 addictum.
3716 5699 3824 5755 No-
