4146 6290
314 382 432 444 855
1562 383 1625 443 S.
1676 382 2048 442 GREGOHII
2093 381 2487 442 THEOLOGI
3611 380 3730 441 856

314 515 504 571 litaris
537 517 871 584 contumax,
898 515 995 585 qui
1043 515 1322 570 adversus
1369 514 1623 586 Moysem
1669 513 1951 585 insurgere

2093 515 2350 588 στρατηγέ
2399 511 2783 588 ἀσωφρὸνιστε,
2836 512 2863 564 ὁ
2913 512 3046 565 κατὰ
3095 512 3366 574 Μωυσέως
3417 511 3730 584 τολμήσας,

315 621 494 659 ausus
527 619 586 658 es
613 605 674 667 ‘9,
700 603 799 674 qui
835 620 1045 658 manus
1092 604 1151 658 in
1203 621 1330 672 nos,
1355 604 1851 674 quemadmodum
1886 602 1946 657 ill

2094 603 2167 655 (αἱ
2217 606 2404 676 χεῖρας
2459 601 2676 677 ἐπαφεὶς
2725 603 2883 673 ἡμῖν,
2936 600 3113 672 ὣσπερ
3164 601 3357 654 ἐκεῖνοι
3405 602 3500 662 τὰς
3551 601 3731 676 γλώσ-

315 692 549 765 linguas
582 692 638 747 in
675 710 954 764 magnum
1000 693 1165 748 illum
1211 693 1309 748 Dei
1345 709 1598 758 servum,
1633 692 1931 747 immisisti

2094 714 2175 754 mc
2208 696 2285 763 τῷ
2323 689 2543 766 μεγάλῳ
2575 693 2644 762 (1)
2679 691 3003 764 Θεράποντι;
3043 689 3155 747 Οὐκ
3205 689 3455 768 ἕφριξας;
3502 690 3610 744 Οὐκ
3652 689 3731 744 ὲν-

315 783 441 838 Non
475 781 871 837 cohorruisti?
894 781 1016 836 Non
1043 783 1260 853 pudore
1285 784 1545 838 suffusus
1572 782 1674 837 es?
1705 782 1826 836 Non
1852 782 1952 836 hac:

2100 781 2351 854 μτραπης;
2401 781 2507 833 Οὐκ
2557 779 2804 855 ἔρρευσάν
2857 801 2940 833 σοι
2989 784 3155 833 ταῦτα
3188 778 3562 852 διανοουμένῳ
3602 781 3737 834 κατὰ

324 871 522 927 anima
553 871 793 942 agitanti
831 888 1034 927 carnes
1065 871 1122 926 in
1155 875 1366 927 terram
1400 870 1665 943 collapsas
1697 875 1877 925 sunt?
1905 873 1961 926 E1

2097 877 2184 944 γῆς
2233 871 2285 923 αἱ
2335 869 2563 945 σάρκες;
2624 868 2754 922 Εἶτα
2815 871 2908 931 τὰς
2958 874 3147 944 χεῖρας
3201 870 3394 930 ταύτας
3445 869 3734 932 ἀνατείνεις

318 967 520 1033 postea
547 980 759 1018 manus
790 962 896 1017 has
929 979 1165 1018 sursum
1191 965 1259 1018 ad
1288 964 1469 1018 Deum
1493 964 1696 1018 tendes
1714 964 1741 1016 ‘?
1768 964 1955 1018 Postea

2094 965 2159 1031 τῷ
2239 964 2389 1030 Θεῷ;
2469 961 2600 1014 Εἶτα
2674 957 2819 1034 δῶρα
2893 959 3215 1034 προσάξεις;
3265 959 3394 1013 Εἶτα
3473 959 3731 1032 ὑπερεύξῃ

315 1053 469 1108 dona
499 1051 747 1108 offeres?
779 1053 984 1108 Postea
1014 1053 1306 1108 orationes
1335 1069 1436 1124 pro
1470 1051 1682 1124 populo
1715 1052 1921 1106 fundes
1947 1054 1952 1071 ‘

2095 1052 2256 1115 λαοῦ;
2308 1043 2594 1120 Φοϐοῦμαι
2649 1050 2721 1121 μή
2771 1069 2900 1102 ποτε
2950 1052 3205 1102 τοσοῦτον
3265 1051 3298 1116 ἡ
3353 1047 3593 1124 ῥομφαία
3638 1053 3732 1102 τοῦ

309 1141 526 1197 Vereor
554 1141 828 1212 equidem
862 1158 934 1197 ne
969 1141 1064 1196 Dei
1107 1141 1341 1213 gladius
1383 1142 1608 1196 tamdiu
1643 1141 1946 1212 rubiginen

2092 1143 2214 1192 θεοῦ
2263 1142 2503 1210 κατιωθῇ
2555 1142 2650 1210 (‘2),
2702 1139 2791 1190 καὶ
2839 1139 3185 1212 ἠρεμήσειεν,
3237 1135 3374 1194 Οὔτε
3402 1138 3481 1208 τῷ
3512 1136 3729 1209 ποιμένι

313 1232 640 1294 contrahat,
661 1235 717 1287 et
747 1231 1140 1303 conquiescat.
1166 1231 1280 1286 Nec
1315 1247 1347 1284 a
1378 1234 1606 1302 pastore
1634 1235 1736 1286 tuo
1768 1230 1941 1301 ingen

2094 1232 2159 1299 εῷ
2190 1233 2266 1298 σῷ
2301 1228 2438 1301 μέγα
2467 1249 2518 1280 τι
2551 1225 2812 1302 ἐχαρίσω,
2845 1227 2934 1280 καὶ
2967 1227 3156 1280 σαυτὸν
3206 1228 3271 1280 τὰ
3332 1228 3561 1300 μέγιστα
3611 1225 3731 1296 ἐζη-

312 1325 432 1376 tem
467 1319 724 1390 aliquam
776 1320 1025 1392 gratiam
1061 1320 1264 1385 iniisti,
1298 1324 1353 1375 et
1382 1323 1437 1374 te
1490 1319 1685 1391 ipsum
1720 1319 1949 1374 maximi

2097 1316 2314 1387 αίωσας,
2366 1315 2744 1390 ἀλλοτριώσας
2795 1318 2871 1389 (3)
2923 1317 3138 1370 σεαυτὸν
3188 1322 3286 1384 τῆς
3333 1319 3430 1369 τοῦ
3473 1319 3606 1370 Θεοῦ
3637 1315 3734 1390 χά-

314 1409 665 1465 detrimento
697 1409 1018 1477 mulctasti,
1045 1414 1101 1465 te
1129 1409 1325 1480 ipsum
1347 1408 1618 1465 videlicet
1649 1426 1681 1464 a
1710 1409 1808 1464 Dei
1842 1425 1973 1480 gra-
2085 1426 2252 1480 ριτος.

311 1499 394 1554 tia
423 1502 763 1554 extraneum
792 1499 1066 1554 reddens.

385 1587 473 1642 ιν.
511 1591 588 1643 Ac
621 1605 796 1657 nunc,
831 1604 862 1643 ο
898 1592 1198 1660 pastorum
1231 1588 1451 1660 optime
1505 1592 1562 1643 et
1613 1589 1971 1659 praestantis-

2157 1584 2225 1637 A'.
2262 1587 2366 1636 Νῦν
2398 1579 2472 1650 δὲ,
2507 1584 2550 1635 ὦ
2581 1582 2856 1654 ποιμένων
2887 1581 3069 1656 ἃριστε
3109 1581 3198 1636 καὶ
3250 1581 3571 1655 τελεώτατε,
3623 1581 3737 1638 δεῦ-

311 1678 477 1745 sime,
496 1678 805 1744 adesdum,
824 1693 890 1732 ac
914 1677 1244 1744 nobiscum,
1261 1677 1378 1732 imo
1404 1681 1539 1732 ante
1563 1695 1668 1732 nos
1691 1676 1948 1748 populun

2099 1672 2147 1726 >6
2185 1694 2274 1745 μοι
2306 1672 2394 1725 καὶ
2425 1670 2516 1724 τὸν
2565 1673 2652 1724 σὸν
2696 1666 3052 1744 ἀπολάμϐανε
3099 1669 3228 1725 λαὸν
3276 1673 3366 1725 σὺν
3398 1674 3531 1744 ἡμῖν
3560 1692 3617 1725 τε
3648 1673 3736 1726 καὶ

313 1770 484 1822 tuum
517 1767 930 1837 accipe,quem
964 1766 1216 1838 Spiritus
1243 1771 1486 1821 sanctus
1521 1766 1623 1820 tibi
1656 1767 1950 1821 commisit

2096 1763 2188 1837 πρὸ
2214 1764 2393 1832 ἡμῶν,
2438 1760 2492 1813 ὅν
2544 1760 2834 1835 ἐνεχείρισέ
2893 1782 2975 1814 σοι
3033 1760 3094 1814 τὸ
3139 1765 3357 1832 Πνεῦμα
3383 1761 3445 1814 τὸ
3477 1762 3647 1835 ἅγιον,
3677 1761 3733 1814 ὅν

315 1871 491 1926 quem
529 1854 717 1925 angeli
749 1855 1021 1924 offerunt,
1047 1871 1217 1926 quem
1254 1859 1309 1909 et
1335 1854 1471 1921 vita,
1497 1859 1552 1908 et
1585 1872 1807 1909 morum
1847 1872 1945 1925 pro

2098 1850 2446 1926 προσάγουσιν
2492 1848 2735 1925 ἄγγελοι,
2788 1850 2844 1904 ὅν
2899 1852 2925 1904 ὁ
2978 1849 3093 1923 βίος
3153 1849 3241 1904 καὶ
3294 1851 3317 1904 5
3363 1849 3565 1923 τρόπος
3624 1848 3735 1904 ἐπί-

2369 1940 2428 1958 ﬁ,
2491 1937 2533 1958 ἏΧ
2593 1938 2614 1954 ’Ν
2653 1939 2665 1954 ‘
2974 1944 2992 1953 υ
3169 1939 3180 1952 ‘
3339 1936 3357 1958 Ἰ
3471 1940 3481 1954 1
3680 1939 3694 1955 \

317 1944 495 2010 bitas,
521 1943 654 1998 ﬁdei
686 1948 799 1998 tua}
832 1943 1099 1998 credidit.
1137 1945 1296 2008 Quod
1330 1944 1378 1998 si
1409 1960 1510 2015 per
1540 1945 1888 1998 tentationes
1921 1960 1948 1998 e

2093 1961 2316 1995 στευσεν.
2369 1940 2430 1992 Εἰ
2487 1937 2542 1992 δὲ
2589 1938 2676 1993 διὰ
2721 1944 3035 2011 πειρασμῶν
3095 1939 3184 1992 καὶ
3252 1936 3595 2009 κωλυμάτων
3641 1939 3730 1992 τὸν

318 2031 740 2104 impedimenta
767 2031 963 2086 throni
997 2031 1395 2086 haereditatem
1431 2033 1830 2103 consequeris,
1860 2050 1955 2087 nor

2094 2029 2266 2102 ὶρόνον
2296 2028 2685 2100 κληρονομεῖς,
2725 2029 2799 2100 μὴ
2843 2030 3118 2100 Θαυμάσῃς
3155 2045 3165 2059 ·
3220 2025 3373 2082 οὐδὲν
3421 2032 3529 2082 τῶν
3567 2027 3731 2101 μεγά-

317 2124 409 2175 est
456 2137 560 2175 cur
609 2120 714 2175 tibi
775 2122 882 2176 hoc
934 2121 1150 2175 mirum
1184 2121 1362 2175 videri
1396 2122 1621 2176 debeat.
1655 2121 1828 2176 Nulla
1886 2139 1954 2175 re:

2095 2119 2196 2172 λων
2228 2117 2511 2189 ἀδόκιμον,
2565 2116 2715 2171 οὐδὲν
2766 2112 3140 2172 ἀϐασάνιστον.
3193 2119 3417 2171 ’Ἑπεται
3449 2117 3549 2192 γὰρ
3583 2117 3732 2194 φύσει

320 2225 535 2281 magna
566 2209 926 2282 probationis
958 2214 1015 2264 et
1047 2210 1358 2264 anxietatis
1389 2215 1477 2265 est
1505 2226 1728 2280 expers.
1755 2214 1957 2265 Natura

2099 2214 2201 2268 τοῖς
2237 2209 2330 2279 μὲν
2359 2211 2632 2268 ταπεινοῖς
2660 2208 2721 2260 τὸ
2756 2204 2961 2280 ῥᾳδιον,
2993 2212 3107 2267 τοῖς
3142 2204 3198 2260 δὲ
3229 2204 3465 2279 ὑψηλοῖς
3494 2206 3556 2259 τὸ
3608 2203 3736 2259 δύσ-

319 2297 476 2354 enim
507 2298 589 2353 ita
615 2303 1020 2370 comparatum
1044 2303 1151 2368 est,
1178 2304 1240 2353 ut
1271 2316 1362 2354 res
1385 2299 1637 2353 humiles
1662 2304 1718 2353 et
1741 2300 1956 2369 objecta

2102 2318 2303 2365 ιτητον.
2367 2299 2637 2356 ’Ἤκουσας
2695 2300 2790 2349 τοῦ
2852 2295 3118 2366 εἰπόντος,
3170 2297 3286 2349 Ὅτι
3339 2293 3418 2348 δεῖ
3469 2298 3614 2367 ἡμᾶς
3652 2293 3739 2349 διὰ

318 2387 474 2444 facili
505 2387 737 2459 negotio
771 2392 1068 2459 parentur,
1102 2404 1193 2441 res
1227 2392 1417 2442 autem
1453 2387 1736 2441 sublimes
1782 2393 1836 2440 et
1879 2404 1955 2441 ex

2103 2384 2308 2438 τολλῶν
2371 2385 2604 2456 θλίψεων
2679 2383 2933 2446 εἷσελοεῖν
3003 2385 3075 2445 εἷς
3131 2390 3228 2452 τὴν
3296 2384 3572 2459 βασιλείαν
3635 2389 3740 2438 τῶν

319 2475 509 2543 celsae,
536 2493 651 2530 non
674 2476 782 2530 nisi
808 2493 1039 2531 summo
1058 2476 1251 2530 studio
1275 2480 1330 2531 et
1353 2476 1717 2530 difﬁcultate.
1747 2478 1954 2530 Audist

2101 2473 2369 2547 ὠρανῐὺν·
2433 2473 2547 2526 εἷπε
2603 2471 2690 2526 καὶ
2750 2472 2950 2533 αὐτός·
3016 2470 3326 2544 Διήλθομεν
3407 2470 3495 2526 διὰ
3569 2474 3738 2548 πυρὸς

321 2564 568 2620 Paulum
601 2564 887 2619 dicentem
925 2581 937 2618 :
974 2566 1122 2620 255
1162 2565 1416 2635 Oportere
1469 2581 1566 2619 nos
1620 2581 1721 2633 per
1776 2568 1958 2619 multa.

2100 2562 2171 2614 ιαὶ
2232 2560 2446 2631 ὕδατος,
2505 2562 2593 2614 καὶ
2653 2560 2910 2634 ἐξήγαγες
2956 2563 3102 2631 ἡμᾶς
3163 2561 3236 2621 εἷς
3301 2562 3608 2634 ἀναψυχήν,
3673 2568 3737 2614 Ὤ

320 2653 703 2708 tribulatione:
735 2654 967 2708 introire
999 2655 1053 2707 in
1085 2670 1314 2723 regnum
1344 2654 1604 2707 caelorum
1630 2655 1692 2706 9“.
1722 2653 1819 2707 Dic
1852 2655 1957 2724 ipse

2094 2656 2178 2703 τοῦ
2253 2650 2563 2720 θαύματοςί
2651 2651 2725 2705 Τὸ
2815 2647 3040 2724 ἑσπέρας
3121 2649 3354 2720 ηὐλίσθη
3433 2649 3731 2722 κλαυθμὸς,

320 2755 555 2812 quoque
617 2757 630 2796 :
696 2743 1069 2796 Transivimus
1125 2758 1223 2812 per
1281 2744 1465 2809 ignem
1526 2747 1574 2797 et.
1632 2760 1866 2813 aquam,
1925 2760 1952 2796 θ

2094 2741 2172 2794 νιαὶ
2203 2743 2277 2800 εἰς
2310 2740 2368 2792 τὸ
2427 2737 2571 2814 πρωί
2619 2737 2962 2812 ἀγαλλίασις.
3017 2741 3116 2794 Ἔα
3167 2738 3354 2814 ληρεῖν
3397 2738 3526 2799 τοὺς
3567 2737 3731 2792 πολε-

317 2828 560 2884 eduxisti
584 2821 680 2884 nos
701 2830 760 2883 in.
782 2832 1141 2900 refrigerium
1165 2832 1231 2884 Ἦ.
1258 2831 1302 2884 Ο
1325 2830 1554 2901 insigne
1579 2830 1928 2885 miraculum

2090 2831 2323 2898 μοῦντας
2401 2827 2489 2880 καὶ
2567 2828 2938 2900 περιχάσκειν,
3017 2827 3092 2886 ὡς
3152 2826 3314 2888 κύνας
3368 2825 3727 2890 ὑλακτοῦντας

316 2919 397 2974 Ad
425 2935 706 2990 vesperam
754 2918 1064 2974 demoratus
1096 2924 1172 2974 est
1204 2921 1387 2988 ﬂetus,
1419 2922 1468 2975 et
1518 2920 1586 2973 ad
1634 2923 1953 2974 matutinun

2089 2913 2110 2931 α
2269 2923 2295 2931 ι.
2544 2921 2563 2930 υ
2654 2913 2676 2930 '\
2809 2917 2822 2934 κ
3092 2917 3101 2934 r
3356 2913 3400 2936 IN

2089 2933 2368 2984 οιακεντ,ς”
2430 2919 2591 2988 ἡμεις
2650 2917 2705 2969 οὲ
2757 2938 2830 2986 μη
2884 2914 3271 2987 πολεμωμεθα.
3308 2923 3533 2970 Διοασκε
3562 2936 3726 2992 προσ-

316 3008 514 3065 ιέειίιία
535 3008 602 3062 2'2.
629 3007 761 3063 Sine
783 3025 904 3074 eos,
932 3008 1030 3079 qui
1065 3007 1282 3063 bellum
1309 3013 1542 3079 gerunt,
1567 3010 1772 3080 nugari
1799 3015 1953 3080 atque

2093 3010 2254 3059 ξυνεῖν
2310 3006 2436 3058 Θεὸν
2496 3006 2585 3058 τὸν
2640 3003 2868 3079 Πατέρα,
2931 3004 3057 3059 Θεὸν
3115 3004 3206 3058 τὸν
3259 3005 3401 3076 Υἱὸν,
3474 3006 3600 3059 Θεὸν
3670 3006 3730 3060 τὸ

315 3097 585 3169 ineptire,
606 3114 671 3152 ac
719 3098 955 3152 diducto
1006 3098 1154 3152 rictu
1204 3098 1389 3165 hiare,
1419 3103 1483 3152 ut
1531 3115 1703 3154 canes
1756 3099 1952 3153 frustra

2094 3098 2298 3166 ΙΙνεῦμα
2345 3095 2406 3147 τὸ
2463 3095 2638 3168 ἅγιον,
2683 3093 2734 3147 ἐν
2784 3094 2953 3168 τρισὶν
3001 3094 3372 3160 ὑποστάσεσιν,
3427 3093 3476 3147 ἂν
3511 3115 3609 3166 μιᾳ
3640 3091 3731 3148 δό-

307 3185 664 3241 oblatrantes
709 3204 722 3240 :
770 3204 875 3242 nos
925 3192 1119 3241 autem
1172 3205 1241 3242 ne
1293 3187 1445 3242 bello
1494 3203 1787 3241 vexemur.
1821 3189 1944 3242 Dee

2096 3188 2140 3256 ξῃ
2174 3186 2250 3253 (4)
2281 3204 2336 3236 τε
2385 3182 2471 3236 καὶ
2527 3182 2896 3258 λαμπρότητι.
2941 3183 3015 3239 Τὸ
3066 3179 3358 3243 ἀπολωλὸς
3391 3181 3600 3252 έκζήτει
3628 3203 3641 3214 ·
3672 3183 3733 3236 τὸ

311 3275 555 3330 adorare
585 3275 768 3330 Deum
801 3276 1052 3346 Patrem,
1089 3277 1271 3332 Deum
1307 3275 1538 3343 Filium,
1570 3277 1752 3330 Deum
1784 3277 1948 3346 Spirl

2095 3272 2292 3333 ἰσΟενὶς
2342 3271 2587 3345 ἐνίσχυε·
2645 3274 2705 3325 τὸ
2753 3272 2970 3346 ἰσχυρὸν
3005 3288 3260 3348 φυλασσε.
3297 3270 3579 3340 Τοσαύτην
3633 3271 3732 3326 ἀπ-

312 3367 440 3418 tum
475 3368 768 3429 sanctum,
803 3364 859 3418 in
885 3365 1074 3418 tribus
1122 3365 1410 3435 personis,
1443 3365 1502 3418 in
1552 3382 1670 3419 una
1700 3363 1885 3435 gloria
1917 3382 1944 3420 e

2094 3363 2334 3433 κιτοῦμέν
2395 3382 2451 3414 σε
2499 3362 2596 3428 τήν
2641 3361 2690 3414 ἐν
2746 3365 2862 3421 τοῖς
2911 3364 3297 3431 πνευματικοῖς
3358 3357 3731 3432 εὐδοκίμησιν,

315 3453 646 3524 splendore.
689 3454 848 3516 Quod
903 3454 1095 3524 periit,
1151 3454 1431 3522 exquire:
1468 3455 1622 3524 quod
1669 3454 1952 3507 infirmun

2093 3450 2210 3519 iam
2261 3450 2346 3504 ἐπὶ
2398 3455 2503 3503 τῶν
2554 3454 2832 3521 κοσειικῶν
2886 3449 3252 3523 συνέγνωμεν.
3330 3449 3439 3516 Τὴν
3497 3450 3590 3521 μὲν
3640 3447 3730 3503 οὖν

315 3543 740 3609 est,corr0bora
771 3559 783 3596 :
819 3544 972 3613 quod
1006 3543 1242 3596 ﬁrmum
1278 3549 1556 3606 est,serva
1579 3544 1641 3594 2³.
1670 3544 1915 3596 Tantam
1941 3562 1952 3597 ι

2095 3540 2410 3611 ῖελεωτέραν
2468 3538 2682 3592 ὅπλισιν
2741 3536 2928 3612 δέχοιο
2981 3542 3056 3610 (5)
3110 3539 3251 3610 παρὰ
3297 3541 3403 3591 τῶν
3470 3537 3732 3610 μειζόνων

316 3634 373 3686 te
404 3630 460 3685 in
508 3630 919 3702 spiritualibus
966 3631 1139 3685 rebus
1179 3631 1409 3685 laudem
1443 3632 1814 3702 nominisque
1848 3632 1940 3702 glo

2096 3633 2419 3701 ττρατηγῶν,
2468 3626 2534 3680 δι’
2585 3630 2648 3694 ἧς
2708 3625 2909 3699 δυνήσῃ
2957 3628 3020 3680 τα
3069 3624 3203 3700 βέλη
3244 3630 3342 3680 τοῦ
3383 3632 3628 3699 πονηροῦ
3669 3628 3733 3680 τὰ

317 3719 464 3774 riam
489 3719 903 3791 efﬂagitamus,
931 3724 1210 3790 quantam
1244 3720 1300 3774 in
1329 3720 1577 3774 terrenis
1608 3721 1851 3791 negotiis
1884 3737 1946 3775 co

2090 3719 2443 3791 πεπυρωμένα
2493 3711 2696 3784 σϐέσαι,
2747 3718 2834 3769 καὶ
2886 3718 3221 3790 παραστῆσαι
3266 3721 3344 3787 τῷ
3384 3715 3566 3791 Κυρίῳ
3600 3716 3727 3771 λαὸν

313 3807 641 3880 gnovimus.
703 3808 1107 3863 Perfectiorem
1160 3813 1520 3863 armaturam
1554 3827 1586 3864 a
1648 3809 1950 3879 majoribus

2094 3807 2407 3882 περιούσιον,
2434 3803 2582 3868 ἔθνος
2614 3806 2786 3879 ἃγιον,
2826 3805 3096 3879 βασίλειον
3131 3806 3442 3880 ἱεράτευμα,
3477 3804 3527 3859 ἐν
3570 3812 3731 3879 Χρισ-

313 3897 560 3954 ducibus
590 3898 859 3968 accipies,
894 3915 996 3969 per
1044 3915 1221 3968 quam
1276 3899 1492 3968 poteris
1525 3898 1708 3969 ignita
1756 3898 1946 3952 diabol

2089 3902 2154 3966 τῷ
2201 3897 2374 3964 Ἰησοῦ
2423 3899 2500 3966 “cfp
2557 3895 2734 3967 Κυρίῳ
2767 3896 2924 3967 ἡμῶν
2959 3897 3056 3968 (6),
3092 3895 3136 3964 ᾧ
3169 3896 3202 3963 ἡ
3500 3895 3575 3956 εἷς
3600 3895 3726 3957 τοὺς

309 3987 426 4044 tela
455 3988 821 4058 exstinguere
842 3989 906 4054 ",
933 4004 997 4041 ac
1031 3988 1235 4042 sistere
1263 3988 1505 4041 Domino
1539 3987 1764 4058 plebem
1802 4005 1943 4058 pecu

894 4033 906 4054 ,
933 4004 997 4041 ac
1031 3988 1235 4042 sistere
1263 3988 1505 4041 Domino
1539 3987 1764 4058 plebem
1802 4005 1967 4058 pecu-
2080 3986 2297 4045 αἰῶνας.
2335 3985 2531 4056 Ἀκμὴ).

307 4076 532 4143 liarem,
566 4082 797 4148 gentem
825 4080 1114 4145 sanctam,
1147 4075 1339 4147 regale
1373 4077 1761 4132 sacerdotium
1790 4078 1851 4145 ‘35,
1887 4079 1940 4130 in
1976 4077 2202 4132 Christo
2246 4077 2378 4130 Jesu
2419 4075 2661 4129 Domino
2694 4079 2913 4141 nostro,
2948 4075 3035 4129 cui
3071 4074 3256 4145 gloria
3287 4075 3343 4128 in
3377 4075 3591 4130 saecula
3621 4093 3728 4131 saa-

313 4164 599 4220 culorum.
630 4167 833 4219 Amen.

314 4263 853 4389 161°lisupipgtxp,lil.
882 4265 975 4387 92°
1008 4267 1131 4318 Act.
1170 4281 1287 4331 xxv,
1318 4266 1404 4317 21.
1485 4266 1524 4297 ²¹
1563 4265 1710 4318 Psal.
1748 4282 1868 4334 va,
1907 4266 1989 4318 12.
2069 4266 2112 4297 ²²
2144 4264 2296 4319 Psal.
2331 4280 2484 4331 xxxx,
2515 4264 2567 4316 6.
2648 4264 2693 4297 93
2728 4263 2927 4317 Ezeeh.
2970 4277 3168 4334 xxxxv,
3205 4264 3252 4320 4.
3333 4265 3379 4298 ²⁴
3417 4263 3630 4336 Ephes.
3663 4282 3728 4319 vr

314 4449 420 4487 vus
451 4449 690 4504 operum
727 4433 782 4487 S.
819 4433 1016 4486 Basilii
1051 4433 1256 4506 editor,
1290 4433 1344 4486 in
1378 4434 1504 4502 ejus
1535 4433 1664 4487 Vita
1695 4438 1834 4487 tom.
1863 4435 1960 4498 Ill,
2145 4439 2219 4506 (2)
2255 4433 2522 4503 Κατιωθῇ.
2579 4434 2812 4488 Rectius
2869 4449 3044 4504 quam
3104 4433 3250 4485 κάτω
3282 4433 3372 4504 θῇ,
3408 4438 3470 4489 ut
3526 4434 3727 4506 Billius

313 4521 361 4558 c.
394 4506 485 4570 24,
517 4522 576 4578 γη.
611 4507 674 4578 3,
701 4522 751 4573 p.
791 4505 912 4567 116,
946 4505 1307 4578 probabilius
1351 4510 1520 4578 certe,
1559 4507 1960 4576 presbyterum
2074 4505 2326 4576 primum
2363 4505 2580 4575 legerat
2612 4512 2668 4558 et
2698 4506 3048 4574 reddiderat,
3076 4528 3101 4553 ‹‹
3135 4506 3410 4560 deorsum
3457 4507 3557 4562 Dei
3605 4505 3724 4578 gla-

316 4577 636 4658 quemdam
663 4577 1047 4656 'l‘yanensem,
1073 4576 1407 4665 quincontra
1431 4577 1707 4658 Basilium
1745 4593 1961 4648 pugna-
2074 4580 2212 4665 dius
2248 4578 2624 4665 propendeat.
2654 4601 2677 4623 ››

313 4653 493 4712 verat,
528 4653 585 4701 et
620 4646 919 4728 injipsum
955 4646 1808 4728 etiamGregoriumninjecerat
1835 4646 1960 4728 ma-
2145 4650 2219 4728 (3)
2254 4646 2679 4728 Ἀλλοτριέὶξῖας.
2712 4647 2870 4728 «'Dei
2904 4647 3105 4728 gratia_
3122 4652 3177 4701 te
3207 4649 3540 4705 excludens.
3566 4669 3592 4697 ››

315 4735 446 4791 nus,
479 4725 546 4791 ut
583 4719 654 4773 ab
686 4719 962 4791 Anthimo
996 4720 1246 4791 gratiam
1278 4717 1468 4791 iniret.
1499 4720 1641 4773 Huic
1696 4722 1789 4772 Dei
1840 4722 1962 4788 gla-
2143 4717 2221 4784 (4)
2255 4721 2336 4791 Ἐν
2376 4717 2471 4789 μιᾷ
2507 4717 2649 4791 δόξῃ.
2687 4743 2712 4766 ‹‹
2750 4721 2809 4772 In
2845 4737 2959 4774 una
2991 4721 3376 4788 majestate.»

311 4789 492 4864 dium
533 4789 842 4864 imprecari
901 4790 1128 4864 videtur
1187 4789 1537 4860 Theologus,
1572 4814 1597 4864 (ς
1635 4797 1697 4845 ut
1744 4792 1799 4844 in
1859 4792 1948 4846 ha<

1257 4789 1537 4860 ieologus,
1572 4814 1597 4864 (ς
1635 4797 1697 4845 ut
1744 4792 1799 4844 in
1859 4792 1964 4846 hac
2145 4794 2218 4859 (5)
2252 4790 2467 4864 Δέχοιο.
2505 4814 2531 4840 ‹‹
2565 4789 2837 4862 Accipite.
2869 4813 2894 4864 η

310 4861 445 4931 vita,
481 4858 673 4932 inquit
704 4862 883 4924 Elias.
916 4862 1169 4916 audacia:
1202 4879 1322 4916 suae
1356 4858 1554 4932 poenas
1584 4862 1773 4928 luens,
1799 4869 1961 4917 zeter-
2145 4858 2222 4933 (ti)
2251 4858 2455 4933 Ἠέέῶν.
2490 4866 2581 4918 Sic
2630 4858 2714 4916 in'
2739 4863 3008 4933 pluribus
3062 4863 3230 4916 codd.
3285 4867 3449 4918 Deest
3491 4861 3548 4915 in
3604 4858 3721 4914 edi-

312 4933 406 4988 nis
441 4933 758 5004 suppliciis
777 4933 1083 4987 eximatur.
1121 4956 1147 4980 ν
2075 4935 2169 4988 tis.

311 5075 322 5085 .
379 5001 574 5129 (iam;
605 5001 847 5078 μεγάλῳ.
884 5004 977 5059 Sic
1023 5009 1138 5060 tres
1185 5005 1361 5076 Regg.
1396 5009 1451 5059 et
1479 5005 1572 5060 Or.
1613 5007 1655 5061 1.
1689 5006 1860 5060 Deest
1890 5008 1948 5073 τᾷ

311 5091 365 5129 in
401 5090 431 5129 θ
481 5117 493 5129 .

2255 5004 2404 5073 Δόξα.
2443 5007 2680 5060 Addunt
2710 5003 2999 5076 nonnulli,
3022 5003 3109 5058 καὶ
3142 5004 3202 5058 τὸ
3234 5005 3452 5078 κράτος,
3477 5026 3506 5055 ‹‹
3541 5008 3599 5060 et
3625 5002 3729 5058 im-

2092 5093 2324 5129 )erlum.
2362 5099 2387 5125 »ν

307 5091 365 5129 1n
401 5090 493 5130 θα.

2076 5093 2324 5147 perium.
2362 5099 2386 5125 ra

1427 5182 1874 5189 _—._.‘____-_‘

976 5255 1128 5311 ²⁵⁶
1189 5266 1746 5352 MONITUM
1809 5268 1917 5350 IN
1979 5268 2659 5355 ORATIONEM
2719 5270 2958 5353 XIV.

393 5524 442 5580 1.
513 5522 810 5592 Quamvis
865 5522 924 5581 in
986 5523 1324 5606 plerisque‘
1356 5541 1545 5606 manu
1582 5523 1874 5606 exaratis
1926 5525 2277 5606 codicibus,
2343 5524 2476 5584 haec
2536 5526 2736 5586 oratio
2794 5527 2978 5586 istum
3041 5547 3170 5606 prae
3229 5546 3294 5588 se
3352 5529 3513 5588 ferat
3571 5527 3726 5587 titu-

315 5600 451 5659 lum
503 5619 516 5657 ε
596 5607 722 5682 Περί
780 5600 1219 5685 πτωχοτροφίας,
1285 5603 1365 5662 De
1422 5602 1645 5662 alendis
1695 5606 1952 5683 pauperi

2090 5627 2110 5672 ,-
2186 5606 2577 5685 praetulimus
2654 5612 2863 5668 tamen
2943 5600 3083 5668 cum
3153 5609 3536 5689 Hieronymo
3598 5607 3725 5687 (8),

399 5702 477 5772 (8)
509 5703 659 5760 Hier.
692 5708 766 5762 De
794 5711 980 5779 script.
1013 5710 1165 5779 eccl.,
1199 5710 1289 5764 ed.
1326 5710 1453 5765 Bas.
1492 5710 1647 5777 1529,
1682 5727 1813 5782 pag.
1850 5712 1970 5765 149.
