4146 6290
315 325 433 390 859

1554 328 1619 389 S.
1669 326 2038 387 GREGORII
2089 325 2485 387 THEOLOGI

3606 327 3727 388 860

318 459 712 533 enim,parvls
744 459 1023 515 adhibitis
1065 460 1376 530 mensuris,
1402 459 1551 515 alius
1596 460 1775 515 alium
1810 465 1967 515 ante-

2096 457 2328 524 Ξὶπαντες,
2370 456 2458 512 καὶ
2497 464 2595 527 τῆς
2648 456 2790 518 Θείας
2837 456 3064 531 χάριτος
3110 453 3360 528 ἐπιδεεῖς,
3411 455 3506 511 κᾶν
3556 453 3730 519 ἄλλος

317 548 523 605 cellere
552 549 841 615 videatur,
868 565 1154 620 pauperes
1184 553 1380 604 tamen
1413 566 1618 605 omnes
1648 565 1841 604 revera
1873 566 1970 604 su-

317 654 467 705 mus,
494 638 797 709 gratiaque
827 637 1021 692 divina
1069 638 1447 709 indigemus),
1472 638 1620 692 hanc
1647 638 1718 692 de
1749 653 1970 709 paupe-

316 743 443 782 rum
481 742 677 782 amore
718 728 1047 780 orationem
1080 743 1191 781 non
1227 730 1474 799 anguste
1516 732 1572 781 et
1614 727 1835 798 jejune,
1867 727 1970 781 sed

316 814 511 887 ample
541 819 598 870 et
627 815 936 885 magniﬁce
963 816 1226 886 accipite,
1252 820 1315 869 ut
1338 815 1498 888 regni
1530 831 1669 885 opes
1700 832 1973 886 assequa-

318 904 503 972 mini;
539 920 605 959 ac
638 903 812 958 simul
848 909 1026 966 orate,
1053 910 1115 958 ut
1137 921 1261 958 eam
1287 905 1520 975 copiose
1551 905 1715 959 vobis
1746 904 1971 959 submi-

324 992 667 1057 nistremue,
701 998 757 1045 et
789 1009 1055 1046 sermone
1087 992 1310 1047 animos
1340 998 1564 1048 vestros
1597 992 1847 1056 alamus,
1872 1010 1970 1063 pa-

315 1097 568 1152 nemque
599 1081 967 1151 spiritualem
997 1082 1149 1136 fame
1179 1082 1583 1137 laborantibus
1607 1083 1971 1154 frangamus,

316 1171 437 1226 sive
480 1169 655 1243 prisci
706 1170 866 1225 illius
912 1171 1064 1227 258
1098 1171 1313 1243 Moysis
1344 1171 1401 1225 in
1439 1188 1681 1240 morem,
1715 1172 1908 1226 cibum
1944 1187 1974 1225 e

312 1259 455 1315 cutio
486 1259 753 1331 pluentes
776 1261 840 1328 ’⁸,
867 1265 1041 1330 atque
1091 1261 1431 1331 angelorum
1477 1276 1686 1332 panem
1720 1260 1970 1331 largien-

315 1356 404 1404 tes
424 1348 501 1414 9";
536 1349 656 1403 sive
699 1349 900 1419 paucis
932 1349 1184 1420 panibus
1216 1351 1404 1404 multa
1445 1350 1619 1404 etiam
1664 1349 1971 1405 hominum

317 1437 505 1493 millia
533 1437 589 1491 in
616 1438 844 1493 deserto
868 1439 936 1492 ad
967 1440 1333 1494 saturitatem
1360 1456 1548 1509 usque
1580 1444 1885 1510 pascentes
1906 1441 1970 1508 2⁸,

313 1526 474 1583 velut
505 1530 707 1599 postea
735 1527 910 1582 Jesus
942 1527 1094 1597 fecit,
1127 1544 1317 1593 verus,
1352 1528 1614 1598 inquam,
1653 1528 1749 1583 ille
1780 1529 1968 1599 panis,

313 1619 372 1672 et
397 1631 547 1671 verm
573 1615 700 1670 vitae
756 1620 978 1671 auctor.
1003 1617 1105 1671 Est
1143 1617 1379 1687 quidem
1431 1617 1584 1671 haud
1653 1618 1971 1672 admodum

313 1708 655 1777 promptum
696 1708 753 1759 et
784 1704 949 1759 facile
997 1705 1147 1760 inter
1184 1705 1448 1771 virtutes,
1473 1722 1623 1770 eam,
1652 1722 1776 1775 quae
1809 1711 1972 1760 caete-

314 1810 411 1849 ras
440 1792 655 1863 vincat,
674 1794 954 1860 invenire,
978 1795 1145 1865 eique
1167 1795 1391 1865 primas
1415 1812 1480 1849 ac
1513 1795 1765 1865 palmam
1791 1795 1928 1849 dare
1956 1819 1971 1857 ε

314 1882 812 1954 quemadmodum
837 1882 1011 1937 etiam
1047 1884 1105 1936 in
1140 1888 1306 1954 prato
1332 1885 1586 1954 quodam
1619 1884 1889 1955 plurimis
1920 1890 1975 1939 et

313 1971 595 2027 suavibus
623 1970 866 2026 ﬂoribus
898 1972 1110 2026 referto
1135 1973 1333 2026 florem
1366 1974 1630 2027 omnium
1657 1974 1974 2045 pulcherri-

315 2076 483 2116 mum
533 2064 591 2115 et
639 2060 1166 2131 ﬂagrantissimum
1218 2062 1489 2132 reperire,
1524 2062 1636 2118 alio
1692 2063 1972 2117 nimirum

2082 545 2256 601 ἄλλου
2287 548 2545 624 προέχειν
2595 544 2754 620 δοκῇ,
2800 551 3015 619 μικροῖς
3074 545 3289 620 μέτροις
3343 545 3731 620 μετρούμενος,

2082 633 2296 707 δέξασθε
2317 636 2409 691 τὸν
2434 636 2557 712 περὶ
2580 634 2963 714 φιλοπτωχίας
2986 637 3100 705 (17)
3124 633 3310 709 λόγον,
3333 636 3408 707 μὴ
3432 639 3729 709 πεινχρῶς,

2082 723 2225 779 ἀλλὰ
2256 724 2583 802 φιλοτίμως,
2610 723 2699 779 ’ίνα
2734 721 3011 799 βασιλείαν
3031 722 3380 794 πλουτήσητε
3408 722 3730 796 (18)’συνεύ-

2081 814 2234 883 ξασθε
2267 811 2322 867 δὶ
2347 814 2434 868 xui
2461 817 2607 886 ἡμᾶς
2636 813 2915 874 πλουσίως
2962 818 3154 867 τοῦτον
3210 813 3334 885 ὑμῖν
3386 819 3726 888 χορηγῆσαι,

2080 903 2169 956 καὶ
2220 904 2407 978 θρέψαι
2452 908 2531 975 τῷ
2581 902 2730 978 λόγῳ
2775 904 2870 964 τὰς
2924 902 3182 977 ὑμετέρας
3227 902 3431 976 ψυχὰς,
3476 903 3564 956 xui
3614 899 3731 956 δια-

2081 991 2276 1067 θρύψαι
2325 996 2545 1046 πεινῶσι
2593 994 2683 1047 τὸν
2734 992 3097 1059 πνευματικὸν
3150 987 3328 1066 ἄρτον·
3375 988 3482 1045 εἴτε
3511 990 3600 1045 ἀπ’
3637 990 3729 1044 οὗ·

2084 1086 2245 1156 ρανοῦ
2288 1083 2498 1159 τροφὴν
2548 1081 2740 1142 ὅοντας
2790 1083 2924 1153 (19),
2973 1081 3212 1153 καθάπερ
3264 1082 3503 1148 Μωυσῆς
3552 1081 3582 1133 6
3630 1101 3733 1134 πα-

2082 1168 2237 1231 λαιὸς
2266 1170 2607 1237 έκεῖνος,καὶ
2656 1171 2813 1245 ἄρτον
2869 1168 3116 1245 ἀγγέλων
3167 1169 3590 1244 χαριζομένους·
3625 1168 3730 1225 εἷ’τε

2082 1259 2267 1333 ἄρτοις
2301 1258 2513 1333 ὀλίγοις
2549 1259 2599 1313 ἐν
2645 1257 2850 1331 ἐρημίᾳ
2877 1257 3175 1335 τρέφοντας
3223 1256 3390 1332 μέχρι
3430 1256 3595 1331 κόρου
3643 1256 3733 1311 καὶ

2086 1345 2371 1424 μυριάδας,
2402 1349 2638 1421 καθάπερ
2665 1348 2878 1417 Ἰησοῦς
2909 1346 3147 1421 ὕστερον,
3180 1347 3207 1401 6
3239 1346 3500 1416 ἀληθινὸς
3548 1346 3731 1419 ἄρτος,

2080 1438 2169 1491 καὶ
2202 1440 2297 1505 τῆς
2328 1436 2595 1507 ἀληθινῆς
2631 1442 2776 1505 ζωῆς
2816 1433 3005 1497 αῗίτιος.
3040 1437 3190 1489 Ἔστι
3241 1436 3334 1508 μὲν
3385 1433 3474 1489 οὖν
3507 1434 3567 1489 οὐ
3598 1434 3736 1489 πάνυ

2080 1548 2132 1581 τι
2163 1524 2343 1601 ῥᾳδιον
2374 1530 2481 1581 τῶν
2530 1527 2730 1598 ἀρετῶν
2779 1526 2879 1594 τὴν
2927 1528 3159 1579 νικῶσαν
3209 1524 3402 1600 εὑρεῖν,
3434 1523 3523 1578 καὶ
3570 1523 3737 1597 ταύτῃ

2085 1612 2268 1669 δοῦναι
2328 1616 2393 1669 τά
2451 1610 2710 1690 πρεσϐεῖα
2924 1613 3013 1668 καὶ
3066 1613 3132 1667 τὰ
3182 1614 3495 1688 νικητήρια·
3553 1611 3734 1689 ὥσπερ

2084 1702 2208 1758 οὐδὲ
2239 1703 2289 1758 ἐν
2323 1703 2555 1776 λειμῶνι
2604 1706 2716 1776 (21)
2764 1701 3062 1766 πολυανοεῖ
3111 1702 3201 1757 καὶ
3252 1699 3464 1775 εὐώδει,
3501 1706 3606 1757 τῶν
3643 1703 3734 1755 ἀν-

2085 1792 2217 1856 θέων
2248 1794 2311 1847 τὸ
2339 1790 2634 1848 κάλλιστον
2663 1791 2753 1847 καὶ
2785 1790 3170 1863 εὐωδέστατον,
3204 1789 3405 1848 ἄλλοτε
3435 1788 3609 1846 ἄλλου
3633 1792 3734 1858 τήν

2084 1879 2347 1959 ὄσφρησιν
2399 1882 2488 1936 καὶ
2540 1883 2640 1951 τὴν
2692 1878 2804 1950 ὅζιν
2856 1881 2994 1958 πρὸς
3045 1882 3203 1936 ἑαυτὸ
3239 1879 3611 1954 μεθέλκοντος,
3644 1881 3735 1934 καὶ
3822 1911 3836 1921 ›

2083 1976 2299 2047 πρῶτον
2351 1970 2636 2045 δρέπεσθαι
2684 1971 2988 2033 πείθοντος.
3038 1972 3126 2032 Ὠς
3177 1968 3222 2024 δ’
3272 1968 3362 2023 οὖν
3414 1968 3511 2042 ἐμὲ
3543 2015 3556 2040 ,
3611 1969 3736 2043 περὶ

2082 2060 2288 2115 τούτων
2324 2058 2589 2115 διελέσθαι
2623 2062 2735 2133 (22)
2768 2061 3021 2114 σκεπτέον
3055 2058 3250 2121 οὕτως.

312 2148 462 2205 alias
495 2149 771 2204 olfactum
806 2154 862 2204 et
892 2154 1193 2221 aspectum
1228 2152 1294 2205 ad
1332 2168 1393 2206 se
1423 2151 1807 2222 distrahente,
1842 2158 2015 2223 atque
2054 2153 2123 2207 ad
2170 2153 2427 2223 primum
2459 2168 2593 2205 eum
2626 2152 3055 2223 decerpendum
3090 2150 3404 2205 alliciente.
3439 2151 3734 2214 Quantum

314 2241 509 2294 tamen
543 2238 669 2310 ipse
702 2239 933 2310 assequi
971 2256 1235 2310 possum,
1267 2241 1347 2295 ita
1378 2257 1469 2295 res
1502 2240 1921 2313 distinguenda
1951 2244 2006 2295 et
2032 2240 2462 2295 consideranda
2491 2244 2598 2295 est.

384 2329 455 2383 ΙΙ.
487 2328 737 2383 Pulchra
793 2346 883 2383 res
942 2334 1050 2397 est,
1108 2330 1273 2399 ﬁdes,
1320 2348 1474 2400 spes,
1523 2332 1799 2398 charitas,
1859 2331 1970 2385 tria

315 2417 530 2484 hac”;
563 2435 629 2472 ac
662 2418 789 2472 ﬁdei
827 2419 1060 2489 qmdem
1094 2420 1260 2474 testis
1289 2425 1377 2474 est
1405 2419 1719 2488 Abraham,
1754 2421 1851 2492 qui
1877 2422 1971 2491 ju-

319 2506 491 2562 stitiae
519 2505 749 2561 laudem
784 2523 851 2561 ex
884 2508 997 2562 fide
1026 2513 1373 2564 consecutus
1404 2515 1493 2564 est
1509 2510 1581 2576 ³ο,
1615 2511 1761 2581 spei,
1792 2511 1968 2579 Enos,

319 2595 421 2667 qui
462 2594 690 2666 primus
742 2611 844 2667 spe
895 2597 1181 2651 adductus
1230 2602 1339 2663 est,
1376 2602 1438 2653 ut
1486 2600 1711 2653 Domini
1760 2615 1971 2653 nomen

322 2685 700 2754 invocaret",
750 2685 1018 2756 justique
1077 2686 1253 2741 etiam
1314 2704 1538 2756 omnes,
1582 2688 1681 2758 qni
1742 2692 1975 2758 propter

325 2790 496 2845 opem
527 2790 819 2828 aerumnas
851 2776 1173 2841 sufferunt;
1205 2776 1527 2841 charitatis,
1563 2777 1798 2832 divinus
1826 2778 1975 2847 Apo—

327 2861 535 2927 stolus,
569 2862 667 2932 qui
703 2862 934 2917 Israelis
967 2880 1144 2919 causa
1183 2864 1415 2934 gravius
1446 2865 1665 2936 aliquid
1698 2866 1978 2920 adversus

332 2967 395 3006 se
426 2949 692 3023 proloqui
723 2968 837 3006 non
888 2952 1272 3020 dubitavit”;
1314 2970 1377 3008 ac
1408 2954 1561 3009 Deus
1610 2954 1783 3008 etiam
1832 2954 1978 3024 ipse,

335 3041 433 3113 qui
465 3040 718 3096 cbaritas
750 3040 1156 3112 appellatur”.
1185 3041 1435 3097 Pulchra
1460 3060 1550 3097 res
1582 3042 1980 3114 hospitalitas;

334 3145 401 3185 ac
452 3129 619 3184 testis
667 3129 820 3185 inter
861 3130 1055 3199 justos
1103 3130 1339 3202 quidem
1394 3131 1535 3186 Loth
1600 3131 1983 3198 Sodomita“,

334 3217 598 3273 moribus
620 3221 815 3273 tamen
840 3218 1298 3290 haudquaquam
1328 3220 1654 3285 Sodomita;
1681 3221 1831 3274 inter
1855 3235 1985 3290 pec-

335 3309 563 3363 catores
593 3309 789 3360 autem
822 3306 980 3361 Raab
1012 3308 1285 3362 meretrix
1304 3308 1366 3375 ³⁸,
1394 3324 1506 3362 non
1533 3312 1733 3363 tamen
1766 3325 1831 3363 ex
1864 3327 1991 3380 pro-

337 3394 527 3466 posito
574 3394 866 3457 meretrix,
915 3395 1005 3448 cui
1054 3396 1195 3450 bene
1239 3398 1307 3450 de
1351 3396 1680 3467 hospitibus
1724 3398 1987 3452 mercndi

338 3483 626 3547 studium,
660 3488 715 3537 et
760 3482 918 3537 laudi
963 3484 1092 3549 fuit,
1137 3488 1192 3537 et
1235 3484 1429 3539 saluti.
1466 3485 1714 3539 Pulchra
1751 3502 1843 3540 res
1876 3487 1986 3541 fra-

338 3577 541 3627 ternus
577 3588 761 3639 amor,
795 3573 1042 3643 ejusque
1084 3573 1163 3626 rei
1194 3574 1394 3627 Jesum
1427 3579 1633 3628 testem
1681 3574 1987 3642 habemus,

340 3662 438 3733 qui
472 3678 587 3716 non
621 3661 793 3716 modo
829 3663 1007 3717 frater
1037 3667 1233 3717 noster
1256 3664 1468 3726 vocari,
1496 3664 1593 3717 sed
1626 3665 1799 3717 etiam
1834 3663 1990 3717 salu-

337 3751 414 3806 tis
445 3755 655 3806 nostrze
689 3767 867 3805 causa
904 3751 1189 3822 supplicio
1223 3752 1372 3805 afﬁci
1406 3752 1708 3807 sustinuit.
1743 3752 1992 3806 Pulchra

339 3856 430 3895 res
460 3839 862 3895 benevolentia
892 3856 1029 3911 erga
1079 3841 1368 3908 homines,
1405 3857 1471 3895 ac
1518 3842 1685 3895 testis
1717 3847 1801 3895 est
1834 3842 1989 3896 idem

337 3931 528 4001 Jesus,
549 3929 647 3999 qui
682 3947 794 3985 non
825 3929 1012 3984 solum
1045 3930 1339 3985 hominem
1374 3934 1609 4002 propter
1638 3947 1811 4002 opera
1842 3932 1993 3985 bona

340 4018 554 4074 creavit
572 4020 637 4088 ³⁸,
661 4024 836 4089 atque
866 4019 1207 4090 imaginem,
1230 4036 1355 4090 quae
1390 4020 1457 4074 ad
1494 4020 1717 4090 optima
1748 4036 1993 4092 quasque

341 4107 458 4161 dux
492 4110 664 4177 esset,
686 4124 749 4162 ac
782 4125 1038 4179 superna
1067 4110 1219 4163 bona
1251 4108 1601 4175 conciliaret,
1625 4110 1780 4164 carni
1814 4124 1993 4181 copu-

339 4195 503 4263 lavit,
526 4197 625 4249 sed
660 4196 842 4250 nostri
879 4197 1053 4251 etiam
1088 4213 1264 4251 causa
1294 4197 1467 4251 homo
1497 4198 1687 4252 factus
1718 4204 1823 4253 est.
1856 4199 1993 4253 Pul-

343 4285 484 4340 chra
514 4300 606 4339 res
640 4285 1079 4355 longanimitas,
1114 4286 1614 4356 quemadmodum
1668 4288 1821 4342 idem
1872 4288 1996 4359 ipse

342 4376 615 4443 testatur,
636 4373 736 4444 qui
764 4390 878 4429 non
914 4374 1104 4429 solum
1136 4374 1475 4447 angelorum
1505 4375 1761 4447 legiones
1793 4378 1994 4433 adver-

417 4582 462 4616 ²⁶
492 4580 669 4636 Exod.
706 4596 821 4648 xvx,
874 4581 935 4633 Ui
987 4596 1144 4649 seqq.

341 4655 395 4707 6.
472 4653 513 4687 ³¹
547 4653 689 4708 Gen.
740 4669 816 4719 1v,
862 4652 952 4707 26.
1033 4653 1077 4686 ³²

342 4742 403 4796 n,
439 4726 524 4780 10.

1224 4580 1267 4613 ²⁷
1299 4579 1449 4634 Psal.
1484 4599 1689 4649 Lxxvu,
1730 4583 1819 4636 25.
1898 4583 1941 4616 2⁸
1974 4582 2173 4638 Matth.
2207 4599 2323 4653 11v,
2374 4582 2441 4636 15
2497 4597 2659 4653 3qu-

1160 4668 1274 4706 om.
1322 4668 1399 4723 Ix,
1443 4652 1495 4706 3.
1574 4653 1618 4687 ³³
1662 4658 1686 4705 Ι
1728 4654 1895 4709 Joan.
1956 4671 2031 4723 iv,
2088 4655 2142 4707 8.

2148 2330 2219 2384 Β’.
2273 2328 2447 2383 Καλὸν
2492 2328 2689 2399 πίστις,
2741 2326 2938 2397 ἐλπὶς,
2986 2329 3166 2402 ἀγάπη
3195 2371 3208 2397 ,
3241 2329 3309 2381 τά
3355 2326 3484 2400 τρία
3534 2330 3725 2380 ταῦτα’

2077 2416 2165 2471 καὶ
2229 2417 2431 2493 μάρτυς
2488 2424 2587 2486 τῆς
2658 2416 2888 2478 πίστεως
2950 2412 3249 2492 ’Δϐραὰμ,
3307 2414 3615 2476 δικαιωθεὶς
3675 2415 3734 2469 ἐκ

2080 2507 2329 2569 πίστεωςο
2361 2514 2462 2576 τῆς
2512 2504 2758 2572 ἐλπίδος,
2790 2506 2979 2571 Ἐνὼς,
3012 2507 3071 2567 ὃς
3102 2510 3315 2580 πρῶτος
3355 2507 3466 2579 (23)
3498 2502 3728 2574 ⁴ἤλπισεν

2082 2594 2452 2659 ἐπικαλεῖσθαι
2499 2597 2590 2649 τὸν
2637 2594 2856 2668 Κύριον,
2903 2594 2992 2648 καὶ
3042 2598 3234 2656 πάντες
3284 2596 3397 2666 (24)
3428 2595 3479 2648 οἱ
3530 2591 3727 2647 δίκαιοι

2085 2683 2173 2739 διὰ
2200 2686 2297 2752 τὴν
2349 2682 2542 2739 ἐλπίδα
2589 2688 3042 2747 κακοπαθοῦντες⁸
3091 2690 3192 2752 τῆς
3240 2683 3479 2758 ἀγάπης,
3514 2684 3541 2737 6
3589 2684 3731 2742 θεῖος

2087 2771 2443 2841 ’Δπόστολος,
2474 2772 2757 2845 τολμήσας
2774 2795 2827 2828 τι
2850 2773 2938 2827 καὶ
2969 2773 3087 2826 καθ’
3116 2774 3307 2827 ὶαυτοῦ
3340 2770 3429 2827 διὰ
3458 2771 3547 2826 τὸν
3567 2773 3734 2845 Ἰσρα-

2086 2863 2162 2932 ὴλ
2195 2862 2532 2939 φθέγξασθαι·
2561 2861 2649 2916 καὶ
2681 2862 2708 2915 6
2740 2863 2869 2923 Θεὸς
2901 2861 3083 2931 αὐτὸς,
3138 2860 3323 2937 ἀγάπη
3371 2859 3727 2932 καλούμενος.

2088 2951 2264 3007 Καλὸν
2306 2954 2340 3019 ἡ
2375 2949 2672 3027 φιλοξενία·
2704 2949 2794 3005 καί
2847 2951 3047 3025 μάρτυς
3095 2949 3147 3005 ἐν
3183 2950 3277 3022 μὶν
3326 2946 3578 3017 δικαίοις,
3610 2948 3732 3001 Λὼτ

2092 3042 2120 3095 6
2154 3037 2484 3112 Σοδομίτης,
2529 3038 2619 3093 καὶ
2670 3039 2731 3092 οὐ
2782 3036 3095 3111 Σοδομὶτης
3142 3039 3232 3092 τὸν
3284 3033 3523 3113 τρόπον’
3577 3035 3627 3089 ἐν
3680 3032 3739 3089 δὶ

2096 3127 2469 3201 ἁμαρτωλοῖς,
2503 3122 2664 3182 Ῥαὰϐ
2697 3129 2731 3196 ἡ
2765 3127 2964 3200 πόρνη,
2997 3126 3086 3181 καὶ
3122 3127 3182 3180 οὐ
3214 3126 3386 3202 πόρνη
3421 3126 3518 3194 τήν
3552 3122 3744 3197 προαί-

2099 3238 2241 3293 ρεσιν
2296 3220 2428 3291 (25),
2490 3214 2579 3270 διὰ
2636 3214 2943 3294 φιλοξενίαν
3004 3215 3338 3270 ἰπαινεθεῖσά
3390 3216 3505 3287 (26)
3550 3234 3609 3268 τε
3654 3211 3746 3267 καὶ

2098 3309 2347 3362 σωθεῖσα.
2407 3303 2582 3359 Καλὸν
2632 3308 2666 3374 ἡ
2721 3302 3073 3383 φιλαδελφία,
3134 3305 3223 3359 καὶ
3278 3306 3479 3379 μάρτυς
3510 3305 3749 3373 Ἰησοῦς,

2099 3396 2196 3451 οὐκ
2224 3393 2455 3471 ἀδελφὸς
2487 3396 2646 3467 ἦμῶν
2692 3392 2964 3464 κληθῆναι
3020 3393 3208 3466 μόνον,
3256 3391 3402 3448 ἀλλὰ
3428 3390 3517 3447 καὶ
3556 3395 3747 3454 παθεῖν

2080 3486 2232 3560 ὑπὲρ
2262 3486 2423 3556 ἡμῶν
2475 3483 2866 3558 ἀνασχόμενος.
2917 3481 3092 3537 Καλὸν
3144 3486 3177 3551 ἡ
3210 3481 3605 3559 φιλανθρωπία’
3659 3480 3750 3533 καὶ

2105 3576 2308 3649 μάρτυς
2342 3574 2368 3627 ὁ
2395 3573 2554 3634 αὐτὸς
2587 3574 2818 3644 Ἰησοῦς,
2853 3572 2912 3626 οὐ
2944 3575 3179 3643 ποιήσας
3231 3570 3393 3643 μόνον
3420 3571 3511 3625 τὸν
3546 3568 3751 3644 ἄνθρω-

2098 3685 2197 3717 πον
2256 3661 2339 3717 ἐπ’
2396 3660 2576 3737 ἔργοις
2636 3662 2854 3737 ἀγαθοῖς
2887 3709 2901 3733 ,
2958 3662 3047 3714 καὶ
3105 3661 3203 3729 τήν
3265 3659 3443 3714 εἰκόνα
3501 3662 3612 3731 (27)
3668 3663 3749 3729 τῷ

2099 3751 2194 3828 χοΐ
2253 3752 2502 3823 συζεύξας
2564 3749 2763 3825 ὁδηγὸν
2810 3755 2917 3805 τῶν
2969 3748 3300 3819 καλλίστων,
3346 3748 3436 3803 καὶ
3482 3752 3590 3802 τῶν
3642 3745 3752 3800 ἄνω

2099 3842 2375 3916 πρόξενον,
2408 3838 2553 3895 ἀλλὰ
2581 3840 2668 3894 καὶ
2720 3839 3015 3914 γενόμενος
3065 3838 3199 3913 ὑπὲρ
3230 3841 3390 3910 ἡμῶν
3442 3839 3752 3911 ἄνθρωπος.

2100 3930 2277 3985 Καλὸν
2331 3932 2365 3999 ἡ
2421 3929 2791 4003 μακροθυμία,
2847 3928 2938 3983 καὶ
2988 3930 3015 3982 ὁ
3062 3927 3221 3989 αὐτὸς
3279 3929 3506 4002 μάρτυς,
3548 3924 3612 3979 οὐ
3664 3925 3760 3986 τὰς

2103 4019 2369 4095 λεγεῶνας
2424 4018 2583 4091 μόνον
2628 4022 2736 4073 τῶν
2786 4015 3033 4093 ἀγγέλων
3087 4017 3563 4092 παραιτησάμενος
3620 4015 3759 4069 κατᾶ

2100 4113 2206 4163 τῶν
2242 4108 2679 4180 ἐπανισταμένων
2725 4107 2814 4161 καὶ
2856 4105 3304 4180 τυραννούντων,
3356 4102 3483 4158 οὐδὶ
3528 4104 3609 4175 τῷ
3655 4101 3757 4158 Ili:-

2101 4218 2217 4273 τρῳ
2253 4196 2411 4270 μόνον
2452 4196 2778 4269 ἐπιτιμήσας
2829 4194 3106 4271 αἷρομένῳ
3144 4196 3256 4269 (28)
3304 4195 3403 4262 τὴν
3457 4193 3756 4268 μάχαιραν,

2104 4284 2251 4342 ἀλλᾶ
2278 4286 2367 4341 καὶ
2396 4286 2459 4339 τὸ
2487 4286 2646 4339 ὠτίον
2700 4284 3149 4355 ἀποκάταστήσας
3177 4288 3256 4354 τῷ
3302 4282 3637 4358 πεπληγότι.
3684 4282 3755 4335 Τὸ

2108 4374 2155 4430 δ’
2186 4374 2316 4431 αὐτὸ
2344 4374 2433 4429 καὶ
2469 4374 2740 4452 Στέφανος
2771 4372 2991 4451 ὕστερον
3021 4375 3048 4429 ὁ
3078 4377 3175 4429 τοῦ
3216 4373 3451 4448 Χριστοῦ
3486 4373 3755 4445 μαθητὴς,

2740 4580 2835 4635 ²⁹Ι
2881 4579 3007 4634 Cor.
3054 4596 3177 4647 xm,
3227 4579 3312 4633 13.
3393 4578 3440 4614 ³ο
3470 4577 3609 4633 Gen.
3662 4593 3753 4641 xv,

2218 4626 2438 4709 δ’ἀθῖιῖ
2496 4626 2725 4720 Ξῖἔῗδ.
2802 4626 3007 4706 ἀεῑοῖ
3050 4626 3397 4722 ἱίῖἼἙὲιᾳ.
3472 4626 3754 4719 ῖεῖιτριίὲέῖ

410 4919 521 4995 (17)
553 4916 683 4995 Περὶ
734 4915 1135 4995 φιλοπτωχίας.
1174 4918 1255 4972 Ita
1311 4917 1447 4988 Reg.
1480 4918 1613 4995 _bm.
1661 4918 1758 4995 ρι’.
1802 4920 1866 4995 ⁸2,
1914 4918 1981 4995 εἷς

2102 4920 2222 4995 sive
2252 4918 2588 4995 accipiendo
2629 4933 2827 4995 vocem
2872 4915 3267 4995 ἐπικαλεῖσθαι.
3300 4916 3447 4995 Huic
3475 4915 3758 4995 interpre—

341 4986 752 5068 ιριλοιιττιιυχίαν.⁷
788 4989 919 5059 Alii,
966 4986 1088 5062 περὶ
1132 4986 1575 5065 πτωχοτροφίας,
1603 5013 1630 5039 ‹‹
1664 4991 1734 5045 de
1766 4986 1993 5047 alendis

386 5062 722 5118 aunerib’us.
750 5086 771 5113 ι

343 5080 722 5136 pauperibus.
750 5086 771 5113 ι

343 5133 933 5257 τίξὲῗέιηλουτήσητε.
970 5132 1149 5202 Regg.
1200 5131 1319 5198 bm,
1369 5132 1466 5203 ph,
1510 5138 1567 5189 et
1605 5134 1701 5190 0r.
1733 5138 1789 5201 2,
1820 5130 1995 5186 πλου-

343 5226 544 5269 “arma.

413 5280 527 5349 (19)
556 5277 800 5349 Ὕοντας.
836 5274 1026 5349 Gloss.
1065 5270 1385 5346 βρέχοντας.

415 5341 526 5421 (20)
561 5341 842 5420 Πρεσὸεἴα.
868 5341 1308 5421 βὶοεεξαπξῶτα.

562 5414 819 5487 Λειμὼνι.
856 5418 1044 5472 Gloss.
1083 5414 1334 5487 λιϐαδίῳ.

414 5498 523 5561 (22)
554 5486 849 5551 Διελέσθαι.
876 5490 1011 5559 Reg.
1032 5489 1107 5543 hu
1133 5488 1509 5561 ἐλέσθπιιτίὶθρξζ
1539 5486 1993 5561 ρὺῌδιαλὲγεσθαι.

347 5555 433 5635 In:
457 5555 635 5635 Giton.
664 5564 896 5635 desunt
948 5555 1066 5635 bene
1100 5561 1271 5635 verba
1306 5578 1316 5613 :
1351 5560 1439 5617 Ὡς
1464 5555 1547 5609 ’δν
1577 5558 1665 5611 οὖν
1711 5555 1825 5630 ἐμὲ,
1876 5560 1996 5635 περὶ

342 5632 549 5688 τούτῶν
580 5631 845 5687 διελέσθαι
879 5630 1127 5684 σκεπτέον
1165 5630 1358 5689 οὕτως.

418 5705 528 5775 (23)
558 5704 1084 5788 ’ίΟῆπρῶτοςηθια
1127 5726 1153 5751 ‹‹
1208 5703 1311 5788 Qui
1369 5701 1594 5772 primus
1655 5719 1757 5773 spe
1815 5705 1998 5788 adduf

346 5774 596 5840 ctus,'ut
643 5774 742 5830 Dei
795 5774 1033 5828 nomine
1078 5776 1411 5839 vocaretur;
1447 5797 1468 5825 υ
1510 5790 1718 5845 nempe
1754 5796 1781 5823 ‹‹
1813 5780 1877 5829 ut
1908 5776 1998 5828 sui

348 5849 695 5904 vocarentur
736 5844 841 5903 ﬁlii
886 5846 1007 5901 Dei.
1046 5866 1075 5895 »
1105 5845 1195 5904 Sic
1236 5845 1409 5903 vertit
1435 5844 1819 5905 Combeﬁeius
1867 5861 2001 5918 ραι-

2103 4992 2331 5057 tationi,
2364 4988 2471 5045 etsi
2519 4991 2750 5045 recedat
2779 5007 2813 5045 a
2842 4988 3142 5045 communi
3186 4988 3499 5053 sententia,
3532 4988 3596 5042 ut
3638 4988 3765 5057 ipse

2108 5064 2345 5131 fatetur,
2382 5063 2576 5117 favent
2608 5061 2818 5132 Aquila
2847 5066 2903 5115 et
2932 5061 3351 5127 Theodoretus,
3382 5076 3487 5115 nec
3514 5074 3628 5114 non
3660 5073 3767 5111 vox

2107 5153 2336 5207 hebraza
2378 5134 2553 5237 mp5.
2590 5150 2657 5205 Et
2698 5154 2853 5205 certe
2903 5150 3164 5204 Adamus
3215 5147 3503 5203 invocavit
3544 5161 3765 5237 nomen

2110 5239 2367 5307 Domini;
2401 5236 2693 5294 invocavit
2734 5238 2908 5293 etiam
2962 5238 3121 5303 Abel,
3156 5237 3506 5309 priusquam
3538 5236 3767 5309 invoca-

2109 5317 2268 5396 retur
2298 5306 2369 5366 ab
2412 5313 2582 5365 Enos.
2618 5311 2743 5364 Non
2788 5326 2925 5381 ergo
2957 5332 2985 5359 ‹‹
3019 5306 3247 5381 primus
3280 5332 3307 5359 »
3341 5306 3495 5364 Enos
3528 5331 3555 5358 «
3591 5306 3767 5378 cmpit

2108 5398 2395 5439 invocare.
2439 5405 2465 5431 ››

2180 5454 2291 5523 (24)
2326 5452 2419 5507 Καὶ
2452 5450 2665 5512 πάντες.
2704 5452 2841 5524 Reg.
2877 5469 2931 5518 0,
2964 5449 3155 5510 πάντες
3185 5446 3263 5524 δέ.

2179 5520 2292 5596 (25)
2321 5524 2426 5589 Τὴν
2455 5520 3027 5595 προαίρεσινΪΒίΙΙίιιδ
3054 5541 3105 5596 ;‹ς
3139 5521 3320 5578 animi
3353 5520 3715 5577 inductione.
3744 5542 3774 5569 ››

2180 5598 2293 5663 (26η)
2327 5596 2717 5656 Ἐπαινεθεῖσα.
2751 5603 2860 5651 etc.
2901 5616 2928 5646 α
2963 5595 3220 5650 Laudata
3248 5598 3308 5649 et
3339 5597 3628 5649 servata.»

2183 5662 2294 5738 (27)
2324 5666 2431 5733 Τὴν
2489 5664 2687 5720 εἰκόνα.
2738 5687 2760 5717 ι
2812 5668 3154 5739 Imaginem,
3207 5688 3229 5715 ιι
3277 5665 3336 5721 id
3390 5670 3499 5735 est,
3555 5687 3583 5715 (‹
3640 5662 3777 5719 ani-

2113 5754 2293 5883 ωῗὲὲ)
2322 5760 2634 5883 Ἀῖρομᾶνῳ.
2668 5809 2807 5883 Reg.
2838 5809 2937 5883 ph,
2970 5806 3268 5885 αἱρομένῳ.
