4146 6290
323 404 437 469 861
1240 401 1533 464 ORATIO
1576 402 1738 465 XIV.
1779 432 1855 446 --
1897 402 2000 461 DE
2045 400 2479 463 PAUPERUM
2528 398 2830 462 AMORE.
3630 391 3750 454 862

327 535 460 608 ὑπὶρ
508 538 615 588 τῶν
668 530 999 601 λιθαζόντων
1056 530 1213 586 αὐτὸν
1282 532 1750 607 προσευχόμενος.
1814 530 1977 587 Καλὸν

2100 549 2201 588 sus
2228 549 2348 599 eos,
2383 533 2484 604 qui
2518 531 2805 602 impetum
2840 530 2899 585 in
2932 530 3128 601 ipsum
3149 528 3531 593 faciebant,ac
3556 527 3671 581 vim
3694 527 3745 582 ei

333 622 665 699 ἠπραότης,
699 620 788 675 καὶ
825 625 1155 696 μαρτυροῦσι
1206 626 1446 690 Μωυσῆς
1494 620 1584 675 καὶ
1633 616 1821 692 Δαϐὶδ,
1871 624 1977 675 τοῦ⁴

2100 624 2436 691 efferebant,
2476 620 2766 677 recusavit
2798 622 2866 686 ³⁷,
2906 635 3012 676 nec
3060 620 3292 674 Petrum
3341 616 3554 683 solum,
3587 618 3741 689 quod

319 733 385 766 το
418 713 525 787 πρὸ
567 715 676 766 τῶν
716 708 902 766 ἄλλων
940 709 1389 786 μαρτυρηθέντες,
1439 709 1528 764 καὶ
1577 710 1605 764 ὁ
1651 708 1856 764 τούτων
1902 707 1977 764 8t-

2098 711 2361 783 gladium
2394 710 2756 777 sustulisset,
2791 707 3120 780 objurgavit
3151 708 3425 777 “,verum
3457 706 3508 761 ei
3541 706 3742 771 etiam,

258 799 265 805 ’
324 800 621 872 δάσκαλος,
675 799 773 854 οὐκ
816 798 1029 874 ἐρίζων,
1081 796 1205 853 οὐδὲ
1250 800 1587 874 κραυγάζων,
1631 796 1755 853 οὐδὲ
1786 799 1836 853 έν
1867 803 1977 861 ταῖς

2098 800 2197 872 qui
2225 817 2540 872 percussus
2568 800 2990 864 fuerat,aurem
3022 796 3283 852 restituit
3303 796 3367 849 ³⁸.
3391 795 3552 858 Quod
3567 795 3743 850 etiam

325 890 613 951 πλατείαις
662 890 847 967 φωνὴν
887 888 1233 963 προϊέμενος,
1285 886 1411 942 οὐδὲ
1462 892 1789 963 ζυγομαχῶν
1851 888 1977 963 πρὸς

2095 890 2290 962 ipsum
2324 895 2524 961 postea
2567 888 2904 959 Stephanus
2955 888 3093 941 item
3137 884 3354 941 Christi
3412 884 3742 956 discipulus

327 979 462 1041 τοὺς
492 981 744 1053 ἄγοντας.

2096 980 2529 1052 praestitit,cum
2562 995 2663 1049 pre
2694 977 2831 1044 iis,a
2861 976 3077 1047 quibus
3110 975 3501 1045 lapidabatur,
3544 988 3744 1045 preces

325 1071 480 1126 fudit
505 1072 569 1125 ‘0.
603 1069 853 1125 Pulchra
875 1085 968 1123 res
999 1068 1151 1125 259
1186 1068 1597 1133 mansuetudo,
1632 1071 1810 1123 testes
1840 1073 1981 1123 sunt
2011 1070 2236 1142 Moyses
2260 1070 2301 1103 “
2338 1072 2394 1122 et
2428 1067 2600 1122 David
2634 1066 2923 1137 ",quibus
2947 1082 3061 1136 pra;
3089 1064 3312 1119 caeteris
3336 1079 3402 1119 ea
3432 1062 3561 1117 laus
3592 1062 3741 1116 Scri-

323 1165 507 1232 ptura;
535 1157 874 1214 testimonio
906 1155 1127 1211 tributa
1155 1160 1245 1211 est
1273 1174 1285 1223 ;
1320 1160 1489 1226 atque
1520 1156 1729 1211 horum
1763 1158 2064 1229 magister,
2095 1175 2210 1214 non
2241 1157 2622 1225 contendens,
2651 1170 2756 1211 nec
2788 1154 3184 1222 clamans,nec
3211 1154 3269 1208 in
3302 1152 3510 1225 plateis
3533 1168 3737 1207 vocem

326 1248 602 1305 amittens
636 1248 699 1317 “,
732 1262 838 1301 nec
868 1245 960 1301 iis.
994 1262 1028 1300 a
1059 1244 1273 1316 quibus
1304 1245 1651 1317 ducebatur,
1686 1245 2017 1303 obluctans.

400 1338 467 1391 1".
505 1334 684 1392 Καλὸν
718 1334 746 1388 ὁ
780 1332 968 1405 ζῆλος,
1001 1332 1090 1387 καὶ
1144 1337 1403 1408 μαρτυρεῖ
1450 1334 1659 1402 Φινεὲς,
1714 1334 1813 1402 τήν
1874 1340 1977 1389 Μα-

2164 1337 2256 1391 III.
2292 1334 2541 1390 Pulchra
2571 1351 2662 1390 res
2695 1333 2873 1403 zelus,
2926 1333 3086 1389 testis
3129 1332 3401 1399 Phinees,
3457 1331 3556 1403 qui
3616 1331 3738 1387 Ma-

326 1424 548 1480 διανῖτιν
602 1426 711 1495 (29)
760 1427 839 1494 τῷ
884 1420 1197 1498 Ἰσραηλίτῃ
1244 1424 1689 1492 συνεκκεντήσας,
1732 1420 1820 1477 ’ίνα
1869 1425 1977 1497 (30)

2093 1426 2435 1481 dianitidem
2472 1440 2589 1479 una
2620 1440 2751 1478 cum
2787 1422 3050 1478 Israelita
3080 1421 3274 1494 gladio
3306 1421 3534 1492 trajecit
3567 1422 3634 1487 “,
3670 1424 3736 1476 ut

326 1513 480 1588 ἐξέλῃ
530 1510 736 1573 ὄνειδος
768 1510 819 1582 ἐξ
870 1511 1000 1565 υἱῶν
1051 1509 1293 1587 Ἰσραήλ,
1341 1512 1430 1565 καὶ
1487 1510 1805 1584 ἀνομασθεὶς
1870 1514 1977 1585 (31)

2091 1514 2322 1570 lsraelis
2358 1513 2509 1569 ﬁlios
2542 1531 2574 1567 a
2604 1513 2813 1584 probro
2843 1517 2900 1567 et
2930 1512 3174 1566 infamia
3203 1510 3733 1582 vindicaret,atque

326 1603 379 1658 ἐν
412 1610 510 1671 τῆς
557 1600 923 1677 προαιρέσεως
950 1622 961 1633 ·
1015 1600 1103 1653 καὶ
1156 1601 1270 1672 μετ’
1303 1600 1529 1668 ἐκεῖνον,
1578 1601 1631 1655 οἱ
1678 1598 1934 1675 λέγοντες
1964 1619 1977 1633 ·

2091 1620 2157 1658 ex
2185 1603 2366 1658 animi
2398 1603 2667 1657 institute
2700 1616 2911 1656 nomen
2935 1600 3114 1655 traxit
3142 1616 3156 1654 :
3191 1604 3371 1655 testes
3402 1600 3580 1654 etiam
3604 1604 3736 1671 post

324 1691 517 1762 Ζηλῶν
576 1689 832 1760 ὶζήλωκα
880 1693 960 1761 τῷ
1019 1688 1203 1764 Κυρίῳ
1262 1692 1374 1761 (32)
1408 1709 1420 1721 ’
1484 1690 1597 1758 καὶ,
1658 1688 1821 1758 Ζηλῶ
1876 1690 1977 1765 γὰρ

2091 1709 2223 1748 eum
2261 1691 2369 1759 illi,
2406 1691 2506 1763 qui
2567 1690 2660 1745 his
2705 1690 2892 1746 verbis
2951 1690 3269 1745 utebantur
3302 1688 3463 1743 :Zelo
3518 1689 3734 1743 celatus

325 1782 465 1854 ὑμᾶς
525 1784 658 1834 Θεοῦ
720 1777 915 1850 ζήλῳ·
974 1776 1084 1847 καὶ,
1144 1779 1200 1829 Ὁ
1260 1777 1429 1847 ζῆλος
1502 1782 1599 1833 τοῦ
1678 1776 1829 1833 ο⁴ίκου
1884 1799 1977 1833 σου

2091 1798 2206 1835 sum
2232 1797 2335 1852 pro
2363 1781 2593 1836 Domino
2623 1781 3001 1850 omnipotente
3033 1777 3076 1813 ⁸⁵
3113 1797 3126 1846 ;
3160 1777 3498 1843 et,xEmulor
3530 1793 3618 1832 vos
3640 1778 3743 1831 De!

323 1868 688 1947 καταφάγεταί
723 1889 789 1940 με
814 1887 827 1899 ο
858 1868 945 1921 καὶ
979 1870 1041 1920 ού
1090 1864 1337 1941 λέγοντες
1385 1872 1547 1921 τοῦτο
1604 1867 1786 1941 μόνον,
1837 1866 1977 1922 ἀλλᾶ

2091 1871 2443 1926 aemulatione
2471 1870 2549 1936 “;
2582 1872 2659 1934 et,
2694 1868 2850 1922 Zelus
2880 1868 3070 1922 domus
3102 1870 3209 1922 tuae
3261 1864 3493 1921 comedit
3521 1881 3608 1920 me
3636 1865 3679 1898 ‘7
3716 1881 3730 1920 :

325 1960 414 2015 καὶ
458 1959 783 2033 πάσχοντες.
832 1954 1008 2010 Καλὸν
1076 1955 1422 2029 ὑποπιασμὸς
1489 1958 1601 2029 (33)
1677 1957 1929 2028 σώματος
1966 1976 1978 1989 ·

323 2048 414 2103 καὶ
444 2046 675 2101 πειθέτω
706 2067 764 2100 σε
812 2043 1049 2114 Παῦλος,
1102 2044 1284 2099 ἑαυτὸν
1333 2042 1409 2099 ἔτι
1459 2044 1848 2119 παιδαγωγῶν,
1891 2043 1980 2099 καὶ

325 2132 515 2215 φοϐῶν
544 2134 632 2189 διὰ
659 2139 759 2190 τοῖ’)
804 2133 1025 2209 Ἰσραήλ
1075 2133 1203 2196 τοὺς
1257 2135 1467 2196 δαυτοῖς
1517 2133 1845 2210 θαρροῦντας
1891 2134 1981 2188 καὶ

327 2225 567 2304 ἐφιέντας
627 2226 739 2297 (34)
794 2227 873 2294 τῷ
934 2223 1185 2295 σώματι-
1244 2221 1332 2277 καὶ
1395 2223 1603 2293 Ἰησοῦς
1662 2222 1819 2283 αὐτὸς
1878 2244 1979 2292 νη-

328 2315 551 2383 στεύων,
606 2311 694 2367 καὶ
764 2311 1177 2385 πειραζόμενος,
1248 2312 1337 2366 καὶ
1412 2316 1571 2366 νικῶν
1638 2311 1729 2365 τὸν
1798 2312 1982 2386 πειρά-

334 2410 507 2473 ζοντα.
557 2401 732 2457 Καλὸν
765 2402 1051 2476 προσευχὴ
1095 2401 1185 2455 καὶ
1242 2400 1545 2476 ἀγρυπνία·
1602 2400 1691 2455 καὶ
1749 2399 1979 2463 πειθέτω

332 2515 389 2548 σε
420 2492 549 2553 Θεὸς
589 2494 871 2567 ἀγρυπνῶν
905 2491 1011 2566 πρὸ
1056 2494 1152 2544 τοῦ
1200 2489 1423 2557 πάθους,
1469 2491 1555 2544 καὶ
1603 2490 1980 2565 προσευχόμε-

332 2601 445 2641 νος.
501 2577 675 2633 Καλόν
734 2577 940 2652 ἁγνεία,
992 2575 1081 2631 καὶ
1128 2576 1419 2651 παρθενία·
1483 2576 1570 2631 καὶ
1636 2576 1865 2640 πειθέτω
1924 2597 1981 2630 σε

333 2667 549 2729 Παῦλος
589 2668 711 2743 περὶ
758 2666 967 2721 τούτων
1015 2667 1342 2737 νομοθετῶν,
1403 2666 1491 2719 καὶ
1559 2661 1835 2741 βραϐεύων
1897 2664 1979 2719 δι-

327 2758 493 2819 καίως
526 2758 689 2831 γάμῳ
736 2756 824 2810 καὶ
875 2753 1101 2830 ἀγαμίᾳ,
1152 2755 1241 2809 καὶ
1298 2755 1504 2824 Ἰησοῦς
1553 2754 1711 2816 αύτὸς
1745 2753 1803 2808 ἐκ
1836 2760 1980 2830 Παρ-

328 2846 484 2903 θένου
543 2847 899 2921 γεννώμενος,
955 2842 1048 2897 ’ίνα
1103 2843 1192 2898 καὶ
1264 2844 1509 2919 γέννησιν
1584 2846 1812 2919 τιμήσῃ,
1887 2844 1975 2899 καὶ

328 2938 647 3009 προτιμήσῃ
690 2933 999 3006 παρθενίαν.
1069 2934 1241 2987 Καλὸν
1308 2932 1621 3009 ἐγκράτεια·
1688 2932 1777 2988 καὶ
1854 2954 1976 2988 πει-

332 3024 471 3087 θέτω
524 3045 580 3078 σε
648 3018 811 3077 Δαϐὶδ
881 3022 1045 3091 ἡνίκα
1111 3026 1206 3076 τοῦ
1275 3021 1325 3075 ἐν
1406 3020 1651 3095 Βηθλεὲμ
1717 3023 1976 3098 ἐκράτησε

332 3112 583 3189 φρέατος,
636 3112 710 3184 μή
766 3112 928 3183 πιὼν,
974 3110 1117 3165 ἀλλὰ
1164 3110 1380 3173 σπείσας
1432 3110 1591 3184 μόνον
1623 3115 1718 3166 τοῦ
1758 3110 1972 3185 ὕδατος,

338 3198 479 3272 μηδὲ
509 3199 881 3275 ἀνασχόμενος
914 3196 1050 3254 ἴδιον
1085 3197 1374 3276 πληρῶσαι
1405 3202 1574 3262 πάθος
1606 3200 1656 3255 ἰν
1693 3198 1974 3276 ἀλλοτρίῳ

327 3311 539 3362 αιματι.

2092 1974 2198 2014 nec
2246 1957 2438 2013 solum
2488 1957 2597 2012 hoc
2646 1956 2938 2019 dicebant,
3003 1957 3103 2012 sed
3153 1954 3331 2010 etiam
3380 1954 3729 2009 sentiebant.

2090 2046 2339 2101 Pulchra
2369 2063 2461 2102 res
2491 2045 2747 2116 corporis
2780 2044 3104 2117 castigatio;
3140 2043 3197 2097 id
3230 2043 3334 2098 tibi
3359 2042 3576 2097 Paulus
3604 2059 3731 2113 per-

2091 2137 2354 2203 suadeat,
2390 2135 2651 2206 seipsum
2685 2134 2877 2189 adhuc
2910 2134 3146 2188 domans
3168 2137 3225 2187 et
3272 2148 3542 2187 coercens
3568 2132 3632 2200 ‘8,
3666 2146 3732 2186 ac

2091 2241 2192 2296 per
2224 2223 2517 2291 Israelem,
2550 2223 2646 2291 iis,
2679 2223 2779 2294 qui
2812 2223 2921 2278 sibi
2954 2222 3100 2294 ipsis
3141 2222 3351 2288 fidunt,
3386 2221 3732 2292 corporique

2091 2313 2419 2385 indulgent,
2472 2317 2753 2367 terrorem
2804 2311 3111 2383 injiciens;
3147 2314 3320 2381 atque
3367 2311 3510 2365 adeo
3556 2310 3731 2364 Jesus

2089 2402 2216 2474 ipse
2237 2403 2539 2474 jejunans,
2573 2404 2747 2472 atque
2777 2400 3163 2455 tentationem
3209 2399 3473 2467 subiens,
3518 2405 3575 2454 et
3603 2402 3729 2453 ten-

2088 2495 2333 2546 tatorem
2366 2507 2652 2562 superans
2680 2491 2743 2545 ‘9.
2778 2489 3027 2545 Pulchra
3057 2506 3148 2545 res
3185 2490 3368 2544 oratio
3398 2493 3457 2545 et
3484 2488 3683 2560 vigilia
3714 2505 3726 2543 :

2089 2581 2267 2651 hujus
2298 2579 2378 2635 rei
2407 2580 2583 2635 fidem
2615 2580 2720 2634 tibi
2766 2579 2942 2636 faciat
2988 2580 3182 2647 Jesus,
3230 2582 3362 2633 ante
3396 2578 3729 2650 passionem

2087 2669 2333 2741 vigilans
2365 2668 3151 2740 precibusqueimcumbens
3202 2669 3265 2722 ³ο.
3326 2666 3580 2722 Pulchra
3637 2684 3730 2722 res

2088 2757 2435 2813 castimonia
2458 2762 2515 2813 et
2530 2758 2835 2829 virginitas
2865 2776 2877 2825 ;
2912 2758 3086 2813 ﬁdem
3110 2757 3288 2812 Paulo
3309 2758 3615 2827 arrega,de
3637 2756 3729 2811 his

2086 2848 2261 2903 rebus
2291 2847 2448 2919 leges
2480 2847 2780 2913 statuenti,
2813 2863 2879 2902 ac
2910 2846 3266 2902 matrimonii
3297 2850 3354 2900 et
3380 2845 3729 2917 virginitatis

2086 2936 2540 2992 controversiam
2571 2936 2905 3007 aequissime
2962 2935 3312 3007 disceptanti
3370 2935 3438 3000 δι,
3498 2933 3727 3005 ipsique

2085 3025 2259 3080 etiam
2292 3025 2530 3095 Jesu,ex
2558 3024 2782 3095 virgine
2809 3023 3092 3092 nascenti,
3117 3027 3180 3078 ut
3210 3027 3267 3078 et
3295 3022 3728 3094 generationem

2083 3113 2305 3170 honore
2336 3113 2574 3180 efﬁciat,
2618 3117 2675 3168 et
2720 3112 3119 3185 virginitatem
3170 3111 3389 3167 honore
3441 3112 3729 3184 praferat.

2086 3202 2330 3260 Pulchra
2366 3219 2458 3257 res
2487 3202 2848 3258 continentia
2881 3227 2895 3269 ;
2929 3204 3159 3257 moveat
3187 3205 3243 3255 te
3269 3201 3502 3256 Davidis
3534 3206 3733 3256 aucte-

2086 3292 2250 3356 ritas,
2285 3292 2507 3363 qui,ut
2564 3290 3011 3347 Bethleemiticaa
3069 3290 3331 3346 cisternas
3390 3290 3560 3362 cepia
3618 3290 3732 3362 ipsi

330 3381 483 3437 facta
512 3384 621 3452 est,
658 3380 900 3437 minime
929 3381 1077 3437 bibit
1107 3382 1173 3453 '9,
1198 3398 1398 3437 verum
1431 3398 1644 3454 aquam
1674 3385 1903 3438 tantum
1936 3380 2159 3453 libavit,
2191 3398 2296 3437 nco
2328 3381 2540 3437 adduci
2576 3380 2768 3452 potuit
2798 3386 2863 3436 ut
2900 3380 3061 3435 sitim
3108 3396 3278 3436 snam
3328 3397 3429 3451 per
3477 3380 3734 3436 alienum

325 3486 588 3527 cruorem
624 3469 896 3542 expleret.

398 3559 468 3613 A'.
512 3557 689 3612 Καλὸν
738 3557 940 3633 ἐρημία
977 3558 1066 3613 καὶ
1134 3556 1339 3634 ἡσυχία
1388 3561 1536 3633 (35)·
1597 3560 1687 3614 καὶ
1736 3557 1975 3614 διδάσκει

329 3666 395 3718 με
439 3646 467 3699 ὁ
518 3645 814 3721 Κάρμηλος
872 3645 1082 3717 Ἠλίου,
1122 3646 1156 3715 ἢ
1209 3646 1415 3723 ἕρημος
1470 3647 1744 3719 Ἰωάννου,
1796 3650 1974 3717 Ἰησοῦ

324 3734 385 3788 τὸ
442 3730 590 3809 ὄρος,
654 3734 731 3796 εἷς
781 3734 811 3788 ὅ
866 3733 1137 3796 πολλάκις
1198 3735 1498 3813 ἀναχωρῶν
1559 3737 1817 3814 φαίνεται,
1884 3739 1973 3791 καὶ

323 3824 441 3876 καθ’
472 3822 704 3896 ἡσυχίαν
767 3823 939 3894 ἑαυτῷ
997 3823 1384 3899 συγγινόμενος
1435 3828 1568 3898 (36).
1621 3826 1794 3879 Καλὸν
1827 3829 1861 3894 ἡ
1896 3826 1976 3880 εύ-

321 3910 506 3965 τέλεια
561 3912 710 3983 (37)·
763 3910 850 3964 καὶ
908 3908 1145 3965 διδάσκει
1208 3933 1275 3985 με
1329 3910 1518 3974 Ἡλίας
1576 3913 1975 3985 ἀναπαυόμενος

320 4001 467 4072 παρὰ
514 4001 686 4074 χήρᾳ,
756 3998 1011 4069 Ἰωάννης
1089 4000 1226 4073 θριξὶ
1300 4002 1560 4072 καμήλου
1621 4000 1972 4073 σκεπόμενος,

324 4089 527 4163 Πέτρος
590 4088 846 4164 ἀσσαρίου
895 4087 1117 4164 θέρμοις
1162 4088 1510 4166 τρεφόμενος.
1563 4087 1737 4144 Καλὸν
1788 4092 1821 4158 ἡ
1879 4110 1972 4144 τα-

324 4178 746 4255 πεινοφροσύνη,
773 4178 863 4231 καὶ
893 4176 1079 4233 πολλὰ
1110 4176 1333 4247 ταύτης,
1382 4176 1471 4232 καὶ
1515 4175 1860 4253 πολλαχόθεν
1909 4178 1976 4232 τὰ

2158 3561 2243 3617 IV.
2277 3560 2529 3617 Pulchra
2575 3578 2669 3618 res
2718 3560 2973 3617 solitudo
3041 3565 3099 3615 et
3147 3560 3345 3631 quies;
3409 3558 3585 3629 idque
3640 3575 3733 3614 me

2083 3651 2251 3705 docet
2283 3650 2415 3705 Elite
2459 3650 2763 3706 Carmelus
2811 3652 2878 3717 ⁵³,
2938 3650 3182 3706 Joannis
3244 3650 3537 3705 desertum
3570 3650 3635 3713 ⁵⁵,
3668 3665 3733 3703 ac

2084 3756 2254 3795 mons
2286 3740 2330 3773 ⁸⁸
2360 3740 2614 3811 denique
2648 3739 2765 3808 ille,
2791 3740 2850 3793 in
2882 3756 3056 3810 quem
3107 3740 3310 3795 Jesum
3363 3754 3513 3803 saepe
3546 3754 3732 3792 seces-

2083 3828 2248 3893 sisse,
2306 3844 2629 3899 secumque
2678 3827 2912 3882 silentio
2962 3831 3261 3883 versatum
3331 3842 3459 3880 esse
3507 3829 3737 3880 constat

2083 3916 2333 3972 Pulchra
2364 3933 2454 3971 res
2486 3917 2674 3971 victus
2718 3916 2975 3971 tenuitas
3011 3941 3025 3981 ;
3059 3916 3409 3969 documento
3457 3914 3602 3967 mihi
3649 3918 3739 3969 est

2081 4003 2237 4058 Elias
2266 4004 2331 4072 ⁸⁸,
2364 4004 2464 4074 qui
2496 4004 2648 4074 apud
2696 4003 2930 4057 viduam
2972 4002 3360 4070 reficiebatur,
3390 4001 3644 4058 Joannes
3666 4004 3731 4069 ⁵⁷,

2084 4092 2182 4163 qui
2215 4092 2418 4147 cameli
2451 4091 2587 4163 pilis
2618 4091 3283 4162 tegebatur,Petrus,qui
3314 4090 3533 4161 lupinis
3556 4092 3731 4147 unico

2085 4198 2215 4237 asse
2231 4181 2447 4253 emptis
2471 4180 3018 4237 alebatur.Pulchra
3038 4198 3131 4236 res
3153 4180 3734 4255 humilitas,ejusque

328 4264 717 4341 ὑποδείγματα,
778 4265 865 4319 καὶ
911 4266 1016 4341 πρὸ
1066 4270 1173 4319 τῶν
1227 4264 1435 4338 ἄλλων,
1478 4268 1505 4321 ὁ
1535 4264 1743 4321 πάντων
1777 4268 1973 4343 Σωτὴρ

2091 4270 2271 4327 multa
2287 4269 2552 4342 exempla
2570 4270 2791 4341 passim
2813 4274 3138 4341 exstant,ac
3158 4277 3281 4341 prae
3306 4270 3438 4326 aliis
3464 4272 3731 4327 omnium

326 4354 417 4409 καὶ
477 4353 776 4424 Δεσπότης,
832 4354 894 4408 ού
950 4354 1289 4416 ταπεινώσας
1348 4356 1531 4410 ἑαυτὸν
1593 4355 1757 4429 μόνον
1809 4354 1973 4430 μέχρι

2091 4360 2350 4416 Salvator
2379 4376 2445 4415 ac
2477 4359 2783 4426 Dominus,
2826 4360 2931 4430 qui
2984 4376 3096 4415 non
3140 4360 3312 4415 modo
3364 4360 3624 4433 seipsum
3657 4363 3728 4418 ad

326 4442 529 4497 δούλου
564 4418 799 4518 μορφῆς,
848 4440 971 4497 οὐδὲ
1016 4442 1078 4497 τὸ
1124 4443 1416 4518 πρόσωπον
1470 4418 1700 4521 αἰσχύνῃ
1758 4418 1973 4507 ὑποθεὶς

2091 4466 2273 4520 usque
2303 4450 2452 4505 servi
2477 4449 2724 4504 formam
2759 4418 2970 4519 dejiecit
2999 4449 3145 4515 “hac
3178 4418 3483 4520 sputorum
3517 4452 3728 4522 probro

323 4532 747 4604 ἐμπτυσμάτων,
798 4533 887 4585 καὶ
936 4533 1068 4604 μετὰ
1117 4536 1224 4587 τῶν
1252 4533 1471 4607 ἀνόμων
1501 4532 1798 4610 λογισθεὶς,
1827 4535 1855 4589 ὁ
1885 4535 1975 4589 τὸν

2091 4543 2141 4593 et
2173 4537 2541 4593 contumelias
2574 4538 2781 4593 faciem
2816 4537 3147 4609 supposuit,
3181 4542 3236 4592 et
3263 4555 3396 4593 cum
3428 4538 3728 4595 sceleratis

394 4631 438 4704 ’_7
466 4630 671 4686 Matth.
704 4647 854 4697 XXVI,
888 4633 979 4686 53.
1057 4634 1099 4667 ³⁸
1133 4633 1269 4687 Luc.
1302 4652 1439 4702 xxu,
1473 4635 1563 4689 50.
1642 4636 1687 4670 ³⁸
1710 4634 1852 4690 ibid.
1884 4634 1974 4688 51.

2091 4637 2246 4691 Ἀοι.
2280 4652 2377 4702 vn,
2410 4636 2500 4689 59.
2603 4637 2648 4690 ⁴Ἰ
2682 4635 2855 4690 Num.
2888 4651 2987 4701 ιιι,
3019 4637 3071 4690 3.
3180 4636 3224 4670 ⁴²
3260 4635 3407 4691 Psal.
3458 4654 3643 4704 exui,
3672 4638 3729 4693 4.

322 4703 367 4778 ff
401 4702 513 4778 Isa.
545 4718 680 4769 xm,
713 4706 917 4778 ξλιιιι,
943 4705 1002 4764 7.
1095 4704 1152 4778 _“
1181 4705 1352 4761 Num.
1395 4723 1525 4777 xxv,
1556 4708 1613 4760 7.
1690 4706 1734 4740 ‘5
1765 4706 1842 4761 III
1901 4706 1977 4761 Re

2098 4724 2213 4778 ιιι,
2275 4708 2360 4761 14.
2438 4707 2559 4762 “II
2617 4709 2745 4764 Cor.
2806 4723 2883 4761 xI.
2938 4708 2995 4778 2,
3070 4708 3111 4741 ‘7
3172 4706 3322 4762 Psal.
3383 4725 3576 4773 vam,
3631 4702 3728 4766 ⁷10.

321 4775 364 4851 ff
396 4775 565 4851 [ρος.
600 4790 676 4840 1x,
707 4774 798 4828 27.
870 4775 928 4851 ff
951 4775 1153 4851 Matth.
1188 4778 1312 4843 1v,4
1351 4794 1481 4849 sqq.
1510 4774 1840 4851 iif°iMatth.
1881 4774 2047 4851 xxvi,
2091 4774 2209 4834 36(
2246 4778 2295 4851 ,δ’
2326 4779 2457 4851 per.
2490 4795 2613 4847 vm,
2667 4780 2755 4833 25.
2798 4777 2981 4851 ψεῖ-ΙΙ
3012 4782 3177 4851 ΑΒθε.
3236 4796 3398 4843 xxm;
3466 4781 3532 4834 15
3586 4796 3723 4851 sqq.

318 4846 363 4970 εἰ
396 4846 471 4970 [EI
504 4846 643 4917 Reg.
671 4862 834 4914 xvm,
866 4846 960 4903 32.
1045 4846 1090 4881 5‘
1121 4847 1257 4903 Luc.
1292 4865 1335 4918 1,
1365 4846 1460 4905 80:
1531 4850 1575 4884 ⁵⁵
1605 4850 1813 4906 Matth.
1840 4866 1957 4919 xw,

324 4934 339 4969 ι
372 4958 385 4970 .
464 4957 476 4969 .

2151 4851 2195 4886 ³⁸
2217 4850 2291 4905 ΙΙΙ
2324 4850 2463 4922 Reg.
2487 4867 2619 4922 xvu,
2650 4852 2703 4905 9.
2787 4850 2828 4883 ⁵⁷
2862 4848 3071 4916 Matth,
3124 4846 3210 4905 ἷιι.
3245 4851 3296 4905 4.
3375 4851 3419 4885 ⁶⁹
3468 4846 3723 4923 Philipp.

531 5001 872 5082 Machvirtv.
908 5006 1022 5082 Qr._
1036 5006 1091 5076 2,
1125 5002 1477 5077 Μαδιανίτην.

2091 5009 2328 5073 videtur,
2362 5010 2439 5065 Ed
2454 5053 2465 5064 .
2478 5050 2506 5082 ,g
2525 5007 2841 5082 ἐπαφιέντας
2856 5052 2868 5064 .

392 5074 506 5146 (30)
535 5074 667 5130 Ἵνα.
699 5081 837 5148 Reg.
874 5079 974 5149 ph,
1002 5074 1088 5132 ἶν’.
1413 5074 1420 5077 ’

392 5145 501 5205 [31)
527 5144 628 5200 Καὶ
662 5144 1005 5205 ὀνομασθείς.
1039 5154 1149 5205 etc.
1202 5173 1232 5201 ‹‹
1282 5153 1362 5205 Ac
1392 5151 1530 5205 inde
1586 5167 1801 5205 nomen
1859 5150 1971 5205 sibi

2152 5081 2265 5205 (352
2307 5074 2545 5164 Ἐρημία
2588 5074 2681 5163 καὶ
2718 5078 2953 5164 ⁵ἡσυχίοι⁶
3005 5079 3235 5136 Nicetes
3268 5095 3282 5134 :
3315 5081 3349 5148 ἡ
3384 5078 3435 5133 ἐν
3493 5082 3728 5154 μονώσει

2091 5152 2221 5205 how
2256 5173 2306 5205 α.
2341 5175 2369 5203 ‹‹
2404 5171 2462 5205 1n
2496 5152 2811 5205 solitudine
2838 5168 3023 5205 ames.
3060 5174 3088 5202 ››

388 5144 501 5227 (31)
527 5144 1005 5227 ῌαὶιόνομασθείς,
1039 5154 1149 5227 etc.
1202 5173 1232 5201 (ι
1266 5153 1362 5227 _Ac
1392 5151 1530 5207 inde
1586 5167 1801 5207 nomen
1859 5150 1971 5207 sibi

2091 5144 2462 5227 ἡσυχίααί-ἱῆ
2496 5144 2811 5227 solitudine
2838 5144 3023 5227 quies.
3060 5174 3088 5202 ››

388 5171 501 5214 (οι)
527 5171 628 5200 κιαι
662 5171 1005 5219 ονομασυεις,
1039 5171 1149 5205 ew.
1202 5173 1232 5201 (ι
1282 5171 1362 5207 ΛΟ
1392 5171 1530 5207 Illae
1586 5171 1801 5207 nomen
1859 5171 1971 5207 SlDl

319 5216 455 5272 fecit
490 5233 501 5271 :
538 5217 812 5333 inclytus,
843 5220 1092 5276 celebris
1123 5223 1325 5277 evasit.
1360 5246 1387 5271 »

389 5290 504 5333 (22)
539 5294 644 5333 ΚΗΓ)
674 5312 718 5333 ω
774 5291 866 5333 nr,
904 5292 937 5333 ε)
968 5292 1130 5333 aridi}
1186 5294 1577 5333 πηυφηνῆᾶ-γηην
1640 5316 1667 5333 η
1702 5294 1970 5333 nmninn-

2091 5171 2183 5220 ησυ
2235 5171 2306 5215 ια,
2341 5175 2369 5203 ((
2404 5171 2462 5208 ιη
2496 5171 2811 5208 δοιιιυαιῐιθ
2838 5171 3023 5222 (111188.
3060 5174 3088 5202 ))

2150 5171 2263 5294 (ᾖ)
2296 5222 2396 5279 Καὶ
2427 5224 2543 5277 καθ’
2573 5222 2803 5297 ἡσυχίαν
2838 5222 3011 5292 ἐαυτῷ
3040 5221 3442 5297 συγγινόμενος,
3476 5248 3503 5275 ‹‹
3540 5225 3726 5280 Silen-

2091 5295 2159 5333 I’in
2191 5313 2387 5333 annum
2447 5313 2549 5333 non
2589 5296 2925 5333 aniihlriiniu
2973 5295 3457 5333 frnnnnillifnfam
3533 5313 3723 5333 uos-an-

389 5290 504 5357 (32)
539 5290 868 5367 κυρίων-ΟΡ.
968 5292 1607 5367 ιιᾴἀξῑμπαντοκράτορι,
1640 5316 1667 5342 ‹‹
1702 5294 1970 5365 omnipo-

2091 5290 2412 5363 tiosecum,
2447 5313 2549 5367 per
2589 5290 2926 5367 solitudinis
2973 5290 3484 5363 tranquillitatem,
3533 5313 3723 5350 versa-

319 5366 496 5448 teu'tg.
527 5362 669 5448 :z‘lta
702 5362 879 5448 etiam
912 5363 1052 5448 legit
1086 5364 1314 5421 Billius.
1532 5362 1540 5367 ’
1717 5435 1727 5448 ‘
2080 5372 2227 5448 tum.
2265 5390 2295 5448 r_
2321 5362 2621 5448 Non-bene
2646 5366 2876 5448 ‘Billius,
2910 5389 2939 5415 «
2973 5362 3170 5448 animo
3200 5368 3424 5448 quiete.
3468 5390 3494 5448 ξ)
3528 5368 3724 5448 Chris-

322 5502 329 5511 _
391 5434 918 5513 (33).ἰὶ’ποπιασμός.
955 5436 1051 5490 Sic
1095 5437 1584 5513 omnesAcodices,
1642 5435 1727 5490 vel
1791 5437 1968 5513 etiam
2080 5443 2176 5493 tus
2206 5440 2360 5513 enim
2392 5445 2545 5513 certe
2580 5434 2950 5513 fuitgsemper
2993 5463 3019 5488 ‹‹
3073 5434 3268 5494 animo
3327 5438 3545 5510 quiete,
3607 5440 3725 5493 sive

318 5505 374 5555 in
427 5505 809 5578 quibusdam,
860 5505 1240 5578 ὑπωπιασμός.
1296 5510 1356 5563 ῘΠ
1418 5509 1591 5563 editis
1630 5524 1793 5578 vero,
1838 5506 1970 5560 ὑπο-

2091 5515 2259 5571 extra,
2281 5510 2400 5565 sive
2419 5511 2572 5565 intra
2599 5505 2997 5566 solitudinem.

2153 5583 2261 5652 (37)
2294 5578 2567 5634 Εὐτέλεια.
2609 5606 2628 5631 «ι
2680 5582 3067 5645 Parcimenia,
3114 5581 3326 5646 vilitas,
3377 5582 3656 5644 tenuitas,
3696 5605 3721 5629 ››

2080 5669 2194 5707 non
2225 5655 2281 5707 in
2304 5654 2462 5708 victu
2494 5658 2747 5720 tantum,
2779 5654 2879 5710 sed
2909 5653 3085 5710 etiam
3117 5653 3176 5708 in
3200 5654 3435 5719 vestitu,
3468 5653 3725 5711 utallata

2079 5724 2347 5797 exempla
2376 5725 2802 5781 demonstrant.

320 5592 830 5732 Ϊιῖἕεῑξίῐφιξνταςε
864 5649 961 5732 Sic
1001 5648 1207 5732 plures
1233 5650 1409 5732 Regg.
1435 5655 1517 5732 “et
1565 5650 1967 5732 Qolbert.,._Qr.

320 5715 375 5781 2,
407 5722 464 5772 et
492 5715 617 5789 δυο,
646 5720 780 5786 Quae
810 5715 1094 5789 lectio,'ut
1114 5715 1513 5793 vulgatidrﬁta
1542 5724 1599 5776 et
1617 5715 1973 5793 probabilior
