4146 6290
339 345 459 407 863

1582 353 1650 413 S.
1698 352 2069 414 GREGORII
2112 352 2507 414 THEOLOGI

3639 354 3761 415 864

339 484 648 552 reputatus
677 484 767 537 est
796 482 860 549 ³ο,
894 482 1344 555 is,inquam,qui
1386 485 1675 540 mundum
1710 503 1743 540 a
1773 486 1990 557 peccati

2106 482 2311 555 κόσμον
2358 482 2628 559 καθαίρων
2682 490 2781 553 τῆς
2832 484 3116 560 ἁμαρτίας,
3166 482 3310 538 ἀλλά
3354 483 3444 538 καὶ
3494 486 3603 538 τῶν
3657 504 3765 555 μα-

334 570 584 625 maculis
614 570 908 642 expiabat,
931 572 1031 626 sed
1065 572 1240 627 etiam
1274 571 1697 644 discipulorum
1731 574 1905 645 pedes
1928 574 1986 629 in

335 657 539 713 habitu
574 658 766 714 servili
800 659 985 714 abluit
1015 661 1079 715 ⁶⁰.
1100 660 1351 716 Pulchra
1382 679 1471 717 res
1502 662 1700 734 inopia
1731 667 1787 718 et
1817 679 1987 735 pecu-

336 747 569 802 niarum
601 749 957 820 contemptio
985 750 1138 805 260
1165 768 1177 818 ;
1212 752 1378 805 testis
1400 756 1489 807 est
1506 752 1988 823 Zachmus,atque

332 838 509 892 etiam
543 836 818 892 Dhristus
853 856 865 893 :
904 836 1018 903 ille,
1054 840 1192 893 dum
1240 840 1467 895 Christo
1520 842 1761 895 domum
1816 859 1986 897 suam

336 924 689 996 ingredienti
750 942 889 981 ones
952 928 1372 998 propemodum
1432 947 1569 1001 opes
1637 947 1777 985 suas
1836 931 1986 985 dono

335 1012 551 1069 obtulit
580 1014 658 1081 ⁶¹;
694 1013 787 1069 hic
820 1015 960 1069 dum
994 1016 1157 1071 diviti
1190 1016 1273 1070 illi
1314 1018 1634 1089 perfectam
1666 1019 1845 1073 vitam
1878 1019 1987 1074 hac

339 1118 398 1157 re
428 1102 691 1157 definivit
721 1104 788 1158 ⁸2.
818 1105 1028 1175 Atque,
1081 1110 1144 1160 ut
1190 1107 1663 1178 compendiosius
1694 1108 1885 1162 adhuc
1918 1109 1987 1163 de

337 1191 434 1247 bis
465 1192 640 1247 rebus
688 1192 916 1264 loquar,
979 1193 1221 1264 pulchra
1276 1212 1367 1251 res
1396 1201 1485 1251 est
1546 1196 1983 1268 contemplatio,

339 1279 585 1352 pulchra
613 1280 753 1336 item
785 1282 970 1349 actio;
1007 1283 1106 1338 illa
1137 1283 1272 1339 hinc
1322 1301 1641 1355 assurgens
1687 1289 1861 1357 atque
1914 1287 1984 1340 ad

336 1368 551 1425 Sancta
573 1374 909 1427 sanctorum
937 1373 1699 1445 contendens,mentemque
1723 1379 1985 1431 nostram

337 1459 409 1515 ad
441 1457 522 1527 id,
557 1459 715 1530 quod
745 1458 858 1532 ipsi
891 1466 1205 1533 cognatum
1237 1463 1641 1527 est,reducens
1676 1482 1687 1531 ;
1723 1464 1986 1519 hmcvero

335 1548 633 1605 Christum
664 1550 1591 1623 excipiens,eiqueinservisns,ac
1621 1553 1735 1609 vim
1769 1553 1987 1609 amoris

337 1654 442 1711 per
473 1654 650 1710 opera
680 1638 969 1696 indicans.

407 1727 475 1781 V.
517 1731 739 1783 Horum
786 1729 1249 1801 unumquodque
1302 1747 1419 1785 una
1477 1732 1743 1803 quaedam
1778 1730 1986 1787 salutis

338 1816 432 1872 via
461 1819 751 1888 est,atque
782 1818 853 1872 ad
885 1816 1141 1889 aliquam
1165 1818 1404 1874 omnino
1424 1820 1727 1876 beatarum
1752 1820 1985 1876 illarum

335 1909 393 1963 et
422 1909 769 1962 mternarum
803 1908 1177 1963 mansionum
1203 1909 1423 1965 ducens
1453 1928 1464 1964 :
1499 1910 1976 1981 quandoquidem

339 1999 403 2050 ut
432 1993 574 2050 varii
608 1994 857 2050 vitarum
890 1994 1169 2066 delectus,
1203 1996 1285 2052 ita
1316 1998 1513 2055 multae
1545 2015 1777 2070 quoque
1822 2000 1976 2070 apud

338 2087 520 2141 Deum
553 2084 889 2140 mansiones
921 2090 1061 2140 sunt
1089 2087 1153 2151 ⁵³,
1184 2104 1311 2157 quae
1343 2089 1556 2159 cuique
1614 2106 1716 2159 pro
1776 2089 1980 2143 merito

334 2188 443 2229 suo
472 2177 530 2228 et
556 2172 837 2245 dignitate
897 2174 1238 2230 dividuntur
1294 2181 1351 2231 et
1408 2177 1864 2233 distribuuntur.
1901 2184 1980 2231 Ac

338 2261 579 2335 proinde
609 2262 761 2318 alius
793 2262 937 2319 hanc
971 2265 1253 2320 virtutem
1287 2266 1529 2337 excolat,
1586 2267 1737 2323 alius
1795 2266 1978 2335 illam,

340 2350 493 2407 alius
536 2349 753 2423 plures,
804 2352 975 2420 alius,
1046 2354 1095 2409 si
1148 2355 1267 2410 ﬁeri
1319 2361 1522 2426 potest,
1586 2374 1789 2412 omnes
1825 2374 1837 2412 :
1873 2357 1982 2412 hoc

340 2444 573 2497 tantum
606 2446 759 2513 agat,
793 2448 857 2496 ut
885 2443 1205 2514 gradiatur,
1241 2449 1414 2515 atque
1436 2445 1683 2502 ulterius
1714 2448 1981 2518 progredi

340 2530 593 2597 studeat,
608 2532 982 2602 ejusque,qui
1014 2532 1165 2587 viam
1198 2538 1351 2589 recte
1383 2539 1791 2604 praemonstrat
1821 2552 1981 2606 gres-

340 2635 561 2693 susque
606 2623 836 2675 noslros
897 2621 1063 2692 regit,
1126 2638 1190 2676 ac
1223 2639 1323 2693 per
1377 2628 1686 2693 augustam
1746 2625 1893 2679 viam
1927 2630 1984 2679 et

343 2714 570 2783 portam
597 2710 668 2764 ad
702 2708 952 2765 coalcstis
984 2710 1367 2765 beatitudinis
1402 2710 1771 2767 latitudinem
1804 2713 1983 2778 ducit,

342 2798 605 2871 vestigiis
637 2798 888 2855 insistat.
925 2799 984 2854 Si
1018 2804 1234 2865 tamen,
1266 2817 1334 2855 ex
1366 2800 1550 2872 Pauli,
1593 2805 1766 2873 atque
1798 2802 1985 2872 iqsius

344 2891 521 2948 etiam
552 2890 767 2947 Christi
798 2891 1088 2947 sententia
1119 2896 1173 2947 et
1203 2892 1566 2957 auctoritate,
1615 2893 1887 2961 charitas,
1926 2900 1989 2949 ut

341 2997 577 3037 summa
604 2979 750 3051 legis
798 2984 855 3036 et
898 2981 1313 3052 prophetarum
1364 2982 1519 3051 ﬁnis,
1566 2987 1987 3054 praeceptorum

339 3070 604 3127 omnium
618 3069 876 3141 primum
895 3072 1333 3142 maximumque
1348 3072 1911 3141 censendaest“,huj
1922 3089 1989 3126 us

340 3159 696 3233 praecipuam
730 3164 956 3230 partem
986 3159 1043 3214 in
1075 3176 1140 3215 eo
1192 3160 1362 3215 sitam
1412 3177 1539 3216 esse
1572 3162 1887 3232 comperio,
1922 3166 1986 3217 ut

2097 574 2278 642 θητῶν
2317 572 2519 627 νίπτων
2571 572 2696 634 τοὺς
2743 570 2913 636 πόδας
2966 572 3017 627 ἰν
3070 569 3310 644 δουλικῷ
3354 576 3433 643 τῷ
3480 574 3757 648 σχήματι.

2099 661 2276 718 Καλὸν
2330 663 2365 730 ἡ
2416 661 2767 734 ἀκτημοσύνη
2816 662 2905 717 καὶ
2948 663 3254 737 χρημάτων
3304 660 3610 736 ὑπεροψία·
3664 662 3756 715 καὶ

2101 755 2361 825 μαρτυρεῖ
2404 755 2694 826 Ζακχαῖος,
2746 750 2834 805 καὶ
2892 752 3120 825 Χριστὸς
3172 748 3352 811 αὐτός’
3416 750 3443 803 6
3502 750 3619 821 μὲν,
3678 754 3749 823 τῇ

2099 838 2294 911 εἰσόδῳ
2342 842 2596 914 Χριστοῦ,
2651 844 2848 915 μικροῦ
2897 842 3069 895 πάντα
3108 840 3530 916 καρποφορήσας
3566 859 3578 871 ο
3615 840 3641 892 6
3674 837 3753 909 δὲ,

2095 934 2173 1000 τῷ
2229 927 2480 1000 πλουσίῳ
2532 930 2592 983 τὸ
2644 927 2851 983 τέλειον
2904 929 2953 983 ἐν
3003 929 3182 1000 τούτῳ
3249 926 3585 1003 περιορίσας.
3658 928 3756 983 Καὶ

2098 1018 2507 1092 συντομώτερον
2534 1015 2609 1071 ἔτι
2650 1017 2774 1093 περὶ
2821 1017 3028 1073 τούτων
3082 1017 3271 1089 εἰπεῖν,
3324 1016 3490 1072 καλὸν
3537 1017 3755 1092 θεωρία,

2099 1106 2188 1161 καὶ
2238 1105 2405 1161 καλὸν
2453 1106 2683 1181 πρᾶξις’
2736 1109 2771 1176 ἡ
2823 1107 2940 1179 μὲν,
2994 1105 3229 1170 ἐντεῦθεν
3273 1106 3593 1161 ἐπανιστᾶσα
3623 1109 3755 1179 (38),

2098 1197 2187 1249 καὶ
2238 1196 2311 1257 εἷς
2354 1194 2422 1250 τά
2462 1197 2626 1271 ’Ἅγια
2675 1200 2781 1251 τῶν
2838 1196 3004 1271 ἁγίων
3048 1200 3328 1272 χωροῦσα,
3378 1194 3468 1250 καὶ
3506 1196 3597 1250 τὸν
3630 1200 3751 1249 νοῦν

2096 1286 2257 1357 ἡμῶν
2303 1286 2439 1360 πρὸς
2487 1286 2550 1339 τὸ
2599 1286 2853 1360 συγγενὶς
2886 1284 3229 1360 ἐπανάγουσα
3260 1287 3371 1358 (39)
3393 1304 3405 1317 ⁸
3440 1287 3474 1353 ἡ
3509 1282 3587 1354 δὲ,
3620 1286 3751 1357 Χρι-

2096 1376 2216 1429 στὸν
2266 1371 2674 1450 ὑποδεχομένη,
2727 1374 2815 1429 xui
2867 1374 3253 1453 θεραπεύουσα,
3304 1373 3540 1435 καὶτοῖς
3575 1370 3755 1449 ἔργοις

2098 1465 2210 1538 (40)
2240 1464 2300 1519 τὸ
2332 1462 2557 1542 φίλτρον
2594 1461 2915 1540 ἐλέγχουσα.

2166 1738 2241 1788 Ε.
2287 1730 2501 1786 Τούτων
2549 1728 2773 1787 ἕκαστον
2828 1732 2926 1804 μία
2976 1753 3056 1794 τις
3109 1734 3226 1806 (41)
3274 1731 3546 1807 σωτηρίας
3606 1728 3754 1800 ὁδὸς,

2016 1823 2185 1928 Βκαὶ
2242 1821 2378 1896 πρός
2434 1843 2551 1877 τινα
2621 1822 2730 1877 τῶν
2806 1826 2985 1895 μονῶν
3061 1820 3276 1884 πάντως
3350 1821 3586 1900 φέρουσα
3639 1824 3751 1874 τῶν

2131 1914 2143 1928 τ
2239 1911 2249 1928 Ι
2451 1912 2465 1928 1
2706 1911 2718 1928 1
2874 1911 2887 1928 τ
2994 1910 3047 1928 h‘
3119 1910 3143 1928 ΙΙ
3333 1908 3357 1928 δ
3402 1911 3411 1928 1
3616 1908 3667 1928 nl

2092 1911 2328 1967 αἰωνίων
2379 1912 2468 1966 καὶ
2519 1911 2794 1987 μακαρίων
2827 1936 2835 1943 ο
2870 1910 3055 1980 ἐπειδὴ
3106 1910 3287 1986 ὥσπερ
3330 1908 3581 1987 διάφοροι
3616 1908 3747 1983 βίων

2093 2001 2345 2077 αἶ’ρὲσεις,
2406 2000 2549 2055 οὕτω
2609 1998 2698 2055 xui
2760 2001 2919 2073 μοναὶ
2978 2002 3092 2074 (42)
3150 1999 3359 2055 πολλαὶ
3410 1998 3555 2073 παρὰ
3613 2002 3753 2069 Θεῷ,

2091 2092 2226 2146 κατά
2279 2092 2378 2160 τὴν
2434 2090 2578 2161 ἀξίαν
2639 2089 2844 2162 ἑκάστῳ
2913 2088 3263 2163 μεριζόμεναί
3329 2109 3389 2143 τε
3451 2088 3540 2143 καὶ
3610 2084 3749 2141 διαι-

2093 2180 2385 2255 ρούμεναι·
2436 2180 2525 2234 καὶ
2576 2180 2603 2233 6
2657 2180 2750 2252 μὲν
2796 2176 2957 2250 τήνδε
3002 2177 3348 2253 κατορθούτω
3394 2178 3492 2245 τήν
3544 2177 3741 2249 ἀρετὴν

2091 2272 2119 2325 6
2152 2267 2208 2326 δὲ
2236 2266 2418 2339 τήνδε,
2455 2270 2482 2323 ὁ
2516 2266 2573 2323 δὲ
2600 2267 2847 2337 πλείους,
2871 2269 2899 2322 6
2932 2266 2989 2323 δὶ
3018 2270 3111 2330 τὰς
3144 2269 3335 2337 πάσας,
3388 2267 3433 2320 εἰ
3482 2265 3596 2320 οἶόν
3649 2285 3708 2318 τε
3733 2282 3749 2297 ⁵

2095 2358 2257 2432 μόνον
2303 2355 2554 2426 ὁδευὲτω,
2618 2358 2707 2413 καὶ
2770 2357 3000 2434 ἐφιέσθω
3050 2362 3147 2412 τοῦ
3214 2356 3424 2431 πρόσω,
3472 2355 3562 2410 καὶ
3611 2353 3748 2408 κατὰ

2091 2443 2260 2510 πόδας
2292 2448 2500 2510 ὲπέσθω
2528 2450 2607 2518 τῷ
2634 2444 2818 2508 καλῶς
2850 2444 3160 2522 ὀδηγοῦντι,
3208 2446 3297 2501 καὶ
3344 2442 3744 2507 κατευθύνοντι,

2092 2537 2180 2593 xui
2240 2535 2329 2592 διὰ
2373 2540 2468 2605 τῆς
2521 2539 2705 2605 στενῆς
2754 2534 2882 2591 ὁδοῦ
2931 2535 3019 2591 καὶ
3073 2535 3257 2606 πύλης
3311 2534 3399 2589 ἐπὶ
3442 2533 3507 2589 τὸ
3536 2531 3743 2592 πλάτος

2094 2625 2278 2702 ἄγοντι
2328 2630 2424 2694 τῆς
2475 2626 2671 2689 ἐκεῖθεν
2732 2625 3153 2701 μακαριότητος.
3203 2624 3268 2679 Ei’
3315 2622 3372 2679 δὲ
3412 2620 3493 2677 δεῖ
3542 2620 3745 2693 Παύλῳ

2093 2718 2182 2772 καὶ
2228 2716 2374 2787 αὐτῷ
2426 2720 2641 2791 Χριστῷ
2690 2714 3028 2787 πειθόμενον,
3078 2714 3302 2787 πρώτην
3350 2716 3458 2767 τῶν
3510 2709 3743 2765 ἐντολῶν

2094 2806 2183 2860 καὶ
2236 2805 2514 2879 μεγίστην,
2566 2803 2640 2865 ὡς
2687 2801 2981 2877 κεφάλαιον
3051 2802 3223 2875 νόμου
3291 2800 3381 2855 καὶ
3450 2802 3743 2875 προφητῶν

2094 2898 2192 2963 τὴν
2247 2893 2449 2969 ἀγάπην
2500 2887 2924 2965 ὑπολαμϐάνειν,
2972 2891 3174 2961 ταύτης
3222 2891 3284 2945 τὸ
3333 2888 3611 2965 κράτιστον
3661 2886 3749 2941 εὖ·

2099 2984 2265 3060 ρίσκω
2317 2981 2718 3061 φιλοπτωχίαν,
2770 2981 2858 3036 καὶ
2921 2983 3020 3050 τὴν
3087 2979 3212 3056 περὶ
3253 2980 3317 3034 τὸ
3369 2977 3616 3053 συγγενὲς
3668 2976 3754 3030 εύ-

2097 3071 2439 3148 σπλαγχνίαν
2494 3092 2551 3127 τε
2604 3071 2691 3126 καὶ
2750 3072 3105 3144 συμπάθειαν.
3163 3066 3350 3123 Οὐδενὶ
3428 3066 3533 3142 γὰρ
3611 3064 3755 3120 οὕτω

2098 3167 2204 3218 τῶν
2262 3161 2474 3217 πάντων
2534 3162 2668 3233 (43),
2728 3160 2803 3222 ὡς
2861 3158 3002 3232 ἐΛὲῳ
3059 3158 3189 3220 Θεὸς
3248 3156 3619 3233 θεραπεύεται,
3671 3154 3752 3209 ὅτι

340 3262 627 3321 pauperes
670 3264 867 3304 amore
923 3266 987 3304 ac
1049 3250 1445 3305 benevolentia
1504 3251 1981 3321 complectamur,

2101 3249 2241 3327 μηδὲ
2307 3250 2632 3325 οἰκειότερον
2687 3248 2828 3303 ἄλλο
2886 3248 3082 3303 τούτου
3139 3245 3277 3320 Θιῷ,
3335 3243 3396 3299 οὗ
3448 3241 3602 3306 ἕλεος
3662 3244 3754 3298 καὶ

341 3341 516 3409 atque
546 3353 771 3409 eorum,
804 3339 901 3409 qui
938 3339 1106 3395 nobis
1136 3340 1481 3411 cognatione
1513 3340 1812 3412 conjuncti
1844 3347 1987 3397 sunt

342 3425 777 3482 calamitatibus
810 3444 1165 3496 moveamur,
1202 3434 1256 3483 et
1278 3429 1808 3501 doleamus,Neque
1831 3430 1985 3484 enim

346 3514 501 3571 ullus
553 3515 791 3571 omnino
842 3516 1038 3571 cultus
1081 3517 1195 3572 Deo
1230 3518 1468 3588 perinde
1518 3524 1722 3588 gratus
1772 3523 1878 3589 est,
1926 3526 1989 3573 ut

344 3604 744 3660 misericordia
776 3606 1275 3677 (quandoquidem
1311 3624 1414 3663 nec
1460 3608 1617 3663 aliud
1664 3608 1987 3679 quidquam

344 3699 449 3750 est.
484 3695 641 3765 quod
673 3694 788 3750 Deo
822 3694 1008 3768 magis
1039 3698 1778 3768 conveniat,utpote,quem
1815 3698 1989 3754 mise-

2097 3339 2327 3410 ἄλήθεια
2355 3337 2785 3415 προπορεύονται
2846 3340 2980 3411 (44),
3037 3335 3127 3391 καὶ
3175 3338 3220 3409 ᾦ
3252 3335 3603 3410 προσοιστέον
3638 3336 3753 3407 (45)

2094 3431 2185 3484 τὸν
2221 3427 2373 3483 ἔλεον
2406 3429 2511 3502 πρὸ
2544 3435 2640 3495 τῆς
2672 3427 2901 3502 κρίσεως
2926 3446 2939 3460 ⁸
2974 3424 3099 3481 οὐδὲ
3148 3424 3311 3497 ἄλλῳ
3354 3424 3463 3478 τινὶ
3514 3422 3749 3497 μᾶλλον,

2097 3520 2131 3587 ἦ
2166 3517 2544 3596 φιλανθρωπίᾳ
2589 3518 2650 3571 τὸ
2701 3516 3085 3594 φιλάνθρωπον
3129 3511 3459 3570 ἀντιδίδοται
3483 3514 3627 3589 παρά
3655 3516 3752 3566 τοῦ

2101 3605 2324 3668 δικαίως
2357 3606 2829 3680 ἀντιμετροῦντος,
2862 3605 2947 3660 καὶ
2979 3605 3217 3666 τιθέντος
3249 3602 3300 3658 ἐν
3337 3608 3484 3678 ζυγῷ
3514 3602 3603 3656 καὶ
3635 3621 3757 3655 στα-

2102 3700 2225 3769 θμῷ
2253 3696 2341 3751 τὸν
2377 3692 2527 3750 ἔλεον
2540 3737 2551 3750 .

348 3782 601 3840 ricordia
630 3789 687 3839 et
717 3785 927 3840 veritas
960 3786 1292 3856 praecedant
1322 3787 1384 3853 ⁸⁵,
1420 3790 1474 3842 et
1500 3787 1591 3841 cui
1626 3786 2028 3842 misericordia
2056 3792 2191 3843 ante
2215 3786 2507 3857 judicium
2540 3786 2835 3842 offerenda
2865 3785 2943 3840 sit
2969 3786 3037 3852 ⁸⁸)
3070 3802 3082 3840 :
3118 3800 3222 3839 nec
3253 3783 3370 3839 ulla
3419 3782 3518 3837 alii
3542 3780 3621 3838 rei
3654 3798 3752 3851 po-

347 3874 490 3941 tius,
523 3891 703 3945 quam
737 3874 1081 3947 benignitati
1111 3876 1444 3947 benignitas
1476 3878 1547 3931 ab
1579 3892 1645 3932 eo
1667 3876 2025 3947 rependitur,
2058 3876 2159 3948 qui
2181 3877 2344 3947 juste
2372 3874 2697 3938 remetitur,
2738 3878 2914 3945 atque
2942 3873 3004 3928 in
3054 3873 3310 3944 pondere
3366 3874 3423 3926 et
3480 3885 3765 3926 mensura

351 3963 816 4020 misericordiam
852 3966 1015 4037 ponit
1043 3967 1105 4018 ⁵⁷.

420 4053 517 4107 VI.
545 4057 719 4109 Porro
750 4070 885 4109 cum
910 4056 1082 4125 juxta
1132 4059 1485 4127 praeceptum
1538 4054 1702 4122 illud,
1754 4056 1905 4125 quod
1939 4059 1995 4110 et

352 4160 486 4197 cum
517 4142 910 4212 gaudentibus
942 4146 1217 4215 gaudere,
1270 4150 1326 4199 et
1369 4162 1501 4199 cum
1555 4145 1830 4199 flentibus
1864 4146 1998 4199 ﬂere

348 4232 520 4303 jubet
548 4232 616 4299 53,
645 4232 919 4287 omnibus
951 4235 1689 4304 pauperibus,quacunque
1720 4235 1790 4288 de
1821 4251 2000 4289 causa

357 4320 637 4375 erumnis
667 4325 723 4376 et
761 4320 1148 4377 incommodis
1201 4326 1563 4393 premantur,
1615 4322 1833 4377 viscera
1866 4339 1998 4392 ape-

358 4409 473 4465 rire
506 4427 518 4465 :
553 4413 611 4465 et
653 4426 787 4465 cum
839 4411 1103 4466 homines
1164 4411 1275 4482 ipsi
1336 4428 1567 4475 sumus,
1627 4411 2005 4482 benignitatis

358 4502 574 4571 stipem
604 4500 945 4556 hominibus
976 4502 1138 4571 prius
1160 4502 1420 4557 conferre
1448 4501 1911 4565 debeamus,sive
1932 4502 2005 4556 ob

359 4590 703 4647 viduitatem
737 4606 803 4646 ea
834 4608 981 4661 opus
1014 4590 1246 4660 habeat,
1281 4591 1398 4646 sive
1419 4593 1490 4647 ob
1524 4591 1771 4647 amissos
1795 4606 2007 4661 paren-

364 4685 471 4746 tes,
506 4679 626 4735 sive
656 4680 728 4735 ob
768 4680 1059 4746 exsilium,
1118 4682 1238 4735 sive
1294 4681 1367 4735 ob
1425 4679 1797 4736 dominorum
1855 4680 2003 4735 261

434 4863 477 4897 5’
510 4866 617 4917 [εει.
645 4880 692 4929 L,
724 4864 795 4931 6;
834 4880 954 4926 Lm,
994 4863 1074 4916 12.
1177 4862 1222 4895 ⁶⁰
1251 4862 1416 4917 Joan.
1450 4879 1569 4915 xm.
1604 4862 1658 4913 5.

362 4951 501 5004 xxu,
534 4935 602 4989 36
634 4951 764 5005 sqq.

1761 4862 1801 4893 ⁶¹
1843 4860 1979 4913 Luc.
2012 4874 2127 4924 x1x,
2160 4858 2213 4912 8.
2290 4857 2337 4890 ⁶²
2366 4856 2568 4912 Matth.
2602 4872 2715 4915 χιχ,
2746 4855 2834 4907 21.
2913 4854 2957 4888 ⁸³
2986 4854 3153 4908 Joan.
3187 4869 3283 4908 x1v
3326 4853 3379 4907 2.

841 4935 885 4967 ⁸⁵⁵
916 4934 1067 4990 Psal.
1104 4951 1370 5001 Lxxxvm,
1406 4935 1490 4988 15.
1567 4934 1611 4967 ⁸⁸
1643 4934 1773 4988 Ose.
1809 4949 1909 4998 xu,
1941 4934 1990 4985 6.

2098 4930 2116 4963 "
2148 4929 2259 4983 Isa.
2295 4945 2492 4995 xxvm,
2527 4927 2613 4982 17.
2689 4927 2732 4961 ⁶⁸
2765 4927 2927 4981 Rom.
2960 4942 3063 4993 x11,
3099 4925 3185 4979 15.

2184 4054 2241 4121 ζ’.
2280 4058 2414 4106 Πᾶσι
2450 4052 2542 4124 μὲν
2593 4048 2658 4119 δὴ
2716 4054 2963 4125 πτωχοῖς
3018 4047 3285 4103 ἀνοικτέον
3333 4046 3401 4101 τά
3449 4044 3762 4121 σπλάγχνα,

2110 4143 2198 4197 καὶ
2246 4146 2361 4202 τοῖς
2418 4141 2536 4203 καθ’
2585 4142 2868 4208 ἡντιναοῦν
2943 4138 3113 4193 αἲτίαν
3179 4138 3571 4207 κακοπαθοῦσι,
3629 4136 3767 4189 κατά

2110 4232 2229 4300 τήν,
2281 4228 2491 4305 χαίρειν
2576 4230 2711 4300 μετὰ
2781 4227 3105 4303 χαιρόντων,
3182 4226 3273 4281 καὶ
3343 4224 3550 4281 κλαίειν
3633 4223 3767 4296 μετά

2112 4320 2437 4385 κλαιόντων,
2512 4317 2831 4373 κελεύουσαν
2909 4314 3137 4385 ἐντολήν
3170 4335 3182 4348 ⁸
3278 4315 3369 4371 καὶ
3460 4333 3767 4388 προεισενε-

2112 4409 2263 4464 κτὲον
2298 4410 2410 4481 (46)
2444 4408 2760 4480 ἀνθρώπους
2794 4402 2953 4468 ὄντας
2982 4405 3289 4481 ἀνθρώποις
3317 4405 3409 4458 τὸν
3442 4400 3628 4479 ἔρανον
3656 4404 3770 4472 (47)

2113 4507 2211 4567 τῆς
2243 4495 2643 4572 χρηστότητος,
2696 4496 2804 4550 ε’ἰτε
2853 4492 2943 4549 διὰ
2989 4494 3219 4569 χηρείαν
3252 4492 3513 4568 χρῄζοιεν
3543 4490 3769 4559 ταύτης,

2118 4587 2224 4642 εἷ’τε
2290 4584 2359 4641 δι’
2425 4584 2704 4662 ὀρφανίαν,
2779 4583 2886 4639 εἷ’τε
2940 4582 3266 4655 ἀποξένωσιν
3324 4578 3604 4653 πατρίδος,
3663 4576 3771 4632 siit:

2120 4674 2384 4748 ὡμότητα
2415 4672 2711 4744 δεσποτῶν,
2766 4669 2873 4728 εἴτε
2919 4670 3197 4747 ἀρχόντων
3250 4670 3467 4747 θράσος,
3517 4667 3618 4722 εἴτε
3664 4685 3763 4740 φο-

3475 4849 3521 4884 ⁶⁴
3554 4846 3768 4903 Matth.

438 5127 554 5197 (38)
586 5124 961 5179 Ἐπανιστᾶσα.
995 5124 1200 5180 Plures
1233 5126 1435 5195 Regg.,
1469 5124 1564 5176 0r.
1617 5124 1673 5187 2,
1723 5124 1777 5175 et
1813 5121 1990 5175 Nicet.

438 5197 721 5249 ανιστῶσα.
761 5198 930 5259 Recte
962 5198 1219 5259 quidem.
1256 5220 1283 5247 ‹‹
1318 5203 1358 5248 Α
1389 5194 1631 5249 terrenis
1664 5192 1982 5259 abducens,

2097 5142 2100 5166 ι
2203 5118 2316 5188 (41)
2346 5114 2457 5176 Τίς.
2492 5116 2636 5241 Reg.
2670 5116 2791 5182 bm,
2821 5119 2944 5181 τῆς.

2201 5189 2311 5259 (42)
2345 5187 2534 5243 Μοναί.
2614 5188 2663 5241 ic
2697 5186 2891 5257 plures
2926 5186 2944 5239 ί

367 5192 721 5250 ιπάνιστῶσα.
761 5198 930 5265 Recte
962 5198 1219 5267 quidem.
1256 5220 1283 5247 ‹‹
1318 5192 1631 5249 K'terrenis
1664 5192 2019 5267 abducens,»

372 5275 439 5324 ut
469 5271 551 5324 ait
596 5262 995 5332 Nicetasfxui
1044 5268 1117 5327 εἷς
1173 5268 1239 5320 τὰ
1300 5272 1463 5339 ’Ἅγια
1521 5284 1626 5315 των
1686 5262 1847 5335 ἅγίων
1902 5282 2016 5339 χω-

404 5345 556 5409 οῦσα,
594 5364 621 5389 ‹‹
656 5346 713 5396 et
744 5343 799 5394 in
836 5330 1049 5396 Sancta
1080 5330 1418 5395 sanctorum
1464 5330 1792 5407 penetrans.
1832 5356 1859 5383 »
1891 5330 2015 5397 Alii,

396 5434 498 5465 παν
510 5417 727 5465 ιστῶσα.
764 5415 840 5466 Ed
855 5455 866 5466 .
880 5456 892 5478 ,
927 5411 1062 5464 ἁπαν
1076 5417 1278 5463 ιστᾶσα.

444 5488 557 5555 (39)
587 5485 975 5559 Ἐπανάγουσα.
1011 5508 1037 5559 (ς

371 5557 439 5613 ad
474 5555 952 5627 superiorasua;
984 5555 1066 5609 illi
1100 5556 1533 5627 sunticognata.
1558 5573 1593 5627 ν»

443 5615 704 5698 (4Ο)“νι“οῖς
734 5615 938 5701 ἔργοις.
989 5628 1156 5693 Gab.,
1215 5615 1419 5691 Mont,
1476 5626 1589 5683 τοῖς
1647 5619 1867 5694 ἀγαθοῖς
1928 5615 2013 5693 ἔρ-

371 5716 511 5771 γοις,
550 5721 570 5746 α
606 5716 707 5773 per
737 5702 891 5756 bona
919 5716 1112 5774 opera.
1150 5720 1177 5747 ››

1090 5483 1372 5545 Evehens,
1424 5478 1676 5545 elevans,
1730 5479 2015 5533 reducens

2201 5182 2311 5257 (7’12)
2345 5187 2534 5243 Μοναί.
2570 5182 2663 5241 Sic
2697 5186 2891 5257 plures
2926 5186 3127 5257 Regg.,
3174 5184 3291 5238 duo
3348 5182 3528 5239 Coisl.
3563 5187 3620 5238 et
3649 5183 3780 5236 Bas.

2130 5261 2281 5316 Editi
2314 5277 2468 5315 vero.
2507 5260 2681 5330 μονῶν
2694 5299 2705 5311 .

2200 5334 2313 5402 (43)
2345 5322 2589 5385 Πάντῶν.
2619 5330 2764 5402 Reg.
2800 5322 3159 5402 0,,d'rtoivuev.

2199 5394 2316 5473 (44)
2350 5394 2807 5474 ιΙροπορεύονῖαι.
2840 5401 2937 5474 0r.
2970 5401 3025 5463 2,
3054 5394 3471 5474 προπορεύεται.

2223 5477 2308 5543 45)
2341 5468 2719 5545 Προσοιστὲον.
2750 5472 2861 5545 Or._
2873 5473 2929 5542 2,
2962 5468 3316 5545 προσακτέον.

2222 5540 2311 5614 46)
2338 5540 2796 5614 Προεισενεκτίον.
2834 5540 2972 5614 Reg.
3002 5540 3539 5614 ᾗυλπροσενεκτὲον.

2222 5547 2288 5599 46
2338 5549 2381 5597 Π
2423 5547 2796 5599 οεισενεκτίον.
2835 5547 2972 5614 Reg.
3004 5547 3105 5612 hu,
3138 5547 3539 5613 προσενεκτὲον.

2220 5547 2311 5690 47)
2336 5563 2435 5671 Τξν
2470 5611 2672 5691 ἔρανον.
2714 5640 2735 5665 ι
2770 5611 3166 5671 Humanitatis
3197 5611 3554 5685 symbolum,
3593 5633 3615 5660 ι

2196 5476 2214 5688 l
