4146 6290
331 410 449 479 865

1273 401 1564 465 ORATIO
1608 396 1866 461 XlV.—-
1894 394 1997 459 DE
2042 392 2475 459 PAUPERUM
2521 398 2815 459 AMUBE.

3632 397 3752 459 866

336 545 588 624 ρολόγων
620 537 1029 614 ἀπανθρωπίαν,
1075 534 1181 592 εἴτε
1228 532 1445 609 λῂστῶν
1502 529 1833 607 μιαιφονίαν,
1882 526 1986 583 εἴτε

2134 531 2401 597 aevitiam,
2465 531 2584 586 sive
2634 531 2707 585 ob
2742 530 3057 602 prmsidum
3092 530 3489 597 acerbitatem,
3523 531 3645 587 sive
3675 532 3749 587 ob

278 683 289 690 .
334 617 584 691 κλεπτῶν
646 629 975 697 ἀπληστίαν,
1036 623 1142 681 sicce
1201 622 1483 696 δήμευσιν,
1544 617 1649 674 εἴτε
1698 619 1986 693 ναυάγιον·

336 726 529 783 πάντες
563 722 667 797 γὰρ
714 717 922 791 ὁμοίως
970 713 1218 779 ἐλεεινοὶ,
1248 712 1339 766 καὶ
1372 709 1513 764 οὕτω
1546 710 1661 782 (48)
1703 705 1993 783 βλέποντες

340 812 413 874 εἲς
446 813 539 872 τὰς
569 808 841 882 ἡμετέρας
890 809 1104 881 χεῖρας,
1157 802 1231 863 ὡς
1280 802 1443 872 ἡμεῖς
1474 798 1547 860 εἷς
1587 797 1683 859 τὰς
1712 800 1808 849 τοῦ
1839 799 1994 860 Θεοῦ,

339 901 464 977 περὶ
524 901 598 953 ὧν
660 898 720 951 ἂν
778 894 1046 966 Sabiniid“
1107 890 1197 945 καὶ
1268 888 1473 943 τούτων
1534 885 1706 941 αὐτῶν
1763 885 1813 938 οὶ
1871 884 1998 957 παρ’

341 971 488 1063 ἀξίαν
532 990 644 1061 (49)
675 984 1129 1049 κακοπαθοῦντες,
1177 983 1285 1033 τῶν
1334 976 1385 1031 ἐν
1437 975 1544 1029 ἕθεί
1573 980 1670 1029 τοῦ
1712 971 1995 1048 δυστυχεῖν

346 1062 513 1135 ὄντων
542 1073 918 1147 ἐλεεινότεροι·
973 1067 1255 1143 ἐξαιρέτως
1310 1062 1367 1119 δὲ
1410 1070 1530 1125 ,τοῖς
1581 1063 1683 1117 ὑπὸ
1721 1069 1819 1131 τῆς
1851 1063 1998 1135 ἱερᾶς

343 1168 507 1223 νόσου
541 1161 976 1241 διεφθαρμένοις,
1027 1157 1116 1213 καὶ
1172 1156 1337 1230 μέχρι
1369 1157 1600 1227 σαρκῶν,
1635 1153 1724 1241 καὶ
1776 1151 1998 1217 ὀστέων,

345 1257 435 1313 καὶ
471 1236 712 1328 μυελῑέιν,
738 1236 838 1311 ἠὼς
870 1251 904 1317 ἠ
938 1248 1072 1302 κατά
1119 1264 1281 1299 τινων
1330 1240 1555 1310 ἀπειλὴ,
1606 1236 1999 1316 βεϐρωμένοις,

344 1344 433 1401 καὶ
466 1338 895 1419 προδεδομένοις
927 1336 1031 1391 ὑπὸ
1078 1337 1175 1389 τοῦ
1232 1335 1543 1407 μοχθηροῦ,
1576 1328 1665 1383 καὶ
1723 1330 2000 1419 ταπεινοῦ,

347 1434 437 1489 καὶ
503 1415 729 1486 ἀπίστου
950 1423 1145 1479 τούτου
1200 1423 1472 1493 σώματος’
1525 1419 1571 1490 ᾧ
1620 1421 1736 1479 πῶς
1788 1415 1999 1483 συνεζύ-

349 1543 474 1598 γην,
505 1519 605 1574 οὐκ
637 1514 776 1572 οἶδα·
828 1513 919 1568 καὶ
968 1516 1086 1574 πῶς
1135 1510 1293 1565 εἰκών
1346 1508 1405 1563 τέ
1454 1507 1566 1580 εἰμι
1607 1510 1762 1575 Θεοῦ,
1794 1504 1883 1559 καὶ
1926 1508 2004 1575 τῷ

349 1591 519 1681 πηλῷ
550 1605 904 1684 συμφόρομαι
932 1604 1065 1675 (51)·
1118 1600 1148 1654 6
1177 1598 1267 1653 καὶ
1318 1597 1561 1684 εὐεκτοῦν
1613 1592 1870 1665 πολεμεῖ,
1914 1591 2004 1684 καί

355 1702 476 1771 ἀνιᾷ
508 1681 943 1768 πολεμούμενον
976 1691 1006 1745 ὃ
1052 1688 1143 1743 καὶ
1191 1687 1265 1748 ὡς
1315 1683 1608 1740 σόνδουλον
1658 1684 1869 1758 ἀγαπῶ,
1916 1681 2005 1736 καὶ

356 1790 428 1850 ὡς
460 1786 654 1861 ἐχθρὸν
687 1782 1118 1858 ἀποστρέφομαι·
1170 1778 1200 1831 '6
1227 1775 1317 1831 καὶ
1349 1776 1422 1837 ὡς
1469 1770 1764 1861 σύνδουλον
1800 1770 2004 1847 φεύγω,

2104 636 2325 686 eorum,
2361 620 2457 690 qui
2500 620 2763 691 legendis
2813 620 3051 675 tributis
3108 626 3382 691 praesunt,
3416 620 3751 677 inhumani-

2103 713 2282 761 tatem
2313 714 2368 762 et
2398 709 2918 779 importunitatem,
2944 709 3064 763 sive
3094 710 3165 763 ob
3197 715 3497 765 cruentam
3532 712 3755 782 praedo-

2106 812 2248 850 num
2301 795 2756 865 immanitatem,
2809 798 2927 852 sive
2986 799 3056 852 ob
3116 797 3524 870 inexplebilem
3555 800 3753 856 furum

2107 885 2465 949 aviditatem,
2500 886 2619 941 sive
2658 887 2731 940 ob
2780 885 3064 941 bonorum
3097 887 3602 960 proscriptionem,
3634 890 3756 945 sive

2108 974 2181 1028 ob
2216 973 2586 1045 naufragium
2617 992 2629 1042 ;
2665 992 2868 1030 omnes
2902 976 3055 1031 enim
3089 975 3360 1033 similiter
3390 979 3755 1036 miserabiles

2110 1065 2267 1127 sunt,
2294 1061 2495 1132 sicque
2523 1062 2579 1115 in
2614 1079 2823 1118 manus
2857 1070 3086 1120 nostras
3118 1066 3439 1137 intuentur,
3464 1072 3529 1123 ut
3558 1086 3664 1125 nos
3695 1070 3753 1124 in

2110 1151 2210 1205 Dei
2245 1166 2479 1216 manus,
2511 1166 2642 1205 cum
2679 1169 2736 1207 re
2767 1151 2961 1223 aliqua
2989 1169 3265 1225 egemus;
3308 1160 3484 1229 atque
3513 1174 3583 1213 ex
3612 1158 3758 1230 ipsis

2112 1255 2372 1308 rursum,
2406 1240 2442 1293 ii
2494 1240 2588 1310 qui
2632 1240 2870 1313 indigne
2899 1242 3272 1309 afﬂictantur,
3306 1246 3761 1305 miserabiliores

2114 1333 2253 1384 sunt
2282 1344 2459 1399 quam
2496 1328 2534 1382 ii
2568 1329 2667 1400 qui
2702 1328 3137 1387 calamitatibus
3171 1342 3594 1393 assueverunt:
3631 1343 3757 1393 tum

2113 1434 2246 1473 vero
2279 1434 2385 1473 nos
2441 1417 2479 1471 ii
2512 1419 2801 1489 praecipuo
2833 1422 3085 1491 quodam
3120 1423 3516 1480 miserationis
3547 1426 3757 1483 affectu

2115 1522 2451 1578 permovere
2480 1507 2713 1578 debent,
2747 1509 2847 1579 qui
2881 1526 3046 1564 sacro
3080 1512 3279 1567 morbo
3311 1514 3567 1588 corrupti
3599 1522 3759 1585 sunt,

2115 1602 2172 1651 et
2193 1596 2264 1650 ad
2298 1610 2531 1651 carnem
2563 1612 2771 1665 usque,
2796 1600 2972 1669 atque
3004 1615 3157 1667 ossa,
3187 1605 3242 1655 et
3273 1602 3557 1659 medullas
3587 1605 3762 1676 (quod

2117 1684 2474 1756 quibusdam
2508 1684 2807 1756 Scriptura
2834 1687 2880 1720 ⁶⁹
2912 1686 3188 1760 minatur)
3219 1691 3371 1745 exesi
3401 1693 3767 1765 consumpti-

2117 1788 2250 1844 que,
2286 1776 2462 1844 atque
2494 1774 2566 1828 ab
2597 1773 2705 1828 hoc
2736 1792 3086 1843 terumnoso,
3119 1780 3175 1832 et
3203 1779 3452 1849 abjecto,
3484 1797 3550 1836 ac
3587 1782 3765 1838 infido

355 1876 446 1932 καί
597 1869 1051 1948 συκγληρονόμον
1100 1865 1451 1942 αἰσχύνομαι·
1483 1862 1640 1933 τῆξαι
1690 1860 2004 1938 φιλονεικῶ,

2133 1875 2358 1933 :orpore
2385 1862 2634 1933 proditi:
2664 1864 2757 1917 cui
2781 1880 3038 1934 quonam
3068 1867 3237 1922 modo
3260 1869 3607 1940 conjunctus
3630 1870 3766 1940 sim,

359 1967 449 2021 καὶ
481 1963 579 2018 οὐκ
608 1959 723 2038 ἔχω
748 1960 855 2015 τίνι
902 1960 1140 2033 συνεργῷ
1188 1954 1323 2031 πρὸς
1359 1953 1425 2007 τὰ
1471 1950 1740 2038 κάλλιστα
1778 1951 2006 2024 χρήσω-

364 2076 458 2128 μαι
491 2037 734 2127 (52),νὼς
763 2046 919 2109 εἰδὼς
969 2045 1046 2107 εἷς
1074 2046 1103 2099 '6
1134 2042 1357 2119 γέγονα,
1386 2041 1473 2095 καὶ
1529 2038 1611 2094 ὅτι
1647 2037 1728 2094 δεῖ
1769 2059 1834 2111 με
1872 2038 2009 2111 πρὸς

361 2142 489 2199 Θεόν
523 2134 784 2208 ἀναϐῆναι
819 2135 907 2191 διὰ
934 2140 1041 2189 τῶν
1069 2133 1313 2208 πράξεων
1344 2133 1475 2203 (53).

2117 1951 2275 2006 haud
2306 1951 2578 2021 equidem
2612 1953 2732 2006 scio
2766 1970 2778 2007 :
2815 1970 2918 2007 nec
2953 1971 3067 2025 quo
3099 1956 3271 2011 etiam
3306 1962 3473 2029 pacto
3505 1959 3680 2015 simul
3713 1965 3771 2016 et

2118 2041 2313 2111 imago
2344 2040 2443 2095 Dei
2478 2040 2610 2107 sim,
2658 2046 2715 2096 et
2766 2058 2897 2096 cum
2945 2059 3107 2099 coeno
3153 2045 3426 2101 voluter:
3484 2050 3660 2119 quod,
3712 2054 3772 2105 et

2120 2144 2253 2185 cum
2288 2128 2532 2199 pulchra
2560 2129 2894 2185 valetudine
2924 2133 3156 2203 gaudet,
3192 2134 3342 2191 bello
3376 2152 3468 2191 me
3509 2136 3765 2207 lacessit,

364 2238 583 2289 etcum
616 2229 769 2286 bello
798 2226 1103 2300 premitur,
1139 2236 1378 2277 maerore
1429 2235 1521 2274 me
1571 2218 1798 2274 afﬁcit:
1856 2218 2034 2289 quod,
2080 2220 2136 2272 et
2184 2220 2248 2271 ut
2295 2233 2637 2272 conservum
2691 2235 2841 2285 amo,
2894 2224 2950 2273 et
3002 2224 3065 2274 ut
3116 2221 3420 2278 inimicum
3473 2226 3567 2280 odi
3598 2230 3771 2297 atque

366 2336 645 2379 aversor:
699 2316 876 2389 quod,
910 2319 967 2370 et
997 2319 1061 2368 ut
1088 2309 1387 2367 vinculum
1418 2308 1596 2380 fugio,
1647 2312 1705 2361 et
1754 2310 1815 2361 ut
1865 2306 2117 2361 cohaeres
2159 2321 2417 2360 veneror.
2471 2306 2530 2360 Si
2579 2305 2880 2362 debilitare
2927 2307 3071 2363 illud
3122 2316 3178 2365 et
3224 2313 3508 2369 coniicere
3537 2316 3766 2384 studeo,

360 2413 487 2483 jam
519 2424 634 2464 non
665 2406 871 2475 habeo,
922 2419 1037 2473 quo
1086 2399 1243 2456 socio
1292 2402 1349 2452 et
1399 2395 1745 2468 opitulatore
1795 2396 1866 2449 ad
1919 2411 2011 2450 res
2059 2394 2538 2466 praeclarissimas
2588 2399 2739 2465 utar,
2786 2396 3065 2452 nimirum
3100 2399 3250 2455 haud
3282 2400 3559 2473 ignorans
3591 2421 3769 2477 quam

368 2502 441 2555 ob
472 2512 707 2553 causam
741 2495 1080 2566 procreatus
1111 2489 1244 2558 sim,
1278 2486 1551 2558 quodque
1578 2500 1670 2540 me
1701 2500 1803 2556 per
1836 2484 2093 2540 actiones
2123 2484 2193 2539 ad
2226 2484 2409 2538 Deum
2443 2484 2752 2540 ascendere
2781 2491 3059 2556 oporteat.

440 2587 509 2642 Z'.
547 2580 816 2654 Φείδομαι
846 2580 920 2641 ὡς
953 2581 1226 2653 συνεργοῦ,
1260 2574 1349 2629 καὶ
1400 2573 1499 2628 οὐκ
1545 2571 1659 2647 ἔχω
1707 2577 1821 2633 πῶς
1862 2572 2013 2650 φύγω

367 2678 465 2745 τὴν
513 2670 887 2739 ἐπανάστασιν,
996 2671 1113 2729 πῶς
1169 2666 1244 2737 μὴ
1289 2663 1396 2718 ἀπὸ
1456 2666 1589 2718 Θεοῦ
1645 2661 1792 2716 πέσω
1844 2662 2015 2736 βαρη-

369 2765 477 2827 θεὶς
535 2768 651 2824 ταῖς
702 2757 888 2820 πέδαις
944 2755 1323 2815 κατασπώσαις
1358 2795 1372 2821 ,
1430 2751 1465 2821 ἢ
1526 2749 1881 2827 κατεχούσαις
1941 2750 2016 2811 εἷς

371 2851 587 2932 ἔδαφος.
620 2848 850 2926 Ἐχθρός
901 2846 1039 2901 ἐστιν
1088 2840 1451 2932 εύμενὴς,7καὶ
1500 2840 1656 2932 φίλος
1698 2834 2013 2932 ἐπίϐουλος.

374 2946 439 2996 Ὢ
471 2927 581 3015 (54)
609 2946 708 3008 τῆς
748 2936 997 3011 συζυγίας
1045 2934 1134 2989 καὶ
1179 2934 1279 3000 τῆς
1323 2927 1743 3015 ἀλλοτριώσεως
1778 2929 1791 2984 l
1823 2933 1887 2985 Ὁ
1918 2950 2018 3005 φο-

380 3014 582 3101 ϐοῦμαι
640 3025 879 3099 περιέπω
934 3024 1070 3095 (55),
1128 3021 1216 3076 καὶ
1268 3020 1297 3074 ’ὀ
1354 3018 1558 3094 στέργὼ
1609 3014 1843 3071 δέδοικα’
1895 3016 2019 3091 πρὶν

382 3116 719 3190 πολεμῆσαι,
781 3109 1228 3183 καταλλάσσομαι
1272 3128 1286 3141 ⁸
1341 3107 1430 3162 καὶ
1487 3107 1611 3182 πρὶν
1672 3105 1974 3177 εἷρηνεῦσαι
2012 3149 2027 3175 ,

389 3205 691 3279 διίσταμαι.
742 3202 832 3264 Τίς
892 3203 926 3271 ἡ
982 3199 1106 3274 περὶ
1163 3197 1260 3273 ἐμὲ
1317 3195 1475 3273 σοφία
1509 3214 1522 3266 ;
1562 3194 1649 3249 καὶ
1699 3194 1751 3248 τί
1795 3194 1855 3247 τὸ
1895 3192 2028 3269 μέγα

387 3299 548 3351 τοῦτο
584 3294 876 3368 μυστήριον
1056 3309 1080 3342 ε
1102 3293 1170 3343 “Η
1217 3284 1469 3361 βούλεται
1523 3289 1715 3358 μοῖραν
1762 3285 1908 3355 ἡμᾶς
1940 3279 2030 3336 όν-

387 3405 482 3446 τας
540 3380 692 3453 Θεοῦ,
749 3381 839 3435 καὶ
899 3381 1099 3442 ἀνωθεν
1160 3375 1472 3452 ῥεύσαντας,
1522 3370 1616 3426 ’ίνα
1666 3372 1741 3444 μή
1798 3368 1886 3425 διὰ
1929 3372 2029 3439 τήν

391 3473 534 3546 ἀξίαν
597 3470 949 3546 ἐπαιρόμενοι
1012 3466 1103 3522 καὶ

385 3566 667 3639 φρονῶμεν
716 3564 813 3614 τοῦ
861 3558 1162 3628 κτίσαντος,
1214 3554 1265 3609 ἐν
1294 3552 1362 3627 τῇ
1409 3552 1545 3628 πρὸς
1588 3552 1651 3606 τὸ
1684 3556 1842 3624 σῶμα
1884 3549 2033 3624 πάλῃ

379 3651 469 3705 καὶ
505 3650 659 3725 μάχῃ
710 3647 846 3724 πρὸς
895 3646 1052 3701 αὐτὸν
1106 3644 1187 3698 ἀεὶ
1241 3641 1485 3717 βλέπειν,
1533 3641 1622 3695 καὶ
1658 3642 1757 3709 τήν
1790 3644 2030 3708 συνεζευ-

376 3742 581 3816 γμένην
634 3739 903 3793 ἀσθένειαν
952 3731 1324 3808 παιδαγωγίαν
1376 3734 1509 3786 εἶναι
1558 3735 1669 3816 τοῦ,
1706 3731 2033 3801 ἀξιώματος·

371 3814 462 3881 ’ἶνα
493 3826 721 3899 εἰδῶμεν
938 3824 988 3875 o't
1036 3820 1190 3875 αὐτοὶ
1245 3819 1492 3894 μέγιστοί
1541 3839 1597 3872 τε
1642 3814 1789 3878 ὄντες
1818 3817 1907 3871 καὶ
1940 3838 2031 3870 τα-

377 3916 703 3983 πεινότατοι,
768 3911 1004 3986 ἐπίγειοι
1060 3908 1151 3963 καὶ
1228 3908 1491 3983 οὐράνιοι,
1567 3906 1888 3980 πρόσκαιροι
1945 3904 2033 3958 καὶ

381 4006 655 4074 ἀθάνατοι,
687 4001 1029 4075 κληρονομοι
1062 3994 1242 4073 φωτὸς
1272 3995 1361 4048 καὶ
1390 3994 1583 4069 πυρὸς,
1634 3991 1729 4047 εντ’
1778 3990 1867 4045 οῦν
1910 3991 2033 4045 σκό-

384 4115 536 4165 τους,
570 4090 839 4167 ὁποτέρῶς
873 4091 985 4162 (59)
1008 4086 1065 4141 ἂν
1097 4084 1370 4156 νεύσωμεν
1412 4103 1425 4153 ;
1478 4086 1729 4136 Τοιοῦτον
1761 4080 1823 4135 τὸ
1853 4086 2037 4155 κρᾶμα

386 4187 571 4257 ἡμῶν,
628 4181 717 4235 καὶ
769 4176 857 4233 διὰ
900 4182 1087 4243 ταῦτα,
1139 4175 1212 4236 ὡς
1256 4177 1386 4249 γοῦν
1446 4170 1569 4245 ἐμοὶ
1635 4169 2034 4247 καταφαίνεται,

381 4256 455 4325 τίν’
486 4271 610 4324 ὅταν
641 4268 992 4344 έπαιρώμεθα
1040 4262 1129 4319 διὰ
1174 4264 1272 4331 τήν
1309 4261 1510 4333 εἰκόνα,
1546 4256 1633 4313 διὰ
1660 4259 1751 4313 τὸν
1782 4262 1915 4334 χοῦν
1951 4278 2036 4311 συ-

388 4358 766 4431 στελλώμεθα.
793 4359 967 4409 Ταῦτα
1002 4354 1094 4427 μὶν
1129 4353 1220 4407 οὗν
1255 4353 1282 4406 ὁ
1317 4349 1651 4427 βουλόμενος
1683 4350 1796 4419 (60)
1817 4347 2038 4426 φιλοσο-

388 4448 575 4526 φείτω,
625 4445 713 4499 καὶ
766 4446 928 4517 ἡμεῖς
976 4463 1039 4517 γε
1087 4438 1643 4518 συμφιλοσοφήσομεν
1696 4439 1808 4510 (61)
1854 4436 2037 4491 εὐκαι-

392 4536 635 4611 ρότερον.

460 4680 505 4715 θ’
538 4680 648 4735 Isa.
679 4695 737 4745 x,
771 4677 857 4733 18.

482 4807 573 4876 48)
603 4802 777 4876 Οὕτω.
814 4802 1203 4876 ln‘pluribus,
1236 4798 1435 4860 οὕτως.

482 4807 573 4876 48)
603 4806 777 4859 Οὕτω.
814 4806 875 4859 In
951 4806 1203 4867 luribus,
1236 4806 1435 4860 οὕτως.

459 4806 574 4950 (49)
608 4875 675 4932 Οἱ
706 4874 833 4950 παρ’
865 4819 1035 4944 ἀξίαν.
1088 4874 1316 4950 Nicetas
1351 4890 1386 4950 :_
1419 4865 1559 4941 παρὰ
1605 4864 1928 4950 τήγητύχην
1973 4865 2041 4949 ᾖς

396 4941 529 5014 ἦσαν
564 4941 727 5015 ποτε,
780 4941 808 4997 ὰ
842 4941 1049 5021 praeter
1096 4961 1224 5001 eam
1281 4945 1537 5021 fortunae
1558 4941 1949 5021 conditionem
1980 4941 2040 4993 in

394 5010 511 5091 qua
541 5010 1271 5095 quondam-versabantur.
1306 5036 1334 5095 ξ)
1360 5013 1549 5095 _Docet
1577 5010 1673 5066 hic
1704 5011 2038 5095 Gregorius,

393 5083 610 5164 eosqui
632 5106 699 5164 ei;
720 5090 912 5164 altiori
934 5089 1257 5164 dignitatis
1272 5087 1600 5164 et_fortunae
1622 5083 1804 5164 gradu
1825 5083 1894 5164 in
1929 5083 2043 5136 mi-

394 5155 607 5217 seriam
661 5161 880 5237 delapsi
931 5155 1355 5237 sunt,_majori
1406 5155 1780 5237 miseratione
1810 5155 2040 5237 dignos,

395 5249 572 5305 quam
600 5247 698 5288 eos
730 5224 829 5303 qui
864 5235 1038 5311 rebus
1067 5224 1328 5311 adversis
1360 5234 1500 5311 sunt
1529 5225 1769 5281 assueti.
1824 5247 1852 5275 ι(
1884 5224 2043 5279 Nihil

393 5300 549 5360 enim
582 5309 669 5359 est
698 5300 818 5359 tam
853 5303 1207 5371 miserabile,
1242 5324 1269 5352 »
1324 5300 1406 5355 ait
1433 5300 1648 5371 Cicero,
1701 5318 1728 5347 «
1766 5313 1944 5368 quam
1976 5312 2045 5353 ex

392 5378 564 5451 he???
595 5375 793 5451 miser.
826 5396 854 5425 »
898 5375 1028 5430 Bill.
1050 5398 1098 5451 λ(
1132 5370 1348 5451 pr_&eter_
1368 5370 1732 5451 dignitatem.
1766 5389 1817 5451 »ο
1938 5438 1974 5451 η

464 5447 571 5519 (50)
619 5444 899 5503 ’Δπίστου.
969 5440 1150 5502 ΟοΙὺ.’
1189 5448 1257 5514 1,
1324 5440 1647 5511 ἀπλῆστου,
1718 5462 1745 5490 ‹‹
1805 5440 2047 5494 insatia-

376 5518 525 5573 bili.
556 5537 583 5570 ι

487 5591 577 5665 git)
610 5587 1030 5665 guupdpopaz,_
1058 5585 1530 5665 «7Commiscear.
1565 5602 1593 5631 »

610 5652 941 5741 Xp:‘c‘,6i_upoit.
969 5660 1069 5741 'Sic
1102 5664 1237 5741 Reg.
1273 5659 1371 5741 hu‘.
1404 5652 1879 5741 Alii,1eﬁaopqi;

472 5719 582 5805 (53)
615 5719 845 5787 Aid-163v
877 5729 1142 5807 πράξεων.
1174 5719 1315 5804 Reg.
1348 5728 1429 5785 hu
1460 5719 1772 5795 et'Gﬁbi‘u'
1809 5720 1878 5777 δι’
1907 5719 2044 5800 ἀγα-

1185 3462 1639 3539 μετεωριζόμενοι
1699 3463 1812 3534 (57)
1867 3481 2028 3515 κατα·
2061 3445 2103 3513 Ο

2194 2572 2316 2627 VII.
2350 2573 2451 2628 Sin
2484 2578 2689 2629 contra
2718 2578 2782 2629 ut
2812 2591 2946 2630 cum
2979 2577 3134 2633 socio
3167 2584 3223 2634 et
3273 2581 3537 2651 adjutore
3568 2584 3774 2641 mitius

2128 2678 2320 2733 agam,
2372 2661 2536 2717 nulla
2576 2664 2699 2733 jam
2750 2663 2896 2720 ratio
2946 2668 3219 2740 occurrit,
3269 2686 3387 2741 qua
3433 2673 3773 2730 rebellantis

2125 2750 2411 2822 impetum
2437 2750 2679 2822 fugiam,
2704 2755 2878 2824 atque
2901 2770 2933 2809 a
2959 2755 3068 2811 Deo
3092 2773 3205 2811 non
3228 2758 3510 2829 excidam,
3539 2778 3777 2834 compe-

2131 2839 2305 2894 dibus
2337 2840 2707 2911 degravatus,
2738 2840 2825 2896 vel
2858 2842 2917 2896 in
2949 2846 3164 2899 terram
3197 2846 3659 2914 detrahentibus,
3688 2850 3774 2905 vel

2130 2928 2190 2982 in
2221 2944 2289 2983 ea
2317 2928 2736 2985 detinentibus.
2769 2930 2964 2986 Hostis
2995 2936 3084 2987 est
3121 2934 3373 2992 blandus
3403 2942 3460 2992 et
3490 2938 3777 3009 placidus,

2131 3016 2453 3073 insidiosus
2478 3018 2721 3074 amicus.
2746 3022 2789 3073 Ο
2822 3020 3031 3076 miram
3065 3024 3528 3094 conjunctionem
3562 3031 3619 3082 et
3638 3026 3775 3083 alie-

2135 3106 2460 3161 nationem!
2487 3106 2650 3169 Quod
2676 3111 2896 3173 metuo,
2921 3109 3270 3180 amplector;
3297 3114 3450 3185 quod
3476 3132 3629 3182 amo,
3656 3132 3783 3189 per-

2136 3194 2403 3251 timesco.
2436 3198 2763 3266 Antequam
2794 3196 3015 3253 bellum
3059 3202 3362 3273 gesserim,
3417 3203 3476 3259 in
3531 3206 3780 3276 gratiam

2139 3284 2310 3340 redeo
2337 3301 2349 3351 ;
2382 3287 2697 3355 antequam
2732 3302 2869 3355 pace
2901 3286 3083 3357 fruar,
3115 3290 3186 3345 ab
3225 3307 3291 3347 eo
3322 3292 3600 3349 dissideo.
3633 3294 3782 3359 Qua-

2142 3390 2276 3428 nam
2308 3372 2613 3444 sapientia,
2647 3390 2903 3445 quonam
2935 3392 3147 3449 magno
3194 3384 3252 3435 et
3298 3397 3509 3438 arcano
3541 3383 3783 3440 consilio

2144 3461 2291 3517 mihi
2321 3461 2429 3517 hoc
2461 3461 2720 3518 accidere
2767 3464 3007 3520 dicam?
3052 3470 3139 3522 An
3190 3468 3299 3524 hoc
3346 3469 3500 3527 Deus
3548 3472 3688 3545 agit,
3720 3478 3787 3528 ut

2142 3567 2276 3607 cum
2308 3550 2497 3622 ipsius
2528 3566 2664 3622 pars
2694 3552 2906 3620 simus,
2930 3558 3105 3626 atque
3137 3573 3390 3630 superne
3419 3560 3784 3627 ﬁnxerimus,

2142 3655 2215 3695 ne
2236 3640 2309 3695 ob
2340 3638 2687 3711 dignitatem
2712 3646 2969 3697 nostram
2995 3644 3263 3716 nosipsos
3285 3648 3589 3705 efferentes
3612 3653 3786 3721 atque

2143 3728 2496 3798 attollentes,
2530 3728 2859 3785 Creatorem
2893 3738 3358 3804 contemnamus,
3410 3738 3465 3790 in
3517 3756 3604 3808 ea,
3657 3756 3788 3811 quae

2144 3818 2315 3872 nobis
2346 3818 2624 3872 adversus
2651 3834 2863 3889 corpus
2893 3824 3000 3886 est,
3025 3820 3183 3877 lucta
3213 3828 3269 3879 et
3300 3825 3690 3896 dimicatione,
3716 3829 3787 3884 ab

2144 3921 2211 3960 eo
2241 3921 2545 3976 nunquam
2578 3904 2777 3960 oculos
2809 3906 3189 3977 dejiciamus;
3224 3917 3397 3982 atque
3428 3914 3509 3969 ita
3536 3915 3789 3971 inﬁrmi-

2144 3998 2234 4048 tas
2261 3992 2522 4063 illa,qua3
2546 3993 2713 4048 nobis
2736 3994 3005 4065 copulata
3024 4002 3134 4066 est,
3157 3999 3504 4072 dignitatem
3530 4009 3789 4061 nostram

2143 4082 2331 4135 frenet
2351 4084 2522 4151 atque
2544 4087 2804 4138 coerceat
2827 4101 2839 4151 ;
2870 4088 2935 4139 ut
2957 4084 3353 4160 intelligamus
3376 4109 3481 4148 nos
3505 4094 3793 4151 maximos

2146 4169 2322 4225 simul
2356 4174 2531 4241 atque
2582 4170 2733 4227 26‘!
2784 4173 3215 4243 abjectissimos
3246 4196 3393 4247 esse,
3426 4184 3687 4239 terrenos
3735 4190 3794 4239 et

2146 4258 2427 4327 cmlestes,
2450 4259 2700 4315 caducos
2722 4266 2777 4316 et
2801 4262 3181 4332 immortales,
3206 4267 3353 4325 lucis
3384 4275 3440 4325 et
3470 4271 3644 4343 ignis,
3673 4273 3793 4329 sive

2146 4346 2319 4403 etiam
2349 4347 2723 4403 tenebrarum
2759 4349 3040 4420 heredes,
3073 4358 3246 4425 prout
3282 4356 3339 4412 in
3385 4356 3495 4415 hoc
3523 4360 3612 4416 vel
3644 4360 3790 4417 illud

2146 4434 2315 4491 nobis
2338 4437 2698 4507 propendere
2719 4438 3064 4511 contigerit?
3079 4442 3207 4499 Haec
3233 4452 3434 4504 nostra
3451 4453 3793 4522 temperatio

2145 4529 2253 4594 est,
2306 4529 2482 4596 atque
2531 4526 2603 4581 ob
2652 4526 2759 4584 has
2807 4544 3040 4602 causas,
3073 4540 3364 4603 quantum
3400 4538 3638 4611 quidem
3670 4540 3797 4613 ipse

2152 4795 2274 4872 ea:
2289 4793 2552 4872 πρᾴξεων,
2596 4818 2641 4872 «_
2658 4814 2758 4869 per
2782 4798 2941 4872 bona
2970 4817 3162 4872 opera.
3196 4826 3223 4854 ››

2246 4866 2342 4942 ξι)
2371 4866 2453 4921 Ὦ.
2485 4866 2578 4942 Sic
2610 4866 2747 4940 Reg.
2781 4870 2882 4926 hu.
2918 4866 3067 4927 Editi
3099 4892 3249 4942 vers,
3282 4872 3348 4931 ὦ.

2242 4939 2332 5013 55))
2366 4939 2634 5013 ρεριξπω.
2689 4939 2715 4991 (ἑ
2754 4942 2956 5010 Foveo,
2992 4961 3149 5001 curo.
3190 4969 3217 4995 ››

2364 5007 2523 5064 Τίτὸ
2558 5008 2701 5095 μέγα
2724 5015 2883 5095 τοῦτο
2917 5007 3211 5089 μυστήριον
3240 5036 3252 5087 ;
3298 5040 3327 5071 ‹‹
3357 5018 3661 5085 Quodnam
3694 5026 3802 5084 hoc

2151 5096 2431 5152 magnum
2465 5085 2807 5154 mysterium
2832 5085 2860 5139 ?
2895 5109 2915 5134 1
3098 5085 3105 5089 ’
3242 5085 3245 5087 ’

2364 5150 2463 5239 Eni
2500 5154 2974 5239 p‘cffmptctiﬂevm.
3010 5157 3138 5239 Haec
3170 5158 3481 5239 desuntin
3504 5166 3642 5239 Reg.
3676 5186 3726 5225 c.

2245 5175 2335 5221 οι)
2370 5175 2463 5204 ιλαι
2500 5175 2974 5282 μιτεωριςοὲενοι.
3010 5175 3138 5213 τιωο
3170 5175 3383 5217 desunt
3412 5181 3468 5218 In
3504 5175 3619 5239 Heg

2364 5225 2476 5308 'jlnva
2507 5221 2789 5308 eiSCbpev.”
2844 5244 2933 5308 eg:
2967 5234 3242 5308 quatuor,
3267 5228 3340 5284 'tv’
3367 5231 3619 5308 εἰδῶμεν.

2153 5294 2333 5418 ἀέέἑῖ)
2371 5294 2691 5371 Ὀποτέρως.
2751 5302 2847 5354 0r.
2879 5294 3309 5375 ’2,“ὁπωτὲρως
3374 5294 3550 5377 [ῂαάά
3603 5325 3801 5366 omen-

2196 5372 2329 5419 atel.

2154 5436 2335 5561 ing?!)
2368 5436 2428 5492 Ὁ
2461 5437 2824 5511 Βουλόμενος.
2876 5442 2971 5498 Sic
3020 5448 3273 5514 quatuor
3322 5449 3500 5520 Regii.
3555 5451 3728 5509 Deest
3775 5454 3803 5508 ὁ

2156 5577 2989 5727 φ,ἐξῗέ,ζεξζυμφιλοσοφτιςσομεν.
3052 5586 3191 5661 Reg.
3254 5589 3387 5660 bm,
3463 5592 3801 5674 σκμφιλοσο-

2218 5684 2227 5718 δ
2426 5694 2437 5705 .

2218 5684 2437 5718 δυιυμιν.

2222 5153 2239 5365 ἓ
