4146 6290
466 384 581 450 86Ἷ

1707 386 1772 445 S.
1820 385 1862 444 G
1877 380 2190 445 ltEGORlI
2235 374 2628 444 THEOLOGI

3754 380 3877 447 868

466 521 796 593 prospicere
842 533 1102 589 possum,
1159 519 1221 571 ut
1268 533 1402 571 cum
1451 515 1726 587 imaginis
1759 516 2014 588 dignitas
2046 516 2216 571 nobis
2246 516 2477 571 animos
2507 512 2801 582 extulerit,
2834 512 3027 584 pulvis
3057 514 3292 569 eosdem
3325 514 3615 585 deprimat
3645 520 3876 573 contra-

464 610 703 681 hatque.
736 608 845 663 Sed
880 607 951 662 de
980 605 1073 661 his
1103 606 1202 676 qui
1234 604 1385 659 volet
1416 604 1878 675 philosophetur,
1915 620 2141 675 nosque
2171 604 2347 660 etiam
2382 603 2775 659 commodiore
2806 606 3065 674 tempore
3097 603 3272 657 simul
3308 602 3894 689 philosophabimurn

534 700 682 754 VIII.
716 698 881 753 Nunc
912 713 1067 761 vero,
1090 695 1243 767 quod
1276 694 1437 749 carni
1470 712 1634 760 meae,
1659 711 1913 765 meaeque
1945 695 2090 749 infir-

2294 693 2371 748 H'.
2408 691 2535 745 Nuvi
2596 688 2671 761 δὲ,
2732 689 2761 744 ὅ
2812 711 2905 763 μοι
2958 690 3131 765 λέγειν
3185 692 3211 744 ὁ
3256 689 3422 766 λόγος
3455 690 3703 766 ὥρμησε,
3764 699 3871 749 τῶν

462 789 652 846 mitati
720 787 780 842 in
840 785 1087 841 aliorum
1156 783 1593 838 calamitatibus
1653 783 2107 851 condolescens,

461 878 653 934 dicere
682 875 1069 941 institueram,
1097 873 1426 926 faciendum
1464 872 1628 927 nobis
1661 877 1769 939 est,
1794 872 2022 936 fratres,
2048 875 2111 926 ut

462 970 777 1038 cognatum
799 970 855 1017 et
875 977 1219 1017 conservum
1244 978 1455 1031 corpus
1479 978 1779 1025 curemus;
1814 960 1920 1014 etsi
1950 960 2105 1014 enim

460 1056 607 1111 illud
658 1060 722 1109 ut
771 1052 1073 1107 inimicum
1108 1050 1501 1105 accusaverim
1535 1052 1606 1104 ob
1638 1066 1734 1104 eas
1766 1066 1913 1120 quas
1943 1048 2110 1103 affert

459 1144 642 1201 animi
676 1140 1163 1215 perturbationes,
1196 1144 1391 1193 tamen
1449 1142 1683 1209 propter
1730 1136 2107 1192 connexionis

459 1234 641 1305 hujus
672 1237 990 1295 auctorem,
1013 1228 1171 1283 velut
1202 1228 1454 1282 amicum
1489 1227 1859 1298 complector.
1885 1228 1953 1281 Et
1982 1227 2108 1296 qui—

460 1325 592 1379 dem
625 1336 900 1377 curemus
944 1335 1057 1373 non
1109 1318 1303 1371 minus
1353 1315 1602 1371 aliorum
1633 1332 1893 1387 corpora,
1928 1331 2104 1385 quam

458 1428 636 1469 suum
660 1409 911 1482 quisque
932 1423 1165 1478 corpus,
1196 1423 1297 1460 seu
1321 1405 1629 1459 commoda
1657 1403 1986 1458 valetudine
2006 1404 2103 1474 sit,

459 1517 562 1557 seu
594 1499 797 1556 eodem
832 1496 1029 1552 morbo
1062 1498 1462 1550 consumatur.
1491 1496 1691 1551 Omnes
1738 1495 1885 1547 enim
1932 1509 2105 1547 unum

458 1592 519 1646 in
540 1588 775 1644 Domino
798 1601 1004 1652 sumus,
1027 1585 1141 1638 sive
1162 1583 1339 1651 dives,
1366 1584 1479 1636 sive
1497 1597 1727 1652 pauper,
1756 1582 1869 1635 sive
1896 1596 2103 1645 servus,

456 1680 572 1734 sive
606 1675 747 1731 liber
775 1674 841 1740 ⁷ο,
897 1672 1015 1728 sive
1048 1689 1250 1738 sanus,
1285 1671 1403 1726 sive
1441 1686 1591 1741 aeger
1638 1685 1894 1739 corpore,
1931 1674 2103 1740 atque

458 1781 643 1821 unum
676 1762 940 1819 omnium
1001 1765 1193 1832 caput,
1243 1778 1311 1815 ex
1366 1776 1479 1830 quo
1541 1758 1757 1828 omnia,
1809 1758 2099 1814 Christus.

458 1855 737 1925 Quodque
759 1851 1023 1907 membra
1054 1850 1203 1904 inter
1234 1866 1294 1905 se
1324 1853 1481 1917 sunt,
1506 1848 1614 1904 hoc
1638 1847 1885 1918 quisque
1913 1847 2101 1915 alteri,

456 1948 631 2015 atque
657 1940 931 1998 omnibus
954 1955 1177 1994 omnes.
1202 1945 1283 1993 Ac
1307 1938 1545 2008 proinde
1568 1937 1809 1991 minime
1837 1936 2103 1992 commit-

453 2033 695 2088 tendum
731 2033 839 2093 est,
874 2032 937 2081 ut
966 2044 1087 2094 eos,
1120 2027 1218 2097 qui
1250 2026 1411 2098 prius
1443 2026 1499 2079 in
1532 2042 1904 2080 communem
1937 2025 2097 2079 infir-

455 2121 717 2176 mitatem
749 2118 1099 2182 inciderunt,
1132 2120 1577 2171 contemnamus
1607 2120 1663 2168 et
1692 2114 2096 2186 negligemus;

453 2226 559 2266 nec
592 2208 781 2279 magis
814 2207 1188 2278 gaudendum
1223 2204 1391 2258 nobis
1431 2209 1538 2271 est,
1590 2203 1740 2273 quod
1792 2204 2098 2258 commoda

448 2298 784 2355 valetudine
817 2295 1059 2364 utimur,
1115 2310 1291 2364 quam
1324 2293 1667 2363 lugendum,
1704 2292 1855 2361 quod
1892 2292 2096 2347 fratres

450 2389 664 2444 misera
696 2390 754 2441 et
786 2384 1019 2440 afﬂicta.
1047 2384 1196 2448 Quin
1230 2382 1423 2453 potius
1454 2383 1535 2437 ita
1566 2381 1899 2437 eiistimare
1930 2381 2097 2435 debe-

2221 780 2365 853 ἰμῶν
2411 779 2799 853 περιαλγοῦντι
2850 784 3081 854 σαρκῶν,
3133 779 3222 833 καὶ
3270 786 3370 848 τῆς
3415 780 3553 851 ἐμῆς
3601 781 3869 846 ἀσθενείας

2218 870 2268 923 ἐν
2303 868 2618 943 ἀλλοτρίοις
2649 870 2857 937 πάθεσι,
2901 869 3271 943 θεραπευτέον,
3326 866 3575 945 ἀδελφοὶ,
3634 871 3697 925 τὸ
3751 893 3871 949 συγ-

2216 959 2359 1033 γενὲς
2413 958 2501 1012 καὶ
2552 954 2881 1029 ὁμόδουλον.
2930 956 2991 1010 Ei
3038 957 3136 1031 γὰρ
3169 957 3256 1010 xui
3290 956 3367 1019 ὡς
3400 956 3600 1031 ἐχθροῦ
3630 961 3866 1035 κατηγό-

2219 1067 2355 1122 ρησα
2387 1044 2475 1101 διὰ
2503 1047 2564 1101 τὸ
2604 1047 2773 1108 πάθος
2822 1048 2954 1115 (62),
3007 1043 3153 1099 ἀλλὰ
3190 1044 3279 1099 καὶ
3313 1045 3386 1106 ὡς
3417 1046 3579 1123 φίλου
3609 1049 3862 1125 περιέχο-

2220 1156 2313 1206 μαι
2348 1132 2435 1189 diu
2475 1136 2565 1189 τὸν
2618 1131 2947 1203 συνδήσαννα
2973 1156 2984 1167 ·
3036 1133 3125 1188 καὶ
3176 1136 3526 1209 θεραπευτέον
3573 1136 3678 1213 οὐχ
3705 1141 3864 1207 ἦττον

2214 1223 2280 1277 τά
2306 1228 2413 1278 τῶν
2448 1226 2560 1296 (63)
2589 1223 2843 1293 πκησίον,
2875 1224 2909 1291 ἢ
2938 1220 3161 1279 ἕκαστον
3204 1226 3317 1297 (64)
3366 1225 3429 1279 τὸ
3488 1226 3702 1298 ἑαυτοῦ,
3755 1233 3860 1282 τῶν

2212 1333 2271 1367 τε
2316 1312 2683 1388 ὑγιαινόντων,
2730 1312 2819 1366 καὶ
2875 1317 2981 1365 τῶν
3036 1312 3139 1367 ὑπὸ
3194 1320 3294 1381 τῆς
3343 1313 3652 1389 αὐτῆς
3709 1316 3863 1371 νόσου

2213 1399 2632 1474 δαπανωμένων.
2710 1402 2908 1463 Πάντες
2989 1402 3089 1477 γὰρ
3164 1398 3219 1456 ἓν
3288 1400 3445 1474 ἐσμεν
3531 1402 3582 1457 ἐν
3654 1405 3861 1480 Κυρίῳ,

2213 1488 2317 1545 είίτε
2396 1489 2684 1559 πλούσιος,
2780 1488 2885 1544 εἷ’τε
2976 1490 3167 1561 πένης,
3264 1487 3369 1545 εἷίτε
3459 1489 3681 1563 δοῦλος,
3760 1492 3864 1549 εἴτε

2213 1578 2516 1654 ἐλεύθερος,
2566 1576 2673 1633 εἴτε
2739 1577 3018 1652 ὑγιαίνων,
3088 1578 3195 1633 εἴτε
3248 1583 3505 1655 πονηρῶς
3564 1577 3709 1655 ἔχων
3765 1586 3862 1636 τοῦ

2211 1669 2463 1740 σώματος
2486 1686 2499 1698 ·
2532 1667 2621 1721 καὶ
2657 1666 2751 1739 μία
2781 1664 2992 1743 κεφαλὴ
3023 1668 3263 1737 πάντων,
3322 1666 3372 1738 ἐξ
3429 1668 3491 1723 οὗ
3548 1671 3617 1723 τὰ
3671 1670 3859 1742 πάντα,

2211 1755 2474 1830 Χριστόςσ
2534 1756 2624 1810 καὶ
2674 1755 2799 1817 δπες
2856 1754 2995 1810 ἐστὶν
3047 1753 3324 1826 ἀλλήλοις
3356 1756 3423 1811 τὰ
3474 1756 3642 1830 μὲλη,
3699 1763 3861 1814 τοῦτο

2208 1843 2429 1906 ἕκαστος
2488 1844 2716 1916 ἑκάστῳ,
2776 1844 2865 1898 καὶ
2923 1850 3081 1899 πᾶσιν
3144 1846 3373 1907 ἅπαντες
3401 1887 3413 1899 .
3469 1845 3662 1902 οὔκουν
3713 1868 3864 1924 περι-

2210 1935 2420 2004 οπτέον,
2472 1931 2595 1987 οὐδὲ
2641 1931 2940 2006 ἀμελητὲον
2996 1937 3104 1987 τῶν
3154 1933 3608 2009 προεμπεσόντων
3652 1936 3727 1998 εἷς
3761 1938 3857 2005 τὴν

2343 2024 2357 2043 ς
2437 2022 2449 2041 Ἰ
2530 2022 2547 2053 1
2810 2022 2822 2041 ἳ
2841 2019 2883 2039 λλ
2934 2022 2946 2039 9
3306 2028 3330 2038 ~
3545 2023 3553 2041 9
3662 2026 3690 2043 τι·
3807 2032 3829 2042 -ιι

2209 2045 2395 2091 κοινην
2427 2034 2694 2086 ασθενειαν
2721 2042 2733 2055 ·
2770 2038 2894 2077 ουοε
2923 2024 3231 2097 αγαπητὲον
3263 2022 3499 2097 μαλλον,
3523 2026 3608 2079 ὁτι
3634 2046 3690 2079 ευ
3722 2028 3856 2099 ήμιν

2208 2108 2325 2186 ἔχει
2540 2110 2606 2164 τὰ
2654 2112 2902 2183 σώματα,
2948 2111 2983 2179 ἢ
3036 2112 3347 2182 πενθητέον,
3399 2113 3481 2167 ’ὁτι
3513 2111 3715 2175 ἀθλίως
3742 2120 3857 2178 τοῖς

2207 2199 2503 2278 ἀδελφοῖς·
2575 2198 2664 2254 καὶ
2719 2200 2967 2273 ἡγεῖσθαι
3028 2199 3153 2271 μίαν
3203 2198 3494 2278 ἀσφάλειαν
3554 2204 3690 2256 εἷται
3749 2209 3855 2259 τῶν

2205 2290 2487 2362 ἡμετέρων
2514 2292 2724 2363 σαρκῶν
2757 2289 2845 2342 καὶ
2885 2291 3104 2362 ψυχῶν,
3132 2289 3230 2358 τὴν
3265 2288 3338 2350 εἷς
3370 2288 3602 2352 ἐκείνους
3661 2291 3857 2368 φιλαν-

2209 2378 2451 2452 θρωπίαν
2481 2398 2492 2409 ·
2526 2382 2814 2449 σκοπῶμεν
2850 2374 2906 2431 δὲ
2940 2376 3135 2439 οὕτως.

446 2493 603 2543 mus,
634 2472 826 2529 carnis
856 2477 913 2527 et
939 2473 1269 2527 animarum
1301 2476 1629 2525 nostrarum
1664 2470 1911 2525 salutem
1944 2470 2002 2524 in
2038 2470 2144 2525 hoc
2174 2486 2292 2524 uno
2322 2469 2573 2541 positam
2604 2484 2755 2538 esse,
2788 2472 2851 2523 ut
2893 2484 2992 2524 eos
3031 2467 3398 2525 humanitate
3430 2486 3495 2525 ac
3526 2470 3853 2528 misericor-

448 2565 546 2619 dia
577 2577 1019 2635 prosequamur.
1051 2559 1141 2613 Sic
1174 2564 1369 2614 autem
1402 2559 1862 2613 consideremus.

526 2652 611 2708 IX.
652 2650 761 2706 Alii
813 2650 1049 2721 quidem
1110 2648 1216 2703 hoc
1275 2648 1395 2703 solo
1456 2648 1689 2703 nomine
1734 2645 2097 2702 miserabiles

448 2740 786 2810 sunt,.quod
810 2739 1005 2809 inopia
1030 2738 1313 2807 laborent,
1338 2754 1513 2808 quam
1539 2739 1801 2803 fortasse,
1831 2735 1917 2791 vel
1946 2742 2095 2791 tem-

449 2846 583 2904 pus,
606 2829 694 2885 vel
726 2828 910 2895 labor,
932 2827 1016 2882 vel
1044 2827 1292 2891 amicus,
1317 2826 1403 2880 vel
1438 2826 1823 2897 propinquus,
1848 2826 1932 2880 vel
1958 2830 2098 2881 tem-

448 2920 607 2993 poris
639 2917 887 2972 mutatio
921 2914 1271 2971 sustulerit:
1327 2914 1420 2969 bis
1469 2920 1662 2969 autem
1714 2914 2095 2970 nihilominus

449 3009 569 3064 haec
626 3023 859 3079 quoque
915 3006 1107 3077 gravis
1164 3008 1270 3071 est,
1322 3004 1439 3058 imo
1498 3020 1563 3059 eo
1623 3004 1794 3058 etiam
1844 3004 2091 3074 gravior,

446 3097 601 3167 quod
634 3112 751 3149 una
779 3111 911 3149 cum
937 3108 1131 3161 carne,
1156 3097 1212 3147 et
1242 3092 1455 3146 laboris
1488 3091 1867 3162 suscipiendi,
1893 3097 1950 3146 et
1981 3091 2093 3147 sibi

449 3186 521 3240 ad
574 3183 933 3239 necessarios
983 3182 1108 3235 vitae
1159 3198 1301 3235 usus
1362 3198 1529 3252 Opem
1588 3180 1804 3235 ferendi
1848 3179 2093 3235 facultas

447 3276 643 3343 erepta
674 3272 768 3339 sit,
802 3270 1105 3342 magisque
1152 3286 1379 3341 semper
1412 3270 1562 3339 apud
1598 3270 1754 3340 ipsos
1788 3268 2093 3337 praevaleat

447 3360 634 3416 morbi
659 3364 872 3426 metus,
898 3376 1070 3429 quam
1104 3375 1238 3429 spes
1265 3359 1553 3413 sanitatis.
1580 3359 1656 3411 Ex
1678 3375 1793 3428 quo
1815 3358 2087 3423 efficitur,
2118 3404 2160 3470 Ο

447 3453 505 3470 ,λι
542 3465 742 3470 __-__-_.-
784 3447 1091 3470 -.ι..,-.ι--.,..
1141 3446 1332 3470 -.--.;ι;ε
1389 3446 1502 3470 illi-
1553 3462 1682 3470 η-Αη
1730 3446 1924 3470 ..αιωηι
1962 3462 2087 3470 ..μμ

445 3453 509 3505 ut
542 3465 749 3521 parum
782 3447 1096 3503 admodum
1140 3446 1336 3500 auxilii
1389 3446 1503 3500 illis
1552 3462 1683 3516 spes
1729 3446 1928 3500 afferat
1958 3462 2089 3516 quas

441 3538 674 3593 afflictis
722 3542 778 3591 et
829 3534 1186 3589 calamitosis
1239 3551 1420 3588 unum
1471 3538 1559 3588 est
1607 3535 1951 3588 remedium.
2000 3534 2084 3588 Ad

438 3630 841 3699 panpertatem
898 3623 1118 3678 accedit
1172 3624 1431 3688 morbus,
1473 3622 1717 3676 alterum
1752 3623 1995 3689 malum,
2029 3626 2087 3678 et

438 3715 678 3785 quidem
709 3712 1168 3777 atrocissimum,
1203 3728 1267 3765 ac
1315 3712 1475 3766 vobis
1506 3712 1783 3766 omnibus
1815 3728 2085 3766 aversan-

437 3806 603 3870 dum,
635 3808 811 3874 atque
841 3800 1151 3872 ejusmodi,
1188 3804 1251 3854 ut
1295 3801 1446 3855 263
1489 3801 1640 3871 apud
1678 3800 1914 3868 multos,
1948 3817 2083 3855 cum

435 3893 657 3965 aliquid
706 3892 840 3947 mali
888 3890 1142 3961 cuipiam
1194 3890 1501 3961 imprecari
1535 3890 1797 3961 cupiunt,
1830 3889 1975 3944 nihil
2009 3892 2086 3945 sit

434 3982 857 4053 expromptius.
884 3980 1167 4046 Tertium,
1193 3980 1346 4048 quod
1381 3979 1639 4049 plerique
1671 3996 1768 4034 eos
1801 3996 1903 4033 nec
1924 3980 2083 4035 adire

432 4086 540 4126 nec
569 4070 782 4124 intueri
810 4069 1121 4125 sustinent.
1148 4069 1243 4121 sed
1278 4068 1529 4138 fugiunt,
1561 4068 1819 4131 horrent,
1845 4073 1901 4122 et
1923 4085 2082 4124 aver-

432 4162 675 4223 santur;
709 4164 880 4227 atque
913 4158 967 4210 id
1002 4157 1204 4211 morbo
1226 4156 1351 4225 ipso
1385 4155 1499 4209 illis
1528 4157 1793 4211 acerbius
1817 4162 1922 4225 est,
1949 4174 2080 4213 cum

432 4247 505 4301 ob
528 4244 916 4300 calamitatem
942 4261 1146 4298 exesos
1169 4244 1343 4298 etiam
1377 4249 1431 4298 et
1462 4245 1678 4299 invisos
1706 4262 1766 4299 se
1797 4261 1924 4300 esse
1946 4263 2076 4301 sen-

429 4335 602 4389 tiunt.
636 4332 917 4403 Equidem
972 4332 1096 4403 ipse
1157 4348 1355 4385 eorum
1420 4332 1715 4387 miseriam
1780 4352 1893 4388 non
1953 4334 2081 4389 sine

429 4421 703 4494 lacrymis
764 4422 913 4485 fero,
975 4437 1040 4474 ac
1099 4420 1498 4476 recordatione
1567 4422 1695 4493 ipsa
1750 4423 2074 4493 perturbor.

428 4512 707 4581 Idemque
728 4508 890 4563 vobis
915 4507 1155 4573 accidat,
1182 4508 1374 4575 velim,
1401 4514 1465 4563 ut
1493 4509 1765 4581 lacrymis
1792 4509 2079 4583 lacrymas

428 4598 692 4671 fugiatis.
724 4597 837 4653 Nec
867 4613 999 4652 vero
1033 4597 1254 4667 dubito,
1290 4598 1432 4669 quin
1466 4615 1535 4653 ex
1568 4599 1679 4665 his,
1705 4598 1803 4670 qui
1836 4600 2074 4671 adsunt,

498 4717 544 4752 7°
572 4719 738 4773 Rom.
770 4730 872 4781 xu,
901 4714 955 4768 5.

498 4841 611 4918 (6‘3)
660 4841 718 4896 Ei
776 4841 875 4918 γὰρ
925 4841 1012 4895 καὶ
1067 4841 1139 4918 ᾡς
1202 4840 1402 4917 ἰχθροῦ
1459 4839 1808 4918 κατηγόρησα
1866 4840 1955 4898 διὰ
2008 4842 2071 4898 τὸ

424 4911 621 4987 πάθος,
646 4921 755 4987 etc.
790 4911 1121 4987 'A'Gregorii
1149 4911 1339 4969 mente
1371 4919 1426 4971 et
1458 4911 1622 4970 textu
1648 4911 1878 4972 videtur
1907 4918 2069 4972 aber-

426 4996 554 5059 rare
595 4986 826 5059 _Billius,
879 4986 995 5057 qui,
1029 4987 1220 5059 locum
1268 4986 1425 5042 hunc
1468 4988 1548 5042 sic
1604 4989 2066 5059 interpretatur:

425 5078 453 5106 «
489 5056 610 5110 Etsi
640 5058 794 5129 enim
833 5074 921 5112 me
952 5058 1131 5113 animi
1158 5060 1398 5113 affectus
1430 5076 1495 5113 eo
1528 5056 1804 5129 abripuit,
1830 5065 1895 5114 ut
1926 5060 2067 5114 illud

425 5134 700 5197 tanquam
731 5128 1038 5184 inimicum
1072 5135 1127 5184 et
1156 5131 1436 5185 infestum
1469 5128 1827 5199 accusarem,
1866 5155 1885 5182 ι
1923 5138 2029 5187 etc.

492 5199 606 5273 (63)
632 5199 863 5273 mea)».
902 5202 961 5255 In
994 5200 1373 5273 quibusdam,
1404 5202 1469 5253 τὰ
1499 5203 1617 5273 τοῦ.

511 5272 597 5339 64)
631 5270 698 5343 “El
724 5267 965 5327 ἕκαστον.
998 5267 1092 5327 0r.
1126 5274 1180 5340 2,
1218 5267 1367 5343 Heg:
1389 5290 1438 5338 c,
1488 5270 1514 5337 η
1550 5269 1777 5341 ἑκάστῳ.

510 5343 600 5406 65)
631 5340 828 5411 Αὐτῆς.
864 5345 1035 5399 Deest
1067 5344 1126 5397 in
1157 5344 1252 5397 Or.
1282 5340 1334 5397 ‘3".

418 5478 443 5533 ἔ
489 5410 599 5485 (66)
649 5412 723 5466 Εὖ
770 5410 915 5485 ἡμῖν
977 5410 1111 5488 ἔχει.
1174 5414 1438 5485 Plerique
1495 5414 1755 5480 codices,
1815 5416 1948 5485 ἡμῖν
2006 5412 2062 5467 εὖ

448 5501 557 5533 νει-

448 5501 557 5539 γει.

630 5557 760 5644 ’ξάᾏ
796 5555 875 5612 ἂν.
910 5558 1067 5644 ῈΓΘΞ
1086 5556 1289 5644 R‘egg.,
1322 5554 1461 5629 τάχα
1484 5553 1562 5610 ἄν.

630 5624 873 5682 Λὺσαιεν.
908 5629 1002 5681 Or.
1035 5631 1088 5696 2,
1124 5624 1321 5680 λῦσέιε.

486 5693 598 5779 (69)
629 5696 741 5752 Οὐκ
792 5695 1031 5774 ἔχουσιν.
1074 5693 1210 5755 Haec
1254 5700 1467 5755 desunt
1499 5700 1555 5754 in
1592 5700 1769 5770 Regg.
1804 5701 1923 5768 bm,
1957 5699 2057 5772 ph,

2275 2646 2347 2700 ΘΖ
2380 2650 2506 2706 Τοῖς
2540 2645 2633 2717 μὶν
2670 2640 2864 2705 ἄλλοις
2911 2644 2966 2699 ἓν
3012 2643 3176 2716 μόνον
3207 2643 3461 2717 ἐλεεινὸν,
3496 2644 3558 2700 τὰ
3589 2649 3688 2715 τῆς
3720 2648 3853 2703 ἀπο-

2205 2734 2321 2809 ρίας
2345 2752 2356 2765 .
2391 2732 2421 2787 δ
2449 2733 2573 2807 τάχ’
2622 2733 2678 2787 ἂν
2723 2735 2834 2805 (67)
2878 2734 2911 2801 ἢ
2957 2728 3179 2808 χρόνος,
3226 2736 3260 2803 ἢ
3293 2732 3484 2802 πόνος,
3517 2736 3551 2804 ἢ
3585 2735 3763 2813 φίλος,
3813 2738 3849 2806 ἢ

2204 2825 2481 2899 συγγενής,
2525 2824 2558 2890 ἢ
2603 2826 2795 2897 καιροῦ
2849 2817 3126 2893 μεταϐολή
3177 2822 3393 2877 λύσαιεν
3628 2830 3750 2886 Τοῖς
3793 2824 3851 2880 δὲ

2201 2915 2359 2965 τοῦτο
2397 2912 2488 2984 μὲν
2524 2908 2740 2971 οὐδενὸς
2770 2910 2955 2982 ἦττον,
2990 2910 3035 2964 εί
3072 2911 3146 2983 μή
3181 2912 3269 2965 καὶ
3307 2911 3544 2984 μᾶλλον,
3594 2910 3704 2985 ὅσῳ
3748 2918 3848 2968 τοῦ

2202 3006 2383 3054 πονεῖν
2437 2999 2525 3054 καὶ
2580 3001 2799 3075 βοηθεῖν
2849 3000 3057 3061 ἑαυτοῖς
3108 2999 3206 3055 οὐκ
3254 2997 3470 3074 ἔχουσιν
3514 3003 3647 3074 (69),
3680 3002 3757 3065 εἷς
3784 3004 3852 3057 τὰ

2201 3088 2457 3164 ἀναγκαῖα
2518 3090 2650 3161 μετὰ
2697 3092 2802 3142 τῶν
2864 3093 3073 3162 σαρκῶν
3134 3088 3463 3166 ἀφῄρηνται,
3519 3092 3609 3144 xui
3654 3091 3851 3164 μείζων

2200 3176 2281 3231 ἀεὶ
2327 3185 2428 3246 τῆς
2479 3178 2744 3238 ασθενείας
2795 3176 2977 3239 αὐτοῖς
3030 3175 3243 3250 μᾶλλον
3288 3178 3315 3232 ὁ
3365 3174 3554 3257 φόϐος,
3600 3183 3634 3249 ἦ
3663 3183 3696 3249 ἡ
3752 3183 3848 3249 τῆς

2202 3264 2376 3341 ὑγείας
2407 3269 2515 3339 (70)
2565 3265 2720 3328 ἐλπίς
2747 3285 2759 3297 ’
2800 3265 2937 3320 ὥστε
2988 3268 3179 3340 μικρὸν
3220 3271 3346 3342 γοῦν
3392 3288 3449 3322 τε
3480 3271 3591 3340 (7|)
3628 3270 3843 3343 βοηθεῖ-

2200 3356 2317 3407 σθαι
2347 3356 2489 3429 παρὰ
2534 3362 2633 3424 τῆς
2687 3353 2931 3427 ἐλπίδος,
2979 3357 3012 3424 ἣ
3065 3354 3229 3427 μόνον
3262 3358 3373 3429 (72)
3404 3362 3518 3418 τοῖς
3552 3358 3841 3433 ἀτυχοῦσιν

2200 3442 2309 3496 ἐστι
2356 3445 2468 3517 (73)
2517 3444 2824 3520 φάρμακον.
2881 3445 3020 3517 Πρὸς
3065 3440 3121 3497 δὲ
3166 3443 3235 3517 τῇ
3282 3444 3458 3517 πενίᾳ,
3502 3447 3655 3515 καὶὴ
3689 3446 3841 3509 νόσος

2194 3533 2353 3586 κακὸν
2432 3529 2701 3608 δεύτερον,
2766 3532 2853 3587 xui
2929 3537 3106 3587 κακῶν
3156 3534 3219 3587 τὸ
3278 3534 3698 3609 ἀπευκτότατον,
3753 3534 3839 3589 καὶ

2196 3620 2514 3696 βαρύτάτον,
2573 3622 2661 3675 καὶ
2716 3621 2791 3682 εἰς
2847 3620 3077 3696 κατάραν
3144 3626 3259 3684 τοῖς
3326 3621 3562 3686 πολλοῖς
3616 3645 3840 3700 προχει-

2193 3709 2434 3781 ρότατον.
2512 3710 2609 3764 Καὶ
2682 3710 2882 3785 τρίτον,
2952 3712 3014 3764 τὸ
3088 3712 3161 3783 μὴ
3235 3714 3348 3785 (74)
3404 3712 3694 3787 προσιτοὺς
3745 3713 3837 3768 αὑ-

2188 3798 2313 3860 τοὺς
2368 3800 2523 3870 εἶναι,
2576 3796 2717 3871 μηδὶ
2765 3798 2986 3862 θεατοὺς
3033 3804 3148 3861 τοῖς
3195 3798 3464 3869 πλείοσιν,
3511 3801 3657 3857 ἀλλὰ
3713 3823 3834 3880 φευ-

2189 3887 2371 3958 κτοῦς,
2404 3888 2491 3942 καὶ
2536 3886 2886 3963 βδελυκτοὺς,
2937 3888 3024 3943 καὶ
3074 3890 3188 3942 οἷον
3219 3888 3624 3964 ἀποτροπαίους
3651 3911 3662 3923 ·
3699 3890 3728 3946 ὅ
3754 3890 3838 3946 xui

2187 3984 2289 4045 τῆς
2321 3976 2481 4031 νόσου
2510 3978 2725 4039 τούτοῖς
2763 3977 3081 4054 βαρύτερον,
3113 3976 3236 4032 ὅταν
3268 3976 3558 4043 αἴσθωνται
3611 3978 3700 4035 διὰ
3744 3990 3837 4049 τήν

2190 4069 2469 4143 συμφορὰν
2519 4066 2608 4120 καὶ
2661 4071 2995 4139 μισοῦμενοι.
3056 4068 3204 4141 Ἐχὼ
3265 4067 3358 4140 μὲν
3413 4065 3539 4123 οὐδὲ
3586 4066 3836 4146 ἀδακρυτῖ

2190 4154 2335 4232 φέρω
2383 4156 2444 4209 τὸ
2492 4155 2699 4210 τούτων
2750 4155 2939 4227 πάθος,
2999 4154 3088 4209 καὶ
3137 4158 3205 4228 τῇ
3251 4158 3437 4229 μνήμῃ
3494 4158 3836 4234 συγχέομαι·

2187 4243 2451 4320 πάσχοιτε
2506 4247 2617 4317 (75)
2668 4242 2725 4299 δὲ
2776 4245 2864 4299 καὶ
2921 4244 3074 4317 ὑμεῖς
3105 4244 3318 4315 ταυτὸν,
3347 4243 3439 4300 ἵνα
3466 4252 3583 4308 τοῖς
3617 4245 3833 4323 δάκρυσι

2184 4333 2251 4387 τὰ
2295 4331 2497 4409 δάκρυα
2544 4332 2783 4410 φύγήτε’
2836 4332 2927 4388 καί
2972 4334 3245 4408 πάσχουσί
3292 4355 3373 4409 γε,
3415 4332 3517 4389 οἶδ’
3576 4335 3680 4405 ὅτι,
3729 4339 3833 4389 τῶν

2186 4422 2465 4496 παρόντων
2499 4420 2615 4476 ὅσοι
2648 4420 2999 4496 φιλόχριστοι
3027 4422 3117 4475 καὶ
3158 4421 3533 4499 φιλόπτωχοι,
3562 4426 3652 4479 καὶ
3681 4428 3834 4495 Θεοῦ,

2184 4511 2273 4565 καὶ
2295 4511 2440 4586 παρὰ
2466 4515 2600 4566 Θεοῦ
2630 4514 2743 4585 (76)
2772 4512 2834 4566 τὸ
2864 4511 3032 4567 ἐλεεῖν
3062 4509 3284 4586 ἔχοντες
3309 4530 3323 4543 ⁸
3360 4512 3626 4589 μάρτῦρες
3662 4511 3719 4568 δὲ
3746 4513 3836 4568 καὶ

2189 4599 2343 4673 ὑμεῖς
2377 4604 2486 4674 (77)
2515 4604 2610 4655 τοῦ
2640 4602 2859 4662 πάθους.

2181 4844 2431 4922 aliisque
2473 4845 2731 4922 melioris
2780 4846 3294 4922 nota‘codicibus,
3347 4866 3457 4905 non
3504 4841 3696 4913 male;
3730 4844 3831 4903 bis

2180 4917 2348 4972 enim
2369 4918 2626 4990 omissis,
2661 4918 2889 4990 planior
2931 4920 2993 4974 ﬁt
3023 4921 3224 4976 oratio.

2391 4988 2617 5065 Ὑγείας.
2650 4988 2853 5065 Plures
2885 4992 3082 5065 codd.,_
3110 4990 3336 5065 ὑγιείας.

2250 5061 2361 5134 (71)
2391 5060 2472 5134 In;
2506 5060 2677 5116 Deest
2710 5063 2766 5116 in
2803 5063 2945 5134 Reg.
2980 5060 3191 5134 a,bm,
3227 5063 3327 5134 ph.

2247 5133 2359 5204 (72)
2390 5132 2459 5187 Ἢ
2496 5151 2679 5203 μονον.
2729 5134 2866 5206 Reg.
2896 5132 2975 5203 lc,
3029 5132 3063 5202 ἦ
3118 5132 3278 5207 μόνη.
3331 5134 3396 5189 In
3446 5134 3575 5189 Par.
3627 5133 3741 5201 ed.,
3792 5132 3829 5201 ἢ

2223 5201 2343 5255 όνον
2379 5204 2596 5258 [male].

2254 5222 2343 5255 νον
2379 5220 2596 5259 Imalel.

2180 5205 2343 5274 μόνον
2379 5205 2596 5294 (male).
2792 5205 2835 5285 ,ί
3019 5276 3030 5288 .
3122 5205 3127 5207 ⁷

2388 5278 2572 5363 ἔστι,
2590 5274 2760 5363 Deest
2789 5292 2861 5363 in“
2881 5275 3151 5363 pluribus
3180 5277 3362 5349 Regg.
3396 5280 3453 5332 et
3482 5278 3579 5332 Or.
3611 5278 3666 5330 2.

2265 5346 2355 5416 74)
2388 5347 2496 5414 Μή.
2531 5346 2626 5401 Or.
2658 5348 2713 5413 2,
2752 5340 2912 5417 μηδέ.

2390 5417 2682 5505 Ηάρχριτε.
2716 5418 2855 5505 Reg.
2890 5420 3009 5505 bm‘.
3042 5423 3246 5505 Lion},
3281 5419 3681 5505 συσμπάσχοιτε.

2244 5485 2357 5563 (⁸76)
2390 5487 2485 5539 Καὶ
2510 5485 2682 5563 ἰξεοῦ,
2732 5485 2827 5563 xui
2870 5490 3015 5563 παρὰ
3061 5485 3242 5545 Θεοῦ.⁷
3270 5514 3297 5540 ‹‹
3333 5485 3433 5545 Dei
3482 5485 3621 5563 erga
3653 5507 3736 5561 se,
3768 5495 3830 5545 et

2170 5556 2441 5634 Deierga
2471 5558 2635 5634 alios,
2660 5579 2694 5634 Α»
2744 5562 2837 5634 _lta
2866 5561 2926 5618 in
2948 5556 3113 5617 'notis
3141 5565 3390 5634 Sancyg.

2168 5630 2352 5750 Ίῆωι(Ξῖ)
2381 5634 2576 5701 Ὑμεῖς.
2611 5631 2707 5688 Sic
2742 5632 2880 5705 Reg.
2920 5635 3019 5706 ph,
3051 5634 3147 5689 Or.
3181 5635 3236 5701 2,
3268 5630 3378 5689 etc.
3424 5632 3575 5689 Male
3618 5634 3675 5688 in
3710 5634 3803 5689 ed.
3833 5678 3852 5701 ,

2192 5720 2350 5772 ,μεις.
