4146 6290
410 443 531 506 869

1335 438 1625 505 ORATIO
1668 441 1832 506 XIV.
1867 475 1943 488 -
1980 432 2080 504 DE
2126 436 2556 508 PAUPERUM
2605 444 2903 507 AMORE.

3710 438 3831 507 870

412 575 653 648 perinde
683 574 1060 645 afﬂictantur,
1093 575 1433 646 quicunque
1463 574 1678 631 Christi
1706 592 1771 629 ac
1813 592 2135 647 pauperum
2169 583 2436 632 amantes
2476 584 2635 642 sunt,
2672 580 2910 648 Deique,
2948 582 3003 631 et
3035 595 3067 632 a
3098 580 3206 633 Deo
3239 575 3698 633 misericordiam
3726 577 3832 633 ha-

412 667 573 719 bent.
606 667 677 717 At
707 662 1063 719 calamitatis
1094 664 1272 719 etiam
1300 668 1479 719 testes
1511 680 1613 718 vos
1643 664 1756 735 ipsi
1788 665 1947 720 estis.

488 753 542 808 Γ.
595 750 881 826 Πρόκιιται
927 756 1045 812 τοῖς
1099 751 1404 826 ὀφθαλμοῖς
1451 754 1613 823 ἡμῶν
1672 751 1844 825 θέαμα
1893 750 2060 807 δεινὸν

2252 755 2314 808 Χ.
2352 757 2703 826 Proponitur
2736 756 2903 811 nobis
2957 756 3028 809 ob
3087 755 3284 810 oculos
3346 771 3518 826 grave
3571 760 3627 810 et
3658 756 3832 812 mise-

415 840 503 894 xui
557 839 815 909 ἐλεεινὸν,
872 840 960 893 καὶ
1010 846 1160 910 πᾶσι,
1218 837 1362 907 πλὴν
1410 845 1515 893 τῶν
1564 838 1784 894 εἰδότων
1828 843 2072 913 ἄπιστον,

417 932 689 1004 ἄνθρωποι
747 930 926 1001 νεκροὶ
968 927 1057 982 καὶ
1110 934 1322 997 ζῶντες,
1381 930 1892 1003 ἠκρωτηριασμένοι
1962 936 2075 991 τοῖς

416 1016 695 1079 πλείστοις
726 1022 824 1070 τοῦ
857 1018 1110 1089 σώματος
1145 1016 1325 1092 μέρεσι
1361 1018 1493 1091 (78),
1533 1020 1661 1091 μήθ’
1692 1022 1828 1092 (78⁶)
1884 1018 2075 1081 οἵτινές

417 1128 549 1162 ποτε
576 1103 889 1179 ἧσαν,μηδὶ
928 1104 1045 1158 ὅθεν
1076 1104 1178 1158 εἶσὶ
1216 1110 1414 1179 μικροῦ
1436 1105 2072 1180 γινωσκόμενοι-μᾶλλον

420 1194 477 1251 δὲ
506 1201 615 1250 τῶν
646 1216 779 1250 ποτε
816 1195 1115 1269 ἀνθρώπων
1168 1190 1333 1257 ἄθλια
1373 1192 1601 1269 λείψανα
1627 1214 1639 1226 '
1673 1194 1907 1271 πατέρας
1940 1198 2072 1269 (79),

418 1285 507 1340 xvi
589 1283 849 1359 μητέρας,
924 1282 1015 1337 xui
1090 1279 1380 1360 ἀδελφοὺς,
1449 1285 1537 1338 καὶ
1593 1284 1812 1355 τόπους,
1872 1285 2073 1338 ἑαυτῶν

418 1372 770 1450 γνωρίσματα
811 1370 1077 1449 λέγοντες·
1128 1373 1266 1447 Ἐγὼ
1312 1376 1410 1426 τοῦ
1460 1369 1652 1443 δεῖνος,
1698 1373 1786 1427 καὶ
1831 1376 1865 1442 ἡ
1934 1371 2077 1428 δεῖνά

426 1484 519 1536 μοι
555 1463 760 1536 μήτηρ,
786 1461 876 1515 xui
901 1458 1026 1516 τόδε
1058 1480 1152 1533 μοι
1186 1455 1378 1533 ὄνομα,
1410 1460 1499 1515 καὶ
1531 1460 1593 1514 σύ
1628 1483 1719 1534 μοι
1751 1460 1911 1538 φίλος
1945 1461 2078 1515 ποτὶ

421 1552 510 1606 xui
554 1552 857 1626 γνώριμος.
910 1550 1007 1604 Καὶ
1060 1553 1220 1604 τοῦτο
1269 1548 1617 1625 πράττουσιν,
1670 1550 1854 1627 οὐγὰρ
1888 1549 2075 1626 ἔχουσι

424 1644 504 1713 τῷ
552 1640 772 1711 παλαιῷ
818 1645 1125 1715 χαρακτῆρι
1176 1639 1535 1713 γινώσκεσθαι
1601 1642 1733 1713 (80)·
1805 1638 2078 1715 ἄνθρωποι

426 1728 909 1805 περικεκομμένοι,
986 1729 1075 1783 καὶ
1151 1730 1544 1805 περιῃρημένοι
1623 1731 1885 1805 χρήματα
1942 1732 2075 1803 (81),

433 1819 764 1896 συγγένειαν,
794 1818 1011 1894 φίλους,
1044 1818 1176 1873 αὗτά
1202 1818 1269 1873 τὰ
1298 1820 1525 1892 σώματα
1548 1840 1560 1853 ·
1594 1818 1892 1894 ἄνθρωποι,
1921 1820 2077 1893 μόνοι

418 1913 524 1963 τῶν
554 1907 768 1964 πάντων
814 1909 927 1980 (82)
981 1905 1258 1969 ἑλεοῢντές
1299 1927 1361 1962 τε
1391 1906 1639 1977 ἑαυτοὺς,
1672 1908 1764 1962 καὶ
1800 1913 2079 1980 μισοῦντες

425 1998 635 2071 ὁμοίως
660 2017 671 2029 ·
709 1997 808 2051 οὐκ
836 1994 1053 2072 ἔχοντες
1083 1996 1288 2072 πότερα
1323 1994 1533 2068 μᾶλλον
1585 1998 1897 2071 θρηνήσωσι
1943 2000 2076 2070 (83),

2186 845 2435 898 randum
2472 845 2894 916 spectaculum,
2929 862 3030 898 nec
3065 845 3177 899 nisi
3209 845 3302 908 iis,
3337 845 3435 915 qui
3464 851 3833 912 norunt,cre-

2186 932 2659 999 dibile,homines
2694 934 2907 987 mortui
2942 952 3003 986 at:
3038 933 3593 1003 viventes,plurimis
3624 950 3832 1005 corpo-

2187 1021 2265 1075 ris
2298 1021 2561 1091 partibus
2592 1020 3078 1090 mutilati,sicque
3104 1022 3313 1085 aﬂ‘ecti,
3342 1029 3405 1076 ut
3435 1024 3685 1093 l'ere,nec
3710 1022 3834 1094 qui-

2186 1127 2319 1165 nam
2351 1110 2491 1165 olim
2530 1111 2766 1176 fuerint,
2802 1127 2905 1165 nec
2956 1113 3129 1179 unde,
3164 1117 3553 1183 agnoscatur;
3588 1111 3726 1181 imo,
3770 1118 3836 1168 ut

2186 1198 2401 1254 rectius
2430 1198 2888 1269 loquar,miserm
2921 1206 3177 1255 veterum
3206 1201 3516 1255 hominum
3549 1199 3830 1272 reliquiae;

2187 1291 2400 1358 patres,
2432 1292 2488 1342 et
2546 1292 2784 1353 matres,
2825 1293 2882 1343 et
2940 1289 3169 1357 fratres,
3216 1306 3281 1343 ac
3338 1287 3465 1344 loca
3496 1304 3564 1343 ex
3617 1291 3832 1361 quibus

2186 1376 2423 1446 agnosci
2464 1381 2700 1447 queant,
2735 1377 3134 1448 proferantes:
3167 1394 3269 1448 ego
3318 1376 3418 1432 illo
3452 1383 3614 1450 patre
3660 1386 3835 1435 natus

2186 1480 2339 1531 sum,
2377 1463 2484 1519 hac
2517 1470 2703 1519 matre
2735 1471 3096 1536 procreatus,
3146 1466 3253 1521 hoc
3285 1466 3430 1520 mihi
3479 1483 3692 1522 nomen
3722 1473 3832 1537 est,

2187 1556 2247 1607 tu
2282 1552 2427 1608 mihi
2459 1554 2753 1625 quondam
2789 1553 3013 1609 amicus
3045 1560 3101 1610 et
3131 1554 3474 1611 familiaris:
3510 1556 3690 1627 idque
3741 1557 3835 1611 id-

2188 1641 2339 1697 circo
2372 1641 2611 1713 faciunt,
2644 1643 2798 1712 quad
2849 1658 2915 1697 ex
2967 1642 3263 1699 veteribus
3318 1644 3435 1700 oris
3465 1643 3835 1702 lineamentis

2180 1734 2306 1803 jam
2338 1734 2572 1802 agnosci
2600 1749 2921 1804 nequeant:
2956 1734 3224 1789 homines
3247 1735 3517 1804 accisi,ac
3548 1736 3832 1807 pecuniis,

2188 1836 2419 1892 genere,
2452 1821 2677 1891 amicis,
2710 1822 2971 1893 adeoque
3012 1822 3357 1893 corporibus
3386 1822 3533 1893 ipsis
3564 1823 3831 1894 spoliati;

2188 1910 2457 1966 homines
2487 1909 2597 1966 soli
2629 1927 2697 1965 ex
2727 1911 3003 1966 omnibus
3036 1911 3382 1967 mortalibus
3430 1929 3593 1982 aeque
3624 1930 3752 1969 sese
3782 1918 3839 1969 et

2189 1999 2590 2055 misericordia
2620 2005 2676 2054 et
2707 2000 2836 2054 odio
2870 2007 3289 2071 prosequentes
3318 2019 3331 2068 ;
3386 2018 3489 2056 nec
3522 2002 3662 2057 satis
3694 2019 3837 2059 con-

426 2088 492 2142 τὰ
541 2086 731 2160 μηκέτ’
789 2081 917 2140 ὄντα
974 2090 1071 2139 τοῦ
1119 2086 1396 2158 σώματος,
1444 2085 1478 2153 ἢ
1528 2084 1595 2139 τὰ
1647 2087 1873 2156 μένοντα
1922 2089 2071 2158 (84)·

428 2176 453 2189 ιι
782 2174 820 2189 ,κ
1057 2176 1069 2189 ο
1191 2173 1201 2189 r
1397 2172 1421 2189 ﬂ
1496 2168 1519 2189 ν
1670 2176 1696 2186 ~
1804 2168 1815 2189 Ι
1958 2173 1977 2189 κ
2030 2172 2040 2189 Ι

2190 2088 2462 2143 stitutum
2508 2088 2812 2152 habentes,
2845 2096 3009 2143 utras
3058 2091 3293 2143 tandem
3347 2089 3607 2160 corporis
3640 2096 3835 2162 partes

424 2176 523 2231 ὅσα
588 2174 973 2252 προανάλωσεν
1046 2176 1081 2243 ἡ
1147 2173 1325 2242 νόσος,
1388 2172 1422 2241 ἢ
1493 2168 1591 2226 ὅσα
1632 2176 1700 2246 τῇ
1757 2168 1898 2245 νόσῳ
1958 2172 2069 2228 λεί-

421 2286 597 2322 πεται.
648 2265 723 2319 Τὰ
773 2265 868 2337 μὶν
908 2266 1009 2339 γὰρ
1063 2262 1339 2333 ἀνήλωται
1390 2264 1503 2334 (85)
1558 2259 1860 2337 δυστυχῶς,
1909 2263 1976 2316 τὰ
2015 2261 2071 2316 δὲ

424 2355 650 2423 σώζεται
704 2350 1121 2427 δυσνυχέστερον
1149 2369 1161 2381 ⁸
1217 2351 1284 2404 τὰ
1335 2350 1429 2422 μὶν
1465 2348 1677 2424 ο’ίχεται
1706 2352 1812 2425 πρὸ
1848 2355 1955 2404 τῶν
1982 2350 2071 2404 τά·

424 2465 561 2521 φων,
608 2443 675 2496 τὰ
724 2439 779 2495 δὲ
830 2441 928 2496 οὐκ
970 2436 1110 2494 ἔστιν
1158 2441 1185 2494 ὁ
1239 2435 1575 2513 παραδώσων
1607 2442 1749 2515 ταφῇ
1782 2441 1916 2512 (86).
1974 2440 2069 2493 Καὶ

420 2532 521 2608 γὰρ
570 2532 597 2585 ὁ
652 2530 771 2586 λίαν
822 2530 1061 2605 χρηστὸς
1106 2528 1194 2584 xui
1240 2525 1645 2606 φιλάνθρωπος,
1688 2527 1902 2589 τούτοις
1931 2527 2069 2582 ἰστὶν

423 2619 882 2695 ἀναλγητότατος·
949 2618 1216 2673 κάνταῦθα
1266 2617 1427 2689 μόνον
1498 2615 1873 2689 ἐπελαϐόμεθα
1938 2618 2069 2692 σάρ-

423 2730 509 2770 κες
540 2705 707 2778 ὄντες,
765 2709 854 2762 xui
899 2709 962 2761 τὸ
1012 2711 1171 2778 σῶμα
1217 2713 1318 2775 τῆς
1358 2706 1731 2767 ταπεινώσεως
1762 2706 2069 2781 περικείμε-

423 2820 503 2853 νοι
531 2818 543 2830 ·
575 2799 664 2853 καὶ
711 2796 973 2852 τοσούτου
1024 2793 1215 2868 δέομεν
1268 2797 1378 2869 (87)
1422 2795 1730 2867 θεραπεύειν
1775 2796 1837 2849 τὸ
1886 2816 2073 2871 συγγε-

422 2888 530 2955 νὶς,
589 2886 727 2940 ὥστε
781 2886 870 2939 καὶ
929 2889 1036 2939 τῶν
1091 2885 1375 2957 ἡμετέρων
1430 2885 1697 2955 σωμάτων
1777 2881 2067 2961 ἀσφάλειαν

422 2978 521 3043 τὴν
572 2975 778 3029 τούτων
818 2976 992 3050 φυγὴν
1052 2972 1377 3046 νομίζομεν.
1441 2973 1545 3027 Καὶ
1593 2977 1763 3048 νεκρῷ
1817 2973 1908 3043 μὲν
1958 2971 2066 3043 ἤδη

423 3062 699 3138 προσῆλθέ
742 3084 823 3125 τις
875 3062 1116 3134 παλαιῷ,
1150 3062 1237 3117 καὶ
1268 3061 1446 3133 τούτῳ
1491 3060 1659 3136 τυχόν
1698 3058 1949 3129 ὀδωδότι,
1982 3062 2071 3116 καὶ

429 3153 580 3221 ζώων
613 3149 824 3228 ἀλόγων
859 3149 1080 3221 ἤνεγκεν
1126 3148 1371 3206 ὀδωδότα
1400 3151 1647 3223 σώματα,
1678 3152 1767 3203 xui
1802 3146 2071 3225 βορϐόρου

424 3241 686 3311 πλησθεὶς
734 3241 1034 3316 ἠνέσχετο·
1086 3239 1310 3301 τούτους
1363 3237 1420 3294 δὲ
1468 3238 1601 3294 κατά
1648 3241 1842 3313 κράτος
1875 3240 2073 3316 φεύγο-

428 3352 520 3403 μεν
549 3330 616 3405 (ὥ
653 3336 751 3399 τῆς
801 3329 1183 3405 ἀπανθρωπίας
1210 3331 1270 3401 ί),
1318 3328 1401 3383 ὃτι
1452 3329 1541 3382 xui
1571 3327 1663 3382 τὸν
1696 3327 1854 3382 αὐτὸν
1885 3327 2071 3389 αὐτοῖς

423 3424 641 3492 σπῶμεν
672 3418 820 3493 ἀέρα,
852 3422 1048 3493 μικροῦ
1080 3415 1548 3493 δυσχεραίνοντες.

2184 2176 2370 2247 magis
2418 2175 2740 2247 deplorent,
2776 2177 3127 2247 praecisasne
3184 2182 3241 2232 et
3289 2178 3626 2248 exstinctae,
3662 2197 3734 2234 an
3776 2180 3835 2234 in

2180 2281 2418 2335 corpore
2448 2265 2640 2320 adhuc
2686 2270 3092 2331 remanentes;
3154 2282 3348 2330 easne,
3382 2282 3530 2336 quas
3581 2269 3825 2324 morbus

2180 2353 2534 2424 absumpsit,
2567 2370 2639 2408 an
2670 2370 2787 2420 eas,
2821 2370 2947 2422 quae
2981 2354 3185 2410 morbo
3221 2354 3457 2426 reliqum
3505 2360 3669 2414 sunt.
3713 2357 3828 2412 Illas

2179 2441 2395 2512 quippe
2427 2441 2637 2497 misere
2670 2442 2996 2513 absumptas
3026 2447 3203 2513 atque
3225 2443 3499 2499 confecta
3532 2449 3707 2513 sunt;
3744 2446 3829 2501 haa

2177 2547 2311 2586 vero
2345 2532 2617 2588 miserius
2647 2538 3104 2587 conservantur:
3159 2532 3269 2587 illa:
3302 2538 3437 2588 ante
3494 2535 3832 2606 sepulcrum

2179 2612 2548 2675 interierunt:
2572 2620 2680 2676 has
2710 2638 2880 2676 neme
2910 2626 2999 2676 est
3030 2622 3130 2693 qui
3162 2622 3428 2693 sepulcro
3452 2624 3834 2679 condat.Nam

2180 2708 2441 2780 optimus
2464 2715 2521 2764 et
2541 2709 3013 2766 humanissimus
3036 2711 3410 2782 quisque,his
3444 2712 3833 2767 durissimum

2180 2803 2352 2868 atque
2376 2798 3030 2872 inhumanissimumse
3053 2802 3287 2872 praebet;
3310 2804 3484 2871 atque
3514 2800 3607 2855 hic
3631 2801 3827 2856 solum

2183 2904 2288 2941 nos
2320 2904 2554 2943 carnem
2594 2905 2722 2943 esse
2753 2890 2819 2953 τί,
2854 2892 2910 2943 et
2966 2888 3316 2943 humilitatis
3365 2905 3575 2958 corpus
3627 2906 3830 2960 gerere

2181 2976 2619 3033 obliviscimur:
2668 2983 3016 3049 tantumque
3047 2979 3117 3034 ah
3157 2995 3223 3032 eo
3272 2978 3578 3045 absumus,
3616 2982 3680 3032 ut
3711 2995 3834 3043 eos,

2181 3065 2280 3134 qui
2312 3067 2677 3137 cognationis
2705 3068 2938 3122 vinculo
2999 3067 3304 3121 nobiscum
3338 3067 3550 3136 conjun
3571 3066 3646 3121 cti
3679 3070 3841 3135 sunt,

2182 3170 2476 3221 curemus,
2510 3161 2574 3209 ut
2601 3172 2915 3226 corporum
2949 3172 3183 3226 quoque
3217 3160 3548 3211 nostrorum
3583 3155 3834 3212 salutem

2180 3241 2241 3297 in
2273 3259 2471 3297 eorum
2498 3245 2635 3315 fuga
2667 3250 2842 3315 atque
2873 3245 3175 3299 aversione
3200 3243 3451 3315 positam
3489 3260 3617 3299 esse
3647 3244 3840 3299 existi-

2184 3347 2435 3385 memus.
2472 3332 2735 3402 Cumque
2786 3349 2900 3386 non
2949 3332 3163 3402 desint,
3198 3331 3296 3401 qui
3348 3330 3422 3385 ad
3469 3336 3635 3386 vetus
3666 3335 3841 3401 atque

2184 3419 2363 3475 etiam
2399 3421 2646 3476 fortasse
2676 3420 2943 3475 foetidum
2989 3422 3233 3475 cadaver
3281 3421 3555 3476 accedere
3586 3437 3701 3474 non
3741 3435 3841 3474 ve-

421 3516 681 3574 reantur,
716 3512 1140 3579 brutorumque
1171 3507 1567 3563 animantium
1599 3524 1843 3579 corpora
1871 3511 2021 3562 tetro
2052 3507 2227 3563 odore
2259 3509 2430 3581 plena
2460 3510 2776 3581 perferant,
2810 3525 2875 3565 ac
2918 3526 3080 3565 coeno
3113 3508 3333 3581 perfusi
3365 3526 3530 3579 usque
3556 3508 3752 3564 animo
3784 3506 3841 3560 id

424 3600 652 3654 ferant:
685 3615 792 3654 nos
823 3603 1025 3654 contra
1050 3597 1157 3653 hos
1191 3598 1448 3652 maxima
1476 3595 1770 3652 celeritate
1797 3596 2059 3668 fugimus
2086 3596 2241 3652 264
2271 3598 2326 3668 (ο
2356 3597 2651 3669 ingentem
2685 3598 3174 3653 inhumanitatem
3203 3594 3262 3668 ί),
3297 3613 3441 3668 pene
3470 3597 3644 3652 etiam
3686 3596 3839 3666 quod

426 3688 700 3742 eumdem
734 3703 867 3741 cum
900 3687 1045 3758 ipsis
1077 3702 1269 3741 aerem
1303 3687 1630 3752 trahemus,
1665 3686 1902 3756 indigne
1934 3686 2203 3741 ferentes.

495 3776 594 3829 lA'.
627 3773 686 3827 Τί
717 3774 920 3847 πατρὸς
963 3775 1364 3847 γνησιώτερον;
1421 3772 1511 3827 καὶ
1563 3772 1615 3826 τί
1680 3774 1887 3847 μητρὸς
1934 3793 2069 3843 συμ-

2258 3777 2347 3830 XI.
2374 3777 2519 3842 Quid
2542 3781 2704 3847 patre
2736 3776 3052 3831 sincerius?
3082 3776 3228 3839 Quid
3264 3778 3450 3829 matre
3482 3774 3551 3828 ad
3588 3771 3832 3826 misera-

420 3861 782 3935 παθέστερον;
834 3859 993 3916 Ἀλλ’
1043 3860 1369 3930 ἀπεκλείσθη
1419 3882 1481 3935 γε
1528 3860 1743 3921 τούτοις
1793 3860 1883 3913 καὶ
1914 3862 1948 3928 ἡ
1978 3858 2080 3936 φύ-

432 3969 549 4012 σις·
582 3949 671 4004 καὶ
730 3951 908 4024 πατὴρ
956 3947 1123 4003 παῖδα
1168 3950 1257 4003 τὸν
1309 3951 1522 4017 ἑαυτοῦ,
1573 3949 1629 4003 ὃν
1680 3949 1976 4024 ἐγέννησεν,
2022 3947 2079 4002 ὄν

431 4039 735 4115 ἀνέθρεψεν,
794 4039 852 4092 ὃν
912 4037 1195 4115 ὀφθαλμὸν
1250 4039 1371 4113 βίου
1424 4038 1587 4111 μόνον
1633 4036 1779 4111 ἔχειν
1813 4036 2082 4109 ἐνόμισεν,

432 4129 564 4203 ὑπὲρ
597 4127 658 4183 οὗ
706 4125 890 4182 πολλὰ
940 4132 1055 4199 Θεῷ
1098 4127 1186 4181 καὶ
1234 4125 1503 4187 πολλάκις
1553 4126 1919 4202 προσηύξατο,
1958 4130 2082 4180 τοῦ-

430 4239 519 4272 τον
553 4216 800 4293 ὀδύρεται
855 4219 968 4290 μὲν,
1020 4215 1306 4271 ἀπελαύνει
1361 4214 1438 4284 δὲ,
1489 4216 1550 4269 τὸ
1603 4216 1696 4289 μὶν
1741 4216 1898 4280 ἑκὼν,
1932 4216 1994 4267 τὸ
2026 4212 2083 4269 δὲ

428 4306 874 4381 τυραννούμενος.
911 4306 1011 4362 Καὶ
1045 4307 1229 4381 μήτηρ
1266 4304 1535 4377 μέμνηται
1570 4306 1662 4377 μὲν
1695 4310 1801 4359 τῶν
1847 4302 2079 4377 ὠδίνων,

430 4397 519 4450 xui
589 4396 655 4448 τὰ
740 4393 1027 4469 σπλάγχνα
1110 4394 1491 4469 σπαράσσεται,
1569 4394 1658 4448 καὶ
1735 4392 2080 4448 ἀνακαλεῖται

433 4483 551 4538 λίαν
580 4480 852 4553 ἱλεεινῶς,
902 4483 989 4536 xui
1036 4486 1299 4557 προθεῖσα
1353 4484 1558 4558 θρηνεῖ,
1612 4483 1849 4556 καθάπερ
1898 4484 2083 4552 τεθνη-

428 4571 561 4625 κότα
606 4571 698 4625 τὸν
748 4574 921 4639 ζῶντα
969 4573 1080 4645 (88)
1110 4591 1122 4602 ·
1162 4571 1377 4639 Τέκνον,
1412 4570 1664 4647 λέγουσα,
1699 4568 1960 4645 δυστυχὲς
1991 4571 2081 4625 καὶ

431 4659 621 4723 ἀθλίας
676 4661 904 4735 μητρὸς,
956 4658 986 4714 ὅ
1042 4681 1133 4733 μοι
1169 4660 1547 4736 συνεμερίσατο
1578 4665 1787 4735 πικρῶς
1815 4663 1850 4730 ἡ
1881 4659 2037 4722 νόσος
2064 4679 2076 4691 ·

428 4751 612 4805 τέκνον
661 4748 915 4819 ἐλεεινὸν,
974 4750 1156 4805 τέκνον
1211 4749 1271 4805 οὐ
1329 4749 1748 4826 γνωριζόμενον,
1797 4750 2003 4819 τέκνον,
2051 4746 2081 4805 ὅ

429 4844 697 4914 κρημνοῖς
729 4838 819 4893 xui
859 4833 1009 4913 ὄρεσι
1056 4840 1145 4892 καὶ
1196 4837 1450 4912 ἐρημίαις
1505 4838 1878 4914 ἀνεθρεψάμην
1925 4839 2075 4909 (89)·

503 5010 547 5045 ⁷¹
580 5009 720 5067 Gen.
753 5027 829 5080 v1,
861 5011 917 5068 3.

505 5159 614 5229 (78)
644 5159 862 5231 Μέρεσι.
897 5163 1064 5218 Forte
1101 5160 1308 5226 μέλεσι.
1354 5164 1506 5219 Edit.

504 5231 641 5308 (7st)
666 5232 815 5308 Μήθ’
848 5232 989 5305 Reg.
1023 5234 1154 5308 sm,
1182 5236 1281 5308 ph.
1316 5236 1413 5291 0r.
1446 5240 1505 5308 2,
1539 5231 1668 5308 μηδ’
1701 5234 1991 5305 [rectius].

525 5302 905 5375 79)f1u1épuc.
935 5302 1111 5361 _Coisl.
1142 5302 1393 5375 Vfaddit,
1425 5306 1512 5360 xui
1540 5302 1818 5366 πάππους.

500 5305 613 5447 (79)
646 5305 905 5395 Πατέρας.
940 5305 1111 5361 Cois].
1150 5305 1393 5375 iiaddit,
1425 5306 1512 5360 xui
1542 5305 1818 5366 πάππους.

670 5376 1027 5430 Γινωσκεσθαι
1065 5419 1077 5432 .
1166 5378 1286 5451 Reg
1318 5421 1331 5435 .
1415 5396 1466 5449 c,
1529 5380 1688 5435 Mont
1717 5421 1755 5445 .,
1818 5374 2084 5450 γνωρίζε-

432 5466 585 5503 σῠαι.

643 5518 1105 5593 Χρήματακῐὶθε.
1143 5537 1192 5593 ο.
1227 5521 1500 5593 κτήματα,
1533 5544 1560 5571 ‹‹
1598 5520 1852 5593 praediis.
1890 5542 1918 5569 »

520 5536 611 5588 δι)
643 5536 929 5590 Ᾱρηματα.
966 5536 1105 5645 ﬂag.
1143 5537 1192 5575 c.
1227 5536 1326 5588 κτη
1341 5540 1419 5591 μα’

520 5590 612 5660 82)
645 5588 889 5643 Πάντων.
925 5591 1020 5645 Or.
1098 5636 1111 5661 ,
1152 5590 1419 5647 ἁπάντων.

667 5664 1010 5732 Θρηνήσωσι.
1093 5663 1231 5733 Reg.
1296 5680 1349 5730 8.,
1403 5664 1498 5718 Or.
1578 5666 1633 5731 2,
1720 5662 2078 5737 θρηνήσουσι,

453 5746 626 5786 male.

496 5802 609 5877 (84)
640 5802 902 5858 Μένοντα.
937 5803 1032 5859 Or.
1065 5804 1119 5872 2,
1158 5801 1430 5877 μείναντα.

2110 5146 2158 5214 D

2193 3863 2409 3919 tionem
2435 3865 2783 3935 propensius
2799 3864 2826 3918 ?
2846 3866 2917 3918 At
2942 3864 3032 3918 his
3054 3864 3185 3935 ipsa
3207 3878 3437 3933 quoque
3463 3865 3674 3915 natura
3695 3873 3840 3929 prae-

2194 3951 2352 4007 clusa
2389 3959 2514 4009 est:
2565 3969 2631 4008 ac
2666 3958 2828 4024 pater
2886 3952 3067 4006 filium
3127 3968 3325 4012 suum.
3382 3965 3557 4020 quem
3614 3946 3842 4019 genuit,

2195 4056 2368 4110 quem
2400 4042 2688 4110 educavit,
2720 4057 2894 4111 quem
2927 4057 2988 4095 se
3048 4039 3289 4096 unicum
3320 4038 3448 4093 vita;
3479 4036 3715 4093 oculum
3747 4035 3846 4089 ha-

2193 4128 2327 4183 bere
2353 4128 2726 4191 existimavit,
2754 4146 2856 4198 pro
2881 4145 2995 4198 quo
3021 4129 3237 4183 multas
3260 4127 3329 4183 ad
3362 4126 3547 4182 Deum
3577 4141 3842 4196 smpenu-

2194 4234 2353 4271 mero
2389 4234 2586 4289 preces
2609 4218 2778 4286 fudit;
2818 4216 3431 4288 hunc,inquam,luget
3458 4215 3695 4287 quidem
3720 4213 3840 4280 ille,

2193 4312 2466 4361 caeterum
2498 4307 2700 4378 abigit,
2735 4307 2945 4378 partim
2978 4305 3186 4374 libens,
3222 4304 3437 4376 partim
3490 4304 3728 4358 invitus.
3762 4309 3843 4357 Ac

2193 4412 2425 4451 rursum
2453 4402 2639 4451 mater
2668 4412 2808 4451 suos
2830 4395 3064 4464 quidem
3088 4394 3147 4448 in
3179 4393 3457 4466 pariendo
3488 4391 3717 4448 dolores
3750 4408 3843 4447 re-

2193 4488 2483 4551 cordatur,
2534 4501 2601 4540 ac
2652 4485 2977 4539 visceribus
3027 4482 3366 4551 dilaniatur,
3400 4486 3456 4538 et
3508 4481 3846 4536 miseranda

2192 4574 2508 4628 admodum
2558 4589 2695 4628 voce
2743 4578 2948 4628 natum
2992 4571 3264 4644 appellat,
3317 4576 3491 4643 atque
3536 4571 3609 4626 ob
3640 4568 3842 4626 oculos

2190 4661 2471 4735 positum,
2502 4661 2698 4716 vivum
2728 4665 3012 4733 tanquam
3044 4665 3340 4716 mortuum
3371 4658 3566 4732 luget:
3602 4658 3707 4714 Fili
3735 4658 3843 4713 mi-

2190 4768 2303 4818 ser,
2336 4750 2629 4823 inquiens,
2650 4754 2706 4807 et
2739 4750 2965 4806 miserae
2990 4749 3219 4816 matris,
3252 4765 3423 4820 quem
3455 4746 3695 4803 morbus
3717 4763 3837 4802 me-

2190 4854 2323 4893 cum
2348 4838 2551 4894 acerbe
2579 4837 2831 4909 partitus
2857 4841 2946 4893 est
2970 4855 2981 4892 :
3009 4836 3092 4891 fili
3153 4838 3350 4903 miser,
3374 4834 3599 4905 ﬁlijam
3620 4833 3841 4906 ignota,

2262 5157 2374 5231 (85)
2408 5153 2720 5226 Ανήλωται.
2776 5156 2914 5229 Reg.
2974 5172 3026 5226 a,
3060 5171 3109 5210 c.
3144 5154 3201 5224 d,
3235 5152 3331 5209 0r.
3363 5153 3420 5223 2,
3453 5157 3588 5217 etc.,
3624 5144 3839 5205 ἀνάλω-

2190 5251 2579 5384 τῖὲβ),Ταφῆο
2640 5300 2736 5355 0r.
2767 5301 2825 5367 2,
2855 5319 2920 5371 τῃ
2973 5299 3138 5375 ταφῇ.
3174 5296 3417 5353 Billius:
3478 5320 3506 5347 «
3537 5293 3841 5366 sepultura

2194 5376 2426 5430 efﬁciat.
2466 5393 2492 5419 »

2265 5446 2375 5517 (87)
2421 5439 2688 5517 Τοσοότου
2710 5437 2955 5517 -δέομεψ
3007 5446 3089 5517 ita
3146 5443 3283 5510 Reg.
3336 5456 3382 5495 c.
3417 5437 3549 5517 ᾼΙὶἱ,
3592 5434 3838 5517 τοσορτᾦ

2192 5503 2412 5587 [minus
2444 5514 2637 5584 recte].
2701 5514 2797 5568 Or.
2842 5503 2888 5566 "2
2917 5518 2973 5568 et
3030 5503 3259 5577 Mont,"
3288 5513 3546 5562 τοσοῦτον
3604 5503 3834 5560 ἀποδέοὲ

2196 5607 2375 5728 pus(88)
2396 5655 2494 5707 Τὸν
2528 5657 2721 5722 ζῶντα.
2758 5656 2844 5709 Ita
2874 5654 3135 5726 plerique
3168 5653 3305 5725 Reg.
3332 5658 3391 5709 et
3420 5652 3594 5708 Coisl.
3628 5651 3679 5707 4.
3702 5652 3804 5705 Edi
3834 5686 3840 5691 -

2190 5732 2257 5797 ti,
2286 5728 2352 5781 τὰ
2384 5730 2577 5795 ζῶντα.

2261 5802 2368 5876 (89)
2402 5795 2829 5873 ’Δνιθρεάψμην.
2864 5798 3005 5869 Reg.
3030 5812 3083 5852 a.
3116 5812 3167 5852 c.
3199 5796 3256 5862 d,
3287 5795 3638 5872 ὶφρεψάμην.
