4146 6290
420 302 533 365 8³71
1662 301 1728 363 S.
1775 300 2145 363 GREGORII
2190 298 2584 365 THEOLOGI
3717 304 3836 369 8'19

422 437 549 510 filii,
582 452 751 510 quem
784 435 1117 509 praecipitiis
1138 439 1196 491 et
1225 435 1523 491 montibus
1548 452 1612 491 ac
1646 434 2059 491 solitudinibus

2195 434 2314 487 ιετά
2344 433 2546 503 θηρίων
2579 433 2841 507 οἰκήσεις,
2874 434 2961 488 καὶ
2993 433 3161 504 σκέπη
3197 455 3281 489 σοι
3331 437 3501 510 πέτρα
3550 436 3690 509 (90),
3746 438 3832 492 καὶ

422 528 537 583 alui
565 552 579 594 ;
604 543 734 582 cum
758 525 896 581 feris
927 525 1475 596 habitabis,tibique
1500 528 1666 596 petra
1687 528 1907 579 tectum
1930 522 2059 590 erit,

2192 527 2277 575 ;ὧν
2313 523 2608 597 ἀνθρώπων
2638 522 2800 596 μόνον
2834 519 3059 596 ὅψονταί
3092 545 3149 578 σε
3178 525 3227 577 οἱ
3262 520 3629 579 εύσεϐέστατοι
3682 528 3829 600 (91)·

420 622 598 689 atque
628 633 696 671 ex
728 614 1076 671 mortalibus
1106 614 1143 668 ii
1193 614 1481 668 duntaxat
1510 619 1565 668 te
1623 612 1929 684 aspicient,
1962 611 2057 683 qui

2191 611 2259 664 ιαὶ
2288 615 2455 665 ταῦτα
2504 610 2569 681 δὴ
2617 613 2684 666 τὰ
2736 616 2833 666 τοῦ
2882 608 3004 669 Ἰὼϐ
3060 612 3267 669 ἐλεεινὰ
3316 613 3535 689 ῥήματα
3575 613 3828 690 ἐπιφθέγ-

416 706 635 779 pietate
664 703 971 760 excellunt.
1003 706 1191 773 Atque
1213 704 1388 757 etiam
1415 701 1769 758 miserabilia
1791 701 1910 755 haec
1931 700 2053 756 Jobi

2191 719 2360 771 (εται·
2412 700 2527 754 ’ῐνα
2576 699 2629 753 τί
2678 701 2778 775 γὰρ
2828 698 3094 767 ἐπλάσθης
3144 702 3194 755 ἐν
3250 700 3437 773 κοιλίᾳ
3490 704 3722 777 μητρὸς,
3772 704 3828 758 ἐκ

416 795 593 852 verba
622 793 937 849 inclamat:
972 792 1157 855 Quare
1187 793 1246 846 in
1280 792 1487 847 matris
1517 791 1687 846 vulva
1718 795 1947 846 creatus
1978 806 2053 860 es,

2186 787 2401 861 γαστρὸς
2434 789 2546 861 (92)
2580 786 2637 842 δὲ
2662 787 2901 861 ἐξῆλθες,
2933 789 3021 844 καὶ
3072 790 3171 844 ούκ
3230 790 3381 851 εὐθὺς
3430 793 3540 864 (93)
3598 792 3823 847 ἀπώλου

421 889 594 953 atque
623 899 692 938 ex
719 887 918 937 ventre
974 896 1246 953 egressus
1296 897 1379 947 es,
1412 896 1477 935 ac
1510 897 1622 935 non
1656 883 1857 934 statim
1889 877 2058 949 perii-

2187 875 2245 937 ὗς
2296 874 2617 949 συνδραμεῖν
2661 880 2730 950 τῇ
2782 877 3029 951 γεύνήσει
3073 878 3164 932 τὸν
3206 880 3469 947 θάνατον;
3527 879 3617 933 ἳνα
3662 880 3713 935 τί
3770 879 3824 936 δὲ

417 972 493 1028 sti
518 974 582 1039 ⁷³,
616 976 680 1026 ut
712 987 869 1026 mors
900 987 1032 1024 cum
1093 974 1219 1024 ortu
1255 968 1673 1024 concurreret?
1728 968 1915 1030 Quare
1945 984 2054 1021 non

2181 963 2270 1018 οὐκ
2312 964 2554 1034 ἀπῆλθες
2602 964 2801 1042 ἄωρος,
2851 967 2975 1042 πρὶν
3030 966 3328 1043 γεύσασθαι
3385 973 3492 1022 τῶν
3545 974 3641 1023 τοῖ’)
3702 969 3818 1044 βίου

416 1064 764 1133 praemature
789 1059 1150 1123 abscessisti,
1172 1059 1520 1129 priusquam
1555 1057 1733 1128 hujus
1748 1057 1877 1111 vitae
1909 1055 2053 1111 mala

2178 1059 2387 1123 κακῶν;
2462 1058 2577 1111 Ἵνα
2649 1056 2699 1109 τί
2771 1053 2827 1110 δέ
2902 1078 2985 1110 σοι
3060 1059 3363 1127 συνήντησε
3418 1059 3531 1130 (94)
3577 1058 3815 1132 γόνατα;

414 1150 795 1223 degustares?
853 1148 1032 1216 Quare
1082 1156 1335 1217 exceptus
1363 1147 1637 1217 genibus?
1684 1146 1795 1200 Cur
1827 1147 2051 1200 [aetatm

2183 1143 2227 1195 Γί
2278 1140 2334 1197 δέ
2393 1164 2477 1197 σοι
2524 1144 2585 1198 τὸ
2633 1142 2864 1214 θηλάσαι
2928 1150 3184 1217 μαστοῦς,
3244 1145 3449 1207 ἀθλίως
3506 1149 3618 1219 (95)
3669 1150 3820 1217 ζήσε-

413 1239 673 1295 uberibus
692 1239 759 1303 ⁷³,
792 1253 925 1292 cum
978 1236 1252 1291 miseram
1284 1236 1462 1290 vitam
1524 1252 1587 1289 ac
1623 1239 1810 1289 morte
1840 1234 2050 1302 gravio-

2183 1231 2286 1285 ιθαι
2319 1230 2599 1305 μέλλοντι,
2632 1232 2721 1286 καὶ
2774 1235 2915 1302 ζωὴν
2964 1233 3194 1289 Θανάτου
3251 1234 3682 1310 χαλεπωτέραν;
3724 1236 3820 1289 Καὶ

354 1398 359 1401 _
411 1342 537 1387 rem
559 1332 797 1383 acturus
818 1325 1022 1381 esses?
1052 1330 1237 1395 Atque
1270 1324 1361 1379 his
1388 1324 1578 1379 verbis
1610 1324 1991 1394 utitur,vimq‘

2183 1323 2332 1374 τιοῦτα
2362 1319 2530 1395 λέγει,
2562 1322 2651 1375 καὶ
2702 1321 2963 1399 ἐπαφίησι
3015 1323 3194 1399 πηγὰς
3246 1321 3513 1399 δακρύων,
3546 1324 3635 1378 καὶ
3667 1345 3820 1401 περι-

348 1406 373 1465 έ
412 1408 809 1490 lacrymarum
831 1414 1157 1486 profundit;
1185 1432 1250 1469 ac
1272 1412 1577 1485 complecti
1601 1412 1836 1484 quidem
1852 1428 1983 1467 eum

2181 1407 2459 1478 πτύξασθαι
2489 1411 2601 1483 (96)
2636 1408 2889 1483 βούλεται
2919 1413 3012 1484 μὲν
3053 1414 3088 1480 ἡ
3123 1409 3417 1488 δυστυχὴς,
3464 1408 3711 1491 φοϐεῖται
3764 1410 3818 1468 δὲ

409 1505 732 1564 exosculari
766 1505 981 1560 misera
1012 1503 1192 1574 cupit,
1228 1503 1328 1559 sed
1362 1503 1465 1557 ﬁlii
1498 1518 1733 1557 carnem
1768 1508 1831 1556 ut
1861 1501 2046 1555 inimi-

2178 1498 2259 1559 τὰς
2289 1501 2385 1552 τοῦ
2411 1496 2604 1561 παιδὸς
2637 1500 2837 1575 αάρκας
2868 1501 2942 1563 ὡς
2972 1499 3265 1575 πολεμίας.
3308 1500 3593 1575 Πάνδημοι
3627 1500 3686 1557 δὲ
3722 1523 3815 1557 κα-

409 1612 541 1653 cam
568 1600 626 1651 et
680 1593 952 1649 hostilem
986 1592 1366 1665 pertimescit.
1413 1593 1498 1647 Ab
1559 1592 1828 1647 universa
1859 1598 2046 1646 autem

2174 1581 2471 1657 εαϐοήσεις,
2523 1609 2582 1643 τε
2628 1588 2716 1643 καὶ
2768 1587 2997 1662 διώξεις,
3047 1589 3109 1644 ού
3155 1590 3292 1646 κατὰ
3318 1595 3424 1645 τῶν
3457 1588 3811 1663 ἀδικούντων,

401 1685 571 1759 plebe
611 1683 896 1739 clamores
927 1688 981 1739 et
1014 1682 1449 1748 insectationes,
1482 1698 1597 1736 non
1632 1682 1911 1736 adversus
1942 1680 2038 1735 ini-

2171 1673 2310 1730 ἀλλά
2338 1676 2474 1731 κατά
2521 1679 2627 1749 (97)
2674 1682 2780 1732 τῶν
2834 1675 3244 1754 δυστυχούντων
3294 1679 3554 1754 γίνονται.
3583 1681 3682 1735 Καὶ
3713 1702 3808 1759 φο-

402 1790 551 1848 quos
582 1777 638 1829 et
670 1772 1001 1842 sceleratos,
1031 1772 1128 1827 sed
1154 1773 1433 1827 adversus
1457 1771 1703 1826 miseros
1735 1775 1789 1825 et
1820 1768 2039 1825 calami-

2172 1765 2254 1818 νέα
2288 1765 2380 1838 μὲν
2426 1762 2534 1835 ἤδη
2586 1788 2667 1828 τις
2716 1767 3069 1841 συνῳκίσατο,
3115 1768 3205 1822 καὶ
3258 1773 3442 1845 μοιχῷ
3491 1767 3809 1841 μετέδωκεν,

399 1868 561 1919 tosos
590 1862 935 1918 excitantur.
959 1862 1036 1916 Ac
1070 1861 1240 1915 caedis
1262 1861 1495 1930 quidem
1528 1859 1771 1914 crimine
1804 1860 2036 1913 constri-

2170 1853 2221 1908 οὐ
2254 1854 2445 1930 στέγης
2498 1855 2684 1928 μόνον,
2735 1855 2879 1911 ἀλλά
2929 1856 3019 1911 καὶ
3068 1858 3362 1930 τραπέζης,
3413 1860 3502 1913 xvi
3539 1858 3660 1935 βίου
3689 1880 3807 1913 κοι-

400 1957 560 2008 ctum
594 1969 706 2007 non
738 1952 901 2005 deest
922 1950 1022 2020 qui
1045 1948 1521 2004 contubernalem
1544 1948 1655 2002 sibi
1678 1948 2037 2014 adsciscat,e1

2173 1945 2325 1998 ρωνὸν
2373 1944 2463 1998 τὸν
2514 1944 2797 2019 ἱερόσυλον
2851 1943 3052 2016 εἷ’λετο,
3091 1946 3181 2001 καὶ
3209 1952 3328 2009 τοῖς
3359 1947 3516 2002 αὐτόν
3549 1969 3601 2004 τι
3633 1946 3810 2004 διατε-

404 2042 504 2113 qui
532 2039 861 2097 adulterum
893 2055 1009 2093 non
1043 2037 1231 2093 solum
1266 2042 1415 2093 tecto
1446 2038 1715 2108 excipiat,
1748 2037 1845 2091 sed
1870 2036 2041 2091 etiam

2170 2032 2359 2087 lancch
2391 2035 2504 2107 (98)
2534 2035 2695 2088 κακὸν
2740 2034 3057 2089 ἐσπείσατο·
3116 2040 3214 2090 τοῦ
3275 2032 3332 2090 δὶ
3380 2038 3442 2090 τὸ
3494 2036 3683 2107 πάθος,
3732 2037 3807 2098 ὡς

398 2132 469 2186 ad
502 2145 765 2185 mensam
828 2128 1120 2197 admittat,
1155 2144 1219 2182 ac
1252 2127 1602 2199 sacrilegum
1658 2126 1784 2179 vita:
1818 2125 2035 2180 socium

2166 2119 2428 2196 ἔγκλημα,
2482 2119 2650 2194 μηδὲν
2709 2121 3053 2193 λυπήσαντος
3129 2124 3443 2203 ἀπεστράφη
3503 2128 3637 2199 (99).
3702 2125 3803 2181 Καὶ

389 2219 688 2287 adhibeat,
740 2234 870 2273 cum
924 2218 1135 2288 iisque,
1169 2234 1201 2271 a
1234 2217 1449 2288 quibus
1483 2215 1636 2270 malo
1677 2214 1872 2284 aliquo
1906 2214 2026 2269 affe-

2168 2210 2320 2265 πλέον
2380 2213 2455 2284 (1)
2516 2209 2630 2287 ἔχει
2685 2212 2845 2266 νόσου
2902 2213 3097 2267 κακία’
3159 2214 3248 2267 καὶ
3302 2215 3365 2268 τὸ
3400 2215 3495 2287 μὶν
3526 2214 3805 2289 ἀπάνθρω-

386 2314 517 2365 ctus
549 2313 661 2378 est,
692 2306 962 2363 amicitiae
988 2306 1175 2361 foedus
1205 2306 1392 2361 ineat:
1438 2305 1616 2375 hujus
1648 2308 2023 2375 contra,aqu<

2163 2320 2251 2353 rrov
2295 2299 2369 2362 ὡς
2413 2299 2717 2377 ἐλευθέριον
2763 2302 3140 2375 ἠσπασάμεθα,
3190 2303 3250 2357 τὸ
3312 2300 3368 2357 δὲ
3419 2304 3694 2378 συμπαθὲς
3726 2304 3800 2366 ὡς

388 2396 613 2454 nullam
647 2396 927 2467 injuriam
984 2396 1228 2466 accepit,
1261 2395 1557 2457 morbum,
1598 2410 1711 2448 non
1764 2409 1932 2447 secus
1974 2408 2025 2446 ac

1132 2396 1228 2466 pit,
1261 2395 1557 2457 morbum,
1598 2410 1711 2448 non
1764 2409 1932 2447 secus
1974 2408 2038 2446 ac
2149 2387 2375 2464 αἰσχρὸν
2408 2389 2769 2463 ἠτιμάσαμεν.

392 2486 614 2543 crimen
648 2485 965 2556 quoddam,
998 2488 1314 2538 aversatur.
1349 2484 1429 2537 Ita
1461 2482 1667 2537 melior
1696 2481 1815 2536 vitii
1865 2497 2041 2553 quam
2075 2480 2263 2536 morbi
2296 2480 2551 2536 conditio
2602 2486 2731 2549 est;
2763 2486 2940 2553 atque
2970 2482 3461 2539 inhumanitatem
3504 2488 3570 2539 ut
3617 2483 3798 2540 libero

391 2575 632 2631 homine
662 2573 901 2646 dignam
934 2572 1360 2644 amplectimur,
1396 2570 1820 2626 humanitatem
1853 2574 2046 2625 autem
2081 2572 2137 2625 et
2187 2568 2674 2640 misericordiam,
2706 2575 2770 2625 ut
2806 2574 3040 2644 turpem
3072 2576 3130 2627 et
3167 2571 3562 2642 inhonestam,
3596 2590 3798 2645 asper-

390 2680 624 2721 namur.

460 2752 582 2808 ΧΙΙ.
615 2750 870 2807 Urbibus
914 2748 1247 2820 ejiciuntur,
1298 2751 1571 2803 arcentur
1610 2746 1853 2814 aedibus,
1886 2748 2032 2812 foro,

2214 2746 2311 2801 IB'.
2364 2743 2789 2800 Ἀπελαύνονται
2841 2744 3078 2820 πόλεων,
3142 2746 3532 2804 ἀπελαύνονται
3578 2747 3792 2817 οἰκιῶν,

384 2840 670 2909 conciliis,
722 2840 854 2911 viis,
906 2838 1156 2910 publicis
1213 2838 1618 2907 conventibus,
1668 2835 1965 2902 conviviis,
2000 2852 2021 2891 c

2152 2833 2343 2907 ἀγορᾶς
2377 2835 2474 2906 (2),
2508 2832 2815 2909 συλλόγων,
2851 2833 3015 2905 ὁδῶν,
3045 2838 3422 2913 πανηγύρεων,
3453 2835 3789 2910 συμποσίων,

378 2930 679 3004 ingentem
708 2928 1101 2985 calamitatem
1128 2930 1137 2983 l
1177 2927 1305 2998 ipsa
1335 2927 1483 2982 265
1511 2927 1684 2981 etiam
1706 2941 1859 2995 aqua
1883 2943 1896 2992 ;
1929 2941 2015 2979 net

2157 2920 2209 2995 ρῶ
2236 2925 2333 2975 τοῦ
2380 2921 2582 2986 πάθους
2610 2925 2647 2996 !)
2696 2923 2860 2978 αὐτοῦ
2888 2929 2986 2979 τοῦ
3018 2922 3212 2988 ὕδατος
3239 2945 3254 2959 ⁸
3317 2925 3439 2981 οὕτε
3482 2926 3656 3001 πηγαὶ
3708 2925 3794 3001 ῥέ-

380 3019 529 3094 ipsis
555 3020 792 3091 quidem
816 3018 1006 3073 ﬂuunt
1028 3016 1377 3087 fontes,aliis
1409 3017 1747 3071 hominibus
1765 3031 2017 3070 commu-

2158 3030 2317 3079 ιυσαι,
2366 3012 2581 3074 τούτοις
2630 3014 2805 3067 κοιναὶ
2854 3015 2990 3090 πρὸς
3031 3016 3107 3088 (3)
3163 3014 3294 3077 τοὺς
3344 3013 3550 3078 ἄλλους
3589 3015 3795 3090 ἀνθρώ-

379 3125 623 3179 nes,nec
655 3108 900 3163 flumina
926 3108 1054 3178 ipsa
1077 3106 1222 3161 nihil
1257 3105 1559 3178 spurcitiei
1582 3106 1653 3161 ab
1686 3104 1778 3159 his
1809 3108 2013 3159 contra

2151 3119 2300 3169 πους,
2360 3099 2483 3155 οὕτε
2538 3101 2778 3174 ποταμοὶ
2836 3104 3175 3158 πιστεύονται
3250 3102 3418 3177 μηδὲν
3478 3104 3788 3183 ἐφέλκεσθαι

378 3198 519 3253 here
548 3198 898 3263 creduntur;
933 3196 1208 3268 quodque
1249 3196 1505 3250 maxime
1539 3194 1873 3249 mirandum
1919 3197 2015 3260 est,

2145 3195 2231 3245 τοῦ
2285 3188 2637 3264 μολύσματος
2663 3211 2675 3223 ’
2722 3191 2904 3247 καὶτὸ
2947 3191 3379 3267 παραδοξότατον
3432 3182 3529 3268 (4),
3572 3194 3646 3256 ὡς
3678 3196 3782 3269 ἄγη

382 3302 532 3359 quos
585 3289 652 3340 ut
709 3285 939 3356 piacula
993 3285 1435 3351 submovemus,
1465 3284 1722 3353 eosdem,
1757 3288 1821 3337 ut
1878 3281 2019 3335 nihil

2147 3282 2231 3351 μὶν
2267 3280 2660 3353 ἀπελαύνομεν,
2691 3282 2764 3343 ὡς
2795 3279 2851 3335 δὲ
2880 3279 3033 3337 οὐδὲν
3076 3282 3381 3346 λυποῦντας
3433 3281 3597 3338 πάλιν
3647 3285 3784 3359 πρὸς

382 3375 556 3432 nobis
588 3373 870 3430 molestiae
902 3373 1239 3441 inferentes,
1272 3375 1341 3428 ad
1377 3390 1482 3427 nos
1515 3389 1748 3427 rursum
1783 3388 2019 3427 conver—

2145 3371 2281 3443 ἡμᾶς
2332 3369 2525 3431 αὐτοὺς
2575 3368 2963 3447 ἐπιστρέφομεν
3012 3374 3107 3444 (5),
3157 3370 3256 3426 οὐκ
3307 3372 3519 3444 οἰκησιν
3590 3371 3782 3429 ἀπονέ-

377 3463 578 3531 timus,
611 3479 726 3517 non
749 3460 1109 3516 domicilium
1136 3461 1280 3531 ipsis
1300 3460 1644 3525 tribuentes,
1678 3476 1792 3513 non
1824 3474 2014 3513 neces-

2146 3478 2348 3530 αοντες,
2403 3458 2468 3512 οὐ
2515 3459 2611 3520 τὰς
2661 3458 2954 3533 ἀναγκαίας
2995 3462 3224 3538 τροφὰς,
3257 3460 3317 3516 οὐ
3350 3461 3631 3536 θεραπείαν
3663 3467 3783 3525 τοῖς

378 3551 566 3608 sarios
597 3551 778 3615 cibos,
814 3566 926 3604 non
959 3549 1298 3604 vulneribus
1330 3549 1699 3614 medicinam,
1721 3564 1833 3601 non
1866 3551 2015 3602 veste

2141 3547 2451 3621 τραύμασιν,
2491 3547 2552 3601 ού
2588 3546 2752 3621 σκέπῃ
2780 3550 2878 3617 τήν
2910 3550 3064 3604 νόσον
3100 3549 3173 3613 εἰς
3216 3548 3439 3623 δύναμιν
3494 3550 3778 3626 περιστέλ-

381 3642 652 3696 morbum
676 3656 875 3694 eorum
911 3656 1013 3709 pro
1033 3640 1255 3694 viribus
1286 3639 1643 3710 obtcgentes.
1673 3640 1750 3691 Ac
1785 3636 2018 3707 proinde

2145 3640 2338 3698 ἰιοντες.
2369 3638 2466 3690 Διὰ
2493 3641 2653 3691 τοῦτο
2684 3636 3116 3709 περιπλανῶνται
3166 3640 3357 3700 νυκτὸς
3407 3639 3497 3694 καὶ
3546 3638 3782 3713 ἡμέρας,

377 3734 551 3786 noctu
583 3733 640 3785 et
679 3729 779 3783 diu
833 3732 1137 3800 vagantur,
1172 3728 1395 3799 inopes,
1432 3733 1485 3781 et
1540 3727 1705 3792 nudi,
1756 3743 1821 3780 ac
1868 3730 2014 3779 tecto

2152 3722 2347 3799 ίποροι,
2397 3726 2485 3778 καὶ
2532 3726 2748 3801 γυμνοὶ,
2800 3726 2888 3779 καὶ
2932 3727 3186 3797 ἀνέστιοι,
3233 3730 3333 3797 τὴν
3382 3728 3538 3782 νόσον
3589 3726 3789 3782 ἐπιδει-

375 3822 660 3889 carentes,
695 3818 969 3873 morbum
1020 3817 1413 3887 ostendentes,
1446 3820 1641 3870 vetera
1672 3831 2012 3870 commemo-

2147 3812 2365 3887 ινύντες,
2415 3815 2479 3867 τὰ
2526 3813 2730 3889 ἀρχαῖα
2781 3812 3221 3890 ἐκδιηγούμενοι,
3254 3816 3345 3870 τὸν
3381 3814 3633 3886 Πλάστην
3665 3816 3784 3871 ἐπι-

370 3912 588 3977 rantes,
642 3907 927 3961 Creatoris
960 3923 1127 3976 Opem
1189 3905 1591 3977 implorantes,
1625 3903 1720 3957 alii
1772 3902 2007 3957 aliorum

2145 3896 2423 3975 ἲοώμενοι,
2473 3902 2755 3978 χρώμενοι
2798 3909 2915 3965 τοῖς
2966 3901 3232 3974 ἀλλήλων
3280 3903 3496 3978 μέλεσιν
3528 3904 3641 3960 ἀντὶ
3674 3910 3782 3961 τῶν

372 3995 682 4058 membris,
716 4011 818 4064 pro
853 3993 921 4047 iis
980 3995 1195 4065 quibus
1256 3998 1474 4062 carent,
1510 3997 1713 4046 mutuo
1764 3996 2009 4058 utentes,

2144 3990 2447 4063 lsmdvtmv,
2482 3991 2733 4063 σομισταὶ
2788 3991 2967 4064 μελῶν
3022 3990 3290 4047 ἑλκόντων
3326 3992 3501 4066 ἔλεον,
3535 3993 3700 4070 ἄρτου
3730 4017 3781 4049 τι

370 4088 584 4140 cantus
635 4084 706 4137 ad
769 4082 1230 4137 misericordiam
1291 4081 1679 4153 pertrahentis
1740 4081 2007 4149 artifices,

2147 4080 2322 4155 ιικρὸν
2356 4080 2650 4149 αἰτοῦντες,
2683 4081 2717 4148 ἢ
2751 4076 2886 4154 ὄψου
2915 4102 2968 4135 τι
3000 4082 3077 4155 (6)
3115 4081 3475 4157 βραχύτατον,
3529 4084 3564 4151 ἢ
3619 4084 3784 4157 ράκος

368 4171 680 4245 paululum
700 4172 979 4243 quiddam
1004 4173 1169 4242 panis
1189 4171 1683 4242 postulantes,aut
1705 4186 2005 4241 parumper

2142 4191 2175 4223 ῖι
2222 4168 2505 4245 τρύχινον,
2561 4171 2820 4245 βοήθημα
2868 4170 2967 4246 τῇς
3022 4171 3311 4247 αἰσχύνης,
3364 4175 3398 4241 ἢ
3432 4173 3779 4250 παραμυθίαν

374 4261 628 4327 obsonii,
654 4266 755 4315 aut
787 4260 1043 4315 lacerum
1068 4261 1323 4331 aliquem
1347 4264 1402 4314 et
1422 4259 1702 4314 detritum
1732 4276 2011 4330 pannum,

2145 4264 2239 4321 τοῖς
2267 4255 2449 4314 ἕλκεσι
2646 4259 2741 4314 Καὶ
2787 4259 3175 4338 φιλάνθρωπος
3224 4261 3379 4323 οὗτος
3406 4261 3611 4335 αὐτοῖς,
3673 4261 3782 4337 οὐχ

507 4376 553 4411 ⁷³
582 4375 692 4431 Job
724 4392 810 4446 ιιι,
847 4376 932 4432 11.
1009 4375 1054 4409 73
1086 4374 1227 4430 ibid.
1259 4375 1348 4431 42.

458 4489 1295 4567 9Ο)ΗξτρειςΡιθειθιπέτραιυ
1375 4564 1381 4567 .
1620 4562 1629 4567 -
1739 4560 1749 4567 .
1843 4561 1858 4567 -
2048 4547 2088 4567 η

1843 4561 1858 4567 -
2048 4547 2088 4567 η
2296 4487 2490 4567 ῌλέον·
2524 4491 2717 4567 Οῐδε-2,
2749 4488 2931 4567 κλεῖον
2964 4493 3028 4562 [f,
3063 4510 3165 4566 pro
3196 4490 3432 4567 πλεῖον].

581 4547 991 4643 Εὗσὲϐἑσταιῖοι.
1021 4547 1312 4656 Freiditais
1334 4564 1391 4617 et
1412 4561 1703 4643 solitarios
1735 4560 1792 4615 in
1826 4561 2016 4617 deser-
2046 4547 2091 4613 Ι)

1445 4561 1703 4643 olitarios
1735 4560 1792 4615 in
1826 4561 2016 4617 deser-
2046 4547 2091 4613 Ι)
2305 4563 2569 4656 Enopiae?
2591 4547 2818 4636 Chrys”
2848 4547 3080 4656 ἀγορὤνῖ

366 4632 653 4711 ιὶεξνῇθτιιι
685 4641 922 4711 agentes
956 4633 1228 4711 in_telligit
1261 4635 1593 4711 Gregorius.

2131 4706 2138 4711 _
2196 4635 2273 4706 (3)
2310 4632 2485 4708 Πηγαὶ
2518 4632 2754 4711 ῥέουσαὶ,
2794 4632 3026 4711 ⁸τούτοις
3085 4635 3261 4711 κοιναὶ
3311 4636 3523 4711 πρός...
3584 4635 3768 4711 γθτιῑι

459 4708 552 4793 ἓὲ)
706 4700 960 4793 fuit?“
992 4700 1223 4793 ΒΘΗ-ζαν
1257 4703 1314 4757 ἐκ
1344 4700 1581 4793 rell“-

2124 4700 2419 4793 intei‘prels:
2469 4700 2970 4793 quasi-degisset:
3056 4708 3237 4782 Πηγαὶ
3297 4700 3472 4782 ῥὶὸυσι
3524 4704 3760 4777 τούτοις,

457 4776 545 4849 93)
584 4776 775 4849 Εὐθύς,
809 4776 869 4833 In
904 4777 1280 4849 quibusdam,
1317 4776 1540 4836 εὐθέως.
1792 4847 1801 4849 _
1966 4846 1974 4849 _

1070 4779 1280 4843 isdem,
1317 4776 1540 4836 εὐθέως.
1792 4847 1801 4849 _
1966 4846 1974 4849 _
2122 4776 2297 4830 κοιναῖ
2316 4776 2533 4849 πρόςΣ..
2557 4778 2707 4849 Edit.

437 4845 639 4923 (94):“
671 4846 728 4903 δέ
758 4869 842 4901 σοι
877 4845 1195 4923 συνήντησε,
1230 4854 1336 4923 etc.
1396 4849 1534 4919 Reg.
1571 4866 1618 4923 cf,
1673 4846 2008 4923 συνήντησαν

2192 4845 2761 4923 (αωιίάεαδοξᾴτατον.
2803 4854 2896 4906 op.
2931 4851 3193 4906 Zaddit:
3256 4848 3318 4902 οὗ
3379 4846 3424 4903 δ’
3482 4848 3538 4902 av
3598 4848 3755 4901 ὦσιν·

362 4918 469 4995 σοι’.
502 4918 633 4977 Bill.
677 4945 711 4995 (ς
738 4937 919 4992 quare
950 4921 1071 4995 tibi
1098 4936 1297 4995 genua
1320 4918 1562 4974 inter’se
1588 4922 1792 4995 juncta
1829 4920 1999 4995 sunt?

2133 4923 2176 4974 at
2205 4921 2349 4995 Gab.
2384 4918 2522 4973 ὅπου
2554 4919 2612 4973 ἂν
2640 4921 2794 4988 ὦσιν,
2835 4942 2863 4974 (ι
2893 4922 3231 4995 ubicunque
3272 4923 3508 4994 fuerint,
3539 4924 3605 4977 ut
3633 4937 3770 4993 pes-

362 4939 469 4976 σοι.
503 4936 633 4977 mu.
677 4945 705 4971 ‹‹
738 4937 919 4992 quare
950 4936 1053 4974 tibi
1098 4936 1288 5046 genua
1320 4936 1472 4974 inter
1502 4936 1562 4974 se
1588 4936 1792 4990 Juncm
1829 4936 2012 4972 sunt?
2120 4936 2176 4974 et
2205 4936 2349 4974 uab.
2386 4936 2522 4973 οπου
2554 4936 2612 4973 αν
2640 4936 2794 4988 ωσιν,

362 4994 621 5059 Quorum
656 4993 833 5047 ubera
864 4991 1106 5064 suxisti‘
1156 5017 1180 5041 ››
1240 4993 1575 5064 Elegantem
1624 4990 1884 5059 Vulgata:
1918 4989 2005 5042 in-
2119 4995 2236 5046 tem
2270 4991 2603 5064 horremus,
2633 5013 2659 5044 ι)
2695 4998 2804 5047 etc.

358 5064 834 5146 terpretationeni
870 5062 1256 5146 pratulim‘u‘s.

2163 5064 2267 5146 ,(5)
2302 5063 2749 5146 Ἐπισςερέφομεν.
2788 5064 3041 5146 ‘Schpllz
3093 5064 3175 5146 At:
3216 5064 3289 5146 (ἦν
3343 5062 3419 5146 οὐ,
3464 5061 3767 5146 ποιούμεθα

433 5129 546 5207 (95)
580 5129 1007 5209 ’Δθλίωςῖἰὶθε
1044 5151 1073 5189 c
1104 5136 1297 5209 addit,
1323 5129 1516 5191 οὕτως.
1603 5199 1645 5209 ,μ
1860 5203 1873 5209 ὶ
2118 5131 2293 5209 αὐτῶν
2318 5205 2327 5209 _
2353 5129 2641 5209 πρόνοιιῄθ,
2706 5135 2843 5209 πρὸς
2900 5136 3046 5208 ἡμᾶς
3120 5133 3311 5196 αὐτοὺς
3395 5129 3766 5209 ἀναγκάζομεν

604 5199 1049 5281 Περιπτύξασῑῖαι.
1109 5208 1202 5262 Or.
1274 5199 1328 5275 2,
1388 5199 1797 5277 περιπτύξεσθαι
1859 5203 2003 5271 [ma-

2126 5199 2476 5283 ξςττιστρέφέιν·
2516 5228 2542 5257 ‹‹
2673 5199 2827 5278 ψιόᾰ
2860 5199 3063 5283 eorum
3096 5223 3297 5263 curam
3330 5224 3447 5264 non
3479 5199 3763 5280 gerimus,

359 5276 451 5353 1e]
526 5276 536 5353 ί
680 5276 709 5353 '_
776 5276 861 5353 -ς
1092 5348 1105 5353 _
1442 5276 1465 5353 _'
1558 5349 1566 5353 _
1640 5350 1657 5353 _
1748 5346 1776 5353 Α
1836 5345 1870 5353 ἣ
1990 5350 1997 5353 Α
2115 5276 2491 5353 illos'adinlos
2523 5276 3225 5353 redirecompellimus,»

429 5344 539 5423 (97)
571 5348 733 5423 Κατά.
769 5350 863 5405 Sic
919 5353 1057 5423 ﬂag.
1092 5347 1398 5423 huLCoisl.
1422 5347 1484 5423 ,4,
1518 5349 1575 5400 et
1629 5350 1717 5399 Or.
1746 5346 1801 5401 2.
1836 5345 2006 5400 Deest

2130 5349 2264 5423 __(6)
2294 5349 2363 5423 ’ᾚ
2399 5344 2535 5420 ὄψου
2563 5370 2638 5405 τι.
2673 5350 2833 5406 Unus
2876 5344 3051 5423 'Reg.,
3082 5351 3116 5417 ἣ
3149 5350 3281 5422 ὀψον
3314 5369 3389 5405 τι.
3426 5350 3489 5406 In
3541 5355 3698 5415 Palu,
3735 5349 3767 5416 ἢ

353 5415 487 5477 κατά
522 5415 580 5477 in
616 5421 883 5492 pluribus
917 5415 1097 5492 Regg.
1141 5415 1273 5492 Ed.,_
1305 5418 1457 5492 μετᾴ.

873 5439 883 5475 ι
917 5415 1097 5492 Regg.
1141 5415 1273 5492 Ed.,_
1305 5418 1457 5492 μετᾴ.
2115 5415 2252 5492 ὄψου
2280 5415 2510 5492 τό,βῧο.

426 5496 541 5566 (98)
572 5487 955 5566 Δίατεθεικόσι.
977 5487 1133 5566 Reg.
1158 5493 1224 5566 _(_l,
1253 5487 1558 5566 διατεθεῖσι.
1724 5561 1731 5566 _
1853 5562 1869 5566 _

2162 5487 2260 5566 '(7_)
2282 5491 2611 5566 Βοήθημα...
2639 5487 2840 5547 ἕλκεσι.
2867 5493 3094 5559 Billius,
3119 5518 3144 5545 ‹‹
3171 5510 3286 5566 quo
3318 5493 3607 5564 pudendis
3638 5509 3764 5566 cor-

426 5496 518 5566 (98
572 5496 955 5546 Διατεθεικόσι.
991 5496 1133 5563 Reg.
1165 5496 1224 5561 d,
1253 5496 1558 5544 διατεθεῖσι.

576 5564 941 5641 Ἀπεστράφη.
976 5563 1038 5619 In
1071 5563 1448 5635 quibusdam,
1482 5558 1811 5637 ἅντεστράφη
1852 5562 1997 5632 [ma-

2183 5496 2260 5571 (7)
2282 5496 2611 5618 Βοήθημα...
2639 5496 2840 5547 ἕλκεσι.
2867 5496 3094 5559 Billius,
3119 5518 3144 5545 ‹‹
3171 5510 3286 5621 quo
3318 5496 3607 5564 pudendis
3638 5509 3757 5547 cor-

2120 5578 2301 5690 Ξῖ,ιέἒῶ
2317 5566 2466 5683 pgrti
2516 5581 2578 5619 us
2626 5565 2932 5636 auxilium,
2985 5572 3086 5623 aut
3137 5584 3172 5623 u
3201 5566 3431 5623 ceribus
3477 5565 3757 5622 solatium

385 5649 457 5691 el.
2112 5649 2319 5690 lerant.
2354 5656 2384 5683 >>
