4146 6290
412 320 532 387 873

1337 314 1629 380 ORATIO
1671 315 1832 379 XIV.
1867 350 1940 361 —
1976 314 2077 378 DE
2121 315 2555 380 PAUPEllUM
2601 316 2895 377 AMURE.

3705 315 3821 376 874

411 460 474 520 ὃς
504 456 646 531 πρὸς
674 456 775 524 τήν
808 452 997 529 χρείαν
1041 451 1290 528 ἤρκεσεν,
1340 451 1465 505 ἀλλ’
1520 449 1667 512 ὅστις
1722 452 1796 521 μὴ
1856 454 2099 525 πικρῶς

2197 470 2296 524 quo
2332 452 2612 523 pudorem
2648 457 2937 519 tueantur,
2974 456 3031 506 et
3064 452 3259 507 ulcera
3290 451 3539 506 foveant.
3595 455 3672 505 Ac
3724 454 3823 508 bc-

419 545 798 617 ἀπεπέμψατο.
833 544 896 597 Οἱ
925 541 1133 597 πολλοὶ
1164 539 1222 595 δὲ
1265 539 1440 595 αὐτῶν
1488 537 1613 594 οὐδὶ
1669 540 1755 593 ὑπ’
1805 537 2069 613 αἰσχύνης

412 637 505 695 τὰς
536 631 872 707 πανηγύρεις
932 630 1241 707 φεύγουσιν,
1298 627 1426 683 αὐτὸ
1477 629 1555 701 (8)
1604 628 1696 699 μὲν
1731 625 1822 681 οὖν
1848 626 2069 682 τούναν-

413 722 525 779 τίον
559 723 635 784 εἷς
665 721 862 782 ταύτας
920 720 1184 783 ὠθοῦνται
1243 715 1330 772 διὰ
1373 719 1472 785 τὴν
1500 715 1689 793 χρείαν
1714 735 1727 749 ’
1759 716 1956 777 ταύτας
1999 713 2066 784 δὴ

415 812 565 886 λέγω
596 811 691 872 τὰς
723 807 1046 879 πανδήμους
1094 810 1169 880 (9)
1219 806 1307 861 καὶ
1357 806 1525 881 ἱερὰς,
1559 804 1619 866 ἃς
1649 808 1812 878 ἡμεῖς
1843 805 1931 859 ἐπὶ
1981 816 2068 868 θεε-

415 900 610 978 ραπείᾳ
638 904 743 953 τῶν
778 901 969 973 ψυχῶν
1019 894 1302 970 ἐξεύρομεν
1354 896 1489 968 (10),
1544 892 1573 963 ἤ
1617 895 1753 948 κατά
1780 915 1831 949 τι
1868 895 2071 967 μυστή-

416 1011 530 1067 ριον
567 988 857 1056 συνιόντες,
909 987 943 1054 ἢ
986 984 1105 1046 τοῖς
1167 986 1395 1059 μάρτυσι
1444 990 1548 1052 τῆς
1595 981 1851 1053 ἀληθείας
1901 1004 2072 1049 πανη-

415 1078 751 1155 γυρίζοντες,
806 1072 876 1129 ’ἶν’
926 1074 999 1129 ὧν
1047 1072 1179 1135 τοὺς
1228 1073 1440 1147 ἀγῶνας
1468 1092 1739 1144 τιμωμεν,
1779 1072 2075 1144 μιμώμεθα

415 1167 504 1223 καὶ
534 1168 633 1235 τήν
683 1158 981 1219 εύσέϐειαν.
1035 1160 1133 1216 Καὶ
1184 1160 1536 1236 αἰσχύνονται
1583 1161 1676 1233 μὲν
1704 1159 1832 1222 τοὺς
1866 1161 2072 1235 ἀνθρώ-

417 1277 554 1317 πους
609 1252 696 1310 διὰ
751 1254 850 1321 τὴν
898 1250 1211 1327 συμφορὰν,
1256 1249 1405 1313 ὄντες
1455 1245 1759 1325 ἅνθρωποι,
1813 1248 1901 1304 καὶ
1941 1247 2074 1324 βού-

421 1344 592 1401 λοιντ’
625 1343 683 1397 ἂν
726 1338 925 1414 ὄρεσιν,
957 1342 992 1409 ἣ
1023 1341 1314 1414 κρήμνοῖς,
1358 1340 1397 1407 ἢ
1447 1336 1626 1407 ὕλαις,
1675 1336 1710 1407 ἥ
1763 1339 1826 1391 τὸ
1881 1336 2074 1391 τελευ-

417 1439 567 1490 ταῖον
619 1431 771 1485 νυκτί
820 1429 909 1483 καὶ
958 1427 1138 1501 σκότῳ
1184 1425 1697 1502 περικαλύπτεσθαι’
1762 1425 2073 1501 ῥιπτοῦνται

425 1520 481 1577 δὲ
538 1517 690 1594 ὅμως
747 1519 821 1581 εἷς
881 1516 1060 1591 μέσον,
1108 1515 1319 1595 φόρτος⁵
1367 1514 1618 1581 ἐλεεινὸς,
1680 1514 1771 1569 καὶ
1830 1512 2073 1587 δακρύων

423 1608 589 1680 ἄξιος.
614 1612 783 1663 Τοῦτο
820 1607 914 1681 μὲν
940 1603 1077 1667 ’ίσως
1106 1605 1194 1659 καὶ
1245 1604 1382 1659 κατὰ
1419 1602 1611 1678 λόγον,
1656 1600 1748 1656 *ίνα
1795 1605 1931 1675 ἡμῖν
1975 1600 2075 1657 ὦσι

422 1706 522 1768 τῆς
581 1694 855 1758 ἀσθενείας
911 1697 1071 1767 ἡμῶν
1134 1694 1525 1766 ὑπομνήματα,
1566 1689 1654 1746 καί
1683 1690 1913 1747 πείθωσι
1963 1712 2077 1763 μη-

431 1785 541 1842 δενὶ
598 1790 708 1840 τῶν
753 1782 1035 1858 παρόντων
1082 1781 1173 1838 καὶ
1231 1782 1548 1857 ὁρωμένων,
1609 1779 1683 1843 ὡς
1716 1780 1908 1834 ἑστῶτι
1940 1782 2074 1852 (11),

431 1840 841 1951 ἰητροιιτίθεσθαι.ι
884 1877 1227 1930 Ῥιπτοῦνται
1264 1840 1362 1940 ’δὶξ
1421 1872 1475 1925 οἱ
1525 1840 1618 1944 μὲν
1663 1840 2076 1947 έπιθυμίᾳῖφωέ
2109 1840 2157 1905 Β

428 1975 521 2037 νῆς
553 1964 921 2041 ἀνθρωπίνης,
970 1961 1021 2017 οἷ
1072 1959 1129 2016 δὲ
1159 1959 1502 2034 προσόψεως,
1562 1960 1613 2013 οἱ
1663 1956 1721 2013 δὲ
1747 1956 1840 2012 τίνα
1874 1957 2081 2034 βραχέα

428 2063 574 2126 ζωῆς
606 2052 796 2133 ἐφόδια
825 2052 971 2126 παρὰ
1005 2055 1112 2105 τῶν
1159 2050 1488 2125 τρυφώντων
1523 2046 1909 2119 συλλέξωνται,
1941 2048 2079 2103 πάν-

424 2167 511 2207 τες
544 2142 601 2200 δὲ
626 2142 720 2198 ’ίνα
740 2164 791 2197 τι
824 2142 1032 2217 πράους
1060 2139 1322 2216 γεύωνται
1376 2140 1490 2213 (12)
1518 2136 1647 2200 τοὺς
1694 2138 1896 2192 ἑαυτῶν
1948 2138 2079 2211 θρή-

430 2255 556 2296 νους
588 2231 654 2303 δη
666 2230 1058 2304 μοσιεύσαντες.

2181 542 2397 612 nignus
2426 541 2570 612 ipsis
2602 540 2700 594 ille
2743 544 2857 606 est,
2889 558 3003 595 non
3036 541 3160 611 qui,
3193 541 3345 610 quod
3380 541 3464 595 eis
3496 556 3642 611 Opus
3679 546 3825 607 erat,

2179 630 2594 701 suppeditavit,
2628 629 2725 683 sed
2780 629 2879 700 qui
2936 646 3051 684 non
3097 630 3304 684 acerbe
3362 644 3459 684 eos
3519 629 3825 699 ablegavit.

2181 717 2347 772 Multi
2380 723 2571 772 autem
2604 733 2806 772 eorum
2838 733 2910 772 ne
2942 718 3165 789 pudore
3210 716 3446 788 quidem
3498 734 3533 771 a
3577 716 3828 787 publicis

2182 807 2563 860 conventibus
2590 806 2977 873 deterrentur,
3002 806 3142 876 quin
3170 806 3365 876 potius
3387 806 3441 858 in
3468 821 3566 860 eos
3595 821 3723 860 esse
3754 806 3825 859 ob

2182 894 2585 950 necessitatem
2621 895 2967 961 intrudunt;
3020 894 3147 963 hos,
3178 894 3445 964 inquam,
3479 893 3741 965 publicos
3773 901 3829 948 et

2182 999 2380 1038 sacros
2412 986 2748 1049 conventus,
2784 999 2929 1053 quos
2986 984 3056 1037 ob
3106 984 3434 1037 animarum
3467 982 3824 1038 curationem

2181 1070 2659 1143 excogitavimus,
2693 1075 2794 1126 aut
2838 1072 3100 1142 mysterii
3131 1073 3463 1144 cujuspiam
3495 1071 3829 1127 celebrandi

2184 1177 2364 1216 causa
2417 1164 2712 1227 coeuntes,
2747 1165 2848 1214 aut
2903 1160 2977 1216 ob
3033 1160 3295 1216 veritatis
3347 1165 3627 1232 martyres
3673 1161 3825 1215 diem

2185 1252 2400 1305 festum
2449 1249 2763 1320 agitantes,
2814 1254 2897 1317 ut,
2950 1266 3203 1321 quorum
3256 1250 3580 1305 certamina
3610 1250 3830 1305 honore

2184 1338 2617 1411 prosequimur,
2642 1354 2843 1394 eorum
2870 1355 3099 1410 quoque
3123 1340 3395 1411 pietatem
3422 1339 3739 1395 imitemur.
3765 1339 3830 1393 Et

2185 1428 2455 1499 quamvis
2489 1427 2794 1482 hominum
2838 1443 2959 1498 ora,
3014 1444 3146 1483 cum
3195 1427 3465 1484 homines
3522 1428 3632 1500 ipsi
3690 1428 3830 1495 sint,

2185 1522 2423 1589 propter
2479 1515 2875 1571 calamitatem
2936 1517 3313 1585 erubescant,
3373 1533 3441 1572 ac
3498 1517 3831 1581 montibus,

2185 1611 2291 1662 aut
2322 1606 2632 1677 praeruptis
2660 1604 2832 1671 locis,
2878 1609 2981 1661 aut
3028 1604 3212 1673 silvis,
3266 1611 3369 1660 aut
3427 1605 3677 1676 denique
3731 1621 3831 1659 no.

2186 1699 2274 1750 cte
2305 1710 2373 1749 ac
2402 1694 2664 1750 tenebris
2694 1694 2885 1767 oblegi
2916 1694 3163 1766 cupiant
3189 1710 3202 1749 :
3257 1694 3313 1749 in
3349 1696 3606 1749 medium
3638 1702 3834 1748 tamen

2187 1783 2545 1856 irrumpunt,
2606 1784 2841 1840 sarcina
2899 1782 3274 1851 miserabilis,
3331 1789 3391 1839 et
3444 1783 3831 1855 lacrymarum

2190 1874 2389 1947 digna.
2424 1874 2486 1930 Id
2520 1891 2752 1946 quoque
2785 1875 3035 1932 fortasse
3062 1891 3175 1930 non
3209 1880 3427 1931 temere
3457 1891 3524 1933 ac
3568 1875 3695 1929 sine
3743 1890 3830 1928 ra-

2190 1963 2347 2019 tione
2375 1963 2619 2030 faciunt,
2655 1962 2936 2019 nimirum
2984 1967 3049 2018 ut
3094 1979 3201 2019 nos
3231 1964 3593 2018 inﬁrmitatis
3624 1968 3835 2018 nostra:

2191 2052 2604 2122 submoneant,
2638 2051 2903 2123 illudque
2934 2052 3098 2108 nobis
3130 2054 3538 2121 persuadeant,
3573 2057 3638 2106 ut
3688 2051 3835 2105 nulli

2191 2157 2384 2196 rerum
2419 2141 2793 2213 praesentium
2830 2146 3002 2212 atque
3044 2142 3102 2195 in
3136 2141 3435 2197 oculorum
3469 2156 3709 2196 sensum
3741 2156 3833 2194 ca-

2193 2229 2477 2298 dentium,
2509 2231 2669 2284 velut
2698 2231 2877 2285 ﬁrmas
2926 2234 2985 2285 et
3030 2230 3246 2296 stabili,
3296 2231 3558 2285 animum
3592 2228 3832 2298 adjicia-

430 2342 582 2380 mus.
620 2324 959 2394 Irrumpunt
989 2321 1213 2387 autem,
1245 2316 1367 2388 alii,
1399 2320 1467 2373 ut
1493 2320 1754 2389 optatam
1806 2316 2114 2372 hominum
2146 2334 2345 2374 vocem
2377 2318 2623 2374 audiant
2652 2335 2665 2374 :
2700 2318 2822 2385 alii,
2856 2324 2921 2374 ut
2948 2335 3150 2375 eorum
3199 2335 3299 2373 ora
3346 2317 3634 2390 aspiciant
3665 2333 3677 2370 :
3712 2316 3834 2386 alii,

426 2413 733 2485 ut,exigua
766 2412 893 2466 vitae
925 2408 1191 2465 subsidia
1221 2408 1292 2462 ab
1337 2408 1433 2475 iis,
1468 2406 1569 2478 qui
1619 2405 1757 2463 luxu
1791 2404 2134 2477 deliciisque
2181 2408 2479 2475 difﬂuunt,
2510 2407 2787 2480 colligant
2819 2427 2832 2464 :
2865 2425 3065 2464 omnes
3115 2414 3334 2474 autem,
3368 2413 3434 2463 ut
3477 2407 3839 2478 exponendis

427 2502 688 2559 luctibus
719 2501 845 2556 suis
873 2496 1223 2554 nonnullum
1254 2495 1392 2563 hinc
1420 2494 1684 2551 levamen
1715 2493 2097 2565 persentiant.

496 2590 594 2644 ll".
625 2588 716 2649 Τίς
767 2586 827 2640 οὐ
858 2584 1189 2640 κατακλᾶπαι
1232 2581 1444 2638 τούτων
1487 2588 1605 2645 τοῖς
1655 2580 1940 2658 ὀδυρμοῖς,
1995 2580 2077 2636 οἶ-

428 2678 591 2752 κτρᾶν
646 2672 925 2747 ξυναυλίαν
977 2672 1404 2747 ἀρμοζομὲνωνς
1457 2671 1540 2733 τίς
1608 2670 1744 2739 ἀκοὴ
1814 2670 1962 2748 φέρει
2015 2670 2078 2725 τὸ

435 2768 718 2838 ἅκουσμας
777 2763 858 2825 τίς
910 2762 1033 2837 ύψις
1093 2766 1269 2836 χωρεῖ
1314 2762 1377 2815 τὸ
1408 2760 1617 2834 θίαμα;
1650 2760 1713 2813 O't
1747 2760 1839 2831 μὶν
1874 2765 2077 2813 κεῖνται

433 2852 546 2928 μετ’
580 2849 867 2921 ἀλλήλων,
900 2853 1081 2910 κακῶς
1127 2848 1229 2903 ὑπὸ
1278 2855 1378 2917 τῆς
1427 2848 1584 2903 νόσου
1643 2845 2077 2921 συνεζευγμένοι,

430 2942 520 2996 καὶ
562 2939 731 3002 ἄλλος
789 2935 930 2993 ἄλλο
976 2958 1027 2991 τι
1074 2943 1173 3005 τῆς
1219 2941 1502 3013 συμφορᾶς
1551 2936 1686 3012 πρὸς
1734 2936 1796 2990 τὸ
1845 2935 2075 2990 ἐλεεινὸν

433 3028 796 3103 ἐρανίζοντες·
849 3026 938 3082 καὶ
988 3026 1118 3079 εἰσὶν
1165 3022 1441 3096 ἀλλήλοις
1490 3027 1776 3101 προσθήκη
1826 3028 1922 3079 τοῦ
1974 3023 2079 3079 πά-

2260 2585 2407 2641 ΧΙΙΙ.
2442 2586 2581 2651 Quis
2621 2603 2734 2641 non
2769 2602 2993 2651 eorum,
3029 2586 3306 2642 miseram
3337 2586 3665 2641 cantionem
3704 2600 3839 2638 con-

2188 2675 2578 2740 cinnantium,
2612 2675 2937 2747 gemitibus
2959 2676 3300 2742 frangitur?
3343 2675 3476 2738 Qua:
3518 2673 3676 2728 auris
3727 2673 3836 2727 hu-

2178 2764 2442 2835 jusmodi
2465 2763 2820 2819 auditionem
2848 2764 3015 2833 ferre,
3040 2765 3172 2835 quis
3202 2763 3407 2819 oculus
3438 2762 3834 2833 spectaculum

2188 2853 2296 2907 hoc
2316 2868 2522 2924 capere
2552 2852 2786 2923 potest?
2813 2852 3020 2908 Jacent
3046 2852 3130 2906 illi
3162 2852 3362 2922 simul,
3388 2851 3539 2907 male
3570 2868 3604 2906 a
3635 2852 3834 2905 morbo

2188 2942 2342 2996 266
2374 2940 2711 3011 consociati,
2745 2945 2921 3012 atque
2950 2941 3047 2996 alii
3080 2941 3237 2997 aliud
3269 2941 3563 3014 quoddam
3597 2938 3834 2994 calami-

2187 3029 2327 3084 tatis
2348 3045 2536 3101 genus
2556 3029 2625 3083 ad
2654 3029 3115 3085 misericordiam
3143 3031 3408 3086 ciendam
3435 3030 3832 3095 conferentes;

431 3119 578 3187 θους,
640 3114 865 3170 ἐλεεινοὶ
922 3120 1023 3183 τῆς
1071 3112 1395 3190 ἀρρωστίας,
1442 3120 1542 3182 τῆς
1589 3111 1929 3185 συμπαθείας
1964 3114 2076 3185 (13)

2197 3122 2445 3187 suntque
2465 3117 2576 3171 sibi
2601 3118 2845 3172 invicem
2864 3117 3083 3173 doloris
3104 3120 3593 3185 additamentum,
3609 3118 3691 3171 illi
3714 3118 3838 3187 qui-

432 3204 808 3279 ἰλεεινότεροι.
870 3202 1207 3279 Περιίσταται
1279 3205 1391 3276 (14)
1451 3200 1507 3257 δὲ
1581 3200 1776 3265 αὐτοὺς
1855 3202 2074 3277 θέατρον

432 3294 735 3369 συμμιγὲς,
785 3291 1194 3367 συναλγούντων
1259 3290 1374 3363 μὲν,
1433 3288 1579 3344 ἀλλᾶ
1633 3290 1955 3366 πρόσκαιρα.
2016 3290 2081 3344 Οἱ

435 3381 491 3438 δὲ
518 3379 893 3438 κυλινδοῦνται
925 3380 1061 3455 πρὸς
1087 3384 1206 3442 τοῖς
1252 3378 1381 3434 ποσὶ
1428 3383 1533 3433 τῶν
1582 3378 1879 3453 ἀνθρώπων
1934 3377 2081 3452 ἡλίῳ

434 3473 522 3527 καὶ
571 3472 715 3526 κόνει
745 3490 756 3503 °
809 3465 919 3526 ἔστι
973 3467 1031 3524 δὲ
1061 3468 1149 3527 ὅτε
1177 3468 1267 3523 καὶ
1297 3472 1530 3541 κρυμοῖς
1565 3467 1795 3543 ἀγρίοις,
1856 3468 1944 3524 καὶ
1976 3463 2082 3540 ὅμ-

435 3556 611 3638 6ροις,
645 3560 735 3615 καὶ
776 3564 1042 3635 ταραχαῖς
1092 3558 1305 3631 ἀνεμων
1354 3555 1889 3632 ταλαιπωρούμενοι,
1940 3557 2085 3632 παρὰ

433 3655 690 3704 τοσοῦτον
753 3648 815 3703 ού
868 3651 979 3721 (15)
1034 3645 1499 3720 συμπατούμενοι,
1544 3648 1670 3721 παρ’
1700 3645 1822 3700 ὅσον
1854 3649 1966 3721 (16)
1995 3646 2084 3701 καὶ

437 3739 625 3811 ψαύειν
658 3738 833 3791 αὐτῶν
866 3738 977 3809 (l7)
1013 3733 1440 3810 βδελυσσόμιθα.
1472 3732 1712 3805 Ἀντᾴδιι
1747 3733 1804 3790 δὲ
1842 3741 1960 3797 τοῖς
2008 3736 2085 3789 ἰε-

441 3833 554 3901 ροῖς
588 3823 737 3879 ἔνδον
772 3826 985 3897 μὲλεσιν
1023 3825 1050 3878 ὁ
1082 3828 1189 3878 τῶν
1222 3823 1487 3891 αἰτήσεων
1521 3821 1783 3895 ὀδυρμὸς,
1828 3824 1917 3878 καὶ
1966 3828 2087 3885 ταῖς

444 3917 725 3987 μυστικαῖς
762 3917 965 3989 φωναῖς
998 3913 1194 3980 θρῆνος
1224 3910 1456 3971 ἐΛεεινὸς
1503 3911 1861 3985 ἀντεγείρεται
1917 3911 1976 3965 Τί
2006 3909 2089 3966 δεῖ

439 4009 610 4058 πᾶσαν
671 4000 845 4056 αὐτῶν
879 4001 1189 4076 προτιθέναι
1216 4000 1312 4067 τὴν
1346 4000 1626 4076 συμφορὰν
1656 3999 1961 4075 ἀνθρώποις
1991 4021 2089 4055 πα-

437 4091 866 4168 νηγυρίζουσιν;
900 4090 1057 4150 Ἴσως
1093 4088 1152 4143 ἂν
1181 4088 1270 4142 καὶ
1304 4088 1429 4161 ὑμῖν
1481 4089 1767 4160 κινήσαιμι
1794 4091 2010 4161 θρῆνον,
2044 4089 2089 4143 εἰ

438 4182 609 4236 πάντα
639 4176 1044 4256 ἐκτραγῳδοίην
1078 4174 1379 4250 ἐπιμελῶς,
1410 4175 1501 4232 καὶ
1525 4178 1734 4247 νικήσει
1762 4178 1860 4245 τὴν
1896 4178 2086 4252 ἑορτὴν

437 4271 500 4325 τὸ
530 4271 719 4331 πάθος.
754 4270 911 4342 Λέγω
943 4267 1045 4342 γὰρ
1078 4266 1172 4321 οὖν
1203 4269 1390 4337 ταῦτα,
1424 4265 1539 4321 ἐπεὶ
1576 4262 1804 4338 μηδέπω
1858 4264 2089 4339 δύναμαι

438 4357 638 4412 πείθειν
685 4356 849 4428 ύμᾶς,
895 4356 969 4418 ὡς
1030 4351 1142 4409 ἔστι
1190 4355 1325 4411 ποτὲ
1352 4352 1557 4425 ἡδονῆς
1590 4353 1736 4426 λύπη
1763 4356 2089 4430 τιμιωτέρα,

2188 3206 2321 3260 dem
2354 3206 2425 3260 ob
2457 3205 2650 3276 ipsum
2685 3207 2956 3261 morbum
3000 3206 3381 3276 miserabiles,
3435 3208 3507 3262 ob
3566 3214 3834 3262 mutuam

2188 3311 2322 3349 vero
2374 3293 2945 3350 commiserationem
2976 3296 3449 3353 miserabiliores.
3484 3296 3836 3350 Circumstat

2193 3387 2388 3438 autem
2447 3398 2546 3437 eos
2604 3384 3001 3454 promiscuum
3048 3384 3366 3450 theatrum,
3398 3384 3833 3440 condolentium

2193 3473 2454 3543 quidem,
2487 3472 2587 3526 sed
2618 3473 2690 3527 ad
2731 3473 2901 3528 breve
2947 3479 3200 3545 tempus.
3252 3475 3321 3529 Hi
3370 3492 3540 3546 porro
3601 3475 3671 3527 ad
3730 3473 3830 3527 ho-

2196 3562 2423 3616 minum
2455 3561 2631 3632 pedes
2661 3561 3018 3632 volutantur,
3053 3580 3184 3619 cum
3228 3565 3371 3620 solis
3418 3570 3560 3620 aestu
3599 3570 3655 3618 et
3703 3562 3833 3634 pul-

2193 3666 2358 3717 vere;
2410 3666 2836 3721 nonnunquam
2887 3654 3061 3707 etiam
3111 3670 3243 3709 cum
3290 3655 3625 3725 asperrimis
3656 3653 3835 3723 frigo-

2196 3740 2360 3794 ribus
2410 3755 2477 3793 ac
2528 3738 2760 3810 pluviis,
2800 3746 3223 3813 ventorumque
3254 3742 3605 3797 tumultibus
3632 3742 3835 3796 conﬂi-

2195 3831 2443 3892 ctantes,
2498 3827 2865 3900 pedibusque
2912 3831 3089 3885 etiam
3138 3832 3387 3901 jamjam
3448 3830 3835 3902 percalcandi,

2198 3916 2311 3970 nisi
2352 3914 2440 3969 vel
2488 3914 2786 3971 tantillum
2836 3933 2936 3973 eos
2988 3923 3226 3991 tangere
3274 3919 3837 3975 exhorresceremus.

2199 4004 2376 4059 Porro
2404 4003 2748 4074 petitionum
2781 4006 3031 4074 gemitus
3062 4007 3307 4063 internis
3336 4008 3537 4079 templi
3572 4008 3841 4063 cantibus

2200 4107 2269 4147 ex
2299 4093 2540 4146 adverso
2571 4094 2903 4164 respondet,
2927 4099 3103 4166 atque
3128 4097 3408 4153 adversus
3443 4097 3718 4169 mysticas
3748 4112 3842 4151 vo-

2200 4198 2295 4237 ces
2328 4180 2685 4236 miserabilis
2711 4181 2905 4239 luctus
2936 4185 3236 4241 excitatur.
3273 4187 3418 4252 Quid
3451 4204 3583 4242 vero
3616 4185 3843 4241 univer-

2200 4287 2327 4325 sam
2360 4268 2571 4325 horum
2605 4270 2996 4327 calamitatem
3040 4274 3380 4330 hominibus
3430 4277 3640 4331 festum
3688 4276 3844 4331 diem

2200 4357 2633 4415 celebrantibus
2654 4376 2974 4431 proponere
2996 4362 3247 4418 attinet?
3276 4364 3455 4419 Vobis
3475 4380 3709 4435 quoque
3734 4364 3844 4417 l‘or-

438 4446 529 4501 καὶ
575 4447 840 4521 κατήφεια
878 4443 1257 4520 πανηγύρεως,
1315 4442 1404 4498 καὶ
1433 4442 1673 4520 γέλωτος
1705 4444 1766 4498 οὐ
1797 4442 1968 4500 καλοῦ
1998 4441 2089 4500 δά-

2199 4452 2377 4515 tasse,
2401 4446 2449 4502 si
2481 4447 2680 4503 omnia
2706 4449 2908 4505 sedulo
2940 4455 2997 4506 et
3024 4452 3240 4522 tragice
3263 4453 3636 4521 ampliticem,
3661 4452 3846 4521 lacry-

439 4554 601 4611 κρυον
631 4532 1041 4606 ἐπαινούμενον.

2202 4552 2332 4592 mas
2359 4552 2611 4601 movero,
2644 4553 2709 4592 ac
2738 4537 2902 4594 dolor
2930 4539 3145 4595 festum
3178 4542 3497 4613 superabit.
3524 4544 3650 4596 Haec
3670 4543 3846 4596 etiam

439 4625 656 4680 idcirco
688 4624 838 4689 dico,
871 4623 1010 4694 quia
1042 4622 1305 4679 nondum
1337 4622 1500 4678 vobis
1530 4621 1637 4678 hoc
1670 4624 2023 4694 persuadere
2060 4640 2325 4697 possum,
2360 4624 2685 4681 molestiam
2733 4643 3159 4700 nonnunquam
3191 4630 3508 4703 voluptate,
3540 4635 3597 4686 et
3628 4631 3849 4685 moesti-

439 4714 584 4770 tiam
617 4711 837 4781 laetitia,
870 4717 928 4768 et
957 4711 1285 4768 laudabiles
1316 4710 1607 4785 lacrymas
1639 4713 1799 4784 turpi
1826 4717 2002 4785 atque
2032 4714 2283 4772 obsceno
2315 4715 2438 4771 risu
2468 4716 2903 4786 praestantiores
2932 4734 3062 4775 esse
3081 4720 3148 4773 7‘.

512 4813 558 4846 7‘
586 4810 771 4867 Eccle.
800 4827 901 4881 vn,
931 4810 965 4866 3

625 4908 786 4982 Δύτό,
821 4910 915 4982 0r.
947 4910 1004 4979 2,
1036 4906 1190 4963 αύτοί
1220 4907 1440 4982 [male].

515 4977 732 5065 (9)ν’1“ὰς
762 4977 937 5051 πανδή
951 4977 1118 5065 μους..
1150 4977 1244 5039 Sic
1286 4977 1545 5053 quinque
1588 4981 1769 5054 Regg.
1803 4981 1973 5039 Deest
2001 4980 2096 5044 τάς

446 5053 507 5107 in
538 5053 677 5108 edit.

520 5124 630 5194 (10)
660 5122 1000 5195 Ἐξεύρομεν.
1062 5125 1159 5180 0r.
1216 5125 1272 5192 2,
1323 5120 1628 5199 ἐξιύραμεν.
1682 5123 1888 5191 01011.,
1940 5121 2098 5196 ἐξηύ-

452 5212 513 5268 ρο
522 5212 638 5268 μεν..

660 5267 904 5357 ζιὲξστῶτι.
940 5265 1103 5357 Ηρυε
1136 5266 1295 5357 Reg”
1329 5264 1542 5357 Eq'ci'uct.

522 5338 629 5410 (12)
659 5334 876 5410 ἸΙράους
901 5333 1185 5410 γεύωνται.
1219 5333 1327 5410 Ξίο
1375 5336 1690 5410 legendum
1723 5337 2099 5410 arbitramur,

2206 4912 2266 4990 i_n
2298 4914 2457 4968 textu
2495 4929 2507 4990 ξ
2567 4934 2588 4963 α
2622 4918 2686 4969 ut
2734 4916 3003 4990 nonnihil
3042 4916 3325 4990 leventur.
3362 4940 3388 4967 »
3434 4919 3625 4990 [Forte
3657 4918 3855 4990 legen-

2207 4985 2382 5063 dum",
2403 4982 2608 5063 πράους
2633 4990 2775 5063 _(pro
2805 4985 3057 5063 πράονες)
3086 4986 3392 5063 γένωνται.)

2278 5056 2390 5123 (13)
2427 5055 2793 5130 Συμπαθὲίας.
2822 5055 2877 5130 ᾧ(
2913 5059 2995 5114 Ob
3041 5055 3311 5130 ejusdem
3353 5055 3538 5116 morbi
3592 5080 3854 5119 commu-

2209 5125 2465 5205 nionem.
2500 5125 2528 5177 ἡ
2575 5129 2691 5205 _Hic
2740 5129 2897 5205 enim
2930 5125 3248 5205 ,συμπάθεια
3292 5132 3605 5205 signiﬁcat,
3659 5157 3686 5184 (ι
3720 5152 3853 5190 cum

2210 5197 2380 5270 plura
2410 5198 2587 5252 simul
2621 5202 2885 5255 membra
2913 5197 3166 5257 doleant.
3206 5226 3227 5251 ι

2426 5269 2787 5347 μεριίσταται.
2820 5273 2996 5347 Coisl.
3032 5276 3082 5340 1,
3113 5271 3499 5347 περιίστανται.

2281 5344 2393 5421 (1ξ)
2426 5342 2866 5421 ΙΙαρὰιτοσοῦτον
2901 5343 2984 5400 ού.
3029 5346 3122 5401 Sic
3162 5342 3333 5402 (ioisl.
3378 5348 3431 5401 2.
3475 5346 3648 5411 Edit.,
3681 5366 3852 5421 παρα-

449 5424 554 5490 pro
606 5407 765 5490 ῥᾴους
798 5407 1085 5490 γένωνται,
1115 5409 1359 5490 quodhin
1410 5407 1582 5490 editis
1612 5409 1841 5490 legitur,
1876 5410 1936 5463 in
1967 5409 2099 5479 qui-

2209 5407 2465 5465 τοσοῦτον
2506 5407 2614 5468 καί.

450 5482 562 5536 bus
584 5479 736 5543 certe
767 5479 1047 5539 mendum
1073 5479 1331 5553 irrepsit,
1351 5480 1614 5553 excisos
1645 5479 1703 5553 in
1734 5482 1925 5553 prima
1946 5497 2101 5553 voce,

449 5558 506 5606 et
535 5558 761 5607 mutato
804 5574 833 5605 υ
875 5554 935 5607 in
966 5573 991 5605 ν
1027 5554 1086 5607 in
1119 5550 1395 5623 secunda.
1427 5552 1517 5623 ita
1546 5550 1766 5623 legisse
1790 5557 1849 5607 et
1875 5551 2102 5609 intelle-

448 5623 608 5678 xisse
642 5624 915 5689 videntur
942 5623 1152 5681 Billius
1180 5632 1237 5685 et
1266 5621 1882 5691 Gabrielius."Primns
1909 5625 1969 5680 in
2001 5642 2104 5682 no-

449 5693 527 5750 tis
554 5695 733 5752 vertit
764 5712 778 5753 :
828 5719 857 5748 «
892 5699 959 5752 ut
987 5694 1213 5768 aliquid
1244 5692 1548 5751 levationis
1580 5696 1855 5754 sentiant.
1876 5716 1907 5749 »
1947 5695 2109 5755 Alter

771 5823 1033 5885 Panos.
1082 5822 1193 5885 Gn.
1242 5820 1488 5885 XXXV.

2284 5484 2398 5561 (16)
2428 5484 2565 5561 1Ιαρ³
2595 5482 2741 5541 ὅσον.
2790 5487 2882 5542 Sic
2931 5486 3127 5560 plures
3176 5488 3359 5559 Regii.
3410 5488 3557 5543 Edit.
3610 5490 3859 5561 conjun-

2213 5554 2376 5621 ctim,
2410 5554 2668 5621 παρόσον.

2284 5628 2401 5697 (17)
2430 5628 2641 5685 Αὐτῶν.
2670 5628 2845 5686 Coisl.
2872 5631 2909 5686 2
2938 5630 3123 5701 addit,
3156 5628 3260 5704 ἀεί,
3305 5651 3329 5683 α
3364 5646 3618 5705 semper.
3653 5654 3683 5684 ››

3465 5832 3543 5897 28
