  <div class='ocr_page' id='page_1' title='image "/cluster/home/n/w/nwhite01/storage/ocr_20150623/35/mdp.39015012934389/445.png"; bbox 0 0 4146 6290; ppageno 0'>
   <div class='ocr_carea' id='block_1_1' title="bbox 357 335 474 396">
    <p class='ocr_par' dir='ltr' id='par_1_1' title="bbox 357 335 474 396">
     <span class='ocr_line' id='line_1_1' title="bbox 357 335 474 396; baseline 0 0"><span class='ocrx_word' id='word_1_1' title='bbox 357 335 474 396; x_wconf 81' lang='grc'>875</span> 
     </span>
    </p>
   </div>
   <div class='ocr_carea' id='block_1_2' title="bbox 1603 323 2526 387">
    <p class='ocr_par' dir='ltr' id='par_1_2' title="bbox 1603 323 2526 387">
     <span class='ocr_line' id='line_1_2' title="bbox 1603 323 2526 387; baseline 0.001 -2"><span class='ocrx_word' id='word_1_2' title='bbox 1603 327 1666 385; x_wconf 90' lang='lat' dir='ltr'>S.</span> <span class='ocrx_word' id='word_1_3' title='bbox 1716 326 2085 386; x_wconf 70' lang='lat' dir='ltr'>GliEGOlllI</span> <span class='ocrx_word' id='word_1_4' title='bbox 2131 323 2526 387; x_wconf 81' lang='lat' dir='ltr'>THEOLOGI</span> 
     </span>
    </p>
   </div>
   <div class='ocr_carea' id='block_1_3' title="bbox 3648 321 3768 383">
    <p class='ocr_par' dir='ltr' id='par_1_3' title="bbox 3648 321 3768 383">
     <span class='ocr_line' id='line_1_3' title="bbox 3648 321 3768 383; baseline 0.017 -2"><span class='ocrx_word' id='word_1_5' title='bbox 3648 321 3768 383; x_wconf 80' lang='lat'>876</span> 
     </span>
    </p>
   </div>
   <div class='ocr_carea' id='block_1_4' title="bbox 431 455 2027 538">
    <p class='ocr_par' dir='ltr' id='par_1_4' title="bbox 431 460 2001 538">
     <span class='ocr_line' id='line_1_4' title="bbox 431 460 2001 538; baseline -0.008 -14"><span class='ocrx_word' id='word_1_6' title='bbox 431 471 572 524; x_wconf 85' lang='lat' dir='ltr'>XIV.</span> <span class='ocrx_word' id='word_1_7' title='bbox 606 471 793 538; x_wconf 87' lang='lat' dir='ltr'>Atque</span> <span class='ocrx_word' id='word_1_8' title='bbox 832 467 952 521; x_wconf 69' lang='lat' dir='ltr'>haec</span> <span class='ocrx_word' id='word_1_9' title='bbox 982 464 1221 536; x_wconf 85' lang='lat' dir='ltr'>quidem</span> <span class='ocrx_word' id='word_1_10' title='bbox 1258 462 1359 531; x_wconf 85' lang='lat' dir='ltr'>illi,</span> <span class='ocrx_word' id='word_1_11' title='bbox 1394 461 1696 531; x_wconf 83' lang='lat' dir='ltr'>multoque</span> <span class='ocrx_word' id='word_1_12' title='bbox 1728 460 1841 530; x_wconf 80' lang='lat' dir='ltr'>his,</span> <span class='ocrx_word' id='word_1_13' title='bbox 1877 478 2001 531; x_wconf 60' lang='lat' dir='ltr'>qua:</span> 
     </span>
    </p>
   </div>
   <div class='ocr_carea' id='block_1_5' title="bbox 2144 455 3767 538">
    <p class='ocr_par' dir='ltr' id='par_1_5' title="bbox 2191 455 3767 532">
     <span class='ocr_line' id='line_1_5' title="bbox 2191 455 3767 532; baseline -0.001 -21"><span class='ocrx_word' id='word_1_14' title='bbox 2191 460 2284 515; x_wconf 65' lang='grc' dir='ltr'>Μ’.</span> <span class='ocrx_word' id='word_1_15' title='bbox 2321 457 2479 512; x_wconf 76' lang='grc' dir='ltr'>Οὗτοι</span> <span class='ocrx_word' id='word_1_16' title='bbox 2533 461 2624 529; x_wconf 77' lang='grc' dir='ltr'>μὲν</span> <span class='ocrx_word' id='word_1_17' title='bbox 2681 459 2771 511; x_wconf 77' lang='grc' dir='ltr'>οὖν</span> <span class='ocrx_word' id='word_1_18' title='bbox 2823 462 3008 524; x_wconf 71' lang='grc' dir='ltr'>ταῦτα,</span> <span class='ocrx_word' id='word_1_19' title='bbox 3058 457 3147 512; x_wconf 81' lang='grc' dir='ltr'>καὶ</span> <span class='ocrx_word' id='word_1_20' title='bbox 3197 455 3394 528; x_wconf 85' lang='grc' dir='ltr'>πολλῷ</span> <span class='ocrx_word' id='word_1_21' title='bbox 3422 478 3482 532; x_wconf 89' lang='grc' dir='ltr'>γε</span> <span class='ocrx_word' id='word_1_22' title='bbox 3512 459 3584 511; x_wconf 82' lang='grc' dir='ltr'>ὧν</span> <span class='ocrx_word' id='word_1_23' title='bbox 3619 457 3767 512; x_wconf 81' lang='grc' dir='ltr'>εἷπον</span> 
     </span>
    </p>
   </div>
   <div class='ocr_carea' id='block_1_6' title="bbox 359 550 2006 626">
    <p class='ocr_par' dir='ltr' id='par_1_6' title="bbox 359 550 2006 626">
     <span class='ocr_line' id='line_1_6' title="bbox 359 550 2006 626; baseline -0.008 -12"><span class='ocrx_word' id='word_1_24' title='bbox 359 559 635 623; x_wconf 81' lang='lat' dir='ltr'>diximus,</span> <span class='ocrx_word' id='word_1_25' title='bbox 669 556 972 612; x_wconf 74' lang='lat' dir='ltr'>miseriore.</span> <span class='ocrx_word' id='word_1_26' title='bbox 1015 553 1334 626; x_wconf 85' lang='lat' dir='ltr'>perferunt,</span> <span class='ocrx_word' id='word_1_27' title='bbox 1381 550 1491 616; x_wconf 87' lang='lat' dir='ltr'>illi,</span> <span class='ocrx_word' id='word_1_28' title='bbox 1525 551 1789 620; x_wconf 85' lang='lat' dir='ltr'>inquam,</span> <span class='ocrx_word' id='word_1_29' title='bbox 1823 550 2006 604; x_wconf 82' lang='lat' dir='ltr'>nostri</span> 
     </span>
    </p>
   </div>
   <div class='ocr_carea' id='block_1_7' title="bbox 359 639 2007 709">
    <p class='ocr_par' dir='ltr' id='par_1_7' title="bbox 359 639 2007 709">
     <span class='ocr_line' id='line_1_7' title="bbox 359 639 2007 709; baseline -0.007 -6"><span class='ocrx_word' id='word_1_30' title='bbox 359 647 684 704; x_wconf 88' lang='lat' dir='ltr'>secundum</span> <span class='ocrx_word' id='word_1_31' title='bbox 715 645 898 700; x_wconf 91' lang='lat' dir='ltr'>Deum</span> <span class='ocrx_word' id='word_1_32' title='bbox 932 645 1160 709; x_wconf 79' lang='lat' dir='ltr'>fratres,</span> <span class='ocrx_word' id='word_1_33' title='bbox 1193 640 1425 696; x_wconf 85' lang='lat' dir='ltr'>etiamsi</span> <span class='ocrx_word' id='word_1_34' title='bbox 1465 639 1685 708; x_wconf 87' lang='lat' dir='ltr'>nolitis,</span> <span class='ocrx_word' id='word_1_35' title='bbox 1719 639 1819 709; x_wconf 88' lang='lat' dir='ltr'>qui</span> <span class='ocrx_word' id='word_1_36' title='bbox 1851 655 2007 693; x_wconf 88' lang='lat' dir='ltr'>eam-</span> 
     </span>
    </p>
   </div>
   <div class='ocr_carea' id='block_1_8' title="bbox 360 727 2008 798">
    <p class='ocr_par' dir='ltr' id='par_1_8' title="bbox 360 727 2008 798">
     <span class='ocr_line' id='line_1_8' title="bbox 360 727 2008 798; baseline -0.007 -7"><span class='ocrx_word' id='word_1_37' title='bbox 360 736 494 791; x_wconf 86' lang='lat' dir='ltr'>dem</span> <span class='ocrx_word' id='word_1_38' title='bbox 526 733 834 790; x_wconf 89' lang='lat' dir='ltr'>nobiscum</span> <span class='ocrx_word' id='word_1_39' title='bbox 859 735 1130 787; x_wconf 84' lang='lat' dir='ltr'>naturam</span> <span class='ocrx_word' id='word_1_40' title='bbox 1154 729 1307 784; x_wconf 92' lang='lat' dir='ltr'>nacti</span> <span class='ocrx_word' id='word_1_41' title='bbox 1333 734 1492 793; x_wconf 85' lang='lat' dir='ltr'>sunt,</span> <span class='ocrx_word' id='word_1_42' title='bbox 1522 733 1698 798; x_wconf 88' lang='lat' dir='ltr'>atque</span> <span class='ocrx_word' id='word_1_43' title='bbox 1719 744 1786 782; x_wconf 83' lang='lat' dir='ltr'>ex</span> <span class='ocrx_word' id='word_1_44' title='bbox 1806 727 2008 782; x_wconf 89' lang='lat' dir='ltr'>eodem</span> 
     </span>
    </p>
   </div>
   <div class='ocr_carea' id='block_1_9' title="bbox 358 817 2011 893">
    <p class='ocr_par' dir='ltr' id='par_1_9' title="bbox 358 817 2011 893">
     <span class='ocr_line' id='line_1_9' title="bbox 358 817 2011 893; baseline -0.007 -12"><span class='ocrx_word' id='word_1_45' title='bbox 358 823 484 881; x_wconf 90' lang='lat' dir='ltr'>luto</span> <span class='ocrx_word' id='word_1_46' title='bbox 515 822 770 890; x_wconf 72' lang='lat' dir='ltr'>formati,</span> <span class='ocrx_word' id='word_1_47' title='bbox 804 839 873 878; x_wconf 82' lang='lat' dir='ltr'>ex</span> <span class='ocrx_word' id='word_1_48' title='bbox 901 837 1017 893; x_wconf 93' lang='lat' dir='ltr'>quo</span> <span class='ocrx_word' id='word_1_49' title='bbox 1058 837 1164 875; x_wconf 88' lang='lat' dir='ltr'>nos</span> <span class='ocrx_word' id='word_1_50' title='bbox 1195 819 1448 891; x_wconf 90' lang='lat' dir='ltr'>primum</span> <span class='ocrx_word' id='word_1_51' title='bbox 1485 817 1662 872; x_wconf 77' lang='lat' dir='ltr'>creati</span> <span class='ocrx_word' id='word_1_52' title='bbox 1692 833 1920 882; x_wconf 90' lang='lat' dir='ltr'>sumus,</span> <span class='ocrx_word' id='word_1_53' title='bbox 1956 821 2011 870; x_wconf 90' lang='lat' dir='ltr'>et</span> 
     </span>
    </p>
   </div>
   <div class='ocr_carea' id='block_1_10' title="bbox 362 904 2010 986">
    <p class='ocr_par' dir='ltr' id='par_1_10' title="bbox 362 904 2010 986">
     <span class='ocr_line' id='line_1_10' title="bbox 362 904 2010 986; baseline -0.007 -18"><span class='ocrx_word' id='word_1_54' title='bbox 362 913 463 986; x_wconf 89' lang='lat' dir='ltr'>qui</span> <span class='ocrx_word' id='word_1_55' title='bbox 497 913 688 969; x_wconf 80' lang='lat' dir='ltr'>nervis</span> <span class='ocrx_word' id='word_1_56' title='bbox 719 917 892 983; x_wconf 86' lang='lat' dir='ltr'>atque</span> <span class='ocrx_word' id='word_1_57' title='bbox 923 910 1158 965; x_wconf 88' lang='lat' dir='ltr'>ossibus</span> <span class='ocrx_word' id='word_1_58' title='bbox 1197 908 1435 978; x_wconf 83' lang='lat' dir='ltr'>perinde</span> <span class='ocrx_word' id='word_1_59' title='bbox 1467 923 1532 961; x_wconf 91' lang='lat' dir='ltr'>ac</span> <span class='ocrx_word' id='word_1_60' title='bbox 1566 923 1671 961; x_wconf 92' lang='lat' dir='ltr'>nos</span> <span class='ocrx_word' id='word_1_61' title='bbox 1701 904 2010 975; x_wconf 83' lang='lat' dir='ltr'>compacti,</span> 
     </span>
    </p>
   </div>
   <div class='ocr_carea' id='block_1_11' title="bbox 363 990 2010 1074">
    <p class='ocr_par' dir='ltr' id='par_1_11' title="bbox 363 990 2010 1074">
     <span class='ocr_line' id='line_1_11' title="bbox 363 990 2010 1074; baseline -0.009 -17"><span class='ocrx_word' id='word_1_62' title='bbox 363 1002 462 1074; x_wconf 91' lang='lat' dir='ltr'>qui</span> <span class='ocrx_word' id='word_1_63' title='bbox 494 1000 748 1073; x_wconf 85' lang='lat' dir='ltr'>pellibus</span> <span class='ocrx_word' id='word_1_64' title='bbox 769 1005 826 1054; x_wconf 89' lang='lat' dir='ltr'>et</span> <span class='ocrx_word' id='word_1_65' title='bbox 845 1013 1017 1053; x_wconf 82' lang='lat' dir='ltr'>carne</span> <span class='ocrx_word' id='word_1_66' title='bbox 1043 1012 1208 1068; x_wconf 69' lang='lat' dir='ltr'>eaque</span> <span class='ocrx_word' id='word_1_67' title='bbox 1237 1011 1303 1050; x_wconf 89' lang='lat' dir='ltr'>ac</span> <span class='ocrx_word' id='word_1_68' title='bbox 1337 993 1543 1064; x_wconf 85' lang='lat' dir='ltr'>reliqui</span> <span class='ocrx_word' id='word_1_69' title='bbox 1571 1009 1774 1048; x_wconf 87' lang='lat' dir='ltr'>omnes</span> <span class='ocrx_word' id='word_1_70' title='bbox 1799 990 2010 1059; x_wconf 89' lang='lat' dir='ltr'>induti,</span> 
     </span>
    </p>
   </div>
   <div class='ocr_carea' id='block_1_12' title="bbox 361 1081 2013 1162">
    <p class='ocr_par' dir='ltr' id='par_1_12' title="bbox 361 1081 2013 1162">
     <span class='ocr_line' id='line_1_12' title="bbox 361 1081 2013 1162; baseline -0.008 -15"><span class='ocrx_word' id='word_1_71' title='bbox 361 1090 519 1147; x_wconf 87' lang='lat' dir='ltr'>velut</span> <span class='ocrx_word' id='word_1_72' title='bbox 549 1089 804 1162; x_wconf 88' lang='lat' dir='ltr'>quodam</span> <span class='ocrx_word' id='word_1_73' title='bbox 839 1087 965 1142; x_wconf 89' lang='lat' dir='ltr'>loco</span> <span class='ocrx_word' id='word_1_74' title='bbox 997 1086 1078 1141; x_wconf 92' lang='lat' dir='ltr'>ait</span> <span class='ocrx_word' id='word_1_75' title='bbox 1123 1086 1293 1139; x_wconf 88' lang='lat' dir='ltr'>divus</span> <span class='ocrx_word' id='word_1_76' title='bbox 1323 1083 1453 1151; x_wconf 90' lang='lat' dir='ltr'>Job,</span> <span class='ocrx_word' id='word_1_77' title='bbox 1488 1084 1546 1137; x_wconf 92' lang='lat' dir='ltr'>in</span> <span class='ocrx_word' id='word_1_78' title='bbox 1578 1081 2013 1136; x_wconf 80' lang='lat' dir='ltr'>calamitatibus</span> 
     </span>
    </p>
   </div>
   <div class='ocr_carea' id='block_1_13' title="bbox 361 1169 2010 1253">
    <p class='ocr_par' dir='ltr' id='par_1_13' title="bbox 361 1169 2010 1253">
     <span class='ocr_line' id='line_1_13' title="bbox 361 1169 2010 1253; baseline -0.008 -18"><span class='ocrx_word' id='word_1_79' title='bbox 361 1179 806 1253; x_wconf 88' lang='lat' dir='ltr'>philosophans,</span> <span class='ocrx_word' id='word_1_80' title='bbox 841 1181 1010 1247; x_wconf 84' lang='lat' dir='ltr'>atque</span> <span class='ocrx_word' id='word_1_81' title='bbox 1052 1190 1180 1230; x_wconf 88' lang='lat' dir='ltr'>eam</span> <span class='ocrx_word' id='word_1_82' title='bbox 1233 1171 1414 1228; x_wconf 84' lang='lat' dir='ltr'>nostri</span> <span class='ocrx_word' id='word_1_83' title='bbox 1464 1177 1713 1243; x_wconf 88' lang='lat' dir='ltr'>partem,</span> <span class='ocrx_word' id='word_1_84' title='bbox 1768 1186 1895 1240; x_wconf 71' lang='lat' dir='ltr'>quae</span> <span class='ocrx_word' id='word_1_85' title='bbox 1953 1169 2010 1222; x_wconf 92' lang='lat' dir='ltr'>in</span> 
     </span>
    </p>
   </div>
   <div class='ocr_carea' id='block_1_14' title="bbox 361 1259 2011 1342">
    <p class='ocr_par' dir='ltr' id='par_1_14' title="bbox 361 1259 2011 1342">
     <span class='ocr_line' id='line_1_14' title="bbox 361 1259 2011 1342; baseline -0.008 -16"><span class='ocrx_word' id='word_1_86' title='bbox 361 1272 665 1342; x_wconf 81' lang='lat' dir='ltr'>aspectum</span> <span class='ocrx_word' id='word_1_87' title='bbox 687 1266 864 1332; x_wconf 87' lang='lat' dir='ltr'>cadit,</span> <span class='ocrx_word' id='word_1_88' title='bbox 879 1265 1113 1320; x_wconf 89' lang='lat' dir='ltr'>elevans</span> <span class='ocrx_word' id='word_1_89' title='bbox 1135 1279 1200 1318; x_wconf 87' lang='lat' dir='ltr'>ac</span> <span class='ocrx_word' id='word_1_90' title='bbox 1225 1263 1550 1334; x_wconf 84' lang='lat' dir='ltr'>despuens;</span> <span class='ocrx_word' id='word_1_91' title='bbox 1577 1261 1796 1332; x_wconf 85' lang='lat' dir='ltr'>quique</span> <span class='ocrx_word' id='word_1_92' title='bbox 1812 1259 2011 1325; x_wconf 88' lang='lat' dir='ltr'>etiam,</span> 
     </span>
    </p>
   </div>
   <div class='ocr_carea' id='block_1_15' title="bbox 361 1347 2013 1429">
    <p class='ocr_par' dir='ltr' id='par_1_15' title="bbox 361 1347 2013 1429">
     <span class='ocr_line' id='line_1_15' title="bbox 361 1347 2013 1429; baseline -0.008 -15"><span class='ocrx_word' id='word_1_93' title='bbox 361 1363 426 1414; x_wconf 89' lang='lat' dir='ltr'>ut</span> <span class='ocrx_word' id='word_1_94' title='bbox 456 1357 680 1429; x_wconf 87' lang='lat' dir='ltr'>majora</span> <span class='ocrx_word' id='word_1_95' title='bbox 709 1355 923 1421; x_wconf 87' lang='lat' dir='ltr'>dicam,</span> <span class='ocrx_word' id='word_1_96' title='bbox 958 1351 1277 1423; x_wconf 82' lang='lat' dir='ltr'>imaginem</span> <span class='ocrx_word' id='word_1_97' title='bbox 1324 1349 1605 1417; x_wconf 87' lang='lat' dir='ltr'>divinam,</span> <span class='ocrx_word' id='word_1_98' title='bbox 1659 1347 1898 1419; x_wconf 89' lang='lat' dir='ltr'>perinde</span> <span class='ocrx_word' id='word_1_99' title='bbox 1948 1361 2013 1400; x_wconf 87' lang='lat' dir='ltr'>ac</span> 
     </span>
    </p>
   </div>
   <div class='ocr_carea' id='block_1_16' title="bbox 360 1440 2012 1517">
    <p class='ocr_par' dir='ltr' id='par_1_16' title="bbox 360 1440 2012 1517">
     <span class='ocr_line' id='line_1_16' title="bbox 360 1440 2012 1517; baseline -0.009 -13"><span class='ocrx_word' id='word_1_100' title='bbox 360 1464 490 1515; x_wconf 90' lang='lat' dir='ltr'>nos,</span> <span class='ocrx_word' id='word_1_101' title='bbox 522 1446 896 1517; x_wconf 86' lang='lat' dir='ltr'>acceperunt,</span> <span class='ocrx_word' id='word_1_102' title='bbox 948 1440 1282 1512; x_wconf 88' lang='lat' dir='ltr'>meliusque</span> <span class='ocrx_word' id='word_1_103' title='bbox 1339 1440 1606 1504; x_wconf 82' lang='lat' dir='ltr'>fortasse,</span> <span class='ocrx_word' id='word_1_104' title='bbox 1657 1454 1834 1501; x_wconf 86' lang='lat' dir='ltr'>quam</span> <span class='ocrx_word' id='word_1_105' title='bbox 1885 1452 2012 1500; x_wconf 89' lang='lat' dir='ltr'>nos,</span> 
     </span>
    </p>
   </div>
   <div class='ocr_carea' id='block_1_17' title="bbox 360 1525 2011 1604">
    <p class='ocr_par' dir='ltr' id='par_1_17' title="bbox 360 1525 2011 1604">
     <span class='ocr_line' id='line_1_17' title="bbox 360 1525 2011 1604; baseline -0.007 -14"><span class='ocrx_word' id='word_1_106' title='bbox 360 1539 601 1592; x_wconf 86' lang='lat' dir='ltr'>tuentur</span> <span class='ocrx_word' id='word_1_107' title='bbox 635 1537 810 1604; x_wconf 90' lang='lat' dir='ltr'>atque</span> <span class='ocrx_word' id='word_1_108' title='bbox 842 1533 1208 1599; x_wconf 87' lang='lat' dir='ltr'>conservant,</span> <span class='ocrx_word' id='word_1_109' title='bbox 1241 1528 1473 1584; x_wconf 89' lang='lat' dir='ltr'>etiamsi</span> <span class='ocrx_word' id='word_1_110' title='bbox 1508 1526 1728 1598; x_wconf 86' lang='lat' dir='ltr'>alioqui</span> <span class='ocrx_word' id='word_1_111' title='bbox 1757 1525 2011 1596; x_wconf 89' lang='lat' dir='ltr'>corpori-</span> 
     </span>
    </p>
   </div>
   <div class='ocr_carea' id='block_1_18' title="bbox 362 1615 2011 1691">
    <p class='ocr_par' dir='ltr' id='par_1_18' title="bbox 362 1615 2011 1691">
     <span class='ocr_line' id='line_1_18' title="bbox 362 1615 2011 1691; baseline -0.008 -9"><span class='ocrx_word' id='word_1_112' title='bbox 362 1626 476 1682; x_wconf 88' lang='lat' dir='ltr'>bus</span> <span class='ocrx_word' id='word_1_113' title='bbox 505 1621 833 1680; x_wconf 84' lang='lat' dir='ltr'>labefactati</span> <span class='ocrx_word' id='word_1_114' title='bbox 865 1624 1041 1691; x_wconf 86' lang='lat' dir='ltr'>atque</span> <span class='ocrx_word' id='word_1_115' title='bbox 1080 1619 1336 1690; x_wconf 82' lang='lat' dir='ltr'>corrupti</span> <span class='ocrx_word' id='word_1_116' title='bbox 1381 1617 1541 1684; x_wconf 82' lang='lat' dir='ltr'>sint;</span> <span class='ocrx_word' id='word_1_117' title='bbox 1599 1615 1692 1686; x_wconf 90' lang='lat' dir='ltr'>qui</span> <span class='ocrx_word' id='word_1_118' title='bbox 1743 1616 2011 1670; x_wconf 89' lang='lat' dir='ltr'>eumdem</span> 
     </span>
    </p>
   </div>
   <div class='ocr_carea' id='block_1_19' title="bbox 364 1704 2008 1771">
    <p class='ocr_par' dir='ltr' id='par_1_19' title="bbox 364 1704 2008 1771">
     <span class='ocr_line' id='line_1_19' title="bbox 364 1704 2008 1771; baseline -0.009 0"><span class='ocrx_word' id='word_1_119' title='bbox 364 1714 660 1771; x_wconf 88' lang='lat' dir='ltr'>Christum</span> <span class='ocrx_word' id='word_1_120' title='bbox 683 1711 1010 1768; x_wconf 89' lang='lat' dir='ltr'>secundum</span> <span class='ocrx_word' id='word_1_121' title='bbox 1032 1707 1330 1763; x_wconf 91' lang='lat' dir='ltr'>internum</span> <span class='ocrx_word' id='word_1_122' title='bbox 1354 1705 1649 1761; x_wconf 89' lang='lat' dir='ltr'>hominem</span> <span class='ocrx_word' id='word_1_123' title='bbox 1671 1704 2008 1769; x_wconf 90' lang='lat' dir='ltr'>induerunt,</span> 
     </span>
    </p>
   </div>
   <div class='ocr_carea' id='block_1_20' title="bbox 367 1793 2011 1875">
    <p class='ocr_par' dir='ltr' id='par_1_20' title="bbox 367 1793 2011 1875">
     <span class='ocr_line' id='line_1_20' title="bbox 367 1793 2011 1875; baseline -0.009 -16"><span class='ocrx_word' id='word_1_124' title='bbox 367 1812 540 1875; x_wconf 86' lang='lat' dir='ltr'>atque</span> <span class='ocrx_word' id='word_1_125' title='bbox 580 1801 736 1856; x_wconf 88' lang='lat' dir='ltr'>idem</span> <span class='ocrx_word' id='word_1_126' title='bbox 769 1797 1022 1870; x_wconf 89' lang='lat' dir='ltr'>Spiritus</span> <span class='ocrx_word' id='word_1_127' title='bbox 1071 1796 1281 1868; x_wconf 90' lang='lat' dir='ltr'>pignus</span> <span class='ocrx_word' id='word_1_128' title='bbox 1313 1795 1448 1850; x_wconf 83' lang='lat' dir='ltr'>ﬁdei</span> <span class='ocrx_word' id='word_1_129' title='bbox 1479 1811 1596 1849; x_wconf 62' lang='lat' dir='ltr'>suae</span> <span class='ocrx_word' id='word_1_130' title='bbox 1628 1793 2011 1848; x_wconf 88' lang='lat' dir='ltr'>commissum</span> 
     </span>
    </p>
   </div>
   <div class='ocr_carea' id='block_1_21' title="bbox 367 1884 2017 1960">
    <p class='ocr_par' dir='ltr' id='par_1_21' title="bbox 367 1884 2017 1960">
     <span class='ocr_line' id='line_1_21' title="bbox 367 1884 2017 1960; baseline -0.008 -12"><span class='ocrx_word' id='word_1_131' title='bbox 367 1893 622 1948; x_wconf 86' lang='lat' dir='ltr'>habent:</span> <span class='ocrx_word' id='word_1_132' title='bbox 659 1888 761 1960; x_wconf 93' lang='lat' dir='ltr'>qui</span> <span class='ocrx_word' id='word_1_133' title='bbox 784 1887 1092 1942; x_wconf 88' lang='lat' dir='ltr'>nobiscum</span> <span class='ocrx_word' id='word_1_134' title='bbox 1123 1884 1436 1956; x_wconf 83' lang='lat' dir='ltr'>participes</span> <span class='ocrx_word' id='word_1_135' title='bbox 1459 1884 1596 1938; x_wconf 85' lang='lat' dir='ltr'>facti</span> <span class='ocrx_word' id='word_1_136' title='bbox 1630 1888 1769 1936; x_wconf 90' lang='lat' dir='ltr'>sunt</span> <span class='ocrx_word' id='word_1_137' title='bbox 1790 1898 2017 1936; x_wconf 89' lang='lat' dir='ltr'>earum-</span> 
     </span>
    </p>
   </div>
   <div class='ocr_carea' id='block_1_22' title="bbox 367 1973 2012 2051">
    <p class='ocr_par' dir='ltr' id='par_1_22' title="bbox 367 1973 2012 2051">
     <span class='ocr_line' id='line_1_22' title="bbox 367 1973 2012 2051; baseline -0.007 -15"><span class='ocrx_word' id='word_1_138' title='bbox 367 1983 502 2037; x_wconf 89' lang='lat' dir='ltr'>dem</span> <span class='ocrx_word' id='word_1_139' title='bbox 563 1979 783 2051; x_wconf 88' lang='lat' dir='ltr'>legum,</span> <span class='ocrx_word' id='word_1_140' title='bbox 841 1977 1182 2032; x_wconf 88' lang='lat' dir='ltr'>eorumdem</span> <span class='ocrx_word' id='word_1_141' title='bbox 1242 1973 1634 2039; x_wconf 90' lang='lat' dir='ltr'>oraculorum,</span> <span class='ocrx_word' id='word_1_142' title='bbox 1694 1977 2012 2026; x_wconf 74' lang='lat' dir='ltr'>testamen-</span> 
     </span>
    </p>
   </div>
   <div class='ocr_carea' id='block_1_23' title="bbox 365 2059 2011 2136">
    <p class='ocr_par' dir='ltr' id='par_1_23' title="bbox 365 2059 2011 2136">
     <span class='ocr_line' id='line_1_23' title="bbox 365 2059 2011 2136; baseline -0.007 -11"><span class='ocrx_word' id='word_1_143' title='bbox 365 2075 582 2135; x_wconf 88' lang='lat' dir='ltr'>torum,</span> <span class='ocrx_word' id='word_1_144' title='bbox 617 2070 1032 2133; x_wconf 90' lang='lat' dir='ltr'>conventuum,</span> <span class='ocrx_word' id='word_1_145' title='bbox 1069 2062 1500 2136; x_wconf 84' lang='lat' dir='ltr'>mysteriorum,</span> <span class='ocrx_word' id='word_1_146' title='bbox 1534 2061 1796 2130; x_wconf 82' lang='lat' dir='ltr'>ejusdem</span> <span class='ocrx_word' id='word_1_147' title='bbox 1840 2059 1963 2130; x_wconf 81' lang='lat' dir='ltr'>spei</span> <span class='ocrx_word' id='word_1_148' title='bbox 1999 2076 2011 2113; x_wconf 93' lang='lat'>:</span> 
     </span>
    </p>
   </div>
   <div class='ocr_carea' id='block_1_24' title="bbox 367 2149 2016 2230">
    <p class='ocr_par' dir='ltr' id='par_1_24' title="bbox 367 2149 2016 2230">
     <span class='ocr_line' id='line_1_24' title="bbox 367 2149 2016 2230; baseline -0.007 -17"><span class='ocrx_word' id='word_1_149' title='bbox 367 2174 470 2230; x_wconf 88' lang='lat' dir='ltr'>pro</span> <span class='ocrx_word' id='word_1_150' title='bbox 536 2155 750 2227; x_wconf 88' lang='lat' dir='ltr'>quibus</span> <span class='ocrx_word' id='word_1_151' title='bbox 807 2153 1096 2221; x_wconf 85' lang='lat' dir='ltr'>Christus,</span> <span class='ocrx_word' id='word_1_152' title='bbox 1157 2152 1257 2222; x_wconf 92' lang='lat' dir='ltr'>qui</span> <span class='ocrx_word' id='word_1_153' title='bbox 1316 2149 1496 2206; x_wconf 87' lang='lat' dir='ltr'>totius</span> <span class='ocrx_word' id='word_1_154' title='bbox 1551 2149 1756 2204; x_wconf 91' lang='lat' dir='ltr'>mundi</span> <span class='ocrx_word' id='word_1_155' title='bbox 1818 2164 2016 2218; x_wconf 80' lang='lat' dir='ltr'>pecca-</span> 
     </span>
    </p>
   </div>
   <div class='ocr_carea' id='block_1_25' title="bbox 365 2236 2017 2313">
    <p class='ocr_par' dir='ltr' id='par_1_25' title="bbox 365 2236 2017 2313">
     <span class='ocr_line' id='line_1_25' title="bbox 365 2236 2017 2313; baseline -0.008 -10"><span class='ocrx_word' id='word_1_156' title='bbox 365 2251 494 2303; x_wconf 90' lang='lat' dir='ltr'>tum</span> <span class='ocrx_word' id='word_1_157' title='bbox 518 2244 670 2302; x_wconf 90' lang='lat' dir='ltr'>tollit</span> <span class='ocrx_word' id='word_1_158' title='bbox 689 2244 754 2311; x_wconf 82' lang='grc'>⁷⁸,</span> <span class='ocrx_word' id='word_1_159' title='bbox 780 2259 941 2313; x_wconf 72' lang='lat' dir='ltr'>caque</span> <span class='ocrx_word' id='word_1_160' title='bbox 965 2245 1207 2296; x_wconf 91' lang='lat' dir='ltr'>mortem</span> <span class='ocrx_word' id='word_1_161' title='bbox 1232 2239 1415 2295; x_wconf 90' lang='lat' dir='ltr'>subiit</span> <span class='ocrx_word' id='word_1_162' title='bbox 1440 2255 1452 2294; x_wconf 89' lang='lat'>:</span> <span class='ocrx_word' id='word_1_163' title='bbox 1489 2239 1589 2310; x_wconf 88' lang='lat' dir='ltr'>qui</span> <span class='ocrx_word' id='word_1_164' title='bbox 1611 2237 1864 2292; x_wconf 80' lang='lat' dir='ltr'>caelestis</span> <span class='ocrx_word' id='word_1_165' title='bbox 1888 2236 2017 2291; x_wconf 82' lang='lat' dir='ltr'>vitae</span> 
     </span>
    </p>
   </div>
   <div class='ocr_carea' id='block_1_26' title="bbox 2118 544 3770 624">
    <p class='ocr_par' dir='ltr' id='par_1_26' title="bbox 2118 544 3770 624">
     <span class='ocr_line' id='line_1_26' title="bbox 2118 544 3770 624; baseline -0.001 -25"><span class='ocrx_word' id='word_1_166' title='bbox 2118 545 2445 622; x_wconf 71' lang='grc' dir='ltr'>ἁθλιώτερω,</span> <span class='ocrx_word' id='word_1_167' title='bbox 2497 548 2547 601; x_wconf 75' lang='grc' dir='ltr'>οἱ</span> <span class='ocrx_word' id='word_1_168' title='bbox 2596 549 2731 601; x_wconf 78' lang='grc' dir='ltr'>κατὰ</span> <span class='ocrx_word' id='word_1_169' title='bbox 2753 547 2882 602; x_wconf 84' lang='grc' dir='ltr'>Θεὸν</span> <span class='ocrx_word' id='word_1_170' title='bbox 2913 549 3072 619; x_wconf 75' lang='grc' dir='ltr'>ἡμῶν</span> <span class='ocrx_word' id='word_1_171' title='bbox 3099 544 3346 624; x_wconf 75' lang='grc' dir='ltr'>ἀδελφοὶ,</span> <span class='ocrx_word' id='word_1_172' title='bbox 3378 544 3474 600; x_wconf 74' lang='grc' dir='ltr'>κᾶν</span> <span class='ocrx_word' id='word_1_173' title='bbox 3522 547 3597 618; x_wconf 79' lang='grc' dir='ltr'>μή</span> <span class='ocrx_word' id='word_1_174' title='bbox 3637 545 3770 618; x_wconf 79' lang='grc' dir='ltr'>βούο</span> 
     </span>
    </p>
   </div>
   <div class='ocr_carea' id='block_1_27' title="bbox 2119 634 3769 712">
    <p class='ocr_par' dir='ltr' id='par_1_27' title="bbox 2119 634 3769 712">
     <span class='ocr_line' id='line_1_27' title="bbox 2119 634 3769 712; baseline -0.001 -22"><span class='ocrx_word' id='word_1_175' title='bbox 2119 634 2307 706; x_wconf 84' lang='grc' dir='ltr'>λησθε,</span> <span class='ocrx_word' id='word_1_176' title='bbox 2343 637 2393 690; x_wconf 71' lang='grc' dir='ltr'>οἳ</span> <span class='ocrx_word' id='word_1_177' title='bbox 2423 638 2520 704; x_wconf 69' lang='grc' dir='ltr'>τὴν</span> <span class='ocrx_word' id='word_1_178' title='bbox 2554 635 2718 704; x_wconf 75' lang='grc' dir='ltr'>αὐτὴν</span> <span class='ocrx_word' id='word_1_179' title='bbox 2752 639 2886 709; x_wconf 79' lang='grc' dir='ltr'>ἡμῖν</span> <span class='ocrx_word' id='word_1_180' title='bbox 2934 634 3198 710; x_wconf 80' lang='grc' dir='ltr'>λαχόντες</span> <span class='ocrx_word' id='word_1_181' title='bbox 3244 636 3419 712; x_wconf 60' lang='grc' dir='ltr'>φύσιν,</span> <span class='ocrx_word' id='word_1_182' title='bbox 3454 636 3504 689; x_wconf 76' lang='grc' dir='ltr'>οἱ</span> <span class='ocrx_word' id='word_1_183' title='bbox 3557 635 3617 689; x_wconf 71' lang='grc' dir='ltr'>ἐκ</span> <span class='ocrx_word' id='word_1_184' title='bbox 3674 639 3769 689; x_wconf 73' lang='grc' dir='ltr'>τοῦ</span> 
     </span>
    </p>
   </div>
   <div class='ocr_carea' id='block_1_28' title="bbox 2125 722 3768 800">
    <p class='ocr_par' dir='ltr' id='par_1_28' title="bbox 2125 722 3768 800">
     <span class='ocr_line' id='line_1_28' title="bbox 2125 722 3768 800; baseline 0.001 -23"><span class='ocrx_word' id='word_1_185' title='bbox 2125 724 2289 778; x_wconf 78' lang='grc' dir='ltr'>αὐτοῦ</span> <span class='ocrx_word' id='word_1_186' title='bbox 2320 723 2504 793; x_wconf 82' lang='grc' dir='ltr'>πηλοῦ</span> <span class='ocrx_word' id='word_1_187' title='bbox 2534 722 2932 800; x_wconf 79' lang='grc' dir='ltr'>διηρτισμένοι,</span> <span class='ocrx_word' id='word_1_188' title='bbox 2967 724 3016 798; x_wconf 79' lang='grc' dir='ltr'>ἐξ</span> <span class='ocrx_word' id='word_1_189' title='bbox 3045 725 3106 778; x_wconf 79' lang='grc' dir='ltr'>οὗ</span> <span class='ocrx_word' id='word_1_190' title='bbox 3152 726 3214 779; x_wconf 86' lang='grc' dir='ltr'>τὸ</span> <span class='ocrx_word' id='word_1_191' title='bbox 3263 730 3477 800; x_wconf 87' lang='grc' dir='ltr'>πρῶτον</span> <span class='ocrx_word' id='word_1_192' title='bbox 3537 724 3768 798; x_wconf 80' lang='grc' dir='ltr'>γεγόνα-</span> 
     </span>
    </p>
   </div>
   <div class='ocr_carea' id='block_1_29' title="bbox 2125 813 3768 888">
    <p class='ocr_par' dir='ltr' id='par_1_29' title="bbox 2125 813 3768 888">
     <span class='ocr_line' id='line_1_29' title="bbox 2125 813 3768 888; baseline 0.001 -22"><span class='ocrx_word' id='word_1_193' title='bbox 2125 834 2217 885; x_wconf 90' lang='grc' dir='ltr'>μεν</span> <span class='ocrx_word' id='word_1_194' title='bbox 2253 814 2324 880; x_wconf 71' lang='grc' dir='ltr'>οἱ,</span> <span class='ocrx_word' id='word_1_195' title='bbox 2358 813 2564 888; x_wconf 78' lang='grc' dir='ltr'>νεύροίς</span> <span class='ocrx_word' id='word_1_196' title='bbox 2595 815 2685 868; x_wconf 80' lang='grc' dir='ltr'>καὶ</span> <span class='ocrx_word' id='word_1_197' title='bbox 2718 813 2926 875; x_wconf 80' lang='grc' dir='ltr'>ὀστέοις</span> <span class='ocrx_word' id='word_1_198' title='bbox 2958 814 3257 888; x_wconf 82' lang='grc' dir='ltr'>ἐνειρμένοι</span> <span class='ocrx_word' id='word_1_199' title='bbox 3306 817 3416 885; x_wconf 89' lang='grc'>(18)</span> <span class='ocrx_word' id='word_1_200' title='bbox 3472 813 3768 887; x_wconf 83' lang='grc' dir='ltr'>παραπλη-</span> 
     </span>
    </p>
   </div>
   <div class='ocr_carea' id='block_1_30' title="bbox 2123 899 3765 978">
    <p class='ocr_par' dir='ltr' id='par_1_30' title="bbox 2123 899 3765 978">
     <span class='ocr_line' id='line_1_30' title="bbox 2123 899 3765 978; baseline 0 -24"><span class='ocrx_word' id='word_1_201' title='bbox 2123 901 2251 962; x_wconf 88' lang='grc' dir='ltr'>σίως</span> <span class='ocrx_word' id='word_1_202' title='bbox 2309 905 2464 974; x_wconf 77' lang='grc' dir='ltr'>ἡμῖν,</span> <span class='ocrx_word' id='word_1_203' title='bbox 2525 904 2576 956; x_wconf 78' lang='grc' dir='ltr'>οἱ</span> <span class='ocrx_word' id='word_1_204' title='bbox 2637 901 2808 977; x_wconf 86' lang='grc' dir='ltr'>δέρμα</span> <span class='ocrx_word' id='word_1_205' title='bbox 2861 902 2949 956; x_wconf 86' lang='grc' dir='ltr'>καὶ</span> <span class='ocrx_word' id='word_1_206' title='bbox 2998 902 3158 978; x_wconf 85' lang='grc' dir='ltr'>κρέας</span> <span class='ocrx_word' id='word_1_207' title='bbox 3206 899 3549 974; x_wconf 67' lang='grc' dir='ltr'>ἐνδεδυμένοι</span> <span class='ocrx_word' id='word_1_208' title='bbox 3607 908 3765 956; x_wconf 80' lang='grc' dir='ltr'>πᾶσιν</span> 
     </span>
    </p>
   </div>
   <div class='ocr_carea' id='block_1_31' title="bbox 2123 987 3767 1069">
    <p class='ocr_par' dir='ltr' id='par_1_31' title="bbox 2123 987 3767 1069">
     <span class='ocr_line' id='line_1_31' title="bbox 2123 987 3767 1069; baseline 0.001 -26"><span class='ocrx_word' id='word_1_209' title='bbox 2123 990 2352 1062; x_wconf 69' lang='grc' dir='ltr'>ὁμοίως,</span> <span class='ocrx_word' id='word_1_210' title='bbox 2389 991 2463 1052; x_wconf 84' lang='grc' dir='ltr'>ὥς</span> <span class='ocrx_word' id='word_1_211' title='bbox 2495 993 2599 1045; x_wconf 68' lang='grc' dir='ltr'>που</span> <span class='ocrx_word' id='word_1_212' title='bbox 2632 1013 2791 1069; x_wconf 71' lang='grc' dir='ltr'>φησιν</span> <span class='ocrx_word' id='word_1_213' title='bbox 2826 993 2852 1045; x_wconf 87' lang='grc' dir='ltr'>ὁ</span> <span class='ocrx_word' id='word_1_214' title='bbox 2883 993 3025 1052; x_wconf 86' lang='grc' dir='ltr'>θεῖος</span> <span class='ocrx_word' id='word_1_215' title='bbox 3059 987 3182 1045; x_wconf 76' lang='grc' dir='ltr'>Ἰὼϐ</span> <span class='ocrx_word' id='word_1_216' title='bbox 3231 989 3614 1068; x_wconf 75' lang='grc' dir='ltr'>έμφιλοσοφῶν</span> <span class='ocrx_word' id='word_1_217' title='bbox 3652 997 3767 1053; x_wconf 88' lang='grc' dir='ltr'>τοῖς</span> 
     </span>
    </p>
   </div>
   <div class='ocr_carea' id='block_1_32' title="bbox 2123 1078 3762 1156">
    <p class='ocr_par' dir='ltr' id='par_1_32' title="bbox 2123 1078 3762 1156">
     <span class='ocr_line' id='line_1_32' title="bbox 2123 1078 3762 1156; baseline 0.001 -24"><span class='ocrx_word' id='word_1_218' title='bbox 2123 1079 2334 1151; x_wconf 82' lang='grc' dir='ltr'>πάθεσι,</span> <span class='ocrx_word' id='word_1_219' title='bbox 2420 1080 2508 1134; x_wconf 79' lang='grc' dir='ltr'>καὶ</span> <span class='ocrx_word' id='word_1_220' title='bbox 2583 1078 2854 1134; x_wconf 77' lang='grc' dir='ltr'>διαπτύων</span> <span class='ocrx_word' id='word_1_221' title='bbox 2911 1083 3070 1153; x_wconf 77' lang='grc' dir='ltr'>ἡμῶν</span> <span class='ocrx_word' id='word_1_222' title='bbox 3128 1083 3244 1152; x_wconf 75' lang='grc'>(19)</span> <span class='ocrx_word' id='word_1_223' title='bbox 3301 1080 3361 1134; x_wconf 79' lang='grc' dir='ltr'>τὸ</span> <span class='ocrx_word' id='word_1_224' title='bbox 3419 1080 3762 1156; x_wconf 76' lang='grc' dir='ltr'>φαινόμενον·</span> 
     </span>
    </p>
   </div>
   <div class='ocr_carea' id='block_1_33' title="bbox 2128 1166 3770 1244">
    <p class='ocr_par' dir='ltr' id='par_1_33' title="bbox 2128 1166 3770 1244">
     <span class='ocr_line' id='line_1_33' title="bbox 2128 1166 3770 1244; baseline 0.001 -22"><span class='ocrx_word' id='word_1_225' title='bbox 2128 1166 2338 1240; x_wconf 83' lang='grc' dir='ltr'>μᾶλλον</span> <span class='ocrx_word' id='word_1_226' title='bbox 2383 1166 2458 1238; x_wconf 71' lang='grc' dir='ltr'>δὲ,</span> <span class='ocrx_word' id='word_1_227' title='bbox 2493 1169 2537 1223; x_wconf 90' lang='grc' dir='ltr'>εἷ</span> <span class='ocrx_word' id='word_1_228' title='bbox 2569 1172 2680 1244; x_wconf 75' lang='grc' dir='ltr'>χρὴ</span> <span class='ocrx_word' id='word_1_229' title='bbox 2711 1170 2772 1224; x_wconf 87' lang='grc' dir='ltr'>τὸ</span> <span class='ocrx_word' id='word_1_230' title='bbox 2808 1175 2991 1242; x_wconf 82' lang='grc' dir='ltr'>μεῖζον</span> <span class='ocrx_word' id='word_1_231' title='bbox 3027 1170 3216 1238; x_wconf 73' lang='grc' dir='ltr'>εἰπεῖν,</span> <span class='ocrx_word' id='word_1_232' title='bbox 3253 1170 3305 1224; x_wconf 73' lang='grc' dir='ltr'>οἱ</span> <span class='ocrx_word' id='word_1_233' title='bbox 3333 1168 3395 1224; x_wconf 81' lang='grc' dir='ltr'>τὸ</span> <span class='ocrx_word' id='word_1_234' title='bbox 3430 1171 3547 1223; x_wconf 87' lang='grc' dir='ltr'>κατ’</span> <span class='ocrx_word' id='word_1_235' title='bbox 3592 1169 3770 1224; x_wconf 77' lang='grc' dir='ltr'>εἰκόνα</span> 
     </span>
    </p>
   </div>
   <div class='ocr_carea' id='block_1_34' title="bbox 2120 1256 3767 1336">
    <p class='ocr_par' dir='ltr' id='par_1_34' title="bbox 2120 1256 3767 1336">
     <span class='ocr_line' id='line_1_34' title="bbox 2120 1256 3767 1336; baseline -0.001 -23"><span class='ocrx_word' id='word_1_236' title='bbox 2120 1258 2233 1330; x_wconf 89' lang='grc'>(20)</span> <span class='ocrx_word' id='word_1_237' title='bbox 2263 1260 2350 1312; x_wconf 81' lang='grc' dir='ltr'>καὶ</span> <span class='ocrx_word' id='word_1_238' title='bbox 2387 1256 2647 1334; x_wconf 83' lang='grc' dir='ltr'>λαχόντες</span> <span class='ocrx_word' id='word_1_239' title='bbox 2686 1258 2895 1331; x_wconf 85' lang='grc' dir='ltr'>ὁμοίως</span> <span class='ocrx_word' id='word_1_240' title='bbox 2930 1261 3086 1331; x_wconf 79' lang='grc' dir='ltr'>ἡμῖν,</span> <span class='ocrx_word' id='word_1_241' title='bbox 3120 1258 3208 1313; x_wconf 87' lang='grc' dir='ltr'>καὶ</span> <span class='ocrx_word' id='word_1_242' title='bbox 3241 1259 3604 1336; x_wconf 76' lang='grc' dir='ltr'>φυλάσσοντες</span> <span class='ocrx_word' id='word_1_243' title='bbox 3637 1257 3767 1321; x_wconf 62' lang='grc' dir='ltr'>ἴσως</span> 
     </span>
    </p>
   </div>
   <div class='ocr_carea' id='block_1_35' title="bbox 2126 1345 3767 1423">
    <p class='ocr_par' dir='ltr' id='par_1_35' title="bbox 2126 1345 3767 1423">
     <span class='ocr_line' id='line_1_35' title="bbox 2126 1345 3767 1423; baseline 0 -23"><span class='ocrx_word' id='word_1_244' title='bbox 2126 1345 2257 1422; x_wconf 76' lang='grc' dir='ltr'>ὑπὲρ</span> <span class='ocrx_word' id='word_1_245' title='bbox 2298 1349 2464 1419; x_wconf 80' lang='grc' dir='ltr'>ἡμᾶς,</span> <span class='ocrx_word' id='word_1_246' title='bbox 2517 1347 2561 1401; x_wconf 76' lang='grc' dir='ltr'>εἰ</span> <span class='ocrx_word' id='word_1_247' title='bbox 2611 1348 2699 1401; x_wconf 83' lang='grc' dir='ltr'>καὶ</span> <span class='ocrx_word' id='word_1_248' title='bbox 2741 1349 2808 1402; x_wconf 82' lang='grc' dir='ltr'>τὰ</span> <span class='ocrx_word' id='word_1_249' title='bbox 2850 1348 3075 1419; x_wconf 84' lang='grc' dir='ltr'>σώματα</span> <span class='ocrx_word' id='word_1_250' title='bbox 3119 1346 3508 1423; x_wconf 78' lang='grc' dir='ltr'>διεφθάρησαν·</span> <span class='ocrx_word' id='word_1_251' title='bbox 3572 1349 3622 1401; x_wconf 71' lang='grc' dir='ltr'>οἱ</span> <span class='ocrx_word' id='word_1_252' title='bbox 3676 1349 3767 1402; x_wconf 85' lang='grc' dir='ltr'>τὸν</span> 
     </span>
    </p>
   </div>
   <div class='ocr_carea' id='block_1_36' title="bbox 2123 1433 3770 1510">
    <p class='ocr_par' dir='ltr' id='par_1_36' title="bbox 2123 1433 3770 1510">
     <span class='ocr_line' id='line_1_36' title="bbox 2123 1433 3770 1510; baseline 0.002 -22"><span class='ocrx_word' id='word_1_253' title='bbox 2123 1434 2282 1489; x_wconf 82' lang='grc' dir='ltr'>αὐτὸν</span> <span class='ocrx_word' id='word_1_254' title='bbox 2338 1433 2676 1508; x_wconf 84' lang='grc' dir='ltr'>ενδεδυμένοι</span> <span class='ocrx_word' id='word_1_255' title='bbox 2738 1437 2965 1510; x_wconf 81' lang='grc' dir='ltr'>Χριστὸν</span> <span class='ocrx_word' id='word_1_256' title='bbox 3020 1439 3153 1491; x_wconf 84' lang='grc' dir='ltr'>κατᾶ</span> <span class='ocrx_word' id='word_1_257' title='bbox 3202 1439 3292 1491; x_wconf 85' lang='grc' dir='ltr'>τὸν</span> <span class='ocrx_word' id='word_1_258' title='bbox 3328 1435 3433 1492; x_wconf 81' lang='grc' dir='ltr'>ἔσω</span> <span class='ocrx_word' id='word_1_259' title='bbox 3465 1435 3770 1510; x_wconf 78' lang='grc' dir='ltr'>ἄνθρωπον.</span> 
     </span>
    </p>
   </div>
   <div class='ocr_carea' id='block_1_37' title="bbox 2122 1521 3774 1601">
    <p class='ocr_par' dir='ltr' id='par_1_37' title="bbox 2122 1521 3774 1601">
     <span class='ocr_line' id='line_1_37' title="bbox 2122 1521 3774 1601; baseline 0.001 -24"><span class='ocrx_word' id='word_1_260' title='bbox 2122 1524 2211 1578; x_wconf 86' lang='grc' dir='ltr'>καὶ</span> <span class='ocrx_word' id='word_1_261' title='bbox 2242 1525 2332 1578; x_wconf 86' lang='grc' dir='ltr'>τὸν</span> <span class='ocrx_word' id='word_1_262' title='bbox 2365 1524 2523 1579; x_wconf 85' lang='grc' dir='ltr'>αὐτὸν</span> <span class='ocrx_word' id='word_1_263' title='bbox 2557 1527 2691 1598; x_wconf 75' lang='grc' dir='ltr'>ἡμῖν</span> <span class='ocrx_word' id='word_1_264' title='bbox 2724 1526 3097 1587; x_wconf 71' lang='grc' dir='ltr'>πιστευθέντες</span> <span class='ocrx_word' id='word_1_265' title='bbox 3138 1521 3423 1601; x_wconf 59' lang='grc' dir='ltr'>ἀρραϐῶνα</span> <span class='ocrx_word' id='word_1_266' title='bbox 3468 1531 3566 1580; x_wconf 81' lang='grc' dir='ltr'>τοῦ</span> <span class='ocrx_word' id='word_1_267' title='bbox 3611 1524 3774 1580; x_wconf 85' lang='grc' dir='ltr'>[1νεῦ-</span> 
     </span>
    </p>
   </div>
   <div class='ocr_carea' id='block_1_38' title="bbox 2127 1609 3776 1690">
    <p class='ocr_par' dir='ltr' id='par_1_38' title="bbox 2127 1609 3776 1690">
     <span class='ocr_line' id='line_1_38' title="bbox 2127 1609 3776 1690; baseline 0.002 -24"><span class='ocrx_word' id='word_1_268' title='bbox 2127 1631 2314 1685; x_wconf 83' lang='grc' dir='ltr'>ματος⁶</span> <span class='ocrx_word' id='word_1_269' title='bbox 2349 1615 2401 1667; x_wconf 75' lang='grc' dir='ltr'>οἱ</span> <span class='ocrx_word' id='word_1_270' title='bbox 2458 1619 2563 1667; x_wconf 92' lang='grc' dir='ltr'>τῶν</span> <span class='ocrx_word' id='word_1_271' title='bbox 2614 1615 2788 1670; x_wconf 81' lang='grc' dir='ltr'>αὐτῶν</span> <span class='ocrx_word' id='word_1_272' title='bbox 2839 1617 2974 1686; x_wconf 74' lang='grc' dir='ltr'>ἡμῖν</span> <span class='ocrx_word' id='word_1_273' title='bbox 3031 1609 3395 1690; x_wconf 80' lang='grc' dir='ltr'>μετασχόντες</span> <span class='ocrx_word' id='word_1_274' title='bbox 3418 1615 3621 1686; x_wconf 85' lang='grc' dir='ltr'>νόμων,</span> <span class='ocrx_word' id='word_1_275' title='bbox 3675 1617 3776 1671; x_wconf 86' lang='grc' dir='ltr'>λο-</span> 
     </span>
    </p>
   </div>
   <div class='ocr_carea' id='block_1_39' title="bbox 2121 1699 3774 1780">
    <p class='ocr_par' dir='ltr' id='par_1_39' title="bbox 2121 1699 3774 1780">
     <span class='ocr_line' id='line_1_39' title="bbox 2121 1699 3774 1780; baseline 0.001 -24"><span class='ocrx_word' id='word_1_276' title='bbox 2121 1701 2278 1778; x_wconf 88' lang='grc' dir='ltr'>γίων,</span> <span class='ocrx_word' id='word_1_277' title='bbox 2345 1699 2639 1773; x_wconf 78' lang='grc' dir='ltr'>διαθηκῶν,</span> <span class='ocrx_word' id='word_1_278' title='bbox 2717 1703 3005 1774; x_wconf 82' lang='grc' dir='ltr'>συνάξεων,</span> <span class='ocrx_word' id='word_1_279' title='bbox 3081 1703 3415 1780; x_wconf 79' lang='grc' dir='ltr'>μυστηρίων,</span> <span class='ocrx_word' id='word_1_280' title='bbox 3495 1701 3774 1758; x_wconf 77' lang='grc' dir='ltr'>ἐλπίδων·</span> 
     </span>
    </p>
   </div>
   <div class='ocr_carea' id='block_1_40' title="bbox 2125 1789 3771 1868">
    <p class='ocr_par' dir='ltr' id='par_1_40' title="bbox 2125 1789 3771 1868">
     <span class='ocr_line' id='line_1_40' title="bbox 2125 1789 3771 1868; baseline 0.001 -24"><span class='ocrx_word' id='word_1_281' title='bbox 2125 1791 2256 1865; x_wconf 78' lang='grc' dir='ltr'>ὑπὲρ</span> <span class='ocrx_word' id='word_1_282' title='bbox 2289 1789 2360 1845; x_wconf 86' lang='grc' dir='ltr'>ὧν</span> <span class='ocrx_word' id='word_1_283' title='bbox 2417 1792 2647 1854; x_wconf 83' lang='grc' dir='ltr'>Χοιστὸς</span> <span class='ocrx_word' id='word_1_284' title='bbox 2705 1793 2913 1865; x_wconf 89' lang='grc' dir='ltr'>ὁμοίως</span> <span class='ocrx_word' id='word_1_285' title='bbox 2963 1793 3236 1864; x_wconf 83' lang='grc' dir='ltr'>ἀπέθανεν,</span> <span class='ocrx_word' id='word_1_286' title='bbox 3289 1794 3317 1847; x_wconf 86' lang='grc' dir='ltr'>ὁ</span> <span class='ocrx_word' id='word_1_287' title='bbox 3375 1793 3572 1853; x_wconf 87' lang='grc' dir='ltr'>παντὸς</span> <span class='ocrx_word' id='word_1_288' title='bbox 3604 1791 3771 1868; x_wconf 66' lang='grc' dir='ltr'>αἴρων</span> 
     </span>
    </p>
   </div>
   <div class='ocr_carea' id='block_1_41' title="bbox 2121 1879 3772 1958">
    <p class='ocr_par' dir='ltr' id='par_1_41' title="bbox 2121 1879 3772 1958">
     <span class='ocr_line' id='line_1_41' title="bbox 2121 1879 3772 1958; baseline 0.001 -24"><span class='ocrx_word' id='word_1_289' title='bbox 2121 1882 2220 1948; x_wconf 68' lang='grc' dir='ltr'>τήν</span> <span class='ocrx_word' id='word_1_290' title='bbox 2282 1882 2543 1952; x_wconf 78' lang='grc' dir='ltr'>ἁμαρτίαν</span> <span class='ocrx_word' id='word_1_291' title='bbox 2595 1881 2690 1935; x_wconf 75' lang='grc' dir='ltr'>τοῦ</span> <span class='ocrx_word' id='word_1_292' title='bbox 2748 1881 2997 1954; x_wconf 88' lang='grc' dir='ltr'>κόσμου·</span> <span class='ocrx_word' id='word_1_293' title='bbox 3063 1883 3113 1935; x_wconf 75' lang='grc' dir='ltr'>οἱ</span> <span class='ocrx_word' id='word_1_294' title='bbox 3176 1879 3615 1958; x_wconf 83' lang='grc' dir='ltr'>συγκληρονὸμοι</span> <span class='ocrx_word' id='word_1_295' title='bbox 3672 1889 3772 1951; x_wconf 77' lang='grc' dir='ltr'>τῆς</span> 
     </span>
    </p>
   </div>
   <div class='ocr_carea' id='block_1_42' title="bbox 2126 1965 3776 2044">
    <p class='ocr_par' dir='ltr' id='par_1_42' title="bbox 2126 1965 3776 2044">
     <span class='ocr_line' id='line_1_42' title="bbox 2126 1965 3776 2044; baseline 0.003 -24"><span class='ocrx_word' id='word_1_296' title='bbox 2126 1965 2235 2022; x_wconf 80' lang='grc' dir='ltr'>ἄνω</span> <span class='ocrx_word' id='word_1_297' title='bbox 2271 1974 2438 2039; x_wconf 78' lang='grc' dir='ltr'>ζωῆς,</span> <span class='ocrx_word' id='word_1_298' title='bbox 2497 1969 2586 2023; x_wconf 86' lang='grc' dir='ltr'>καὶ</span> <span class='ocrx_word' id='word_1_299' title='bbox 2645 1971 2690 2023; x_wconf 75' lang='grc' dir='ltr'>εἱ</span> <span class='ocrx_word' id='word_1_300' title='bbox 2746 1968 3036 2044; x_wconf 75' lang='grc' dir='ltr'>παραπολὺ</span> <span class='ocrx_word' id='word_1_301' title='bbox 3095 1973 3211 2042; x_wconf 85' lang='grc'>(21)</span> <span class='ocrx_word' id='word_1_302' title='bbox 3256 1977 3357 2039; x_wconf 72' lang='grc' dir='ltr'>τῆς</span> <span class='ocrx_word' id='word_1_303' title='bbox 3416 1969 3640 2025; x_wconf 77' lang='grc' dir='ltr'>ἐνταῦθα</span> <span class='ocrx_word' id='word_1_304' title='bbox 3698 1969 3776 2025; x_wconf 84' lang='grc' dir='ltr'>δι-</span> 
     </span>
    </p>
   </div>
   <div class='ocr_carea' id='block_1_43' title="bbox 2125 2058 3776 2135">
    <p class='ocr_par' dir='ltr' id='par_1_43' title="bbox 2125 2058 3776 2135">
     <span class='ocr_line' id='line_1_43' title="bbox 2125 2058 3776 2135; baseline 0.004 -26"><span class='ocrx_word' id='word_1_305' title='bbox 2125 2058 2394 2128; x_wconf 79' lang='grc' dir='ltr'>ήμαρτον·</span> <span class='ocrx_word' id='word_1_306' title='bbox 2453 2059 2502 2111; x_wconf 75' lang='grc' dir='ltr'>οἱ</span> <span class='ocrx_word' id='word_1_307' title='bbox 2563 2059 2989 2131; x_wconf 80' lang='grc' dir='ltr'>συνθαπτόμενοι</span> <span class='ocrx_word' id='word_1_308' title='bbox 3050 2065 3263 2135; x_wconf 82' lang='grc' dir='ltr'>Χριστῷ</span> <span class='ocrx_word' id='word_1_309' title='bbox 3313 2063 3439 2133; x_wconf 80' lang='grc'>(22).</span> <span class='ocrx_word' id='word_1_310' title='bbox 3473 2060 3562 2114; x_wconf 78' lang='grc' dir='ltr'>καὶ</span> <span class='ocrx_word' id='word_1_311' title='bbox 3595 2081 3776 2115; x_wconf 90' lang='grc' dir='ltr'>συναν-</span> 
     </span>
    </p>
   </div>
   <div class='ocr_carea' id='block_1_44' title="bbox 2131 2145 3774 2223">
    <p class='ocr_par' dir='ltr' id='par_1_44' title="bbox 2131 2145 3774 2223">
     <span class='ocr_line' id='line_1_44' title="bbox 2131 2145 3774 2223; baseline 0.004 -25"><span class='ocrx_word' id='word_1_312' title='bbox 2131 2147 2425 2218; x_wconf 84' lang='grc' dir='ltr'>ιστάμενοι·</span> <span class='ocrx_word' id='word_1_313' title='bbox 2488 2145 2636 2222; x_wconf 78' lang='grc' dir='ltr'>εἷ’περ</span> <span class='ocrx_word' id='word_1_314' title='bbox 2685 2149 3121 2223; x_wconf 82' lang='grc' dir='ltr'>συμπάσχουσιν,</span> <span class='ocrx_word' id='word_1_315' title='bbox 3167 2146 3258 2201; x_wconf 78' lang='grc' dir='ltr'>’ίνα</span> <span class='ocrx_word' id='word_1_316' title='bbox 3287 2148 3377 2204; x_wconf 85' lang='grc' dir='ltr'>καὶ</span> <span class='ocrx_word' id='word_1_317' title='bbox 3409 2146 3774 2220; x_wconf 76' lang='grc' dir='ltr'>συνδοξασθῶ-</span> 
     </span>
    </p>
   </div>
   <div class='ocr_carea' id='block_1_45' title="bbox 2131 2256 2232 2290">
    <p class='ocr_par' dir='ltr' id='par_1_45' title="bbox 2131 2256 2232 2290">
     <span class='ocr_line' id='line_1_45' title="bbox 2131 2256 2232 2290; baseline 0.03 -3"><span class='ocrx_word' id='word_1_318' title='bbox 2131 2256 2232 2290; x_wconf 86' lang='grc' dir='ltr'>σιν.</span> 
     </span>
    </p>
   </div>
   <div class='ocr_carea' id='block_1_46' title="bbox 367 2325 3774 2401">
    <p class='ocr_par' dir='ltr' id='par_1_46' title="bbox 367 2325 3774 2401">
     <span class='ocr_line' id='line_1_46' title="bbox 367 2325 3774 2401; baseline -0.002 -7"><span class='ocrx_word' id='word_1_319' title='bbox 367 2336 697 2394; x_wconf 71' lang='lat' dir='ltr'>coheredes</span> <span class='ocrx_word' id='word_1_320' title='bbox 728 2333 952 2401; x_wconf 64' lang='lat' dir='ltr'>sunt&quot;,</span> <span class='ocrx_word' id='word_1_321' title='bbox 984 2328 1213 2385; x_wconf 88' lang='lat' dir='ltr'>etiamsi</span> <span class='ocrx_word' id='word_1_322' title='bbox 1261 2345 1504 2400; x_wconf 88' lang='lat' dir='ltr'>prorsus</span> <span class='ocrx_word' id='word_1_323' title='bbox 1535 2332 1765 2383; x_wconf 89' lang='lat' dir='ltr'>terrena</span> <span class='ocrx_word' id='word_1_324' title='bbox 1797 2325 2068 2381; x_wconf 85' lang='lat' dir='ltr'>felicitate</span> <span class='ocrx_word' id='word_1_325' title='bbox 2099 2325 2360 2380; x_wconf 90' lang='lat' dir='ltr'>destituti</span> <span class='ocrx_word' id='word_1_326' title='bbox 2397 2343 2409 2382; x_wconf 88' lang='lat'><strong>:</strong></span> <span class='ocrx_word' id='word_1_327' title='bbox 2443 2327 2542 2398; x_wconf 92' lang='lat' dir='ltr'>qui</span> <span class='ocrx_word' id='word_1_328' title='bbox 2592 2344 2726 2382; x_wconf 91' lang='lat' dir='ltr'>cum</span> <span class='ocrx_word' id='word_1_329' title='bbox 2756 2329 2983 2384; x_wconf 82' lang='lat' dir='ltr'>Christo</span> <span class='ocrx_word' id='word_1_330' title='bbox 3034 2329 3416 2400; x_wconf 82' lang='lat' dir='ltr'>sepeliuntur,</span> <span class='ocrx_word' id='word_1_331' title='bbox 3449 2346 3512 2386; x_wconf 89' lang='lat' dir='ltr'>ac</span> <span class='ocrx_word' id='word_1_332' title='bbox 3543 2347 3675 2384; x_wconf 92' lang='lat' dir='ltr'>cum</span> <span class='ocrx_word' id='word_1_333' title='bbox 3708 2347 3774 2386; x_wconf 91' lang='lat' dir='ltr'>eo</span> 
     </span>
    </p>
   </div>
   <div class='ocr_carea' id='block_1_47' title="bbox 366 2413 2657 2489">
    <p class='ocr_par' dir='ltr' id='par_1_47' title="bbox 366 2413 2657 2489">
     <span class='ocr_line' id='line_1_47' title="bbox 366 2413 2657 2489; baseline -0.006 -6"><span class='ocrx_word' id='word_1_334' title='bbox 366 2427 438 2484; x_wconf 85' lang='lat' dir='ltr'>ad</span> <span class='ocrx_word' id='word_1_335' title='bbox 469 2426 651 2480; x_wconf 89' lang='lat' dir='ltr'>vitam</span> <span class='ocrx_word' id='word_1_336' title='bbox 685 2422 931 2476; x_wconf 89' lang='lat' dir='ltr'>redeunt</span> <span class='ocrx_word' id='word_1_337' title='bbox 953 2421 996 2454; x_wconf 83' lang='grc'>’⁷⁷</span> <span class='ocrx_word' id='word_1_338' title='bbox 1032 2437 1044 2474; x_wconf 90' lang='lat'><strong>:</strong></span> <span class='ocrx_word' id='word_1_339' title='bbox 1078 2417 1368 2489; x_wconf 88' lang='lat' dir='ltr'>siquidem</span> <span class='ocrx_word' id='word_1_340' title='bbox 1399 2415 1855 2488; x_wconf 86' lang='lat' dir='ltr'>compatiuntur,</span> <span class='ocrx_word' id='word_1_341' title='bbox 1889 2420 1952 2469; x_wconf 92' lang='lat' dir='ltr'>ut</span> <span class='ocrx_word' id='word_1_342' title='bbox 1981 2421 2036 2470; x_wconf 88' lang='lat' dir='ltr'>et</span> <span class='ocrx_word' id='word_1_343' title='bbox 2063 2413 2657 2486; x_wconf 65' lang='lat' dir='ltr'>congloriﬁcenturn&#39;</span> 
     </span>
    </p>
   </div>
   <div class='ocr_carea' id='block_1_48' title="bbox 442 2506 2021 2577">
    <p class='ocr_par' dir='ltr' id='par_1_48' title="bbox 442 2506 2021 2577">
     <span class='ocr_line' id='line_1_48' title="bbox 442 2506 2021 2577; baseline -0.009 -6"><span class='ocrx_word' id='word_1_344' title='bbox 442 2515 589 2571; x_wconf 72' lang='lat'>207</span> <span class='ocrx_word' id='word_1_345' title='bbox 653 2510 767 2567; x_wconf 82' lang='lat' dir='ltr'>XV.</span> <span class='ocrx_word' id='word_1_346' title='bbox 819 2509 968 2575; x_wconf 88' lang='lat' dir='ltr'>Quid</span> <span class='ocrx_word' id='word_1_347' title='bbox 1027 2513 1222 2562; x_wconf 90' lang='lat' dir='ltr'>autem</span> <span class='ocrx_word' id='word_1_348' title='bbox 1283 2522 1412 2577; x_wconf 89' lang='lat' dir='ltr'>nos,</span> <span class='ocrx_word' id='word_1_349' title='bbox 1471 2506 1686 2576; x_wconf 90' lang='lat' dir='ltr'>quibus</span> <span class='ocrx_word' id='word_1_350' title='bbox 1740 2520 2021 2574; x_wconf 87' lang='lat' dir='ltr'>magnum</span> 
     </span>
    </p>
   </div>
   <div class='ocr_carea' id='block_1_49' title="bbox 370 2593 2022 2666">
    <p class='ocr_par' dir='ltr' id='par_1_49' title="bbox 370 2593 2022 2666">
     <span class='ocr_line' id='line_1_49' title="bbox 370 2593 2022 2666; baseline -0.008 -7"><span class='ocrx_word' id='word_1_351' title='bbox 370 2603 515 2660; x_wconf 89' lang='lat' dir='ltr'>illud</span> <span class='ocrx_word' id='word_1_352' title='bbox 540 2602 611 2656; x_wconf 90' lang='lat' dir='ltr'>ad</span> <span class='ocrx_word' id='word_1_353' title='bbox 635 2615 849 2655; x_wconf 91' lang='lat' dir='ltr'>novum</span> <span class='ocrx_word' id='word_1_354' title='bbox 874 2612 1082 2652; x_wconf 83' lang='lat' dir='ltr'>nomen</span> <span class='ocrx_word' id='word_1_355' title='bbox 1108 2595 1336 2666; x_wconf 80' lang='lat' dir='ltr'>obtigit,</span> <span class='ocrx_word' id='word_1_356' title='bbox 1363 2599 1426 2649; x_wconf 91' lang='lat' dir='ltr'>ut</span> <span class='ocrx_word' id='word_1_357' title='bbox 1455 2612 1487 2649; x_wconf 89' lang='lat' dir='ltr'>a</span> <span class='ocrx_word' id='word_1_358' title='bbox 1509 2594 1735 2650; x_wconf 84' lang='lat' dir='ltr'>Christo</span> <span class='ocrx_word' id='word_1_359' title='bbox 1763 2593 2022 2647; x_wconf 89' lang='lat' dir='ltr'>nomine-</span> 
     </span>
    </p>
   </div>
   <div class='ocr_carea' id='block_1_50' title="bbox 375 2679 2022 2763">
    <p class='ocr_par' dir='ltr' id='par_1_50' title="bbox 375 2679 2022 2763">
     <span class='ocr_line' id='line_1_50' title="bbox 375 2679 2022 2763; baseline -0.009 -15"><span class='ocrx_word' id='word_1_360' title='bbox 375 2708 527 2762; x_wconf 90' lang='lat' dir='ltr'>mur,</span> <span class='ocrx_word' id='word_1_361' title='bbox 546 2706 692 2763; x_wconf 89' lang='lat' dir='ltr'>gens</span> <span class='ocrx_word' id='word_1_362' title='bbox 712 2690 933 2754; x_wconf 83' lang='lat' dir='ltr'>sancta,</span> <span class='ocrx_word' id='word_1_363' title='bbox 953 2683 1144 2756; x_wconf 86' lang='lat' dir='ltr'>regale</span> <span class='ocrx_word' id='word_1_364' title='bbox 1165 2682 1578 2750; x_wconf 90' lang='lat' dir='ltr'>sacerdotium,</span> <span class='ocrx_word' id='word_1_365' title='bbox 1598 2680 1852 2752; x_wconf 89' lang='lat' dir='ltr'>populus</span> <span class='ocrx_word' id='word_1_366' title='bbox 1877 2679 2022 2735; x_wconf 88' lang='lat' dir='ltr'>sele-</span> 
     </span>
    </p>
   </div>
   <div class='ocr_carea' id='block_1_51' title="bbox 377 2770 2022 2850">
    <p class='ocr_par' dir='ltr' id='par_1_51' title="bbox 377 2770 2022 2850">
     <span class='ocr_line' id='line_1_51' title="bbox 377 2770 2022 2850; baseline -0.009 -12"><span class='ocrx_word' id='word_1_367' title='bbox 377 2787 507 2838; x_wconf 89' lang='lat' dir='ltr'>ctus</span> <span class='ocrx_word' id='word_1_368' title='bbox 527 2785 584 2835; x_wconf 88' lang='lat' dir='ltr'>et</span> <span class='ocrx_word' id='word_1_369' title='bbox 608 2774 919 2850; x_wconf 88' lang='lat' dir='ltr'>peculiaris</span> <span class='ocrx_word' id='word_1_370' title='bbox 934 2775 1000 2840; x_wconf 72' lang='lat'>7°,</span> <span class='ocrx_word' id='word_1_371' title='bbox 1017 2775 1303 2828; x_wconf 91' lang='lat' dir='ltr'>bonorum</span> <span class='ocrx_word' id='word_1_372' title='bbox 1325 2775 1380 2826; x_wconf 92' lang='lat' dir='ltr'>et</span> <span class='ocrx_word' id='word_1_373' title='bbox 1401 2770 1748 2826; x_wconf 88' lang='lat' dir='ltr'>salutarium</span> <span class='ocrx_word' id='word_1_374' title='bbox 1780 2785 2022 2841; x_wconf 90' lang='lat' dir='ltr'>operum</span> 
     </span>
    </p>
   </div>
   <div class='ocr_carea' id='block_1_52' title="bbox 378 2859 2020 2941">
    <p class='ocr_par' dir='ltr' id='par_1_52' title="bbox 378 2859 2020 2941">
     <span class='ocr_line' id='line_1_52' title="bbox 378 2859 2020 2941; baseline -0.01 -13"><span class='ocrx_word' id='word_1_375' title='bbox 378 2875 630 2928; x_wconf 82' lang='lat' dir='ltr'>sectator</span> <span class='ocrx_word' id='word_1_376' title='bbox 658 2867 738 2934; x_wconf 66' lang='lat'>9°;</span> <span class='ocrx_word' id='word_1_377' title='bbox 801 2865 898 2937; x_wconf 78' lang='lat' dir='ltr'>qui</span> <span class='ocrx_word' id='word_1_378' title='bbox 959 2861 1170 2918; x_wconf 89' lang='lat' dir='ltr'>Christi</span> <span class='ocrx_word' id='word_1_379' title='bbox 1227 2860 1499 2941; x_wconf 80' lang='lat' dir='ltr'>discipuli</span> <span class='ocrx_word' id='word_1_380' title='bbox 1551 2876 1778 2929; x_wconf 89' lang='lat' dir='ltr'>sumus,</span> <span class='ocrx_word' id='word_1_381' title='bbox 1841 2859 2020 2925; x_wconf 89' lang='lat' dir='ltr'>mitis,</span> 
     </span>
    </p>
   </div>
   <div class='ocr_carea' id='block_1_53' title="bbox 375 2949 2023 3032">
    <p class='ocr_par' dir='ltr' id='par_1_53' title="bbox 375 2949 2023 3032">
     <span class='ocr_line' id='line_1_53' title="bbox 375 2949 2023 3032; baseline -0.008 -16"><span class='ocrx_word' id='word_1_382' title='bbox 375 2960 642 3032; x_wconf 89' lang='lat' dir='ltr'>inquam,</span> <span class='ocrx_word' id='word_1_383' title='bbox 665 2954 828 3010; x_wconf 91' lang='lat' dir='ltr'>illius</span> <span class='ocrx_word' id='word_1_384' title='bbox 848 2958 904 3009; x_wconf 90' lang='lat' dir='ltr'>et</span> <span class='ocrx_word' id='word_1_385' title='bbox 930 2951 1164 3024; x_wconf 85' lang='lat' dir='ltr'>benigni</span> <span class='ocrx_word' id='word_1_386' title='bbox 1186 2952 1254 3016; x_wconf 71' lang='grc' dir='ltr'>εί,</span> <span class='ocrx_word' id='word_1_387' title='bbox 1277 2949 1378 3021; x_wconf 92' lang='lat' dir='ltr'>qui</span> <span class='ocrx_word' id='word_1_388' title='bbox 1399 2949 1771 3004; x_wconf 83' lang='lat' dir='ltr'>infirmitates</span> <span class='ocrx_word' id='word_1_389' title='bbox 1794 2954 2023 3002; x_wconf 88' lang='lat' dir='ltr'>nostras</span> 
     </span>
    </p>
   </div>
   <div class='ocr_carea' id='block_1_54' title="bbox 377 3039 2022 3123">
    <p class='ocr_par' dir='ltr' id='par_1_54' title="bbox 377 3039 2022 3123">
     <span class='ocr_line' id='line_1_54' title="bbox 377 3039 2022 3123; baseline -0.009 -17"><span class='ocrx_word' id='word_1_390' title='bbox 377 3047 631 3123; x_wconf 85' lang='lat' dir='ltr'>portavit</span> <span class='ocrx_word' id='word_1_391' title='bbox 653 3047 720 3118; x_wconf 71' lang='grc'>³⁸,</span> <span class='ocrx_word' id='word_1_392' title='bbox 769 3043 867 3116; x_wconf 91' lang='lat' dir='ltr'>qui</span> <span class='ocrx_word' id='word_1_393' title='bbox 919 3057 1102 3113; x_wconf 89' lang='lat' dir='ltr'>usque</span> <span class='ocrx_word' id='word_1_394' title='bbox 1141 3041 1212 3096; x_wconf 87' lang='lat' dir='ltr'>ad</span> <span class='ocrx_word' id='word_1_395' title='bbox 1254 3039 1729 3111; x_wconf 88' lang='lat' dir='ltr'>conspersionem</span> <span class='ocrx_word' id='word_1_396' title='bbox 1762 3043 2022 3092; x_wconf 85' lang='lat' dir='ltr'>nostram</span> 
     </span>
    </p>
   </div>
   <div class='ocr_carea' id='block_1_55' title="bbox 2203 2500 3772 2580">
    <p class='ocr_par' dir='ltr' id='par_1_55' title="bbox 2203 2500 3772 2580">
     <span class='ocr_line' id='line_1_55' title="bbox 2203 2500 3772 2580; baseline 0.002 -22"><span class='ocrx_word' id='word_1_397' title='bbox 2203 2503 2303 2558; x_wconf 75' lang='lat' dir='ltr'>lE&#39;.</span> <span class='ocrx_word' id='word_1_398' title='bbox 2335 2502 2400 2556; x_wconf 89' lang='grc' dir='ltr'>Τί</span> <span class='ocrx_word' id='word_1_399' title='bbox 2430 2500 2487 2556; x_wconf 77' lang='grc' dir='ltr'>δὲ</span> <span class='ocrx_word' id='word_1_400' title='bbox 2516 2506 2627 2576; x_wconf 75' lang='grc'>(23)</span> <span class='ocrx_word' id='word_1_401' title='bbox 2657 2507 2846 2576; x_wconf 77' lang='grc' dir='ltr'>ἡμεῖς,</span> <span class='ocrx_word' id='word_1_402' title='bbox 2876 2505 2926 2557; x_wconf 70' lang='grc' dir='ltr'>οἳ</span> <span class='ocrx_word' id='word_1_403' title='bbox 2983 2503 3044 2559; x_wconf 80' lang='grc' dir='ltr'>τδ</span> <span class='ocrx_word' id='word_1_404' title='bbox 3106 2506 3245 2580; x_wconf 89' lang='grc' dir='ltr'>μέγα</span> <span class='ocrx_word' id='word_1_405' title='bbox 3301 2504 3388 2559; x_wconf 76' lang='grc' dir='ltr'>καὶ</span> <span class='ocrx_word' id='word_1_406' title='bbox 3438 2508 3618 2560; x_wconf 83' lang='grc' dir='ltr'>καινὸν</span> <span class='ocrx_word' id='word_1_407' title='bbox 3651 2502 3772 2561; x_wconf 78' lang='grc' dir='ltr'>ὅνο-</span> 
     </span>
    </p>
   </div>
   <div class='ocr_carea' id='block_1_56' title="bbox 2135 2590 3774 2670">
    <p class='ocr_par' dir='ltr' id='par_1_56' title="bbox 2135 2590 3774 2670">
     <span class='ocr_line' id='line_1_56' title="bbox 2135 2590 3774 2670; baseline 0.004 -27"><span class='ocrx_word' id='word_1_408' title='bbox 2135 2611 2210 2661; x_wconf 89' lang='grc' dir='ltr'>μα</span> <span class='ocrx_word' id='word_1_409' title='bbox 2263 2590 2716 2664; x_wconf 71' lang='grc' dir='ltr'>κεκληρωμένοι,</span> <span class='ocrx_word' id='word_1_410' title='bbox 2771 2594 2834 2647; x_wconf 88' lang='grc' dir='ltr'>τὸ</span> <span class='ocrx_word' id='word_1_411' title='bbox 2891 2592 3172 2657; x_wconf 82' lang='grc' dir='ltr'>καλεῖσθαι</span> <span class='ocrx_word' id='word_1_412' title='bbox 3231 2594 3337 2648; x_wconf 83' lang='grc' dir='ltr'>ἀπὸ</span> <span class='ocrx_word' id='word_1_413' title='bbox 3392 2596 3653 2670; x_wconf 79' lang='grc' dir='ltr'>Χριστοῦ,</span> <span class='ocrx_word' id='word_1_414' title='bbox 3711 2597 3774 2650; x_wconf 90' lang='grc' dir='ltr'>τὸ</span> 
     </span>
    </p>
   </div>
   <div class='ocr_carea' id='block_1_57' title="bbox 2133 2677 3773 2759">
    <p class='ocr_par' dir='ltr' id='par_1_57' title="bbox 2133 2677 3773 2759">
     <span class='ocr_line' id='line_1_57' title="bbox 2133 2677 3773 2759; baseline 0.004 -27"><span class='ocrx_word' id='word_1_415' title='bbox 2133 2677 2284 2753; x_wconf 82' lang='grc' dir='ltr'>ἅγιον</span> <span class='ocrx_word' id='word_1_416' title='bbox 2339 2677 2506 2742; x_wconf 74' lang='grc' dir='ltr'>ἔθνος.</span> <span class='ocrx_word' id='word_1_417' title='bbox 2564 2683 2625 2736; x_wconf 85' lang='grc' dir='ltr'>τὸ</span> <span class='ocrx_word' id='word_1_418' title='bbox 2683 2681 2955 2756; x_wconf 86' lang='grc' dir='ltr'>βασίλειον</span> <span class='ocrx_word' id='word_1_419' title='bbox 3011 2683 3322 2758; x_wconf 75' lang='grc' dir='ltr'>ἱεράτευμα,</span> <span class='ocrx_word' id='word_1_420' title='bbox 3382 2686 3410 2738; x_wconf 84' lang='grc' dir='ltr'>ὁ</span> <span class='ocrx_word' id='word_1_421' title='bbox 3463 2685 3773 2759; x_wconf 69' lang='grc' dir='ltr'>περιούσιος</span> 
     </span>
    </p>
   </div>
   <div class='ocr_carea' id='block_1_58' title="bbox 2133 2766 3770 2848">
    <p class='ocr_par' dir='ltr' id='par_1_58' title="bbox 2133 2766 3770 2848">
     <span class='ocr_line' id='line_1_58' title="bbox 2133 2766 3770 2848; baseline 0.002 -26"><span class='ocrx_word' id='word_1_422' title='bbox 2133 2766 2264 2830; x_wconf 86' lang='grc' dir='ltr'>λαὸς</span> <span class='ocrx_word' id='word_1_423' title='bbox 2297 2772 2411 2841; x_wconf 76' lang='grc'>(24)</span> <span class='ocrx_word' id='word_1_424' title='bbox 2477 2771 2563 2824; x_wconf 82' lang='grc' dir='ltr'>καὶ</span> <span class='ocrx_word' id='word_1_425' title='bbox 2621 2770 2907 2846; x_wconf 78' lang='grc' dir='ltr'>ἐξαίρετος,</span> <span class='ocrx_word' id='word_1_426' title='bbox 2965 2773 2992 2826; x_wconf 85' lang='grc' dir='ltr'>ὁ</span> <span class='ocrx_word' id='word_1_427' title='bbox 3054 2771 3310 2842; x_wconf 72' lang='grc' dir='ltr'>ζηλωτὴς</span> <span class='ocrx_word' id='word_1_428' title='bbox 3369 2771 3548 2828; x_wconf 90' lang='grc' dir='ltr'>καλῶν</span> <span class='ocrx_word' id='word_1_429' title='bbox 3596 2770 3770 2848; x_wconf 80' lang='grc' dir='ltr'>ἔργων</span> 
     </span>
    </p>
   </div>
   <div class='ocr_carea' id='block_1_59' title="bbox 2130 2856 3771 2936">
    <p class='ocr_par' dir='ltr' id='par_1_59' title="bbox 2130 2856 3771 2936">
     <span class='ocr_line' id='line_1_59' title="bbox 2130 2856 3771 2936; baseline 0.004 -27"><span class='ocrx_word' id='word_1_430' title='bbox 2130 2856 2220 2910; x_wconf 86' lang='grc' dir='ltr'>καὶ</span> <span class='ocrx_word' id='word_1_431' title='bbox 2304 2858 2608 2932; x_wconf 82' lang='grc' dir='ltr'>σωτηρίων,</span> <span class='ocrx_word' id='word_1_432' title='bbox 2684 2861 2734 2913; x_wconf 76' lang='grc' dir='ltr'>οἱ</span> <span class='ocrx_word' id='word_1_433' title='bbox 2811 2865 3048 2936; x_wconf 76' lang='grc' dir='ltr'>Χριστοῦ</span> <span class='ocrx_word' id='word_1_434' title='bbox 3126 2862 3362 2934; x_wconf 83' lang='grc' dir='ltr'>μαθηταὶ</span> <span class='ocrx_word' id='word_1_435' title='bbox 3436 2866 3528 2916; x_wconf 80' lang='grc' dir='ltr'>τοῦ</span> <span class='ocrx_word' id='word_1_436' title='bbox 3596 2862 3771 2934; x_wconf 75' lang='grc' dir='ltr'>πράου</span> 
     </span>
    </p>
   </div>
   <div class='ocr_carea' id='block_1_60' title="bbox 2131 2945 3772 3026">
    <p class='ocr_par' dir='ltr' id='par_1_60' title="bbox 2131 2945 3772 3026">
     <span class='ocr_line' id='line_1_60' title="bbox 2131 2945 3772 3026; baseline 0.004 -27"><span class='ocrx_word' id='word_1_437' title='bbox 2131 2947 2220 3000; x_wconf 87' lang='grc' dir='ltr'>καὶ</span> <span class='ocrx_word' id='word_1_438' title='bbox 2292 2945 2695 3023; x_wconf 75' lang='grc' dir='ltr'>φιλανθρώπου,</span> <span class='ocrx_word' id='word_1_439' title='bbox 2767 2949 2855 3003; x_wconf 88' lang='grc' dir='ltr'>καὶ</span> <span class='ocrx_word' id='word_1_440' title='bbox 2930 2951 3026 3012; x_wconf 77' lang='grc' dir='ltr'>τὰς</span> <span class='ocrx_word' id='word_1_441' title='bbox 3103 2951 3369 3014; x_wconf 75' lang='grc' dir='ltr'>ἀσθενείας</span> <span class='ocrx_word' id='word_1_442' title='bbox 3443 2954 3600 3024; x_wconf 82' lang='grc' dir='ltr'>ἡμῶν</span> <span class='ocrx_word' id='word_1_443' title='bbox 3673 2952 3772 3026; x_wconf 85' lang='grc' dir='ltr'>βα-</span> 
     </span>
    </p>
   </div>
   <div class='ocr_carea' id='block_1_61' title="bbox 2132 3038 3777 3115">
    <p class='ocr_par' dir='ltr' id='par_1_61' title="bbox 2132 3038 3777 3115">
     <span class='ocr_line' id='line_1_61' title="bbox 2132 3038 3777 3115; baseline 0.003 -27"><span class='ocrx_word' id='word_1_444' title='bbox 2132 3038 2446 3104; x_wconf 84' lang='grc' dir='ltr'>στάσαντος,</span> <span class='ocrx_word' id='word_1_445' title='bbox 2513 3042 2610 3092; x_wconf 71' lang='grc' dir='ltr'>τοῦ</span> <span class='ocrx_word' id='word_1_446' title='bbox 2685 3041 3112 3102; x_wconf 86' lang='grc' dir='ltr'>ταπεινώσαντος</span> <span class='ocrx_word' id='word_1_447' title='bbox 3189 3041 3372 3096; x_wconf 70' lang='grc' dir='ltr'>ἑαυτὸν</span> <span class='ocrx_word' id='word_1_448' title='bbox 3457 3039 3621 3115; x_wconf 86' lang='grc' dir='ltr'>μέχρι</span> <span class='ocrx_word' id='word_1_449' title='bbox 3679 3044 3777 3094; x_wconf 76' lang='grc' dir='ltr'>τοῦ</span> 
     </span>
    </p>
   </div>
   <div class='ocr_carea' id='block_1_62' title="bbox 380 3125 2027 3212">
    <p class='ocr_par' dir='ltr' id='par_1_62' title="bbox 380 3126 2023 3207">
     <span class='ocr_line' id='line_1_62' title="bbox 380 3126 2023 3207; baseline -0.01 -12"><span class='ocrx_word' id='word_1_450' title='bbox 380 3155 508 3195; x_wconf 87' lang='lat' dir='ltr'>sese</span> <span class='ocrx_word' id='word_1_451' title='bbox 539 3135 767 3207; x_wconf 87' lang='lat' dir='ltr'>dejeoit,</span> <span class='ocrx_word' id='word_1_452' title='bbox 801 3132 898 3204; x_wconf 91' lang='lat' dir='ltr'>qui</span> <span class='ocrx_word' id='word_1_453' title='bbox 929 3135 1166 3204; x_wconf 88' lang='lat' dir='ltr'>propter</span> <span class='ocrx_word' id='word_1_454' title='bbox 1195 3147 1302 3184; x_wconf 83' lang='lat' dir='ltr'>nos</span> <span class='ocrx_word' id='word_1_455' title='bbox 1345 3128 1538 3184; x_wconf 89' lang='lat' dir='ltr'>carnis</span> <span class='ocrx_word' id='word_1_456' title='bbox 1567 3127 1748 3199; x_wconf 84' lang='lat' dir='ltr'>hujus</span> <span class='ocrx_word' id='word_1_457' title='bbox 1777 3126 2023 3181; x_wconf 86' lang='lat' dir='ltr'>terreni-</span> 
     </span>
    </p>
   </div>
   <div class='ocr_carea' id='block_1_63' title="bbox 2144 3125 3780 3212">
    <p class='ocr_par' dir='ltr' id='par_1_63' title="bbox 2144 3125 3780 3205">
     <span class='ocr_line' id='line_1_63' title="bbox 2144 3125 3780 3205; baseline 0.004 -28"><span class='ocrx_word' id='word_1_458' title='bbox 2144 3125 2405 3200; x_wconf 73' lang='grc' dir='ltr'>ἡμετέρου</span> <span class='ocrx_word' id='word_1_459' title='bbox 2480 3127 2815 3202; x_wconf 78' lang='grc' dir='ltr'>φυράματος,</span> <span class='ocrx_word' id='word_1_460' title='bbox 2881 3132 2976 3182; x_wconf 79' lang='grc' dir='ltr'>τοῦ</span> <span class='ocrx_word' id='word_1_461' title='bbox 3030 3125 3099 3182; x_wconf 84' lang='grc' dir='ltr'>δι’</span> <span class='ocrx_word' id='word_1_462' title='bbox 3157 3131 3306 3200; x_wconf 75' lang='grc' dir='ltr'>ἡμᾶς</span> <span class='ocrx_word' id='word_1_463' title='bbox 3361 3129 3780 3205; x_wconf 77' lang='grc' dir='ltr'>πτωχεύσαντος</span> 
     </span>
    </p>
   </div>
   <div class='ocr_carea' id='block_1_64' title="bbox 381 3217 2027 3299">
    <p class='ocr_par' dir='ltr' id='par_1_64' title="bbox 381 3217 2027 3299">
     <span class='ocr_line' id='line_1_64' title="bbox 381 3217 2027 3299; baseline -0.007 -17"><span class='ocrx_word' id='word_1_464' title='bbox 381 3245 496 3299; x_wconf 88' lang='lat' dir='ltr'>que</span> <span class='ocrx_word' id='word_1_465' title='bbox 517 3221 879 3281; x_wconf 87' lang='lat' dir='ltr'>tabernaculi</span> <span class='ocrx_word' id='word_1_466' title='bbox 902 3223 1303 3293; x_wconf 85' lang='lat' dir='ltr'>paupertatem</span> <span class='ocrx_word' id='word_1_467' title='bbox 1328 3217 1527 3284; x_wconf 91' lang='lat' dir='ltr'>subiit,</span> <span class='ocrx_word' id='word_1_468' title='bbox 1553 3222 1608 3272; x_wconf 91' lang='lat' dir='ltr'>et</span> <span class='ocrx_word' id='word_1_469' title='bbox 1629 3220 1826 3272; x_wconf 92' lang='lat' dir='ltr'>nostra</span> <span class='ocrx_word' id='word_1_470' title='bbox 1848 3233 2027 3271; x_wconf 88' lang='lat' dir='ltr'>causa</span> 
     </span>
    </p>
   </div>
   <div class='ocr_carea' id='block_1_65' title="bbox 384 3305 2034 3382">
    <p class='ocr_par' dir='ltr' id='par_1_65' title="bbox 384 3305 2034 3382">
     <span class='ocr_line' id='line_1_65' title="bbox 384 3305 2034 3382; baseline -0.008 -11"><span class='ocrx_word' id='word_1_471' title='bbox 384 3316 445 3371; x_wconf 90' lang='lat' dir='ltr'>in</span> <span class='ocrx_word' id='word_1_472' title='bbox 479 3313 780 3371; x_wconf 88' lang='lat' dir='ltr'>doloribus</span> <span class='ocrx_word' id='word_1_473' title='bbox 800 3315 857 3366; x_wconf 90' lang='lat' dir='ltr'>et</span> <span class='ocrx_word' id='word_1_474' title='bbox 885 3308 1269 3382; x_wconf 86' lang='lat' dir='ltr'>languoribus</span> <span class='ocrx_word' id='word_1_475' title='bbox 1290 3312 1558 3362; x_wconf 87' lang='lat' dir='ltr'>versatus</span> <span class='ocrx_word' id='word_1_476' title='bbox 1584 3311 1696 3373; x_wconf 89' lang='lat' dir='ltr'>est,</span> <span class='ocrx_word' id='word_1_477' title='bbox 1720 3311 1782 3361; x_wconf 92' lang='lat' dir='ltr'>ut</span> <span class='ocrx_word' id='word_1_478' title='bbox 1813 3323 1918 3360; x_wconf 88' lang='lat' dir='ltr'>nos</span> <span class='ocrx_word' id='word_1_479' title='bbox 1950 3305 2034 3359; x_wconf 84' lang='lat' dir='ltr'>di-</span> 
     </span>
    </p>
   </div>
   <div class='ocr_carea' id='block_1_66' title="bbox 385 3395 2030 3472">
    <p class='ocr_par' dir='ltr' id='par_1_66' title="bbox 385 3395 2030 3472">
     <span class='ocr_line' id='line_1_66' title="bbox 385 3395 2030 3472; baseline -0.007 -13"><span class='ocrx_word' id='word_1_480' title='bbox 385 3402 648 3460; x_wconf 89' lang='lat' dir='ltr'>vinitatis</span> <span class='ocrx_word' id='word_1_481' title='bbox 677 3416 814 3472; x_wconf 88' lang='lat' dir='ltr'>opes</span> <span class='ocrx_word' id='word_1_482' title='bbox 845 3413 1276 3469; x_wconf 84' lang='lat' dir='ltr'>consequamur</span> <span class='ocrx_word' id='word_1_483' title='bbox 1296 3396 1341 3430; x_wconf 82' lang='grc'><strong>⁸⁸</strong></span> <span class='ocrx_word' id='word_1_484' title='bbox 1375 3413 1388 3451; x_wconf 91' lang='lat'>:</span> <span class='ocrx_word' id='word_1_485' title='bbox 1438 3395 1574 3466; x_wconf 89' lang='lat' dir='ltr'>quid</span> <span class='ocrx_word' id='word_1_486' title='bbox 1608 3413 1734 3461; x_wconf 87' lang='lat' dir='ltr'>nos,</span> <span class='ocrx_word' id='word_1_487' title='bbox 1769 3396 2030 3466; x_wconf 89' lang='lat' dir='ltr'>inquam,</span> 
     </span>
    </p>
   </div>
   <div class='ocr_carea' id='block_1_67' title="bbox 390 3483 2034 3566">
    <p class='ocr_par' dir='ltr' id='par_1_67' title="bbox 390 3483 2034 3566">
     <span class='ocr_line' id='line_1_67' title="bbox 390 3483 2034 3566; baseline -0.007 -18"><span class='ocrx_word' id='word_1_488' title='bbox 390 3491 492 3566; x_wconf 92' lang='lat' dir='ltr'>qui</span> <span class='ocrx_word' id='word_1_489' title='bbox 512 3496 742 3547; x_wconf 91' lang='lat' dir='ltr'>tantum</span> <span class='ocrx_word' id='word_1_490' title='bbox 766 3485 1175 3544; x_wconf 66' lang='lat' dir='ltr'>misericordiae</span> <span class='ocrx_word' id='word_1_491' title='bbox 1207 3489 1264 3540; x_wconf 89' lang='lat' dir='ltr'>et</span> <span class='ocrx_word' id='word_1_492' title='bbox 1289 3483 1816 3540; x_wconf 88' lang='lat' dir='ltr'>commiserationis</span> <span class='ocrx_word' id='word_1_493' title='bbox 1839 3500 2034 3538; x_wconf 86' lang='lat' dir='ltr'>exem-</span> 
     </span>
    </p>
   </div>
   <div class='ocr_carea' id='block_1_68' title="bbox 391 3571 2036 3654">
    <p class='ocr_par' dir='ltr' id='par_1_68' title="bbox 391 3571 2036 3654">
     <span class='ocr_line' id='line_1_68' title="bbox 391 3571 2036 3654; baseline -0.008 -17"><span class='ocrx_word' id='word_1_494' title='bbox 391 3583 554 3654; x_wconf 92' lang='lat' dir='ltr'>plum</span> <span class='ocrx_word' id='word_1_495' title='bbox 584 3578 954 3648; x_wconf 87' lang='lat' dir='ltr'>accepimus;</span> <span class='ocrx_word' id='word_1_496' title='bbox 987 3575 1126 3646; x_wconf 85' lang='lat' dir='ltr'>quid</span> <span class='ocrx_word' id='word_1_497' title='bbox 1151 3575 1220 3628; x_wconf 90' lang='lat' dir='ltr'>de</span> <span class='ocrx_word' id='word_1_498' title='bbox 1252 3573 1346 3628; x_wconf 85' lang='lat' dir='ltr'>his</span> <span class='ocrx_word' id='word_1_499' title='bbox 1377 3573 1786 3643; x_wconf 86' lang='lat' dir='ltr'>cogitabimus,</span> <span class='ocrx_word' id='word_1_500' title='bbox 1810 3576 1866 3626; x_wconf 92' lang='lat' dir='ltr'>et</span> <span class='ocrx_word' id='word_1_501' title='bbox 1896 3571 2036 3642; x_wconf 87' lang='lat' dir='ltr'>quid</span> 
     </span>
    </p>
   </div>
   <div class='ocr_carea' id='block_1_69' title="bbox 392 3659 2040 3731">
    <p class='ocr_par' dir='ltr' id='par_1_69' title="bbox 392 3659 2040 3731">
     <span class='ocr_line' id='line_1_69' title="bbox 392 3659 2040 3731; baseline -0.008 -4"><span class='ocrx_word' id='word_1_502' title='bbox 392 3671 674 3728; x_wconf 88' lang='lat' dir='ltr'>faciemus</span> <span class='ocrx_word' id='word_1_503' title='bbox 691 3668 717 3721; x_wconf 82' lang='lat'><strong>?</strong></span> <span class='ocrx_word' id='word_1_504' title='bbox 735 3669 820 3721; x_wconf 90' lang='lat' dir='ltr'>An</span> <span class='ocrx_word' id='word_1_505' title='bbox 845 3681 942 3720; x_wconf 84' lang='lat' dir='ltr'>eos</span> <span class='ocrx_word' id='word_1_506' title='bbox 967 3661 1449 3718; x_wconf 81' lang='lat' dir='ltr'>contemnemus?</span> <span class='ocrx_word' id='word_1_507' title='bbox 1475 3678 1547 3716; x_wconf 90' lang='lat' dir='ltr'>an</span> <span class='ocrx_word' id='word_1_508' title='bbox 1573 3659 2040 3731; x_wconf 61' lang='lat' dir='ltr'>prasteribimus?</span> 
     </span>
    </p>
   </div>
   <div class='ocr_carea' id='block_1_70' title="bbox 319 3748 2040 3821">
    <p class='ocr_par' dir='ltr' id='par_1_70' title="bbox 319 3748 2040 3821">
     <span class='ocr_line' id='line_1_70' title="bbox 319 3748 2040 3821; baseline -0.008 -4"><span class='ocrx_word' id='word_1_509' title='bbox 319 3771 324 3778; x_wconf 93' lang='lat'>&#39;</span> <span class='ocrx_word' id='word_1_510' title='bbox 400 3777 473 3817; x_wconf 86' lang='lat' dir='ltr'>an</span> <span class='ocrx_word' id='word_1_511' title='bbox 496 3763 560 3814; x_wconf 92' lang='lat' dir='ltr'>ut</span> <span class='ocrx_word' id='word_1_512' title='bbox 590 3763 876 3820; x_wconf 83' lang='lat' dir='ltr'>mortuos,</span> <span class='ocrx_word' id='word_1_513' title='bbox 900 3759 964 3809; x_wconf 92' lang='lat' dir='ltr'>ut</span> <span class='ocrx_word' id='word_1_514' title='bbox 991 3751 1396 3819; x_wconf 88' lang='lat' dir='ltr'>exsecrabiles,</span> <span class='ocrx_word' id='word_1_515' title='bbox 1420 3756 1483 3804; x_wconf 87' lang='lat' dir='ltr'>ut</span> <span class='ocrx_word' id='word_1_516' title='bbox 1512 3748 2040 3821; x_wconf 86' lang='lat' dir='ltr'>perniciosissimos</span> 
     </span>
    </p>
   </div>
   <div class='ocr_carea' id='block_1_71' title="bbox 399 3839 2039 3922">
    <p class='ocr_par' dir='ltr' id='par_1_71' title="bbox 399 3839 2039 3922">
     <span class='ocr_line' id='line_1_71' title="bbox 399 3839 2039 3922; baseline -0.008 -17"><span class='ocrx_word' id='word_1_517' title='bbox 399 3864 665 3922; x_wconf 88' lang='lat' dir='ltr'>quosque</span> <span class='ocrx_word' id='word_1_518' title='bbox 681 3849 982 3916; x_wconf 89' lang='lat' dir='ltr'>serpentes</span> <span class='ocrx_word' id='word_1_519' title='bbox 999 3859 1064 3898; x_wconf 89' lang='lat' dir='ltr'>ac</span> <span class='ocrx_word' id='word_1_520' title='bbox 1083 3842 1233 3896; x_wconf 84' lang='lat' dir='ltr'>feras</span> <span class='ocrx_word' id='word_1_521' title='bbox 1251 3841 1588 3895; x_wconf 90' lang='lat' dir='ltr'>deseremus</span> <span class='ocrx_word' id='word_1_522' title='bbox 1603 3839 1871 3909; x_wconf 78' lang='lat' dir='ltr'>PNequaq</span> <span class='ocrx_word' id='word_1_523' title='bbox 1884 3855 2039 3906; x_wconf 88' lang='lat' dir='ltr'>uam,</span> 
     </span>
    </p>
   </div>
   <div class='ocr_carea' id='block_1_72' title="bbox 398 3929 2042 4000">
    <p class='ocr_par' dir='ltr' id='par_1_72' title="bbox 398 3929 2042 4000">
     <span class='ocr_line' id='line_1_72' title="bbox 398 3929 2042 4000; baseline -0.009 -6"><span class='ocrx_word' id='word_1_524' title='bbox 398 3940 627 3994; x_wconf 78' lang='lat' dir='ltr'>fratres.</span> <span class='ocrx_word' id='word_1_525' title='bbox 661 3934 929 3990; x_wconf 84' lang='lat' dir='ltr'>Alienum</span> <span class='ocrx_word' id='word_1_526' title='bbox 960 3932 1071 3988; x_wconf 93' lang='lat' dir='ltr'>hoc</span> <span class='ocrx_word' id='word_1_527' title='bbox 1115 3948 1148 3984; x_wconf 88' lang='lat' dir='ltr'>a</span> <span class='ocrx_word' id='word_1_528' title='bbox 1195 3929 1363 3985; x_wconf 91' lang='lat' dir='ltr'>nobis</span> <span class='ocrx_word' id='word_1_529' title='bbox 1393 3934 1503 3997; x_wconf 89' lang='lat' dir='ltr'>est,</span> <span class='ocrx_word' id='word_1_530' title='bbox 1535 3929 1632 4000; x_wconf 90' lang='lat' dir='ltr'>qui</span> <span class='ocrx_word' id='word_1_531' title='bbox 1666 3929 1876 3982; x_wconf 87' lang='lat' dir='ltr'>Christi</span> <span class='ocrx_word' id='word_1_532' title='bbox 1908 3943 2042 3982; x_wconf 91' lang='lat' dir='ltr'>oves</span> 
     </span>
    </p>
   </div>
   <div class='ocr_carea' id='block_1_73' title="bbox 399 4017 2042 4094">
    <p class='ocr_par' dir='ltr' id='par_1_73' title="bbox 399 4017 2042 4094">
     <span class='ocr_line' id='line_1_73' title="bbox 399 4017 2042 4094; baseline -0.008 -12"><span class='ocrx_word' id='word_1_533' title='bbox 399 4042 608 4082; x_wconf 84' lang='lat' dir='ltr'>sumus</span> <span class='ocrx_word' id='word_1_534' title='bbox 637 4025 706 4094; x_wconf 75' lang='grc'>⁸⁸,</span> <span class='ocrx_word' id='word_1_535' title='bbox 759 4022 892 4079; x_wconf 90' lang='lat' dir='ltr'>boni</span> <span class='ocrx_word' id='word_1_536' title='bbox 924 4021 1085 4075; x_wconf 87' lang='lat' dir='ltr'>illius</span> <span class='ocrx_word' id='word_1_537' title='bbox 1116 4017 1395 4083; x_wconf 90' lang='lat' dir='ltr'>Pastoris,</span> <span class='ocrx_word' id='word_1_538' title='bbox 1427 4017 1523 4088; x_wconf 91' lang='lat' dir='ltr'>qui</span> <span class='ocrx_word' id='word_1_539' title='bbox 1557 4021 1846 4072; x_wconf 88' lang='lat' dir='ltr'>errantem</span> <span class='ocrx_word' id='word_1_540' title='bbox 1879 4032 2042 4070; x_wconf 89' lang='lat' dir='ltr'>ovem</span> 
     </span>
    </p>
   </div>
   <div class='ocr_carea' id='block_1_74' title="bbox 399 4105 2043 4182">
    <p class='ocr_par' dir='ltr' id='par_1_74' title="bbox 399 4105 2043 4182">
     <span class='ocr_line' id='line_1_74' title="bbox 399 4105 2043 4182; baseline -0.007 -12"><span class='ocrx_word' id='word_1_541' title='bbox 399 4113 646 4176; x_wconf 88' lang='lat' dir='ltr'>reducit,</span> <span class='ocrx_word' id='word_1_542' title='bbox 680 4118 738 4168; x_wconf 90' lang='lat' dir='ltr'>et</span> <span class='ocrx_word' id='word_1_543' title='bbox 769 4109 1057 4182; x_wconf 90' lang='lat' dir='ltr'>perditam</span> <span class='ocrx_word' id='word_1_544' title='bbox 1088 4107 1382 4178; x_wconf 88' lang='lat' dir='ltr'>conquirit</span> <span class='ocrx_word' id='word_1_545' title='bbox 1411 4107 1475 4174; x_wconf 77' lang='grc'>⁸⁵,</span> <span class='ocrx_word' id='word_1_546' title='bbox 1507 4113 1562 4160; x_wconf 89' lang='lat' dir='ltr'>et</span> <span class='ocrx_word' id='word_1_547' title='bbox 1592 4105 1887 4159; x_wconf 80' lang='lat' dir='ltr'>inﬁrmam</span> <span class='ocrx_word' id='word_1_548' title='bbox 1919 4122 2043 4159; x_wconf 87' lang='lat' dir='ltr'>cor-</span> 
     </span>
    </p>
   </div>
   <div class='ocr_carea' id='block_1_75' title="bbox 397 4195 2044 4265">
    <p class='ocr_par' dir='ltr' id='par_1_75' title="bbox 397 4195 2044 4265">
     <span class='ocr_line' id='line_1_75' title="bbox 397 4195 2044 4265; baseline -0.008 -6"><span class='ocrx_word' id='word_1_549' title='bbox 397 4204 635 4260; x_wconf 90' lang='lat' dir='ltr'>roborat</span> <span class='ocrx_word' id='word_1_550' title='bbox 663 4201 707 4235; x_wconf 75' lang='grc'>⁸⁸</span> <span class='ocrx_word' id='word_1_551' title='bbox 739 4217 754 4255; x_wconf 87' lang='lat'><strong>:</strong></span> <span class='ocrx_word' id='word_1_552' title='bbox 797 4199 1052 4254; x_wconf 86' lang='lat' dir='ltr'>alienum</span> <span class='ocrx_word' id='word_1_553' title='bbox 1087 4198 1223 4251; x_wconf 90' lang='lat' dir='ltr'>item</span> <span class='ocrx_word' id='word_1_554' title='bbox 1257 4195 1327 4250; x_wconf 82' lang='lat' dir='ltr'>ab</span> <span class='ocrx_word' id='word_1_555' title='bbox 1361 4195 1620 4248; x_wconf 82' lang='lat' dir='ltr'>humana</span> <span class='ocrx_word' id='word_1_556' title='bbox 1652 4201 1884 4260; x_wconf 89' lang='lat' dir='ltr'>natura,</span> <span class='ocrx_word' id='word_1_557' title='bbox 1918 4211 2044 4265; x_wconf 65' lang='lat' dir='ltr'>quae</span> 
     </span>
    </p>
   </div>
   <div class='ocr_carea' id='block_1_76' title="bbox 399 4283 2049 4354">
    <p class='ocr_par' dir='ltr' id='par_1_76' title="bbox 399 4283 2049 4354">
     <span class='ocr_line' id='line_1_76' title="bbox 399 4283 2049 4354; baseline -0.007 -7"><span class='ocrx_word' id='word_1_558' title='bbox 399 4287 968 4347; x_wconf 85' lang='lat' dir='ltr'>commiserationem</span> <span class='ocrx_word' id='word_1_559' title='bbox 1001 4284 1175 4340; x_wconf 84' lang='lat' dir='ltr'>veluti</span> <span class='ocrx_word' id='word_1_560' title='bbox 1206 4283 1319 4338; x_wconf 88' lang='lat' dir='ltr'>lata</span> <span class='ocrx_word' id='word_1_561' title='bbox 1353 4283 1476 4353; x_wconf 85' lang='lat' dir='ltr'>lege</span> <span class='ocrx_word' id='word_1_562' title='bbox 1506 4283 1717 4348; x_wconf 83' lang='lat' dir='ltr'>sanxit,</span> <span class='ocrx_word' id='word_1_563' title='bbox 1753 4287 1950 4354; x_wconf 85' lang='lat' dir='ltr'>utpote</span> <span class='ocrx_word' id='word_1_564' title='bbox 1980 4299 2049 4338; x_wconf 83' lang='lat' dir='ltr'>ex</span> 
     </span>
    </p>
   </div>
   <div class='ocr_carea' id='block_1_77' title="bbox 400 4371 2049 4444">
    <p class='ocr_par' dir='ltr' id='par_1_77' title="bbox 400 4371 2049 4444">
     <span class='ocr_line' id='line_1_77' title="bbox 400 4371 2049 4444; baseline -0.007 -7"><span class='ocrx_word' id='word_1_565' title='bbox 400 4380 604 4436; x_wconf 84' lang='lat' dir='ltr'>eadem</span> <span class='ocrx_word' id='word_1_566' title='bbox 626 4375 968 4432; x_wconf 80' lang='lat' dir='ltr'>inﬁrmitate</span> <span class='ocrx_word' id='word_1_567' title='bbox 991 4375 1060 4430; x_wconf 89' lang='lat' dir='ltr'>ad</span> <span class='ocrx_word' id='word_1_568' title='bbox 1093 4372 1366 4444; x_wconf 84' lang='lat' dir='ltr'>pietatem</span> <span class='ocrx_word' id='word_1_569' title='bbox 1388 4377 1445 4426; x_wconf 88' lang='lat' dir='ltr'>et</span> <span class='ocrx_word' id='word_1_570' title='bbox 1465 4371 1888 4426; x_wconf 88' lang='lat' dir='ltr'>humanitatem</span> <span class='ocrx_word' id='word_1_571' title='bbox 1912 4388 2049 4426; x_wconf 89' lang='lat' dir='ltr'>eru-</span> 
     </span>
    </p>
   </div>
   <div class='ocr_carea' id='block_1_78' title="bbox 401 4469 544 4526">
    <p class='ocr_par' dir='ltr' id='par_1_78' title="bbox 401 4469 544 4526">
     <span class='ocr_line' id='line_1_78' title="bbox 401 4469 544 4526; baseline -0.028 0"><span class='ocrx_word' id='word_1_572' title='bbox 401 4469 544 4526; x_wconf 88' lang='lat' dir='ltr'>dita.</span> 
     </span>
    </p>
   </div>
   <div class='ocr_carea' id='block_1_79' title="bbox 471 4535 2122 4620">
    <p class='ocr_par' dir='ltr' id='par_1_79' title="bbox 471 4535 2122 4620">
     <span class='ocr_line' id='line_1_79' title="bbox 471 4535 2122 4620; baseline -0.008 -8"><span class='ocrx_word' id='word_1_573' title='bbox 471 4557 620 4612; x_wconf 84' lang='lat' dir='ltr'>XVI.</span> <span class='ocrx_word' id='word_1_574' title='bbox 675 4553 820 4620; x_wconf 87' lang='lat' dir='ltr'>Quid</span> <span class='ocrx_word' id='word_1_575' title='bbox 871 4549 1119 4606; x_wconf 82' lang='lat' dir='ltr'>autem?</span> <span class='ocrx_word' id='word_1_576' title='bbox 1167 4547 1333 4603; x_wconf 84' lang='lat' dir='ltr'>Illinc</span> <span class='ocrx_word' id='word_1_577' title='bbox 1381 4548 1487 4604; x_wconf 92' lang='lat' dir='ltr'>sub</span> <span class='ocrx_word' id='word_1_578' title='bbox 1536 4548 1630 4603; x_wconf 89' lang='lat' dir='ltr'>dio</span> <span class='ocrx_word' id='word_1_579' title='bbox 1662 4549 2042 4617; x_wconf 85' lang='lat' dir='ltr'>vexabuntur,</span> <span class='ocrx_word' id='word_1_580' title='bbox 2076 4535 2122 4599; x_wconf 91' lang='lat' dir='ltr'><strong>D</strong></span> 
     </span>
    </p>
   </div>
   <div class='ocr_carea' id='block_1_80' title="bbox 472 4726 1525 4801">
    <p class='ocr_par' dir='ltr' id='par_1_80' title="bbox 472 4726 1525 4801">
     <span class='ocr_line' id='line_1_80' title="bbox 472 4726 1525 4801; baseline -0.009 -12"><span class='ocrx_word' id='word_1_581' title='bbox 472 4735 519 4768; x_wconf 76' lang='grc'>⁷⁸</span> <span class='ocrx_word' id='word_1_582' title='bbox 547 4733 715 4789; x_wconf 87' lang='lat' dir='ltr'>Joan.</span> <span class='ocrx_word' id='word_1_583' title='bbox 749 4747 788 4801; x_wconf 83' lang='grc' dir='ltr'>ι,</span> <span class='ocrx_word' id='word_1_584' title='bbox 831 4730 920 4783; x_wconf 81' lang='lat'>29.</span> <span class='ocrx_word' id='word_1_585' title='bbox 996 4727 1094 4801; x_wconf 65' lang='grc'>⁷⁸]</span> <span class='ocrx_word' id='word_1_586' title='bbox 1125 4730 1250 4782; x_wconf 93' lang='lat' dir='ltr'>Cor.</span> <span class='ocrx_word' id='word_1_587' title='bbox 1283 4743 1403 4801; x_wconf 81' lang='lat' dir='ltr'>vui,</span> <span class='ocrx_word' id='word_1_588' title='bbox 1441 4726 1525 4801; x_wconf 63' lang='grc'>11.</span> 
     </span>
    </p>
   </div>
   <div class='ocr_carea' id='block_1_81' title="bbox 399 4799 1426 4872">
    <p class='ocr_par' dir='ltr' id='par_1_81' title="bbox 399 4799 1426 4872">
     <span class='ocr_line' id='line_1_81' title="bbox 399 4799 1426 4872; baseline -0.011 -9"><span class='ocrx_word' id='word_1_589' title='bbox 399 4808 445 4845; x_wconf 69' lang='grc'><strong>⁸1</strong></span> <span class='ocrx_word' id='word_1_590' title='bbox 479 4805 683 4862; x_wconf 87' lang='lat' dir='ltr'>Matth.</span> <span class='ocrx_word' id='word_1_591' title='bbox 716 4799 793 4872; x_wconf 75' lang='lat' dir='ltr'>xi,</span> <span class='ocrx_word' id='word_1_592' title='bbox 822 4802 911 4855; x_wconf 83' lang='lat'>29.</span> <span class='ocrx_word' id='word_1_593' title='bbox 988 4801 1032 4834; x_wconf 84' lang='grc'>⁸²</span> <span class='ocrx_word' id='word_1_594' title='bbox 1062 4799 1173 4856; x_wconf 89' lang='lat' dir='ltr'>Isa.</span> <span class='ocrx_word' id='word_1_595' title='bbox 1222 4814 1340 4867; x_wconf 82' lang='lat' dir='ltr'>LIII,</span> <span class='ocrx_word' id='word_1_596' title='bbox 1374 4799 1426 4851; x_wconf 88' lang='grc'>4.</span> 
     </span>
    </p>
   </div>
   <div class='ocr_carea' id='block_1_82' title="bbox 403 4872 989 4944">
    <p class='ocr_par' dir='ltr' id='par_1_82' title="bbox 403 4872 989 4944">
     <span class='ocr_line' id='line_1_82' title="bbox 403 4872 989 4944; baseline -0.015 -9"><span class='ocrx_word' id='word_1_597' title='bbox 403 4879 448 4916; x_wconf 81' lang='grc'>⁸⁸</span> <span class='ocrx_word' id='word_1_598' title='bbox 478 4875 683 4934; x_wconf 90' lang='lat' dir='ltr'>Ezech.</span> <span class='ocrx_word' id='word_1_599' title='bbox 715 4890 906 4944; x_wconf 76' lang='lat' dir='ltr'>xxxxv,</span> <span class='ocrx_word' id='word_1_600' title='bbox 937 4872 989 4927; x_wconf 74' lang='grc'>4.</span> 
     </span>
    </p>
   </div>
   <div class='ocr_carea' id='block_1_83' title="bbox 471 5048 2048 5128">
    <p class='ocr_par' dir='ltr' id='par_1_83' title="bbox 471 5048 2048 5128">
     <span class='ocr_line' id='line_1_83' title="bbox 471 5048 2048 5128; baseline -0.004 -18"><span class='ocrx_word' id='word_1_601' title='bbox 471 5051 968 5128; x_wconf 40' lang='grc' dir='ltr'>(18)-Ἐνιιρμένοι.</span> <span class='ocrx_word' id='word_1_602' title='bbox 1017 5053 1111 5108; x_wconf 90' lang='lat' dir='ltr'>Sic</span> <span class='ocrx_word' id='word_1_603' title='bbox 1161 5051 1358 5123; x_wconf 88' lang='lat' dir='ltr'>plures</span> <span class='ocrx_word' id='word_1_604' title='bbox 1411 5051 1590 5122; x_wconf 82' lang='lat' dir='ltr'>Regg.</span> <span class='ocrx_word' id='word_1_605' title='bbox 1635 5054 1691 5104; x_wconf 90' lang='lat' dir='ltr'>et</span> <span class='ocrx_word' id='word_1_606' title='bbox 1719 5049 1880 5104; x_wconf 89' lang='lat' dir='ltr'>Colb.</span> <span class='ocrx_word' id='word_1_607' title='bbox 1914 5048 2048 5119; x_wconf 88' lang='lat' dir='ltr'>Alii,</span> 
     </span>
    </p>
   </div>
   <div class='ocr_carea' id='block_1_84' title="bbox 405 5124 1678 5252">
    <p class='ocr_par' dir='ltr' id='par_1_84' title="bbox 405 5124 1678 5252">
     <span class='ocr_line' id='line_1_84' title="bbox 405 5124 804 5252; baseline -0.008 -70"><span class='ocrx_word' id='word_1_608' title='bbox 405 5124 715 5252; x_wconf 57' lang='grc' dir='ltr'>ἔνηρόλένοι.</span> <span class='ocrx_word' id='word_1_609' title='bbox 761 5124 804 5128; x_wconf 17' lang='grc' dir='ltr'>’ν</span> 
     </span>
     <span class='ocr_line' id='line_1_85' title="bbox 473 5190 1678 5252; baseline -0.007 0"><span class='ocrx_word' id='word_1_610' title='bbox 473 5201 523 5252; x_wconf 88' lang='grc'><strong>(1</strong></span> <span class='ocrx_word' id='word_1_611' title='bbox 578 5198 823 5252; x_wconf 76' lang='grc' dir='ltr'>)Ἠυ.ὦν.</span> <span class='ocrx_word' id='word_1_612' title='bbox 856 5197 948 5251; x_wconf 90' lang='lat' dir='ltr'>Sic</span> <span class='ocrx_word' id='word_1_613' title='bbox 981 5195 1244 5252; x_wconf 86' lang='lat' dir='ltr'>nleriaue</span> <span class='ocrx_word' id='word_1_614' title='bbox 1275 5193 1440 5247; x_wconf 93' lang='lat' dir='ltr'>codd.</span> <span class='ocrx_word' id='word_1_615' title='bbox 1479 5194 1539 5246; x_wconf 90' lang='lat' dir='ltr'>In</span> <span class='ocrx_word' id='word_1_616' title='bbox 1583 5190 1678 5246; x_wconf 89' lang='lat' dir='ltr'>alii</span> 
     </span>
    </p>
   </div>
   <div class='ocr_carea' id='block_1_85' title="bbox 473 5189 1939 5269">
    <p class='ocr_par' dir='ltr' id='par_1_85' title="bbox 473 5189 1939 5269">
     <span class='ocr_line' id='line_1_86' title="bbox 473 5189 1939 5269; baseline -0.009 -14"><span class='ocrx_word' id='word_1_617' title='bbox 473 5189 587 5269; x_wconf 75' lang='lat'>(19)</span> <span class='ocrx_word' id='word_1_618' title='bbox 616 5198 823 5268; x_wconf 83' lang='grc' dir='ltr'>Ἠμῶν.</span> <span class='ocrx_word' id='word_1_619' title='bbox 856 5197 948 5269; x_wconf 80' lang='lat' dir='ltr'>Sic</span> <span class='ocrx_word' id='word_1_620' title='bbox 981 5195 1244 5269; x_wconf 89' lang='lat' dir='ltr'>plerique</span> <span class='ocrx_word' id='word_1_621' title='bbox 1275 5193 1440 5269; x_wconf 80' lang='lat' dir='ltr'>codd.</span> <span class='ocrx_word' id='word_1_622' title='bbox 1479 5194 1539 5246; x_wconf 90' lang='lat' dir='ltr'>In</span> <span class='ocrx_word' id='word_1_623' title='bbox 1583 5189 1939 5269; x_wconf 47' lang='lat' dir='ltr'>aliis_,“5.u&amp;w_.</span> 
     </span>
    </p>
   </div>
   <div class='ocr_carea' id='block_1_86' title="bbox 473 5261 2049 5342">
    <p class='ocr_par' dir='ltr' id='par_1_86' title="bbox 473 5261 2049 5342">
     <span class='ocr_line' id='line_1_87' title="bbox 473 5261 2049 5342; baseline -0.005 -16"><span class='ocrx_word' id='word_1_624' title='bbox 473 5261 587 5342; x_wconf 80' lang='grc'>(20)</span> <span class='ocrx_word' id='word_1_625' title='bbox 616 5261 695 5325; x_wconf 76' lang='grc' dir='ltr'>Τὸ</span> <span class='ocrx_word' id='word_1_626' title='bbox 728 5273 842 5322; x_wconf 85' lang='grc' dir='ltr'>κατ’</span> <span class='ocrx_word' id='word_1_627' title='bbox 891 5261 1089 5320; x_wconf 75' lang='grc' dir='ltr'>είκόνα.</span> <span class='ocrx_word' id='word_1_628' title='bbox 1145 5261 1173 5316; x_wconf 68' lang='grc' dir='ltr'>ᾇ</span> <span class='ocrx_word' id='word_1_629' title='bbox 1205 5265 1472 5319; x_wconf 86' lang='lat' dir='ltr'>Animam</span> <span class='ocrx_word' id='word_1_630' title='bbox 1510 5285 1536 5311; x_wconf 84' lang='lat'>»</span> <span class='ocrx_word' id='word_1_631' title='bbox 1592 5261 1863 5334; x_wconf 88' lang='lat' dir='ltr'>intelligit</span> <span class='ocrx_word' id='word_1_632' title='bbox 1912 5264 2049 5319; x_wconf 91' lang='lat' dir='ltr'>Gre-</span> 
     </span>
    </p>
   </div>
   <div class='ocr_carea' id='block_1_87' title="bbox 402 5345 627 5418">
    <p class='ocr_par' dir='ltr' id='par_1_87' title="bbox 402 5345 627 5418">
     <span class='ocr_line' id='line_1_88' title="bbox 402 5345 627 5418; baseline 0 0"><span class='ocrx_word' id='word_1_633' title='bbox 402 5345 627 5418; x_wconf 59' lang='grc' dir='ltr'>εοιῖίιιετ</span> 
     </span>
    </p>
   </div>
   <div class='ocr_carea' id='block_1_88' title="bbox 474 5402 2047 5485">
    <p class='ocr_par' dir='ltr' id='par_1_88' title="bbox 474 5402 2047 5485">
     <span class='ocr_line' id='line_1_89' title="bbox 474 5402 2047 5485; baseline -0.006 -15"><span class='ocrx_word' id='word_1_634' title='bbox 474 5405 946 5485; x_wconf 80' lang='grc' dir='ltr'>(24)11αραπολύ,</span> <span class='ocrx_word' id='word_1_635' title='bbox 1005 5413 1114 5463; x_wconf 91' lang='lat' dir='ltr'>etc.</span> <span class='ocrx_word' id='word_1_636' title='bbox 1168 5407 1226 5461; x_wconf 91' lang='lat' dir='ltr'>In</span> <span class='ocrx_word' id='word_1_637' title='bbox 1279 5404 1852 5485; x_wconf 27' lang='lat' dir='ltr'>quibusdamt‘mpa‘i</span> <span class='ocrx_word' id='word_1_638' title='bbox 1883 5402 2047 5485; x_wconf 68' lang='grc' dir='ltr'>πολύ.</span> 
     </span>
    </p>
   </div>
   <div class='ocr_carea' id='block_1_89' title="bbox 401 5476 2048 5555">
    <p class='ocr_par' dir='ltr' id='par_1_89' title="bbox 401 5476 2048 5555">
     <span class='ocr_line' id='line_1_90' title="bbox 401 5476 2048 5555; baseline -0.008 -11"><span class='ocrx_word' id='word_1_639' title='bbox 401 5509 430 5538; x_wconf 87' lang='grc'>‹‹</span> <span class='ocrx_word' id='word_1_640' title='bbox 461 5476 545 5542; x_wconf 71' lang='lat' dir='ltr'>Ab</span> <span class='ocrx_word' id='word_1_641' title='bbox 577 5476 777 5555; x_wconf 81' lang='lat' dir='ltr'>hujus,</span> <span class='ocrx_word' id='word_1_642' title='bbox 802 5496 1010 5552; x_wconf 89' lang='lat' dir='ltr'>nempe</span> <span class='ocrx_word' id='word_1_643' title='bbox 1041 5476 1343 5555; x_wconf 63' lang='lat' dir='ltr'>praesentis</span> <span class='ocrx_word' id='word_1_644' title='bbox 1375 5476 1801 5555; x_wconf 70' lang='lat' dir='ltr'>vitaa_t&#39;elic_ita_te</span> <span class='ocrx_word' id='word_1_645' title='bbox 1835 5477 2048 5555; x_wconf 79' lang='lat' dir='ltr'>longis-</span> 
     </span>
    </p>
   </div>
   <div class='ocr_carea' id='block_1_90' title="bbox 404 5547 2048 5619">
    <p class='ocr_par' dir='ltr' id='par_1_90' title="bbox 404 5547 2048 5619">
     <span class='ocr_line' id='line_1_91' title="bbox 404 5547 2048 5619; baseline -0.006 -5"><span class='ocrx_word' id='word_1_646' title='bbox 404 5557 552 5614; x_wconf 88' lang='lat' dir='ltr'>sime</span> <span class='ocrx_word' id='word_1_647' title='bbox 584 5547 1001 5611; x_wconf 54' lang='lat' dir='ltr'>aberraruntI»</span> <span class='ocrx_word' id='word_1_648' title='bbox 1040 5547 1167 5604; x_wconf 77' lang='lat' dir='ltr'>Bill.</span> <span class='ocrx_word' id='word_1_649' title='bbox 1202 5571 1229 5599; x_wconf 88' lang='lat'><strong>«</strong></span> <span class='ocrx_word' id='word_1_650' title='bbox 1263 5550 1347 5603; x_wconf 88' lang='lat' dir='ltr'>Ab</span> <span class='ocrx_word' id='word_1_651' title='bbox 1379 5549 1485 5602; x_wconf 89' lang='lat' dir='ltr'>hac</span> <span class='ocrx_word' id='word_1_652' title='bbox 1514 5547 1856 5619; x_wconf 89' lang='lat' dir='ltr'>longissime</span> <span class='ocrx_word' id='word_1_653' title='bbox 1887 5547 2048 5605; x_wconf 85' lang='lat' dir='ltr'>aber-</span> 
     </span>
    </p>
   </div>
   <div class='ocr_carea' id='block_1_91' title="bbox 407 5633 689 5684">
    <p class='ocr_par' dir='ltr' id='par_1_91' title="bbox 407 5633 689 5684">
     <span class='ocr_line' id='line_1_92' title="bbox 407 5633 689 5684; baseline -0.018 0"><span class='ocrx_word' id='word_1_654' title='bbox 407 5633 631 5684; x_wconf 87' lang='lat' dir='ltr'>rarunt.</span> <span class='ocrx_word' id='word_1_655' title='bbox 662 5647 689 5679; x_wconf 75' lang='grc' dir='ltr'>ι</span> 
     </span>
    </p>
   </div>
   <div class='ocr_carea' id='block_1_92' title="bbox 477 5685 2054 5782">
    <p class='ocr_par' dir='ltr' id='par_1_92' title="bbox 477 5685 2054 5782">
     <span class='ocr_line' id='line_1_93' title="bbox 477 5685 2054 5782; baseline -0.006 -29"><span class='ocrx_word' id='word_1_656' title='bbox 477 5699 591 5782; x_wconf 85' lang='grc'>(22)</span> <span class='ocrx_word' id='word_1_657' title='bbox 621 5697 856 5775; x_wconf 83' lang='grc' dir='ltr'>Χριστῷ.</span> <span class='ocrx_word' id='word_1_658' title='bbox 905 5694 1001 5751; x_wconf 92' lang='lat' dir='ltr'>Or.</span> <span class='ocrx_word' id='word_1_659' title='bbox 1043 5693 1079 5748; x_wconf 90' lang='grc'>2</span> <span class='ocrx_word' id='word_1_660' title='bbox 1106 5692 1287 5762; x_wconf 86' lang='lat' dir='ltr'>addit,</span> <span class='ocrx_word' id='word_1_661' title='bbox 1322 5685 1410 5744; x_wconf 81' lang='grc' dir='ltr'>διὰ</span> <span class='ocrx_word' id='word_1_662' title='bbox 1442 5687 1834 5768; x_wconf 82' lang='grc' dir='ltr'>βαπτίσματος,</span> <span class='ocrx_word' id='word_1_663' title='bbox 1868 5714 1895 5741; x_wconf 92' lang='grc'><em>‹‹</em></span> <span class='ocrx_word' id='word_1_664' title='bbox 1950 5707 2054 5767; x_wconf 88' lang='lat' dir='ltr'>per</span> 
     </span>
    </p>
   </div>
   <div class='ocr_carea' id='block_1_93' title="bbox 1601 4724 2115 4792">
    <p class='ocr_par' dir='ltr' id='par_1_93' title="bbox 1601 4724 2115 4792">
     <span class='ocr_line' id='line_1_94' title="bbox 1601 4724 2115 4792; baseline 0 -11"><span class='ocrx_word' id='word_1_665' title='bbox 1601 4726 1644 4759; x_wconf 89' lang='grc'>⁷⁷</span> <span class='ocrx_word' id='word_1_666' title='bbox 1675 4724 1895 4782; x_wconf 90' lang='lat' dir='ltr'>Coloss.</span> <span class='ocrx_word' id='word_1_667' title='bbox 1931 4743 1993 4792; x_wconf 81' lang='grc' dir='ltr'>ιι,</span> <span class='ocrx_word' id='word_1_668' title='bbox 2030 4727 2115 4781; x_wconf 83' lang='grc'><strong>12.</strong></span> 
     </span>
    </p>
   </div>
   <div class='ocr_carea' id='block_1_94' title="bbox 1501 4797 2077 4866">
    <p class='ocr_par' dir='ltr' id='par_1_94' title="bbox 1501 4797 2077 4866">
     <span class='ocr_line' id='line_1_95' title="bbox 1501 4797 2077 4866; baseline 0.003 -14"><span class='ocrx_word' id='word_1_669' title='bbox 1501 4797 1546 4832; x_wconf 81' lang='grc'>⁸³</span> <span class='ocrx_word' id='word_1_670' title='bbox 1577 4797 1626 4852; x_wconf 94' lang='grc' dir='ltr'>ΙΙ</span> <span class='ocrx_word' id='word_1_671' title='bbox 1675 4802 1798 4852; x_wconf 92' lang='lat' dir='ltr'>Cor.</span> <span class='ocrx_word' id='word_1_672' title='bbox 1849 4814 1969 4866; x_wconf 83' lang='lat' dir='ltr'><strong>VIII,</strong></span> <span class='ocrx_word' id='word_1_673' title='bbox 2022 4798 2077 4854; x_wconf 91' lang='lat'>9.</span> 
     </span>
    </p>
   </div>
   <div class='ocr_carea' id='block_1_95' title="bbox 2138 3213 3783 3293">
    <p class='ocr_par' dir='ltr' id='par_1_95' title="bbox 2138 3213 3783 3293">
     <span class='ocr_line' id='line_1_96' title="bbox 2138 3213 3783 3293; baseline 0.005 -28"><span class='ocrx_word' id='word_1_674' title='bbox 2138 3213 2236 3280; x_wconf 73' lang='grc' dir='ltr'>τὴν</span> <span class='ocrx_word' id='word_1_675' title='bbox 2326 3213 2493 3289; x_wconf 72' lang='grc' dir='ltr'>σάρκα</span> <span class='ocrx_word' id='word_1_676' title='bbox 2576 3215 2775 3286; x_wconf 80' lang='grc' dir='ltr'>ταύτην</span> <span class='ocrx_word' id='word_1_677' title='bbox 2851 3216 2941 3270; x_wconf 84' lang='grc' dir='ltr'>καὶ</span> <span class='ocrx_word' id='word_1_678' title='bbox 3012 3218 3074 3270; x_wconf 73' lang='grc' dir='ltr'><strong><em>τό</em></strong></span> <span class='ocrx_word' id='word_1_679' title='bbox 3135 3216 3329 3293; x_wconf 80' lang='grc' dir='ltr'>γεῶδες</span> <span class='ocrx_word' id='word_1_680' title='bbox 3404 3225 3624 3287; x_wconf 82' lang='grc' dir='ltr'>σκῆνος,</span> <span class='ocrx_word' id='word_1_681' title='bbox 3692 3219 3783 3272; x_wconf 89' lang='grc' dir='ltr'>καὶ</span> 
     </span>
    </p>
   </div>
   <div class='ocr_carea' id='block_1_96' title="bbox 2145 3299 3788 3382">
    <p class='ocr_par' dir='ltr' id='par_1_96' title="bbox 2145 3299 3788 3382">
     <span class='ocr_line' id='line_1_97' title="bbox 2145 3299 3788 3382; baseline 0.005 -28"><span class='ocrx_word' id='word_1_682' title='bbox 2145 3299 2492 3372; x_wconf 83' lang='grc' dir='ltr'>ὀδυνηθέντος</span> <span class='ocrx_word' id='word_1_683' title='bbox 2566 3304 2654 3358; x_wconf 83' lang='grc' dir='ltr'>καὶ</span> <span class='ocrx_word' id='word_1_684' title='bbox 2739 3307 3154 3377; x_wconf 74' lang='grc' dir='ltr'>μακακισθέιτος</span> <span class='ocrx_word' id='word_1_685' title='bbox 3230 3308 3359 3382; x_wconf 77' lang='grc' dir='ltr'>ὑπὲρ</span> <span class='ocrx_word' id='word_1_686' title='bbox 3439 3311 3624 3380; x_wconf 78' lang='grc' dir='ltr'>ἡμῶν,</span> <span class='ocrx_word' id='word_1_687' title='bbox 3695 3307 3788 3363; x_wconf 77' lang='grc' dir='ltr'>’ίνα</span> 
     </span>
    </p>
   </div>
   <div class='ocr_carea' id='block_1_97' title="bbox 2142 3392 3788 3469">
    <p class='ocr_par' dir='ltr' id='par_1_97' title="bbox 2142 3392 3788 3469">
     <span class='ocr_line' id='line_1_98' title="bbox 2142 3392 3788 3469; baseline 0.003 -25"><span class='ocrx_word' id='word_1_688' title='bbox 2142 3393 2306 3462; x_wconf 75' lang='grc' dir='ltr'>ἡμεῖς</span> <span class='ocrx_word' id='word_1_689' title='bbox 2386 3395 2496 3464; x_wconf 82' lang='grc'>(25)</span> <span class='ocrx_word' id='word_1_690' title='bbox 2570 3392 2969 3467; x_wconf 83' lang='grc' dir='ltr'>πλουτήσωμεν</span> <span class='ocrx_word' id='word_1_691' title='bbox 3041 3397 3140 3463; x_wconf 66' lang='grc' dir='ltr'>τὴν</span> <span class='ocrx_word' id='word_1_692' title='bbox 3212 3396 3440 3466; x_wconf 86' lang='grc' dir='ltr'>θεότητα</span> <span class='ocrx_word' id='word_1_693' title='bbox 3516 3400 3666 3469; x_wconf 75' lang='lat'>(‘36);</span> <span class='ocrx_word' id='word_1_694' title='bbox 3727 3396 3788 3449; x_wconf 81' lang='grc' dir='ltr'>Υί</span> 
     </span>
    </p>
   </div>
   <div class='ocr_carea' id='block_1_98' title="bbox 2145 3480 3791 3560">
    <p class='ocr_par' dir='ltr' id='par_1_98' title="bbox 2145 3480 3791 3560">
     <span class='ocr_line' id='line_1_99' title="bbox 2145 3480 3791 3560; baseline 0.004 -27"><span class='ocrx_word' id='word_1_695' title='bbox 2145 3480 2236 3533; x_wconf 80' lang='grc' dir='ltr'>οὖν</span> <span class='ocrx_word' id='word_1_696' title='bbox 2296 3483 2479 3551; x_wconf 78' lang='grc' dir='ltr'>ἡμεῖς,</span> <span class='ocrx_word' id='word_1_697' title='bbox 2539 3483 2590 3534; x_wconf 79' lang='grc' dir='ltr'>οἱ</span> <span class='ocrx_word' id='word_1_698' title='bbox 2646 3487 2901 3536; x_wconf 78' lang='grc' dir='ltr'>τοσοῦτον</span> <span class='ocrx_word' id='word_1_699' title='bbox 2964 3482 3368 3560; x_wconf 73' lang='grc' dir='ltr'>εὐσπλαγχνίας</span> <span class='ocrx_word' id='word_1_700' title='bbox 3426 3485 3514 3539; x_wconf 82' lang='grc' dir='ltr'>καὶ</span> <span class='ocrx_word' id='word_1_701' title='bbox 3575 3506 3791 3558; x_wconf 86' lang='grc' dir='ltr'>συμπα-</span> 
     </span>
    </p>
   </div>
   <div class='ocr_carea' id='block_1_99' title="bbox 2146 3565 3790 3648">
    <p class='ocr_par' dir='ltr' id='par_1_99' title="bbox 2146 3565 3790 3648">
     <span class='ocr_line' id='line_1_100' title="bbox 2146 3565 3790 3648; baseline 0.003 -27"><span class='ocrx_word' id='word_1_702' title='bbox 2146 3569 2290 3629; x_wconf 84' lang='grc' dir='ltr'>θείας</span> <span class='ocrx_word' id='word_1_703' title='bbox 2351 3565 2608 3632; x_wconf 74' lang='grc' dir='ltr'>λαϐὁντες</span> <span class='ocrx_word' id='word_1_704' title='bbox 2669 3569 3019 3645; x_wconf 80' lang='grc' dir='ltr'>ὑπόδειγμα”</span> <span class='ocrx_word' id='word_1_705' title='bbox 3075 3572 3124 3626; x_wconf 89' lang='grc' dir='ltr'>τί</span> <span class='ocrx_word' id='word_1_706' title='bbox 3197 3571 3594 3646; x_wconf 74' lang='grc' dir='ltr'>διανοησόμεθα</span> <span class='ocrx_word' id='word_1_707' title='bbox 3664 3574 3790 3648; x_wconf 75' lang='grc' dir='ltr'>περὶ</span> 
     </span>
    </p>
   </div>
   <div class='ocr_carea' id='block_1_100' title="bbox 2145 3657 3796 3737">
    <p class='ocr_par' dir='ltr' id='par_1_100' title="bbox 2145 3657 3796 3737">
     <span class='ocr_line' id='line_1_101' title="bbox 2145 3657 3796 3737; baseline 0.004 -28"><span class='ocrx_word' id='word_1_708' title='bbox 2145 3657 2373 3728; x_wconf 74' lang='grc' dir='ltr'>τούτων,</span> <span class='ocrx_word' id='word_1_709' title='bbox 2406 3659 2495 3712; x_wconf 88' lang='grc' dir='ltr'>καὶ</span> <span class='ocrx_word' id='word_1_710' title='bbox 2542 3657 2594 3712; x_wconf 85' lang='grc' dir='ltr'>τί</span> <span class='ocrx_word' id='word_1_711' title='bbox 2644 3662 2986 3731; x_wconf 71' lang='grc' dir='ltr'>ποιήσομεν;</span> <span class='ocrx_word' id='word_1_712' title='bbox 3049 3661 3464 3736; x_wconf 77' lang='grc' dir='ltr'>Περιοψὸμεθα;</span> <span class='ocrx_word' id='word_1_713' title='bbox 3524 3660 3796 3737; x_wconf 79' lang='grc' dir='ltr'>παραδρα-</span> 
     </span>
    </p>
   </div>
   <div class='ocr_carea' id='block_1_101' title="bbox 2153 3745 3790 3826">
    <p class='ocr_par' dir='ltr' id='par_1_101' title="bbox 2153 3745 3790 3826">
     <span class='ocr_line' id='line_1_102' title="bbox 2153 3745 3790 3826; baseline 0.004 -28"><span class='ocrx_word' id='word_1_714' title='bbox 2153 3745 2437 3818; x_wconf 70' lang='grc' dir='ltr'>μούμεθας</span> <span class='ocrx_word' id='word_1_715' title='bbox 2495 3747 2900 3821; x_wconf 79' lang='grc' dir='ltr'>Καταλείψομεν</span> <span class='ocrx_word' id='word_1_716' title='bbox 2935 3749 3008 3810; x_wconf 85' lang='grc' dir='ltr'>ὡς</span> <span class='ocrx_word' id='word_1_717' title='bbox 3038 3749 3283 3824; x_wconf 75' lang='grc' dir='ltr'>νεκροὺς,</span> <span class='ocrx_word' id='word_1_718' title='bbox 3322 3751 3396 3812; x_wconf 82' lang='grc' dir='ltr'>ὡς</span> <span class='ocrx_word' id='word_1_719' title='bbox 3459 3746 3790 3826; x_wconf 75' lang='grc' dir='ltr'>ἐϐδελυγμέ-</span> 
     </span>
    </p>
   </div>
   <div class='ocr_carea' id='block_1_102' title="bbox 2149 3832 3793 3912">
    <p class='ocr_par' dir='ltr' id='par_1_102' title="bbox 2149 3832 3793 3912">
     <span class='ocr_line' id='line_1_103' title="bbox 2149 3832 3793 3912; baseline 0.006 -28"><span class='ocrx_word' id='word_1_720' title='bbox 2149 3853 2292 3900; x_wconf 90' lang='grc' dir='ltr'>νους,</span> <span class='ocrx_word' id='word_1_721' title='bbox 2328 3834 2403 3894; x_wconf 83' lang='grc' dir='ltr'>ὡς</span> <span class='ocrx_word' id='word_1_722' title='bbox 2447 3832 2681 3909; x_wconf 74' lang='grc' dir='ltr'>ἑρπετῶν</span> <span class='ocrx_word' id='word_1_723' title='bbox 2731 3834 2819 3889; x_wconf 83' lang='grc' dir='ltr'>καὶ</span> <span class='ocrx_word' id='word_1_724' title='bbox 2877 3836 3077 3911; x_wconf 87' lang='grc' dir='ltr'>θηρίων</span> <span class='ocrx_word' id='word_1_725' title='bbox 3111 3838 3175 3891; x_wconf 77' lang='grc' dir='ltr'>τὰ</span> <span class='ocrx_word' id='word_1_726' title='bbox 3230 3840 3609 3912; x_wconf 79' lang='grc' dir='ltr'>πονηρότατα;</span> <span class='ocrx_word' id='word_1_727' title='bbox 3673 3845 3793 3908; x_wconf 83' lang='grc' dir='ltr'>Μη-</span> 
     </span>
    </p>
   </div>
   <div class='ocr_carea' id='block_1_103' title="bbox 2153 3919 3797 4001">
    <p class='ocr_par' dir='ltr' id='par_1_103' title="bbox 2153 3919 3797 4001">
     <span class='ocr_line' id='line_1_104' title="bbox 2153 3919 3797 4001; baseline 0.005 -26"><span class='ocrx_word' id='word_1_728' title='bbox 2153 3919 2366 3992; x_wconf 82' lang='grc' dir='ltr'>δαμῶς,</span> <span class='ocrx_word' id='word_1_729' title='bbox 2429 3920 2695 4001; x_wconf 71' lang='grc' dir='ltr'>ἀδελφοί·</span> <span class='ocrx_word' id='word_1_730' title='bbox 2749 3923 2874 3978; x_wconf 78' lang='grc' dir='ltr'>οὒτε</span> <span class='ocrx_word' id='word_1_731' title='bbox 2923 3927 3058 4000; x_wconf 87' lang='grc' dir='ltr'>πρὸς</span> <span class='ocrx_word' id='word_1_732' title='bbox 3108 3929 3267 3998; x_wconf 72' lang='grc' dir='ltr'>ἡμων</span> <span class='ocrx_word' id='word_1_733' title='bbox 3309 3932 3496 3998; x_wconf 75' lang='grc' dir='ltr'>ταῦτα,</span> <span class='ocrx_word' id='word_1_734' title='bbox 3553 3933 3650 3982; x_wconf 75' lang='grc' dir='ltr'>τοῦ</span> <span class='ocrx_word' id='word_1_735' title='bbox 3683 3931 3797 4000; x_wconf 84' lang='grc'>(27)</span> 
     </span>
    </p>
   </div>
   <div class='ocr_carea' id='block_1_104' title="bbox 2153 4013 3799 4090">
    <p class='ocr_par' dir='ltr' id='par_1_104' title="bbox 2153 4013 3799 4090">
     <span class='ocr_line' id='line_1_105' title="bbox 2153 4013 3799 4090; baseline 0.004 -24"><span class='ocrx_word' id='word_1_736' title='bbox 2153 4016 2391 4084; x_wconf 72' lang='grc' dir='ltr'>Χριστοῦ</span> <span class='ocrx_word' id='word_1_737' title='bbox 2447 4013 2791 4084; x_wconf 82' lang='grc' dir='ltr'>θρεμμάτων,</span> <span class='ocrx_word' id='word_1_738' title='bbox 2848 4018 2944 4067; x_wconf 77' lang='grc' dir='ltr'>τοῦ</span> <span class='ocrx_word' id='word_1_739' title='bbox 3003 4015 3202 4090; x_wconf 74' lang='grc' dir='ltr'>ἄγοιθοῦ</span> <span class='ocrx_word' id='word_1_740' title='bbox 3262 4017 3549 4088; x_wconf 82' lang='grc' dir='ltr'>Ποιμένος,</span> <span class='ocrx_word' id='word_1_741' title='bbox 3592 4023 3689 4071; x_wconf 73' lang='grc' dir='ltr'>τοῦ</span> <span class='ocrx_word' id='word_1_742' title='bbox 3734 4019 3799 4072; x_wconf 88' lang='grc' dir='ltr'>τὸ</span> 
     </span>
    </p>
   </div>
   <div class='ocr_carea' id='block_1_105' title="bbox 2151 4099 3803 4180">
    <p class='ocr_par' dir='ltr' id='par_1_105' title="bbox 2151 4099 3803 4180">
     <span class='ocr_line' id='line_1_106' title="bbox 2151 4099 3803 4180; baseline 0.004 -26"><span class='ocrx_word' id='word_1_743' title='bbox 2151 4099 2508 4172; x_wconf 86' lang='grc' dir='ltr'>πλανώμενον</span> <span class='ocrx_word' id='word_1_744' title='bbox 2570 4101 2999 4180; x_wconf 66' lang='grc' dir='ltr'>ἐπιστρέφοντος,</span> <span class='ocrx_word' id='word_1_745' title='bbox 3060 4104 3148 4158; x_wconf 78' lang='grc' dir='ltr'>καὶ</span> <span class='ocrx_word' id='word_1_746' title='bbox 3204 4105 3266 4159; x_wconf 89' lang='grc' dir='ltr'>τὸ</span> <span class='ocrx_word' id='word_1_747' title='bbox 3315 4105 3614 4167; x_wconf 85' lang='grc' dir='ltr'>ἀπολωλὸς</span> <span class='ocrx_word' id='word_1_748' title='bbox 3647 4106 3803 4176; x_wconf 66' lang='grc' dir='ltr'>ἐκζη-</span> 
     </span>
    </p>
   </div>
   <div class='ocr_carea' id='block_1_106' title="bbox 2151 4191 3802 4271">
    <p class='ocr_par' dir='ltr' id='par_1_106' title="bbox 2151 4191 3802 4271">
     <span class='ocr_line' id='line_1_107' title="bbox 2151 4191 3802 4271; baseline 0.004 -27"><span class='ocrx_word' id='word_1_749' title='bbox 2151 4194 2393 4257; x_wconf 78' lang='grc' dir='ltr'>τοῦντος,</span> <span class='ocrx_word' id='word_1_750' title='bbox 2427 4191 2515 4243; x_wconf 75' lang='grc' dir='ltr'>καὶ</span> <span class='ocrx_word' id='word_1_751' title='bbox 2561 4191 2622 4244; x_wconf 87' lang='grc' dir='ltr'>τὸ</span> <span class='ocrx_word' id='word_1_752' title='bbox 2675 4191 2880 4254; x_wconf 78' lang='grc' dir='ltr'>ἀσθενὲς</span> <span class='ocrx_word' id='word_1_753' title='bbox 2936 4191 3276 4268; x_wconf 68' lang='grc' dir='ltr'>ένισχῦοντος</span> <span class='ocrx_word' id='word_1_754' title='bbox 3303 4212 3314 4225; x_wconf 88' lang='grc'><strong>·</strong></span> <span class='ocrx_word' id='word_1_755' title='bbox 3369 4193 3491 4249; x_wconf 79' lang='grc' dir='ltr'>οὕτε</span> <span class='ocrx_word' id='word_1_756' title='bbox 3534 4197 3671 4271; x_wconf 78' lang='grc' dir='ltr'>πρὸς</span> <span class='ocrx_word' id='word_1_757' title='bbox 3701 4203 3802 4264; x_wconf 82' lang='grc' dir='ltr'>τῆς</span> 
     </span>
    </p>
   </div>
   <div class='ocr_carea' id='block_1_107' title="bbox 2155 4278 3802 4356">
    <p class='ocr_par' dir='ltr' id='par_1_107' title="bbox 2155 4278 3802 4356">
     <span class='ocr_line' id='line_1_108' title="bbox 2155 4278 3802 4356; baseline 0.004 -24"><span class='ocrx_word' id='word_1_758' title='bbox 2155 4279 2493 4353; x_wconf 81' lang='grc' dir='ltr'>ἀνθρωπίνης</span> <span class='ocrx_word' id='word_1_759' title='bbox 2547 4278 2776 4356; x_wconf 77' lang='grc' dir='ltr'>φύσεως,</span> <span class='ocrx_word' id='word_1_760' title='bbox 2837 4283 2870 4350; x_wconf 68' lang='grc' dir='ltr'>ἢ</span> <span class='ocrx_word' id='word_1_761' title='bbox 2928 4281 2988 4336; x_wconf 87' lang='grc' dir='ltr'>τὸ</span> <span class='ocrx_word' id='word_1_762' title='bbox 3061 4283 3335 4355; x_wconf 72' lang='grc' dir='ltr'>συμπαθὲς</span> <span class='ocrx_word' id='word_1_763' title='bbox 3409 4283 3802 4356; x_wconf 73' lang='grc' dir='ltr'>ἰνομοθέτησεν</span> 
     </span>
    </p>
   </div>
   <div class='ocr_carea' id='block_1_108' title="bbox 2157 4366 3804 4451">
    <p class='ocr_par' dir='ltr' id='par_1_108' title="bbox 2157 4366 3804 4451">
     <span class='ocr_line' id='line_1_109' title="bbox 2157 4366 3804 4451; baseline 0.004 -29"><span class='ocrx_word' id='word_1_764' title='bbox 2157 4367 2217 4423; x_wconf 81' lang='grc' dir='ltr'>ἐκ</span> <span class='ocrx_word' id='word_1_765' title='bbox 2260 4376 2359 4437; x_wconf 80' lang='grc' dir='ltr'>τῆς</span> <span class='ocrx_word' id='word_1_766' title='bbox 2387 4366 2508 4439; x_wconf 80' lang='grc' dir='ltr'>ἷ’σης</span> <span class='ocrx_word' id='word_1_767' title='bbox 2556 4369 2822 4432; x_wconf 82' lang='grc' dir='ltr'>ἀσθενείας</span> <span class='ocrx_word' id='word_1_768' title='bbox 2859 4372 3104 4442; x_wconf 75' lang='grc' dir='ltr'>μαθοῦσα</span> <span class='ocrx_word' id='word_1_769' title='bbox 3136 4373 3195 4425; x_wconf 88' lang='grc' dir='ltr'>τὸ</span> <span class='ocrx_word' id='word_1_770' title='bbox 3228 4367 3444 4435; x_wconf 74' lang='grc' dir='ltr'>εὐσεϐὲς</span> <span class='ocrx_word' id='word_1_771' title='bbox 3476 4372 3564 4428; x_wconf 82' lang='grc' dir='ltr'>καὶ</span> <span class='ocrx_word' id='word_1_772' title='bbox 3611 4372 3804 4451; x_wconf 67' lang='grc' dir='ltr'>φιλάν-</span> 
     </span>
    </p>
   </div>
   <div class='ocr_carea' id='block_1_109' title="bbox 2159 4469 2398 4532">
    <p class='ocr_par' dir='ltr' id='par_1_109' title="bbox 2159 4469 2398 4532">
     <span class='ocr_line' id='line_1_110' title="bbox 2159 4469 2398 4532; baseline 0 -20"><span class='ocrx_word' id='word_1_773' title='bbox 2159 4469 2398 4532; x_wconf 81' lang='grc' dir='ltr'>θρωπον.</span> 
     </span>
    </p>
   </div>
   <div class='ocr_carea' id='block_1_110' title="bbox 2226 4544 3802 4627">
    <p class='ocr_par' dir='ltr' id='par_1_110' title="bbox 2226 4544 3802 4627">
     <span class='ocr_line' id='line_1_111' title="bbox 2226 4544 3802 4627; baseline 0.004 -26"><span class='ocrx_word' id='word_1_774' title='bbox 2226 4549 2311 4616; x_wconf 85' lang='grc' dir='ltr'><strong>1ζ’.</strong></span> <span class='ocrx_word' id='word_1_775' title='bbox 2389 4544 2541 4603; x_wconf 85' lang='grc' dir='ltr'>Ἀλλ’</span> <span class='ocrx_word' id='word_1_776' title='bbox 2617 4548 2668 4601; x_wconf 74' lang='grc' dir='ltr'>οἱ</span> <span class='ocrx_word' id='word_1_777' title='bbox 2745 4548 2838 4620; x_wconf 77' lang='grc' dir='ltr'>μὲν</span> <span class='ocrx_word' id='word_1_778' title='bbox 2912 4548 3164 4625; x_wconf 82' lang='grc' dir='ltr'>ὓπαιθροι</span> <span class='ocrx_word' id='word_1_779' title='bbox 3261 4547 3802 4627; x_wconf 74' lang='grc' dir='ltr'>ταλαιπωρήσουσιν,</span> 
     </span>
    </p>
   </div>
   <div class='ocr_carea' id='block_1_111' title="bbox 2192 4726 3798 4797">
    <p class='ocr_par' dir='ltr' id='par_1_111' title="bbox 2192 4726 3798 4797">
     <span class='ocr_line' id='line_1_112' title="bbox 2192 4726 3798 4797; baseline 0.003 -18"><span class='ocrx_word' id='word_1_780' title='bbox 2192 4727 2235 4760; x_wconf 79' lang='grc'>⁷⁸</span> <span class='ocrx_word' id='word_1_781' title='bbox 2269 4726 2436 4781; x_wconf 74' lang='lat' dir='ltr'>Rom.</span> <span class='ocrx_word' id='word_1_782' title='bbox 2485 4743 2607 4781; x_wconf 85' lang='lat' dir='ltr'>vm.</span> <span class='ocrx_word' id='word_1_783' title='bbox 2661 4727 2746 4781; x_wconf 88' lang='lat'>17.</span> <span class='ocrx_word' id='word_1_784' title='bbox 2823 4729 2867 4762; x_wconf 75' lang='lat'>7°</span> <span class='ocrx_word' id='word_1_785' title='bbox 2917 4728 2937 4782; x_wconf 94' lang='grc' dir='ltr'>Ι</span> <span class='ocrx_word' id='word_1_786' title='bbox 2989 4729 3106 4784; x_wconf 84' lang='lat' dir='ltr'>Pet.</span> <span class='ocrx_word' id='word_1_787' title='bbox 3158 4746 3221 4797; x_wconf 82' lang='grc' dir='ltr'>ιι,</span> <span class='ocrx_word' id='word_1_788' title='bbox 3272 4729 3326 4785; x_wconf 85' lang='lat'>9.</span> <span class='ocrx_word' id='word_1_789' title='bbox 3401 4730 3446 4765; x_wconf 79' lang='grc' dir='ltr'>⁸ο</span> <span class='ocrx_word' id='word_1_790' title='bbox 3473 4729 3582 4784; x_wconf 88' lang='lat' dir='ltr'>Tit.</span> <span class='ocrx_word' id='word_1_791' title='bbox 3617 4745 3676 4794; x_wconf 84' lang='lat' dir='ltr'>II,</span> <span class='ocrx_word' id='word_1_792' title='bbox 3711 4729 3798 4784; x_wconf 77' lang='grc'><strong>14.</strong></span> 
     </span>
    </p>
   </div>
   <div class='ocr_carea' id='block_1_112' title="bbox 2152 4797 3802 4870">
    <p class='ocr_par' dir='ltr' id='par_1_112' title="bbox 2152 4797 3802 4870">
     <span class='ocr_line' id='line_1_113' title="bbox 2152 4797 3802 4870; baseline 0.002 -17"><span class='ocrx_word' id='word_1_793' title='bbox 2152 4797 2391 4853; x_wconf 72' lang='grc' dir='ltr'>⁸⁴.Ιοοη.</span> <span class='ocrx_word' id='word_1_794' title='bbox 2446 4815 2501 4864; x_wconf 82' lang='lat' dir='ltr'>x,</span> <span class='ocrx_word' id='word_1_795' title='bbox 2555 4800 2640 4852; x_wconf 86' lang='lat'>11.</span> <span class='ocrx_word' id='word_1_796' title='bbox 2717 4799 2760 4833; x_wconf 78' lang='grc'>⁸⁸</span> <span class='ocrx_word' id='word_1_797' title='bbox 2808 4799 3012 4854; x_wconf 91' lang='lat' dir='ltr'>Matth.</span> <span class='ocrx_word' id='word_1_798' title='bbox 3063 4817 3218 4869; x_wconf 84' lang='lat' dir='ltr'>xvm,</span> <span class='ocrx_word' id='word_1_799' title='bbox 3274 4802 3374 4870; x_wconf 86' lang='lat'>12;</span> <span class='ocrx_word' id='word_1_800' title='bbox 3425 4801 3551 4855; x_wconf 84' lang='lat' dir='ltr'>Luc.</span> <span class='ocrx_word' id='word_1_801' title='bbox 3603 4817 3696 4869; x_wconf 83' lang='lat' dir='ltr'>xv,</span> <span class='ocrx_word' id='word_1_802' title='bbox 3746 4801 3802 4856; x_wconf 86' lang='grc'><strong>4.</strong></span> 
     </span>
    </p>
   </div>
   <div class='ocr_carea' id='block_1_113' title="bbox 2161 5049 2605 5106">
    <p class='ocr_par' dir='ltr' id='par_1_113' title="bbox 2161 5049 2605 5106">
     <span class='ocr_line' id='line_1_114' title="bbox 2161 5049 2605 5106; baseline 0.005 -2"><span class='ocrx_word' id='word_1_803' title='bbox 2161 5049 2548 5106; x_wconf 78' lang='lat' dir='ltr'>baptismum.</span> <span class='ocrx_word' id='word_1_804' title='bbox 2586 5075 2605 5097; x_wconf 73' lang='grc' dir='ltr'><strong>ο</strong></span> 
     </span>
    </p>
   </div>
   <div class='ocr_carea' id='block_1_114' title="bbox 2252 5117 3202 5196">
    <p class='ocr_par' dir='ltr' id='par_1_114' title="bbox 2252 5117 3202 5196">
     <span class='ocr_line' id='line_1_115' title="bbox 2252 5117 3202 5196; baseline 0.002 -20"><span class='ocrx_word' id='word_1_805' title='bbox 2373 5119 2433 5196; x_wconf 61' lang='lat' dir='ltr'>&#39;_l‘_t</span> <span class='ocrx_word' id='word_1_806' title='bbox 2465 5117 2765 5196; x_wconf 38' lang='grc' dir='ltr'>δέηῖῖὶιέεζε.Δ</span> <span class='ocrx_word' id='word_1_807' title='bbox 2789 5139 2850 5196; x_wconf 91' lang='lat' dir='ltr'>c,_</span> <span class='ocrx_word' id='word_1_808' title='bbox 2872 5123 2970 5196; x_wconf 87' lang='lat' dir='ltr'>ph,</span> <span class='ocrx_word' id='word_1_809' title='bbox 3004 5122 3062 5176; x_wconf 89' lang='grc' dir='ltr'>Τί</span> <span class='ocrx_word' id='word_1_810' title='bbox 3095 5120 3202 5179; x_wconf 85' lang='grc' dir='ltr'>δαί.</span> 
     </span>
    </p>
   </div>
   <div class='ocr_carea' id='block_1_115' title="bbox 2234 5191 3812 5278">
    <p class='ocr_par' dir='ltr' id='par_1_115' title="bbox 2234 5191 3812 5278">
     <span class='ocr_line' id='line_1_116' title="bbox 2234 5191 3812 5278; baseline 0.002 -31"><span class='ocrx_word' id='word_1_811' title='bbox 2234 5191 2906 5278; x_wconf 40' lang='lat' dir='ltr'>(24]1,12,920&#39;Scﬁofkaéé.</span> <span class='ocrx_word' id='word_1_812' title='bbox 2969 5196 3160 5278; x_wconf 77' lang='lat' dir='ltr'>schol.</span> <span class='ocrx_word' id='word_1_813' title='bbox 3212 5213 3224 5251; x_wconf 75' lang='grc' dir='ltr'><strong>ε</strong></span> <span class='ocrx_word' id='word_1_814' title='bbox 3285 5194 3812 5278; x_wconf 74' lang='grc' dir='ltr'>περιπεποιημένος,</span> 
     </span>
    </p>
   </div>
   <div class='ocr_carea' id='block_1_116' title="bbox 2161 5263 3812 5346">
    <p class='ocr_par' dir='ltr' id='par_1_116' title="bbox 2161 5263 3812 5346">
     <span class='ocr_line' id='line_1_117' title="bbox 2161 5263 3812 5346; baseline 0.005 -30"><span class='ocrx_word' id='word_1_815' title='bbox 2161 5263 2522 5346; x_wconf 74' lang='grc' dir='ltr'>συνηγμένος,</span> <span class='ocrx_word' id='word_1_816' title='bbox 2577 5263 2733 5334; x_wconf 71' lang='grc' dir='ltr'>ζ’διος,</span> <span class='ocrx_word' id='word_1_817' title='bbox 2785 5290 2811 5316; x_wconf 91' lang='grc'>‹‹</span> <span class='ocrx_word' id='word_1_818' title='bbox 2848 5268 3097 5338; x_wconf 90' lang='lat' dir='ltr'>populus</span> <span class='ocrx_word' id='word_1_819' title='bbox 3128 5263 3476 5339; x_wconf 79' lang='lat' dir='ltr'>acquisitus,</span> <span class='ocrx_word' id='word_1_820' title='bbox 3511 5263 3812 5341; x_wconf 76' lang='lat' dir='ltr'>collectus,</span> 
     </span>
    </p>
   </div>
   <div class='ocr_carea' id='block_1_117' title="bbox 2161 5353 2516 5407">
    <p class='ocr_par' dir='ltr' id='par_1_117' title="bbox 2161 5353 2516 5407">
     <span class='ocr_line' id='line_1_118' title="bbox 2161 5353 2516 5407; baseline -0.011 -17"><span class='ocrx_word' id='word_1_821' title='bbox 2161 5353 2453 5407; x_wconf 78' lang='lat' dir='ltr'>proprius.</span> <span class='ocrx_word' id='word_1_822' title='bbox 2488 5359 2516 5386; x_wconf 85' lang='grc'>››</span> 
     </span>
    </p>
   </div>
   <div class='ocr_carea' id='block_1_118' title="bbox 2233 5407 3526 5493">
    <p class='ocr_par' dir='ltr' id='par_1_118' title="bbox 2233 5407 3526 5493">
     <span class='ocr_line' id='line_1_119' title="bbox 2233 5407 3526 5493; baseline 0.006 -34"><span class='ocrx_word' id='word_1_823' title='bbox 2371 5410 2486 5493; x_wconf 43' lang='grc' dir='ltr'>Ζῐνα</span> <span class='ocrx_word' id='word_1_824' title='bbox 2516 5409 2702 5493; x_wconf 63' lang='grc' dir='ltr'>ἡμεῖς.</span> <span class='ocrx_word' id='word_1_825' title='bbox 2738 5409 2918 5493; x_wconf 78' lang='lat' dir='ltr'>Regg.</span> <span class='ocrx_word' id='word_1_826' title='bbox 2952 5410 3074 5479; x_wconf 94' lang='lat' dir='ltr'>bm,</span> <span class='ocrx_word' id='word_1_827' title='bbox 3106 5411 3206 5493; x_wconf 82' lang='lat' dir='ltr'>ph,</span> <span class='ocrx_word' id='word_1_828' title='bbox 3233 5407 3307 5462; x_wconf 72' lang='grc' dir='ltr'>’ἶν’</span> <span class='ocrx_word' id='word_1_829' title='bbox 3337 5412 3526 5493; x_wconf 60' lang='grc' dir='ltr'>ημεξς.</span> 
     </span>
    </p>
   </div>
   <div class='ocr_carea' id='block_1_119' title="bbox 2235 5479 3811 5554">
    <p class='ocr_par' dir='ltr' id='par_1_119' title="bbox 2235 5479 3811 5554">
     <span class='ocr_line' id='line_1_120' title="bbox 2235 5479 3811 5554; baseline 0.001 -22"><span class='ocrx_word' id='word_1_830' title='bbox 2235 5482 2342 5550; x_wconf 74' lang='grc'>(26)</span> <span class='ocrx_word' id='word_1_831' title='bbox 2371 5480 2478 5554; x_wconf 70' lang='grc' dir='ltr'>Τήν</span> <span class='ocrx_word' id='word_1_832' title='bbox 2536 5479 2783 5546; x_wconf 78' lang='grc' dir='ltr'>θεότητα.</span> <span class='ocrx_word' id='word_1_833' title='bbox 2830 5479 2974 5554; x_wconf 77' lang='lat' dir='ltr'>lteg.</span> <span class='ocrx_word' id='word_1_834' title='bbox 3026 5499 3074 5551; x_wconf 90' lang='lat' dir='ltr'>c,</span> <span class='ocrx_word' id='word_1_835' title='bbox 3108 5479 3259 5554; x_wconf 14' lang='lat' dir='ltr'>ﬁetc.,</span> <span class='ocrx_word' id='word_1_836' title='bbox 3303 5479 3403 5550; x_wconf 69' lang='grc' dir='ltr'>τήν</span> <span class='ocrx_word' id='word_1_837' title='bbox 3457 5482 3662 5536; x_wconf 82' lang='grc' dir='ltr'>ἐκείνου</span> <span class='ocrx_word' id='word_1_838' title='bbox 3695 5479 3811 5544; x_wconf 84' lang='grc' dir='ltr'>θεό-</span> 
     </span>
    </p>
   </div>
   <div class='ocr_carea' id='block_1_120' title="bbox 2158 5552 2956 5622">
    <p class='ocr_par' dir='ltr' id='par_1_120' title="bbox 2158 5552 2956 5622">
     <span class='ocr_line' id='line_1_121' title="bbox 2158 5552 2956 5622; baseline 0.006 -20"><span class='ocrx_word' id='word_1_839' title='bbox 2158 5569 2316 5618; x_wconf 89' lang='grc' dir='ltr'>τητα.</span> <span class='ocrx_word' id='word_1_840' title='bbox 2352 5557 2412 5605; x_wconf 89' lang='lat' dir='ltr'>In</span> <span class='ocrx_word' id='word_1_841' title='bbox 2447 5552 2543 5606; x_wconf 83' lang='lat' dir='ltr'>Or.</span> <span class='ocrx_word' id='word_1_842' title='bbox 2574 5554 2608 5605; x_wconf 83' lang='grc'>2</span> <span class='ocrx_word' id='word_1_843' title='bbox 2647 5554 2810 5608; x_wconf 83' lang='lat' dir='ltr'>deest</span> <span class='ocrx_word' id='word_1_844' title='bbox 2835 5552 2956 5622; x_wconf 77' lang='grc' dir='ltr'>τήν.</span> 
     </span>
    </p>
   </div>
   <div class='ocr_carea' id='block_1_121' title="bbox 2233 5623 3438 5698">
    <p class='ocr_par' dir='ltr' id='par_1_121' title="bbox 2233 5623 3438 5698">
     <span class='ocr_line' id='line_1_122' title="bbox 2233 5623 3438 5698; baseline 0.004 -20"><span class='ocrx_word' id='word_1_845' title='bbox 2233 5623 2344 5694; x_wconf 84' lang='lat'>(27)</span> <span class='ocrx_word' id='word_1_846' title='bbox 2373 5626 2496 5680; x_wconf 78' lang='grc' dir='ltr'>Τοῦ.</span> <span class='ocrx_word' id='word_1_847' title='bbox 2533 5624 2712 5698; x_wconf 85' lang='lat' dir='ltr'>Regg.</span> <span class='ocrx_word' id='word_1_848' title='bbox 2745 5643 2801 5694; x_wconf 89' lang='lat' dir='ltr'>a,</span> <span class='ocrx_word' id='word_1_849' title='bbox 2833 5626 2953 5692; x_wconf 92' lang='lat' dir='ltr'>bm,</span> <span class='ocrx_word' id='word_1_850' title='bbox 2988 5623 3089 5698; x_wconf 89' lang='lat' dir='ltr'>ph,</span> <span class='ocrx_word' id='word_1_851' title='bbox 3123 5629 3278 5694; x_wconf 87' lang='lat' dir='ltr'>Bas.,</span> <span class='ocrx_word' id='word_1_852' title='bbox 3307 5628 3438 5683; x_wconf 82' lang='grc' dir='ltr'>τῶν.</span> 
     </span>
    </p>
   </div>
  </div>
