4146 6290
422 402 540 464 877

1348 396 1637 465 ORATIO
1686 400 1942 465 XIV.—
1986 402 2085 466 DE
2128 404 2556 471 PAUPEBUM
2611 406 2910 469 AMORIS.

3713 407 3833 468 878

418 539 585 611 ἡμεῖς
664 535 723 590 δὲ
796 536 1092 608 οἰκήσομεν
1153 536 1327 597 οἰκίας
1389 535 1836 611 ὑπερλάμπρους,
1892 536 2070 601 λίθοις

2193 542 2354 597 nobis
2376 560 2509 599 vero
2534 548 2705 598 erunt
2733 543 3223 614 splendidissima;
3248 543 3479 611 domus,
3504 540 3832 612 omnigenis

422 624 705 687 παντοίοις
753 622 1153 698 διηνθισμένας,
1185 625 1274 679 καὶ
1322 629 1511 701 χρυσῷ
1533 625 1622 679 καὶ
1669 625 1892 702 ἀργύρῳ
1940 648 2067 681 κατ-

418 713 844 790 αστραπτούσας,
924 715 1014 769 καὶ
1089 712 1330 791 ψηφῖδος
1413 712 1616 783 λεπτῆς
1668 712 1924 788 διαθέσει,
1980 715 2069 770 καί

415 804 666 876 ποικιλίᾳ
695 812 934 881 γραφῆς,
985 802 1284 880 ὀφθαλμῶν
1337 804 1645 875 ἀπατηλοῖς
1698 803 2067 879 δελεάσμασι;

422 895 518 951 Καὶ
546 897 641 957 τὰς
700 896 795 968 μὲν
848 894 1168 966 οἰκήσομεν,
1217 894 1314 956 τὰς
1366 891 1423 947 δὲ
1472 892 1936 967 οἰκοδομήσομεν,
1986 895 2071 950 τί-

420 1005 500 1037 σιν
532 1002 545 1053 ;
580 980 714 1038 Οὐδὲ
766 981 1143 1059 κληρονόμοις
1186 980 1322 1043 ’ίσως
1373 984 1556 1055 ἡμῶν,
1609 982 1755 1038 ἀλλά
1784 984 1952 1055 ξένοις
1981 986 2072 1041 καὶ

424 1072 762 1148 ἀλλοτρίοις,
822 1070 911 1125 καὶ
962 1071 1170 1125 τούτων
1220 1068 1359 1132 ἴσως
1417 1070 1542 1126 οὐδὲ
1613 1078 1731 1134 τοῖς
1789 1074 2070 1148 ἀγαπῶσιν

422 1163 589 1233 ἡμᾶς,
637 1158 782 1214 ἀλλὰ
836 1164 955 1221 τοῖς
1010 1160 1434 1234 ἀπεχθεστάτοις
1482 1160 1571 1215 καὶ
1620 1162 2072 1238 φθονερωτάτοις,

424 1251 452 1305 ὃ
504 1253 684 1304 κακῶν
734 1247 985 1325 ἔσχατον,
1039 1251 1136 1302 Καὶ
1184 1249 1235 1303 οἱ
1289 1256 1382 1321 μὲν
1434 1248 1760 1324 ῥιγώσουσιν
1794 1250 1846 1304 ἰν
1878 1249 2071 1326 τρυχί-

421 1360 538 1400 νοις
594 1338 682 1393 καὶ⁵
728 1336 1138 1411 διεσπασμένοις
1349 1338 1554 1413 ῥάκεσι,
1614 1336 1920 1410 μᾶλλονδὲ
1951 1337 2074 1394 οὐδὲ

420 1430 627 1482 τούτων
666 1432 832 1502 τυχὸν
866 1425 1256 1501 εὐπορήσουσιν
1284 1446 1296 1458 ·
1332 1428 1495 1500 ἡμεῖς
1532 1423 1589 1481 δὲ
1620 1427 1896 1503 θρύψομεν
1925 1431 2074 1501 ἡμᾶς

422 1515 616 1577 αὐτοὺς
695 1518 874 1584 εσθῆτι
933 1518 1045 1589 (29)
1117 1514 1337 1589 μαλακῇ
1400 1514 1491 1569 καί
1546 1516 1924 1592 περιῤῥεούσῃ,
1982 1517 2073 1572 καὶ

419 1611 535 1666 τοῖς
594 1604 654 1660 ἐκ
702 1604 855 1659 λίνου
912 1605 1002 1659 καὶ
1062 1609 1241 1677 σηρῶν
1318 1604 1522 1679 ἀερίοις
1594 1607 1702 1677 (30)
1773 1605 2070 1682 ὑφάσμασι,

422 1694 513 1749 καὶ
615 1699 732 1756 τοῖς
845 1693 939 1767 μὶν
1016 1693 1535 1769 ἐνασχημονήσομεν
1616 1692 1857 1766 μᾶλλον,
1933 1692 2075 1772 ⁴ἲςπερ

424 1782 773 1858 ἐμπρέψομεν
850 1780 1017 1854 (οὕτω
1090 1780 1191 1857 γὰρ
1252 1780 1356 1856 ἐγὼ
1406 1784 1560 1835 καλὼ
1619 1787 1722 1836 πᾶν
1775 1784 1837 1837 τὸ
1885 1803 2071 1859 περιτ-

420 1872 510 1925 τὸν
585 1870 673 1925 καὶ
747 1868 1076 1945 περίεργον),
1150 1869 1218 1924 τὰ
1293 1866 1350 1923 δὲ
1412 1867 1563 1923 ἔνδον
1635 1872 1770 1943 ἡμῖν
1848 1871 2073 1927 ἀποκεί-

425 1980 569 2013 σεται
648 1957 868 2034 φροντὶς
946 1958 1224 2034 ἄχρηστος
1299 1958 1388 2012 καὶ
1458 1952 1720 2028 ἀνόνητος
1781 1962 1914 2033 (31),
1972 1982 2071 2030 ση-

422 2053 529 2101 τῶν
592 2048 704 2119 (32)
750 2044 957 2109 δαπάνη
1009 2045 1099 2100 καὶ
1148 2046 1351 2121 χρόνου
1409 2052 1507 2100 τοῦ
1552 2048 1619 2101 τὰ
1667 2050 1839 2102 πάντα
1881 2070 2074 2103 καταν-

424 2135 745 2196 αλίσκοντος
775 2155 787 2167 ·
839 2136 927 2189 καὶ
975 2136 1026 2188 οἱ
1083 2136 1201 2208 μὲν,
1253 2133 1382 2189 οὐδὲ
1420 2142 1520 2204 τῆς
1550 2135 1837 2212 ἀναγκαίας
1865 2145 2075 2216 τροφῆς

426 2224 840 2299 εὐπορήσουσιν,
893 2219 957 2297 (ὥ
1000 2230 1099 2294 τῆς
1154 2223 1292 2297 ἐμῆς
1334 2232 1563 2301 τρυφῆς,
1594 2226 1684 2280 καὶ
1721 2233 1821 2295 τῆς
1857 2227 2071 2282 ἐκείνων

422 2312 799 2388 ταλαιπωρίας
832 2314 868 2383 l)
932 2311 1078 2367 ἀλλά
1142 2313 1407 2368 κείσονται
1461 2314 1568 2389 πρὸ
1625 2318 1733 2369 τῶν
1794 2318 2076 2392 ἡμετέρων

424 2407 621 2477 θυρῶν,
675 2401 995 2474 ἐκλυόμενοι
1047 2402 1136 2455 καὶ
1186 2400 1574 2475 λιμώττοντες,
1625 2402 1754 2459 οὐδὲ
1800 2407 1893 2468 τάς
1939 2406 2076 2482 πρὸς

421 2493 521 2559 τὴν
554 2491 762 2561 αἴτησιν
798 2490 1048 2567 ἀφορμὰς
1077 2492 1220 2565 παρά
1249 2495 1345 2545 τοῦ
1373 2492 1627 2563 σώματος
1660 2490 1900 2569 ἔχοντες,
1932 2494 2075 2551 ἐστε-

427 2579 657 2656 ρημένοι
689 2585 881 2657 φωνῶν
918 2580 1035 2652 μὲν,
1069 2580 1146 2642 εἷς
1177 2580 1238 2634 τὸ
1262 2578 1566 2655 ὀδύρεσθαι,
1619 2588 1822 2657 γειρῶν
1871 2582 1947 2656 δὶ,
2002 2585 2077 2647 είς

426 2670 488 2724 τὸ
520 2669 817 2741 προτείνειν
878 2667 957 2747 ἐφ’
1004 2668 1196 2739 ἱκεσίᾳ,
1247 2666 1429 2724 ποδῶν
1479 2667 1556 2738 δὲ,
1600 2669 1677 2733 εἷς
1705 2672 1768 2725 τὸ
1796 2675 2075 2747 προσιέναι

425 2762 543 2817 τοῖς
595 2753 840 2831 ἔχουσιν,
886 2756 1162 2810 ἀναπνοῶν
1214 2754 1289 2829 δὲ,
1343 2757 1418 2819 εἷς
1461 2757 1698 2812 εὐτονίαν
1730 2766 1830 2829 τῆς
1865 2772 2076 2837 θρηνῳ-

429 2841 567 2913 δίας,
600 2845 661 2898 τὸ
696 2844 991 2919 βαρύτατον
1020 2846 1131 2919 (33)
1162 2850 1270 2900 τῶν
1302 2850 1479 2900 κακῶν
1512 2847 1841 2925 κουφότατον
1870 2850 2080 2924 κρίνον-

425 2954 534 2999 τες,
565 2939 680 2993 τοῖς
716 2932 1026 3010 ὀφθαλμοῖς
1062 2933 1222 3006 μόνον
1258 2934 1723 3011 εὐχαριστοῦντες,
1759 2936 1841 2991 ὅτι
1877 2940 1951 3011 μὴ
1977 2941 2073 3008 τὴν

432 3022 633 3075 ἑαυτῶν
667 3016 857 3091 λώϐην
889 3022 1178 3094 βλέπουσιν
1200 3041 1214 3092 ;

502 3287 597 3341 ΙΖ’.
633 3284 734 3342 Καὶ
767 3286 818 3339 οἱ
854 3286 946 3358 μὲν
981 3281 1155 3348 οὕτως
1180 3304 1191 3315 ·
1242 3288 1407 3359 ἡμεῖς
1454 3286 1512 3343 δὲ
1542 3289 1932 3362 ἀνακεισόμεθα
1963 3292 2075 3365 (34)

2262 3294 2457 3349 XVIII.
2491 3298 2681 3365 Atque
2714 3292 2773 3346 bi
2806 3291 3044 3363 quidem
3080 3292 3151 3345 ad
3186 3290 3343 3345 hunc
3392 3288 3634 3343 modum
3672 3304 3683 3341 :

433 3375 681 3450 λαμπροὶ
715 3373 984 3447 λαμπρῶς
1016 3373 1102 3429 ἐπὶ
1134 3368 1389 3438 στιϐάδος
1422 3375 1641 3450 ὑψηλῆς
1670 3400 1729 3433 τε
1758 3379 1845 3434 καὶ
1880 3381 2077 3452 μετεώ-

431 3484 547 3536 ρου,
588 3464 813 3518 καὶτῶν
872 3468 1138 3539 περιττῶν
1187 3465 1274 3519 καὶ
1325 3464 1609 3538 ἀψαύστων
1661 3463 2075 3542 ἐπιϐλημάτων,

428 3552 523 3608 κᾶν
567 3560 749 3630 φωνῆς
806 3552 1123 3626 ἀκούσωμεν
1181 3558 1289 3609 τῶν
1330 3553 1596 3625 αἶ’τήσεων
1626 3559 1738 3631 (35)
1791 3555 2076 3633 δυσχεραί-

428 3662 631 3702 νοντες.
693 3647 784 3696 Δεῖ
839 3638 900 3697 δὲ
942 3644 1078 3716 ἡμῖν
1126 3644 1188 3698 τὸ
1240 3644 1334 3715 μὲν
1386 3641 1580 3720 ἔδαφος
1628 3643 1845 3700 εύωδεῖν
1879 3644 2078 3715 ἄνθεσι,

430 3729 702 3793 πολλάκις
751 3731 840 3784 καὶ
880 3733 980 3799 τῆς
1032 3731 1175 3807 ὥρας
1218 3731 1343 3804 ἔξω,
1374 3733 1473 3801 τὴν
1510 3731 1567 3787 δὲ
1592 3734 1855 3808 τράπεζαν
1888 3737 2077 3811 κατερ-

434 3818 614 3894 ῥάνθαι
669 3818 884 3894 μύροις,
929 3820 1018 3873 καὶ
1066 3820 1250 3896 μύρων
1299 3826 1415 3881 τοῖς
1468 3819 1851 3885 εὐωδεστάτοις
1881 3846 1935 3878 τε
1968 3828 2080 3897 (36)

432 3908 520 3961 καὶ
553 3907 1065 3975 πολυτελεστάτοις,
1109 3907 1202 3962 ’ίνα
1240 3908 1329 3962 καὶ
1366 3906 1578 3981 μᾶλλον
1614 3910 2041 3983 ἐκθηλυνώμεθα
2065 3931 2077 3944 ·

433 3994 630 4058 παῖδας
690 3994 747 4050 δὲ
800 3998 1146 4071 παρεστάναι,
1194 3996 1320 4059 τοὺς
1367 3998 1459 4071 μὲν
1510 3996 1561 4051 ἐν
1612 3999 1805 4072 κόσμῳ
1864 4001 1952 4054 καὶ
1985 4000 2083 4077 ἐφ-

436 4085 584 4154 εξῆς,
618 4084 835 4145 ἀνὲτους
878 4085 973 4146 τάς
1023 4084 1199 4157 κόμας
1229 4085 1317 4139 καὶ
1349 4082 1668 4162 Θηλυδρίας,
1718 4087 1807 4141 καὶ
1851 4092 1917 4161 τῇ
1950 4089 2084 4144 κατά

434 4172 729 4246 πρόσωπον
789 4178 959 4247 κουρᾷ
1014 4175 1551 4249 περιειργασμένους,
1606 4173 1796 4230 πλεῖον
1960 4179 2080 4232 ὅσον

515 4298 626 4374 (23)
660 4298 1111 4374 Διεσπασμένοιςε
1166 4299 1268 4374 Sic_
1311 4299 1510 4371 plures
1571 4301 1751 4374 Regg.
1809 4304 1979 4359 Coisl.
2030 4306 2085 4361 2.

442 4369 539 4446 0r_.
572 4371 627 4435 2,
650 4375 706 4422 et
735 4368 924 4446 0.3011.
950 4371 1068 4446 «κιο
1099 4368 1393 4446 laceris—et
1424 4368 1738 4430 conscissi's
1768 4376 1980 4446 pannis
2012 4376 2087 4431 ri-

444 4440 745 4517 gebﬁgph»
783 4440 962 4517 Isiditil
989 4437 1425 4517 διεσπαρμένοις,
1472 4466 1511 4517 (ς
1533 4437 1788 4517 sparsis:
1813 4468 1841 4496 ››

519 4510 623 4585 (ξῼ)
657 4510 896 4585 ζΕσθῇτι.
929 4511 1066 4585 Reg.
1099 4530 1150 4583 c,
1183 4510 1239 4571 et
1269 4510 1635 4585 Combef.,'év
1668 4515 1876 4581 ἐσθῆτι.

518 4581 629 4651 (30)
662 4580 916 4654 Ἀερίοις.
968 4580 1144 4641 eam;
1174 4603 1188 4641 :
1241 4607 1268 4635 «
1302 4586 1478 4654 Aerii,
1527 4580 1596 4642 ex
1639 4587 1759 4644 lino
1786 4580 1878 4645 ac
1909 4590 2091 4646 serico

448 4630 777 4734 εινοὶιτέιῖιῐὶει..Γ
796 4653 960 4734 velis,
993 4678 1021 4734 )3
1074 4657 1129 4734 id
1174 4661 1263 4713 est
1314 4630 1492 4734 «ηειοῆ
1538 4630 1771 4734 perviis,
1810 4630 2096 4734 ἔννυθῖᾛῖ
2124 4630 2169 4694 D

446 4724 677 4797 Hieron.
714 4725 790 4797 in_
813 4727 966 4780 Esth.
1002 4729 1052 4795 1,
1084 4730 1139 4797 6,
1173 4751 1201 4779 ‹‹
1234 4729 1374 4784 aerii
1405 4724 1639 4785 coloris.
1674 4753 1703 4780 ››

514 4794 981 4918 (31)Ἀνόνητος.
1040 4794 1134 4855 Sid
1190 4800 1367 4873 Regg.
1429 4818 1489 4871 8.,
1551 4802 1680 4873 bm,
1741 4802 1841 4874 ph.
1903 4805 2093 4875 Editi,

446 4864 505 4919 ἆν
544 4886 700 4927 ητος.
755 4890 783 4917 ‹‹
812 4886 1105 4925 Insanum.
1142 4893 1169 4920 ››

568 4893 700 4934 Hoc,
755 4893 782 4917 (ε
816 4893 1105 4925 insanam.
1142 4893 1169 4920 ››

521 4939 877 5014 (32)ΔΣητῶν.
905 4942 997 4996 Sic
1030 4943 1225 5013 plures
1253 4942 1455 5014 Regg.,
1486 4943 1683 5014 plures
1712 4943 1897 5012 Colb.,
1919 4946 2095 5004 Coisl.

450 5010 505 5072 2,
530 5014 607 5086 et
624 5009 722 5086 Or,
761 5012 814 5086 2:
856 5014 914 5086 In
947 5009 1141 5079 editis,
1186 5009 1405 5086 ζητῶνξ
1435 5009 1461 5063 ξι
1486 5009 1784 5086 ’ρυιετοηε
1824 5040 1843 5065 ι»

782 5078 1148 5160 βαρύτατοιζ.
1198 5078 1531 5160 βλέπουσινῖ
1585 5088 1763 5160 Locus
1803 5088 1915 5143 iste
1945 5095 2097 5145 certe

451 5149 726 5231 difficilis,
759 5149 818 5231 _e't
854 5149 1213 5231 interpretes
1256 5156 1577 5231 plurimum
1610 5159 1800 5214 torsit.
1835 5161 2101 5217 Sufﬁciat

452 5221 623 5302 nobis
654 5226 858 5302 varias
886 5221 1087 5283 eorum
1127 5221 1639 5302 interpretationes
1669 5231 1901 5287 referre.
1936 5233 2099 5288 Nice-

449 5296 541 5346 tas
574 5309 586 5345 :
643 5316 670 5343 ‹‹
704 5296 895 5353 Oculis
926 5316 1161 5372 quoque
1192 5296 1342 5372 capti
1374 5306 1550 5368 sunt;
1597 5302 1653 5356 id
1686 5304 1837 5373 quod
1875 5303 2099 5360 levissi-

454 5380 616 5438 mum
650 5376 908 5438 censent,
941 5373 1173 5428 etiamsi
1216 5374 1346 5429 aliis
1380 5372 1827 5429 acerbissimum
1861 5392 1989 5431 esse
2023 5376 2101 5430 vi-

452 5435 697 5516 deatur;
730 5435 1220 5516 quod—nimirum,
1252 5444 1533 5499 exstincto
1568 5451 1801 5516 propter
1832 5449 2101 5503 morbum

454 5512 715 5586 aspectu,
728 5510 927 5586 labem
953 5531 1119 5570 suam
1145 5510 1390 5571 minime
1412 5510 1795 5586 conspiciant.
1815 5538 1841 5568 ιι
1872 5519 2105 5575 Gabrie-

451 5577 600 5660 lius:
628 5602 656 5660 cf
682 5581 741 5636 Id
773 5585 937 5660 quod
953 5589 1217 5643 omnium
1243 5587 1529 5660 malorum
1555 5577 1966 5658 gravissimum
1994 5596 2102 5660 est,

451 5649 819 5731 levissimum
854 5656 1239 5731 ipsiquidem
1270 5649 1694 5726 existimantes,
1741 5661 1883 5717 solis
1930 5649 2104 5719 nimi;

451 5738 585 5783 rum
617 5724 802 5783 oculis
831 5724 1084 5806 gratiam
1116 5732 1421 5805 habentes,
1454 5731 1612 5805 quod
1654 5724 1921 5806 ipsorum
1951 5734 2105 5794 cala-

2178 629 2470 699 lapidibus
2502 636 2814 697 exornate,
2848 636 3023 703 atque
3053 636 3427 686 coruscantes
3460 646 3601 684 auro
3635 633 3693 683 et
3740 646 3830 683 ar-

2180 724 2375 789 gento,
2408 736 2472 774 ac
2502 720 2767 775 tenuium
2801 720 3157 775 calculorum
3189 720 3594 791 dispositione,
3645 717 3828 771 vario~

2182 821 2293 876 que
2326 806 2564 877 pictura;
2596 807 2861 873 artificio,
2895 823 3022 878 quae
3056 806 3292 861 fallaces
3337 810 3475 861 sunt
3526 803 3828 859 oculorum

2182 894 2500 961 illecebrae;
2536 900 2709 967 atque
2732 895 2878 950 alias
2902 896 3131 967 quidem
3160 894 3504 959 incolemus,
3532 892 3675 948 alias
3698 908 3829 947 vero

2182 987 2562 1038 extruemus?
2592 984 2955 1049 Quibusnam
2980 989 3174 1039 autem
3200 987 3221 1038 Ρ
3251 999 3322 1037 ne
3352 982 3677 1037 heredibus
3701 980 3835 1052 qui-

2183 1073 2314 1128 dem
2351 1072 2599 1128 fortasse
2631 1072 2865 1138 nostris,
2900 1074 2999 1127 sed
3035 1073 3249 1127 exteris
3277 1079 3333 1127 et
3361 1072 3588 1137 alienis,
3642 1070 3832 1141 iisque

2183 1177 2255 1216 ne
2288 1161 2494 1216 amicis
2529 1163 2767 1233 quidem
2802 1161 3046 1217 fortasse
3077 1161 3313 1231 nostris,
3346 1161 3444 1215 sed
3494 1158 3833 1215 inimicissi-

2184 1249 2317 1316 mis,
2353 1250 2723 1322 maximaque
2755 1251 2813 1304 in
2858 1267 2963 1305 nos
2996 1249 3211 1305 invidia
3242 1249 3646 1318 ﬂagrantibus,
3678 1248 3831 1317 quod

2183 1338 2420 1409 quidem
2454 1338 2744 1395 malorum
2786 1340 3051 1395 omnium
3101 1344 3423 1393 extremum
3478 1344 3588 1393 est.
3638 1336 3834 1401 Quid?

2183 1428 2349 1483 Illine
2382 1429 2440 1483 in
2472 1429 2697 1499 asperis
2728 1434 2785 1484 et
2815 1428 3021 1483 laceris
3052 1428 3266 1500 pannis
3297 1428 3681 1499 obrigescent,
3715 1427 3833 1482 imo

2184 1534 2257 1572 ne
2286 1534 2385 1571 eos
2417 1517 2655 1587 quidem
2689 1518 2936 1572 fortasse
2967 1517 3269 1572 habebunt
3304 1534 3316 1572 :
3368 1533 3473 1571 nos
3526 1520 3721 1570 autem
3774 1515 3832 1569 in

2183 1604 2460 1662 mollibus
2506 1612 2562 1661 et
2601 1606 3146 1661 circumﬂuentibus
3174 1604 3455 1671 vestibus,
3489 1604 3737 1676 telisque
3766 1620 3833 1659 ex

2182 1695 2530 1751 tenuissimo
2578 1695 2696 1751 lino
2747 1712 2813 1751 ac
2862 1695 3046 1751 serico
3085 1695 3368 1750 contextis
3417 1694 3830 1761 lasciviemus;

2182 1788 2358 1856 atque
2387 1784 2446 1839 in
2470 1783 2602 1839 aliis
2624 1785 2859 1856 quidem
2882 1784 3154 1839 indecore
3176 1782 3371 1855 potius
3392 1798 3567 1853 quam
3592 1782 3835 1837 honeste

2182 1878 2359 1946 atque
2380 1880 2581 1929 ornate
2604 1890 2709 1929 nos
2738 1874 2898 1945 ipsos
2930 1889 3201 1944 geremus
3235 1872 3337 1941 (sic
3367 1872 3521 1926 enim
3551 1870 3834 1941 quidquid

2182 1962 2549 2034 superﬂuum
2581 1966 2637 2017 et
2665 1964 2961 2017 curiosum
2993 1968 3102 2031 est,
3139 1962 3318 2030 voco),
3371 1960 3517 2014 alias
3550 1964 3744 2014 autem
3775 1959 3834 2014 in

2183 2053 2333 2107 arcis
2356 2052 2761 2118 recondemus,
2789 2068 2989 2105 curam
3014 2050 3281 2105 inutilem
3303 2054 3358 2104 et
3379 2050 3806 2103 incommodam
3823 2090 3835 2114 ,

2184 2157 2219 2196 a
2244 2141 2418 2195 tineis
2450 2141 2801 2206 exedendas,
2829 2145 2886 2195 et
2916 2157 2949 2194 a
2980 2144 3264 2209 tempore,
3289 2138 3443 2209 quod
3475 2137 3673 2191 omnia
3696 2153 3837 2192 con-

2185 2229 2324 2299 ficit,
2349 2230 2777 2295 absumendas;
2812 2234 2986 2299 atque
3013 2227 3128 2282 illis
3151 2245 3222 2282 ne
3246 2227 3573 2281 necessaria
3598 2225 3835 2295 quidem

2184 2318 2465 2373 alimenta
2489 2322 2827 2389 suppetent:
2852 2320 2901 2387 (0
2921 2316 3160 2371 delicias
3187 2315 3374 2372 meas!
3401 2332 3432 2369 ο
3459 2331 3694 2386 gravem
3720 2314 3841 2369 illo-

2184 2407 2725 2476 rumpafﬂictionem
2752 2404 2790 2477 ι)
2822 2406 2973 2462 268
2996 2421 3196 2460 verum
3233 2420 3334 2475 pro
3367 2404 3590 2459 foribus
3624 2402 3839 2458 nostris

2179 2496 2478 2567 jacebunt,
2511 2494 2858 2567 languentes
2888 2500 2945 2550 et
2976 2495 3125 2549 fame
3156 2493 3512 2560 laborantes,
3544 2508 3609 2546 ac
3651 2508 3721 2545 ne
3754 2491 3839 2545 in-

2184 2588 2513 2641 strumenta
2531 2585 2769 2656 quidem
2789 2584 2860 2639 ad
2887 2584 3200 2656 petendum
3222 2600 3255 2637 a
3272 2596 3511 2653 corpore
3529 2581 3840 2647 habentes;

2183 2675 2422 2731 vocibus
2456 2673 2688 2745 privati,
2721 2673 2935 2745 quibus
2982 2671 3280 2727 miseriam
3334 2687 3502 2725 suam
3559 2669 3838 2739 lugeant;

2187 2764 2483 2829 manibus,
2506 2778 2652 2833 quas
2675 2761 3043 2833 supplicandi
3073 2777 3251 2815 causa
3272 2759 3655 2831 protendant;
3684 2757 3841 2829 pedi-

2186 2853 2316 2917 bus,
2347 2851 2563 2923 quibus
2593 2851 2665 2906 ad
2699 2850 2905 2905 divites
2935 2850 3215 2905 accedant
3242 2865 3256 2914 ;
3291 2845 3695 2918 respiratione,
3722 2861 3839 2914 qua

2187 2941 2411 2994 fortiter
2441 2939 2695 2994 lamenta
2725 2957 2832 2994 sua
2862 2940 3078 3003 edant;
3129 2941 3324 3007 atque,
3357 2935 3510 3006 quod
3544 2933 3833 2988 malorum

2186 3029 2451 3084 omnium
2469 3027 2917 3083 acerbissimum
2937 3025 3415 3093 est,levissimum
3435 3022 3843 3094 essejudican-

2184 3121 2295 3183 tes,
2346 3116 2646 3186 oculisque
2694 3116 2977 3170 duntaxat
3031 3112 3281 3185 gratiam
3332 3111 3638 3175 habentes,
3679 3109 3834 3181 quod

2185 3205 2451 3278 ipsorum
2484 3204 2675 3260 labem
2709 3202 2956 3257 minime
2989 3202 3246 3257 videant.

3741 3302 3846 3342 nos

2187 3389 2384 3439 autem
2417 3383 2475 3438 in
2508 3383 2642 3438 altis
2673 3386 2731 3437 et
2761 3380 3118 3436 sublimibus
3149 3379 3334 3445 lectis,
3383 3378 3731 3446 eximiisque
3788 3381 3846 3432 et

2187 3489 2314 3544 quae
2363 3488 2508 3545 pene
2557 3477 2794 3542 tangere
2844 3470 3005 3525 nefas
3066 3471 3162 3539 sit,
3213 3466 3512 3539 stragulis,
3547 3464 3839 3536 splendidi

2187 3562 2492 3633 splendide
2516 3561 2949 3626 recumbemus,
2974 3559 3022 3614 si
3047 3557 3130 3613 vel
3154 3556 3340 3612 solam
3370 3556 3715 3627 petitionum
3740 3569 3840 3608 vo-

2188 3666 2312 3705 cem
2363 3650 2696 3715 audiamus,
2755 3648 3208 3703 stomachantes.
3260 3649 3444 3715 Atque
3485 3644 3657 3698 etiam
3691 3640 3836 3695 illud

2190 3738 2498 3809 oportebit,
2526 3744 2589 3792 ut
2618 3744 2676 3792 et
2706 3736 3107 3808 pavimentum
3135 3740 3401 3789 nostrum
3429 3732 3693 3799 ﬂoribus,
3721 3729 3837 3801 ple-

2189 3843 2439 3897 rumque
2465 3827 2642 3880 etiam
2671 3832 2832 3879 extra
2851 3829 3107 3893 tempus,
3134 3825 3367 3893 fragret,
3395 3826 3450 3874 et
3472 3837 3674 3873 mensa
3697 3836 3831 3873 sua-

2189 3914 2447 3969 vissimis
2464 3919 2519 3967 et
2536 3911 3073 3983 sumptuosissimis
3092 3909 3407 3980 unguentis
3433 3907 3837 3977 perfundatur,

2191 4019 2308 4073 quo
2329 4001 2517 4072 magis
2535 4000 2707 4055 etiam
2727 3999 3153 4063 effeminemur;
3170 4003 3231 4050 ut
3250 3996 3411 4067 pueri
3428 3996 3605 4050 etiam
3624 3998 3839 4062 astant,

2194 4091 2291 4145 alii
2338 4097 2538 4145 ornate
2585 4105 2651 4143 ac
2682 4104 2787 4143 suo
2821 4088 3072 4158 quisque
3103 4087 3327 4150 ordine,
3362 4084 3546 4139 comis
3578 4083 3755 4140 soluti
3784 4086 3843 4138 et

2194 4177 2532 4243 effeminati,
2555 4193 2621 4231 ac
2652 4176 2900 4230 caasariaa
2932 4175 3002 4230 ad
3029 4175 3231 4229 faciem
3253 4173 3510 4245 expoliti,
3535 4172 3844 4244 magisque

2199 4304 2460 4358 mitatem
2496 4302 2692 4355 minus
2720 4299 2972 4355 videant.
3010 4325 3037 4348 »
3078 4299 3239 4354 Unde
3272 4299 3327 4352 in
3361 4296 3599 4353 scholiis
3631 4296 3793 4351 addit
3828 4312 3841 4349 :

2199 4398 2228 4426 «
2260 4378 2476 4443 Argute
2524 4372 2875 4443 Theologus,
2910 4370 3414 4441 Elephanticorum
3448 4369 3841 4443 calamitatem

2201 4438 2589 4518 ampliﬁcans,
2621 4438 2882 4499 facit'eo's
2914 4438 3159 4516 gratiam
3195 4444 3474 4518 habentes
3504 4439 3707 4504 oculis,
3743 4438 3843 4509 qui

2199 4519 2277 4574 ita
2303 4515 2506 4574 essent
2527 4517 2738 4583 atlecti,
2765 4520 2827 4569 ut
2856 4518 3054 4569 minus
3086 4520 3325 4586 possent
3349 4515 3843 4586 ipsorumaarum-

2201 4606 2308 4645 nas
2341 4588 2618 4660 aspicere.
2668 4591 2730 4660 In
2788 4592 3045 4641 extrema
3087 4583 3385 4660 nimirum
3430 4583 3662 4660 miseria
3709 4597 3842 4660 eum

2204 4653 2442 4717 omnino
2473 4657 2690 4714 versari
2721 4673 2957 4713 necesse
2989 4661 3095 4728 est,
3128 4657 3220 4713 cui
3263 4658 3319 4711 id
3354 4655 3714 4711 levissimum
3749 4653 3846 4720 sit,

2204 4734 2358 4805 quod
2382 4731 2512 4805 aliis
2536 4735 2626 4786 est
2646 4729 3081 4805 gravissimum.
3104 4752 3131 4781 ››
3155 4729 3543 4805 Combefisius
3565 4740 3851 4805 veroﬁcon:

2204 4794 2393 4861 tendit
2423 4803 2577 4858 hunc
2604 4794 2863 4873 Gregorii
2893 4801 3085 4857 locum
3120 4802 3198 4873 sit
3216 4800 3557 4873 vertendum
3580 4815 3602 4873 _:
3635 4794 3851 4873 «Quod

2206 4876 2495 4934 malorum
2547 4868 2812 4929 omnium
2865 4872 3311 4928 acerbissimum
3344 4876 3451 4937 est,
3487 4868 3850 4924 levissimum

2206 4965 2335 5005 esse
2351 4946 2790 5018 judicantes,‘et
2812 4944 3003 5018 oculis
3022 4949 3250 5018 tantum
3268 4943 3519 5018 gratiam
3537 4940 3850 5018 babentes,

2205 5008 2551 5093 quod-suam
2578 5017 2688 5093 ipsi
2713 5015 2903 5071 labem
2930 5016 3170 5070 minime
3192 5008 3441 5069 videant.
3468 5008 3855 5093 ».Qui_a_scili_-

2208 5084 2300 5147 cet
2347 5090 2468 5144 haec
2507 5084 2807 5142 oculorum
2843 5092 3070 5156 natura,
3104 5093 3169 5141 ut
3199 5102 3333 5141 cum
3365 5085 3563 5139 omnia
3592 5084 3849 5156 videant,

2210 5162 2409 5245 se‘ipsi
2440 5161 2650 5245 ‘videre
2682 5166 2999 5242 nequeunt.
3038 5152 3333 5245 Improbat
3363 5157 3739 5245 dectissi‘mus
3770 5152 3858 5233 vir

2210 5227 2341 5291 Bilii
2372 5227 3057 5304 interpretationeni,rqui
3090 5227 3359 5304 aegrotos,
3393 5230 3463 5285 de
3494 5227 3709 5299 quibus
3743 5227 3859 5293 agi-

2210 5312 2324 5369 tur,
2357 5301 2542 5359 caecos
2568 5303 2749 5357 fuisse
2779 5301 3146 5357 existimasse
3176 5301 3425 5369 videtur.

2281 5364 2394 5448 (34)
2427 5372 2861 5444 Ἀνακεισόμεθα.
2896 5374 3047 5442 Pan,
3080 5367 3480 5441 ἀναϐησόμεθα,
3526 5391 3551 5417 ‹‹
3588 5364 3861 5422 ascende-

2213 5466 2368 5503 mus.
2402 5468 2429 5495 »

2308 5520 2392 5585 35)
2421 5520 2535 5568 Τῶν
2560 5514 2853 5585 αἰτήσεων.
2888 5516 3058 5572 Deest
3089 5516 3147 5570 in
3178 5520 3308 5570 Par.

2308 5580 2397 5662 36)
2429 5580 2826 5649 Εύωδεστάτοις
2874 5606 2951 5643 τε.
3005 5589 3099 5644 Sic
3155 5588 3335 5662 Regg.
3388 5600 3441 5656 a,
3492 5582 3549 5638 d.
3599 5580 3773 5638 Deest
3807 5596 3867 5637 ﬂ

2214 5663 2274 5720 in
2308 5661 2447 5719 edit.
