4146 6290
381 375 500 438 879

1630 374 1694 437 S.
1743 373 2114 438 GREGORII
2160 375 2552 438 THEOLOGI

3679 381 3800 443 880

382 526 561 581 quam
593 509 907 581 impudicis
955 509 1140 565 oculis
1193 510 1501 579 conducat,
1558 510 1852 577 exornati;
1907 511 2021 577 alii,

2141 511 2401 586 συμφέρει
2433 508 2648 584 λίχνοις
2690 510 3004 589 ὀφθαλμοῖς
3047 512 3495 585 κεκοσμημένους
3521 531 3536 549 ⁸
3581 511 3709 573 τοὺς
3743 510 3801 568 δὲ

384 597 590 670 pocula
620 599 898 655 extremis
928 599 1129 671 digitis
1159 603 1450 667 tenentes,
1481 617 1658 671 quam
1693 599 1816 656 ﬁeri
1849 604 2037 672 potest

381 686 816 760 elegantissime
838 687 1015 744 simul
1038 704 1104 743 ac
1127 688 1420 744 tutissime
1442 707 1455 756 ;
1490 688 1608 755 alii,
1635 688 1873 744 follibus
1894 706 2034 744 ven-

378 779 509 832 tum
539 793 718 850 super
746 782 923 850 caput
953 777 1268 833 artificiose
1299 779 1638 846 excitantes,
1669 783 1843 849 atque
1875 778 2034 833 auris

378 881 556 922 manu
578 866 841 923 conﬂatis
861 866 1073 922 molem
1092 868 1284 922 carnis
1303 867 1732 939 refrigerantes;
1750 872 1814 922 ut
1833 883 2032 921 mensa

376 953 620 1028 insuper
636 956 913 1012 carnibus
931 957 1028 1011 red
1041 957 1238 1027 undet,
1253 956 1556 1012 elementis
1573 956 1848 1012 omnibus
1867 955 2034 1011 nobis

375 1043 598 1116 prolixe
627 1049 684 1100 et
712 1045 943 1117 copiose
973 1045 1582 1113 subministranlibus,
1620 1061 1750 1100 aere
1800 1060 2029 1115 nempe,

373 1136 552 1204 terra,
576 1151 765 1207 aqua;
798 1151 1023 1206 nosque
1044 1151 1387 1206 coquorum,
1421 1139 1478 1190 et
1508 1150 1730 1204 eorum,
1758 1135 1858 1205 qui
1889 1150 2031 1204 epu-

375 1220 465 1278 las
499 1223 823 1295 instruunt,
851 1223 1162 1280 lenociniis
1185 1224 1682 1296 comprimamur;
1715 1239 2035 1293 omnesque

373 1312 446 1367 de
477 1328 543 1368 eo
577 1317 936 1380 concertent,
991 1314 1194 1384 ecquis
1245 1313 1413 1369 avido
1463 1318 1520 1368 et
1571 1313 1801 1384 ingrato
1848 1313 2034 1367 ventri

375 1417 555 1473 quam
579 1401 831 1457 maxime
852 1401 1210 1467 blandiatur,
1236 1403 1398 1474 gravi
1423 1401 1661 1458 omnino
1685 1401 1946 1468 sarcinae,
1979 1407 2036 1457 et

376 1490 672 1546 malorum
724 1491 970 1558 auctori,
1004 1491 1211 1546 belluas
1262 1507 1503 1563 prorsus
1541 1490 1934 1558 insaturabili,
1969 1507 2034 1546 ac

381 1597 664 1652 perquam
700 1581 914 1649 inﬁdae,
951 1580 1107 1647 huic,
1143 1581 1410 1653 inquam,
1443 1581 1542 1652 qui
1588 1597 1722 1636 cum
1755 1580 1902 1635 cibis
1934 1581 2033 1652 qui

381 1668 711 1737 abolentur,
735 1670 987 1740 jamjam
1037 1669 1164 1741 ipse
1208 1668 1546 1725 abolendus.
1583 1670 1651 1724 Et
1680 1668 1919 1739 quidem
1951 1668 2034 1725 illi

382 1757 660 1830 praeclare
690 1775 888 1815 secum
923 1759 1016 1831 agi
1045 1759 1357 1830 putabunt,
1382 1759 1432 1814 si
1458 1758 1550 1814 vel
1581 1775 1733 1829 aqua
1761 1758 2034 1829 explean-

380 1855 478 1903 tur
505 1864 518 1902 :
553 1865 656 1904 nos
685 1852 880 1904 autem
913 1848 1030 1903 vini
1062 1848 1272 1920 pocula
1302 1864 1490 1918 usque
1520 1848 1591 1902 ad
1626 1847 2031 1904 temulentiam

382 1936 746 2005 hauriemus,
769 1936 888 1992 imo
910 1936 1084 1992 etiam
1109 1935 1265 1992 ultra
1284 1936 1710 2003 temulentiam,
1737 1935 1940 1990 saltem
1972 1935 2032 2002 ii,

383 2026 482 2097 qui
517 2027 735 2096 majore
761 2025 1213 2097 intemperantia
1232 2025 1534 2093 laborant;
1567 2030 1738 2095 atque
1759 2041 1827 2079 ex
1857 2025 2034 2096 pluri-

381 2115 493 2170 bus
523 2114 672 2170 vinis
704 2113 819 2170 alia
848 2113 1201 2184 rejiciemus,
1235 2113 1368 2179 alia,
1405 2118 1469 2168 ut
1497 2113 1700 2167 suavia
1745 2118 1801 2167 et
1844 2119 2030 2184 grata,

382 2203 787 2276 probabimus,
812 2203 882 2258 de
905 2203 1034 2259 aliis
1057 2203 1232 2258 etiam
1267 2202 1834 2274 philosophabimur,
1859 2207 2034 2272 atque

379 2293 440 2348 in
474 2292 822 2348 detrimento
854 2308 1162 2362 ponemus,
1198 2291 1311 2347 nisi
1344 2292 1497 2348 269
1545 2291 1618 2346 ad
1660 2291 1915 2362 patrium
1951 2292 2032 2344 vi-

380 2399 546 2448 num,
560 2381 851 2438 exoticum
868 2381 1043 2436 etiam
1063 2381 1361 2451 quoddam
1381 2380 1633 2434 maxime
1651 2379 2030 2447 celebratum,

379 2471 540 2526 velut
567 2477 873 2542 tyrannus,
907 2471 1161 2526 accedat.
1194 2469 1310 2525 Nos
1341 2469 1559 2540 quippe
1586 2468 1776 2524 lautos
1806 2474 1864 2524 et
1893 2468 2032 2525 deli-

381 2563 564 2629 catos,
587 2562 644 2614 et
665 2558 1019 2630 profusiores
1042 2575 1218 2629 quam
1243 2574 1388 2613 usus
1408 2558 1623 2628 exigat,
1648 2562 1750 2612 aut
1771 2573 1917 2626 esse,
1935 2560 2036 2613 aut

2063 1895 2109 1958 B

2140 597 2232 658 τὰς
2287 596 2514 660 κύλικας
2567 596 2648 653 ἐπ’
2711 597 2888 670 ἄκρων
2939 597 3224 655 δακτύλων
3286 597 3535 675 ἔχοντας,
3581 601 3658 663 ὡς
3687 601 3798 656 οἷόν

2139 707 2197 740 τε
2229 685 2626 761 εὐπρεπέστατά
2674 709 2730 742 τε
2781 691 2922 762 ὁμοῦ
2973 691 3065 744 καὶ
3113 688 3521 766 ἀσφαλέστατα·
3574 690 3701 753 τοὺς
3744 689 3801 746 δὲ

2144 774 2274 850 ὑπὲρ
2329 775 2574 853 κεφαλῆς
2623 775 2822 849 ἄνεμον
2866 784 2985 840 ταῖς
3038 777 3210 854 ῥιπῖσι
3261 782 3670 856 σοφιζομένους,
3702 782 3793 835 καὶ

2138 869 2258 925 ταῖς
2288 863 2347 918 ἐκ
2376 871 2578 940 χειρῶν
2612 865 2801 936 αὔραις
2833 867 2895 920 τὸ
2925 866 3140 936 πλῆθος
3179 872 3285 922 τῶν
3339 874 3550 942 σαρκῶν
3602 869 3800 943 ἀναψύο

2141 972 2360 1028 χοντας·
2412 955 2500 1008 καὶ
2551 956 2616 1008 τὰ
2664 955 2750 1009 ἐπὶ
2797 957 3035 1023 τούτοις,
3087 955 3318 1026 πλήθειν
3365 957 3458 1029 μὲν
3492 963 3662 1033 κρεῶν
3694 960 3792 1028 τήν

2138 1040 2426 1115 τράπεζαν,
2474 1042 2686 1097 παντων
2745 1045 3135 1120 χορηγούντων
3195 1048 3329 1117 ἡμῖν
3361 1051 3467 1100 τῶν
3501 1048 3790 1123 στοιχείων

2140 1128 2438 1194 πλουσίωςι
2473 1129 2650 1207 ἀέρος,
2682 1140 2803 1208 γῆς,
2838 1132 3051 1196 ὕδατος
3083 1135 3173 1190 καὶ
3203 1138 3652 1211 στενοχωρεῖσθαι
3679 1141 3790 1213 (37)

2139 1224 2256 1281 τοῖς
2293 1240 2564 1295 μαγειρων
2632 1222 2721 1275 καὶ
2782 1222 3059 1295 ὀψοποιῶν
3098 1225 3555 1298 μαγγανεύμασιν,
3611 1225 3796 1299 ἀγῶνα

2147 1305 2203 1362 δὶ
2259 1308 2392 1364 εἶναι
2449 1317 2631 1380 πᾶσιν,
2661 1309 2808 1374 ὅστις
2867 1311 2941 1375 ὡς
2995 1312 3231 1385 μάλιστα
3283 1316 3382 1382 τὴν
3431 1313 3630 1390 λίχνην
3682 1318 3796 1388 (38)

2141 1400 2276 1470 ἡμῖν
2331 1397 2420 1452 καὶ
2494 1399 2789 1474 ἀχάριστον
2862 1401 3181 1457 κολακεύσει
3229 1403 3484 1478 γαστέρα,
3533 1404 3595 1458 τὸ
3658 1404 3794 1478 βαρὺ

2143 1487 2366 1564 φορτίον
2395 1487 2485 1542 καὶ
2518 1488 2844 1565 ἀρχέκακον,
2879 1491 2940 1545 τὸ
2990 1490 3400 1560 ἀπληστότατον
3463 1493 3656 1568 θηρίον
3709 1494 3799 1548 καὶ

2142 1575 2518 1646 ἀπιστότατον,
2578 1579 2675 1646 τὴν
2735 1582 3182 1655 καταργουμένην
3259 1580 3452 1636 αὐτίκα
3529 1581 3621 1635 σὺν
3682 1588 3801 1645 τοῖς

2142 1665 2602 1741 καταργουμένοις
2656 1668 2928 1743 βρώμασι.
2965 1669 3061 1723 Καὶ
3088 1675 3204 1730 τοῖς
3267 1671 3360 1742 μὶν
3410 1669 3554 1726 πολύ
3595 1692 3647 1724 τι
3705 1672 3798 1726 κό-

2143 1775 2235 1829 ρος
2278 1755 2367 1809 κποὶ
2394 1753 2609 1828 ὕδατος,
2658 1759 2792 1830 ἡμῖν
2847 1755 2902 1812 ’δὲ
2945 1759 3033 1812 καὶ
3087 1758 3254 1834 μέχρι
3289 1760 3456 1832 μέθης
3487 1761 3543 1812 οἱ
3580 1764 3683 1814 τοῦ
3714 1759 3796 1815 οἷ’-

2140 1865 2234 1898 νου
2290 1853 2578 1921 κρατῆρες,
2634 1846 2847 1919 μᾶλλον
2899 1845 2956 1901 δὲ
3003 1847 3093 1902 καὶ
3127 1849 3258 1923 ὑπὲρ
3288 1849 3386 1917 τὴν
3424 1848 3622 1921 μέθην,
3679 1855 3796 1912 τοῖς

2138 1954 2202 2006 γε
2231 1933 2712 2010 ἀκολαστοτέρως·
2764 1935 2852 1989 καὶ
2911 1937 3000 1990 τὸν
3056 1938 3148 2008 μὲν
3199 1936 3638 2010 ἀποπεμψάμεθα
3685 1943 3795 1992 τῶν

2142 2019 2324 2089 οἴνων,
2366 2023 2456 2077 τὸν
2507 2022 2562 2076 δὲ
2613 2022 2966 2097 ἐγκρινοῦμεν
3019 2025 3093 2085 ὡς
3144 2025 3442 2097 ἀνθοσμίαν
3475 2028 3608 2100 (39),
3668 2027 3795 2104 περὶ

2141 2109 2200 2165 δὲ
2227 2115 2323 2165 τοῦ
2367 2113 2833 2189 φιλοσοφήσομεν,
2884 2113 3053 2185 ζημία
3086 2111 3162 2185 δὲ,
3197 2113 3242 2168 εἷ
3278 2115 3352 2186 μή
3388 2117 3682 2190 προσέσται
3715 2121 3796 2189 τῷ

2142 2199 2395 2276 ἐγχωρίῳ
2420 2201 2510 2255 καὶ
2539 2206 2645 2254 τῶν
2684 2202 3103 2274 ὀνομαζομένων
3137 2202 3297 2272 ξένων
3331 2205 3463 2276 (40),
3495 2225 3576 2266 τις
3609 2202 3796 2280 ὥσπερ

2138 2288 2416 2364 τύραννος.
2462 2294 2552 2344 Δεῖ
2579 2291 2680 2364 γὰρ
2712 2293 2861 2362 ἡμᾶς
2892 2286 3093 2365 ἀϐροὺς
3126 2292 3213 2346 καὶ
3252 2298 3352 2361 τῆς
3386 2292 3576 2367 χρείας
3604 2314 3800 2364 περιτ-

2138 2379 2414 2452 τοτέρους,
2445 2378 2479 2446 ἢ
2515 2378 2669 2447 εἶναι,
2703 2379 2736 2448 ἢ
2770 2379 3104 2451 νομίζεσθαι,
3139 2377 3318 2455 ὣσπερ
3342 2379 3794 2456 αἰσχυνομένους,

2142 2466 2189 2522 εἰ
2223 2467 2298 2539 μὴ
2340 2467 2497 2521 κακοὶ
2527 2467 2906 2540 νομιζοίμεθα,
2933 2468 3021 2522 καὶ
3055 2466 3245 2524 δοῦλοι
3279 2470 3537 2544 γαστρὸς,
3569 2470 3656 2525 καὶ
3687 2476 3797 2526 τῶν

2143 2554 2247 2609 ὑπὸ
2278 2557 2530 2630 γαστέρα.

382 2648 585 2706 haberi
631 2653 885 2720 oportet,
921 2647 1162 2719 perinde
1209 2652 1385 2718 atque
1432 2662 1759 2716 vereamur,
1792 2662 1865 2702 ne
1912 2663 2026 2702 non
2077 2647 2237 2718 pravi
2283 2647 2710 2716 existimemur,
2747 2663 2814 2703 ac
2843 2648 3088 2716 ventris,
3135 2652 3193 2704 et
3241 2664 3464 2718 eorum,
3500 2667 3628 2722 quae
3681 2652 3792 2708 sub

380 2742 580 2796 ventre
609 2742 765 2808 sunt,
799 2736 1110 2808 mancipia.

452 2827 644 2884 XVllI‘.
678 2826 826 2892 Quid
860 2825 1006 2894 haec,
1058 2842 1091 2881 o
1138 2824 1308 2881 amici
1340 2829 1398 2880 et
1427 2824 1682 2880 fratres?
1734 2823 1871 2894 quid
1921 2841 2026 2879 nos

379 2934 612 2990 quoque
629 2917 962 2972 animorum
981 2915 1185 2970 morbo
1200 2913 1697 2982 tenemur,morbo
1714 2913 1884 2985 longe
1900 2929 2026 2985 gra-

2210 2823 2317 2880 lH'.
2350 2821 2408 2876 Τί
2436 2826 2622 2894 ταῦτα,
2683 2824 2728 2877 ὦ
2785 2821 2937 2900 φίλοι
2993 2823 3083 2878 καὶ
3144 2821 3408 2903 ἀδελφοί;
3439 2826 3490 2880 τί
3520 2830 3784 2898 νοσοῦμεν

2137 2912 2225 2965 καὶ
2257 2909 2407 2966 αὐτοὶ
2437 2911 2531 2973 τὰς
2561 2913 2738 2987 ψυχὰς
2769 2915 2903 2985 (41),
2952 2912 3104 2966 νόσον
3137 2911 3282 2968 πολὺ
3307 2921 3406 2983 τῆς
3444 2919 3549 2968 τῶν
3600 2916 3788 2987 σωμά-

375 3007 541 3076 viuri,
575 3021 754 3077 quam
787 3021 900 3077 quo
940 3020 1182 3075 corpora
1221 3000 1613 3074 premuntur?
1662 3001 1765 3056 Hic
1812 3001 2022 3057 etenim

2135 3020 2243 3054 των
2274 3001 2384 3072 (42)
2430 2999 2816 3076 χαλεπωτέραν
2843 3023 2861 3070 ;
2906 3003 3052 3072 Ὅσῳ
3082 3001 3182 3069 τήν
3234 3002 3326 3073 μὲν
3358 3002 3608 3057 ἀκούσιον
3643 3000 3790 3075 οῖδα,

379 3100 587 3168 praeter
634 3093 990 3150 voluntatem
1042 3091 1288 3158 exsistit,
1336 3090 1433 3146 ille
1463 3107 1596 3146 vero
1647 3107 1680 3145 a
1727 3089 2028 3146 voluntate

382 3188 614 3251 manat;
638 3182 734 3238 hic
756 3200 874 3238 una
899 3198 1030 3237 cum
1053 3181 1162 3238 hac
1188 3181 1304 3236 vita
1326 3179 1564 3248 desinit,
1592 3179 1710 3246 ille,
1737 3194 1871 3233 cum
1894 3179 2030 3234 hinc

382 3273 730 3344 migramus,
753 3271 1060 3327 nobiscum
1083 3269 1376 3337 abscedit;
1411 3269 1502 3323 hic
1529 3267 1909 3334 miserationi,
1934 3267 2031 3322 ille

381 3360 512 3417 odio
561 3364 668 3428 est,
718 3360 873 3430 apud
913 3375 1012 3416 eos
1043 3358 1299 3429 quidem,
1331 3357 1432 3428 qui
1461 3374 1616 3412 sanae
1647 3357 1862 3412 mentis
1891 3362 2032 3412 sunt

383 3455 701 3522 compotes.
725 3447 840 3503 Cur
867 3452 1109 3516 naturas,
1143 3447 1284 3501 dum
1316 3451 1550 3517 tempus
1581 3445 1889 3515 habemus,
1914 3462 2028 3500 non

383 3537 825 3595 succurrimus?
853 3536 990 3608 Cur,
1012 3551 1145 3591 cum
1168 3551 1300 3591 caro
1331 3534 1542 3604 simus,
1566 3535 1757 3589 carnis
1790 3533 2025 3588 humili-

382 3633 560 3684 tatem
585 3644 701 3684 non
733 3626 1101 3697 contegimus
1120 3624 1147 3679 Ὺ
1176 3626 1290 3680 Cur
1318 3624 1376 3679 in
1409 3624 1656 3679 fratrum
1678 3621 2024 3678 calamitati-

371 3717 483 3773 bus
514 3717 740 3772 deliciis
773 3717 1082 3770 studemus
1103 3713 1131 3768 ?
1159 3713 1326 3768 Absit
1349 3712 1458 3768 hoc
1489 3730 1523 3767 a
1553 3729 1666 3780 me,
1692 3716 1754 3766 ut
1782 3711 1868 3766 vel
1900 3712 2019 3782 opi-

373 3806 486 3862 bus
515 3807 834 3870 abundem,
866 3804 959 3859 his
991 3803 1189 3874 inepia
1219 3819 1416 3857 rerum
1449 3800 1890 3867 laborantibus;
1933 3800 2020 3856 vel

372 3897 682 3951 commoda
711 3893 1041 3950 valetudine
1072 3893 1258 3956 fruar,
1293 3891 1407 3945 nisi
1439 3890 1648 3944 horum
1680 3889 2018 3945 vulneribus

370 4002 541 4056 opem
575 3985 756 4040 feram
783 4003 795 4050 ;
831 3982 916 4038 vel
947 3982 1162 4036 victum
1197 3985 1371 4050 atque
1403 3978 1679 4033 amictum
1711 3979 1855 4034 satis
1887 3996 2015 4034 am-

368 4074 532 4146 plum
565 4073 835 4140 habeam,
861 4088 926 4127 ac
957 4071 1068 4126 sub
1098 4073 1248 4125 tecto
1277 4066 1659 4138 requiescam,
1685 4067 1798 4122 nisi
1828 4075 1884 4123 et
1914 4085 2014 4139 pa-

366 4179 501 4218 nem
526 4162 596 4217 iis
618 4179 720 4233 pro
745 4159 1085 4216 facultatum
1111 4157 1348 4213 modulo
1370 4159 1684 4227 porrigam,
1708 4162 1764 4211 et
1791 4163 2010 4213 vestem

367 4252 689 4323 impertiar,
709 4267 926 4321 eosque
947 4254 1098 4304 tecto
1118 4247 1423 4318 excipiam.
1447 4245 1685 4310 Verum,
1709 4245 1795 4300 vel
1815 4248 2013 4302 omnia

365 4344 602 4412 propter
630 4339 922 4394 Christum
959 4334 1324 4410 deponenda,
1375 4338 1438 4388 ut
1489 4333 1731 4402 sincere,
1779 4333 2012 4390 sublata

2141 3089 2239 3156 τὴν
2290 3086 2346 3142 δέ
2405 3088 2708 3164 ἐρχομένην
2760 3089 2817 3143 ἐκ
2860 3088 3266 3165 προαιρέσεως*
3319 3090 3406 3145 καὶ
3437 3093 3534 3160 τὴν
3573 3091 3666 3165 μὲν
3721 3096 3791 3167 τῇ

2143 3181 2255 3249 ζωῇ
2306 3178 2472 3250 ταύτῃ
2522 3177 3058 3252 συγκαταλυομένην,
3129 3180 3227 3248 τήν
3297 3179 3354 3234 δὲ
3430 3186 3788 3237 συναπιοῦσαν

2136 3267 2271 3338 ἡμῖν
2333 3267 2742 3340 μεθισταμένοις
2804 3269 2953 3342 (43)’
3013 3267 3102 3322 καὶ
3158 3269 3256 3336 τήν
3305 3268 3397 3340 μὲν
3433 3267 3783 3343 έλεουμένην,

2135 3356 2235 3424 τὴν
2266 3353 2322 3409 δὲ
2356 3357 2710 3428 μισουμένην,
2737 3360 2855 3418 τοῖς
2885 3377 2948 3430 γε
2976 3360 3101 3410 νοῦν
3141 3355 3380 3432 ἔχουσιν.
3413 3357 3473 3412 Τί
3528 3361 3604 3432 μή
3660 3361 3789 3434 βοη-

2135 3445 2330 3515 θουμεν
2389 3448 2457 3517 τῇ
2510 3443 2663 3521 φύσει
2717 3445 2902 3518 καιρὸν
2954 3441 3170 3519 ἔχοντες
3219 3446 3454 3517 (44);τί
3514 3449 3591 3519 μὴ
3631 3469 3785 3524 περι-

2134 3531 2458 3605 στέλλομεν,
2514 3534 2705 3603 σάρκες
2763 3528 2931 3601 ὄντες,
2987 3540 3086 3602 τῆς
3144 3535 3339 3610 σαρκὸς
3393 3537 3494 3604 τήν
3524 3537 3787 3592 ταπείνω-

2133 3639 2250 3689 σιν;
2282 3621 2333 3675 τί
2384 3626 2672 3698 τρυφῶμεν
2706 3622 2757 3676 ἐν
2788 3628 2902 3685 τοῖς
2930 3627 3037 3677 τῶν
3073 3622 3320 3699 ἀδελφῶν
3355 3621 3736 3700 δυστυχήμασι
3767 3645 3780 3697 ;

2129 3712 2216 3780 Μή
2264 3731 2359 3782 μοι
2414 3710 2641 3786 γένοιτο,
2705 3714 2841 3784 μήτε
2897 3709 3156 3766 πλουτεῖν
3211 3712 3418 3768 τούτων
3462 3715 3780 3792 ἀπορουμέ-

2127 3821 2228 3853 νων
2259 3819 2270 3831 ·
2308 3801 2447 3872 μήτε
2476 3800 2731 3869 εὑεκτεῖν,
2762 3800 2807 3854 εἰ
2839 3801 2912 3873 μὴ
2951 3800 3215 3876 βοηθοίην
3253 3804 3365 3875 (45)
3394 3809 3511 3864 τοῖς
3565 3804 3772 3861 τούτων

2123 3887 2430 3963 τραύμασι·
2471 3890 2547 3962 μὴ
2578 3896 2786 3965 τροφῆς
2819 3888 3017 3951 ίκανῶς
3064 3887 3232 3964 ἔχειν,
3289 3893 3363 3963 μή
3415 3893 3638 3963 σκέπης,
3694 3898 3770 3965 μὴ

2127 3977 2228 4032 ὑπό
2281 3978 2470 4053 στέγην
2529 3979 2907 4048 ἀναπαύεσθαι,
2965 3979 3008 4034 εἷ
3061 3981 3136 4052 μὴ
3184 3979 3275 4034 καὶ
3307 3982 3464 4055 ἄρτον
3502 3982 3773 4056 ὀρέξαιμι,

2121 4067 2210 4119 καὶ
2265 4064 2552 4138 μεταδοίην
2601 4067 2820 4136 ἐσθῆτος
2867 4068 2941 4130 εἷς
3000 4066 3249 4141 δέναμιν,
3308 4069 3397 4124 καὶ
3452 4071 3556 4124 ὑπὸ
3581 4071 3770 4148 στέγην

2122 4155 2506 4228 ἀναπαύσαιμιο
2564 4154 2720 4211 Ἀλλ’
2778 4155 2904 4226 ἤτοι
2956 4156 3125 4212 πάντα
3181 4157 3472 4213 ἀποθετέον
3535 4162 3771 4232 Χριστῷ,

2114 4240 2206 4296 ’ίνα
2235 4243 2470 4319 γνησίως
2504 4243 2963 4318 ἀκολουθήσωμεν
2997 4245 3164 4318 αὐτῷ,
3212 4247 3302 4301 τὸν
3355 4248 3582 4324 σταυρὸν
3635 4253 3765 4324 αρα-

2125 4351 2297 4404 μενοι,
2346 4333 2434 4387 καὶ
2480 4333 2797 4407 ἀναπτῶμεν
2855 4335 2930 4396 ὡς
2989 4334 3183 4413 κούφοι
3223 4338 3334 4409 (46)
3365 4337 3502 4412 πρὸς
3536 4337 3623 4391 τὸν
3658 4336 3767 4392 ἅνω

362 4429 626 4485 humeris
647 4444 835 4496 cruce,
858 4428 1055 4499 ipsum
1083 4439 1422 4495 sequamur,
1447 4422 1743 4494 simulque
1764 4422 1916 4478 leves
1946 4441 2012 4479 ac

2135 4421 2345 4492 ιόσμον,
2403 4423 2490 4478 καὶ
2542 4423 2816 4486 εὐσταλεῖς
2876 4425 2976 4478 ὑπὸ
3058 4421 3288 4496 μηδενὸς
3344 4425 3762 4499 καθελκόμενοι,

359 4519 634 4592 expediti,
670 4535 773 4574 nec
826 4519 897 4572 ab
949 4515 1068 4570 ulla
1117 4530 1177 4568 re
1222 4513 1281 4566 in
1330 4513 1606 4566 deorsum
1651 4511 1903 4577 attracti,
1940 4514 2010 4567 ad

360 4625 681 4680 supernum
709 4607 998 4662 mundum
1021 4601 1416 4666 convolemus,
1440 4607 1613 4672 atque
1639 4616 1743 4672 per
1769 4601 2010 4655 humili-

355 4701 536 4754 tatem
574 4695 830 4763 exaltati,
881 4698 934 4748 et
985 4707 1088 4764 per
1134 4693 1452 4762 egestatem
1484 4689 1673 4759 ditati,
1706 4689 2004 4745 Christum

419 4929 531 5003 (37)
563 4926 1048 5003 Στενοχωρεῖσθαι.
1099 4945 1128 4974 ‹‹
1161 4921 1790 5003 Ferculis__delica_t_is,_
1824 4941 1996 5003 cupe-

349 4995 461 5057 diis
488 4995 894 5068 angustie'mur
920 5024 933 5064 ;
959 5020 988 5047 ››
1020 4995 1545 5068 praemultitudine
1576 4997 1819 5064 scilicet,
1844 4995 1916 5052 ut
1938 4998 1996 5052 in

350 5018 461 5057 aus
488 5018 894 5126 angusuemur
920 5024 933 5064 ;
959 5020 988 5047 ››
1020 5018 1213 5076 praem

350 5089 556 5129 mensa
608 5089 748 5127 ocus
780 5088 895 5126 non
937 5072 1213 5139 superett.

563 5143 794 5217 ᾼίχνην.
815 5135 1245 5217 _Regii—plures,
1283 5135 1494 5212 λίχνον.

441 5211 531 5287 39)
561 5211 943 5287 notasset;
975 5211 1396 5287 interpretatur
1441 5229 1451 5265 :

441 5283 539 5342 ore
570 5286 745 5341 simul
766 5283 833 5342 et
863 5283 1395 5356 odorepraeditum.
1431 5303 1458 5330 »

419 5359 528 5430 (40)
560 5358 762 5411 Ξένων.
797 5363 886 5412 0r.
920 5360 972 5421 2,
1007 5353 1149 5430 ξένον
1185 5353 1401 5430 [male].

439 5420 528 5502 44)
561 5429 782 5503 Ψυχάς.
827 5420 982 5503 Unus
1011 5420 1402 5503 cedes—addit",
1435 5420 1542 5476 καί.

436 5491 523 5571 42)
556 5491 856 5572 Σωξῖάτων.
890 5500 984 5554 0r.
1015 5496 1262 5572 2_addit,
1293 5491 1523 5547 τούτων.

553 5565 1000 5644 Μεόισταμένοις.
1052 5570 1144 5625 Sic
1190 5583 1393 5623 omnes
1443 5566 1608 5621 codd.
1642 5565 1815 5632 Editi,
1853 5568 1988 5639 μεθ-

345 5641 681 5713 ισταμένους.

415 5708 522 5787 (Η)
554 5714 746 5788 Καιρὸν
819 5708 1056 5789 ἔχοντες.
1115 5709 1245 5765 Hac
1311 5708 1526 5764 desunt
1589 5709 1650 5764 in
1716 5709 1986 5780 pluribus

1507 5235 1533 5259 ι(
1581 5210 1782 5264 vinum
1842 5210 1993 5268 bono

417 5152 435 5341 ἓ

350 5303 415 5343 00

2119 4510 2207 4564 καὶ
2239 4508 2590 4586 κερδήσωμεν
2641 4512 2755 4567 ἅντὶ
2804 4514 3017 4568 πάντων
3071 4514 3319 4588 Χριστὸν,
3370 4511 3458 4568 διὰ
3503 4515 3768 4570 ταπείνω-

2121 4621 2200 4654 σιν
2253 4599 2570 4673 ὑψωθέντες,
2620 4603 2710 4656 καὶ
2753 4600 2841 4656 διὰ
2869 4603 3054 4657 πενίαν
3089 4603 3504 4673 πλουτήσαντες·
3538 4605 3571 4672 ἢ
3631 4610 3762 4680 Χρι-

2119 4693 2226 4760 στῷ
2254 4691 2320 4743 τὰ
2351 4683 2478 4744 ὄντα
2508 4690 2925 4767 συμμεριστέον,
2961 4689 3050 4746 ⁹ίνα
3095 4694 3209 4764 (47)
3238 4712 3355 4754 πως
3384 4692 3473 4747 καὶ
3500 4693 3561 4747 τὸ
3592 4688 3756 4766 ἔχειν,

2109 4924 2280 4980 codd.

2177 4993 2734 5072 (45)-Βοηθοίηνηείο
2766 4998 2882 5054 duo
2914 4997 3089 5069 Regg.
3124 5001 3182 5053 et
3212 4997 3309 5054 0r.
3338 4998 3393 5054 2.
3437 4995 3568 5064 Alii,
3619 4995 3757 5072 βοη-

2107 5066 2663 5156 Ostq:\[perperam].

2177 5140 2286 5212 (46)
2318 5138 2693 5212 Ὡςξκοῦφοι,
2720 5140 2893 5197 Deest
2937 5138 3011 5200 ὡς
3057 5140 3115 5194 in
3150 5139 3619 5212 pluribuscodd.
3651 5141 3754 5197 Hic

2103 5208 2276 5266 loeus'
2299 5211 2354 5294 in
2381 5211 2481 5294 pr.
2508 5208 3187 5294 ‘2,_aliis‘que‘permulti_s
3215 5212 3300 5294 sic
3331 5211 3549 5294 legitur
3581 5230 3594 5268 ε
3626 5213 3754 5266 κοῦ-

2103 5302 2192 5366 φοι
2222 5281 2312 5407 ἒαὶ
2345 5281 2622 5343 εὐσταλεῖς
2652 5281 2786 5350 πρὸς
2814 5281 2906 5336 τὸν
2937 5283 3069 5352 ἄνω,
3096 5289 3204 5340 etc.
3241 5283 3305 5339 In
3336 5281 3471 5339 aliis
3502 5300 3657 5352 vero,
3692 5289 3758 5340 ut

2103 5371 2157 5407 In
2189 5371 2218 5407 e
2264 5355 2380 5407 itis.

2098 5353 2157 5408 in
2189 5355 2380 5409 editis.

2171 5427 2280 5550 (472
2310 5425 2421 5476 Ἵνα
2451 5443 2566 5484 πως
2604 5423 2690 5477 καὶ
2735 5423 2797 5478 τὸ
2845 5421 3014 5500 ἔχειν,
3058 5429 3192 5491 etc.,
3247 5448 3275 5477 ι(
3307 5429 3372 5480 ut
3401 5424 3599 5496 aliquo
3630 5441 3756 5479 m0-

2221 5497 2235 5550 i
2322 5495 2498 5550 etiam
2530 5498 2685 5550 ouod
2718 5498 3026 5550 habemus.
3071 5502 3378 5550 nronterea
3408 5498 3562 5550 quod
3600 5502 3753 5550 recte

2098 5495 2189 5570 do;
2221 5495 2275 5550 id
2322 5495 2498 5551 etiam
2530 5498 2685 5567 quod
2718 5495 3026 5566 habemus,
3070 5502 3378 5570 propterea
3408 5495 3562 5570 (ιυοά
3600 5502 3753 5570 recte

2097 5567 2440 5640 habeamus,
2460 5571 2522 5640 et
2554 5567 3226 5626 communicemuscum
3257 5569 3330 5624 iis
3361 5567 3462 5640 qui
3497 5585 3612 5640 non
3647 5568 3749 5640 ha-

2095 5639 2254 5706 bent,
2288 5638 2722 5714 sanctiﬁcetur;
2753 5660 2781 5694 ι
2821 5659 3030 5714 nempe
3059 5643 3318 5700 honesta
3350 5638 3749 5712 possessionis

2097 5715 2274 5783 atque
2302 5709 2476 5766 officii
2507 5712 2752 5769 ratione.
