4146 6290
459 423 573 488 881

1395 425 1683 486 ORATIO
1727 424 1881 485 XIV.
1916 424 2124 485 -ΒΕ
2171 426 2604 489 PAUPERUM
2651 428 2948 489 AMORE.

3750 428 3869 490 882

462 553 552 611 διὰ
577 558 674 609 τοῦ
704 552 889 615 καλῶς
923 548 1092 629 ἔχειν,
1127 555 1382 629 άγιασθῂ,
1415 554 1503 608 καὶ
1543 559 1641 608 τοῦ
1681 558 1957 607 κοινωνεῖν
1997 559 2113 614 τοῖς

2228 554 2350 612 loco
2380 559 2643 613 omnium
2678 575 2874 614 rerum
2921 558 3251 615 elucremur
3279 576 3293 627 ;
3322 558 3409 614 vel
3460 563 3614 616 certe
3642 558 3873 616 Christo

467 647 541 719 μὴ
574 641 816 721 ἔχουσιν.
851 642 914 698 Εἰ
950 640 1007 697 δὲ
1034 643 1123 698 καὶ
1169 644 1450 718 σπείραιμι
1499 643 1716 715 ἐμαυτῷ
1750 642 1917 714 μόνῳ,
1968 642 2113 696 σπεί-

464 755 618 807 ραιμι
654 732 779 808 ἄρα,
813 733 901 787 καὶ
935 730 1097 787 ἄλλοι
1131 732 1351 808 φάγοιεν
1390 735 1521 805 (48)·
1572 730 1658 785 καὶ
1704 729 1794 785 ἵνα
1841 730 2004 785 πάλιν
2036 730 2109 785 εἷ’-

461 846 548 879 πω
604 823 668 877 τὸ
725 826 822 876 τοῦ
882 817 1031 875 Ἰὼϐο
1071 822 1219 875 Ἀντὶ
1276 824 1450 896 πυροῦ
1508 818 1713 890 ἐξέλθοι
1774 842 1871 892 μοι
1927 818 2109 891 κνίδη,

462 913 575 967 ἀντὶ
621 910 678 966 δὲ
728 918 923 985 κριθῆς
973 911 1153 985 βάτος
1207 909 1419 964 καύσων
1472 907 1529 963 δὲ
1575 907 1770 982 ἄνεμος
1820 904 2108 980 ὑπολάϐοι,

462 1001 550 1056 καί
583 1000 838 1076 ὑφέλοιτο
873 998 1082 1071 λαῖλαψ
1112 998 1236 1059 τοὺς
1285 998 1449 1069 ἐμοὺς
1499 999 1723 1069 πόνους,
1759 997 1852 1053 ’ίνα
1899 998 1974 1060 εἷς
2030 1019 2112 1052 κε-

461 1092 546 1145 νὸν
603 1089 949 1161 κοπιάσαιμι.
1000 1088 1067 1141 Εἴ
1114 1085 1169 1141 δὲ
1224 1089 1310 1141 καὶ
1346 1088 1626 1158 ἀποθήκας
1677 1085 2112 1160 οἰκοδομησαιμι

465 1180 656 1234 ἐκτῶν
689 1179 805 1251 (49)
846 1183 1080 1250 μαμωνᾶ
1128 1177 1489 1250 θησαυρίζων,
1540 1178 1627 1231 καὶ
1680 1182 1933 1250 μαμωνᾷ,
1984 1178 2110 1231 ταύ-

461 1291 527 1343 τῃ
554 1272 623 1341 τῇ
659 1266 809 1321 νυκτὶ
838 1267 937 1334 τὴν
982 1267 1166 1339 ψυχὴν
1214 1269 1325 1339 (50)
1376 1265 1758 1336 ἀπαιτηθείην,
1791 1264 1955 1341 λόγον
2010 1268 2110 1343 ὑφ-

466 1360 618 1430 έξων,
653 1358 725 1410 ὧν
759 1360 937 1416 κακῶς
970 1353 1319 1426 έθησαύρισα.

2222 662 2361 718 opes
2392 652 2606 703 nostrae
2637 650 3155 716 communicandas,
3191 652 3255 703 ut
3295 649 3434 720 ipsa:
3464 648 3708 705 honeste
3738 665 3872 721 pos-

2222 752 2418 805 sessas,
2450 744 2508 791 et
2564 737 2920 808 pauperibus
2971 753 3168 792 earum
3230 739 3289 791 in
3351 742 3574 809 partem
3630 739 3869 805 vocatis,

2222 826 2530 880 sanctitate
2551 828 2805 897 quadam
2828 827 3367 893 imbuantur.Quod
3392 827 3439 881 si
3464 827 3604 881 mihi
3626 827 3735 899 ipsi
3761 828 3867 883 soli

2221 930 2434 979 seram,
2464 915 2546 969 ita
2576 932 2765 970 seram
2794 917 2988 984 velim,
3022 932 3223 970 verum
3249 921 3312 970 ut
3333 916 3427 970 alii
3448 917 3625 972 etiam
3648 917 3871 973 fructus

2221 1003 2431 1067 edant;
2467 1008 2661 1075 atque,
2696 1009 2758 1057 ut
2787 1005 2917 1059 Jobi
2967 1005 3157 1059 verbis
3182 1021 3389 1059 rursus
3420 1009 3552 1059 utar
3583 1022 3597 1061 :
3629 1007 3738 1061 Pro
3768 1008 3870 1061 tri-

2221 1094 2329 1146 tico
2355 1094 2573 1146 oriatur
2600 1093 2745 1147 mihi
2774 1095 2976 1161 urrz'ca,
3008 1110 3105 1164 pro
3132 1094 3330 1149 hordeo
3367 1099 3551 1149 autem
3592 1095 3761 1150 rubus
3787 1095 3831 1129 ⁸⁷
3856 1111 3869 1162 ς

2221 1184 2429 1235 ventus
2463 1182 2634 1234 etiam
2662 1198 2835 1236 urens
2857 1186 2912 1236 et
2941 1182 3114 1237 turbo
3142 1181 3371 1237 labores
3395 1199 3555 1238 meos
3583 1182 3874 1253 excipiant

2223 1286 2288 1324 ac
2322 1269 2661 1340 surripient,
2693 1273 2758 1324 ut
2806 1271 2862 1324 in
2913 1287 3126 1325 vanum
3175 1271 3579 1327 laboraverim.
3630 1272 3791 1337 Quod
3824 1271 3874 1325 si

2222 1358 2396 1413 etiam
2421 1359 2630 1413 horrea
2650 1371 2969 1426 exstruam,
3000 1360 3308 1415 thesauros
3330 1377 3399 1415 ex
3427 1376 3785 1427 mammona,
3820 1364 3878 1416 et

467 1462 822 1503 mammonae
855 1445 1186 1515 cumulans,
1222 1463 1333 1500 non
1367 1462 1568 1503 recuso
1618 1446 1939 1517 quominus
1988 1446 2095 1500 hac
2146 1463 2379 1519 quoque
2429 1451 2595 1503 nocte
2643 1448 2899 1503 animam
2952 1450 3306 1520 reposcar”,
3340 1449 3623 1505 rationem
3671 1465 3874 1505 eorum

469 1536 827 1601 redditurus,
857 1551 983 1605 quae
1016 1533 1168 1589 male
1199 1535 1451 1605 aggessi.

535 1626 636 1682 19'.
668 1623 740 1677 Οὐ
774 1624 1197 1700 σωφρονήσομεν
1248 1626 1358 1696 (51)
1410 1623 1509 1697 ὀψὲ
1546 1622 1674 1700 γοῦν
1710 1642 1724 1694 ;
1760 1624 1821 1678 ού
1877 1620 2111 1678 καταϐα-

465 1712 665 1786 λοῦμεν
698 1715 797 1781 τήν
828 1711 1177 1787 ἀναλγησίαν,
1205 1709 1295 1766 ’ίνα
1321 1714 1396 1784 μὴ
1421 1711 1565 1788 λέγω
1594 1712 1951 1789 μικρολογίαν
1977 1717 2110 1785 (52);

465 1802 527 1857 οὐ
581 1805 649 1857 τὰ
713 1802 1020 1876 ἀνθρώπινα
1076 1800 1413 1875 λογιούμεθα
1483 1805 1598 1875 (53)
1659 1822 1672 1871 ;
1732 1802 1831 1857 οὐκ
1890 1801 1939 1857 ἐν
1998 1809 2114 1865 τοῖς

464 1891 659 1964 ἐτέρων
690 1896 879 1952 κακοῖς
927 1891 995 1944 τὰ
1041 1888 1282 1965 ἡμέτερα
1331 1888 1393 1944 οὗ
1442 1890 1718 1985 ςησόμεθα
1749 1910 1762 1960 ;
1798 1891 1962 1945 Φύσει
2018 1894 2110 1964 μὲν
2145 1922 2192 1985 Β

461 1982 562 2056 γὰρ
617 1978 768 2035 οὐδὲν
819 1984 928 2034 τῶι
980 1978 1334 2053 ἀνθρωπίνων
1387 1974 1642 2053 βέϐαιον,
1704 1978 1829 2036 οὐδὲ
1880 1981 2111 2054 ὁμαλὸν,

464 2067 588 2125 οὐδὲ
621 2067 899 2144 αὔταρκες,
933 2067 1057 2122 οὐδὲ
1103 2068 1191 2122 ἐπὶ
1239 2073 1345 2121 τῶν
1400 2068 1573 2123 αὐτῶν
1620 2071 1925 2143 ἱστάμενον·
1969 2068 2115 2125 ἀλλά

463 2156 665 2221 κύκλος
722 2179 805 2219 τις
862 2161 970 2212 τῶν
1028 2155 1309 2230 ἡμετέρων
1366 2159 1678 2233 περιτρέχει
1739 2158 2111 2234 πραγμάτων,

465 2246 667 2303 ἄλλοτε
698 2245 869 2309 ἄλλας
904 2245 993 2301 ltiti
1045 2252 1169 2319 μιᾶς
1219 2248 1428 2320 ἡμέρας
1479 2246 1772 2318 πολλάκις,
1806 2246 1917 2302 ἔστι
1951 2247 1996 2302 δ’
2027 2248 2115 2302 ὅτε

462 2337 552 2391 καὶ
613 2335 758 2412 ὥρας
796 2381 808 2405 ,
873 2335 1049 2413 φέρων
1114 2329 1444 2408 μεταϐολάς·
1503 2336 1593 2391 καὶ
1650 2334 1837 2409 αὔραις
1903 2336 2112 2409 μᾶλλον

464 2424 573 2480 ἔστι
606 2424 878 2479 πιστεύειν
920 2424 1025 2499 οὐχ
1055 2422 1398 2496 ἱσταμέκααις,
1455 2425 1545 2477 καὶ
1590 2426 1721 2495 νηὸς
1750 2426 2117 2501 ποντοπορού-

466 2535 563 2584 σης
593 2513 791 2589 ἴχνεσι,
822 2514 912 2567 καὶ
952 2514 1145 2575 νυκτὸς
1194 2512 1499 2583 ἀπατηλοῖς
1552 2513 1838 2589 ὀνείρασιν,
1873 2517 1945 2569 ὧν
1979 2516 2114 2591 πρὸς

465 2603 657 2678 ὀλίγον
689 2606 723 2672 ἡ
777 2603 963 2679 χάρις,
1004 2604 1093 2656 καὶ
1148 2601 1246 2656 ὅσα
1294 2602 1429 2656 κατὰ
1481 2602 1744 2677 ψαμάθων
1772 2607 1884 2677 (54)
1927 2603 2115 2666 παῖδες

461 2697 691 2748 τυποῦσι
724 2692 1027 2763 παίζοντες,
1078 2692 1112 2759 ἢ
1164 2691 1464 2766 ἀνθρώπων
1521 2692 1803 2769 εὐημερίᾳ·
1842 2696 2114 2767 σώφρονες

465 2780 547 2852 δὲ,
583 2783 635 2836 οἱ
668 2778 756 2836 διὰ
784 2782 846 2836 τὸ
899 2782 974 2854 μή
1025 2779 1293 2835 πιστεύειν
1344 2786 1459 2842 τοῖς
1509 2785 1763 2857 παροῦσι,
1813 2782 1876 2836 τὸ
1913 2782 2117 2854 μέλλον

466 2872 678 2931 ἑαυτοῖς
730 2868 1183 2945 θησαυρίζοντες’
1237 2868 1323 2923 καὶ
1381 2866 1470 2923 διὰ
1515 2871 1578 2924 τὸ
1625 2876 1725 2939 τῆς
1777 2872 2115 2944 ἀνθρωπίνης

470 2957 765 3032 εὐπραγίας
797 2959 1025 3011 ἄστατον
1072 2958 1161 3011 καὶ
1214 2957 1531 3030 ἀνώμαλον,
1575 2958 1675 3025 τήν
1727 2958 1787 3012 οὐ
1820 2959 2117 3013 πίπτουσαν

472 3046 784 3122 ἀγαπῶντες
830 3046 1202 3122 χρηστότητα,
1250 3045 1341 3099 ’ίνα
1395 3051 1561 3119 τριῶν
1607 3044 1661 3101 ἓν
1715 3048 1777 3121 γέ
1804 3069 1857 3102 τι
1901 3048 2115 3110 πάντως

468 3133 810 3212 κερδάνωσιν’
847 3136 881 3204 ἢ
931 3136 994 3189 τὸ
1047 3139 1120 3209 μή
1180 3156 1312 3189 ποτε
1361 3137 1557 3211 πρᾶξαι
1611 3141 1811 3207 κακῶς,
1864 3135 1979 3191 ἐπεὶ
2028 3138 2115 3191 καὶ

467 3231 583 3286 τοῖς
638 3228 753 3297 (55)
805 3223 1040 3288 ἐντεῦθεν
1097 3230 1361 3301 χρηστοῖς
1412 3223 1685 3287 πολλάκις
1740 3222 2004 3295 δεξιοῦται
2052 3226 2115 3280 τὸ

2292 1626 2428 1682 ΧΙΧ.
2471 1628 2596 1683 Non
2644 1629 2879 1683 tandem
2915 1627 3231 1700 aliquando
3264 1628 3721 1700 resipiscemus?
3749 1627 3873 1683 Non

2226 1720 2525 1787 stuporem
2559 1722 2733 1788 atque
2763 1717 3164 1785 indolentiam,
3198 1734 3270 1772 ne
3310 1718 3497 1773 dicam
3532 1718 3686 1774 270
3715 1722 3876 1772 tena-

2225 1806 2482 1874 citatem,
2517 1806 2866 1877 abjiciemus
2884 1806 2911 1860 ?
2931 1806 3056 1861 Non
3081 1822 3172 1862 res
3195 1807 3484 1863 humanas
3506 1822 3640 1862 cum
3665 1807 3878 1862 animis

2225 1895 2443 1950 nostris
2465 1895 3140 1951 considerabimus?Non
3164 1896 3223 1950 in
3246 1896 3491 1951 aliorum
3518 1895 3688 1951 malis
3706 1896 3878 1952 rebus

2226 1984 2439 2039 nostris
2463 1984 3088 2039 consulemusPNatura
3106 1984 3323 2056 quippe
3346 1984 3490 2041 nihil
3513 1990 3601 2041 est
3622 1985 3681 2040 in
3704 1984 3878 2041 rebus

2224 2073 2501 2128 humanis
2535 2073 2767 2127 ﬁrmum
2800 2078 2856 2128 et
2886 2072 3341 2144 aequabile,nihil
3376 2074 3698 2140 sufﬁciens,
3729 2072 3875 2129 nihil

2224 2160 2282 2214 in
2317 2161 2520 2214 eodem
2555 2165 2710 2215 statu
2744 2165 3080 2216 constanter
3124 2177 3473 2232 permanens
3501 2179 3513 2229 ;
3546 2177 3748 2217 verum
3782 2178 3875 2217 res

2228 2254 2457 2316 nostras,
2491 2249 2651 2304 velut
2696 2250 2855 2304 orbis
2909 2250 3171 2321 quidam,
3220 2250 3555 2316 volvuntur,
3590 2250 3735 2306 alias
3767 2250 3879 2306 alio

2225 2345 2666 2411 tempore,sa=.pe
2687 2341 2864 2395 etiam
2889 2357 3003 2395 uno
3025 2341 3347 2411 eodemque
3369 2340 3481 2410 die,
3503 2343 3676 2411 atque
3702 2339 3879 2395 etiam

2227 2429 2523 2483 interdum
2558 2428 2757 2482 eadem
2808 2428 2971 2491 hora,
3007 2428 3361 2485 mutationes
3410 2428 3661 2484 ferentes
3691 2446 3703 2484 :
3738 2428 3881 2483 adeo

2227 2521 2290 2571 ut
2312 2516 2684 2572 instabilibus
2708 2516 2916 2584 ventis,
2952 2534 3017 2572 ac
3040 2517 3202 2573 navis
3224 2534 3327 2589 per
3347 2534 3509 2572 mare
3528 2517 3639 2572 iter
3668 2516 3883 2572 facien-

2226 2604 2304 2660 tis
2327 2604 2609 2677 vestigiis,
2643 2608 2698 2659 et
2730 2604 3036 2659 fallacibus
3068 2604 3256 2660 noctis
3287 2604 3619 2675 insomniis,
3652 2605 3883 2660 brevem

2225 2692 2583 2764 voluptatem
2616 2692 3016 2763 aﬂ‘erentibus,
3050 2693 3240 2764 iisque
3281 2692 3508 2764 ﬁguris,
3543 2708 3690 2763 quas
3720 2693 3886 2764 pueri

2228 2798 2330 2853 per
2351 2781 2555 2835 ludum
2582 2781 2640 2835 in
2667 2797 2842 2835 arena
2864 2782 3115 2851 fingunt,
3146 2782 3290 2836 fides
3313 2781 3504 2852 potius
3527 2780 3724 2836 haberi
3758 2797 3887 2853 pos-

2228 2871 2509 2943 sit,quam
2536 2870 2842 2924 hominum
2868 2869 3662 2943 prosperitati.Sapientiores
3686 2874 3884 2925 autem

2228 2959 2481 3014 habendi
2534 2964 2673 3014 sunt
2719 2959 2778 3028 ii,
2833 2960 2956 3029 qui,
3018 2975 3151 3014 cum
3206 2959 3594 3032 prasentibus
3645 2958 3886 3015 minime

2228 3048 2431 3119 fidant,
2468 3050 2664 3102 futura
2711 3047 2817 3101 sibi
2852 3052 3231 3116 coacervant;
3265 3052 3442 3119 atque
3490 3048 3563 3103 ob
3611 3047 3882 3102 humanae

2228 3136 2629 3207 prosperitatis
2650 3135 3124 3191 incertitudinem
3151 3139 3207 3191 et
3225 3135 3766 3207 inaequabilitatem,
3784 3136 3879 3190 be-

2229 3225 2535 3297 nignitatis
2567 3241 2870 3296 nunquam
2890 3224 3230 3296 collapsuras
3252 3226 3517 3280 studium
3549 3224 3885 3297 amplexan-

468 3316 609 3369 θεῖον
643 3315 769 3376 τοὺς
803 3309 1061 3382 εὐσεϐεῖς,
1103 3290 1448 3389 ’χρηστότητι
1495 3314 1558 3368 τὸ
1607 3316 1881 3387 συμπαθὲς
1912 3335 2114 3389 προκα-

2228 3319 2419 3379 tur,ut
2444 3330 2507 3368 ex
2533 3315 2723 3370 tribus
2744 3313 2837 3368 his
2862 3315 3187 3369 commodis
3209 3330 3392 3369 unum
3410 3314 3618 3369 saltem
3642 3315 3882 3369 omnino

471 3402 758 3477 λούμενονο
821 3404 855 3472 ἢ
914 3404 978 3458 τὸ
1030 3402 1332 3479 παρρησίαν
1396 3400 1542 3478 ἔχειν
1604 3402 1655 3456 ἐν
1718 3403 1928 3465 ἑαυτοῖς
1981 3404 2117 3479 πρὸς

470 3493 621 3565 Θεὸν,
673 3494 748 3555 ὡς
789 3492 851 3547 ού
901 3491 990 3547 διὰ
1034 3493 1240 3565 κακίαν,
1291 3490 1436 3546 ἀλλὰ
1483 3489 1571 3547 διά
1598 3513 1715 3547 τινα
1764 3496 1877 3565 (56)
1909 3493 2115 3547 οἰκονο-

474 3582 596 3656 μίαν
630 3583 1121 3651 κακοπαθήσαντες’
1172 3582 1232 3650 ἢ,
1281 3582 1342 3636 τὸ
1388 3579 1722 3649 τελευταῖον,
1772 3582 1846 3643 ὡς
1893 3581 2119 3659 ὀφειλο-

474 3673 636 3744 μένην
667 3670 910 3726 ἀπαιτεῖν
939 3671 1039 3739 τὴν
1088 3670 1235 3746 παρὰ
1280 3675 1388 3725 τῶν
1437 3668 1493 3725 εὖ
1531 3669 1877 3746 πραττόντων
1929 3669 2116 3748 φιλαν-

464 3759 729 3833 θρωπίαν,
785 3761 846 3828 ἣν
903 3764 1020 3821 τοῖς
1071 3758 1341 3834 χρῄζουσι
1392 3762 1820 3835 προεισήνεγκαν
1852 3803 1867 3829 ,
1930 3757 2117 3828 δεξιῶς

465 3849 617 3904 αὐτοὶ
649 3850 1000 3924 πράττοντες.

2230 3405 2671 3475 adipiscantur;
2708 3404 3010 3473 nimirum,
3042 3402 3131 3459 vel
3180 3408 3246 3459 ut
3275 3420 3579 3475 nunquam
3618 3404 3678 3458 in
3727 3402 3885 3458 mala

2228 3494 2511 3558 incidant,
2562 3493 3038 3564 quandoquidem
3088 3508 3239 3563 saepe
3268 3492 3423 3548 Deus
3460 3492 3707 3562 hujusce
3753 3492 3883 3545 vitae

2229 3583 2399 3637 bonis
2415 3583 2569 3637 viros
2592 3582 2717 3654 pios
2740 3581 3415 3649 cumulat,beneficentia
3437 3581 3880 3636 beneﬁcentiam

2232 3688 2586 3743 provocans;
2616 3670 2702 3725 vel
2734 3671 3009 3725 ﬁduciam
3041 3671 3101 3725 in
3131 3670 3340 3741 seipsis
3372 3669 3525 3740 apud
3558 3669 3742 3724 Deum
3774 3668 3885 3723 ha-

2230 3762 2424 3827 beant,
2457 3766 2521 3815 ut
2553 3761 2652 3829 qui
2686 3776 2797 3813 non
2834 3765 3073 3831 propter
3101 3761 3293 3814 scelus
3324 3775 3390 3813 ac
3434 3758 3747 3830 ﬂagitium,
3780 3758 3883 3812 sed

2232 3854 2470 3920 propter
2516 3849 3009 3918 dispensationem
3063 3848 3379 3918 quamdam
3438 3846 3495 3900 in
3555 3845 3882 3900 calamitate

469 3944 806 4005 versentur;
838 3938 927 3992 vel
960 3937 1211 4008 denique
1242 3936 1672 3992 humanitatem
1705 3953 1827 3991 eam
1861 3940 1917 3991 et
1946 3936 2414 4002 beneficentiam,
2447 3953 2645 4007 quam,
2672 3936 2811 3988 dum
2847 3936 3122 3989 secundis
3152 3936 3329 3990 rebus
3360 3938 3683 4004 uterentur,
3716 3950 3881 4006 egen-

468 4028 632 4083 tibus
664 4028 830 4099 prius
862 4024 1259 4090 contulerunt,
1296 4025 1367 4079 ab
1397 4024 1491 4092 iis,
1522 4025 1736 4095 quibus
1769 4042 1860 4080 res
1890 4041 2166 4095 prospere
2196 4026 2406 4093 fluunt,
2441 4041 2547 4077 suo
2580 4026 2831 4093 quodam
2858 4026 2992 4094 jure
3024 4028 3351 4093 reposcant.

536 4116 609 4171 K'.
670 4116 761 4181 Μή
822 4112 1140 4187 καυχάσθω,
1203 4110 1385 4186 φησὶν,
1448 4112 1474 4164 6
1529 4111 1693 4188 σοφὸς
1742 4110 1792 4164 ἐν
1842 4115 1911 4184 τῇ
1956 4110 2117 4187 σοφίᾳ

464 4202 650 4271 αὑτοῦ,
717 4199 857 4274 μηδέ
917 4202 945 4255 6
1017 4198 1283 4261 πλούσιος
1358 4198 1410 4253 ἐν
1463 4204 1542 4271 τῷ
1614 4198 1842 4271 πλούτῳ
1902 4200 2111 4271 αὐτοῦ,

470 4288 610 4362 μηδὲ
669 4291 696 4344 6
758 4287 977 4350 δυνατὸς
1034 4288 1085 4343 ἐν
1140 4293 1209 4362 τῇ
1272 4288 1426 4363 ἰσχύϊ
1486 4287 1688 4343 αὐτοῦ·
1754 4288 1850 4343 κᾶν
1920 4288 1997 4349 εἷς
2051 4290 2113 4343 τὸ

2298 4116 2421 4165 ΧΧ.
2459 4114 2530 4167 Ne
2557 4112 2826 4181 glorietur
2871 4113 3112 4180 sapiens,
3144 4112 3333 4181 inquit
3362 4110 3482 4171 ille.
3513 4113 3576 4166 in
3603 4112 3879 4182 sapientia

2230 4218 2352 4270 sua,
2385 4217 2482 4255 nec
2511 4201 2657 4255 dives
2695 4202 2753 4254 in
2805 4200 2997 4271 apibus
3039 4202 3178 4265 suis,
3211 4216 3312 4254 nec
3355 4201 3517 4271 fortis
3568 4202 3627 4254 in
3670 4202 3880 4255 viribus

2221 4306 2336 4344 suis
2362 4290 2445 4354 8°;
2475 4289 2702 4345 etiamsi
2737 4290 2806 4344 ad
2843 4305 3141 4344 summum
3176 4288 3436 4359 quidem,
3464 4288 3615 4343 alius
3647 4288 3878 4359 sapien-

464 4379 626 4453 ἅκρον
660 4378 787 4433 ὦσιν
838 4377 1192 4450 ἐληλακότες,
1239 4379 1267 4432 6
1319 4378 1413 4450 μὲν
1463 4377 1674 4455 σοφίας,
1727 4378 1754 4432 6
1788 4376 1845 4433 δὶ
1889 4398 2106 4451 περιου-

2228 4380 2333 4445 tiae,
2365 4378 2513 4433 alius
2540 4378 2898 4444 divitiarum,
2932 4377 3084 4433 alius
3116 4378 3383 4449 potentia:
3410 4377 3710 4449 fastigium
3744 4394 3873 4448 per-

464 4467 604 4539 σίας,
638 4468 665 4521 6
717 4464 775 4521 δὶ
823 4464 1128 4538 δυνάμεως.
1178 4467 1320 4542 Ἐγὼ
1366 4463 1424 4521 δὲ
1470 4468 1764 4541 προσθήσω
1808 4465 1960 4521 καὶᾶ
1988 4465 2111 4521 τού-

462 4578 577 4618 τοις
606 4552 810 4611 ἓπεται·
846 4553 999 4625 Μηδὲ
1052 4557 1080 4610 6
1127 4551 1492 4629 περίϐλεπτος
1535 4555 1585 4610 ὲν
1618 4554 1686 4630 τῇ
1728 4553 1874 4630 δόξῃ,
1911 4553 2052 4629 μηδὲ
2084 4557 2111 4610 6

462 4645 690 4699 ειῖεκτῶν
724 4644 774 4699 έν
804 4648 872 4718 τῇ
925 4644 1103 4719 ὑγιείᾳ
1149 4647 1284 4718 (57),
1339 4642 1480 4717 μηδὲ
1512 4646 1539 4699 6
1570 4642 1739 4707 καλὸς
1791 4644 1840 4699 ἐν
1874 4649 1942 4719 τῇ
1975 4644 2109 4720 ὥρᾳ,

463 4733 603 4808 μηδὲ
634 4735 661 4788 6
692 4733 809 4795 νέος
842 4734 893 4789 ἐν
926 4738 993 4809 τῇ
1043 4734 1277 4805 νεότητι,
1315 4756 1391 4807 μη
1406 4731 1465 4788 δὲ
1509 4732 1559 4788 ἐν
1594 4732 1750 4788 ἄλλω
1785 4732 1975 4806 μηδενὶ
2004 4738 2110 4787 τῶν

457 4823 680 4879 ἐνταῦθα
726 4822 1172 4897 ἐπαινουμένων,
1224 4824 1269 4878 εἰ
1319 4820 1402 4878 δεῖ
1458 4821 1745 4878 συνελόντα
1785 4822 1977 4878 εἷπεῖνὶ
2013 4867 2026 4893 ,
2085 4824 2113 4877 6

460 4913 562 4968 ὑπὸ
589 4912 785 4968 τούτου
837 4914 1155 4987 φυσώμενος
1392 4910 1523 4969 ἀλλ’
1568 4912 1603 4981 ἢ
1655 4911 1706 4966 ἐν
1755 4912 1935 4984 τούτῳ
1984 4933 2113 4967 καυ-

529 5042 572 5075 "
604 5041 735 5096 Job.
772 5058 929 5111 xxxx,
960 5043 1046 5096 40.
1124 5042 1167 5075 ⁸⁸
1200 5042 1337 5097 Luc.
1368 5058 1468 5096 x11.
1499 5042 1587 5098 20.
1668 5041 1713 5075 ⁸ο
1740 5042 1949 5097 Jerem.
1984 5060 2062 5110 1x,
2092 5044 2182 5098 23.

672 5170 928 5250 :ba'tvmsv.
963 5179 1084 5250 Duo
1116 5176 1294 5250 Regg.
1328 5178 1385 5230 et
1408 5175 1509 5250 9r.
1541 5175 1598 5243 2,
1631 5174 1917 5250 φάγοισαν.

554 5242 643 5313 49)
670 5242 805 5298 Τῶν.
839 5250 901 5299 In
933 5242 1309 5315 quibusdam,
1341 5242 1458 5300 τοῦ.

554 5248 643 5313 49)
670 5248 805 5298 Τῶν.
839 5250 901 5299 In
974 5248 1309 5315 uibusdam,
1341 5248 1455 5300 τοῦ.

529 5248 640 5388 (50)
676 5316 895 5389 Ψυχήν.
927 5262 1021 5373 8r.
1049 5320 1084 5372 2
1109 5319 1293 5382 addit,
1331 5337 1455 5390 μου.

530 5389 638 5481 ἐξὲξ
674 5390 1144 5481 immissae
1170 5392 1306 5481 Ras-
1344 5392 1463 5458 δων
1498 5389 1958 5481 mammae;

529 5460 640 5536 (52)
674 5459 1070 5536 Μικρολογίαν.
1104 5463 1198 5519 Or.
1228 5459 1283 5529 2,
1319 5459 1711 5536 μικροψυχίαν,
1747 5484 1774 5512 ‹‹
1810 5459 2115 5534 pusillani-

464 5532 751 5588 mitatem.
785 5532 812 5581 ἱ)

672 5602 1039 5676 Λογιούμεθα.
1074 5604 1247 5659 Coisl.
1284 5605 1334 5676 1_,
1368 5601 1742 5676 λογισώμεθα.

555 5674 647 5813 54)
680 5672 983 5745 Ψαμάθων.
1019 5676 1114 5731 Or.
1144 5679 1198 5747 2,
1238 5672 1491 5802 ψάμὲον.

555 5746 626 5799 55
676 5744 825 5799 Ἐπεὶ
874 5744 963 5799 καὶ
1013 5750 1152 5813 τοῖς,
1204 5750 1315 5803 etc.
1416 5745 1491 5803 illi

676 5744 825 5799 Ἐπεὶ
874 5744 963 5799 καὶ
1013 5750 1152 5817 τοῖς,
1183 5744 1328 5803 etc.
1366 5744 1619 5803 Billius:
1676 5766 1700 5796 α
1748 5746 2121 5820 Quandoqui-

2219 4468 2504 4523 venerint.
2539 4472 2653 4539 Ego
2692 4484 2823 4521 vero
2855 4484 2941 4531 ea,
2976 4483 3101 4537 quae
3146 4466 3240 4521 his
3290 4470 3686 4522 consentanea
3717 4470 3879 4535 sunt,

2222 4556 2493 4627 adjiciam
2521 4575 2534 4610 :
2560 4557 2673 4611 Nec
2702 4557 2897 4611 clarus
2928 4562 2983 4611 et
3005 4555 3269 4624 celebris,
3297 4557 3357 4610 in
3390 4553 3576 4627 gloria
3604 4571 3617 4622 ;
3643 4571 3748 4610 nec
3777 4556 3876 4625 qui

2222 4645 2499 4701 incolumi
2522 4645 2853 4699 valetudine
2874 4645 3174 4717 gaudet,in
3201 4643 3471 4709 sanitate;
3490 4659 3592 4697 nec
3615 4643 3877 4714 pulcher,

2223 4735 2278 4789 in
2319 4736 2514 4789 l'urmtD
2548 4734 2923 4805 przvstantia;
2956 4731 3656 4803 necjuvenis,injuvenili
3681 4737 3873 4801 aetate;

2225 4841 2352 4891 nec,
2387 4830 2448 4878 ut
2480 4840 2597 4878 rem
2652 4840 2765 4878 uno
2799 4824 2970 4877 verbo
3021 4822 3393 4893 complectar,
3426 4820 3486 4875 in
3523 4818 3641 4875 ulla
3671 4818 3787 4875 alia
3818 4836 3879 4875 re

2225 4934 2292 4972 ex
2325 4916 2418 4983 iis,
2448 4933 2573 4986 qua:
2618 4916 2769 4986 apud
2800 4913 3079 4969 mortales
3132 4912 3290 4968 laudi
3339 4912 3655 4979 ducuntur,
3688 4909 3877 4967 elatus

2228 5177 2359 5231 dem
2392 5176 2666 5232 secundis
2694 5191 2921 5247 quoque
2955 5175 3128 5244 hujus
3159 5172 3288 5247 vitae
3314 5171 3490 5247 rebus
3519 5170 3672 5247 Deus
3692 5171 3883 5247 homi-

2227 5264 2332 5304 nes
2366 5248 2578 5320 pietate
2611 5242 2881 5319 praeditos
2912 5242 3064 5317 saepe
3095 5243 3592 5315 complectitur,ut
3624 5242 3885 5315 benigni-

2229 5324 2346 5375 tate
2376 5338 2483 5376 sua
2514 5337 2611 5375 eos
2644 5320 2715 5374 ad
2748 5318 3137 5375 sublevandas
3159 5316 3407 5372 aliorum
3440 5314 3707 5370 miserias
3736 5314 3883 5368 invi-

2226 5396 2408 5549 ῐθέξέ)
2438 5462 2541 5549 Atei
2567 5461 2914 5549 ~c'L\m;‘Deest‘
2937 5455 3024 5512 διά
3055 5460 3111 5549 in
3140 5458 3334 5549 tribps
3359 5458 3542 5549 eRegg.

2302 5536 2408 5603 (57)
2438 5532 2653 5608 Ὑγιείᾳ.
2690 5533 3023 5658 Reg%.b'm,
3053 5537 3109 5587 et
3138 5531 3233 5615 0.1'.
3264 5533 3319 5597 2,
3354 5531 3527 5614 ῥγείᾳ.
3600 5601 3610 5612 _

2303 5608 2413 5658 (58)
2444 5605 2790 5658 τιιυσώιιενος.
2876 5604 3032 5658 llllUS
3069 5622 3080 5658 :
3115 5627 3143 5653 «
3177 5620 3247 5658 1s.
3280 5619 3379 5658 oui
3409 5620 3469 5658 1n
3500 5618 3568 5657 ea
3596 5618 3610 5656 1

2303 5608 2413 5676 (:38)
2444 5604 2790 5675 (Ιιυσώμενος.
2828 5604 3032 5658 Billius
3069 5622 3080 5659 :
3115 5627 3143 5653 ‹‹
3177 5604 3247 5672 is,
3280 5604 3379 5675 qui
3409 5604 3469 5658 in
3500 5618 3568 5657 ea
3596 5604 3883 5657 intumes-

2231 5676 2325 5732 cit.
2363 5702 2389 5726 υ
