4146 6290
2 4804 3 4831 ι

2 4846 3 4899 ί

2 4908 5 4997 ί

2 5020 5 5127 ί

2 5130 5 5173 l

2 5292 3 5327 ί

282 386 398 452 883

1523 384 1587 443 S.
1638 382 1731 442 GR
1747 380 2009 441 EGORll
2058 383 2157 439 ΊἪ
2172 380 2449 442 EOLOGI

3575 386 3694 448 884

284 523 595 594 quisquam
618 524 675 575 et
693 519 931 575 inﬂatus
952 516 1263 590 glorietur;
1283 532 1486 572 verum
1505 514 1603 587 qui
1626 514 1931 587 gloriatur,

2071 511 2236 586 (ἀσθω
2285 513 2313 565 ὁ
2360 513 2718 588 καυχώμενος
2770 514 2879 586 (59)
2931 512 3118 587 μόνον,
3167 514 3217 568 έν
3266 519 3343 587 τῷ
3376 521 3571 571 συνιεῖν
3603 519 3695 572 καὶ

286 613 393 668 hac
425 627 542 665 una
572 609 633 663 in
682 626 741 663 re
771 606 1071 680 glorietur,
1107 607 1259 677 quod
1312 606 1496 661 Deum
1546 607 1826 673 agnoscat
1874 619 1937 656 ac

286 700 545 771 requirat
566 698 693 762 9°,et
714 696 1190 751 calamitosorum
1214 695 1397 749 vicem
1421 693 1633 762 doleat,
1658 698 1835 764 atque
1865 693 1933 746 ad

287 789 543 843 futuram
576 786 753 841 vitam
788 786 921 840 boni
954 785 1256 855 quidpiam
1280 782 1391 837 sibi
1414 782 1705 837 recondat.
1727 781 1941 835 Caetera

286 877 441 932 enim
476 876 674 930 omnia
706 875 861 929 ﬂuxa
892 878 950 928 et
983 872 1209 944 fragilia
1240 878 1400 941 sunt,
1433 888 1519 939 ac,
1552 869 1711 925 velut
1742 870 1799 923 in
1823 868 1939 923 cal-

287 965 551 1019 culorum
574 963 733 1033 ludo,
754 961 899 1017 alias
923 964 993 1017 ad
1019 962 1477 1031 aliosjactantur
1499 965 1556 1014 et
1576 958 1940 1014 transferun-

284 1059 382 1109 tur
411 1078 424 1121 ;
459 1069 564 1107 nec
615 1052 940 1123 quidquam
972 1056 1061 1105 est
1109 1050 1189 1103 ita
1221 1048 1576 1121 possidentis
1615 1046 1940 1118 proprium,

287 1143 440 1214 quod
469 1158 582 1196 non
606 1141 691 1195 vel
716 1141 996 1212 temporis
1020 1143 1210 1194 tractu
1239 1138 1410 1193 linem
1435 1136 1745 1207 capiat,vel
1766 1135 1944 1191 livore

288 1233 355 1285 ad
389 1231 537 1286 alios
587 1230 967 1295 traducatur;
1001 1228 1124 1283 huic
1155 1244 1288 1282 vero
1339 1232 1496 1281 certa
1528 1231 1585 1281 et
1616 1228 1729 1280 fixa
1782 1229 1942 1289 sunt,

288 1322 436 1378 271
476 1335 580 1374 nec
612 1334 874 1390 unquam
908 1318 1187 1372 recedunt
1208 1332 1271 1371 ac
1295 1316 1659 1381 dilabuntur,
1684 1330 1789 1368 nec
1812 1328 1946 1384 spes

290 1407 623 1480 eorum,qui
656 1408 928 1462 ﬁduciam
962 1407 1021 1460 in
1054 1406 1145 1460 his
1170 1406 1550 1467 collocarunt,
1568 1404 1942 1458 frustrantur.

291 1503 369 1554 Ac
393 1498 536 1553 mihi
557 1498 674 1553 haec
696 1512 926 1568 quoque
949 1512 1127 1550 causa
1157 1511 1286 1550 esse
1306 1494 1554 1562 videtur,
1588 1510 1693 1547 cur
1716 1491 1944 1547 nullum

293 1589 541 1659 hujusce
572 1587 702 1641 vitae
742 1586 960 1640 bonum
995 1584 1335 1638 hominibus
1365 1587 1588 1638 certum
1622 1582 1699 1637 sit
1729 1598 1795 1636 ac
1826 1581 1949 1635 diu-

295 1684 560 1741 turnum,
594 1679 768 1747 atque
794 1674 924 1742 hoc,
959 1677 1021 1727 ut
1052 1673 1101 1727 si
1134 1673 1274 1743 quid
1316 1672 1499 1737 aliud,
1532 1674 1685 1725 recte
1717 1671 1788 1725 ab
1819 1671 1951 1724 arti-

298 1766 401 1820 ﬁce
429 1765 638 1829 Verbo,
669 1767 726 1818 et
771 1761 1062 1834 Sapientia
1090 1761 1192 1816 illa
1221 1766 1476 1816 mentem
1517 1775 1752 1815 omnem
1786 1776 1952 1830 supe-

2048 598 2287 668 έκζητεῖν
2319 601 2409 655 τὸν
2440 602 2589 674 Θεὸν,
2640 603 2728 656 καὶ
2774 600 3049 677 συναλγεῖν
3098 609 3215 665 τοῖς
3264 610 3560 681 πάσχουσι,
3605 607 3697 661 καὶ

2046 690 2180 764 πρὸς
2229 690 2290 744 τὸ
2342 689 2546 763 μέλλον
2595 693 2768 763 ἑαυτῷ
2812 714 2860 747 τι
2914 693 3155 768 χρηστόν
3203 693 3572 758 ἀποτίθεσθαι.
3623 697 3697 749 Τὰ

2053 778 2146 851 μὲν
2199 777 2300 854 γάρ
2352 779 2459 834 ἐστι
2513 781 2706 855 ῥευστὰ
2754 781 2841 835 xui
2894 782 3217 859 πρόσκαιρα,
3267 784 3378 854 καὶ,
3414 783 3593 860 ὥσπερ
3642 784 3693 839 ἂν

2048 865 2239 939 παιδιᾷ
2285 870 2504 946 ψήφων,
2556 868 2757 925 ἄλλοτε
2806 870 2879 933 εἷς
2914 868 3118 933 ἄλλους
3164 871 3696 947 μεταρῥιπτούμενα,

2049 958 2138 1011 καὶ
2200 960 2605 1031 μετατιθέμενα’
2664 958 2752 1014 καί
2812 958 2965 1014 οὐδέν
3024 960 3165 1015 οὕτω
3221 966 3317 1016 τοῦ
3370 962 3695 1037 κατέχοντος

2054 1043 2211 1117 ἴδιον,
2245 1048 2317 1108 ὡς
2348 1048 2381 1116 ἢ
2418 1049 2493 1120 μὴ
2543 1048 2729 1123 χρόνῳ
2777 1052 3041 1118 παυθῆναι
3083 1053 3215 1123 (60),
3248 1051 3281 1119 ἢ
3317 1052 3498 1128 φθόνῳ
3533 1072 3694 1125 μετα-

2051 1143 2290 1203 τεθῆναι·
2323 1138 2389 1190 τὰ
2421 1135 2477 1191 δὲ
2522 1138 2725 1192 ἑστῶτα
2772 1138 2861 1192 καὶ
2915 1137 3160 1211 μένοντα,
3193 1139 3281 1193 xui
3334 1136 3531 1194 οῦποτε
3564 1142 3694 1194 ὑπο-

2055 1230 2364 1300 χωροῦντα,
2418 1224 2542 1279 ούδὲ
2594 1226 3019 1298 μεταπίπτοντα,
3072 1225 3197 1281 οὐδὲ
3247 1226 3564 1303 σφάλλοντα
3607 1230 3703 1291 τὰς

2054 1319 2160 1368 τῶν
2195 1315 2626 1370 πεπιστευκότων
2676 1312 2922 1377 ἐλπίδας.
2975 1315 3132 1371 Ἀλλ’
3177 1315 3302 1388 ἐμοὶ
3349 1317 3443 1389 μέν
3494 1318 3584 1371 καὶ
3617 1314 3706 1371 διὰ

2054 1407 2215 1457 τοῦτο
2249 1400 2416 1474 δοκεῖ,
2454 1401 2621 1477 μηδὲν
2670 1410 2776 1459 τῶν
2828 1405 3051 1468 ἐνταῦθα
3098 1404 3312 1480 ἀγαθῶν
3354 1407 3487 1461 εἶναι
3518 1408 3706 1461 πιστὸν

2057 1498 2170 1553 τοῖς
2216 1494 2515 1568 ἀνθρώποις
2543 1512 2579 1564 ,⁷
2613 1491 2751 1566 μηδὲ
2798 1494 3169 1569 πολυχρόνιον
3203 1517 3215 1527 ·
3269 1494 3395 1549 ἀλλ’
3449 1491 3597 1571 εἷίπερ
3655 1516 3710 1549 τι

2059 1579 2221 1653 ἄλλο,
2280 1581 2369 1636 καὶ
2425 1586 2587 1637 τοῦτο
2642 1580 2825 1645 καλῶς
2884 1588 2962 1655 τῷ
3019 1582 3242 1659 τεχνίτῇ
3298 1583 3456 1661 Λόγῳ
3503 1584 3590 1639 καὶ
3635 1588 3704 1659 τῇ

2060 1672 2231 1725 πάντα
2278 1676 2401 1725 νοῦν
2452 1671 2793 1748 ὖπερεχούσῃ
2843 1672 3017 1751 Σοφίᾳ
3067 1675 3524 1748 μεμηχανῆσθαι,
3582 1673 3707 1727 παί-

2064 1765 2238 1829 ζεσθαι
2270 1762 2419 1831 ἡμᾶς
2451 1761 2501 1814 ἐν
2530 1766 2646 1823 τοῖς
2680 1762 3003 1837 ὁρωμένοις,
3056 1759 3258 1816 ἄλλοτε
3306 1759 3492 1824 ἄλλως
3548 1783 3709 1834 μετα-

298 1860 484 1922 rente,
518 1856 734 1908 factum
767 1869 915 1921 esse,
950 1857 1012 1905 ut
1043 1868 1149 1906 nos
1179 1851 1239 1905 in
1271 1850 1363 1921 iis,
1396 1867 1521 1919 quae
1554 1850 1613 1904 in
1647 1853 1949 1920 aspectum

2071 1843 2431 1920 ῧαλλομένοις
2488 1848 2577 1903 καὶ
2640 1845 3066 1923 μεταϐάλλουσι,
3120 1850 3207 1904 καὶ
3268 1846 3377 1903 ἅνω
3427 1850 3518 1905 xui
3560 1852 3707 1905 κάτω

295 1944 535 2006 cadunt,
568 1946 742 2012 atque
771 1940 916 1995 alias
948 1940 1117 1995 aliter
1148 1944 1470 2003 mutantur,
1505 1943 1561 1993 et
1600 1942 1852 2004 mutant,
1887 1953 1952 1991 ac

298 2048 534 2087 sursum
587 2032 980 2100 deorsumque
1038 2029 1306 2084 feruntur
1352 2033 1410 2083 et
1451 2029 1849 2093 invertuntur,
1886 2041 1953 2080 ac

296 2122 641 2191 priusquam
692 2135 868 2173 manu
902 2122 1233 2183 teneantur,
1268 2119 1487 2171 abeunt
1538 2120 1594 2171 et
1644 2115 1950 2187 effugiunt,

298 2209 1030 2279 eludamur,ut,perspecta
1051 2223 1255 2262 eorum
1277 2205 1662 2261 instabilitate
1684 2221 1748 2259 ac
1769 2203 1950 2259 varie-

295 2302 435 2364 tate,
487 2297 559 2352 ad
611 2297 818 2351 futura:
867 2296 993 2350 vitae
1039 2300 1269 2366 portum
1320 2295 1761 2351 contendamus.
1806 2292 1953 2357 Quid

298 2388 454 2441 enim
504 2385 856 2457 egissemus,
889 2385 937 2439 si
972 2385 1328 2456 prosperitas
1360 2385 1529 2439 nobis
1575 2384 1746 2439 firma
1775 2387 1951 2451 esset,

300 2492 459 2545 cum,
490 2474 624 2529 licet
655 2474 811 2528 ﬂuxa
841 2479 897 2528 et
918 2474 1145 2545 fragilis
1176 2474 1271 2539 sit,
1306 2490 1492 2543 usque
1523 2490 1589 2528 eo
1611 2477 1808 2527 tamen
1841 2473 1952 2544 ipsi

299 2562 849 2633 tanquamvinculis
872 2562 1226 2633 quibusdam
1250 2561 1471 2616 astricti
1490 2562 1955 2632 simus,ejusque

303 2652 594 2723 voluptate
623 2655 799 2722 atque
824 2650 1150 2721 impostura
1176 2651 1233 2704 in
1258 2650 1408 2704 hanc
1437 2650 1772 2705 servitutem
1796 2652 1955 2705 reda-

298 2740 399 2812 cti,
428 2745 492 2796 ut
521 2739 665 2796 nihil
696 2740 1083 2811 prasentibus
1131 2740 1305 2793 rebus
1330 2739 1540 2794 melius
1563 2744 1737 2810 atque
1768 2741 1952 2795 excel-

295 2828 513 2884 lentius
544 2830 798 2900 cogitare
830 2828 1149 2900 possimus,
1178 2829 1354 2899 idque
1384 2844 1514 2882 cum
1567 2829 1636 2882 ad
1673 2830 1767 2883 Dei
1801 2831 1953 2883 ima-

293 2917 512 2989 ginem,
546 2934 673 2989 quze
705 2921 762 2971 et
793 2933 1028 2971 rursum
1060 2922 1171 2981 est,
1204 2922 1260 2971 et
1292 2919 1362 2971 ad
1397 2933 1457 2971 se
1490 2917 1688 2983 trahit,
1723 2923 1952 2974 creatos

300 3024 406 3062 nos
436 3023 565 3062 esse
595 3006 929 3069 audiamus,
964 3023 1030 3060 ac
1062 3022 1411 3077 persuasum
1445 3005 1765 3061 habeamus
1792 3007 1819 3061 ‘2

359 3095 500 3150 XXI.
534 3097 666 3164 Qui:
694 3099 937 3166 sapiens,
968 3101 1019 3149 et
1052 3096 1329 3164 intelliget
1360 3096 1477 3151 haec
1509 3097 1548 3132 ⁰¹
1574 3097 1600 3150 ?
1641 3097 1779 3160 Quis
1810 3115 1951 3168 prae-

202 3182 227 3201 ⁸
291 3185 583 3239 tcreuntia
635 3185 996 3256 praeteribit?
1051 3185 1183 3255 quis
1232 3184 1545 3239 stabilibus
1594 3186 1894 3241 incumbet
1925 3187 1951 3240 ?

298 3273 435 3343 quis
464 3273 535 3326 de
566 3273 952 3329 praesentibus
986 3273 1463 3342 rebus,tanquam
1486 3274 1553 3326 de
1578 3274 1951 3340 abeuntibus,

300 3359 619 3431 cogitabit?
650 3360 783 3431 quis
814 3362 885 3415 de
916 3361 1029 3428 his,
1066 3378 1191 3431 quas
1218 3360 1274 3415 in
1309 3377 1410 3431 spe
1443 3362 1633 3431 posita
1663 3368 1955 3429 sunt,tan-

302 3465 481 3521 quam
514 3449 584 3504 de
614 3450 789 3504 certis
820 3454 876 3503 et
906 3448 1310 3504 constantibus
1336 3449 1363 3502 ?
1389 3451 1522 3520 quis
1554 3467 1638 3516 ea,
1674 3468 1799 3521 quae
1830 3469 1959 3508 vere

307 3542 468 3604 sunt,
500 3538 573 3593 ab
625 3538 737 3602 bis,
774 3555 898 3607 quas
930 3544 1232 3608 apparent,
1266 3538 1608 3607 distinguet,
1637 3544 1811 3610 atque
1864 3541 1962 3596 illa

292 3616 546 3697 quidem
576 3631 870 3697 sequetur,
895 3627 1014 3680 hac
1047 3644 1178 3681 vero
1204 3631 1535 3682 contemnet
1556 3645 1621 3681 ac
1645 3647 1747 3700 pro
1780 3630 1960 3684 nihilo

307 3716 601 3786 reputabit
620 3716 797 3787 ‘Iquis
832 3714 1113 3787 picturam
1144 3732 1177 3769 a
1206 3715 1482 3771 veritate?
1501 3716 1633 3786 quis
1665 3722 1959 3772 terrenum

302 3804 745 3860 tabernaculum
779 3821 811 3859 a
844 3804 1060 3859 caelesti
1092 3805 1321 3859 civitate
1351 3823 1363 3872 ;
1390 3806 1522 3875 quis
1546 3807 1961 3878 peregrinatio-

305 3911 435 3948 nem
479 3894 550 3948 ab
604 3893 1002 3949 habitatione:
1039 3893 1170 3961 quis
1221 3893 1491 3948 tenebras
1544 3910 1576 3948 a
1623 3893 1750 3949 luce
1784 3914 1798 3947 :
1833 3896 1964 3965 quis

305 3966 517 4037 limum
551 3984 823 4053 profundi
858 4000 891 4037 a
921 3988 1072 4036 terra
1105 3987 1308 4036 sancta
1333 3983 1499 4052 ;quis
1531 4000 1763 4037 carnem
1799 3985 1967 4055 aspi-

309 4070 474 4124 ritu?
506 4070 637 4139 quis
686 4072 867 4125 Deum
912 4089 943 4125 a
994 4072 1195 4125 mundi
1247 4072 1542 4142 principe;
1578 4072 1711 4142 quis
1764 4074 1966 4128 mortis

308 4158 580 4213 umbram
615 4175 647 4212 a
678 4159 793 4213 vita
820 4161 1175 4228 sempiterna
1203 4160 1532 4226 discernet;
1567 4162 1699 4231 quis
1724 4179 1969 4233 praesen-

310 4245 467 4299 tibus
498 4245 669 4300 rebus
704 4247 931 4300 futuras
963 4253 1155 4312 emet;
1190 4248 1324 4316 quis
1371 4248 1543 4303 ﬂuxis
1575 4249 1785 4320 opibus
1830 4267 1968 4322 opes

310 4338 647 4389 constantes
680 4340 740 4388 et
772 4350 1053 4405 perennes
1080 4353 1091 4400 ;
1128 4335 1259 4405 quis
1292 4337 1465 4390 rebus
1493 4337 1583 4402 iis,
1620 4355 1743 4408 quas
1775 4356 1971 4410 aspec-

311 4422 396 4477 tui
432 4422 850 4492 subjiciuntur,
873 4440 939 4476 ea
970 4439 1098 4492 quae
1121 4424 1191 4477 ab
1213 4423 1517 4480 oculorum
1545 4442 1718 4482 sensu
1749 4432 1972 4482 remota

311 4512 506 4566 sunt?
540 4512 743 4566 Beatus
792 4511 1033 4581 quidem
1067 4510 1186 4581 ille,
1231 4513 1328 4584 qui
1385 4514 1521 4580 haec,
1556 4515 1728 4569 Verbi
1779 4516 1970 4586 gladio

2063 1936 2386 2014 φερομένοις
2417 1958 2475 1992 τε
2520 1937 2609 1992 καὶ
2658 1938 3161 2013 περιτρεπομένοις,
3194 1938 3283 1993 καὶ
3313 1938 3439 2013 πρὶν
3489 1937 3711 2017 ληφθῆ-

2061 2046 2142 2079 ναι
2176 2026 2391 2079 ἀπιοῦσι
2440 2026 2528 2080 xui
2578 2027 2884 2104 φεύγουσιν·
2928 2026 3020 2081 τίνα
3060 2028 3121 2081 τὸ
3180 2026 3231 2081 έν
3277 2027 3492 2089 τούτοις
3543 2026 3711 2082 ἄστα-

2060 2134 2151 2167 τον
2180 2116 2269 2168 xui
2303 2114 2595 2187 ἀνώμαλον
2631 2119 3020 2191 θεωρήσαντες,
3052 2117 3186 2191 πρὸς
3215 2116 3277 2170 τὸ
3321 2115 3524 2190 μέλλον
3575 2128 3709 2190 μεθ-

2064 2204 2439 2279 ορμησώμεθα
2495 2206 2627 2277 (61).
2683 2205 2747 2260 Τί
2794 2206 2894 2280 γὰρ
2956 2202 3015 2259 ἂν
3072 2205 3426 2277 ἐποιήσαμεν,
3478 2205 3709 2267 ἑστῶτος

2060 2296 2157 2345 τοῦ
2188 2289 2244 2345 εὖ
2276 2293 2526 2366 πράττειν
2576 2295 2733 2365 ἡμῖν,
2784 2292 2966 2361 ὁπότε,
3020 2292 3080 2347 οὗ
3140 2292 3420 2365 μένοντος,
3450 2293 3707 2348 τοσοῦτον

2062 2380 2208 2450 αὐτῷ
2251 2378 2674 2454 προσδεδέμεθα,
2730 2382 2815 2459 καὶ
2867 2380 3039 2444 οὕτως
3092 2384 3239 2455 ἡμᾶς
3290 2384 3324 2452 ἡ
3376 2382 3499 2457 πέρὶ
3547 2387 3709 2438 τοῦτο

2063 2466 2230 2538 ἠδονὴ
2260 2469 2348 2523 καὶ
2380 2469 2556 2540 ἀπάτη
2591 2469 2705 2545 ἔχει
2755 2467 3094 2542 δουλώσασα,
3144 2470 3283 2525 ὥστε
3333 2468 3501 2543 μηδὲν
3530 2477 3707 2547 κρεῖτ-

2060 2579 2176 2628 τον,
2213 2556 2352 2631 μηδὲ
2384 2557 2718 2633 ὑψηλότερον
2762 2563 2868 2613 τῶν
2910 2560 3190 2635 παρόντων
3240 2558 3566 2623 διανοεῖσθαι
3615 2557 3705 2613 δύ-

2061 2649 2245 2702 νασθαι
2294 2652 2444 2721 (62),
2496 2648 2584 2701 καὶ
2632 2652 2797 2701 ταῦτα
2843 2649 2960 2701 κατ’
3016 2648 3198 2703 εἰκόνα
3251 2653 3383 2703 Θεοῦ
3433 2649 3704 2723 γεγονέναι

2060 2737 2148 2791 xui
2181 2736 2475 2799 ἀκούοντας
2506 2736 2591 2791 xui
2624 2736 2993 2807 πιστεύοντας,
3023 2740 3122 2806 τὴν
3172 2739 3280 2792 ἄνω
3326 2759 3385 2793 τε
3428 2736 3583 2793 οὖσαν
3614 2738 3703 2791 καὶ

2061 2823 2199 2899 πρὸς
2231 2827 2422 2894 ἑαυτὴν
2455 2823 2717 2880 ἕλκουσαν
2756 2853 2769 2894 ;

2134 3095 2258 3149 ΚΔ’.
2291 3093 2381 3155 Τίς
2443 3094 2630 3171 σοφὸς,
2688 3094 2777 3147 καὶ
2837 3094 3053 3163 συνήσει
3110 3092 3320 3162 “totum;
3361 3091 3451 3154 Τίς
3508 3112 3653 3167 παρα
3687 3124 3709 3133 -

2066 3181 2349 3258 δραμεῖται
2406 3183 2472 3235 τὰ
2529 3181 2989 3257 παρατρέχοντα,
3036 3181 3117 3243 τίς
3173 3183 3535 3257 προσθήσεται
3591 3186 3721 3243 τοῖς

2064 3272 2382 3343 ’ἐπιμένουσι
2437 3290 2449 3337 ;
2499 3269 2582 3332 τίς
2629 3272 2751 3343 περὶ
2794 3274 2900 3324 τῶν
2944 3271 3255 3342 παρόντων,
3315 3271 3391 3332 ὡς
3439 3269 3711 3324 ἀπιόντων

2069 3358 2482 3429 διανοηθήσεται
2516 3378 2528 3426 ;
2560 3358 2642 3421 τίς
2674 3358 2798 3434 περὶ
2843 3362 2952 3412 τῶν
3006 3357 3400 3431 ἐλπιζομένων,
3452 3359 3527 3420 ὡς
3569 3360 3718 3413 ἰστα-

2073 3451 2245 3522 μένων
2283 3468 2295 3517 ;
2327 3447 2409 3509 τίς
2460 3444 2727 3523 διαιρήσει
2772 3449 2838 3502 τὰ
2884 3442 3011 3501 ὄντα
3057 3448 3243 3502 καὶτὰ
3286 3446 3597 3523 φαινόμενα,
3628 3445 3720 3501 καὶ

2067 3543 2185 3598 τοῖς
2223 3538 2315 3610 μὲν
2347 3534 2551 3610 ἕψεται,
2597 3542 2703 3591 τῶν
2758 3534 2815 3590 δὲ
2865 3536 3187 3612 ὑπερόψεται
3223 3556 3235 3606 ;
3268 3536 3347 3598 τίς
3386 3537 3601 3614 γραφὴν
3629 3536 3719 3590 καὶ

2071 3626 2327 3695 ἀλήθειαν
2368 3625 2491 3694 ;τίς
2542 3627 2641 3694 τὴν
2700 3626 2848 3679 κάτω
2899 3627 3126 3695 σκηνὴν,
3183 3625 3272 3679 καὶ
3321 3626 3420 3693 τὴν
3468 3624 3579 3680 ἄνω
3617 3624 3717 3679 πό-

2074 3714 2157 3770 λιν
2194 3734 2206 3783 ;
2248 3714 2327 3777 τίς
2379 3714 2664 3789 παροικίαν
2716 3715 2804 3768 xui
2853 3714 3127 3769 κατοικίαν
3181 3733 3193 3782 ;
3242 3714 3325 3776 τίς
3372 3715 3562 3777 σκότος
3615 3714 3722 3769 ἀπὸ

2071 3809 2167 3859 τοῦ
2201 3804 2377 3881 φωτός
2414 3824 2425 3871 ;
2458 3802 2539 3865 τίς
2573 3801 2688 3857 ili)»
2749 3804 2913 3879 βυθοῦ
2964 3825 3051 3858 και
3103 3803 3253 3878 ἁγίαν
3298 3806 3397 3880 γῆν
3434 3822 3448 3873 ;
3481 3803 3561 3866 τίς
3595 3805 3723 3877 σάρ-

2074 3915 2141 3948 κα
2197 3893 2285 3947 xui
2344 3898 2556 3965 πνεῦμα
2606 3912 2619 3962 ;
2669 3892 2749 3955 τίς
2803 3893 2929 3948 Θεὸν
2988 3893 3076 3946 xui
3134 3895 3553 3968 κοσμοκράτορα
3596 3892 3721 3957 ςτίς

2075 3983 2299 4036 θανάτου
2331 3983 2481 4036 σκιὰν
2506 4027 2518 4049 ,
2565 3982 2654 4036 xui
2708 3984 2851 4051 ζωὴν
2890 3983 2990 4050 τὴν
3044 3981 3265 4036 αἰώνιον
3302 3984 3415 4055 (63)
3450 4001 3463 4051 ;
3497 3983 3578 4043 τίς
3608 3987 3724 4043 τοῖς

2075 4076 2306 4147 παροῦσι
2331 4073 2391 4126 τὸ
2427 4070 2631 4143 μέλλον
2682 4071 2943 4140 ὠνήσεται
2973 4090 2985 4139 ;
3017 4070 3100 4132 τίς
3143 4076 3221 4143 τῷ
3271 4070 3446 4145 ῥέοντι
3496 4069 3723 4143 πλούτῳ

2074 4161 2165 4214 τὸν
2204 4162 2277 4233 μή
2314 4159 2577 4233 λυόμενον
2613 4179 2626 4228 ;
2658 4159 2740 4215 τίς
2773 4166 2887 4221 τοῖς
2921 4158 3221 4235 ὁρωμένοις
3243 4162 3309 4214 τὰ
3334 4162 3409 4232 μὴ
3447 4159 3723 4235 βλεπόμε-

2076 4270 2139 4303 να
2174 4268 2187 4318 ;
2221 4251 2498 4323 Μακάριος
2548 4249 2643 4321 μὲν
2701 4246 2813 4317 οὖν,
2863 4248 3010 4310 ὅστις
3064 4254 3230 4303 ταῦτα
3275 4246 3585 4323 διακρίνων,
3635 4246 3726 4303 xui

2080 4336 2302 4412 διαιρῶν
2333 4341 2402 4410 τῇ
2432 4341 2579 4409 τομῇ
2604 4342 2701 4392 τοῦ
2732 4338 2932 4412 Λόγου,
2986 4341 3053 4410 τῇ
3108 4335 3388 4412 διαιρούσῃ
3434 4338 3497 4393 τὸ
3544 4343 3726 4412 κρεῖτ-

2077 4448 2168 4480 τον
2216 4426 2321 4480 ἀπὸ
2368 4430 2465 4480 τοῦ
2515 4426 2767 4501 χείρονος
2816 4427 2949 4499 (64),
3003 4420 3285 4487 ἀναϐάσεις
3335 4425 3385 4480 ἐν
3436 4429 3506 4500 τῇ
3536 4423 3731 4501 καρδίᾳ

2082 4513 2243 4571 αὐτοῦ
2294 4512 2606 4583 διατίθεται,
2657 4515 2731 4576 ὥς
2780 4514 2885 4570 πού
2935 4536 3097 4593 φησιν
3134 4516 3162 4569 ὁ
3211 4516 3351 4577 θεῖος
3404 4511 3595 4587 Δαϐὶδ,
3639 4516 3728 4570 xui

311 4600 553 4656 meliora
582 4616 615 4654 a
644 4600 1033 4655 deterioribus
1086 4606 1340 4669 secante,
1377 4620 1686 4659 secernens
1723 4622 1787 4659 ac
1819 4605 1955 4659 divi-

2079 4607 2179 4674 τὴν
2228 4601 2462 4659 κοιλάδα
2506 4608 2602 4658 τοῦ
2650 4602 3012 4677 κλαυθμῶνος
3071 4602 3271 4674 ταύτην
3493 4605 3723 4683 φεύγων,

312 4690 478 4759 dens,
513 4690 891 4745 escensiones
925 4690 981 4744 in
1011 4693 1181 4747 corde
1208 4709 1314 4747 suo
1344 4694 1693 4764 disponit”,
1728 4700 1786 4749 ut
1821 4712 1969 4765 quo-

311 4780 446 4835 dam
472 4779 597 4835 loco
621 4781 853 4834 divinus
880 4780 1057 4834 David
1083 4780 1363 4851 loquitur,
1395 4788 1571 4853 atque
1603 4783 1753 4838 hanc
1785 4783 1970 4855 lacry-

311 4883 541 4923 marum
574 4869 782 4923 vallem
817 4870 954 4923 totis
1002 4870 1226 4925 viribus
1274 4871 1526 4943 fugiens,
1561 4889 1685 4944 quae
1732 4890 1971 4928 sursum

310 4960 471 5026 sunt,
503 4959 708 5027 quierit
738 4960 805 5024 93,
842 4976 906 5013 ac
942 4960 1159 5013 mundo
1194 4978 1310 5014 una
1340 4977 1472 5015 cum
1523 4963 1749 5017 Christo
1783 4963 1971 5017 cruci-

386 5089 431 5124 °°
461 5088 676 5146 Jerem.
714 5110 786 5159 Ix,
819 5095 907 5148 24.
985 5096 1026 5130 ⁹¹
1062 5096 1190 5150 Ose.
1225 5113 1342 5166 χιχ,
1378 5098 1460 5151 10.

313 5223 496 5349 Ol(5g)
531 5225 922 5301 Καυχώμενος.
983 5229 1155 5284 Deest
1214 5230 1270 5284 in
1339 5231 1608 5301 pluribus
1668 5231 1846 5303 Regg.
1908 5236 1965 5286 et

386 5368 831 5444 (60)]Ιαυθῆναι.
885 5370 977 5424 Sic
1012 5371 1188 5443 Regg.
1226 5389 1277 5440 a,
1311 5389 1359 5443 ο,
1394 5373 1450 5441 d,
1486 5374 1585 5443 ph,
1638 5377 1744 5428 etc.
1792 5374 1965 5444 Edit.,

312 5439 612 5506 παυσθῆναι
625 5483 634 5494 .

384 5510 496 5589 (61)
528 5514 1036 5586 Μεθορμτβώμεθα.
1092 5514 1268 5586 Regg.
1318 5533 1371 5583 ε,
1421 5532 1470 5582 c,
1506 5516 1564 5582 d,
1620 5515 1965 5589 μεθορμισώ-

320 5582 470 5651 μεθα.

386 5652 501 5719 (62)
531 5652 812 5715 Δύνασθαι.
848 5655 1020 5709 Deest
1050 5656 1107 5708 in
1141 5655 1235 5711 Or.
1268 5658 1321 5710 2.

392 5723 505 5792 (63)
534 5723 640 5789 Τήν
672 5724 910 5779 αἰώνιον.
950 5731 1114 5781 Deest
1134 5728 1232 5795 τήν
1267 5728 1324 5782 in
1358 5727 1647 5799 pluribus.

1540 5099 1582 5131 9’
1614 5096 1766 5152 Psal.
1801 5114 2032 5167 Lxxxm,
2064 5099 2115 5151 6.

2080 4694 2252 4761 ὁπόση
2288 4690 2511 4766 δύναμις
2542 4695 2675 4768 (66),
2704 4694 2771 4748 τὰ
2809 4692 2919 4748 ἅνω
2972 4697 3141 4765 ζητεῖ,
3191 4693 3280 4747 καὶ
3328 4694 3719 4769 σταυρούμενος

2079 4784 2272 4856 κόσμῳ
2327 4784 2461 4856 μετὰ
2510 4787 2766 4858 Χριστοῦ,
2820 4784 3037 4857 Χριστῷ
3081 4781 3408 4850 συνίσταται,
3455 4780 3543 4835 καὶ
3590 4786 3725 4851 Χρι-

2083 4876 2192 4943 στῷ
2241 4871 2662 4947 συνανέρχεται,
2710 4878 2809 4940 τῆς
2859 4869 3039 4925 οὐκέτι
3096 4869 3534 4942 μεταπιπτούσης
3584 4875 3727 4939 ζωῆς

2085 4959 2208 5016 οὐδὲ
2249 4960 2536 5031 ἀπατηλῆς
2581 4959 2952 5035 κληρονόμος·
3011 4956 3073 5012 οῦ
3112 4962 3228 5032 (67)
3277 4959 3470 5032 μηκέτι
3522 4957 3727 5015 δάκνων

2195 5098 2239 5131 ⁹³
2267 5095 2488 5153 Coloss.
2523 5112 2607 5166 In,
2640 5096 2691 5150 1.

2146 5231 2256 5301 (64)
2310 5233 2560 5303 Κρεῖττον
2613 5227 2719 5282 ἀπὸ
2738 5231 2856 5303 ,τοῦ
2898 5226 3171 5303 χείρονος.
3233 5229 3460 5298 Billius,
3496 5252 3524 5280 «
3557 5229 3735 5284 virtu-

2076 5308 2192 5357 tem
2228 5319 2259 5356 a
2289 5301 2425 5356 vitio
2456 5307 2687 5372 secante
2720 5301 3111 5372 distinguens,
3150 5323 3170 5352 ι
3208 5307 3321 5372 etc.

2150 5374 2261 5441 (65)
2294 5370 2533 5445 Κοιλοὶδα
2580 5376 2679 5445 τοῦ
2718 5370 3078 5445 κλαυθμῶνος
3126 5370 3349 5441 ταύτην.
3384 5372 3564 5445 Regg,
3598 5388 3650 5441 a,
3680 5386 3733 5437 0,

2078 5445 2134 5511 d,
2165 5450 2294 5500 etc..
2332 5442 2561 5516 κοιλάδα
2587 5444 2785 5516 ταύτην
2817 5442 2913 5497 τοῦ
2943 5442 3321 5516 κλαυθμῶνος.

2150 5518 2257 5587 (66)
2291 5516 2491 5587 Ὀπόση
2544 5512 2793 5587 δύναμις.
2842 5516 3070 5585 Billius,
3125 5512 3155 5567 ξ(
3208 5532 3385 5589 quam
3436 5512 3737 5570 celerrime

2120 5593 2287 5642 otest.
2326 5611 2352 5636 ››

2079 5602 2388 5801 Ξέἆξξῖέῦ.
2424 5658 2517 5715 Sic
2550 5659 2726 5732 Regg.
2760 5676 2814 5724 a,
2845 5657 2967 5728 bm,
3000 5657 3102 5731 ph,
3134 5662 3244 5714 etc.
3279 5657 3453 5729 Edit.,
3485 5652 3547 5711 οὒ
3580 5658 3738 5728 [per-

2157 5746 2279 5787 ram
2313 5770 2325 5785 .

2081 5744 2279 5801 peram
2287 5744 2325 5801 1.
