4146 6290
398 454 514 515 885

1318 451 1611 513 ORATIO
1656 452 1813 512 XIV.
1850 484 1925 494 —
1955 452 2056 511 DE
2101 452 2530 513 PAUPEHUM
2582 450 2881 511 AMORE.

3682 447 3802 511 886

398 582 516 660 δρις
546 581 633 636 ἐπὶ
669 577 818 650 ὁδοῦ,
851 577 976 635 οὐδὲ
1178 585 1360 649 τηρῶν
1398 581 1647 654 πτέρναν,
1680 580 1767 633 καὶ
1798 578 2039 657 κεφαλήν

2170 582 2325 652 ﬁxus,
2359 598 2489 637 cum
2524 581 2754 636 Christo
2793 580 3065 653 resurgit,
3101 584 3157 636 et
3186 597 3317 637 cum
3363 580 3594 637 Christo
3624 579 3801 637 simul

396 671 755 746 τηρούμενος.
797 674 922 731 Τοῖς
973 667 1029 723 δὲ
1078 668 1294 730 λοιποῖς
1326 672 1458 740 ἡμῖν
1488 666 1672 729 καλῶς
1707 671 1732 722 ὁ
1764 669 1920 729 αὒτὸς
1950 669 2042 740 ἐμ-

396 756 499 830 ϐοᾷ
549 755 735 830 Δαϐὶδ,
785 758 965 831 ὥσπερ
1016 780 1095 819 τις
1152 757 1668 831 μεγαλοφωνότατος
1719 758 1887 832 κῆρυξ
1936 758 2040 811 ἀπὸ

397 848 611 922 ὑψηλοῦ
660 848 748 901 καὶ
789 844 1075 919 πανδήμου
1128 846 1503 921 κηρύγματος,
1557 843 1948 922 βαρυκαρδίους
1986 868 2043 901 τε

393 936 720 1003 ἀποκαλῶν,
766 937 857 990 καὶ
908 938 1226 1011 ἀγαπῶντας
1276 933 1489 1009 ψεῦδος,
1540 937 1612 1009 μὴ
1665 934 1869 1013 σφόδρα
1894 957 2042 1012 περι-

393 1025 613 1101 έχεσθαι
646 1030 752 1079 τῶν
787 1024 1105 1099 δρωμένων,
1144 1022 1284 1095 μηδὲ
1316 1022 1455 1078 ἄλλο
1485 1046 1535 1079 τι
1565 1026 1599 1092 ἢ
1632 1024 1791 1099 κόρον
1826 1027 1939 1097 (69)
1962 1025 2039 1078 σί-

392 1136 488 1170 του
520 1115 609 1169 καὶ
641 1112 791 1169 oi'voo
842 1119 948 1167 τῶν
1003 1115 1396 1189 φθειρομένων,
1446 1120 1614 1167 πᾶσαν
1668 1115 1766 1182 τήν
1810 1113 2043 1168 ἐντεῦθεν

397 1203 742 1275 εὐδαιμονίαν
780 1197 1209 1272 ὑπολαμϐάνειν.
1266 1202 1361 1255 Καὶ
1413 1202 1557 1275 τάχα
1602 1222 1706 1255 που
1755 1205 1913 1256 τοῦτο
1953 1202 2041 1255 καὶ

402 1293 430 1346 ὁ
467 1291 728 1365 μακάριος
779 1290 970 1345 ἐννοῶν
1001 1290 1241 1365 Μιχαίας
1277 1292 1410 1363 (70),
1441 1291 1530 1344 καὶ
1576 1295 1683 1344 τῶν
1734 1292 1910 1365 χαμαὶ
1962 1290 2043 1365 ἐρ-

401 1380 656 1456 χομένων
705 1379 794 1434 καὶ
856 1376 1161 1433 δοκούντων
1217 1378 1423 1455 ἀγαθῶν
1482 1379 1990 1453 κατεξανιστάμενος
2028 1424 2040 1447 ,

403 1470 684 1544 Ἐγγίσατε
716 1513 732 1540 ,
789 1468 950 1545 φησὶν
995 1515 1010 1540 ,

398 1560 655 1634 πορεύου,
718 1557 798 1611 ὅτι
860 1556 958 1611 οὐκ
1015 1554 1124 1611 ἔστι
1185 1578 1268 1610 σοι
1324 1556 1458 1626 αὕτη
1518 1557 1855 1619 ἀνάπαυσιςο
1914 1564 2039 1613 τοῦ-

396 1670 458 1704 το
496 1648 588 1721 μὲν
623 1645 711 1702 οῦν
746 1649 857 1720 (71)
905 1644 1013 1716 ἤδη
1064 1647 1153 1700 καὶ
1201 1651 1316 1708 τοῖς
1361 1646 1594 1721 ῥήμασιν
1628 1646 1810 1709 αὐτοῖς
1846 1653 2042 1723 μικροῦ

396 1737 706 1815 σύμφωνον,
741 1738 821 1797 οἷς
852 1737 879 1790 ὁ
912 1735 1105 1810 Κύριος
1153 1737 1241 1789 καὶ
1290 1736 1484 1810 Σωτὴρ
1536 1738 1695 1808 ἡμῶν
1739 1733 2041 1791 διακελεύε-

395 1848 501 1895 ται,
550 1826 604 1880 τί
658 1824 829 1901 λέγων
877 1828 989 1897 (72)
1023 1843 1037 1894 ;
1072 1824 1379 1899 Ἐγείρεσθε
1429 1827 1563 1897 (73),
1615 1823 1833 1898 ἄγωμεν
1867 1824 2039 1879 ἐντεῦ-

396 1917 499 1970 θενο
557 1916 619 1969 οὺ
674 1914 801 1976 τοὺς
860 1913 981 1968 τότε
1035 1913 1276 1985 μαθητὰς
1334 1912 1497 1985 μόνον
1530 1912 1578 1986 ἐξ
1632 1913 1839 1968 ἰχείνου
1874 1915 2042 1986 μόνου

390 2003 488 2060 τοῦ
517 2004 689 2059 τόπου
725 2002 1050 2076 μετατιθεὶς,
1085 2003 1159 2063 ὡς
1194 2001 1252 2055 ἂν
1285 2002 1498 2072 οἰηθείη
1528 2024 1634 2071 τις,
1668 2000 1792 2057 ἀλλ’
1841 2004 1921 2057 ἀεὶ
1953 2002 2041 2057 καὶ

393 2096 595 2155 πάντας
639 2093 765 2154 τοὺς
817 2094 1008 2147 ἑαυτοῦ
1061 2092 1305 2164 μαθητὰς
1358 2092 1463 2145 ἀπὸ
1511 2098 1615 2166 γῆς
1664 2095 1776 2165 (74)
1807 2092 1893 2146 καὶ
1937 2098 2040 2146 τῶν

394 2181 517 2258 περί
550 2185 651 2257 γῆν
686 2182 762 2244 εἰς
793 2180 1055 2255 οὐρανοὺς
1086 2179 1261 2234 ἕλκων
1295 2179 1383 2234 καὶ
1413 2180 1479 2235 τὰ
1510 2180 1751 2251 οὐράνια.

1070 1463 1246 1543 ὄρεσιν
1326 1468 1563 1529 αἰωνίοις
1610 1488 1622 1500 ·
1682 1468 1881 1523 ἀνάστα
1952 1470 2039 1523 καὶ

2151 671 2433 736 ascendit,
2467 672 2596 725 vitae
2629 687 2740 725 non
2781 671 2907 740 jam
2937 671 3170 725 caducae
3222 687 3288 725 ac
3320 669 3542 724 fallacis
3574 670 3754 724 baares
3786 686 3800 725 :

2150 760 2250 814 ubi
2285 777 2395 814 non
2421 760 2547 829 jam
2580 759 2818 813 coluber
2850 760 3123 815 mordens
3154 760 3214 813 in
3244 758 3360 813 vita
3388 759 3453 826 8‘,
3488 774 3593 814 nec
3622 757 3806 813 calca-

2151 866 2325 904 neum
2380 849 2696 904 observans
2744 848 2807 915 9‘,
2860 849 3349 919 quemadmodum
3400 847 3588 919 ipsius
3633 851 3805 918 caput

2151 938 2508 992 observatur.
2556 937 2987 1008 Superstitibus
3038 941 3228 991 autem
3291 937 3458 991 nobis
3514 936 3807 1007 eleganter

2152 1026 2305 1081 272
2337 1025 2489 1079 idem
2543 1025 2743 1093 David,
2778 1024 2932 1079 velut
2980 1026 3270 1097 quispiam
3314 1041 3499 1096 praeco
3554 1024 3808 1078 maxima

2150 1130 2288 1168 voce
2321 1114 2624 1184 praeditus,
2660 1114 2731 1167 ab
2762 1114 2988 1168 excelso
3020 1120 3077 1168 et
3111 1113 3344 1185 publico
3395 1112 3679 1185 praconio
3717 1113 3805 1166 in-

2152 1203 2387 1266 clamat,
2422 1220 2625 1273 graves
2658 1205 2829 1258 corde
2862 1221 2966 1257 nos
2998 1203 3403 1275 appellans,ac
3436 1203 3807 1257 mendacium

2153 1292 2459 1364 diligentes
2490 1292 2555 1355 9°,
2590 1309 2971 1364 monensque,
3006 1310 3076 1346 ne
3127 1293 3301 1347 rebus
3332 1293 3424 1358 iis,
3459 1308 3584 1361 quae
3624 1290 3810 1346 oculis

2152 1386 2489 1447 cernuntur,
2524 1382 2789 1435 animum
2823 1388 3087 1436 nostrum
3124 1396 3476 1453 magnopere
3519 1381 3811 1451 adjunga-

2153 1487 2308 1540 mus,
2341 1486 2444 1525 nec
2475 1470 2749 1524 frumenti
2801 1470 2989 1525 solum
3024 1487 3089 1525 ac
3136 1470 3280 1535 vini,
3315 1487 3440 1541 quaa
3488 1469 3653 1523 facile
3684 1485 3810 1524 cor-

2152 1564 2528 1631 rumpuntur,
2547 1560 2855 1614 saturitate
2888 1576 3117 1614 omnem
3143 1559 3322 1629 hujus
3344 1560 3471 1612 vitae
3495 1557 3811 1613 beatitudi-

2150 1666 2284 1703 nem
2316 1648 2650 1703 metiamur.
2679 1649 2839 1711 Quod
2855 1648 3030 1703 etiam
3050 1649 3268 1718 ipsum,
3297 1647 3811 1718 utopinor,beatus

2148 1738 2423 1793 Michaeas
2446 1737 3123 1808 animadvertens,atque
3145 1736 3309 1791 humi
3331 1736 3719 1806 reptantibus,
3745 1752 3810 1790 ac

2150 1828 2531 1884 bonitantum
2558 1826 2853 1897 specimen
2875 1826 3229 1881 habentibus
3250 1826 3546 1881 insultans
3573 1826 3810 1896 :Appro-

2147 1920 2432 1989 pinquate,
2481 1915 2689 1985 inquit,
2720 1915 2794 1970 ad
2841 1918 3053 1972 montes
3079 1920 3309 1970 aeternos
3340 1934 3358 1968 :
3389 1930 3551 1982 surge
3600 1919 3653 1968 et
3683 1929 3808 1969 am-

2153 2007 2299 2075 bula,
2331 2008 2465 2076 quia
2494 2021 2605 2060 non
2635 2009 2713 2059 est
2742 2005 2845 2059 tibi
2872 2006 2960 2059 hic
2989 2005 3202 2075 requies
3231 2004 3274 2038 9"
3300 2022 3312 2071 ;
3348 2004 3557 2058 iisdem
3602 2018 3807 2073 prope-

2152 2098 2395 2151 modum
2427 2095 2618 2150 verbis
2651 2095 3066 2165 utens,quibus
3089 2111 3194 2148 nos
3216 2094 3501 2148 Dominus
3524 2097 3724 2147 noster
3743 2108 3809 2146 ac

2152 2185 2415 2240 Salvator
2439 2184 2792 2249 inhortatur,
2825 2184 3025 2237 dicens
3053 2198 3066 2236 ε
3102 2182 3535 2253 Surgite,eamus
3565 2180 3694 2235 hinc
3723 2180 3766 2214 ⁹⁸
3793 2196 3807 2246 ;

397 2291 513 2329 non
545 2290 644 2328 eos
673 2275 927 2337 tantum,
962 2287 1106 2342 quos
1137 2275 1277 2324 tunc
1308 2270 1629 2341 discipulos
1660 2271 1927 2338 habebat,
1962 2291 2030 2327 ex
2062 2273 2160 2328 illo
2191 2275 2477 2328 duntaxat
2523 2271 2647 2326 loco
2692 2273 3073 2337 transferens,
3107 2270 3605 2341 quemadmodum
3656 2268 3814 2340 quis-

401 2362 557 2435 piam
592 2362 837 2416 fortasse
867 2360 1198 2429 arbitretur,
1233 2360 1333 2414 sed
1366 2364 1422 2414 et
1453 2377 1705 2432 semper,
1736 2366 1793 2416 et
1825 2378 2028 2417 omnes
2073 2361 2395 2434 discipulos
2444 2378 2605 2430 suos,
2639 2378 2672 2414 a
2704 2366 2857 2416 terra
2888 2361 3181 2431 rebusque
3207 2358 3457 2414 terrenis
3511 2358 3582 2412 ad
3634 2356 3810 2412 caelos

404 2455 459 2508 et
490 2468 581 2506 res
614 2451 876 2505 cmlestes
906 2449 1269 2521 pertrahens.

480 2540 598 2595 KB'.
642 2539 960 2613 Τοιγαροῦν,
1016 2534 1480 2608 ἀκολουθήσωμεν
1539 2534 1647 2607 ἤδη
1707 2539 1785 2610 τῷ
1843 2539 2005 2613 Λόγῳ
2039 2586 2054 2611 ,

419 2629 741 2699 ζητήσωμεν
800 2626 897 2692 τὴν
948 2624 1143 2679 ἐκεῖθεν
1199 2624 1511 2697 ἀνάπαυσιν,
1564 2625 1807 2701 ῥίψωμεν
1840 2628 1938 2695 τὴν
1971 2627 2052 2680 ἐν-

414 2721 595 2779 τεῦθεν
646 2713 977 2788 περιουσίαν’
1029 2714 1057 2767 ’ὁ
1102 2711 1268 2768 καλόν
1322 2712 1431 2768 ἐστι
1480 2713 1705 2784 ταύτης,
1753 2721 1911 2770 τοῦτο
1964 2712 2055 2788 μό-

414 2826 505 2860 νον
555 2802 939 2878 κερδάνωμεν,
991 2803 1320 2875 κτησώμεθα
1362 2804 1459 2865 τὰς
1515 2804 1714 2858 ἑαυτῶν
1766 2805 1945 2879 ψυχὰς
2004 2805 2054 2859 ἐν

415 2890 836 2964 ἐλεημοσύναις,
889 2888 1205 2963 μεταθῶμεν
1255 2895 1362 2945 τῶν
1414 2886 1580 2945 ὄντων
1630 2897 1744 2954 τοῖς
1794 2893 2054 2964 πένησιν,

411 2978 504 3033 τίνα
549 2982 614 3034 τὰ
665 2979 862 3034 ἐκεῖθεν
910 2979 1328 3052 πλουτήσωμεν.
1363 2981 1462 3042 Δὸς
1514 2978 1707 3056 μερίδα
1746 2982 1834 3036 καὶ
1864 2987 1931 3056 τῇ
1965 2985 2059 3055 ψυ-

418 3072 519 3142 χῇ,
558 3069 633 3140 μὴ
663 3072 731 3141 τῇ
766 3067 919 3142 σαρκὶ
971 3068 1152 3141 μόνον·
1205 3065 1294 3130 δὸς
1346 3066 1535 3141 μερίδα
1581 3069 1669 3123 καὶ
1695 3075 1774 3142 τῷ
1806 3072 1943 3142 Θεῴ,
1980 3073 2053 3143 μὴ

416 3162 495 3229 τῷ
542 3157 735 3229 κόσμῳ
797 3157 975 3229 μόνον·
1039 3156 1202 3234 ὕφελέ
1260 3160 1372 3229 (75)
1428 3179 1481 3211 τι
1535 3165 1635 3227 τῆς
1684 3160 1934 3234 γαστρὸς,
1982 3165 2060 3231 τῷ

416 3247 681 3319 πνεύματι
713 3247 1041 3322 καθιέρωσον
1070 3266 1081 3278 ·
1136 3246 1372 3322 ἄρπασόν
1404 3268 1456 3300 τι
1501 3252 1597 3301 τοῦ
1628 3248 1819 3323 πυρὸς,
1854 3248 2058 3312 ἀπόθου

420 3336 623 3412 μακρὰν
653 3336 757 3390 ἀπὸ
786 3343 885 3405 τῆς
914 3336 1060 3390 κάτω
1095 3338 1205 3409 (76)
1239 3335 1546 3409 νεμομένης
1588 3336 1795 3414 φλογός
1824 3357 1834 3368 ·
1888 3339 2057 3413 ἅρπα-

416 3446 507 3479 σον
555 3428 652 3479 τοῦ
694 3426 992 3501 τυράννου,
1042 3425 1462 3479 καταπίστὲυσον
1506 3430 1585 3497 τῷ
1642 3426 1907 3502 Δεσπότῃ.
1959 3429 2057 3490 Δὸς

421 3512 613 3587 μερίδα
642 3520 758 3575 τοῖς
815 3514 967 3583 ἔπτὰ,
1025 3518 1103 3586 τῷ
1150 3516 1251 3589 β.ῳ
1295 3514 1497 3587 τούτῳ,
1526 3515 1617 3569 καί
1656 3536 1719 3591 γε
1747 3522 1863 3579 τοῖς
1895 3517 2059 3587 ὀκτὼ,

415 3607 493 3675 τῷ
523 3603 655 3676 μετὰ
683 3607 871 3657 τοῦτον
924 3606 1070 3675 ἡμᾶς
1119 3601 1476 3676 ἐκδεξομὲνῳ’
1531 3601 1623 3667 δὸς
1676 3604 1889 3679 ὀλίγον,
1936 3610 2063 3680 παρ’

419 3693 481 3746 οὗ
510 3693 572 3747 τὸ
608 3691 793 3746 πλεῖον
845 3695 957 3764 (77)
1007 3689 1176 3766 ἔχεις·
1230 3690 1321 3755 δὸς
1370 3693 1460 3747 καὶ
1488 3695 1551 3747 τὸ
1580 3700 1705 3763 πᾶν,
1737 3700 1815 3766 τῷ
1843 3695 1909 3749 τὰ
1934 3695 2063 3748 πάν-

417 3803 483 3835 τα
532 3784 644 3853 (78)
691 3782 1062 3856 χαρισαμὲνῳ.
1116 3779 1388 3837 Οὐδέποτε
1434 3786 1674 3852 νικήσεις
1736 3782 2059 3858 μεγαλοδω-

422 3870 541 3945 ρεὰν
576 3874 729 3937 Θεοῦ⁹
763 3868 857 3923 κᾶν
890 3870 1063 3923 πάντα
1093 3870 1233 3943 πρόη
1264 3873 1378 3943 (79)
1408 3872 1475 3923 τὰ
1504 3867 1651 3943 ὄντα,
1686 3872 1781 3926 κᾶν
1821 3879 1936 3934 τοῖς
1971 3871 2058 3926 οὗ-

421 3979 469 4013 σι
504 3958 722 4012 σεαυτὸν
757 3959 875 4031 (80)
919 3959 1179 4030 προσθῇς.
1215 3957 1317 4013 Καὶ
1363 3962 1523 4012 τοῦτο
1574 3961 1675 4032 γάρ
1710 3959 1817 4013 ἐστι
1852 3955 2059 4030 λαϐεῖν,

416 4048 479 4102 τὸ
509 4051 586 4118 τῷ
617 4050 731 4117 Θεῷ
781 4042 1023 4114 δοθῆναι·
1075 4045 1197 4099 ὅσον
1247 4045 1329 4100 ἐὰν
1366 4049 1477 4119 (81)
1518 4046 1835 4122 εἰσενέγκῃς,
1869 4050 2059 4102 πλεῖον

418 4136 499 4189 ἀεὶ
556 4136 619 4190 τὸ
679 4134 1025 4206 λειπόμενον·
1072 4135 1161 4188 καὶ
1208 4132 1360 4189 οὐδὲν
1417 4132 1608 4198 δώσεις
1664 4133 1822 4205 ἴδιον,
1870 4136 1951 4191 ὅτι
1997 4139 2063 4191 τὰ

420 4223 591 4277 πάντα
632 4226 744 4295 (82)
793 4223 938 4297 παρὰ
988 4227 1139 4278 Θεοῦ.
1191 4223 1292 4278 Καὶ
1343 4221 1523 4297 ὥσπερ
1574 4224 1671 4278 οὐκ
1718 4223 1856 4279 ἔστιν
1902 4227 2061 4300 ὑπερ-

421 4306 580 4379 ϐῆναι
611 4312 710 4378 τὴν
760 4311 952 4364 ἑαυτοῦ
1003 4311 1152 4365 σκιὰν
1206 4312 1599 4387 ύποχωροῦσαν
1648 4315 1876 4367 καθύσον
1928 4316 2061 4389 πρό-

424 4420 540 4471 ιμεν
576 4401 709 4472 (83),
742 4398 830 4453 καὶ
858 4400 919 4453 τὸ
950 4398 1061 4453 ἴσον
1095 4400 1174 4453 ἀεὶ
1221 4402 1581 4476 προέχουσαν·
1619 4400 1742 4457 οὐδὲ
1784 4403 1915 4479 ὑπὶρ
1961 4405 2059 4472 τήν

421 4488 661 4564 κεφαλὴν
733 4488 971 4563 γενέσθαι
1048 4490 1304 4561 σώματος
1380 4488 1602 4566 μέγεθος
1671 4492 2059 4566 ὑπερκειμένην

2236 2540 2406 2595 XXII.
2441 2541 2719 2607 Quocirca
2746 2540 3003 2595 Verbum
3027 2538 3153 2608 jam
3184 2535 3691 2608 sequamur,illam
3726 2551 3813 2588 rc-

2167 2630 2362 2701 quiem
2413 2645 2767 2700 quaeramus,
2795 2628 2975 2697 hujus
3006 2629 3133 2681 vita
3165 2642 3303 2698 opes
3356 2630 3413 2678 ct
3442 2624 3638 2694 copias
3669 2623 3815 2694 abji-

2167 2719 2429 2785 ciamus,
2464 2719 2571 2773 hoc
2603 2718 2818 2785 solum,
2851 2719 3003 2788 quod
3038 2716 3097 2770 in
3129 2716 3273 2787 ipsis
3322 2714 3454 2769 boni
3490 2718 3597 2781 est,
3627 2712 3815 2767 lucre-

2167 2824 2319 2878 mur,
2352 2824 2561 2878 nempe
2617 2811 2681 2861 ut
2738 2807 2967 2862 animas
3024 2809 3255 2861 nostras
3314 2804 3373 2857 in
3432 2803 3817 2873 eleemosynis

2167 2895 2877 2966 acquiramus.facultates
2903 2899 3132 2949 nostras
3148 2893 3499 2964 pauperibus
3522 2890 3819 2961 impertia-

2174 2989 2398 3054 mur,ut
2419 2983 2753 3039 coelestibus
2780 2985 3055 3038 ditemur.
3090 2982 3308 3037 Anima:
3331 2997 3561 3052 quoque
3594 2983 3816 3049 partem

2167 3074 2386 3139 da,non
2417 3076 2573 3129 carni
2608 3075 2929 3136 duntaxat;
2964 3074 3078 3127 Deo
3102 3088 3334 3144 quoque
3356 3075 3575 3142 partem
3603 3070 3818 3133 da,non

2170 3163 2388 3217 mundo
2420 3166 2648 3217 tantum
2682 3181 2693 3230 ;
2726 3162 2913 3216 ventri
2945 3161 3163 3233 aliquid
3198 3160 3559 3226 subtrahe,et
3590 3155 3823 3229 spiritui

2169 3268 2478 3317 ronsecra;
2513 3252 2632 3323 igni
2665 3251 2885 3321 aliquid
2917 3250 3167 3322 eripe,ac
3185 3249 3383 3321 procul
3414 3265 3446 3303 a
3477 3249 3824 3318 depascente

2174 3340 2410 3395 flamma
2441 3341 2723 3407 reconde;
2759 3358 2791 3395 a
2819 3346 3064 3409 tyranno
3096 3339 3271 3409 eripe,
3301 3355 3364 3392 ac
3397 3337 3635 3392 Domino
3667 3352 3824 3390 com-

2180 3432 2368 3486 mitte.
2404 3433 2479 3485 Da
2525 3434 2737 3502 partem
2765 3436 2996 3502 septem,
3028 3430 3138 3484 hoc
3188 3434 3275 3484 est
3301 3428 3437 3483 huic
3486 3428 3634 3495 vitae,
3667 3433 3827 3496 atque

2171 3522 2337 3574 etiam
2366 3524 2478 3575 octo
2508 3522 2571 3589 9°,
2604 3520 2659 3574 id
2694 3525 2801 3587 est,
2833 3520 2883 3574 ei
2913 3536 3038 3590 quae
3062 3523 3195 3590 post
3224 3517 3374 3573 banc
3398 3533 3501 3570 nos
3533 3514 3777 3585 excipiet
3810 3530 3822 3566 :

2172 3610 2245 3663 da
2271 3609 2545 3681 exiguum
2580 3609 2692 3677 ei,a
2722 3625 2837 3681 quo
2870 3607 3118 3662 multum
3152 3606 3328 3661 habes
3354 3622 3365 3659 :
3394 3606 3463 3658 da
3495 3603 3667 3658 etiam
3702 3617 3826 3656 om-

2174 3698 2269 3753 nia
2300 3700 2475 3771 ei,qui
2510 3699 2707 3752 omnia
2738 3697 3319 3764 donavit.Nunquam
3358 3693 3451 3747 Dei
3484 3691 3829 3745 muniﬁcen-

2173 3788 2313 3842 tiam
2372 3788 2590 3848 vinces,
2641 3786 2870 3840 etiamsi
2929 3784 3126 3839 omnia
3166 3788 3265 3837 tua
3322 3782 3471 3835 bona
3532 3777 3824 3849 projicias,

2171 3876 2400 3930 etiamsi
2434 3881 2487 3930 te
2520 3876 2695 3929 etiam
2749 3876 2940 3943 ipsum
2975 3872 3143 3927 bonis
3177 3871 3295 3924 tuis
3331 3870 3639 3937 adjuogas.
3674 3866 3820 3920 Nam

2174 3964 2279 4018 hoc
2311 3980 2538 4035 quoque
2571 3964 2765 4033 ipsum
2799 3962 3058 4032 accipere
3088 3964 3195 4029 est,
3217 3973 3423 4027 nempe
3462 3958 3568 4010 lieo
3596 3954 3820 4010 donari.

2170 4058 2697 4121 Quantumcunque
2719 4048 3235 4119 contuleris,plura
3255 4052 3448 4101 tamen
3472 4046 3574 4099 tibi
3603 4042 3828 4114 reliqua

2170 4145 2344 4195 erunt
2375 4158 2385 4195 :
2425 4157 2526 4195 nec
2556 4140 2879 4211 quidquam
2914 4143 3081 4192 tuum
3128 4136 3317 4206 dabis,
3352 4132 3825 4205 quandoquidem

2172 4231 2369 4285 omnia
2400 4248 2431 4285 a
2464 4230 2577 4284 Deo
2613 4228 2952 4282 manant.Et
2981 4224 3477 4297 quemadmodum
3513 4237 3681 4275 nemo
3704 4236 3829 4274 um-

2173 4321 2335 4374 bram
2374 4336 2542 4374 suam
2579 4317 2859 4390 praegredi
2893 4318 3173 4387 potest,ut
3204 4330 3351 4384 quae.
3382 4315 3667 4381 quantum
3696 4325 3827 4380 pro-

2171 4408 2724 4480 gredimur,tantum
2749 4407 2924 4460 etiam
2941 4420 3003 4459 se
3027 4401 3589 4473 subducat,parique
3602 4413 3832 4469 semper

2172 4496 2475 4552 intervallo
2509 4514 2613 4552 nos
2664 4494 3004 4562 antecedat;
3036 4509 3142 4548 nec
3173 4490 3432 4563 corporis
3476 4487 3831 4560 magnitudo

492 4595 711 4675 9“Gen.
756 4613 906 4668 xux,
938 4598 1025 4652 17.
1103 4599 1145 4632 οδ
1176 4598 1317 4654 Gen.
1352 4615 1436 4667 111,
1472 4600 1557 4655 15.
1636 4601 1679 4635 οδ
1708 4600 1860 4657 Psal.
1896 4619 1974 4671 1v,
2003 4603 2037 4657 3
2066 4621 2071 4659 ι

2170 4621 2225 4675 q.
2301 4606 2342 4639 ⁸⁷
2378 4605 2545 4661 Micb.
2604 4621 2664 4672 ιι,
2714 4605 2768 4674 9,
2823 4602 2908 4657 10.
2986 4602 3029 4635 9⁸
3058 4602 3222 4657 Joan.
3254 4616 3367 4668 xu,
3400 4598 3487 4653 31.
3566 4593 3829 4649 91’Eccle.

420 4684 498 4735 x1,
528 4670 583 4723 2.

512 4783 602 4857 68)
633 4778 793 4857 Οὐδὲ.
824 4783 905 4857 in
921 4782 1214 4857 pluribus,
1249 4781 1410 4857 μηδὲ.

512 4851 604 4929 69)
636 4851 788 4924 Μηδὲ
818 4851 957 4929 ἄλλο
987 4875 1039 4908 τι
1071 4856 1104 4925 ἢ
1133 4851 1777 4929 κόρὸν,’θῐο.(ὶοδῐιίθιίυε
1810 4877 1823 4915 :
1860 4882 1887 4910 ‹‹
1920 4860 2070 4917 Neve

422 4925 597 5010 aliud,
631 4943 809 5010 quam
856 4927 1132 5010 frumenti
1165 4925 1221 4985 et
1248 4925 1389 5010 vini,
1423 4947 1547 5001 quae
1588 4931 1755 5010 facile
1804 4948 2070 5010 corrum-

420 5002 670 5074 puntur,
702 5002 1030 5074 satietatem
1081 5018 1209 5057 esse
1267 5007 1541 5073 putemus
1597 5007 1773 5059 totam
1822 5004 2071 5074 hujusce

420 5070 547 5123 vita:
581 5070 933 5125 felicitatem.
969 5094 996 5120 »

420 5140 601 5266 ’A(7~0)
632 5140 891 5216 Μιχαίας.
938 5143 1031 5198 Sic
1082 5159 1286 5199 omnes
1338 5145 1505 5200 codd.
1560 5145 1709 5201 Male
1765 5146 1824 5201 in
1873 5146 2069 5218 editis,

490 5231 622 5266 μως.

490 5231 622 5283 μως.

489 5278 602 5354 (71)
634 5278 759 5339 Οὖν.
795 5285 964 5354 Deest
993 5286 1052 5340 in
1086 5287 1180 5354 Or.
1213 5288 1266 5341 2.

492 5352 600 5427 (72)
633 5352 1125 5433 Διακελεύεταιητί
1173 5353 1395 5431 λέγων;
1448 5359 1592 5433 Ιὶθεἶ
1641 5377 1690 5427 c,
1741 5356 2071 5433 διαλέγεται,

419 5450 446 5475 ‹‹
482 5429 928 5505 sermocinatur:
962 5450 991 5478 »
1025 5430 1193 5484 Gabr.
1231 5429 1286 5485 et
1330 5429 1782 5505 Combflegunt
1816 5451 1827 5489 :
1860 5429 1949 5501 τί’;
1983 5430 2073 5486 λέ-

420 5517 555 5571 γων,
590 5523 616 5547 ‹‹
652 5500 791 5571 quid
814 5500 842 5555 ‘I
872 5500 1093 5555 d’cens.
1134 5523 1153 5547 ο

489 5571 603 5710 (73)
636 5568 955 5645 Ἐγείρεσθε.
991 5572 1086 5627 Or.
1114 5573 1168 5640 2,
1204 5568 1513 5642 ἐγείρεσθαι.

512 5643 580 5696 74
634 5642 771 5695 Ἀπὸ
803 5649 926 5710 γῆς.
962 5644 1099 5710 Reg.
1136 5644 1191 5708 d,
1222 5641 1328 5695 ἀπὸ
1354 5650 1454 5710 τῆς
1483 5664 1513 5710 γ

632 5641 926 5718 ξᾼάτὸξγῆς.
962 5644 1191 5718 Reg.__d,
1222 5641 1328 5695 ἀπὸ
1354 5650 1454 5711 τῆς
1483 5650 1602 5718 γῆς.

492 5711 604 5854 (75)
629 5711 844 5789 ’Ύφελε.
879 5715 973 5770 0r.
1006 5711 1073 5779 2;
1094 5711 1299 5789 ὕφειλε.

514 5784 605 5854 76)
638 5783 772 5840 Ἀπὸ
801 5791 901 5854 τῆς
952 5782 1121 5854 κάτω,
1154 5788 1261 5842 etc.

514 5784 605 5857 76)
638 5782 772 5840 ’Airb
801 5791 901 5856 τῆς
952 5782 1261 5855 κάτω,ἐιο.
1301 5807 1321 5836 α
1357 5789 1404 5841 Α
1436 5785 1674 5845 ﬂamma
1702 5804 1830 5861 quae
1869 5788 2079 5847 subtus

2178 4793 2534 4862 depascitur.
2572 4814 2599 4841 ››
2632 4791 2725 4847 Sic
2774 4791 3058 4862 Regg.a,
3089 4804 3139 4853 c,
3190 4787 3248 4854 d,
3299 4786 3418 4849 bm,
3470 4782 3566 4853 ph,
3617 4779 3834 4850 aliique

2180 4860 2399 4935 plures.
2434 4864 2604 4935 Deest
2631 4862 2776 4916 κάτω
2808 4861 2863 4915 in
2893 4860 3085 4915 editis.

2247 4915 2615 5024 (77)*11-λεῖ-οννζ.
2670 4935 2846 5005 Regg.
2881 4949 2934 5001 a,
2986 4948 3035 4998 c,
3068 4931 3126 4993 d,
3158 4929 3260 5002 ph,
3312 4931 3369 4982 et
3413 4924 3508 4980 Or.
3559 4923 3616 4989 2,
3667 4915 3827 4975 κλέον

2184 5003 2380 5129 [ﬂpro
2411 5003 2623 5076 πλέον).
2758 5003 2777 5005 ί
2806 5003 2815 5004 ί
3089 5071 3100 5084 ⁸

2250 5077 2267 5148 (
2308 5080 2362 5148 8)
2392 5077 2471 5132 Τὰ
2508 5076 2695 5132 πάντα.
2754 5076 2924 5131 Deest
2977 5071 3043 5125 τὰ
3086 5089 3147 5126 1n
3204 5070 3383 5141 Regg.
3432 5084 3485 5133 a,
3547 5067 3668 5132 bm,
3730 5064 3831 5137 ph,

2178 5151 2359 5291 et"('79)
2394 5219 2566 5292 “prin.
2596 5219 2657 5273 in
2692 5217 2983 5292 pluribus,
3014 5215 3181 5292 προῇ.

2252 5278 2363 5361 (80)
2397 5278 2621 5344 Σὲιυὲόν.
2672 5278 2762 5344 Sic
2794 5278 2977 5361 Regg.
3020 5278 3144 5356 b'm,
3177 5285 3274 5356 ph,
3307 5287 3363 5338 et
3405 5282 3500 5337 Or.
3531 5282 3585 5332 2.
3622 5281 3681 5333 In
3714 5278 3832 5345 ed.,

2183 5362 2539 5503 “(aL-fire».
2564 5434 2667 5507 ‘Sic
2700 5433 2877 5507 Begg:
2911 5431 3030 5494 bm,
3066 5427 3165 5500 ph.
3200 5428 3262 5507 In
3290 5424 3450 5507 edit.,
3484 5421 3566 5507 ἓν.
3633 5496 3641 5507 Ι
3727 5488 3738 5507 1
3778 5490 3788 5501 _

2255 5494 2367 5588 (se)
2396 5506 2469 5558 Τὰ
2498 5501 2689 5558 πάντα.
2720 5494 3023 5574 Si‘é‘Regg.
3058 5494 3111 5564 ἁ,
3144 5515 3194 5564 c,
3228 5499 3285 5563 d,
3319 5500 3437 5551 bm.
3484 5494 3652 5549 Deest
3678 5494 3745 5545 τά
3775 5494 3836 5546 in

2186 5578 2370 5715 ed(1.3.3)
2407 5646 2661 5724 Πρόϊμεν.
2719 5650 2803 5699 Ita
2837 5646 3014 5724 Begg.
3066 5644 3198 5724 bm,
3222 5640 3320 5713 ph,
3353 5643 3485 5724 (δῖοι,
3518 5636 3575 5691 in

2186 5713 2382 5864 grue?
2454 5713 2686 5791 legitur,
2756 5713 3021 5789 προέμεν.
3092 5713 3244 5780 Alii,
3312 5713 3571 5785 προϊεμεν

2231 5810 2342 5849 DIT.

3668 5634 3841 5689 uibus

3665 5706 3837 5763 male.
