4146 6290
374 452 495 513 889
1309 454 1598 515 ORATIO
1642 452 1796 514 XIV.
1830 484 1909 497 —
1946 452 2045 512 DE
2090 450 2520 514 PAUPERUM
2565 452 2860 513 AMORE.
3679 450 3800 511 890

375 591 503 643 erat
534 586 842 659 gigantum
873 590 932 642 et
960 586 1314 658 reliquorum
1363 586 1693 657 hominum,
1727 586 1811 641 sic
1844 601 1950 640 nos
1982 600 2216 657 quoque
2259 583 2545 641 sublimes
2577 587 2634 641 et
2663 585 2924 641 humana
2952 582 3286 641 conditione
3334 583 3587 655 majores
3638 583 3789 657 apud

381 676 540 748 ipsos
573 676 816 744 erimus,
847 675 1007 731 velut
1038 676 1134 730 ille
1156 675 1473 730 Nembroth
1499 677 1539 744 ί,
1564 682 1667 730 aut
1690 691 1875 747 genus
1903 673 2097 728 Enach
2120 674 2161 744 ³,
2185 675 2340 744 quod
2375 673 2669 730 Israelitas
2699 674 2836 730 olim
2870 675 3255 747 opprimebat,
3280 677 3381 729 aut
3408 672 3515 739 illi,
3541 688 3794 744 quorum

382 764 595 820 scelere
633 764 848 819 factum
881 772 988 830 est,
1026 770 1090 819 ut
1120 764 1405 819 diluvium
1465 768 1681 819 terram
1739 762 2058 836 purgaret?
2086 764 2171 816 An
2204 779 2337 817 cum
2388 761 2505 830 ille,
2539 762 2693 818 Deus
2743 762 2879 819 licet
2927 780 2991 819 ac
3041 762 3343 833 Dominus,
3376 760 3543 817 Pater
3597 763 3797 816 noster

388 853 579 908 vocari
613 870 727 909 non
760 854 1085 923 erubescat,
1121 871 1228 909 nos
1264 858 1465 910 contra
1495 865 1773 926 cognatos
1806 869 2039 926 quoque
2072 856 2304 907 nostros
2335 852 2805 923 abnegabimus?

464 943 577 998 KA'.
613 940 916 1016 Μηδαμῶς,
953 944 997 996 ὦ
1031 945 1145 1013 (97)
1195 941 1347 1019 φίλοι
1392 943 1479 997 καὶ
1531 940 1781 1020 ἀδελφοὶ,
1819 943 1893 1015 μὴ
1934 962 2020 1017 γε·

2209 942 2401 997 ΧΧΙν.
2439 974 2501 983 -
2536 943 2793 1010 Minime,
2828 944 3034 999 fratres
3077 947 3133 998 et
3182 941 3353 998 amici
3384 940 3521 1009 mei,
3554 938 3795 996 minime

386 1032 601 1103 νώμεθα
631 1032 786 1086 κακοὶ
835 1037 941 1086 τῶν
990 1030 1250 1087 δοθέντων
1300 1035 1433 1105 ἡμῖν
1483 1032 1789 1105 οἰκονόμοι,
1826 1030 1917 1085 ἵνα
1950 1030 2026 1103 μή

2145 1031 2600 1099 committamus,
2636 1035 2698 1087 ut
2730 1049 2820 1086 res
2852 1031 3045 1087 divino
3077 1046 3321 1086 munere
3350 1029 3519 1085 nobis
3559 1044 3792 1084 conces-

388 1119 671 1193 ἀκούωμεν
726 1122 929 1194 Πέτρου
992 1120 1285 1195 λέγοντος’
1363 1122 1715 1197 Αἰσχύνθητε,
1792 1122 1843 1175 οἱ
1899 1139 2027 1174 κατ-

2145 1137 2235 1175 sas
2259 1122 2409 1175 male
2421 1120 3008 1190 administremus,ne
3022 1120 3240 1191 alioqui
3255 1120 3486 1174 Petrum
3505 1117 3793 1174 dicentem

388 1210 610 1284 ἔχοντες
688 1211 755 1264 τὰ
838 1209 1142 1284 ἀλλότρια,
1228 1210 1317 1264 καὶ
1409 1213 1719 1284 μιμήσασθε
1803 1209 2029 1280 ἰσότητα

2145 1208 2451 1264 audiamus
2486 1226 2498 1263 :
2531 1210 2863 1279 Erubescite,
2898 1212 2996 1281 qui
3042 1211 3231 1265 aliena
3274 1209 3546 1275 detinetis,
3596 1208 3797 1278 Deique

384 1302 539 1365 Θεοῦ,
604 1298 692 1352 καὶ
750 1296 925 1360 οὐδεὶς
990 1297 1133 1353 ἔσται
1182 1297 1365 1369 πένης.
1426 1301 1513 1365 Μὴ
1571 1301 1865 1372 κάμνωμεν
1926 1300 2028 1364 θη-

388 1386 750 1462 σαυρίζοντες,
782 1388 870 1442 καὶ
922 1386 1303 1465 φυλάσσοντες,
1363 1386 1548 1443 ἄλλων
1593 1389 1749 1460 πενίᾳ
1794 1388 2028 1461 καμνόν-

382 1496 515 1543 των,
590 1478 664 1548 μή
714 1474 949 1551 ὀνειδίσῃ
996 1479 1108 1550 (98)
1157 1476 1246 1532 καὶ
1295 1477 1566 1551 άπειλήσῃ
1608 1482 1819 1551 πικρῶς
1868 1480 2026 1549 ἡμῖν,

385 1562 532 1619 ἔνθεν
584 1566 677 1637 μὲν
729 1566 757 1619 ὁ
807 1571 949 1630 θεῖος
998 1566 1181 1638 Ἀμὼς
1235 1568 1345 1640 (99)
1378 1566 1427 1620 ἐν
1459 1566 1673 1629 τούτοις
1701 1572 1816 1629 τοῖς
1850 1565 2028 1643 ῥήμα-

384 1672 502 1707 σιν·
576 1657 706 1730 ’Ἄγε
761 1660 892 1722 νῦν,
953 1656 1006 1709 οἱ
1064 1655 1350 1731 λέγοντες’
1418 1656 1554 1711 Πότε
1611 1654 1939 1712 διελεύσεται
2002 1656 2028 1709 ὀ

390 1742 523 1815 μὴν,
572 1742 661 1798 καὶ
711 1741 1134 1817 ἐμπωλήσωμεν
1163 1765 1174 1776 ⁸
1230 1745 1318 1799 καὶ
1365 1746 1432 1801 τά
1483 1741 1756 1815 Σάϐϐατα,
1806 1745 1893 1799 καὶ
1939 1744 2029 1799 ἀν-

382 1830 618 1905 οίξωμεν
671 1834 748 1907 (1)
806 1834 1143 1906 θησαυρούς;
1193 1834 1281 1888 καὶ
1329 1836 1395 1888 τὰ
1420 1833 1776 1897 ἐπὶτούτοις.
1831 1832 1899 1888 δι’
1954 1835 2027 1888 ὦν

387 1925 506 1982 τοῖς
552 1921 689 1997 μέγα
723 1921 812 1976 καὶ
865 1922 1056 1996 μικρὸν
1110 1923 1365 1994 στάθμιον
1417 1922 1708 1995 κτωμένοι,
1765 1923 1865 1990 την
1932 1926 2030 1975 τοῦ

385 2013 518 2065 Θεοῦ
575 2016 732 2083 μῆνιν
768 2009 1157 2065 ἓπανατείνεται
1184 2030 1196 2043 ·
1241 2008 1379 2066 ἔνθεν
1414 2009 1470 2066 δὲ
1529 2012 1556 2066 ὁ
1610 2010 1872 2085 μακάριος
1922 2017 2029 2065 Μι-

384 2098 547 2173 χαίας
608 2101 684 2172 (2)
731 2100 877 2174 τάχα
929 2100 1021 2171 μὲν
1068 2099 1156 2153 καὶ
1209 2099 1373 2168 αῦτήν
1429 2102 1530 2169 τὴν
1586 2101 1794 2177 τρυφὴν
1840 2098 2028 2154 ἐπικό-

384 2207 557 2258 πτων,
590 2186 664 2248 ὡς
708 2192 805 2242 τοῦ
864 2187 1033 2263 κόρου
1078 2189 1177 2256 τὴν
1209 2184 1361 2264 ὕϐριν
1393 2188 1692 2256 τίκτοντος,
1724 2189 1813 2242 καὶ
1845 2190 1905 2242 τὸ
1933 2209 2029 2242 κα-

382 2275 728 2347 τασπαταλᾷν
790 2275 876 2331 ἐπὶ
930 2275 1129 2331 κλινῶν
1182 2276 1560 2354 ἐλεφαντίνων,
1615 2277 1847 2339 καὶτοῖς
1878 2278 2027 2353 πρώ-
2062 2314 2109 2378 Β

583 2368 608 2378 ,.
739 2364 751 2378 ,
919 2367 941 2378 ..
1000 2362 1012 2378 ι
1154 2368 1174 2378 -
1372 2366 1382 2378 .
1705 2368 1716 2378 .
1805 2364 1823 2378 κ
1877 2371 1898 2378 _
1979 2364 1992 2378 .

382 2384 504 2427 τοις
543 2368 649 2418 τῶν
684 2364 868 2439 μύρων
917 2362 1259 2441 θρύπτεσθαι,
1316 2366 1549 2441 μόσχοις
1591 2387 1650 2420 τε
1694 2364 1926 2427 ἁπαλοῖς
1976 2364 2036 2420 ἐκ

393 2451 697 2526 βουκολίων
746 2453 833 2507 καὶ
879 2452 1085 2531 ἐριφοις
1136 2454 1186 2509 ἰν
1236 2455 1505 2527 ποιμνίων
1558 2454 1881 2525 πιαίνεσθαι,
1943 2454 2033 2509 καὶ

391 2542 528 2617 πρὸς
579 2543 677 2611 τήν
735 2544 919 2620 φωνὴν
974 2547 1079 2597 τῶν
1144 2543 1384 2618 ὀργάνων
1441 2544 1764 2618 ἐπικροτεῖν,
1820 2544 1909 2597 καὶ
1957 2540 2032 2598 ἔτι

397 2630 608 2703 μᾶλλον
658 2631 720 2685 τὸ
771 2629 971 2685 οἷέσθαι
1020 2631 1278 2704 στάσιμόν
1306 2654 1357 2687 τι
1388 2631 1593 2687 τούτων
1628 2634 1761 2687 εἶναι
1817 2631 1905 2686 καὶ
1941 2632 2037 2704 μό-

390 2740 550 2792 νιμον
575 2739 589 2752 ·
613 2718 757 2795 τάχα
805 2717 863 2774 δὲ
894 2720 1000 2795 οὐχ
1030 2721 1172 2775 οὑτω
1201 2726 1367 2776 ταῦτα
1400 2718 1547 2776 δεινὰ
1574 2722 1839 2795 νομίζων,
1869 2721 1942 2783 ὡς
1974 2720 2035 2776 τὸ

397 2806 563 2881 μηδὲν
619 2810 848 2885 πάσχειν
910 2808 995 2863 ἐπὶ
1044 2814 1113 2884 τῇ
1164 2805 1422 2885 συντριϐῇ
1469 2815 1566 2866 τοῦ
1595 2812 1793 2888 Ἰωσὴφ
1842 2810 2035 2873 αὐτοὺς

388 2900 732 2973 τρυφῶντας·
766 2902 926 2953 τοῦτο
955 2900 1055 2975 γὰρ
1103 2903 1170 2972 τῇ
1221 2906 1321 2969 τῆς
1366 2899 1693 2973 πλησμονῆς
1735 2899 2036 2977 κατηγορίᾳ

389 2986 738 3057 προστίθησιν
770 3006 780 3017 ·
841 2986 871 3041 ὅ
919 2989 993 3061 μὴ
1045 2987 1300 3061 πάθωμεν
1351 2994 1438 3042 νῦν
1508 2992 1583 3063 (3)
1632 2992 1817 3062 ἡμεῖς,
1895 2986 2034 3062 μηδὲ

386 3076 642 3127 τοσοῦτον
670 3077 1051 3152 τρυφήσωμεν,
1107 3077 1243 3132 ὣστε
1291 3080 1379 3131 καὶ
1407 3085 1507 3147 τῆς
1546 3083 1642 3132 τοῦ
1675 3083 1808 3133 Θεοῦ
1841 3078 2031 3156 φιλαν-

389 3161 630 3234 θρωπίας
663 3170 1011 3240 καταφρονεῖν
1062 3165 1277 3229 τούτοις
1320 3164 1789 3242 δυσχεραίνοντος,
1821 3168 1916 3222 κᾶν
1955 3167 2030 3239 μὴ

386 3251 532 3325 παρὰ
578 3248 768 3323 πόδας,
812 3252 951 3325 μηδὲ
987 3252 1128 3327 ὁμοῦ
1176 3254 1243 3330 τῇ
1302 3256 1461 3328 κακίᾳ
1516 3258 1613 3325 τήν
1660 3255 1825 3333 ὀργὴν
1860 3255 2029 3333 ἐπάγη

388 3344 505 3401 τοῖς
528 3342 946 3414 ἆμαρτάνουσιν.

458 3524 573 3573 KE'.
635 3518 1019 3593 Μίμησώμεθα
1087 3521 1252 3595 νόμον
1308 3526 1441 3577 Θεοῦ
1486 3523 1577 3576 τὸν
1630 3522 1886 3577 ἀνωτάτω
1941 3522 2030 3577 καὶ

383 3612 621 3677 πκῶτον,
655 3609 711 3670 ὃς
751 3610 937 3685 βρέχει
974 3610 1067 3683 μὲν
1103 3610 1188 3665 ἐπὶ
1223 3609 1460 3674 δικαίους
1514 3610 1601 3666 καί
1646 3612 2031 3688 ἁμαρτωλοὺς,

2136 1300 2450 1371 aequitatem
2478 1299 2626 1353 vobis
2676 1299 3007 1354 imitandam
3044 1300 3349 1371 proponite,
3385 1302 3435 1353 et
3486 1312 3641 1353 nemo
3687 1298 3795 1353 erit

2138 1404 2349 1461 pauper
2378 1389 2417 1443 ³,
2451 1388 2531 1442 Ne
2562 1388 2944 1460 congerendis
2993 1387 3479 1458 asservandisque
3529 1385 3794 1459 pecuniis

2139 1475 2632 1545 laboremus,aliis
2665 1477 2857 1549 inopia
2888 1476 3310 1544 laborantibus,
3336 1493 3407 1532 ne
3437 1475 3653 1547 alioqui
3686 1492 3792 1532 nos

2139 1565 2348 1621 acerba
2394 1569 2451 1621 et
2504 1566 2716 1621 minaci
2762 1566 3023 1622 oratione
3073 1568 3407 1636 insectetur,
3439 1564 3576 1620 hinc
3626 1564 3796 1621 divus

2138 1656 2337 1721 Amos,
2379 1655 2451 1709 ad
2501 1654 2660 1710 hunc
2712 1656 2953 1710 modum
3002 1655 3243 1727 loquens
3279 1672 3291 1710 :
3324 1655 3481 1724 Agite
3513 1671 3655 1726 3am,
3702 1656 3801 1725 qui

2138 1744 2322 1799 dicitis
2352 1762 2369 1798 :
2403 1744 2627 1813 Quando
2657 1747 2847 1815 efﬂuet
2879 1746 3104 1811 mensis,
3137 1753 3197 1799 ut
3232 1743 3561 1809 vendamus,-
3586 1746 3638 1797 et
3669 1742 3800 1798 Sab-

2141 1833 2360 1903 bala,ul
2381 1833 2665 1889 thesauros
2697 1834 3010 1903 aperiamus
3049 1833 3109 1887 5?
3132 1839 3188 1888 et
3227 1831 3677 1903 caetera,quibus
3706 1830 3801 1898 iis,

2140 1922 2241 1993 qui
2276 1939 2547 1994 magnam
2583 1928 2640 1978 et
2671 1939 2906 1994 parvam
2940 1923 3223 1977 trutinam
3254 1923 3492 1993 habent,
3524 1920 3670 1976 iram
3704 1918 3801 1976 Dei

2141 2012 2447 2067 minitatur
2476 2028 2487 2066 :
2524 2012 2659 2066 hinc
2690 2028 2926 2067 rursum
2961 2012 3168 2067 beatus
3199 2011 3493 2077 Michaeas,
3525 2010 3795 2066 eumdem

2140 2117 2373 2173 quoque
2403 2102 2651 2156 fortasse
2683 2101 2883 2156 luxum
2909 2102 3233 2172 reprimens
3254 2100 3559 2172 (tanquam
3580 2099 3802 2155 scilicet

2140 2191 2421 2246 saturitas
2474 2190 2858 2261 petulantiam
2922 2190 3193 2262 pareret),
3228 2194 3284 2245 et
3331 2190 3485 2261 quod
3519 2188 3578 2243 in
3634 2187 3801 2244 lectis

2140 2279 2414 2334 eburneis
2446 2279 2778 2335 lascivirent
2807 2280 2849 2347 ⁵,
2871 2296 2936 2333 ac
2968 2278 3449 2348 fragrantissimis
3482 2277 3799 2349 unguentis

2140 2367 2472 2424 ell‘eminate
2502 2368 3012 2441 pe'rfunderentur,
3047 2372 3221 2439 atque
3250 2366 3466 2423 teneris
3503 2365 3700 2422 vitulis
3730 2381 3801 2421 ex

2145 2457 2520 2525 armentis,et
2548 2458 2738 2513 hmdis
2771 2473 2839 2512 ex
2868 2458 3145 2530 gregibus
3176 2457 3606 2529 saginarentur,
3641 2460 3697 2511 et
3728 2455 3800 2510 ad

2145 2547 2502 2603 musicorum
2562 2564 2916 2618 organorum
2973 2564 3172 2601 vocem
3234 2545 3682 2618 applauderent,
3716 2544 3801 2599 vel

2146 2637 2341 2709 potius
2373 2637 2546 2692 etiam
2579 2638 2733 2708 quod
2758 2636 3078 2708 quidquam
3103 2636 3313 2691 harum
3344 2652 3534 2690 rerum
3562 2635 3798 2689 firmum

2145 2743 2210 2781 ac
2242 2726 2449 2781 stabile
2477 2742 2604 2781 esse
2653 2726 2970 2793 ducerent;
3009 2726 3254 2780 fortasse
3307 2728 3502 2779 autem
3535 2724 3655 2779 hinc
3682 2740 3799 2779 non

2145 2821 2262 2870 tam
2296 2815 2495 2887 gravia
2525 2831 2654 2870 esse
2703 2814 3065 2881 existimans,
3101 2831 3275 2885 quam
3308 2814 3486 2885 quod,
3519 2828 3652 2868 cum
3685 2812 3801 2884 ipsi

2143 2902 2303 2958 luxui
2339 2904 2518 2959 dediti
2567 2906 2780 2972 essent,
2814 2920 2992 2974 super
3022 2902 3368 2958 contritione
3407 2899 3618 2972 Joseph
3653 2898 3799 2955 nihil

2144 2996 2514 3064 paterentur1
2538 3008 2549 3046 :
2586 2992 2693 3047 hoc
2715 2991 2870 3047 enim
2896 2992 2963 3046 ad
2997 2991 3323 3047 saturitatis
3341 2990 3559 3045 crimen
3583 2990 3796 3060 adjun-

2142 3082 2244 3154 git.
2278 3082 2439 3145 Quod
2466 3081 2690 3137 utinam
2714 3098 2868 3135 nunc
2893 3081 3063 3135 nobis
3091 3098 3158 3135 ne
3182 3080 3424 3149 accidat,
3448 3094 3552 3132 nec
3575 3077 3801 3133 deliciis

2142 3186 2327 3242 usque
2359 3171 2501 3225 adeo
2533 3171 2899 3235 studeamus,
2934 3174 2999 3224 ut
3027 3169 3127 3225 Dei
3173 3184 3425 3241 quoque,
3459 3184 3551 3222 res
3583 3184 3679 3223 eas
3711 3166 3799 3221 in-

2142 3260 2316 3331 digne
2346 3259 2605 3327 ferentis,
2630 3258 3051 3331 benignitatem
3084 3256 3797 3322 contemnamus,utiamsi

2143 3366 2256 3404 non
2288 3349 2586 3420 evestigio,
2622 3364 2727 3404 nec
2782 3348 2959 3404 simul
2991 3364 3125 3403 cum
3176 3348 3390 3403 scelere
3429 3347 3575 3404 iram
3626 3363 3797 3401 suam

2142 3437 2542 3510 peccatoribus
2575 3438 2876 3493 immittat.

2212 3528 2375 3584 XXV.
2408 3528 2755 3601 Supremam
2811 3526 2973 3583 illam
3032 3530 3088 3582 et
3136 3526 3389 3599 primam
3448 3525 3548 3581 Dei
3608 3525 3796 3597 legem

2142 3618 2461 3687 imitemur,
2495 3617 2595 3690 qui
2628 3617 2777 3689 pluit
2828 3633 3006 3688 super
3028 3618 3226 3688 justos
3257 3621 3314 3671 et
3356 3619 3708 3688 peccatores,
3740 3617 3800 3669 et

385 3694 666 3751 ἀνατέλλει
700 3681 759 3752 δὲ
789 3681 951 3753 πᾶσιν
976 3681 982 3683 Ἴ
1011 3700 1217 3773 ὁμοίως
1260 3701 1352 3755 τὸν
1403 3698 1562 3771 ἤλιον
1588 3722 1598 3734 ·
1635 3681 1734 3777 γῆν
1764 3681 1851 3756 ’δὲ
1901 3681 2030 3778 χερέ

2145 3706 2326 3763 solem
2359 3707 2636 3762 omnibus
2665 3722 2825 3778 eique
2856 3705 2993 3761 oriri
3024 3705 3201 3760 facit"
3230 3723 3242 3773 ;
3275 3721 3341 3760 ac
3374 3707 3665 3776 patentem
3690 3706 3800 3757 ter-

381 3784 553 3846 σαίοις
605 3791 764 3840 πᾶσιν
820 3786 1074 3854 ἥπλωσεν
1137 3786 1339 3859 ἄνετον,
1387 3791 1474 3844 καὶ
1530 3793 1751 3866 κρήνας,
1810 3792 1898 3845 καὶ
1929 3812 2030 3845 πο-

378 3872 608 3944 ταμοὺς,
666 3874 753 3927 καὶ
830 3873 994 3935 ὕλας
1069 3876 1199 3951 ἀέρα
1256 3874 1313 3931 δὲ
1374 3883 1605 3944 πτηναῖς
1664 3878 1873 3955 φύσεσι,
1940 3880 2028 3934 καὶ

380 3957 527 4036 ὕδωρ
587 3960 735 4022 ὅσοις
793 3962 820 4016 ὁ
874 3962 988 4038 βίος
1038 3960 1276 4041 ἔνυδρος,
1308 3965 1396 4018 καὶ
1426 3966 1520 4028 τὰς
1552 3968 1771 4042 πρώτας
1800 3972 1897 4021 τοῦ
1931 3971 2025 4040 ζῇν

383 4049 633 4127 ἀφορμὰς
694 4049 957 4129 ἀφθόνους
1008 4053 1200 4107 ἅπασιν
1258 4053 1567 4129 ἐχαρίσατο,
1631 4055 1693 4109 οῦ
1752 4054 2031 4127 δυναστείᾳ

376 4138 764 4213 κρατουμένας,
830 4139 892 4195 οὐ
941 4140 1096 4214 νόμῳ
1148 4142 1641 4219 περιγραφομένας,
1691 4144 1798 4219 οὐχ
1853 4144 2028 4220 ὁρίοις

379 4223 755 4301 διειργομένας
994 4228 1138 4285 ἀλλὰ
1192 4232 1281 4285 καὶ
1339 4233 1523 4293 κοινὰς
1574 4234 1669 4294 τάς
1716 4233 1878 4295 αὐτὰς
1936 4232 2026 4288 καὶ

379 4313 667 4387 πλουσίας,
700 4317 788 4371 καὶ
822 4315 974 4372 οὐδὲν
1009 4321 1154 4394 παρὰ
1181 4319 1343 4375 τοῦτο
1403 4318 1735 4397 ἐνδεεστέρας
1795 4322 2027 4395 προέθη-

382 4420 495 4457 κεν⁶
529 4403 591 4458 τό
620 4424 679 4458 τε
705 4411 806 4474 τῆς
838 4406 1045 4482 φύσεως
1088 4408 1354 4481 ὁμότιμον
1407 4409 1614 4479 ἰσότητι
1662 4418 1763 4480 τῆς
1823 4409 2027 4486 δωρεᾶς

374 4513 551 4563 τιμων
586 4494 684 4565 (5),
716 4495 804 4548 καὶ
838 4492 1049 4558 δεικνὺς
1074 4498 1163 4551 τὸν
1207 4496 1445 4553 πλοῦτον
1494 4506 1595 4567 τῆς
1642 4500 1833 4555 ἑαυτοῦ
1885 4520 2028 4577 χρη-

381 4578 665 4652 στότητος.
724 4584 1033 4660 Ἄνθρωποι
1087 4583 1144 4641 δὲ
1199 4586 1429 4663 χρυσὸν,
1481 4588 1571 4643 καὶ
1625 4589 1878 4665 ἄργυρον,
1938 4590 2028 4645 καὶ

378 4676 479 4739 τῆς
510 4668 735 4739 ἐσθῆτος
781 4670 879 4742 ὅση
941 4672 1183 4745 μαλακὴ,
1245 4677 1333 4730 καὶ
1391 4676 1522 4751 ὑπὲρ
1560 4678 1658 4746 τὴν
1695 4676 1908 4753 χρείαν,
1938 4679 2028 4734 καὶ

378 4763 488 4813 τῶν
518 4756 686 4813 λίθων
718 4759 846 4822 τοὺς
896 4758 1137 4837 διαυγεῖς
1193 4763 1593 4839 κατορύξαντες,
1654 4764 1759 4821 εἷίτε
1803 4788 1854 4821 τι
1888 4766 2028 4823 ἄλλο

378 4851 649 4919 τοιοῦτον,
686 4851 716 4903 ἃ
745 4848 1015 4922 πολέμου,
1048 4853 1138 4906 καὶ
1172 4853 1409 4915 στάσεως
1442 4856 1540 4926 (6),
1593 4854 1683 4909 καὶ
1720 4862 1821 4925 τῆς
1872 4858 2028 4932 πρώ-

2144 3813 2293 3864 ram,
2326 3801 2383 3851 et
2415 3796 2623 3863 fontes,
2649 3800 2707 3849 et
2737 3810 2961 3863 amnes,
2984 3798 3041 3849 et
3070 3794 3245 3850 silvas
3274 3792 3649 3848 terrestribus
3680 3805 3799 3845 om-

2140 3886 2314 3940 nibus
2345 3883 2750 3939 animantibus
2780 3884 3052 3953 expandit
3079 3910 3091 3950 ;
3115 3898 3305 3938 aerem
3342 3886 3536 3936 autem
3571 3879 3800 3944 avibus.

2138 3978 2196 4029 et
2227 3989 2437 4044 aquam
2474 3972 2545 4027 iis
2596 3988 2722 4042 quis
2756 3971 2814 4025 in
2846 3972 3016 4042 aquis
3064 3970 3285 4036 vivunt,
3318 3969 3623 4040 primaque
3669 3968 3796 4022 vitm

2138 4060 2404 4117 subsidia
2450 4059 2726 4115 omnibus
2779 4060 3186 4130 00piosissime
3236 4058 3481 4130 largitus
3526 4062 3634 4129 est,
3676 4074 3793 4113 non

2138 4150 2491 4220 cujusquam
2521 4148 2767 4220 imperio
2801 4149 3208 4215 detenta,275
3238 4164 3352 4202 non
3387 4147 3511 4220 lege
3542 4147 3793 4202 circum-

2138 4238 2377 4310 scripta,
2429 4254 2542 4293 non
2597 4237 2815 4294 ﬁnibus
2859 4237 3170 4304 distincta;
3204 4237 3303 4291 sed
3355 4240 3413 4291 et
3456 4235 3797 4291 communia

2138 4328 2367 4394 eadem,
2401 4332 2458 4383 et
2487 4327 2684 4397 ampla
2715 4332 2890 4398 atque
2921 4326 3175 4397 copiosa,
3202 4342 3307 4381 nec
3341 4324 3459 4381 ulla
3486 4329 3798 4397 propterea

2138 4433 2207 4471 ex
2235 4421 2397 4488 parte
2420 4416 2750 4472 deficientia
2779 4416 3075 4488 proposuit
3101 4434 3114 4483 ;
3140 4420 3267 4469 tum
3302 4419 3367 4469 ut
3395 4413 3673 4486 aequalem
3701 4429 3801 4468 na-

2138 4511 2282 4560 turae
2314 4504 2664 4576 dignitatem
2717 4505 2978 4560 muneris
3011 4504 3342 4575 mqualitate
3381 4507 3636 4567 ornaret,
3666 4504 3794 4556 tum

2139 4598 2203 4649 ut
2227 4594 2603 4665 benignitatis
2635 4611 2753 4650 suae
2786 4610 2924 4666 opes
2956 4594 3392 4649 ostenderet.At
3421 4592 3711 4657 homines,
3741 4590 3792 4646 si

2139 4700 2349 4739 aurum
2382 4688 2439 4738 et
2467 4688 2777 4755 argentum
2809 4690 2866 4739 et
2896 4682 3275 4738 mollissimae
3305 4697 3569 4753 quasque
3601 4696 3667 4735 ac
3698 4697 3795 4734 su-

2140 4772 2393 4843 perﬂuas
2424 4778 2632 4838 vestes,
2664 4788 3046 4844 gemmasque
3088 4770 3431 4842 pellucidas,
3466 4775 3793 4838 czeteraque

2138 4861 2193 4916 id
2227 4876 2435 4933 genus,
2465 4878 2594 4933 qure
2624 4861 2759 4917 belli
2796 4878 2861 4917 ac
2917 4861 3320 4925 dissidiorum,
3355 4858 3671 4929 primaeque
3703 4863 3792 4929 ty-

379 4956 480 5005 της
521 4936 838 5013 τυραννίδος
880 4938 992 4995 ἐστὶ
1039 4940 1392 5016 γνωρίσματα
1434 4946 1531 5017 (7),
1584 4941 1765 5000 ἔπειτα
1813 4943 2028 5021 αἶ’ρουσι

2145 4949 2401 5005 rannidis
2433 4955 2781 5021 argumenta
2809 4949 3035 5017 sunt,in
3066 4954 3277 5004 terram
3314 4946 3791 5012 abdiderint,stn-

453 5044 640 5126 ’_Ge_n.
674 5063 728 5113 x,
763 5049 817 5126 _8_.
894 5049 916 5083 ²
945 5049 1119 5106 Num.
1151 5067 1272 5105 χιιι.
1305 5051 1397 5106 29.
1473 5052 1495 5087 ³
1524 5050 1603 5108 Ex
1634 5054 1813 5126 Apost.
1846 5060 2013 5111 ροηδε.

2150 5057 2383 5112 mentis.
2462 5058 2483 5091 ⁴
2512 5060 2689 5113 Amos
2717 5073 2840 5124 vm,
2876 5058 2930 5112 5.
3008 5057 3029 5091 ⁸
3056 5059 3234 5111 Amos
3262 5072 3340 5121 v1,
3374 5056 3426 5109 4.
3500 5053 3524 5088 θ
3554 5052 3702 5108 Ibid.
3734 5054 3789 5110 6.

378 5116 397 5149 ⁷
428 5115 633 5171 Matth.
665 5134 719 5185 v,
754 5120 841 5173 45.

474 5213 566 5291 9‘2)
597 5214 682 5291 ᾭ.
716 5215 887 5291 Deest
914 5218 973 5291 in
1012 5219 1148 5291 Reg,
1185 5220 1304 5291 bm.
1337 5225 1394 5276 et
1422 5220 1516 5277 0r.
1550 5225 1603 5277 2.

597 5282 874 5366 ξρνειδίσῃἑ
905 5282 1365 5366 ΟΓ.-2,νόνειδίσει
1400 5294 1620 5366 [male].

457 5356 659 5438 (99).}
670 5357 805 5438 μώς.
825 5356 980 5438 ςΗεε.
1014 5356 1131 5431 bm,
1156 5356 1425 5438 Μιχαίας]
1460 5366 1566 5438 θοόν
1582 5356 1925 5438 ᾧθψθιιαιῐι.

455 5426 1093 5517 (1ί)’1ξμπωλήισω’μεν...
1120 5426 1460 5517 ᾆνοίξωμελι.
1508 5426 1723 5517 Plures:
1760 5445 1937 5517 Begg.
1980 5445 2037 5495 et

381 5498 541 5581 Οτζξξ
606 5498 1081 5576 ἔμπωλῆσομεν...
1134 5498 1433 5578 ἀνοίξομεν,
1474 5532 1493 5558 α
1531 5498 2032 5582 Πθεοῐὶἃὺὶῐῖὶῖη...

384 5588 738 5643 aperiemus.
768 5599 787 5627 υ

461 5644 538 5713 (2)
568 5644 826 5719 Μιχαίας.
862 5646 972 5719 Sic_
1002 5664 1144 5702 mss.
1180 5655 1236 5704 et
1265 5650 1402 5704 edit.
1438 5650 1625 5706 Verba
1668 5656 1863 5708 tamen
1895 5658 2037 5709 sunt

386 5715 858 5797 Amos.”1d'circo,
887 5716 977 5773 vel
1006 5720 1320 5797 gregorius
1356 5723 1648 5797 memoria
1690 5724 1895 5797 lapsus
1920 5730 2034 5796 est,

387 5784 473 5839 vel
509 5786 876 5859 antiquarius
907 5784 1216 5847 scribendo
1246 5793 1554 5849 aberravit.

2216 5227 2446 5310 Νῦν.
2512 5227 2605 5282 Sic
2664 5231 2841 5299 Regg.
2884 5226 3102 5299 plures,
3165 5228 3220 5279 et
3276 5224 3372 5280 Or.
3414 5225 3469 5280 2.
3502 5226 3675 5282 Deest
3732 5223 3792 5280 in

2144 5298 2725 5442 ed(lzl)snmpyoiiéva<,
2757 5367 2930 5424 Cois].
2965 5363 3413 5442 1,815ipypévaq.

2214 5370 2289 5513 (4)
2320 5370 2725 5442 Διειργομένας,
2757 5370 2930 5424 Cois].
2965 5370 3017 5435 1,
3050 5370 3413 5495 διειρχᾶμένας.
3703 5437 3713 5448 .

2232 5442 2267 5525 ξ
2317 5445 2518 5512 Τιμῶν.
2554 5444 2636 5496 lta
2666 5458 2871 5496 omnes
2910 5440 3157 5495 codices.
3250 5440 3467 5495 endose
3515 5439 3572 5494 in
3623 5438 3788 5505 σόη..

2141 5512 2667 5660 Ῥῆυέῖῖᾝοιουτον,μ
2728 5602 2980 5660 στάσεως.
3034 5582 3123 5660 Si_c
3179 5582 3356 5660 Regg.
3407 5600 3459 5660 υ,
3513 5582 3635 5647 bm,
3685 5580 3787 5660 pg.

2143 5653 2429 5726 In‘editis,
2473 5658 2757 5712 τοιοῦτο...
2791 5653 3046 5710 στάσεων.
3085 5656 3145 5709 In
3195 5655 3569 5726 quibusdam,
3598 5653 3791 5709 10606-

2141 5746 2251 5782 τον.

2214 5798 2291 5872 (7)
2322 5795 2698 5873 Γνωρίσματα.
2739 5798 2834 5854 Or.
2865 5800 2920 5871 2,
2952 5796 3259 5873 γνώρισμα.
