4146 6290
332 432 444 494 891

1571 433 1636 492 S.
1681 430 2050 492 GREGORII
2096 430 2491 492 THEOLOGI

3621 439 3739 500 892

327 565 432 620 tim
448 564 824 635 supercilium
848 580 963 636 prae
986 564 1242 619 amentia
1261 563 1977 635 tollunt,calamitosisque

2104 561 2186 628 τὴν
2224 560 2389 637 ὀφρὺν
2424 561 2527 617 ὐπὸ
2559 564 2635 637 (8)
2667 562 2875 629 ἀνοίας,
2918 563 3005 619 καὶ
3035 569 3152 627 τοῖς
3184 564 3446 641 ἀτυχοῦσι
3477 571 3584 620 τῶν
3614 589 3741 643 συγ-

330 652 595 725 cognatis
625 652 1086 708 misericordiam
1116 653 1454 720 occludunt,
1485 669 1619 707 cum
1654 667 1759 707 nec
1790 666 1857 705 ex
1886 668 1985 705 su-

327 741 568 813 perﬂuis
616 742 855 812 quidem
907 742 1083 797 rebus
1134 744 1204 797 ad
1257 743 1619 798 necessarios
1661 740 1792 796 vita:
1845 755 1984 794 usus

329 847 501 902 opem
534 830 677 902 ipsis
709 831 856 886 ferre
888 832 946 886 in
978 833 1243 887 animum
1275 831 1579 897 inducant,
1602 832 1658 898 (ο
1689 830 1984 901 ingentem

333 918 686 976 stultitiam!
722 936 753 973 o
786 919 1144 991 singularem
1176 921 1501 975 vecordiam
1533 919 1569 990 l)
1602 936 1727 990 nec,
1761 919 1810 973 si
1842 917 1986 972 nihil

331 1007 515 1075 aliud,
548 1006 691 1062 illud
746 1009 983 1079 quidem
1034 1010 1310 1080 cogitent,
1364 1010 1519 1080 quod
1572 1013 1886 1080 paupertas
1934 1016 1989 1061 et

332 1095 566 1163 divitiae,
601 1096 982 1168 libertasque,
1017 1104 1080 1152 ut
1112 1098 1501 1169 appellamus,
1534 1104 1589 1152 et
1618 1097 1889 1165 servitus,
1922 1113 1988 1150 ac

331 1188 536 1241 caetera
567 1186 744 1256 hujus
794 1186 1026 1257 generis
1059 1187 1319 1253 nomina,
1354 1191 1556 1257 postea
1586 1187 1645 1240 in
1677 1186 1986 1240 hominum

329 1292 539 1349 genus,
571 1278 748 1333 simul
782 1294 916 1333 cum
973 1278 1109 1333 vitio
1143 1279 1525 1350 irrepserunt,
1563 1295 1673 1333 non
1722 1294 1890 1332 secus
1923 1292 1989 1330 ac

329 1381 672 1422 communes
704 1367 892 1421 morbi
925 1368 1429 1439 quidam,illapsa,
1456 1374 1634 1439 atque
1664 1366 1735 1421 ab
1768 1366 1865 1420 illo
1898 1365 1985 1419 in-

327 1459 519 1512 venta.
553 1455 592 1511 A
623 1457 896 1527 principio
928 1463 1144 1526 autem,
1179 1457 1372 1527 inquit
1402 1456 1518 1523 ille,
1548 1473 1657 1511 non
1687 1454 1800 1529 fuit
1828 1457 1907 1509 sic
1935 1456 1985 1509 8:

326 1558 530 1600 verum
563 1545 634 1615 is,
669 1545 770 1617 qui
821 1546 1116 1601 hominem
1165 1547 1419 1618 primum
1471 1545 1702 1609 creavit,
1735 1544 1987 1599 liberum

326 1645 486 1700 eum,
521 1631 766 1703 suisque
820 1633 1045 1688 arbitrii
1098 1633 1354 1705 reliquit,
1398 1633 1521 1689 sola
1571 1633 1833 1688 mandati
1864 1631 1989 1703 lege

328 1720 671 1787 coercitum,
705 1727 879 1793 atque
926 1722 988 1776 in
1021 1723 1274 1793 paradisi
1323 1722 1548 1778 deliciis
1596 1721 1936 1793 opulentum
1972 1739 1985 1777 :

328 1809 602 1882 idemque
636 1810 860 1882 reliquo
894 1811 1230 1866 mortalium
1264 1812 1462 1883 generi
1498 1829 1596 1882 per
1628 1828 1810 1865 unum
1845 1810 1986 1865 illud

330 1897 588 1995 primum
620 1915 815 1995 semen
844 1899 1092 1971 largitus
1128 1907 1235 1955 est.
1267 1900 1527 1955 Libertas
1552 1918 1721 1972 porro
1753 1906 1809 1955 et
1838 1900 1987 1954 divi-
2020 1931 2067 1995 Β

326 1987 484 2044 vitia:
512 1987 571 2044 in
599 1987 723 2044 sola
751 1990 1010 2043 mandati
1037 1990 1441 2045 observatione
1463 1990 1585 2045 sitae
1610 1995 1778 2045 erant
1802 2008 1815 2055 ;
1857 2005 1991 2045 vera

330 2080 524 2133 autem
547 2083 860 2149 paupertas
879 2083 934 2133 et
958 2078 1207 2134 servitus
1240 2079 1298 2135 in
1321 2079 1478 2134 illius
1499 2079 1988 2151 transgressione.

403 2166 598 2223 XXVI.
630 2166 713 2221 Ex
745 2184 859 2237 quo
890 2172 1084 2223 autem
1144 2168 1363 2222 invidia
1393 2173 1448 2223 et
1480 2168 1902 2233 contentiones,
1936 2172 1993 2223 et

328 2254 582 2313 subdola
613 2258 903 2329 serpentis
934 2257 1331 2329 tyrannis,per
1352 2257 1666 2329 voluptatis
1687 2256 1989 2313 illecebras

340 2344 544 2401 furtim
603 2362 711 2401 nos
770 2362 1003 2418 semper
1060 2347 1383 2413 attrahens,
1431 2352 1606 2418 atque
1654 2346 1991 2402 audaciores

327 2434 610 2489 adversus
640 2433 994 2489 inﬁrmiores
1048 2436 1375 2500 concitans,
1406 2434 1465 2489 in
1511 2435 1689 2489 vitam
1739 2435 1986 2507 irrepse-

328 2526 489 2589 runt,
522 2522 595 2578 ab
627 2539 693 2578 eo
741 2526 1004 2593 tempore
1036 2523 1095 2577 in
1138 2525 1442 2579 nominum
1494 2524 1860 2580 diversitates
1891 2542 1985 2580 co-

327 2616 573 2684 gnatum
602 2627 791 2683 genus
815 2611 1137 2667 dissectum
1170 2618 1352 2681 θεῖ,υο
1370 2618 1588 2668 naturas
1622 2613 1983 2669 nobilitatem

326 2699 571 2756 avaritia
622 2699 878 2767 discidit,
911 2699 1098 2772 legem
1134 2702 1307 2756 etiam
1348 2718 1678 2769 assumens,
1716 2702 1982 2772 potentiae

324 2792 500 2860 atque
552 2787 785 2860 imperii
846 2790 1218 2860 adjutricem.
1253 2793 1324 2845 At
1383 2796 1449 2845 tu
1510 2791 1759 2861 primam
1820 2789 1982 2844 illam

322 2876 922 2949 mquabilitatemmon
949 2883 1304 2950 postremam
1338 2879 1942 2947 divisionem,intuere
1969 2905 1984 2949 ;

322 2965 633 3037 Creatoris,
670 2984 785 3022 non
819 2968 1187 3040 potentioris,
1221 2968 1407 3042 legem
1435 2969 1543 3024 tibi
1576 2987 1850 3041 propone.
1880 2970 1985 3025 Na—

323 3061 467 3112 turea
510 3072 614 3127 pro
646 3057 869 3112 viribus
905 3074 1201 3124 succurre,
1236 3064 1482 3114 veterem
1519 3058 1845 3114 libertatem
1879 3058 1981 3114 ho-

326 3160 465 3200 nore
488 3146 1123 3217 prosequere,teipsum
1148 3163 1361 3216 verere,
1388 3148 1769 3219 ignominiam
1790 3149 1982 3219 generi

325 3236 428 3288 tuo
488 3238 749 3304 contege,
809 3235 1012 3289 morbo
1064 3236 1328 3307 subveni,
1388 3236 1634 3309 egestati
1709 3237 1980 3292 solatium

328 3321 472 3378 aﬂ'er
495 3338 509 3377 :
535 3320 634 3393 qui
666 3322 835 3377 ﬁrmo
869 3339 1110 3395 corpore
1143 3341 1224 3391 es,
1250 3326 1577 3396 opibusque
1600 3325 1980 3395 circumﬂuis,
2015 3300 2057 3368 C

327 3410 629 3483 aegrotanti
679 3415 735 3466 et
781 3412 983 3482 inopi;
1016 3414 1118 3483 qui
1170 3414 1412 3469 minime
1461 3416 1614 3471 276
1668 3416 1984 3483 offendisti,

327 3498 585 3571 collapso
636 3504 693 3555 et
724 3501 1127 3571 comminuto;
1163 3502 1261 3574 qui
1313 3503 1440 3558 laeto
1472 3509 1527 3559 et
1572 3505 1744 3559 hilari
1789 3506 1984 3560 animo

329 3604 413 3659 es,
449 3589 716 3644 mcerenti
763 3593 819 3644 et
850 3588 1064 3645 afflicto
1092 3608 1104 3658 ;
1139 3591 1238 3662 qui
1271 3593 1445 3648 rebus
1476 3594 1753 3648 secundis
1784 3595 1985 3659 uteris,

328 3676 589 3733 adversis
640 3676 952 3733 laboranti.
986 3684 1099 3733 Deo
1130 3679 1508 3751 gratitudinie
1556 3699 1735 3737 causa
1764 3682 1986 3753 aliquid

328 3766 539 3834 tribue,
571 3768 724 3838 quod
749 3783 818 3823 ex
840 3784 1041 3824 eorum
1065 3785 1308 3825 numero
1336 3771 1548 3841 sis,qui
1581 3772 1651 3825 de
1682 3772 1810 3827 aliis
1842 3772 1988 3827 bene

328 3855 539 3912 mereri
566 3861 839 3927 possunt,
864 3874 978 3912 non
1013 3858 1111 3928 qui
1147 3857 1391 3915 aliorum
1429 3860 1811 3915 beneficentia
1840 3878 1987 3932 opus

326 3944 619 4013 habeant;
653 3947 805 4016 quod
844 3963 958 4001 non
991 3947 1050 4001 in
1083 3948 1301 4003 alienas
1336 3965 1547 4004 manus
1579 3950 1777 4005 oculos
1801 3952 1990 4021 conje-

328 4040 450 4092 ctos
480 4034 720 4105 habeas,
754 4038 854 4091 sed
908 4038 1005 4093 alii
1053 4038 1108 4091 in
1141 4044 1294 4094 tuas.
1331 4041 1408 4093 Da
1458 4057 1716 4110 operam,
1754 4047 1817 4095 ut
1872 4058 1988 4096 non

331 4121 524 4180 solum
557 4124 789 4194 Opibus,
824 4127 925 4181 sed
957 4127 1132 4181 etiam
1183 4128 1420 4198 pietate,
1453 4146 1566 4183 nou
1599 4132 1790 4184 solum
1824 4147 1988 4199 auro,

334 4212 435 4270 sed
486 4213 660 4268 etiam
709 4214 944 4283 virtute,
976 4217 1093 4271 imo
1143 4217 1357 4273 virtute
1405 4218 1528 4274 sola
1577 4219 1659 4274 sis
1708 4219 1987 4291 locuples.

334 4302 486 4360 Cura
517 4310 579 4359 ut
610 4306 871 4376 proximo
918 4311 1017 4363 tuo
1049 4309 1265 4365 idcirco
1319 4311 1690 4380 praestantior
1718 4313 1820 4382 sis,
1853 4312 1993 4383 quia

331 4392 660 4466 benignior.
696 4396 807 4451 Fac
838 4396 1175 4454 calamitoso
1220 4400 1302 4454 sis
1332 4400 1494 4467 deus,
1529 4400 1629 4456 Dei
1663 4401 1989 4458 misericor-

335 4482 496 4540 diam
527 4484 834 4541 imitando.

402 4570 619 4629 XXVII.
653 4572 811 4629 Nihil
844 4575 1001 4631 enim
1059 4579 1181 4631 tam
1243 4575 1507 4633 divinum
1562 4578 1738 4635 homo
1791 4578 1991 4653 habet,

407 4743 430 4781 ο
458 4744 665 4801 Matth.
698 4761 815 4815 xxx,
851 4748 904 4801 8.

405 4906 487 5051 (8)
516 4905 661 4963 Ὑπό.
722 4908 861 4982 Reg.
897 4910 955 4979 d,
988 4908 1114 4965 ἀπό.

428 4978 482 5049 9)
515 4980 678 5033 Κοινά
703 5000 844 5035 τινα.
878 4981 971 5037 Sic
1002 4982 1114 5051 plu)

428 4978 482 5057 9)
515 4980 678 5057 Κοινά
703 4978 844 5035 τινοῖ.
878 4978 971 5057 Sic
1002 4982 1413 5057 plures_Begg.
1448 4984 1641 5057 plures
1670 4986 1854 5055 Colb.,
1889 4988 1986 5044 Or.

333 5053 390 5122 2,
424 5055 531 5123 etc.
569 5056 738 5123 Deest
766 5053 973 5123 τιναηὶι]
1010 5053 1415 5123 ηοιιηυΙΙὶδξέῐ
1444 5053 1597 5111 κοινά
1629 5058 1685 5113 in
1719 5053 1856 5113 edit.

338 5119 542 5249 R'egOL
563 5122 822 5193 Κάκείνης
883 5119 1012 5179 ὄντα
1060 5119 1419 5199 ἐπινοήματα.
1471 5130 1600 5184 Haac
1659 5132 1874 5186 desunt
1929 5130 1988 5186 in

407 5262 521 5341 (11)
553 5262 720 5341 Μόνη.
757 5272 925 5341 Deest
960 5268 1017 5323 in
1050 5269 1320 5341 pluribus
1353 5270 1521 5327 codd.

387 5338 521 5419 ,(12)
555 5338 675 5414 Ἀφ’
724 5336 910 5419 οιῦμδὲ.
948 5336 1270 5419 δίοίῌρες.
1320 5342 1443 5419 bm,
1494 5342 1591 5419 ph,
1626 5341 1824 5419 Or._2,
1876 5347 1984 5400 etc,

338 5408 543 5495 Billius
580 5408 847 5495 supplet,
880 5408 1318 5495 παρεφθιίρῇςῖαν,
1353 5436 1380 5462 ‹‹
1415 5408 1707 5495 ἱῐίγὶῐειω.
1736 5408 1985 5495 irrepse-

340 5485 543 5550 runt,»
579 5483 741 5554 [ἱιηο,
769 5484 827 5539 in
858 5483 1062 5539 Vitium
1094 5483 1316 5555 delapsi
1347 5485 1530 5555 sunt,]
1555 5487 1710 5557 quod
1746 5483 1988 5544 non—ba-

338 5552 479 5607 bent
509 5554 757 5610 codices.

345 5597 952 5708 "'(i'eiv'iaﬁiinam.
1012 5627 1189 5699 Begg.
1251 5644 1303 5681 a.
1355 5626 1475 5695 bm,
1527 5632 1584 5683 et
1630 5633 1772 5701 Jes.,
1828 5628 1987 5684 ἐπαν-

345 5711 547 5747 ιστασα.

432 5713 547 5747 ασα.

404 5766 521 5838 (14)
566 5762 879 5840 Πλεονεξία,
928 5772 1039 5827 etc.
1068 5791 1097 5821 α
1128 5768 1332 5842 Iniqua
1375 5769 1483 5841 vis,
1516 5769 1767 5829 habendi
1821 5775 1983 5847 cupi-

2095 654 2264 723 γενῶν
2290 651 2381 704 τὸν
2413 649 2563 706 ἔλεον
2597 651 3002 723 ἀποκλείουσιν,
3036 651 3160 708 οὐδὲ
3189 660 3305 715 τοῖς
3355 662 3633 729 περιττοῖς
3666 656 3740 719 εἷς

2092 738 2159 792 τὰ
2186 740 2447 813 ἀναγκαῖα
2482 742 2699 815 βοηθεῖν
2735 741 3003 815 θέλοντες,
3045 740 3113 811 (ὦ
3142 750 3242 813 τῆς
3276 742 3663 807 ἁπαιδευσίαςί
3697 742 3741 801 ὦ

2093 835 2192 896 τῆς
2224 829 2545 899 σκαιότητος
2576 833 2613 903 ί)
2646 828 2758 885 οὐδ’
2788 832 2833 886 εἷ
2860 834 2943 904 μή
2975 854 3028 886 τι
3060 831 3223 905 ἄλλο,
3267 832 3437 887 ἐκεῖνό
3486 855 3545 910 γε
3593 834 3742 889 ἦνθυ-

2101 918 2383 991 μούμενοι,
2431 920 2512 973 ὃτι
2561 920 2716 975 πενία
2773 921 2861 976 καὶ
2912 921 3173 993 πλοῦτος,
3226 920 3504 999 ἐλευθερία
3558 946 3634 992 τε,
3682 927 3742 994 ἣν

2098 1029 2293 1085 φαμεν,
2353 1008 2442 1062 xui
2500 1006 2737 1078 δουλεία,
2789 1010 2877 1064 καὶ
2921 1012 2988 1066 τὰ
3034 1016 3257 1066 τοιαῦτα
3297 1016 3403 1066 τῶν
3435 1012 3738 1087 ὀνομάτων,

2098 1095 2315 1172 ὕστερον
2366 1097 2657 1167 ἐπεισῆλθε
2712 1098 2792 1172 τῷ
2845 1101 2983 1175 γὲνει
3037 1105 3143 1155 τῶν
3192 1101 3513 1176 ἀνθρώπων,
3564 1101 3744 1178 ὣσπερ

2097 1184 2501 1260 ἀρῥωστήματα
2543 1190 2694 1241 κοινά
2739 1209 2859 1241 τινα
2905 1191 2980 1261 (9)
3028 1193 3096 1263 τῇ
3126 1190 3285 1261 κακίᾳ
3312 1191 3742 1261 συνεισπεσόντα,

2097 1273 2345 1344 κάκείνης
2419 1270 2546 1329 ὅντα
2622 1276 2962 1349 ἐπινοήματα
3040 1280 3173 1351 (10).
3248 1281 3365 1335 Ἀπ’
3434 1280 3616 1355 ἀρχῆς
3696 1278 3753 1335 δὲ

2098 1365 2283 1441 φησὶν,
2342 1365 2402 1419 οὐ
2448 1364 2665 1441 γέγονεν
2714 1366 2884 1421 οὕτως
2911 1386 2923 1399 ·
2972 1365 3098 1422 ἀλλ’
3149 1368 3177 1422 ὁ
3207 1366 3416 1430 πλάσας
3451 1370 3541 1422 ἀπ’
3572 1369 3754 1445 ἀρχῆς

2096 1453 2185 1507 τὸν
2223 1452 2528 1528 ἄνθρωπον,
2561 1452 2839 1530 ἐλεύθερον
2887 1456 3061 1534 ἀφῆκε
3101 1457 3189 1510 xui
3244 1456 3608 1527 αὐτεξούσιον,
3659 1459 3749 1513 νό-

2102 1564 2189 1614 μῳ
2217 1547 2296 1613 τῷ
2325 1550 2423 1611 τῆς
2452 1542 2678 1613 ἐντολῆς
2712 1544 2857 1617 μόνῳ
2905 1545 3293 1620 κρατούμενον,
3349 1546 3436 1599 καὶ
3486 1543 3750 1601 πλούσιον

2099 1630 2149 1684 ἐν
2183 1629 2515 1707 παραδείσου
2543 1638 2719 1710 τρυφῇ
2745 1654 2758 1665 ·
2799 1638 2959 1688 τοῦτο
3007 1634 3094 1688 καὶ
3143 1633 3222 1707 τῷ
3261 1632 3441 1706 λοιπῷ
3470 1636 3609 1709 γένει
3636 1640 3745 1690 τῶν

2098 1719 2391 1793 ἀνθρώπων
2430 1720 2723 1796 βουληθείς
2752 1743 2811 1777 τι
2851 1722 2939 1777 καὶ
2974 1724 3341 1799 χαρισάμενος
3372 1721 3440 1778 δι’
3492 1724 3602 1785 ἑνὸς
3649 1728 3747 1779 τοῦ

2097 1811 2317 1884 πρώτο)
2369 1808 2698 1885 σπέρματος.
2746 1810 3055 1887 Ἐλευθερία
3085 1809 3142 1865 δὲ
3170 1812 3259 1865 καὶ
3290 1810 3550 1879 πλοῦτος,
3582 1815 3615 1881 ἡ
3648 1815 3748 1881 τῆς

2098 1897 2327 1968 ἐντολῆς
2379 1898 2515 1971 μόνη
2565 1901 2677 1974 (11)
2704 1902 2935 1973 τήρησις
2967 1901 3034 1969 ἦν
3059 1920 3070 1932 ·
3110 1899 3265 1955 πενία
3300 1898 3358 1955 δὲ
3411 1900 3627 1972 ἀληθὴς
3656 1902 3745 1956 καὶ

2105 1986 2343 2060 δουλεία,
2376 1990 2410 2057 ἡ
2436 1987 2636 2059 ταύτης
2669 1983 2990 2065 παράϐασις.

2176 2167 2282 2235 KC.
2321 2167 2436 2244 Ἀφ’
2490 2166 2550 2220 οὗ
2601 2162 2658 2220 δὲ
2704 2168 2816 2240 (12)
2861 2164 2949 2221 καί
2984 2167 3190 2245 φθόνοι,
3221 2165 3310 2221 καὶ
3342 2163 3536 2243 ἔριδες,
3569 2168 3658 2222 καὶ
3714 2171 3747 2239 ἡ

2102 2255 2299 2328 δολερᾶ
2327 2261 2421 2311 τοῦ
2453 2252 2627 2334 ὄφεως
2655 2259 2921 2333 τυραννὶς,
2958 2258 3038 2312 ἀεὶ
3072 2262 3149 2330 τῷ
3179 2255 3360 2333 λίχνῳ
3410 2265 3509 2327 τῆς
3541 2256 3745 2329 ἡδονῆς

2101 2346 2461 2419 ὑποσύρουσα,
2510 2345 2598 2401 xui
2648 2345 2983 2401 ἐπανιστῶσα
3025 2349 3132 2419 (13)
3181 2348 3298 2409 τοῖς
3348 2346 3744 2423 ἀσθενεστέροις

2096 2436 2221 2497 τοὺς
2256 2434 2632 2511 θρασυτέρους,
2674 2434 2875 2511 ἒρῥάγη
2908 2436 2970 2490 τὸ
3024 2437 3278 2511 συγγενὶς
3329 2435 3406 2498 εἷς
3461 2437 3740 2510 ὀνομάτων

2097 2525 2551 2600 ἀλλοτριότητας,
2600 2525 2688 2579 καὶ
2730 2526 2794 2579 τὸ
2842 2532 2943 2595 τῆς
2987 2525 3197 2603 φύσεως
3248 2525 3454 2601 εὐγενὲς
3521 2526 3737 2582 πλεονε-

2096 2616 2176 2688 ξία
2209 2618 2317 2688 (14)
2374 2618 2633 2687 κατέτεμε
2689 2610 3075 2689 προσλαϐοῦσα
3120 2614 3208 2669 καὶ
3256 2615 3451 2687 νόμον,
3509 2622 3609 2685 τῆς
3658 2614 3741 2670 δυ·

2092 2704 2336 2765 ναστείας
2370 2703 2676 2778 ἐπικουρον.
2712 2700 2887 2757 Ἀλλᾶ
2917 2703 2978 2757 σὺ
3015 2700 3183 2778 βλέπε
3226 2724 3319 2775 μοι
3369 2705 3465 2772 τήν
3514 2704 3737 2777 πρώτην

2096 2792 2376 2864 ἰσονομίαν
2410 2794 2541 2865 (15),
2579 2793 2653 2865 μὴ
2685 2793 2781 2861 τήν
2814 2791 3125 2848 τελευταίαν
3178 2788 3434 2863 διαίρεσιν
3459 2810 3470 2823 ·
3526 2792 3601 2864 μή
3649 2791 3739 2845 τὸν

2091 2886 2190 2936 τοῦ
2242 2883 2607 2957 κρατήσαντος
2688 2881 2879 2955 νόμον,
2934 2878 3079 2935 ἀλλᾶ
3132 2880 3224 2935 τὸν
3282 2884 3380 2935 τοῦ
3434 2880 3732 2941 κτίσαντος.

2095 2973 2374 3041 Βοήθησον
2408 2972 2541 3025 κατᾶ
2573 2968 2796 3042 δύναμιν
2825 2974 2893 3043 τῇ
2936 2969 3111 3048 φύσει,
3158 2970 3257 3036 τὴν
3308 2969 3538 3045 ἀρχαίαν
3595 2966 3744 3022 ἐλευ-

2093 3060 2270 3135 θερίαν
2346 3058 2600 3132 τίμησον,
2664 3057 2943 3129 αἰδὲσθητι
2993 3058 3207 3126 σαυτὸν,
3258 3056 3605 3133 συγκάλυψον
3661 3061 3741 3129 τῷ

2094 3152 2235 3223 γένει
2293 3151 2390 3218 τὴν
2442 3147 2686 3221 ἀτιμίαν,
2737 3147 3028 3221 ἐπάρκεσον
3076 3151 3144 3222 τῇ
3197 3146 3342 3220 νόσῳ
3388 3147 3486 3216 τὴν
3536 3142 3739 3201 ἔνδειαν

2095 3239 2484 3315 παραμύθησαι
2508 3257 2521 3270 ·
2579 3238 2607 3292 ὁ
2656 3237 2939 3312 εὐρωστῶν
2982 3240 3116 3311 (16),
3152 3236 3179 3290 ὀ
3210 3235 3488 3303 πλουτῶν,
3518 3236 3617 3303 τὴν
3648 3239 3746 3289 τοῦ

2096 3330 2403 3399 νοσοῦντος,
2435 3329 2533 3395 τὴν
2566 3330 2677 3400 (17)
2705 3331 2801 3382 τοῦ
2832 3327 3133 3399 πενομένου
3154 3345 3166 3357 ⁸
3228 3326 3255 3379 ὁ
3318 3327 3393 3398 μὴ
3440 3327 3746 3400 προσπταί-

2097 3440 2210 3491 σας,
2240 3419 2339 3485 τὴν
2372 3421 2468 3471 τοῦ
2519 3415 2776 3477 πεσόντος
2807 3416 2896 3470 xui
2928 3409 3299 3491 συντριϐέντος
3329 3433 3341 3446 ·
3394 3414 3422 3467 ὁ
3470 3412 3745 3487 εὐθυμῶν,

2094 3510 2193 3576 τήν
2274 3511 2369 3561 τοῦ
2444 3506 2819 3578 ἀθυμοῦντος·
2897 3505 2925 3559 ὁ
2997 3509 3115 3565 τοῖς
3175 3501 3370 3576 δεξιοῖς
3420 3502 3747 3575 εὐθηνούμε-

2095 3618 2184 3658 νος
2246 3598 2381 3669 (18),
2458 3600 2555 3649 τοῦ
2627 3600 2743 3655 τοῖς
2797 3593 3101 3669 ἀριστέροις
3159 3594 3473 3665 κάμνοντος.
3532 3589 3634 3653 Δός
3692 3612 3743 3645 τι

2094 3692 2172 3758 τῷ
2205 3687 2311 3759 (19)
2343 3689 2457 3755 Θεῷ
2488 3686 2871 3759 χαριστήριον,
2930 3681 3011 3737 ὅτι
3071 3686 3176 3735 τῶν
3219 3680 3274 3735 εὖ
3305 3685 3478 3735 ποιεῖν
3513 3677 3742 3752 δυναμέ-

2096 3798 2199 3830 νων
2228 3774 2430 3850 ἐγὲνου,
2490 3770 2617 3827 ἀλλ’
2648 3772 2709 3827 οὐ
2739 3777 2846 3827 τῶν
2880 3770 2935 3827 εῦ
2967 3772 3150 3825 πάθεῖν
3188 3768 3490 3843 δεομένωνο
3527 3767 3610 3824 ὅτι
3666 3769 3741 3841 μὴ

2102 3864 2323 3939 βλέπεις
2382 3864 2495 3937 (20)
2548 3861 2624 3924 εἷς
2672 3860 2966 3937 ἀλλοτρίας
3012 3866 3225 3936 χεῖρας,
3261 3858 3385 3914 ἀλλ’
3416 3859 3490 3921 εἷς
3522 3859 3618 3920 τὰς
3648 3859 3744 3920 σὰς

2095 3951 2291 4028 ἕτεροι.
2329 3950 2645 4021 Πλούτησον
2709 3952 2782 4022 μὴ
2843 3948 3149 4024 περιουσίαν
3209 3947 3395 4021 μόνον,
3456 3945 3601 4003 ἀλλὰ
3656 3947 3745 4001 καὶ

2099 4038 2366 4098 εὐσέϐειαν
2396 4060 2407 4070 ·
2475 4041 2549 4113 μὴ
2601 4040 2661 4094 τὸ
2709 4039 2935 4114 χρυσίον
2985 4038 3167 4111 μόνον,
3196 4035 3341 4092 ἀλλὰ
3368 4036 3455 4091 καὶ
3484 4037 3583 4104 τήν
3628 4036 3747 4107 ἀρε-

2097 4134 2195 4201 τὴν
2263 4129 2473 4203 μᾶλλον
2534 4126 2592 4183 δὶ
2641 4128 2841 4198 ταύτην
2899 4122 3062 4202 μόνον
3094 4128 3227 4199 (21).
3260 4129 3421 4180 Γενοῦ
3446 4122 3542 4179 τοῦ
3603 4123 3749 4193 πλη-

2101 4221 2213 4275 σίον
2272 4220 2618 4293 τιμιώτερος,
2679 4216 2737 4271 ἐκ
2792 4221 2887 4271 τοῦ
2946 4222 3172 4294 φανῆναι
3217 4214 3584 4290 χρηστότερος
3618 4232 3745 4288 ’γε-

2099 4315 2297 4381 νοῦτῷ
2354 4310 2643 4384 ἀτυχοῦντι
2703 4307 2840 4379 θεὸς,
2902 4307 2991 4360 τὸν
3021 4303 3177 4360 ἔλεον
3236 4308 3370 4359 Θεοῦ
3427 4304 3745 4375 μιμησάμε-

2098 4420 2209 4461 νος.

2173 4578 2291 4635 ΚΖ’.
2323 4571 2485 4630 Οὐδὲν
2518 4571 2621 4650 γὰρ
2654 4570 2850 4635 οὕτως.
2884 4572 2958 4635 ὡς
3006 4570 3069 4627 τὸ
3100 4567 3156 4626 εὖ
3215 4574 3413 4643 ποιεῖν,
3464 4564 3744 4643 ἅνθρωπος

2097 4916 2272 4971 ditas.
2297 4935 2324 4963 »
2349 4911 2450 4967 Hic
2481 4910 2639 4968 enim
2670 4926 2862 4968 sermo
2893 4912 2983 4965 est
3014 4910 3085 4966 de
3114 4908 3167 4964 vi
3199 4908 3451 4982 publica,
3483 4922 3601 4978 qua
3631 4907 3746 4980 pri-

2099 5004 2281 5043 meva
2309 4984 2862 5056 libertasoppressa
2892 4986 2998 5037 est.

2170 5059 2282 5129 (15)
2334 5048 2677 5126 Ἰσονομίαῦί
2712 5055 2891 5127 Regg.
2947 5070 2999 5123 ει,
3054 5069 3104 5119 c,
3160 5052 3216 5117 d,
3271 5048 3550 5122 ἰσοτομίαν
3598 5050 3747 5123 [lege

2099 5126 2415 5183 ἰσοτιμίαν).

2120 5148 2415 5183 σοτιμιανι.

2168 5128 2415 5201 >ντιμίαν].

2168 5202 2276 5272 (16)
2308 5198 2627 5272 neglegam).
2658 5198 2834 5272 Regg.
2861 5213 2912 5263 a,
2941 5212 2995 5263 c,
3017 5194 3084 5272 d,_
3109 5191 3426 5272 εὖρῥωστῶν
3456 5193 3673 5265 [male].

2170 5265 2279 5341 (17)
2311 5265 2449 5341 Τήν.
2482 5271 2652 5341 Deest
2678 5265 2961 5341 in'Regg:
2983 5285 3036 5331 a,
3072 5265 3323 5338 bm','ph.

2168 5336 2741 5413 (18)Εὐ”θηνούμενος.
2791 5336 3114 5413 εἰῇ-3688.
3161 5336 3317 5413 δίο,
3362 5337 3436 5413 _d,_
3475 5336 3597 5404 bm,
3649 5336 3746 5408 ph,

2097 5408 2275 5470 Coisl.’
2300 5417 2352 5482 3,
2385 5408 2585 5470 et’Jes'.
2619 5413 2792 5477 Editi,
2825 5408 3209 5481 εὐθυνοῦμενος
3241 5408 3457 5479 [male].

2168 5489 2275 5553 (19)
2310 5488 2426 5555 Τῷ.
2460 5486 2631 5541 Deest
2659 5485 2718 5540 in
2752 5484 3042 5554 pluribus.

2168 5551 2279 5627 (‘20)
2309 5551 2565 5628 Βλέπεις.
2601 5558 2694 5612 Sic
2740 5551 2917 5628 Regg.
2952 5572 3006 5620 a,
3050 5554 3171 5621 bm,
3206 5569 3255 5621 ο,
3290 5552 3347 5619 d,
3380 5554 3435 5606 et
3466 5551 3562 5606 Or.
3593 5552 3646 5606 2.
3683 5552 3745 5605 In

2168 5574 2279 5627 (2U)
2315 5574 2565 5618 DAE‘Tt'EtC.
2601 5574 2694 5612 διο
2740 5574 2819 5612 ne
2862 5574 2917 5628 g.
2952 5574 3006 5620 8,
3052 5574 3171 5621 Dm,
3206 5574 3255 5621 υ,
3290 5574 3347 5619 u,
3380 5574 3435 5606 et
3466 5574 3543 5606 ur

2096 5631 2233 5704 edit-
2272 5625 2474 5704 βλέπῃς
2504 5574 2876 5704 [perpetui-
2964 5694 2974 5704 .
3128 5694 3173 5704 --
3304 5694 3319 5704 .
3486 5698 3494 5704 .
3537 5693 3547 5704 .

2167 5691 2280 5773 (21)
2308 5691 2545 5773 Mallio;
2567 5691 2861 5769 δὲ’ταύτην
2907 5694 3095 5770 μόνον.
3128 5694 3257 5752 Haec
3288 5694 3505 5751 desunt
3534 5693 3595 5749 in
3627 5691 3746 5766 ple-

2097 5772 2296 5844 risque
2328 5772 2495 5829 codd.
