4146 6290
373 469 491 530 893

1297 468 1591 530 ORATIO
1635 468 1793 528 XIV.
1821 500 1898 510 -—
1942 467 2043 527 DE
2090 465 2522 528 PAUPERUM
2567 466 2862 527 AMOBE.

3671 466 3787 528 891

375 598 487 678 ἔχει
545 604 697 655 Θεοῦ·
750 600 845 654 κέὶν
897 601 925 655 6
955 602 1069 675 (2‘2)
1123 602 1218 673 μὲν
1267 600 1457 674 μείζω,
1506 601 1593 655 καὶ
1645 601 1671 654 6
1723 597 1781 654 δὲ
1812 598 2019 654 ἐλάττω

2134 617 2312 672 quam
2343 601 2413 657 de
2445 599 2575 657 aliis
2606 601 2753 657 bene
2783 599 2992 655 mereri
3013 617 3025 655 :
3048 598 3285 655 tametsi
3306 596 3404 655 ille
3428 599 3669 670 majora,
3690 599 3788 654 hic

375 690 651 765 εὐεργετῇ,
707 690 979 764 ἑκάτερος,
1031 691 1208 761 οἶμαι,
1267 691 1400 744 κατὰ
1454 691 1553 757 τήν
1623 689 1813 743 ἑαυτοῦ
1870 685 2023 742 δύνα-

378 780 579 851 μιν.Ὀ
642 778 735 850 μὶν
798 778 1044 847 ἐποίησε,
1105 779 1191 832 καὶ
1252 781 1363 852 ('23)
1424 777 1589 839 λύσας
1640 779 1852 851 συνάγει
1913 780 2025 850 (24)

374 868 557 922 πάλιν·
612 867 672 921 σὺ
722 865 779 921 δὲ
827 868 1057 921 πεσόντα
1110 869 1185 939 μή
1236 866 1465 941 παρίδῃς
1664 869 1720 921 Ὀ
1771 867 1862 940 μὲν
1893 865 2024 936 ait-

375 976 499 1025 ησεν
556 955 631 1017 εἰς
688 955 755 1009 τά
816 956 1082 1028 μέγιστα,
1146 953 1269 1017 δοὺς
1334 955 1419 1009 ἐπὶ
1478 962 1605 1010 πᾶσι
1664 954 1829 1028 νόμον
1890 976 2024 1029 προ-

375 1047 570 1121 φήτας,
601 1046 690 1099 καὶ
738 1045 843 1117 πρὸ
886 1043 1113 1108 τούτων,
1152 1045 1243 1098 τὸν
1290 1046 1510 1121 φυσικὸν
1560 1044 1724 1117 νόμον
1759 1045 2023 1121 ἄγραφον,

372 1138 478 1187 τῶν
530 1134 949 1208 παραττομὲνων
1003 1134 1324 1203 ἐξεταστὴν,
1385 1134 1620 1210 ἐλέγξας,
1678 1137 2023 1207 νουθετήσας,

374 1219 814 1297 παιδαγωγήσας·
871 1223 934 1276 τὸ
991 1221 1324 1291 τελευταῖον,
1387 1222 1582 1295 λύτρον
1634 1224 1819 1277 ἑαυτὸν
1850 1244 2021 1300 παρα-

373 1309 497 1372 δοὺς
526 1311 656 1386 ὑπὲρ
699 1318 799 1380 τῆς
845 1310 941 1366 τοῦ
988 1312 1198 1385 κόσμου
1256 1317 1420 1381 ζωῆς·
1477 1313 1841 1387 χαρισάμενος
1882 1315 2019 1367 ἀπο-

370 1398 623 1464 στόλους,
685 1398 1099 1474 εὐαγγελιστᾶς,
1152 1398 1533 1469 διδασκάλους,
1591 1403 1877 1475 ποιμένας,
1942 1400 2020 1456 iei-

370 1509 500 1559 σεις,
530 1488 744 1563 τέρατα,
792 1486 1051 1543 ἐπάνοδον
1101 1490 1236 1566 πρὸς
1289 1491 1457 1559 ζωὴν,
1510 1491 1735 1553 θανάτου
1783 1489 2018 1544 κατάλυ-

368 1599 470 1645 σιν,
521 1577 780 1653 τρόπαιον
832 1580 966 1633 κατὰ
1007 1584 1102 1633 τοῦ
1128 1581 1474 1651 νικήσαντος,
1529 1577 1794 1649 διαθήκην
1835 1585 1931 1649 τήν
1965 1579 2016 1634 ἐν

369 1671 511 1737 σκιᾷ,
546 1665 808 1737 διαθήκην
840 1669 938 1736 τὴν
972 1667 1021 1721 ἐν
1072 1666 1326 1740 ἀληθείᾳ,
1380 1668 1698 1740 ΙΙνεύματος
1740 1669 1895 1743 ἁγίου
1930 1690 2021 1741 με-

372 1753 624 1831 ρισμοὺς,
656 1756 716 1809 τὸ
761 1763 859 1825 τῆς
906 1763 1098 1826 καινῆς
1147 1756 1416 1829 σωτηρίας
1469 1760 1786 1833 μυστήριον.
1831 1757 1904 1812 Σὺ
1938 1755 2016 1831 δὲ,

372 1844 420 1898 εἰ
456 1845 548 1917 μὲν
581 1844 670 1899 καὶ
704 1847 812 1919 (26)
842 1846 909 1900 τὰ
942 1846 1109 1918 μείζω
1161 1843 1383 1908 δυνατὸς
1434 1846 1498 1917 εἶ,
1555 1846 1643 1900 καὶ
1696 1848 1777 1909 οἷς
1811 1847 2018 1924 εὐεργε-

377 1938 548 1987 τεῖται
581 1934 733 2008 ψυχή
784 1936 1073 2007 (πεποίηκε
1121 1936 1220 2010 γάρ
1267 1956 1323 1989 σε
1352 1934 1440 1989 καὶ
1488 1939 1654 1989 ταῦτα
1696 1934 1958 1991 πλούσιον
1988 1937 2015 1991 6
2048 1972 2094 2035 Β

369 2023 519 2093 Θεὸς,
554 2022 598 2075 εἰ
631 2022 957 2095 θελήσειας),
996 2021 1135 2096 μηδὲ
1176 2028 1343 2078 ταῦτα
1374 2024 1429 2078 εὖ
1474 2029 1647 2078 ποιεῖν
1678 2024 1895 2100 ἀπόσχῃ
1922 2027 2012 2080 τὸν

368 2108 523 2179 ἐνδεῆ
576 2114 715 2183 (27)’
758 2109 971 2183 μᾶλλον
1024 2110 1081 2166 δὲ
1130 2116 1320 2188 πρῶτα
1374 2112 1464 2166 καὶ
1522 2112 1757 2185 μάλιστα
1808 2114 1888 2186 τῷ
1936 2114 2016 2169 αἰ-

364 2198 545 2253 τοῦντί
576 2220 633 2253 σε
666 2196 842 2271 δίδου,
872 2201 962 2253 καὶ
994 2200 1119 2273 πρὶν
1155 2199 1463 2273 αἶ’τηθῆναι,
1497 2200 1631 2273 ὅλην
1663 2204 1761 2271 τὴν
1804 2202 2010 2279 ἡμέραν

366 2285 531 2341 ἐλεῶν
562 2288 652 2341 καὶ
678 2285 937 2356 δανείζων
973 2291 1083 2362 (28)
1112 2289 1201 2343 τὸν
1255 2286 1443 2363 λόγον,
1494 2291 1583 2343 καὶ
1632 2290 1872 2345 ἀπαιτῶν
1924 2313 2011 2369 φι-

366 2374 616 2438 λοπόνως
663 2378 725 2431 τὸ
775 2374 981 2431 δάνειον
1037 2378 1171 2449 μετὰ
1217 2377 1380 2432 τόκου
1428 2386 1528 2448 τῆς
1575 2384 1671 2433 τοῦ
1717 2378 2009 2458 ὠφελημέ-

362 2484 456 2518 νου
506 2467 618 2537 (29)
668 2467 1008 2540 προσθήκης,
1060 2468 1121 2534 ἣν
1177 2465 1255 2520 ἀεὶ
1305 2471 1384 2539 τῷ
1446 2462 1594 2543 λόγῳ
1635 2470 2007 2541 προστίθησιν,

360 2550 532 2623 αὔξων
591 2554 761 2625 ἑαυτῷ
828 2557 942 2627 (30)
999 2555 1134 2609 κατά
1194 2557 1385 2631 μικρὸν
1460 2558 1526 2610 τὰ
1579 2564 1680 2626 τῆς
1739 2553 2009 2621 εὐσεϐείας

361 2643 662 2715 σπέρματα.
697 2643 759 2697 Εἰ
792 2641 849 2697 δὲ
886 2645 983 2715 μὴ,
1015 2642 1082 2699 τά
1112 2666 1174 2720 γε
1204 2648 1315 2718 (31)
1350 2643 1568 2718 δεύτερα
1617 2647 1706 2701 καὶ
1756 2647 2006 2721 μικρότε-

294 2726 297 2727 ν
361 2751 426 2806 ρα
456 2734 588 2805 (32),
621 2733 709 2787 καὶ
741 2731 839 2787 ὅσα
867 2733 941 2796 εἷς
976 2731 1202 2807 δύναμιν
1254 2733 1375 2803 ἥκει
1406 2737 1504 2804 τὴν
1554 2737 1674 2807 σήν·
1709 2735 2007 2813 ἐπικούρη-

362 2841 475 2890 σον,
510 2816 690 2897 ὄρεξον
722 2824 951 2899 τροφὴν,
985 2818 1167 2899 ὄρεξον
1216 2823 1399 2899 ῥάκος,
1438 2826 1761 2901 προσένεγκε
1791 2832 2005 2905 φάρμα-

360 2930 479 2979 κον,
509 2908 809 2980 κατάδησον
842 2911 1143 2987 τραύματα,
1176 2912 1449 2988 ἐρώτησόν
1482 2935 1533 2969 τι
1566 2916 1688 2991 περὶ
1718 2923 1819 2985 τῆς
1869 2938 2005 2989 συμ-

366 3003 555 3070 φορᾶς,
585 2998 709 3073 περὶ
756 3001 1038 3075 καρτερίας
1088 2999 1483 3079 φιλοσόφησον,
1517 3003 1806 3078 θάρσησον,
1838 3005 2006 3078 πρόσ-

368 3082 507 3139 ελθε’
544 3085 603 3139 οὐ
640 3087 714 3157 μὴ
749 3089 934 3161 χεῖρόν
966 3111 1015 3143 τι
1051 3095 1273 3145 σεαυτοῦ
1304 3092 1448 3163 παρὰ
1468 3097 1626 3146 τοῦτο
1659 3094 1805 3167 γὲνῃ·
1833 3093 1893 3148 οὐ
1930 3096 2004 3167 μὴ

369 3170 698 3245 μεταλάϐοις
728 3179 841 3249 (33)
871 3182 966 3231 τοῦ
1013 3180 1237 3247 πάθους,
1266 3180 1362 3234 κᾶν
1415 3182 1465 3235 οἱ
1498 3179 1615 3235 λίαν
1661 3178 1817 3255 ἀϐροὶ
1844 3188 2005 3239 τοῦτο

358 3262 626 3335 νομίζωσι
688 3259 877 3338 λόγοις
930 3266 1179 3337 ματαίοις
1229 3269 1622 3341 ἠπατημένοι·
1678 3270 1892 3343 μᾶλλον
1947 3270 2003 3327 δὲ

356 3350 556 3421 ταύτην
603 3336 1009 3428 προϐάλλονται
1036 3362 1137 3424 τῆς
1178 3336 1377 3411 ἑαυτῶν
1404 3336 1518 3413 *εἴτε
1550 3336 1833 3423 εὐλαϐείας
1865 3364 1999 3435 (34),
2033 3336 2076 3405 C

358 3440 465 3494 εἴτε
506 3436 750 3504 ἀσεϐείας
797 3441 1123 3518 ἀπολογίαν,
1174 3444 1260 3499 ἐπὶ
1309 3456 1406 3515 τήν
1459 3446 1684 3520 δειλίαν,
1736 3450 1811 3512 ὡς
1855 3448 1920 3521 δή
1948 3474 2000 3507 τι

359 3530 496 3605 μέγα
552 3530 640 3585 καὶ
701 3532 862 3608 σοφὸν
909 3532 1332 3612 καταφεύγοντες
1379 3579 1391 3592 .
1449 3542 1616 3592 Τοῦτο
1673 3541 2001 3603 πειθέτωσάν

358 3638 415 3672 σε
443 3618 531 3673 καὶ
582 3620 633 3673 οἱ
682 3617 859 3697 λόγοι,
909 3622 998 3677 καὶ
1050 3623 1245 3700 ἰατρῶν
1297 3623 1484 3689 παῖδες
1534 3629 1667 3700 (35),
1700 3628 1788 3682 καὶ
1823 3630 2002 3686 σύνοι-

356 3727 442 3761 κοι
618 3709 825 3764 τούτων
854 3712 1196 3784 θεραπευταὶ,
1231 3714 1304 3767 ὧν
1342 3713 1515 3777 οὐδείς
1558 3738 1644 3770 πω
1675 3723 1790 3780 τοῖς
1817 3719 1999 3773 τοιού-

353 3816 468 3857 τοις
498 3799 737 3871 προσιὼν
790 3797 1139 3859 ἐκινδῦνευσε.
1192 3802 1265 3855 Σὺ
1312 3803 1513 3873 τοίνυν,
1547 3804 1592 3859 εἰ
1639 3806 1727 3860 καὶ
1757 3808 1819 3861 τὸ
1864 3815 2003 3882 πρᾶ-

354 3905 471 3958 γμα
501 3880 730 3962 φοϐερὸν
774 3890 863 3942 καὶ
916 3889 1171 3951 ὑπονοίας
1224 3892 1389 3962 ἄξιον,
1443 3894 1487 3945 ὧ
1537 3890 1698 3948 δουλε
1749 3880 2002 3969 Χριστοῦ,

353 3974 442 4027 καὶ
474 3974 712 4051 φιλόθεε,
747 3974 835 4029 καί
888 3977 1256 4053 φιλάνθρωπε,
1313 3981 1386 4051 μὴ
1438 3982 1607 4055 πάθῃς
1654 3980 1819 4055 μηδὲν
1853 3984 2003 4060 ἀγεν-

352 4062 459 4123 νὲςο
520 4067 587 4136 τῇ
642 4063 816 4118 πίστει
880 4066 1167 4137 θάρσησον·
1229 4068 1506 4136 νικησάτω
1562 4071 1661 4137 τὴν
1722 4069 1923 4127 δειΛίαν
1976 4074 2002 4126 ὁ

356 4150 558 4221 οἶκτος,
593 4154 620 4205 6
645 4157 741 4206 τοῦ
776 4158 908 4207 Θιοῦ
956 4150 1122 4228 φόϐος
1169 4156 1268 4222 τήν
1302 4156 1638 4227 ἁπαλότητα⁰
1686 4162 1866 4231 στήτω
1896 4162 2002 4237 πρὸ

355 4242 460 4327 τῶν
494 4238 840 4327 φιλοσάρκιυν
894 4240 1171 4318 λογισμῶν
1222 4248 1255 4313 ἡ
1310 4242 1569 4302 εὐσέϐεια
1626 4251 1701 4321 μὴ
1752 4249 2001 4327 παρίδῃς,

488 4325 849 4402 παραδράμῃς
905 4331 996 4383 τὸν
1055 4329 1309 4410 ἀδελφὸν,
1382 4337 1457 4407 μὴ
1518 4325 1869 4414 ἀποστραφῇς
1928 4340 2001 4402 ὡς

355 4412 506 4491 ἄγος,
544 4415 617 4477 ὡς
655 4417 886 4490 μίασμα,
917 4419 991 4480 ὡς
1024 4419 1163 4475 ἄλλο
1193 4443 1247 4475 τι
1294 4428 1400 4478 τῶν
1456 4430 1694 4502 φευκτῶν
1737 4428 1827 4481 καὶ
1859 4429 2004 4483 ἀπει-

355 4505 630 4581 ρημένωνο
683 4506 773 4561 σὸν
825 4505 936 4562 ἔστι
990 4508 1180 4581 μέλος,
1231 4512 1319 4566 καὶ
1371 4512 1417 4567 εἰ
1460 4518 1527 4588 τῇ
1580 4522 1833 4594 συμφορᾷ
1864 4516 2001 4591 κάμ-

425 4688 446 4723 ⁹
474 4687 687 4761 Ephes.
721 4705 799 4756 ιν,
838 4689 925 4745 11.

356 4866 531 4990 ᾖξε)
561 4871 615 4920 Ὀ
653 4868 745 4924 Sic
798 4869 978 4944 3988-
1013 4889 1066 4944 ει,
1114 4873 1235 4941 bm,
1270 4875 1369 4948 ph,
1403 4881 1511 4933 etc.
1548 4882 1716 4935 Deest
1764 4879 1824 4935 in
1876 4879 2005 4935 edi-

568 5006 697 5087 δαί..
724 5010 898 5087 Deest
929 5014 986 5070 in
1022 5014 1311 5087 pluribus.

561 5078 812 5162 Ξῖυνάγιι.
844 5085 985 5162 .les.,
1018 5078 1335 5162 συνεισάγει.

561 5149 813 5233 ﬁatfiat-p5.
838 5159 985 5233 fieg.
1018 5158 1140 5225 bm,
1172 5149 1457 5233 πάρείδῃς.

416 5170 526 5215 (40)
562 5170 813 5275 ιιαῗιοῃτ.
848 5170 985 5228 Heg.
1018 5170 1140 5225 bm,
1172 5170 1457 5234 παρείδῃς.

351 5221 634 5348 iugatae
666 5265 676 5276 .
713 5226 806 5279 Sic
838 5226 1014 5299 Regg.
1057 5248 1109 5296 ει,
1157 5235 1273 5301 bm,
1307 5252 1357 5305 c,
1392 5234 1491 5305 ph,
1524 5240 1582 5290 et
1610 5236 1708 5291 Or.
1740 5235 1794 5292 2.
1827 5236 2000 5294 Deest

560 5359 764 5451 ἐνδεῆ.
802 5366 941 5451 Reg.
976 5368 1075 5451 ph,
1108 5369 1268 5451 ἐνδέοι
1293 5375 1457 5451 [le_ge,
1490 5373 1683 5451 ἐνδεᾶ).

562 5436 851 5515 ῥανειίζων..
885 5436 1036 5515 Citii
1066 5436 1127 5498 ὀι
1155 5448 1208 5513 2,
1244 5436 1494 5515 δανίξων.

562 5507 759 5596 "Sigeia;
774 5509 958 5596 μένουζ
993 5514 1133 5596 Reg.
1166 5507 1285 5596 bin,
1319 5507 1726 5596 ὠφελουμένου.

410 5581 521 5647 (30)
548 5581 742 5661 λῦξων
798 5583 991 5661 ἑαυτῷ,
1042 5581 1151 5641 εἷο.
1208 5581 1341 5659 Reg.
1380 5581 1439 5656 'a,
1476 5581 1570 5647 Or.
1604 5595 1657 5656 2,
1692 5600 1747 5649 et
1793 5594 1989 5661 Gabr.,

338 5656 614 5739 νουνεχῶς
646 5650 817 5737 esse»,
848 5654 898 5707 ἓν
933 5650 1124 5739 ἑαυτῷ,
1161 5682 1192 5739 u_
1223 5650 1320 5731 qui
1367 5650 1680 5733 prudenter
1710 5666 1768 5721 in
1799 5650 1992 5739 seipse

338 5727 837 5805 pietatissemiqa
869 5727 1091 5805 sensim
1125 5727 1393 5805 adauget.
1423 5757 1443 5782 ιι

408 5794 522 5867 (31)
553 5794 628 5849 Τά
656 5815 739 5871 γε.
774 5798 915 5870 Reg.
948 5800 1054 5872 pb,
1082 5799 1246 5875 τάχα,
1279 5794 1312 5855 ἶ
1341 5806 1611 5864 fortasse.
1638 5828 1665 5855 ››

2135 690 2363 745 minora
2418 690 2701 745 beneﬁcia
2759 690 3037 753 conferat,
3099 695 3365 759 uterque,
3427 688 3651 759 opinor,
3685 707 3788 760 pro

2135 779 2258 833 suis
2288 779 2527 834 viribus.
2565 778 2661 834 Ille
2688 777 2984 833 hominem
3030 776 3348 845 condiddit,
3409 793 3473 832 ac
3527 776 3786 833 solutum

2135 885 2344 923 rursus
2400 868 2621 940 colligit
2653 886 2665 923 :
2702 872 2760 922 tu
2812 866 3043 939 lapsum
3076 882 3147 921 ne
3179 865 3486 938 despicias.
3522 865 3620 921 Ille
3651 883 3785 921 eum

2134 958 2406 1012 maximis
2434 958 2491 1011 in
2528 957 2702 1012 rebus
2727 955 3173 1013 commiseratus
3196 959 3306 1023 est,
3325 972 3460 1010 cum
3481 955 3554 1023 ei,
3579 960 3789 1027 praeter

2135 1052 2362 1115 caetera,
2386 1046 2595 1116 legem,
2622 1046 2952 1117 prOphetas,
2990 1062 3054 1100 ac
3086 1044 3250 1116 prius
3295 1044 3495 1114 etiam,
3546 1049 3785 1101 natura-

2134 1134 2247 1191 lem
2306 1135 2517 1205 legem,
2579 1151 2692 1190 non
2752 1134 3054 1205 scriptam,
3090 1150 3290 1189 eorum
3324 1150 3449 1205 quae
3481 1139 3783 1203 geruntur,

2131 1241 2453 1291 censorem,
2488 1224 2669 1291 dedit,
2713 1241 2985 1294 arguens,
3045 1222 3390 1293 admonens,
3446 1224 3782 1295 castigans;

2131 1320 2424 1385 postremo
2452 1313 2713 1384 seipsum
2750 1329 2849 1384 pro
2873 1311 3080 1367 mundi
3102 1311 3502 1383 redemptione
3523 1314 3781 1381 tradens;

2130 1408 2304 1475 atque
2334 1403 2577 1474 insuper
2606 1402 2896 1473 apostolos
2927 1401 3215 1471 tribuens,
3243 1400 3654 1474 evangelistas,
3686 1403 3786 1457 do-

2130 1497 2339 1557 ctores,
2363 1497 2624 1563 pastores
2646 1492 2688 1557 9,
2712 1492 3048 1563 morborum
3089 1490 3441 1561 curationes,
3491 1495 3778 1562 portenta,

2128 1581 2338 1637 mortis
2361 1581 2841 1649 destructionem,
2865 1579 3192 1651 trophaeum
3217 1580 3499 1635 adversus
3522 1596 3655 1635 eum
3680 1580 3783 1653 qui

2126 1670 2360 1741 vicerat,
2390 1670 2576 1725 fmdus
2600 1670 2657 1724 in
2684 1669 2913 1739 umbra,
2957 1668 3146 1723 fmdus
3197 1670 3254 1723 in
3306 1669 3565 1739 veritate,
3597 1669 3780 1741 Spiri-

2126 1763 2222 1815 tus
2246 1759 2433 1815 sancti
2454 1758 2924 1824 distributiones,
2950 1774 3108 1813 novae
3139 1757 3350 1813 salutis
3384 1760 3725 1830 mysterium
3762 1776 3775 1814 :

2124 1852 2186 1903 tu
2222 1865 2374 1915 vero,
2401 1849 2712 1919 siquidem
2746 1850 2969 1918 majora
2992 1863 3225 1918 quoque
3257 1851 3440 1918 potes,
3475 1852 3533 1902 et
3562 1847 3778 1918 quibus

2124 1938 2321 1992 anima
2352 1937 2630 1993 beneficio
2662 1936 2913 1992 afﬁcitur
2941 1936 3099 2007 (nam
3125 1935 3216 1990 his
3238 1935 3414 1990 etiam
3440 1936 3615 1991 rebus
3637 1935 3782 1993 divi-

2122 2032 2240 2082 tem
2274 2031 2345 2093 te,
2381 2026 2430 2081 si
2460 2025 2730 2092 volueris,
2763 2025 2916 2079 Deus
2946 2024 3124 2095 fecit),
3158 2040 3227 2079 ne
3268 2024 3360 2078 his
3420 2041 3655 2097 quoque
3707 2025 3778 2081 de

2123 2116 2421 2189 indigente
2452 2117 2595 2171 bene
2630 2114 2837 2170 mereri
2868 2114 3104 2169 absiste.
3139 2115 3262 2168 Imo
3292 2112 3546 2184 primum
3580 2130 3646 2169 ac
3680 2131 3778 2185 po-

2125 2205 2422 2260 tissimum
2446 2204 2568 2259 hare
2591 2203 2663 2271 ei,
2696 2203 2796 2274 qui
2829 2203 2934 2257 abs
2965 2206 3023 2257 te
3056 2200 3217 2272 petit,
3254 2201 3466 2268 tribue,
3490 2202 3774 2274 priusque

2122 2294 2299 2349 etiam
2331 2310 2507 2364 quam
2542 2293 2812 2364 postulet,
2842 2295 2964 2347 tota
2993 2291 3086 2345 die
3118 2289 3404 2345 miserans
3434 2307 3499 2345 ac
3544 2307 3773 2347 sermo-

2122 2400 2255 2438 nem
2318 2382 2717 2447 commodans,
2763 2381 3147 2451 debitumque
3176 2396 3310 2434 cum
3340 2379 3532 2435 fenore
3566 2379 3770 2437 sedulo

2120 2474 2378 2545 exigens,
2411 2472 2519 2527 hoc
2548 2476 2656 2538 est,
2689 2471 2837 2541 ejus,
2870 2469 2962 2524 cui
2997 2469 3220 2524 utilitas
3260 2469 3517 2538 affertur,
3578 2469 3771 2525 incre-

2120 2567 2405 2633 mentum,
2448 2562 2600 2631 quod
2637 2560 2874 2632 quidem
2908 2558 3182 2614 doctrina:
3214 2575 3448 2630 semper
3477 2558 3768 2630 adjungit,

2119 2654 2259 2707 dum
2294 2651 2524 2723 pietatis
2553 2649 2778 2705 semina
2808 2648 2867 2703 in
2900 2648 3092 2720 seipso
3126 2645 3634 2720 paulatimauget.
3668 2648 3769 2702 Sin

2118 2741 2235 2796 haec
2262 2739 2461 2812 largiri
2486 2738 2712 2811 nequis,
2740 2743 2797 2794 at
2820 2743 2969 2793 uerte
2994 2738 3111 2792 haec
3144 2737 3401 2792 secunda
3430 2740 3487 2791 et
3518 2736 3767 2808 minora,

2117 2835 2173 2886 et
2202 2846 2331 2901 quae
2361 2830 2470 2885 sub
2503 2828 2840 2883 facultatem
2869 2830 3031 2881 tuam
3064 2826 3302 2896 cadunt,
3334 2829 3548 2896 praesta
3580 2841 3592 2881 :
3626 2826 3766 2880 sub-

2117 2918 2267 2984 veni,
2301 2918 2498 2972 cibum
2532 2918 2739 2989 praebe,
2764 2916 3040 2971 detritum
3075 2930 3333 2987 pannum
3368 2915 3617 2986 porrige,
3652 2930 3769 2970 me-

2116 3007 2512 3061 dicamentum
2545 3006 2776 3071 adhibe,
2809 3005 3021 3059 vulnus
3053 3004 3248 3075 alliga,
3309 3004 3379 3059 de
3436 3002 3767 3058 calamitate

2117 3095 2341 3168 aliquid
2400 3099 2797 3167 percunctare,
2833 3095 2903 3148 de
2934 3092 3212 3165 patientia
3241 3092 3561 3147 orationem
3594 3091 3760 3159 habe,

2118 3186 2265 3241 bono
2298 3184 2493 3240 animo
2523 3188 2668 3254 esto,
2692 3183 2919 3250 accede;
2944 3181 3401 3253 haudquaquam
3434 3182 3583 3236 277
3610 3197 3678 3235 ex
3698 3196 3766 3235 ea

2117 3291 2176 3330 re
2220 3273 2473 3329 deterior
2524 3273 2709 3343 teipso
2765 3270 2915 3338 eris;
2974 3270 3433 3341 haudquaquam
3493 3270 3762 3325 morbum

2113 3363 2441 3428 contrahes,
2473 3360 2702 3417 etiamsi
2732 3360 3001 3415 homines
3029 3358 3275 3413 nimium
3323 3358 3575 3426 delicati,
3638 3358 3766 3413 ina-

2114 3451 2289 3507 nibus
2310 3451 2534 3523 decepti
2558 3448 2886 3506 rationibus
2911 3448 3038 3516 ,hoc
3064 3448 3420 3515 existiment;
3455 3448 3538 3503 vel
3575 3447 3766 3520 potius

2114 3540 2223 3596 hoc
2246 3541 2365 3595 sive
2394 3538 2673 3609 mollitiei,
2711 3538 2829 3594 sive
2858 3536 3144 3609 impietati
3177 3554 3294 3592 suae
3328 3540 3658 3608 praetexant,
3692 3536 3763 3590 ad

2112 3630 2509 3699 timiditatem,
2544 3628 2701 3684 velut
2730 3628 2801 3683 ad
2836 3643 3115 3700 magnum
3151 3625 3370 3697 aliquid
3395 3631 3451 3680 et
3483 3625 3762 3697 prudens,

2112 3718 2534 3792 confugientes.
2574 3719 2686 3773 Hoc
2718 3716 2823 3772 tibi
2858 3716 3266 3789 persuadeant,
3299 3720 3355 3770 et
3386 3715 3659 3783 rationes,
3710 3717 3766 3768 et

2115 3808 2343 3873 medici,
2368 3812 2423 3864 et
2443 3805 2889 3863 contubernales
2920 3806 3017 3876 qui
3054 3822 3151 3859 eos
3182 3809 3411 3873 curant,
3442 3820 3508 3858 ex
3549 3802 3765 3874 quibus

2116 3898 2377 3951 nondum
2445 3895 2600 3950 ullus
2657 3911 2726 3949 ea
2781 3894 2850 3948 de
2882 3910 3062 3948 causa
3091 3893 3149 3946 in
3181 3892 3501 3963 periculum
3536 3890 3759 3961 incidit,

2114 3986 2269 4055 quod
2302 3985 2371 4037 ad
2400 4000 2499 4038 eos
2531 3982 2859 4037 accesserit.
2887 3983 3074 4053 Atque
3105 3985 3170 4034 ut
3200 3983 3406 4034 demus
3438 3995 3557 4032 rem
3614 3979 3766 4034 hanc

2115 4078 2271 4127 metu
2332 4078 2387 4127 et
2430 4071 2761 4143 suspicione
2793 4086 2904 4124 non
2938 4084 3152 4135 carere,
3188 4074 3249 4123 tu
3284 4075 3499 4137 tamen,
3533 4086 3564 4124 ο
3597 4085 3762 4124 serve

2112 4162 2349 4231 Christi,
2375 4160 2592 4231 Deique
2623 4165 2681 4214 et
2712 4158 3018 4214 hominum
3052 4161 3300 4227 amator,
3326 4174 3396 4213 ne
3448 4163 3756 4229 propterea

2113 4251 2458 4322 degenerem
2516 4254 2688 4318 atque
2720 4248 2996 4321 ignavum
3029 4248 3293 4302 animum
3325 4263 3492 4319 geras
3526 4265 3537 4302 :
3565 4263 3763 4302 verum

2115 4340 2432 4406 conﬁdito;
2493 4337 2872 4393 timiditatem
2932 4336 3352 4406 misericordia,
3419 4336 3513 4391 Dei
3574 4340 3766 4392 metus

2114 4428 2421 4485 mollitiem
2452 4428 2681 4495 vincat;
2716 4426 2972 4482 rationes
2997 4442 3116 4495 eas,
3178 4442 3307 4497 quae
3355 4424 3513 4481 carni
3576 4426 3765 4480 favent

2114 4520 2299 4593 pietas
2331 4522 2589 4590 superet.
2611 4516 2693 4571 Ne
2718 4516 2957 4571 fratrem
2989 4515 3301 4588 despicias,
3327 4530 3399 4569 ne
3433 4519 3764 4585 praetereas,

2185 4880 2292 4950 (32)
2327 4875 2424 4931 Καὶ
2459 4874 2772 4951 μικρότερα,
2806 4876 2977 4933 Deest
3007 4875 3239 4951 in_Reg.
3267 4875 3366 4951 ph.

2186 4928 2295 5021 {1355
2328 4928 2707 5010 insistas."
2728 4928 3237 5021 negatura?
3267 4928 3363 5003 hi3;
3411 4948 3469 5015 2,
3521 4943 3760 5017 μεταλά-

2113 5016 2232 5083 6ης.

2148 5044 2293 5163 ῃῗέ4)
2336 5086 2657 5164 caueam.
2691 5091 2869 5164 Begg.
2898 5108 2950 5161 a,
2985 5107 3034 5158 c,
3059 5091 3116 5164 d,
3137 5091 3263 5164 duo
3294 5087 3465 5164 (goisl.
3499 5088 3679 5164 et_Or.
3702 5092 3757 5164 2,

2109 5160 2367 5225 πλακείας
2422 5166 2482 5237 [Γ.
2529 5160 2888 5239 βλακείαςᾙα
2922 5160 3221 5229 socordiae,
3272 5160 3391 5217 sive
3440 5160 3761 5233 impietatis

2108 5239 2538 5308 excusationem
2572 5240 2960 5308 praetexam.»

2176 5312 2297 5383 (35),
2322 5306 2508 5383 Λόγοι,
2542 5300 2631 5361 καὶ
2666 5306 2861 5383 ἰατρῶν
2894 5300 3539 5383 nai865.__l_legg_._bm,‘ol
3572 5300 3753 5383 λόγοι.

2110 5402 2137 5431 ‹‹
2173 5374 2580 5448 Ηθίίοηεἐ,⁷ει
2637 5374 2995 5435 medicorum
3057 5376 3179 5448 filii,
3209 5374 3247 5426 ›ἷ
3290 5375 3361 5448 id,
3405 5378 3510 5441 est,
3571 5374 3754 5429 medi-

2105 5452 2174 5507 ci.
2211 5453 2303 5507 Sic
2351 5446 2686 5523 Gregorius,
2742 5455 2885 5523 orat.
2908 5452 2972 5523 ,1,
3006 5448 3075 5504 de
3105 5447 3249 5523 ﬁlio,
3278 5470 3297 5495 α
3324 5446 3561 5523 Graecos
3592 5463 3751 5523 »_ap-

2106 5523 2298 5595 pellat,
2333 5517 2614 5592 Ἑλλήνων
2647 5518 2861 5583 παῖδας.
2897 5522 2990 5595 Sic
3022 5537 3188 5595 sacra
3217 5517 3517 5595 Scriptura
3548 5534 3603 5595 :_«_
3624 5517 3751 5595 Pal-

2144 5596 2291 5650 ebrae
2343 5590 2883 5667 ejus‘inlerrogant
2934 5593 3083 5649 filios
3134 5592 3463 5661 hominum,
3490 5611 3517 5639 »
3550 5590 3606 5645 id
3639 5594 3749 5657 est,

2146 5668 2523 5739 omines_(Ps.
2558 5667 2720 5739 x,75).

2173 5740 2285 5812 (36)
2320 5732 2799 5810 Σύνοικοιίιῖὸεε.
2833 5754 2885 5807 a,
2929 5737 3049 5805 bm,
3086 5734 3186 5807 ph,
3219 5733 3272 5788 οἱ
3303 5732 3566 5790 σύνοικοι.
