4146 6290
343 379 460 441 895

1592 381 1657 442 S.
1705 382 2077 444 GREGORII
2125 384 2521 447 THEOLOGI

3640 386 3759 447 896

350 528 445 579 ne,
462 515 525 566 ut
545 510 757 581 scelus,
776 515 837 567 ut
862 511 1176 583 piaculum,
1194 517 1258 567 ut
1278 512 1437 568 aliud
1463 513 1744 585 quiddam
1768 514 1996 587 fugien-

2129 534 2343 569 ττεται·
2406 514 2504 571 Σοί
2561 516 3046 592 ἐγκαταλέλειπται
3108 519 3219 590 (37)
3279 518 3308 573 ὁ
3371 517 3621 593 πτωχὸς,
3682 518 3759 580 ὡς

350 601 490 655 dum
523 604 580 655 et
611 602 1032 656 exsecrandum
1082 602 1386 657 averseris.
1447 604 1771 659 Membrum
1829 608 1999 659 tuum

347 693 456 760 est,
496 688 729 744 tametsi
751 690 1084 746 calamitate
1116 696 1420 746 curvetur:
1448 697 1512 747 ut
1548 694 1678 758 Deo,
1710 694 1812 749 tibi
1839 694 1999 749 dere-

347 778 514 834 lictus
533 783 613 833 est
636 796 851 851 pauper
877 781 938 845 ’9,
962 779 1096 835 licet
1127 780 1321 835 animo
1355 782 1670 837 admodum
1700 783 1829 837 forti
1856 801 1998 854 prae-

344 870 556 935 tereas;
580 867 672 923 his
704 869 857 923 enim
889 869 1079 924 verbis
1113 871 1332 941 pudore
1363 877 1417 925 te
1451 870 1694 925 fortasse
1726 871 1997 925 afﬁciam.

2109 608 2244 674 Θεῷ,
2303 606 2391 659 καὶ
2447 605 2493 659 εἰ
2552 603 2672 660 λίαν
2735 606 3098 682 παρατρέχεις
3149 607 3264 679 (38)
3326 603 3759 681 μεγαλοψύχως,

2106 694 2251 767 τάχα
2299 695 2401 767 γάρ
2454 715 2511 748 σε
2564 695 2780 757 τούτοις
2838 692 3148 765 δυσωπήσω
3195 699 3309 755 τοῖς
3368 694 3597 770 ῥήμασι.
3663 695 3758 749 Σοὶ

2108 782 2389 857 πρόκειται
2420 782 2831 861 φιλανθρωπίας
2865 783 3133 850 ὑπόθεσις,
3163 783 3253 838 καὶ
3298 783 3343 837 εἰ
3383 782 3675 859 ἀλλοτριοῖ
3704 805 3759 838 σε

2108 874 2206 925 τοῦ
2239 869 2293 924 εὖ
2324 877 2511 934 παθεῖν
2546 874 2573 927 ὁ
2605 871 2897 942 ἀλλότριος
2929 876 3061 946 (39).

346 956 743 1012 Humanitatis
775 958 881 1012 tibi
915 965 1327 1031 argumentum
1365 961 1732 1031 proponitur,
1765 961 1993 1016 etiamsi
2026 965 2083 1016 te
2115 978 2147 1016 a
2179 962 2458 1017 beneficio
2490 963 2828 1034 accipiendo
2862 964 3089 1019 alienus
3121 967 3341 1018 avertat
3367 967 3423 1019 et
3454 963 3680 1020 alienet.

416 1046 653 1102 XXVIII.
689 1048 964 1118 Quisquis
999 1050 1255 1120 navigat,
1290 1050 1594 1121 naufragio
1644 1050 2004 1121 propinquus

348 1140 458 1203 est,
517 1152 701 1208 eoque
744 1137 953 1209 magis,
980 1155 1094 1207 quo
1128 1138 1409 1193 audacius
1443 1143 1675 1210 navigat
1708 1155 1720 1195 :
1755 1144 1811 1193 et
1843 1139 2002 1211 quis-

349 1224 484 1298 quis
526 1242 738 1297 corpus
770 1226 938 1299 gerit,
974 1227 1233 1299 corporis
1267 1226 1439 1282 malis
1470 1229 1836 1301 propinquus
1894 1233 2001 1294 est,

348 1330 533 1387 eoque
566 1314 773 1387 magis,
808 1332 923 1386 quo
956 1316 1201 1371 erectior
1231 1317 1587 1382 incedit,nec
1610 1316 1842 1386 eos,qui
1872 1322 2004 1371 ante

350 1405 646 1476 sejacent,
680 1404 960 1459 intuetur.
997 1405 1143 1459 Dum
1180 1407 1437 1461 secundo
1467 1411 1637 1460 vento
1670 1407 1928 1478 navigas,
1954 1406 2004 1460 ei

350 1494 450 1566 qui
486 1494 855 1566 naufragium
894 1494 1048 1559 facit,
1083 1510 1320 1549 manum
1356 1495 1584 1567 porrige
1612 1513 1622 1549 :
1649 1496 1789 1549 dum
1824 1512 2003 1550 sanus

2188 1054 2315 1105 KH'.
2352 1054 2459 1111 Πᾶς
2490 1050 2517 1103 ὁ
2568 1048 2750 1105 πλέων
2804 1049 2965 1125 ἐγγύς
3018 1049 3125 1105 ἐστι
3175 1055 3269 1104 τοῦ
3318 1051 3618 1125 ναυαγίου,
3668 1051 3755 1105 καὶ

2111 1135 2258 1209 τόσῳ
2322 1135 2555 1209 μᾶλλον,
2616 1136 2830 1214 ὅσῳπερ
2890 1139 2949 1192 ἂν
3006 1136 3420 1215 τολμηρότερον
3472 1138 3637 1211 πλέῃ·
3670 1139 3758 1193 καὶ

2113 1231 2218 1287 πᾶς
2249 1226 2276 1279 ὃ
2310 1232 2470 1298 σῶμα
2498 1227 2872 1303 περικείμενος
2906 1226 3065 1303 ἐγγύς
3116 1228 3225 1282 ἐστι
3274 1233 3381 1282 τῶν
3433 1234 3529 1283 τοῦ
3572 1230 3759 1300 σώμα-

2111 1336 2204 1376 τος
2233 1320 2431 1384 κακῶν,
2461 1315 2550 1370 καὶ
2599 1316 2745 1388 τόσῳ
2798 1318 2907 1388 (40)
2964 1314 3199 1388 μᾶλλον,
3242 1315 3455 1391 ὅσῳπερ
3491 1316 3548 1371 ἂν
3584 1316 3761 1390 ὀρθῶς

2118 1402 2328 1479 βαδίζῃ,
2359 1404 2447 1459 καὶ
2476 1406 2551 1478 μὴ
2590 1403 2765 1481 βλέπῃ
2792 1406 2921 1467 τοὺς
2953 1407 3058 1480 πρὸ
3090 1405 3253 1459 αὐτοῦ
3287 1407 3592 1479 κειμένους.
3615 1408 3758 1467 ’Έως

2111 1492 2257 1566 πλῇς
2287 1495 2403 1567 (41)
2433 1492 2481 1567 ἐξ
2515 1492 2721 1569 οὐρίας,
2752 1498 2831 1565 τῷ
2860 1498 3182 1569 ναυαγοῦντι
3216 1491 3305 1556 δὸς
3339 1500 3517 1571 χεῖρα’
3549 1492 3656 1556 ἓως
3677 1495 3761 1549 εὖ·

350 1597 413 1637 es
437 1580 792 1653 etlocuples,
825 1583 1037 1637 afflicto
1064 1584 1147 1637 fer
1168 1599 1357 1654 Opem.
1391 1584 1472 1637 Ne
1520 1588 1804 1655 expectes,
1837 1584 1999 1651 dum,

2129 1582 2275 1656 εκτῇς
2334 1583 2423 1636 καὶ
2481 1582 2726 1656 πλουτῇς
2785 1585 2917 1653 (42);
2976 1587 3054 1654 τῷ
3100 1585 3494 1639 κακοπαθοῦντι
3560 1584 3764 1658 βοήθη-

352 1675 641 1743 quantum
674 1670 893 1726 malum
928 1671 1005 1727 sit
1035 1671 1454 1741 inhumanitas,
1484 1672 1540 1726 in
1573 1673 1758 1744 teipse
1791 1672 2003 1739 discas,

350 1763 760 1831 quantumque
813 1760 1032 1815 bonum
1069 1761 1281 1815 viscera
1314 1763 1619 1833 egentibus
1650 1762 1890 1833 aperire.
1925 1762 2007 1816 Ne

350 1847 597 1921 experiri
630 1848 771 1903 velis
803 1849 982 1905 Deum
1019 1867 1257 1905 manum
1294 1851 1695 1906 extendentem
1727 1853 2007 1906 adversus

352 1954 473 2006 eos,
494 1938 590 2010 qui
617 1938 894 1993 cervicem
921 1938 1216 1999 attollunt,
1241 1956 1305 1993 ac
1329 1955 1613 2010 pauperes
1635 1943 2004 2010 praetereunt.

354 2028 417 2081 In
441 2025 649 2081 alienis
679 2027 1113 2082 calamitatibus
1144 2028 1265 2081 haec
1299 2028 1491 2095 disce;
1526 2029 1716 2099 egenti
1763 2045 2005 2099 parvum

351 2115 570 2187 aliquid
603 2116 811 2183 tribue;
836 2134 1022 2188 neque
1053 2117 1211 2172 enim
1245 2135 1490 2188 parvum
1523 2122 1610 2171 est
1642 2117 1715 2182 ei,
1744 2117 1843 2189 qui
1877 2135 2008 2173 om-

353 2204 528 2261 nibus
562 2206 733 2260 rebus
768 2211 945 2271 caret,
979 2205 1098 2260 imo
1134 2224 1202 2261 ne
1236 2207 1344 2279 ipsi
1379 2206 1616 2278 quidem
1655 2208 1785 2275 Deo,
1836 2207 2007 2261 modo

350 2292 575 2349 viribus
635 2311 747 2348 non
811 2294 1019 2365 impar.
1079 2295 1163 2349 Sit
1202 2295 1307 2349 tibi
1338 2297 1554 2350 summi
1591 2296 1851 2350 muneris
1883 2295 2006 2351 loco

354 2381 535 2438 animi
570 2382 841 2438 alacritas
864 2400 875 2437 :
898 2383 945 2438 si
979 2384 1125 2438 nihil
1156 2384 1695 2457 habes,illacryma.
1729 2385 2005 2456 Magnum

353 2472 696 2527 calamitose
728 2472 1048 2527 remedium
1081 2477 1169 2527 est
1200 2473 1500 2528 miseratio
1533 2492 1599 2529 ex
1638 2474 1834 2529 animo
1892 2474 2008 2529 col-

352 2561 518 2616 lata:
552 2577 617 2615 ac
674 2576 805 2616 vere
861 2566 917 2616 et
972 2561 1195 2616 sincere
1244 2562 1569 2633 condolere,
1616 2563 2007 2618 culamitatem

355 2665 570 2721 magna
597 2666 663 2704 ex
691 2653 855 2720 parte
885 2649 1053 2704 levat.
1088 2650 1270 2705 Homo
1302 2652 1453 2722 apud
1486 2656 1541 2706 te
1563 2654 1824 2719 iumento
1856 2652 2006 2707 278

352 2737 523 2794 vilior
552 2755 666 2794 non
700 2742 809 2807 est,
841 2755 872 2793 ο
904 2739 1099 2808 homo,
1134 2741 1288 2811 quod
1324 2758 1454 2795 cum
1488 2740 1545 2794 in
1590 2741 1809 2796 foveam
1863 2742 2007 2797 inci-

354 2827 457 2895 dit,
516 2832 617 2883 aut
664 2828 979 2894 aberravit,
1043 2830 1285 2900 erigere,
1349 2846 1413 2884 ac
1471 2830 1744 2885 reducere
1783 2830 1885 2885 tibi
1920 2830 2011 2887 lex

354 2916 678 2989 praescribit
710 2918 772 2972 ¹¹.
807 2918 865 2972 Si
898 2917 1037 2989 quid
1071 2923 1263 2972 autem
1322 2919 1662 2989 profundius
1721 2919 1900 2986 aliud,
1955 2923 2010 2974 et

356 3006 544 3078 magis
602 3022 878 3060 arcanum
934 3006 1200 3073 occultet,
1260 3007 1593 3076 cujusmodi
1654 3012 1791 3063 sunt
1823 3008 2009 3064 multa

356 3093 562 3167 legalis
589 3094 1003 3165 profunditatis
1035 3111 1096 3149 ac
1148 3094 1399 3166 duplicis
1458 3113 1685 3165 sensus,
1749 3114 1861 3151 non
1922 3100 2011 3151 est

358 3200 554 3239 meum
617 3201 807 3250 nosse,
842 3200 1041 3238 verum
1075 3184 1329 3255 Spiritus
1360 3186 1557 3240 omnia
1587 3186 2009 3257 perscrutantis

356 3276 413 3328 et
442 3272 845 3343 cognoscentis
882 3290 892 3327 :
927 3278 1212 3343 quantum
1247 3291 1379 3327 vero
1412 3275 1535 3345 ipse
1566 3274 1790 3331 ratione
1838 3280 2010 3346 atque

354 3360 741 3433 intelligentia
792 3362 1068 3433 consequi
1105 3380 1368 3433 possum,
1402 3363 1510 3418 hoc
1541 3363 1670 3418 ideo
1702 3366 1915 3429 sanxit,
1949 3368 2013 3419 ut

357 3466 466 3505 nos
498 3450 568 3505 ab
601 3449 988 3517 humanitate,
1023 3467 1197 3521 quam
1232 3451 1289 3504 in
1319 3452 1495 3507 rebus
1525 3453 1720 3523 parvis
1771 3453 2010 3508 adhibe-

358 3555 517 3604 mus,
588 3539 659 3594 ad
728 3540 1012 3608 majorem
1082 3538 1524 3611 plenioremque
1590 3541 2010 3613 benignitatem

358 3632 641 3685 exerceat.
672 3628 898 3691 Quanta
928 3627 1105 3694 enim,
1140 3644 1356 3698 quaeso,
1415 3628 1528 3699 his,
1590 3630 1687 3701 qui
1747 3631 2011 3701 ejusdem

361 3716 665 3773 nobiseum
697 3716 925 3785 generis
957 3720 1131 3787 atque
1152 3717 1391 3773 honoris
1422 3722 1581 3785 sunt,
1605 3719 1869 3787 debetur,
1889 3737 2012 3792 quae

358 3806 449 3862 vel
479 3822 666 3878 usque
696 3806 766 3862 ad
801 3822 887 3871 ea,
922 3823 1048 3878 quae
1082 3807 1303 3861 ratione
1336 3812 1552 3877 carent,
1587 3808 1882 3880 exigitur?

432 3894 614 3951 XXIX.
647 3897 832 3966 Atque
864 3895 985 3950 haec
1016 3895 1252 3967 quidem
1288 3898 1536 3952 suadent
1583 3898 1750 3967 ratio,
1801 3903 1857 3953 et
1903 3897 2013 3965 lex,

359 3988 419 4040 et
446 3983 751 4040 hominum
786 3985 1237 4040 moderatissimi
1270 3986 1670 4057 quique,apud
1703 4005 1848 4058 quos
1882 4005 2017 4059 prae-

363 4072 634 4128 stabilius
664 4073 912 4128 babetur
946 4075 1292 4129 beneﬁcium
1327 4076 1462 4130 dare
1513 4093 1684 4145 quam
1735 4078 2016 4147 accipere,

364 4161 692 4231 majorique
742 4164 935 4217 studio
986 4168 1074 4217 est
1106 4164 1525 4231 misericordia,
1560 4182 1733 4235 quam
1767 4165 2017 4221 lucrum.

366 4250 512 4315 Quid
546 4267 676 4305 vero
702 4251 770 4306 de
790 4251 1006 4306 nostris
1039 4252 1402 4323 sapientibus
1434 4254 1675 4309 dixeris?
1691 4254 2019 4311 Nihilenim

369 4338 441 4393 de
470 4338 678 4393 exteris
710 4338 858 4405 dico,
891 4339 988 4410 qui
1023 4340 1178 4394 vitiis
1211 4342 1334 4395 suis
1368 4346 1641 4411 patronos
1672 4345 1811 4401 deos
1851 4362 2021 4400 exco-
2052 4331 2099 4394 D

442 4426 486 4463 ιο
516 4425 669 4481 Psal.
702 4444 757 4497 x,
794 4428 878 4495 14,
913 4444 1028 4481 sec.
1063 4427 1233 4484 Hebr.
1314 4432 1355 4464 “
1389 4428 1554 4484 Deut.
1587 4446 1724 4499 xxn,
1762 4433 1786 4486 1
1823 4450 1985 4506 seqq.

441 4516 553 4587 (37)
612 4513 1148 4588 Ε’γκαταλέλειπται.
1219 4519 1358 4591 Reg.
1428 4520 1558 4585 bm,
1629 4518 2017 4593 ἐγκαταλείπε-

364 4606 473 4641 ται.

582 4658 970 4733 Παρατρέχεις.
1004 4660 1096 4715 Sic
1132 4660 1306 4733 Regg.
1342 4679 1396 4729 a,
1429 4662 1549 4731 bm,
1583 4680 1635 4731 c,
1668 4665 1723 4732 d,
1758 4670 1815 4720 et
1842 4666 1935 4722 Or.
1960 4668 2014 4722 2.

367 4730 894 4805 Eli-assesasses.

584 4799 920 4876 ’All'dt'ptoc.
954 4802 1267 4876 egAlienus,
1294 4826 1320 4853 »
1362 4821 1592 4876 nempe,
1620 4829 1647 4857 ‹‹
1680 4806 2017 4865 Diabolus.»

466 4874 553 4945 40)
578 4873 752 4948 Τόσῳ.
784 4873 851 4930 In
884 4875 1257 4948 quibusdam,
1289 4873 1554 4948 τοσούτῲ.

464 4944 550 5019 41)
585 4944 757 5019 Πμλῇς.
793 4950 855 5001 In
888 4944 1045 5019 aliis,
1072 4944 1228 5007 πλεῖς
1261 4944 1546 5019 [rectius].

466 5018 554 5088 42)
581 5016 811 5093 Εὐεκτῇς
852 5017 940 5070 καὶ
991 5016 1466 5093 πλουτῇςίῆθεε.
1508 5016 1570 5089 -ξι,
1622 5039 1670 5087 o,
1723 5023 1781 5093 d,
1834 5024 1930 5078 Or.
1960 5025 2014 5078 2.

369 5086 642 5155 Μσηιεοη
677 5086 908 5150 εὐεκτεῖς
944 5089 1031 5142 καὶ
1065 5086 1342 5151 πλουτεῖς.

442 5161 550 5233 (43)
583 5161 672 5228 Mr,
725 5160 1006 5289 βουληθῇς
1064 5161 1253 5231 ἐπᾶραι
1316 5166 1475 5237 χεῖρα
1525 5160 1674 5217 Θεόν.
1710 5167 1884 5233 (Pan,
1941 5164 2015 5235 μή

442 5229 665 5289 classic
751 5233 984 5289 παοᾶραι
1058 5238 1219 5289 ’ίιῖοα
1277 5238 1390 5289 Θεῶ
1448 5236 1825 5289 lcorruntel.)
1862 5256 1888 5288 α
1938 5238 2015 5289 Ne

372 5229 665 5304 βουληθεὶς
725 5229 984 5307 ἒπαρᾷραι
1058 5229 1219 5308 χεῖρα
1277 5229 1825 5307 Θεῷ’[οοι“ῐί1ριε].)
1862 5256 1888 5288 α
1938 5229 2019 5293 Ne

366 5308 704 5361 committas
736 5312 799 5363 ut
833 5313 982 5361 Deus
1033 5307 1271 5361 manum
1305 5307 1575 5360 extendat
1606 5310 1663 5361 in
1696 5324 1817 5374 eos,
1849 5330 1874 5355 κ)
1908 5312 2015 5363 etc.

465 5379 552 5450 44)
590 5376 726 5439 Τοὺς
754 5379 1015 5450 πένητας.
1055 5378 1182 5432 Haec
1213 5379 1424 5450 desunt
1457 5378 1512 5432 in
1547 5378 1683 5449 Reg.
1718 5380 1836 5434 bm.

462 5450 547 5521 45)
577 5449 780 5521 Tthal.
820 5454 1037 5505 Desunt
1075 5450 1129 5503 in
1165 5449 1461 5504 nonnullis
1493 5450 1659 5503 codd.

370 5520 551 5646 “(1:6)
581 5520 688 5593 Τῷ.
724 5524 814 5579 Sic
866 5524 1040 5593 Regg.
1076 5539 1127 5589 a,
1165 5538 1215 5587 c,
1249 5523 1304 5587 d,
1338 5529 1394 5575 et
1435 5522 1591 5576 Orat.
1637 5525 1690 5575 2.
1748 5526 1914 5577 Deest
1958 5522 2018 5578 in

445 5598 507 5645 it.

677 5660 843 5735 μηδὲν
874 5660 1028 5740 ἔχῃς.
1056 5663 1233 5735 Regg.
1264 5663 1319 5730 d,
1346 5663 1466 5740 brn,
1490 5660 1537 5717 εἷ’
1568 5659 2015 5740 δέᾹμηδὲν-ἕχεις.

466 5732 551 5805 ιδ)
585 5732 875 5809 Δάκρυσον.
910 5732 1096 5809 'a'egg.
1144 5732 1209 5801 ἐις
1270 5750 1321 5803 c,
1381 5737 1439 5805 d,
1497 5740 1552 5792 et
1608 5732 1765 5792 orat.
1813 5732 2017 5809 2,”δά.

440 4879 457 5088 l

437 5378 458 5603 Ξ

2114 1694 2228 1729 σον.
2293 1673 2383 1740 Μὴ
2435 1672 2722 1746 ἀναμείνῃς
2776 1670 2861 1727 ἐπὶ
2922 1677 3145 1727 σεαυτοῦ
3206 1677 3412 1745 μαθεῖν,
3474 1671 3596 1727 ὅσον
3652 1670 3763 1725 ἰστὶ

2114 1761 2277 1815 κακὸν
2327 1759 2719 1836 ἀπανθρωπία,
2768 1759 2857 1814 καὶ
2909 1762 3023 1815 οἷον
3076 1761 3275 1835 ἀγαθὸν
3319 1760 3604 1836 σπλάγχνα
3655 1764 3764 1822 τοῖς

2115 1848 2414 1925 χρῄζουσιν
2466 1849 2827 1925 ἀνοιγόμενα·
2878 1850 2965 1917 Μὴ
3021 1847 3301 1925 βουληθῇς
3362 1848 3555 1925 ἐπᾶραι
3603 1854 3765 1925 χεῖρα

2117 1938 2245 1992 Θεὸν
2280 1940 2391 2011 (43)
2423 1937 2557 1992 κατά
2599 1942 2705 1992 τῶν
2756 1937 3226 2013 ὑψαυχενούντων,
3259 1937 3349 1991 καὶ
3390 1937 3764 2013 παρατρεχόν-

2114 2048 2222 2082 των
2271 2026 2398 2089 τοὺς
2452 2026 2685 2097 πένητας
2745 2030 2879 2100 (44).
2943 2028 3025 2081 Ἐν
3085 2024 3406 2103 ἀλλοτρίαις
3456 2031 3762 2104 συμφοραῖς

2114 2120 2280 2170 ταῦτα
2310 2113 2653 2185 παιδεύθητυ
2708 2114 2798 2170 δός
2846 2136 2899 2170 τι
2950 2116 3039 2170 καὶ
3087 2118 3201 2189 (45)
3246 2116 3436 2189 μικρὸν
3468 2121 3546 2188 τῷ
3578 2113 3766 2188 δεομέ-

2115 2225 2215 2277 νῳ·
2277 2204 2338 2259 οὐ
2398 2205 2501 2281 γάρ
2565 2206 2759 2279 μικρὸν
2806 2209 2882 2277 τῷ
2929 2203 3143 2259 πάντων
3193 2202 3413 2277 ἐπιδεεῖ,
3463 2203 3590 2260 ἀλλ’
3640 2202 3765 2259 οὐδὲ

2114 2298 2193 2365 τῷ
2219 2296 2331 2367 (46)
2378 2293 2514 2366 Θεῷ,
2551 2294 2609 2347 ἂν
2711 2294 2847 2347 κατά
2896 2290 3145 2366 δύναμιν.
3202 2293 3300 2355 Δὸς
3351 2292 3465 2347 ἀντὶ
3524 2292 3766 2368 μεγάλου

2114 2383 2214 2452 τὴν
2265 2381 2590 2458 προθυμίαν·
2654 2381 2698 2437 εἰ
2761 2379 2929 2454 μηδὲν
2980 2380 3109 2457 ἔχῃς
3155 2383 3291 2456 (47),
3333 2378 3601 2458 δάκρυσον
3632 2384 3763 2455 (48)’

2123 2473 2258 2548 μέγα
2286 2476 2363 2543 τῷ
2393 2474 2500 2545 (49)
2552 2471 2841 2546 ἀτυχοῦντι
2891 2472 3198 2548 φάρμακον,
3245 2468 3402 2533 ’έλεος
3441 2469 3547 2525 ἀπὸ
3580 2473 3765 2545 ψυχῆς

2120 2560 2529 2639 εἷσφερόμενος·
2590 2560 2682 2614 καὶ
2737 2561 2799 2615 τὸ
2857 2558 3142 2635 συναλγεῖν
3202 2559 3460 2636 γνησίως,
3520 2558 3665 2613 πολύ
3714 2580 3766 2612 τι

2118 2648 2361 2728 κουφίζει
2408 2656 2508 2719 τῆς
2559 2654 2843 2726 συμφορᾶς
2877 2689 2889 2703 .
2941 2647 3056 2705 Οὐκ
3100 2644 3244 2702 ἓστιν
3296 2647 3631 2724 ἀτιμώτερός
3684 2668 3765 2703 σοι

2117 2743 2214 2794 τοῖ’)
2244 2741 2475 2807 κτήνους
2508 2739 2535 2793 ὁ
2568 2736 2873 2814 ἅνθρωπος,
2907 2735 2951 2791 ὦ
2982 2739 3094 2811 (50)
3138 2735 3405 2813 ἄνθρωπε,
3439 2737 3467 2791 ’ὁ
3497 2737 3655 2791 πεσὸν
3689 2736 3764 2798 εἷς

2124 2827 2344 2904 βόθρον,
2378 2828 2413 2896 ἢ
2466 2824 2764 2897 πλανηθὶν,
2812 2826 3100 2902 ἀνεγείρειν
3154 2847 3239 2881 σοι
3286 2826 3376 2880 καὶ
3422 2824 3696 2899 ἐπανάγειν
3736 2826 3763 2878 ὁ

2118 2910 2285 2988 νόμος
2341 2912 2735 2970 διακελεύεται’
2798 2913 2842 2968 εἰ
2906 2914 2998 2987 μέν
3057 2935 3109 2968 τι
3170 2913 3259 2969 καὶ
3318 2912 3456 2969 ἄλλο
3510 2913 3761 2987 κρύπτων

2121 3004 2557 3081 ἀπορῥητότερον
2590 3005 2678 3058 καὶ
2714 3003 3020 3079 βαθύτερον,
3065 3002 3153 3057 οἶα
3200 3004 3266 3057 τὰ
3310 3000 3496 3057 πολλᾶ
3528 3004 3639 3076 (51)
3670 3005 3769 3055 τοῦ

2117 3097 2349 3167 νομικοῦ
2385 3093 2583 3167 βάθους
2613 3092 2702 3147 καὶ
2732 3099 2833 3161 τῆς
2884 3089 3143 3163 διπλόης,
3178 3090 3276 3147 οὐκ
3326 3091 3454 3164 ἐμὸν
3502 3095 3667 3146 τοῦτο
3698 3089 3771 3144 εἲ-

2119 3182 2287 3254 δέναι,
2339 3182 2479 3238 ἀλλά
2524 3187 2621 3237 τοῦ
2668 3185 2841 3237 πάντα
2893 3181 3217 3257 έρευνῶντος
3266 3180 3352 3235 καί
3403 3180 3771 3255 γινώσκοντος

2119 3271 2452 3345 Πνεόματος·
2485 3273 2514 3325 ’ὸ
2546 3269 2591 3326 δ’
2641 3269 2732 3326 οὖν
2784 3270 2889 3347 ἐγὼ
2920 3274 3032 3345 (52)
3062 3265 3488 3343 καταλαμϐάνω,
3520 3268 3610 3323 καὶ
3644 3267 3765 3322 ὅσον

2121 3361 2197 3424 εἷς
2227 3361 2318 3416 τὸν
2351 3359 2482 3432 ἐμὸν
2509 3359 2629 3429 ἥκει
2680 3359 2867 3436 λόγον,
2917 3359 3205 3435 γυμνάζων
3234 3359 3381 3431 ἡμᾶς
3427 3357 3533 3411 ἀπὸ
3565 3359 3661 3427 τῆς
3693 3356 3771 3418 εἷς

2117 3450 2185 3506 τὰ
2246 3451 2410 3525 μικρὰ
2466 3447 2895 3528 φιλανθρωπίας,
2954 3448 3039 3503 ἐπὶ
3096 3449 3196 3516 τὴν
3260 3444 3601 3521 τελειοτέραν
3656 3447 3770 3518 (53)

2121 3539 2210 3596 καὶ
2272 3539 2490 3613 μείζονα
2523 3584 2534 3594 .
2582 3538 2729 3608 Πόση
2800 3538 2901 3615 γὰρ
2953 3535 3229 3616 ὀφείλεται
3280 3541 3401 3598 τοῖς
3462 3534 3769 3613 ὁμοφύλοις

2122 3630 2212 3685 καὶ
2262 3627 2554 3703 ὁμοτίμοις
2606 3630 2641 3697 ἡ
2688 3628 2777 3682 καὶ
2831 3626 2996 3703 μέχρι
3061 3631 3167 3681 τῶν
3237 3624 3455 3701 ἀλόγων
3508 3625 3765 3680 ἀπαιτου-

2128 3718 2261 3794 μίνη
2298 3737 2311 3788 ;

2196 3903 2314 3953 ΚΘ’.
2345 3899 2521 3951 Ταῦτα
2553 3895 2647 3968 μὶν
2691 3891 2786 3949 οὗδ
2818 3895 2846 3949 ὁ
2896 3891 3087 3969 λόγος,
3118 3894 3208 3948 καὶ
3242 3894 3270 3948 ὁ
3302 3892 3495 3966 νόμος,
3544 3889 3634 3947 καὶ
3666 3894 3775 3946 τῶν

2126 3986 2427 4062 ἀνθρώπων
2461 3985 2511 4038 οἱ
2563 3984 2943 4060 μετριώτατοι,
2976 3984 3101 4059 παρ’
3152 3983 3233 4045 οἷς
3284 3983 3343 4037 τὸ
3376 3982 3431 4036 εὖ
3471 3986 3646 4037 ποιεῖν
3678 3984 3773 4034 τοῦ

2127 4076 2355 4151 πάσχειν
2387 4074 2738 4149 τιμιώτερον,
2770 4073 2859 4127 καὶ
2904 4069 3500 4149 περισπουδαστότερος
3550 4067 3773 4145 κέρδους

2130 4162 2300 4226 ἔλεος.
2355 4164 2414 4217 Τί
2463 4162 2509 4219 δ’
2557 4162 2615 4218 ἂν
2664 4161 2836 4224 εἶ’ποις
2883 4162 3006 4238 περὶ
3057 4167 3163 4217 τῶν
3195 4163 3314 4225 καθ’
3362 4164 3511 4235 ⁴ἧμόὶς
3546 4164 3773 4239 σοφῶν;

2132 4256 2238 4308 Ἐὦ
2268 4255 2370 4328 γὰρ
2403 4250 2578 4329 λέγειν
2622 4256 2751 4313 τοῦς
2804 4250 3017 4322 ἔξωθεν,
3071 4250 3121 4305 οἳ
3154 4250 3481 4327 συνηγόρους
3528 4254 3645 4311 τοῖς
3676 4250 3774 4303 πά-

2130 4344 2239 4397 θεσι
2271 4340 2424 4403 θεοὺς
2476 4339 2830 4417 εὑρίσκοντες,
2880 4338 2969 4394 καὶ
3015 4344 3093 4412 τῷ
3138 4336 3372 4414 Κιρδώῳ
3422 4341 3557 4412 (54),
3589 4338 3634 4411 ᾧ
3667 4340 3777 4411 (55)

2125 4540 2311 4575 κουον.

2338 4592 2443 4665 Τῷ.
2477 4590 2568 4646 Sic
2601 4591 2863 4665 Regg._a,
2895 4591 3017 4665 bm,
3056 4592 3228 4646 Deest
3259 4588 3317 4643 in
3352 4589 3493 4644 edit.

2198 4662 2312 4752 ea
2341 4663 2423 4752 ts-
2466 4665 2633 4751 Deest
2656 4662 3043 4752 ispluribus

2203 4726 2317 4806 (51)
2347 4734 2448 4787 Οἴα
2474 4734 2541 4788 τὰ
2578 4726 2783 4802 πολλά,
2817 4739 2924 4789 etc.
2951 4756 2978 4782 ‹‹
3011 4731 3353 4806 cujusmodi
3404 4736 3540 4786 sunt
3591 4726 3775 4781 multa

2127 4804 2332 4878 legalis
2363 4805 2799 4878 profunditatis,
2833 4804 3183 4878 ac‘duplicis
3227 4818 3454 4878 sensus,
3485 4823 3504 4849 ο
3532 4814 3773 4878 nempe,

2128 4901 2156 4929 ‹‹
2183 4870 2516 4949 Ξρὶνὶιὶιιιιὶε
2547 4883 2603 4932 et
2625 4870 2937 4949 allegorici.
2954 4899 2983 4949 ν
3006 4870 3132 4949 Non
3164 4876 3310 4931 bene
3330 4872 3507 4949 igitur
3532 4870 3773 4927 Billius:

2129 4972 2156 5000 «
2190 4945 2530 5020 C'ujusmodi
2587 4945 2894 5021 plerasque
2951 4947 3155 5021 legalis
3215 4945 3583 5019 profunditas
3640 4960 3776 4998 sen-

2128 5036 2422 5113 suumque
2440 5020 2767 5113 ﬁ(inplicitas
2796 5020 2991 5113 habet.
3020 5020 3048 5069 ἡ

2196 5085 2405 5163 (52)νο
2437 5088 2481 5145 δ’
2511 5085 2601 5145 οὖν
2643 5090 2893 5164 ἐγώ.ῌ1ῐᾳ
2940 5096 3117 5164 ῌθεε.
3151 5105 3204 5160 a,
3229 5089 3380 5164 _bm,
3408 5092 3465 5143 et
3495 5087 3591 5164 Dr.
3623 5089 3676 5141 2.
3711 5085 3774 5141 1n

2129 5158 2507 5238 quibusdam,
2540 5164 2613 5238 ᾡς
2657 5158 2703 5217 δ”
2744 5160 2834 5238 οὗν
2869 5162 2995 5238 ἰγώ.
3025 5158 3197 5238 Deest
3226 5158 3427 5238 é-{cbjn
3460 5160 3598 5238 edit.

2161 5236 2311 5361 ἐ(53)
2343 5225 2706 5312 Τελειότέραν.
2761 5225 2938 5307 Ηθεέ.
2972 5252 3026 5303 a,
3059 5252 3110 5305 ο,
3141 5234 3199 5300 d,
3242 5225 3298 5287 et.
3341 5231 3436 5287 Or.
3469 5232 3525 5297 2,
3580 5225 3775 5283 τελεω-

2190 5327 2305 5361 οαν.

2126 5328 2305 5363 τεοαν.

2190 5327 2600 5452 ἓξὲξ-Κερδῴῳ.
2634 5401 2661 5428 ‹‹
2698 5378 2925 5446 Lucrio,
2958 5374 3266 5433 Mercurio.
3294 5396 3321 5421 ι)
3356 5373 3536 5445 Regg.
3570 5373 3690 5437 bm,
3726 5386 3775 5437 ο,

2128 5451 2186 5517 d,
2210 5446 2425 5522 κέρδει,
2447 5473 2473 5522 (ι
2504 5446 2691 5522 lucro.
2715 5472 2743 5499 ››

2198 5511 2312 5593 (55)
2342 5511 2427 5593 ’9.
2462 5521 2632 5577 Deest
2680 5521 2739 5576 in
2784 5521 2922 5593 (Reg.
2976 5536 3051 5593 c._
3080 5520 3147 5574 Et
3196 5519 3371 5593 certo,
3416 5531 3515 5593 eo_
3548 5511 3778 5593 sublato

2127 5585 2490 5647 commodior
2532 5597 2621 5649 est
2663 5585 2953 5659 lectiofac
3006 5590 3089 5645 sic
3137 5587 3281 5645 verti
3332 5590 3524 5661 potest
3558 5602 3570 5639 :
3599 5608 3625 5634 ‹‹
3660 5585 3779 5639 Imo

2127 5680 2283 5735 vero,
2316 5664 2472 5735 quod
2504 5665 2694 5723 adhuc
2740 5665 2908 5738 pejus
2939 5667 3048 5734 est,
3081 5661 3207 5735 lege
3257 5664 3313 5717 et
3360 5674 3522 5717 more
3573 5671 3775 5715 sanxe-

2127 5740 2286 5804 runt,
2310 5757 2337 5788 ››
2372 5740 2480 5794 etc.
