4146 6290
415 277 537 339 899

1656 277 1720 335 S.
1771 273 2143 336 GREGORII
2189 270 2586 337 THEOLOGI

3706 276 3826 344 900

415 414 531 465 tem
561 409 748 463 metiri
787 411 868 468 ﬂ;
900 407 1032 479 quis
1067 407 1273 460 divina»
1321 407 1376 461 in
1428 406 1706 461 omnibus
1759 407 1933 461 rebus
1965 425 2032 464 sa

2177 406 2263 460 καὶ
2312 406 2579 476 πεποίηκε
2638 405 2706 461 τὰ
2742 405 2936 474 πάντα,
2971 405 3061 462 καί
3094 401 3288 462 διοικεῖ
3316 407 3541 485 τρόπον,
3576 411 3633 465 δν
3665 411 3824 475 αὐτὸς

411 498 642 569 pienticc
675 496 1155 568 profunditatem,
1194 515 1294 568 per
1326 513 1502 567 quam
1533 500 1591 552 et
1619 497 1816 551 omnia
1849 499 2063 552 creavit

410 591 466 641 et
495 586 835 655 ea,quemad
851 585 1082 639 modum
1123 587 1241 653 ipse
1276 585 1393 638 vult
1426 602 1489 639 ac
1512 585 2060 653 novit,moderatur,

409 674 758 745 investigare
792 674 1016 744 queat?
1050 675 1205 728 Satis
1248 676 1401 726 enim
1455 673 1623 728 nobis
1655 679 1764 740 est,
1799 675 2058 746 Apostoli

408 762 889 833 exemplo,ipsius
922 763 1295 832 conjiciendss
1321 772 1373 816 et
1406 763 1870 834 contemplandas
1907 764 2056 817 diffi-

407 851 685 906 cultatem
721 852 1069 905 admirando
1102 851 1288 904 solum
1325 850 1679 922 pertransire
1714 871 1726 907 :
1758 852 1797 908 0
1828 852 2059 908 altitudo

406 941 733 995 divitiarum
765 943 1048 1011 sapientia?
1080 949 1128 994 et
1166 943 1416 996 scicntia:
1464 941 1596 994 Dei!
1626 957 1789 1011 quam
1840 943 2054 996 inseru-

407 1030 606 1084 tabz’lia
634 1040 761 1083 sunt
781 1030 996 1101 judicia
1027 1031 1163 1099 ejus,
1193 1035 1242 1084 et
1277 1030 1675 1100 z'nvestigabiles
1707 1032 1807 1084 vix
1836 1031 1953 1102 ejus
1978 1031 2058 1084 ¹³Ι

407 1120 495 1185 Ει,
529 1121 665 1188 Qui:
709 1123 857 1173 novit
916 1123 1151 1172 mentem
1179 1120 1403 1173 Domini
1464 1118 1555 1172 1“?
1587 1119 1738 1189 Quis,
1798 1123 1862 1174 ut
1921 1137 2054 1176 cum

404 1208 515 1263 Job
545 1207 772 1279 loquar,
806 1208 875 1262 ad
905 1225 1184 1262 summum
1213 1208 1507 1278 sapientia:
1536 1209 1654 1278 eius
1706 1210 1930 1264 accessit
1964 1211 2007 1245 ¹⁷
2027 1209 2055 1264 ‘I

408 1298 545 1366 Qui:
575 1298 813 1368 sapiens,
847 1305 896 1351 et
931 1297 1198 1365 intelliget
1225 1297 1334 1351 haec
1364 1296 1501 1363 “hac
1533 1314 1648 1352 non
1681 1314 1784 1370 per
1811 1297 2052 1370 id,quod

405 1385 624 1457 percipi
658 1403 769 1441 non
805 1391 1014 1457 potest,
1051 1385 1130 1453 id,
1167 1387 1320 1456 quod
1356 1403 1536 1459 supra
1572 1401 1912 1442 mensuram
1943 1391 2050 1456 est,

405 1475 678 1530 metietur
697 1474 724 1529 ?

479 1563 668 1618 XXXI.
703 1563 867 1618 Alius
903 1564 1079 1635 igitur
1110 1563 1166 1617 in
1202 1564 1291 1617 his
1309 1563 1480 1619 rebus
1502 1564 1849 1621 temerarius
1871 1568 1927 1619 et
1950 1581 2052 1619 au-

403 1654 514 1708 dax
545 1655 638 1723 sit,
662 1652 750 1708 vel
783 1653 978 1723 potius
1014 1670 1180 1707 nemo
1215 1655 1289 1707 sit
1322 1669 1334 1706 :
1370 1669 1473 1725 ego
1501 1657 1718 1720 autem,
1750 1652 1839 1708 vel
1873 1653 2050 1724 hujus

2171 494 2260 550 καὶ
2319 495 2573 570 βούλεται
2633 493 2722 551 καί
2779 495 3088 564 ἐπίσταταις
3154 498 3337 574 ’Δρκεῖ
3388 499 3512 574 γὰρ,
3561 499 3699 554 κατά
3736 503 3825 557 τὸν

2172 589 2313 648 θεῖον
2375 584 2734 656 Ἀπόστολον,
2807 583 3183 658 Θαυμάσαντας
3258 586 3420 658 μόνον
3498 589 3562 642 τὸ
3619 587 3825 660 ταύτης

2171 670 2570 750 δυστέκμαρτον
2625 672 2714 729 καὶ
2765 671 3134 748 δεσθεώρητον
3194 673 3520 752 παρελθεῖν·
3558 679 3622 732 Ὠ
3657 678 3823 754 βάθος

2168 760 2432 837 πλούτου,
2491 764 2581 817 καὶ
2641 762 2853 841 σοφίας,
2910 763 2997 818 καὶ
3052 765 3306 839 γνώσεως
3363 766 3534 821 Θεοῦί
3596 765 3672 828 ὡς
3729 767 3819 821 ἆν-

2168 851 2483 927 εξερεύνητα
2562 851 2629 907 τὰ
2730 851 2969 928 κρίματα
3069 853 3260 915 αὐτοῦ,
3355 852 3443 907 καὶ
3515 853 3817 930 ἀνεξιχνία-

2167 962 2281 995 στοι
2339 944 2453 1014 (71)
2510 942 2565 996 αἱ
2623 939 2742 996 ὁδοὶ
2802 941 3003 997 αὐτοῦί
3064 944 3174 1014 καὶ,
3230 942 3320 1004 Τίς
3371 939 3512 1016 ἔγνω
3540 948 3663 998 νοῦν
3715 952 3816 1000 Κυ-

2167 1029 2322 1106 ρίου;
2384 1030 2446 1084 El
2504 1028 2561 1085 δὶ
2617 1033 2684 1085 τὰ
2739 1028 2940 1107 ἔσχατα
2992 1035 3092 1101 τῆς
3147 1032 3336 1107 σοφίας
3388 1031 3551 1086 αὐτοῦ
3580 1033 3660 1094 τίς
3722 1035 3817 1111 ἀφ-

2168 1119 2344 1188 ίκετο;
2392 1121 2553 1197 φησὶν
2615 1123 2643 1173 ὁ
2699 1116 2848 1176 Ίώϐ.
2905 1120 2995 1182 Τίς
3053 1122 3238 1197 σοφὸς,
3297 1121 3386 1174 καὶ
3437 1123 3653 1192 συνήσει
3686 1121 3814 1176 ταῦ-

2161 1230 2247 1278 τα,
2307 1210 2395 1264 καὶ
2457 1209 2583 1286 οὐχὶ
2621 1213 2700 1281 τῷ
2729 1208 2994 1287 ἀνεφίκτῳ
3022 1212 3133 1283 (72)
3167 1212 3420 1285 μετρήσει
3446 1210 3508 1266 τὸ
3542 1211 3672 1286 ὑπὲρ
3730 1211 3823 1284 μὲ-

2162 1317 2372 1372 τρησιν,

3069 853 3260 915 αὐτοῦ,

2237 1566 2358 1622 .-\A'.
2391 1563 2599 1628 Ἀλλος
2635 1565 2727 1640 μὲν
2762 1563 2852 1619 οὖν
2912 1565 2994 1635 εἷή
3048 1565 3170 1629 περὶ
3210 1570 3377 1622 ταῦτα
3405 1565 3692 1644 τολμηρὸς
3721 1567 3810 1623 καὶ

2162 1655 2440 1729 γεντάδας,
2479 1651 2690 1726 μᾶλλον
2725 1652 2780 1709 δὲ
2813 1652 2893 1724 ε’ίη
2933 1652 3122 1728 μηδείς
3150 1674 3161 1686 ·
3197 1654 3302 1731 ἐγὼ
3353 1652 3409 1710 δὲ
3461 1655 3604 1710 ὀκνῶ
3652 1658 3813 1730 κακίᾳ

399 1745 532 1799 vitae
564 1744 885 1798 cruciatum
921 1745 1302 1814 improbitati,
1326 1743 1414 1799 vel
1439 1761 1530 1800 res
1560 1743 1720 1799 laetas
1751 1748 1808 1800 et
1839 1761 2038 1800 secun-

2163 1740 2345 1796 δοῦναι
2397 1744 2612 1804 πάντως
2661 1745 2758 1812 τήν
2806 1742 3040 1798 ἐντεῦθεν
3090 1743 3334 1816 κόλασιν,
3368 1747 3401 1814 ἢ
3435 1740 3679 1816 εὐσεϐείᾳ
3707 1747 3806 1814 τήν

400 1834 504 1889 das
538 1833 735 1905 pietati
766 1834 1002 1888 omnino
1034 1834 1321 1888 ascribere
1354 1850 1588 1901 vereor;
1621 1834 1738 1888 imo
1770 1850 1901 1888 vero
1935 1851 2046 1888 non

401 1939 724 1993 nunquam,
759 1927 813 1976 et
844 1923 950 1976 hoc
984 1923 1056 1977 ob
1089 1923 1347 1992 aliquam
1378 1922 1689 1977 utilitatem
1742 1921 2044 1995 contingit,

401 2029 609 2082 nempe
644 2016 708 2065 ut
740 2011 824 2065 vel
880 2027 980 2082 per
1033 2012 1434 2081 improborum
1487 2009 1880 2067 calamitatem
1922 2011 2046 2066 vitii

399 2117 605 2155 cursus
637 2100 1103 2170 reprimatur,vel
1141 2118 1240 2172 per
1265 2103 1552 2155 bonorum
1579 2100 1916 2155 felicitatem
1936 2101 2046 2154 vir-

397 2189 506 2244 tuti
539 2191 625 2243 via
658 2190 990 2256 muniatur;
1026 2190 1121 2243 sed
1160 2191 1212 2242 id
1251 2208 1362 2243 non
1386 2207 1748 2261 semper,nec
1781 2190 2040 2254 omnino,

397 2296 597 2334 verum
633 2279 734 2333 hoc
769 2279 921 2334 280
945 2280 1137 2332 futuro
1165 2278 1409 2349 tempori
1439 2283 1668 2334 tantum
1696 2285 2043 2348 reservatur,

398 2368 457 2421 in
494 2386 606 2439 quo
658 2367 755 2422 alii
789 2368 1022 2421 virtutis
1055 2368 1333 2437 przemiis,
1365 2367 1462 2422 alii
1521 2366 1806 2423 scelerum
1859 2367 2046 2438 poenis

400 2458 750 2512 afﬁcientur.
787 2458 1081 2525 Res-urgent
1113 2459 1278 2526 enim,
1323 2456 1532 2528 inquit,
1582 2458 1644 2511 hi
1693 2457 1750 2510 in
1793 2472 2042 2512 resurre-

397 2548 629 2600 ctionem
661 2549 844 2611 vz'l.'c,z'
853 2546 930 2600 lli
953 2549 1006 2599 in
1035 2548 1489 2602 resurrectionem
1512 2547 1723 2618 judz‘riz’
1746 2548 1806 2600 ίθ.
1833 2548 2044 2602 Rerum

397 2639 591 2689 autem
626 2634 801 2704 hujus
835 2635 935 2687 aevi
961 2635 1071 2688 alia
1106 2636 1289 2689 forma
1318 2634 2038 2706 est,aliaquegubernatio.

397 2724 857 2786 tametsiomnia
888 2741 952 2777 eo
987 2724 1192 2786 ferant,
1228 2730 1404 2795 atque
1431 2725 1583 2796 apud
1636 2729 1810 2778 Deum
1847 2742 2039 2796 aequa-

395 2812 510 2867 bile
539 2812 818 2882 quiddam
846 2812 1043 2884 procul
1068 2814 1243 2866 duliio
1268 2813 1478 2868 habeat
1501 2813 1554 2866 id
1577 2814 1729 2884 quod
1765 2814 1931 2868 nobis
1957 2814 2041 2870 in-

394 2905 614 2973 aequale
644 2919 766 2956 esse
799 2903 1027 2956 videtur
1059 2921 1070 2956 :
1107 2902 1261 2956 haud
1287 2901 1452 2956 aliter
1500 2908 1667 2973 atque
1696 2903 1752 2957 in
1787 2904 2038 2974 corpori-

391 2993 501 3046 bus
534 2992 861 3046 eminentes
894 3009 956 3045 ac
1007 2992 1270 3045 demissae
1327 2994 1543 3062 partes,
1600 2992 2035 3063 magnitudines

394 3081 532 3136 item
568 3085 624 3135 et
655 3081 989 3151 parvitates,
1027 3085 1194 3150 atque
1229 3080 1284 3133 in
1320 3085 1492 3145 terra,
1527 3084 1646 3134 tam
1678 3095 1745 3133 ea
1766 3097 1891 3150 quae
1923 3079 2035 3135 alte

2160 1833 2367 1886 ἂὶνεσιν⁹
2403 1830 2529 1887 ἀλλ’
2563 1830 2672 1886 ἔστι
2734 1832 2827 1904 μὶν
2875 1833 2962 1888 ὅτε
3011 1835 3099 1888 καὶ
3150 1834 3284 1910 πρός
3339 1855 3391 1888 τι
3443 1837 3744 1910 χρήσιμον,
3776 1837 3810 1904 ἢ

2156 1922 2344 1982 κακίας
2420 1920 2825 1997 ἐγκοπτομὲνῆς
2903 1919 3195 1977 δυσπαθεία
3266 1928 3372 1977 τῶν
3432 1928 3711 1999 πονηρῶν,
3770 1927 3804 1994 ἧ

2157 2009 2351 2086 ἀρετῆς
2402 2007 2838 2083 ὁδοποιουμὲνης
2891 2011 3144 2083 εὐπαθείᾳ
3200 2017 3307 2066 τῶν
3341 2008 3635 2087 βελτιόνων
3664 2032 3675 2044 '
3709 2013 3809 2068 οὐκ

2158 2097 2342 2167 ἀεὶδὲ,
2376 2097 2500 2154 οὐδὲ
2551 2099 2788 2170 πάντως,
2839 2099 2966 2155 ἀλλ’
3005 2101 3137 2155 εἶναι
3183 2106 3345 2155 τοῦτο
3397 2100 3557 2173 μόνον
3614 2107 3806 2178 καιροῦ

2153 2193 2251 2242 τοῦ
2303 2188 2625 2262 μέλλοντος,
2667 2190 2783 2242 καθ’
2807 2188 2861 2242 ὅν
2896 2190 2946 2243 οἱ
2982 2190 3076 2262 μὶν
3105 2189 3171 2244 τὰ
3199 2196 3299 2258 τῆς
3332 2189 3528 2264 ἀρετῆς
3563 2188 3720 2263 ἆθλα,
3753 2192 3805 2246 οἱ

2157 2273 2212 2331 δὲ
2261 2278 2328 2332 τὰ
2375 2284 2476 2347 τῆς
2535 2277 2720 2338 κακίας
2763 2276 3008 2350 ἐπιτίμια
3040 2281 3158 2351 (73)
3216 2275 3480 2347 δέξονται,
3537 2279 3804 2350 ’Λναστή-

2155 2387 2336 2421 σονται
2412 2367 2512 2442 γὰρ
2589 2365 2770 2430 οὗτοι,
2850 2366 3032 2444 φησὶν,
3113 2365 3187 2428 εἷς
3266 2368 3550 2420 ἀνάστασιν
3630 2372 3796 2440 ζωῆς,

2151 2455 2240 2509 καὶ
2295 2455 2444 2510 οὗτοι
2514 2455 2587 2516 εἷς
2648 2455 2925 2510 ἀνάστασιν
2992 2456 3260 2529 κρίσεως·
3319 2456 3386 2509 τὰ
3445 2452 3502 2510 δὲ
3561 2454 3799 2510 ἐντεῦθεν

2152 2544 2334 2620 ἐτέρου
2363 2545 2534 2599 τύπου
2593 2551 2746 2611 εἶναι,
2786 2545 2874 2599 καὶ
2907 2545 3126 2620 ἀγωγῆς
3161 2543 3364 2618 ἐτέρας,
3434 2546 3604 2599 πάντα
3660 2544 3800 2599 ἐκεῖ·

2152 2654 2208 2687 σε
2239 2635 2489 2712 φέροντα,
2544 2633 2777 2710 ἐχούσης
2811 2632 3012 2689 ὁλαλόν
3043 2655 3094 2688 τι
3128 2633 3272 2708 παρᾶ
3319 2637 3432 2705 Θεῷ
3463 2635 3673 2695 πάντως
3706 2633 3796 2688 καὶ

2146 2729 2246 2791 τῆς
2280 2720 2545 2792 δοκούσης
2577 2724 2711 2794 ἡμῖν
2745 2721 3063 2794 ἀνωμαλίας
3091 2741 3102 2753 ·
3139 2721 3318 2796 ὣσπερ
3350 2721 3400 2776 ἐν
3435 2723 3642 2793 σώματι
3697 2723 3794 2784 τὰς

2149 2809 2340 2886 ἐξοχάς
2395 2832 2452 2865 τε
2497 2811 2586 2865 καὶ
2637 2810 2880 2885 εἷσοχάς,
2939 2811 3141 2884 μεγέθη
3192 2831 3249 2864 τε
3297 2810 3384 2864 καὶ
3435 2810 3786 2884 μικρότητας,

2146 2900 2233 2954 καὶ
2267 2903 2367 2975 γῆς
2399 2899 2775 2961 ἐπαναστάσεις
2805 2921 2863 2954 τε
2891 2899 2978 2954 καὶ
3012 2901 3224 2978 ὑφέσεις
3267 2899 3318 2969 ἐξ
3352 2901 3423 2952 ὧν
3471 2896 3532 2953 τὰ
3581 2896 3790 2960 κάλλος

2143 2993 2211 3062 τῇ
2243 2991 2378 3064 πρὸς
2429 2987 2650 3060 ἄλληλα
2699 2995 2880 3064 σχέσει
2927 2988 3309 3061 συνιστάμενόν
3349 3010 3408 3043 τι
3435 2989 3525 3042 καὶ
3558 2985 3794 3063 θεωρού-

2149 3100 2305 3151 μενον
2337 3098 2349 3110 ·
2387 3078 2498 3134 ἐπεὶ
2530 3079 2618 3134 καὶ
2651 3078 2897 3153 τεχνίτου
2931 3081 3038 3151 (74)
3069 3079 3129 3132 τὸ
3161 3077 3282 3154 περὶ
3323 3079 3421 3148 τήν
3473 3075 3611 3147 ὕλην
3658 3077 3792 3138 τὲως

391 3188 451 3225 se
479 3149 746 3237 efferunt,
781 3187 956 3239 quam
1004 3149 1131 3239 quae
1182 3169 1516 3236 subsidunt,
1549 3185 1618 3223 ex
1664 3149 1875 3239 quibus
1909 3168 2032 3238 pul-

2159 3166 2371 3223 Ξὶτακτὸν
2432 3168 2519 3222 καὶ
2551 3167 2867 3240 ἀνώμαλον,
2901 3165 3022 3221 λίαν
3057 3163 3304 3242 ἔντεχνον
3333 3169 3421 3239 ἦν,
3456 3165 3514 3220 ἂν
3548 3166 3684 3242 πρός
3714 3187 3794 3220 τι-

390 3259 660 3312 chritudo
694 3262 896 3312 mutua
936 3259 1087 3311 inter
1147 3275 1205 3311 se
1265 3257 1608 3312 habitudine
1655 3257 1942 3312 conflatur
1970 3275 2036 3313 ac

389 3347 778 3418 perspicitur;
826 3348 1299 3418 quandoquidem
1351 3347 1499 3416 quod
1549 3345 1948 3402 inordinatum
1981 3351 2038 3402 et

387 3436 672 3508 inaequale
704 3443 793 3491 cst
829 3438 880 3488 in
920 3437 1105 3505 prima
1137 3435 1379 3490 artiﬁcis
1413 3435 1566 3490 circa
1592 3435 1898 3490 materiam
1932 3435 2033 3491 ad-

385 3526 773 3593 umbratione,
809 3525 971 3578 valde
1003 3531 1195 3578 tamen
1232 3523 1610 3578 artiﬁciosum
1663 3523 1829 3590 foret,
1881 3525 1927 3579 si
1961 3525 2031 3580 ad

383 3615 574 3684 operis
607 3615 913 3683 cujusdam
949 3619 1304 3667 structuram
1348 3613 1892 3668 accommodaretur
1923 3631 1935 3667 :
1975 3613 2031 3668 id

385 3704 535 3774 quod
571 3710 690 3756 tum
725 3703 962 3755 demum
997 3702 1378 3771 intelligimus
1410 3707 1584 3773 atque
1616 3701 2028 3769 fatemur,cum

2144 3277 2235 3319 νος
2291 3255 2454 3333 ἔργου
2510 3257 2839 3325 κατασκευὴν
2897 3255 3266 3328 εὐτρεπίσαιτο
3326 3257 3477 3328 (75)·
3524 3255 3649 3310 τότε
3704 3255 3792 3309 καὶ

2144 3349 2279 3418 ἡμῖν
2329 3340 2880 3417 καταλαμϐανόμενόν
2935 3365 2994 3399 τε
3041 3345 3129 3399 καὶ
3162 3343 3627 3420 ὁμολογούμενον,
3662 3342 3784 3398 ὅταν

2141 3435 2203 3490 τὸ
2235 3437 2347 3507 (76)
2378 3433 2728 3489 ἀποτελεσθὶν
2763 3432 2968 3495 κάλλος
2998 3437 3093 3488 τοῦ
3125 3430 3621 3507 δημιουργήματος
3653 3444 3788 3495 θεω-

2143 3525 2418 3596 ρήσωμεν.
2454 3521 2611 3578 Ἀλλ’
2638 3521 2760 3577 οὔτε
2783 3521 2979 3584 ἐκεῖνος
3014 3523 3237 3598 ἄτεχνος
3267 3521 3302 3596 ᾖ
3341 3523 3447 3588 ι77)
3481 3521 3554 3582 ὡς
3602 3524 3786 3593 ἡμεῖς,

2143 3612 2264 3667 οὕτε
2290 3611 2455 3666 ταῦτα
2487 3609 2770 3666 διοικεῖται
2801 3612 3062 3681 ἀτάκτως,
3094 3609 3175 3665 ὅτι
3213 3611 3289 3684 μὴ
3330 3611 3419 3664 καὶ
3450 3612 3585 3684 ἡμῖν
3619 3611 3646 3664 ὁ
3697 3609 3789 3665 λό-

2139 3721 2233 3776 γος
2264 3703 2566 3776 γνώριμος.

383 3791 660 3846 elaborati
696 3792 889 3863 operis
922 3792 1270 3862 elegantiam
1306 3791 1562 3861 undique
1600 3792 1916 3862 perfectam
1948 3797 2003 3846 et
2031 3792 2362 3847 absolutam
2396 3793 2713 3847 intuemur.
2751 3795 2815 3846 At
2846 3808 2949 3848 nec
2982 3791 3079 3845 ille
3128 3789 3269 3844 artis
3323 3787 3545 3845 inscius
3578 3792 3685 3856 est,
3719 3793 3785 3842 ut

382 3899 486 3935 nos
521 3898 759 3946 sumus;
794 3898 897 3935 nec
931 3898 1020 3934 res
1054 3881 1230 3950 hujus
1260 3880 1390 3935 vitaa
1430 3885 1737 3952 propterea
1785 3885 1998 3936 temere
2045 3885 2220 3953 atque
2249 3881 2546 3937 incondite
2575 3883 3000 3954 gubernantur,
3038 3879 3176 3952 quia
3223 3879 3549 3951 exploratas
3582 3893 3782 3932 earum

378 3969 630 4023 rationes
665 3986 777 4022 non
813 3969 1118 4022 habemus'

450 4058 669 4111 XXXII.
705 4058 814 4111 Sed
849 4063 903 4111 et
933 4059 980 4111 si
1009 4060 1271 4126 quaedam
1309 4059 1462 4128 ejus,
1496 4075 1609 4129 qua
1668 4057 2026 4128 laboramus,

379 4145 698 4200 affectionis
734 4147 924 4215 imago
958 4147 1281 4200 exhibenda
1331 4151 1439 4214 est,
1475 4163 1590 4202 non
1645 4145 1898 4201 multum
1933 4147 2026 4214 iis,

381 4233 480 4305 qui
515 4250 734 4288 nausea
760 4239 815 4287 et
845 4235 1125 4305 vertigine
1160 4233 1774 4305 laborant,dissimiles
1797 4252 2026 4305 sumus,

2211 4059 2331 4114 AB'.
2383 4056 2534 4114 Ἀλλ’
2594 4056 2646 4112 εἷ’
2684 4079 2804 4113 τινα
2855 4061 2964 4130 (78)
3018 4053 3099 4110 δεῖ
3134 4055 3223 4110 καὶ
3257 4053 3437 4108 εἰκόνα
3469 4049 3654 4108 λαϐεῖν
3686 4055 3782 4106 τοῦ

2136 4147 2408 4221 ἡμετέρου
2450 4147 2675 4216 πάθους,
2733 4146 2794 4201 οὐ
2843 4145 3032 4220 πόρῥω
3079 4150 3185 4200 τῶν
3236 4144 3574 4198 ναυτιώντων
3625 4140 3779 4213 ἐσμὲν

2136 4235 2224 4290 καὶ
2284 4235 2665 4311 ίλιγγιώντων,
2728 4233 2779 4289 οτί
2813 4234 3126 4311 πρίφεσθαι
3161 4235 3270 4307 (79)
3301 4233 3367 4285 τὰ
3393 4234 3563 4286 πάντα
3594 4227 3781 4284 δοκεῦ-

380 4321 478 4392 qui
512 4322 710 4376 omnia
750 4339 983 4377 sursum
1018 4325 1411 4394 deorsumque
1459 4323 1598 4378 verti
1632 4327 1860 4394 putant,
1893 4340 2026 4380 curn

2159 4345 2240 4396 rw,
2298 4324 2451 4378 αὐτοὶ
2497 4324 2851 4401 στρεφόμενοι
2879 4343 2892 4356 ·
2955 4324 3026 4384 ὡς
3077 4321 3132 4377 δὲ
3162 4321 3252 4376 καὶ
3287 4320 3462 4384 οὗτοι,
3496 4319 3618 4393 περὶ
3649 4319 3723 4372 ὧν
3757 4317 3785 4372 ὁ

377 4410 490 4482 ipsi
525 4412 1010 4466 vertantur.ldem
1046 4412 1217 4466 etiam
1251 4412 1440 4477 his,de
1465 4412 1681 4483 quibus
1704 4411 2024 4483 loquimur,

378 4499 816 4569 accidit.Neque
846 4500 998 4555 enim
1032 4502 1212 4555 Deum
1235 4500 1622 4572 sapientorem
1653 4517 1714 4556 se
1743 4517 1871 4556 esse
1897 4517 2026 4558 sus-

453 4633 497 4667 ¹¹’
531 4632 702 4686 Eccli.
740 4651 776 4698 Ι,
810 4635 861 4687 2.
943 4635 981 4666 ¹⁵
1015 4635 1179 4687 Rom.
1235 4653 1310 4696 x1,
1342 4635 1431 4688 33.
1511 4635 1552 4668 ¹⁶
1577 4633 1724 4689 Ibid.
1758 4634 1846 4688 34.

450 4764 563 4835 (71)
610 4763 1052 4838 Ἀνεξιχνέαστοι.
1111 4768 1200 4820 Sic
1266 4768 1436 4836 ltegg.
1494 4767 1617 4831 bm,
1677 4766 1777 4837 ph,
1837 4765 1933 4823 Or.
1964 4769 2019 4836 2,

377 4839 602 4907 Apost.,
637 4838 956 4908 etc._Bditi,
992 4838 1344 4908 ἁνιχνίαστοι.

596 4907 688 4957 Καὶ
727 4906 851 4980 οὐχὶ
884 4913 960 4976 τῷ
992 4904 1274 4982 ἀνεφίκτῳ.
1310 4914 1419 4964 etc.
1456 4930 1481 4982 tt
1544 4908 1620 4961 Ac
1652 4925 1763 4962 non
1792 4925 1910 4982 iper
1941 4909 2022 4975 id,

377 4981 533 5048 quod
580 4979 827 5048 assequi
867 4998 977 5034 non
1040 4979 1189 5045 licet,
1225 4981 1279 5033 id
1343 4979 1614 5052 metietur
1658 4981 1807 5051 quod
1846 4997 2027 5052 supra

378 5066 714 5104 mensuram
774 5052 906 5105 est?
939 5075 964 5098 ν
1025 5052 1121 5104 Vel
1177 5070 1307 5105 cum
1351 5051 1636 5106 Gabriclio
1672 5070 1683 5106 :
1721 5075 1747 5100 ‹‹
1779 5053 1858 5105 Ac
1907 5051 2023 5107 non

376 5121 572 5192 potius
603 5119 1303 5191 incomprehensibilitate
1337 5123 1631 5192 metiatur,
1667 5122 1722 5176 id
1757 5125 1910 5192 quod
1936 5130 2025 5178 est

375 5210 549 5261 supra
581 5209 914 5261 mensuram
943 5197 967 5247 ‘3
995 5219 1019 5242 ›ι

594 5259 743 5348 Οὶιδε
775 5264 839 5316 τὰ
867 5271 964 5331 τῆς
995 5265 1183 5324 κακίας
1217 5262 1481 5348 ἐπιτίμια.
1534 5262 1628 5348 sic
1652 5263 1936 5348 [Regg.“a,
1971 5282 2021 5336 c,

376 5335 432 5408 d_,
464 5329 590 5408 hri],
630 5335 728 5404 ph,
764 5346 868 5408 etc.
898 5329 999 5408 Or.
1026 5341 1077 5398 2,
1111 5337 1296 5408 κακίας
1327 5329 1394 5387 τᾶ
1413 5329 2021 5408 ἐπιτηδε·5ματᾶ.Εάἰῐ,,

376 5405 427 5457 οἱ
460 5401 514 5456 δὲ
545 5411 643 5470 τῆς
677 5407 863 5466 κακίας
896 5409 958 5460 τὰ
989 5407 1253 5478 ἐπιτίμια.

446 5479 563 5551 (94)
597 5477 739 5551 Ἐπεέ
775 5479 860 5530 καὶ
911 5474 1183 5551 τεχνίτου,
1237 5485 1342 5533 etc.
1397 5474 1600 5531 Billius
1628 5492 1702 5551 :Aa
1747 5478 2021 5551 Quando-

377 5548 614 5622 quidem
646 5546 1117 5622 opiticisquo'quc
1148 5551 1545 5619 matcria,qua3
1567 5546 1731 5618 prius
1763 5549 2020 5622 inaequa-

377 5616 512 5675 bilis
543 5616 718 5692 atque
746 5616 1045 5679 incondita
1064 5616 1496 5696 erat,perquain
1517 5616 1712 5678 tamen
1744 5616 2019 5681 artificio-

1927 4636 1970 4670 ”
1999 4635 2130 4692 Job.
2164 4653 2256 4704 xv,
2284 4638 2338 4692 8.

2138 4409 2326 4487 λόγος.
2361 4412 2432 4466 Οὐ
2465 4413 2564 4488 γὰρ
2598 4414 2879 4488 ἀνέχονται
2922 4412 3227 4484 σοφώτερον
3288 4407 3460 4462 αὐτῶν
3515 4406 3645 4462 εἶναι
3693 4404 3786 4460 τὸν

2137 4500 2291 4572 Θεὸν,
2323 4501 2382 4555 ἂν
2413 4497 2548 4576 πρός
2581 4522 2628 4555 τι
2678 4505 2785 4555 τῶν
2833 4494 3239 4573 συμϐαινόντων
3271 4494 3650 4572 ἰλιγγιάσωσιν
3678 4513 3690 4525 °
3746 4493 3780 4562 ἣ

2417 4638 2458 4671 ³⁸
2489 4636 2620 4692 Ose.
2653 4653 2768 4705 xw,
2802 4637 2883 4689 10.
2965 4635 3008 4671 ιθ
3037 4635 3201 4690 Joan.
3235 4650 3289 4701 ν,
3320 4632 3416 4688 29.

2133 4785 2199 4824 sa
2229 4773 2405 4838 esset,
2441 4791 2468 4819 »
2503 4772 2612 4823 etc.

2205 4841 2316 4912 (75)
2349 4826 2884 4913 Εὐτρεπίσαιτολὸἰο
2909 4837 3086 4913 Regg.
3123 4854 3176 4907 δ,
3224 4853 3274 4903 0,
3301 4835 3358 4905 d,
3390 4833 3512 4899 bm,
3543 4829 3643 4902 ph,
3677 4826 3776 4884 Or.

2132 4913 2186 4979 2,
2213 4907 2362 4979 'Jes.,
2389 4907 2498 4982 etc.
2532 4911 2705 4974 Editi,
2741 4907 3137 4982 εὐτρεπίσῆται.

2207 4971 2432 5109 (Ἰξὶίτό.
2465 4983 2559 5038 Sic
2592 4971 2769 5054 Regg.
2804 4971 2856 5049 a',
2893 4971 3023 5046 bm,
3055 4980 3157 5053 ph,
3205 4977 3301 5033 0r.
3348 4979 3408 5043 2,
3455 4978 3565 5030 etc.
3611 4971 3784 5028 Deest

2225 5072 2254 5109 e
2302 5072 2313 5108 ι
2349 5072 2418 5109 is.

2134 5054 2192 5108 in
2225 5055 2418 5109 editis.

2204 5127 2314 5199 (77)
2346 5127 2432 5199 fit
2450 5129 2618 5199 Deest
2650 5125 2708 5179 in
2740 5122 3137 5199 tribusﬁegg.
3367 5189 3380 5199 _
3552 5187 3585 5199 η

2205 5186 2317 5271 (78)
2352 5186 2753 5271 Ἀλλίεῖίτινα,
2788 5201 2896 5271 etc.
2933 5186 3139 5271 Billiiis
3175 5211 3186 5247 :
3221 5189 3424 5271 «_quin
3469 5187 3688 5271 potius,
3720 5186 3786 5238 ut

2133 5263 2312 5324 animi
2341 5268 2524 5324 nostri
2557 5267 2827 5324 affectum
2850 5267 3108 5339 imagine
3126 5263 3380 5336 quadam
3397 5263 3781 5333 exprimam,»

2132 5344 2314 5500 83:79)
2347 5409 2414 5466 Οἳ
2459 5407 2820 5500 στρέφεσθάι...
2857 5413 2966 5464 etc.
3027 5407 3166 5500 Reg;
3203 5425 3260 5474 u,
3321 5402 3408 5500 alii
3467 5398 3782 5500 στρξφρξξῖἑ

2130 5471 2413 5554 τῖπάντα
2463 5471 2610 5534 δοκεῖ
2665 5479 2848 5540 αὐτοῖς
2898 5471 3306 5554 στρεφομένοις.
3365 5477 3501 5540 Quae
3535 5471 3782 5545 quidem

2131 5553 2299 5612 lectio
2330 5553 2572 5627 optima,
2603 5555 2661 5608 et
2689 5553 2917 5625 syntaxi
2951 5551 3141 5626 magis
3170 5565 3448 5608 consona.
