4146 6290
360 314 475 375 901

1285 306 1573 373 ORATIO
1620 313 1779 373 XIV.
1814 345 1891 357 —-
1924 310 2027 373 DE
2073 308 2499 375 PAUPERUM
2550 308 2848 373 AMOItE.

3653 307 3769 369 902

356 449 550 517 καμεῖν
582 441 705 518 περῖ
735 442 826 495 τὸν
861 440 1027 515 Λόγον
1061 437 1203 496 δέον.
1238 439 1311 503 ὡς
1342 442 1470 516 τάχ’
1516 442 1574 495 ἂν
1613 444 1683 515 τῇ
1711 440 2007 519 φιλοπονίᾳ

2135 445 2350 511 ;inent;
2385 444 2582 499 statim
2618 447 2681 498 ut
2713 442 3082 514 inopinatum
3117 441 3251 511 quid
3284 440 3579 507 acciderit,
3601 441 3770 511 quasi

360 533 743 605 δοθησομένης
802 536 902 598 τῆς
962 528 1222 598 ἀληθείας
1259 576 1273 598 ,
1328 529 1363 598 ἢ
1420 530 1753 607 σοφωτέροις
1815 531 2014 585 ἑαυτῶν

356 628 521 679 ταῦτα
579 618 1013 697 συμφιλοσοφεῖν
1070 619 1158 673 καὶ
1225 620 1804 694 πνευματικωτὲροις,
1865 619 2012 674 ἐπει-

358 710 424 781 δὴ
463 712 576 783 (80)
628 709 715 764 καὶ
764 713 926 763 τοῦτο
976 706 1223 783 χάρισμα
1273 703 1350 779 ἓν,
1400 707 1488 761 καὶ
1538 707 1666 782 οὐχὶ
1713 709 1925 764 πάντων
1976 710 2010 777 ἡ

355 803 576 875 γνῶσις,
607 797 641 864 ἢ
687 796 939 869 καθάρσει
989 794 1109 868 βίου
1159 794 1358 864 ταύτην
1412 794 1680 870 θηρεύειν,
1732 796 1821 850 καὶ
1868 795 2013 871 παρὰ

352 889 450 955 τῆς
503 881 676 946 ὅντως
730 882 934 961 Σοφίας
978 882 1167 959 σοφίαν
1218 881 1523 953 ἐπιζητεῖν.
1576 886 1643 941 Οἱ
1695 882 1752 939 δὲ
1799 884 1866 955 (ὣ
1914 887 2012 952 τῆς

357 973 706 1035 ἀπαιδευσίας
743 975 802 1043 ί)
860 971 948 1026 ἐπὶ
1006 973 1069 1025 τὸ
1128 970 1474 1048 ἑτοιμότερον
1530 974 1862 1049 τρέπονται,
1922 974 2010 1028 καὶ

360 1063 585 1140 ἀλογίαν
641 1067 740 1117 τοῦ
798 1062 994 1123 παντὸς
1042 1058 1651 1134 καταψεύδονται,αὐτοὶ
1698 1064 1789 1117 τὸν
1849 1058 2009 1139 λόγον

360 1153 460 1208 οὐκ
512 1151 880 1223 ἐπιστάμενον
915 1149 1001 1204 καῖ
1062 1149 1162 1204 εἶσὶ
1213 1147 1282 1204 δι’
1343 1148 1689 1205 ἀπαιδευσίαν
1744 1152 1924 1229 σοφοὶ,
1975 1152 2011 1221 ἢ

362 1239 452 1296 διὰ
497 1240 723 1316 σοφίαν,
767 1236 856 1293 ’ίνα
904 1238 1078 1300 οὕτως
1128 1237 1285 1311 εἷ’πω,
1336 1241 1435 1309 τήν
1487 1241 1763 1313 περιττήν,
1818 1239 2012 1318 ἄσοφοι

359 1332 450 1385 καὶ
500 1330 747 1384 ἀσύνετοι
777 1330 910 1401 (81).
961 1330 1233 1382 Ἐντεῦθεν
1285 1329 1339 1382 οἱ
1391 1329 1487 1401 μὲν
1541 1332 1651 1402 (82)
1698 1329 1874 1404 τύχην
1925 1330 2014 1383 καὶ

358 1421 423 1475 τὸ
469 1418 773 1491 αὐτόματον
824 1414 1204 1490 ἐδογμάτισαν,
1256 1411 1425 1479 ὅντως
1475 1417 1755 1489 αὐτόματα
1804 1418 1892 1473 καὶ
1942 1418 2015 1480 ὡς

361 1505 549 1583 ἔτυχεν
584 1505 991 1561 ἀναπλασθὲντα
1040 1505 1403 1579 ἐπινοήματαο
1458 1508 1509 1560 οἱ
1559 1504 1616 1561 δὲ
1665 1506 1900 1583 ἀστέρων
1931 1529 2016 1562 τια

358 1598 419 1652 νᾶι
450 1595 753 1651 δυναστείαν
796 1593 1003 1668 ἄλογόν
1054 1616 1112 1650 τε
1159 1594 1249 1649 καὶ
1312 1593 1508 1651 ἄλυτον
1558 1595 1887 1664 πλεκόντων,
1941 1597 2015 1657 ὡς

362 1687 420 1741 ἂν
456 1684 761 1761 βούλωνται
794 1686 927 1757 (83),
958 1684 1024 1737 τὰ
1072 1684 1334 1757 ἡμέτερα,
1390 1682 1602 1757 μᾶλλον
1655 1683 1713 1740 δὲ
1758 1685 1846 1741 καὶ
1887 1684 2016 1740 αὐτὸ

360 1776 422 1829 τὸ
451 1771 668 1828 πλέκειν
720 1774 1241 1846 συνηναγκασμένων
1271 1794 1282 1807 -
1333 1774 1422 1827 καὶ
1467 1775 1759 1844 πλανητῶν
1814 1772 1878 1845 δή
1930 1794 2011 1827 τι-

361 1886 463 1917 νων
497 1862 585 1916 καὶ
618 1861 873 1916 ἀπλανῶν
909 1858 1162 1921 συνόδους
1206 1861 1296 1915 καὶ
1335 1863 1741 1937 ὑποχωρήσεις,
1792 1863 1880 1917 καὶ
1913 1885 2007 1916 κυ-

367 1951 481 2028 ρίαν
514 1955 609 2005 τοῦ
640 1951 838 2011 παντὸς
867 1951 1099 2019 κίνησιν.
1145 1951 1206 2003 Οἱ
1259 1948 1338 2020 δὲ,
1388 1951 1417 2004 ὅ
1443 1973 1493 2005 τι
1547 1951 1605 2005 ἂν
1646 1954 1758 2024 (84)
1786 1949 2008 2013 ἕκαστος

367 2040 792 2120 ἐφαντάσθησαν,
841 2043 921 2111 τῷ
979 2038 1316 2112 ταλαιπώρῳ
1372 2039 1512 2113 γένει
1562 2044 1669 2094 τῶν
1719 2041 2013 2116 ἀνθρώπων

366 2129 637 2207 φέροντες,
668 2128 1055 2203 ἐπεισήγαγον,
1087 2126 1209 2182 ὅσον
1242 2128 1423 2189 αὐτοῖς
1601 2135 1701 2198 τῆς
1752 2130 2013 2204 Προνοίας

333 2255 336 2258 ~
366 2218 646 2297 ἀνέφικτόν
676 2239 735 2272 τε
764 2217 853 2271 καὶ
884 2217 1219 2292 ἀθεώρητον,
1272 2217 1347 2277 είς
1401 2212 1690 2294 διαφόρους
1742 2215 1895 2290 δόξας
1923 2219 2013 2273 καὶ

363 2306 732 2384 προσηγορίας
780 2304 1251 2378 καταμερίσαντες.
1286 2305 1405 2360 Εἷσὶ
1464 2303 1521 2360 δὲ
1582 2306 1633 2361 οἳ
1687 2306 1775 2360 καὶ
1834 2307 2016 2362 πενίαν

366 2396 585 2465 πολλὴν
625 2402 723 2465 τῆς
757 2395 1022 2469 Προνοίας
1065 2396 1429 2469 κατέγνωσαν,
1460 2395 1528 2449 τὰ
1574 2396 1668 2468 μὲν
1701 2396 1833 2470 ὑπὲρ
1866 2399 2014 2469 ἡμᾶς

362 2485 531 2559 ταύτῃ
562 2482 878 2546 διοικεῖσθαι
921 2482 1263 2555 νομίσαντες,
1319 2482 1449 2558 ἄχρι
1500 2480 1545 2537 δ’
1592 2487 1752 2556 ἡμῶν
1791 2489 1898 2539 τῶν
1927 2487 2017 2540 καὶ

370 2573 604 2648 μάλιστα
637 2571 908 2646 δεομένων
954 2573 1203 2647 κατάγειν
1238 2571 1403 2642 αὐτὴν
1455 2573 1877 2646 ἀποκνήσαντες,
1913 2574 2017 2629 ὣσ-

365 2684 465 2739 περ
521 2661 842 2733 δεδοικότες,
892 2662 966 2733 μὴ
1014 2666 1092 2731 τῷ
1140 2658 1396 2723 πλείονας
1446 2665 1557 2736 (86)
1607 2661 2016 2738 εὐεργετεῖσθαι,

369 2753 710 2828 ἀγαθώτερον
753 2751 1075 2827 ἀποφήνωσι
1120 2750 1209 2804 τὸν
1264 2749 1581 2825 εὐεργέτην,
1629 2752 1664 2820 ἢ
1712 2752 2018 2825 ἀποκάμνοι

373 2842 557 2902 αὐτοῖς
591 2842 702 2913 (87)
733 2842 760 2894 ὁ
788 2840 918 2901 Θεὸς
946 2839 1000 2893 εὗ
1031 2844 1201 2893 ποιῶν
1233 2836 1505 2901 πλείονας.

2122 533 2408 605 vertigine
2458 532 2709 605 correpti
2762 531 3004 596 haerent,
3040 546 3175 585 cum
3215 534 3450 585 econtra
3480 533 3773 601 oporteret

2124 637 2243 685 eos,
2278 621 2363 676 vel
2395 621 2454 675 in
2488 620 2820 692 indaganda
2868 618 3089 674 ratione
3126 618 3412 688 laborare,
3446 626 3506 671 ut
3538 634 3676 672 cura
3708 635 3774 673 ac

2127 710 2435 779 diligentia
2463 710 2764 765 veritatem
2799 710 3044 764 fortasse
3066 708 3345 779 consequi
3378 706 3606 777 possint
3640 723 3651 760 :
3688 706 3776 761 vel

2137 798 2207 852 de
2226 798 2317 854 his
2340 799 2512 854 rebus
2535 798 2920 869 sapientiores
2939 801 3095 851 viros
3116 796 3417 867 magisque
3439 794 3779 865 spirituales

2122 887 2450 953 consulere,
2476 887 2953 958 quandoquidem
2986 886 3041 939 id
3076 900 3308 956 quoque
3338 884 3489 938 inter
3520 884 3772 955 Spiritus

2122 976 2276 1029 dona
2309 979 2671 1043 numeratur,
2692 991 2797 1029 nec
2822 974 3086 1028 omnium
3113 976 3203 1028 est
3225 972 3468 1028 scientia
3495 989 3506 1025 :
3533 972 3620 1027 vel
3643 990 3768 1028 eam

2127 1065 2376 1135 denique
2404 1081 2506 1135 per
2550 1067 2680 1118 vitae
2736 1063 3144 1135 purgationem
3194 1062 3497 1133 aucupari,
3539 1066 3711 1132 atque
3744 1080 3777 1117 a

2122 1170 2256 1209 vera
2287 1152 2584 1224 Sapientia
2634 1151 2983 1223 sapientiam
3030 1150 3345 1223 postulare.
3400 1151 3499 1205 Isti
3548 1167 3680 1205 vero
3716 1151 3771 1221 (ο

2125 1243 2333 1297 miram
2369 1241 2680 1298 stultitiam
2719 1259 2730 1296 :
2768 1242 2884 1312 )ad
2919 1240 2972 1295 id
3009 1241 3162 1312 quod
3197 1238 3455 1309 paratius
3488 1245 3543 1295 et
3575 1239 3780 1311 procli-

2124 1332 2255 1386 vius
2286 1336 2395 1398 est,
2424 1347 2485 1385 se
2516 1330 2843 1399 conferunt,
2868 1346 2972 1384 nec
2996 1330 3219 1384 ratione
3249 1330 3535 1385 mundum
3570 1330 3779 1402 guber-

2126 1421 2251 1474 nari
2286 1419 2427 1475 falso
2458 1423 2750 1487 asserunt,
2789 1435 2922 1473 cum
2965 1418 3077 1489 ipsi
3126 1417 3412 1472 rationem
3462 1417 3781 1490 ignorent;

2128 1514 2303 1580 atque
2350 1508 2431 1563 ita
2475 1511 2712 1579 propter
2769 1506 3062 1562 inscitiam
3124 1506 3419 1576 sapientes
3467 1513 3626 1575 sunt,
3679 1509 3781 1561 aut

2131 1601 2369 1669 propter
2399 1612 2887 1669 supervacaneam
2940 1594 3313 1667 sapientiam,
3347 1599 3411 1649 ut
3442 1595 3524 1650 ita
3554 1595 3781 1666 loquar,

2126 1686 2474 1757 insipientes
2506 1702 2571 1741 ac
2594 1684 2815 1741 stolidi.
2834 1684 2974 1739 Hinc
3005 1684 3353 1754 aliiquidem
3380 1700 3581 1738 casum
3607 1688 3780 1754 atque

2129 1777 2450 1840 fortunam,
2488 1774 2724 1829 fortuito
2756 1790 2897 1829 sane
2947 1778 3278 1842 temereque
3329 1773 3656 1839 conﬁctam,
3689 1773 3777 1826 in-

2121 1864 2447 1930 duxerunt;
2490 1862 2586 1919 alii
2618 1863 2875 1917 siderum
2912 1862 3304 1933 principatum
3335 1862 3648 1933 quemdam
3685 1878 3778 1917 ra-

2120 1952 2298 2007 tionis
2330 1956 2624 2023 expertem
2650 1956 2823 2023 atque
2847 1951 2991 2005 281
3024 1950 3517 2017 indissolubilem,
3535 1968 3660 2022 quae
3686 1967 3777 2007 res

2124 2047 2356 2096 nostras
2380 2041 2661 2095 arbitratu
2696 2056 2821 2105 suo,
2842 2039 2959 2093 imo
2983 2040 3157 2094 etiam
3185 2039 3537 2103 necessario,
3562 2056 3775 2094 conne-

2124 2138 2305 2201 ctant,
2329 2137 2384 2187 et
2405 2132 2725 2187 errantium
2751 2132 3136 2203 quarumdam
3163 2136 3334 2202 atque
3369 2132 3614 2186 ﬁxarum
3639 2132 3777 2187 stel-

2124 2222 2313 2276 larum
2348 2236 2700 2292 congressus
2730 2224 2788 2274 ot
2808 2219 3187 2285 recessiones,
3217 2236 3283 2274 ac
3316 2223 3564 2289 motum,
3589 2221 3777 2275 omni-

2125 2311 2237 2366 bus
2272 2311 2328 2364 in
2363 2310 2536 2365 rebus
2559 2308 2957 2363 dominantem
2990 2308 3433 2377 conﬁnxerunt;
3468 2307 3588 2377 alii,
3621 2310 3779 2380 quod

2127 2399 2378 2470 quisque
2411 2414 2609 2453 secum
2671 2396 3037 2469 excogitavit,
3085 2413 3415 2452 aerumnoso
3467 2397 3773 2454 hominum

2128 2485 2321 2557 generi
2354 2484 2732 2540 invexerunt:
2767 2483 3051 2555 quidquid
3080 2484 3358 2539 nimirum
3382 2501 3449 2539 ex
3478 2484 3607 2557 ipsa
3643 2486 3775 2541 Pro-

2126 2574 2386 2631 videntia
2416 2573 2831 2645 comprehendi
2855 2574 3231 2645 conspicique
3249 2574 3472 2645 nequit,
3501 2575 3560 2630 in
3584 2576 3774 2631 varias

2130 2662 2750 2737 Opiniones,variaque
2783 2662 3021 2717 nomine
3053 2662 3399 2717 dividentes.
3434 2663 3547 2718 Nec
3573 2664 3774 2719 det‘ue-

2130 2758 2285 2818 runt,
2313 2752 2408 2822 qui
2433 2768 2657 2822 magnae
2687 2768 2915 2822 quoque
2948 2751 3308 2822 paupertatis
3340 2751 3771 2808 Providentiam

2132 2844 2502 2905 damnarent,
2537 2841 2674 2895 dum
2709 2858 2775 2895 ea
2808 2841 3068 2911 quidem,
3105 2857 3234 2911 quae
3266 2857 3444 2911 supra
3478 2858 3582 2896 nos
3615 2850 3777 2906 sunt,

371 2934 443 2987 ab
476 2932 602 3001 ipsa
633 2930 751 3001 regi
783 2935 957 3000 atque
988 2930 1298 3001 gubernari
1350 2930 1702 2999 iudicarunt,
1737 2935 2007 2987 caeterum
2059 2949 2185 2987 eam
2219 2931 2289 2985 ad
2326 2947 2430 2985 nos
2480 2946 2687 2999 usque,
2722 2929 2820 3001 qui
2872 2946 2939 2984 ea
2982 2928 3069 2982 vel
3121 2929 3371 2983 maxime
3420 2929 3777 3002 indigemus,

372 3018 671 3073 demittere
703 3018 918 3088 gravati
951 3024 1123 3087 sunt;
1176 3020 1414 3089 perinde
1462 3037 1527 3074 ac
1575 3027 1933 3085 vererentur,
1969 3038 2059 3091 ne,
2093 3022 2139 3075 si
2195 3020 2390 3090 plures
2444 3018 2740 3073 beneﬁciis
2789 3019 3185 3084 afﬁcerentur,
3220 3018 3397 3073 nimis
3448 3018 3777 3075 beneﬁcum

370 3106 709 3162 exhiberent
740 3106 1186 3175 benefactorem,
1216 3112 1317 3161 aut
1347 3124 1419 3163 ne
1448 3108 1601 3163 Deus
1634 3110 1776 3173 bene
1806 3110 1878 3164 de
1912 3109 2178 3181 pluribus
2209 3108 2484 3163 merendo
2516 3106 2955 3178 defatigaretur.

446 3199 561 3248 AI”.
598 3191 754 3247 Ἀλλ’
786 3192 931 3246 οὗτοι
986 3192 1102 3265 μὲν,
1154 3192 1285 3268 ὅπερ
1336 3193 1506 3265 εἶπον,
1558 3194 1846 3272 ἐρῥίφθων,
1898 3195 2012 3250 ἐπεὶ

2196 3196 2436 3251 XXXIII.
2486 3196 2693 3251 Verum
2746 3195 2875 3259 hos,
2929 3198 2994 3249 ut
3044 3195 3182 3261 dixi,
3232 3194 3424 3251 valere
3481 3198 3775 3267 sinamus,

368 3281 457 3336 καὶ
490 3280 674 3343 καλῶς
706 3280 899 3342 αὐτοὺς
949 3276 1244 3354 προλαϐὼν
1277 3283 1303 3335 ὁ
1336 3280 1502 3356 λόγος
1550 3282 1816 3355 ήμόνατο’
1850 3284 2016 3357 Ἐμα-

370 3370 575 3439 ταιώθη
634 3371 733 3445 γὰρ
770 3415 782 3437 ,
861 3371 1023 3447 φησὶν
1057 3415 1071 3441 ,
1123 3372 1158 3438 ἡ
1216 3369 1465 3432 ἀσύνετος
1533 3371 1708 3425 αὐτῶν
1776 3370 2015 3447 καρδία·

377 3461 665 3536 φάσκοντες
728 3458 856 3512 εἶναι
912 3459 1121 3535 σοφοὶ,
1182 3457 1615 3535 ἐμωράνθησαν,
1675 3460 1764 3515 καὶ
1824 3459 2022 3530 ἤλλα-

376 3550 463 3619 ξαν
523 3549 622 3616 τὴν
683 3545 836 3617 δόξαν
896 3552 993 3601 τοῦ
1052 3548 1324 3624 ἀφθάρτου
1381 3552 1530 3619 (88)
1582 3548 1714 3604 Θεοῦ
1758 3593 1773 3618 ,
1835 3550 2025 3623 μύθοις

380 3637 483 3699 ςισὶ
534 3636 621 3691 καὶ
680 3642 851 3697 σκιαῖς
900 3638 998 3705 τὴν
1052 3635 1139 3691 διὰ
1188 3638 1400 3693 πάντων
1451 3639 1712 3711 Πρόνοιαν
1771 3635 2023 3715 καθυϐρί-

376 3746 580 3787 σαντες.
632 3726 823 3796 Ἡμεῖς
875 3722 931 3778 δὲ
982 3728 1121 3796 μήτε
1176 3726 1329 3781 αὐτοὶ
1384 3732 1549 3781 ταῦτα
1592 3730 2025 3803 τερατευώμεθα,

381 3810 530 3886 εἷ’περ
560 3834 611 3867 τι
650 3810 802 3883 μὲλει
834 3817 933 3867 τοῦ
966 3811 1136 3886 λόγου
1165 3811 1410 3889 λογικοῖς
1443 3813 1590 3869 οὗσιν
1621 3819 1778 3888 ἡμῖν,
1812 3818 1899 3871 καὶ
1933 3817 2026 3872 λό-

374 3922 473 3976 γου
506 3903 882 3974 θεραπευταῖς·
920 3903 1059 3973 μήτε
1087 3904 1201 3974 (89)
1248 3901 1374 3963 τοὺς
1426 3903 1709 3975 οἰομένους
1742 3902 2028 3979 ἀποδεχώ-

381 3991 536 4062 μεθα,
585 3988 683 4043 κᾶν
726 3986 1036 4061 εὐδρομῶσι
1086 3991 1184 4058 τὴν
1231 3991 1482 4064 γλῶτταν
1542 3991 1592 4045 ἐν
1642 3998 1757 4053 τοῖς
1807 3992 2029 4054 ἀτόποις

376 4077 567 4154 λόγοις
627 4077 715 4132 καὶ
778 4075 1035 4153 δόγμασι,
1093 4077 1185 4133 καί
1221 4084 1300 4151 τῷ
1358 4083 1684 4153 καινῷ
1736 4082 2023 4155 τέρπωσιν.

372 4164 556 4221 Ἀλλὰ
602 4168 692 4221 καὶ
742 4166 867 4221 Θεὸν
916 4167 1049 4221 εἶναι
1098 4167 1187 4222 τὸν
1238 4170 1453 4224 πάντων
1500 4170 1734 4239 ποιητὴν
1776 4173 1889 4243 (91)
1938 4170 2025 4225 καὶ

378 4250 716 4328 δημιουργὸν
750 4253 1107 4328 πιστεύωμενο
1159 4260 1278 4319 πῶς
1327 4258 1431 4332 γὰρ
1482 4256 1541 4311 ἂν
1589 4261 1699 4332 (92)
1734 4259 1932 4328 ὑπέστη
1964 4260 2027 4314 τὸ

376 4347 500 4413 πᾶν,
564 4343 637 4414 μή
692 4364 836 4400 τινος
894 4343 1255 4407 οὐσιώσαντός
1311 4368 1370 4400 τε
1417 4368 1503 4402 και
1548 4347 2024 4423 συναρμόσαντος;

381 4432 477 4484 Καὶ
525 4429 788 4506 Πρόνοιαν
840 4436 1260 4509 συνεισάγωμεν,
1315 4436 1413 4505 τὴν
1471 4434 1631 4490 τοῦδε
1686 4442 1782 4490 τοῦ
1827 4439 2027 4499 παντὸς

2129 3286 2346 3358 quippe
2371 3302 2518 3356 quos
2540 3286 2665 3356 jam
2694 3284 2995 3355 Scriptura
3028 3285 3257 3356 egregie
3282 3284 3401 3339 ulta
3417 3285 3522 3341 sit:
3544 3289 3783 3343 Evanuit

2128 3378 2297 3440 enim,
2346 3374 2559 3445 inquit,
2609 3376 2879 3445 insipiens
2921 3389 3013 3428 cor
3042 3390 3276 3439 eorum;
3313 3374 3556 3430 dicentes
3587 3391 3643 3430 se
3671 3392 3789 3431 esse

2132 3466 2425 3534 sapientes,
2477 3464 2632 3518 stulti
2694 3464 2830 3533 facti
2875 3466 3023 3528 sunt,
3080 3464 3289 3534 Deique
3346 3465 3787 3536 incorruptibiiis

2133 3554 2377 3626 gloriam
2406 3555 2778 3607 immutarunt
2807 3552 2872 3619 2ο,
2909 3552 3205 3624 figmentis
3236 3552 3587 3624 quibusdam
3616 3559 3788 3625 atque

2137 3642 2363 3697 umbris
2390 3640 2815 3697 Providentiam
2850 3642 2919 3695 ad
2973 3640 3169 3695 omnia
3223 3658 3348 3697 sese
3393 3641 3786 3713 porrigentem

2136 3731 2556 3786 contumeliose
2588 3730 3053 3800 proscindentes.
3087 3730 3203 3784 Nos
3235 3736 3651 3801 autem,neque
3683 3731 3787 3786 bu-

2131 3821 2389 3889 jusmodi
2421 3820 2762 3891 dogmatum
2820 3823 3084 3889 portenta
3143 3819 3527 3889 conﬁgamus,
3563 3819 3609 3873 si
3645 3820 3784 3891 quid

2138 3908 2328 3977 nobis,
2364 3909 2460 3979 qui
2496 3907 2719 3962 ratione
2742 3906 2990 3975 utimur,
3009 3923 3075 3961 ac
3106 3923 3350 3961 summa).
3383 3906 3625 3964 rationis
3657 3908 3787 3964 cul-

2135 4001 2261 4050 tum
2317 3996 2681 4066 proﬁtemur,
2742 3994 2889 4049 ratio
2946 4011 3096 4049 curae
3137 4004 3245 4065 est,
3280 4012 3351 4051 ne
3380 3995 3476 4059 iis,
3540 3998 3636 4067 qui
3668 3997 3791 4054 haec

2139 4090 2367 4156 putant,
2402 4084 2799 4139 assentiamur
2824 4101 2836 4149 ;
2867 4084 3101 4139 tametsi
3126 4082 3185 4138 in
3210 4084 3484 4141 absurdis
3504 4086 3792 4141 sermoni-

2138 4174 2247 4227 bus
2278 4178 2333 4228 et
2363 4173 2737 4244 dogmatibus
2769 4171 3014 4227 celerem
3065 4176 3121 4226 et
3159 4173 3489 4244 expeditam
3526 4174 3787 4248 linguam

2139 4262 2408 4330 habeant,
2427 4266 2481 4316 et
2504 4261 2762 4316 novitate
2782 4260 3093 4316 delectent.
3125 4261 3271 4326 Quin
3307 4262 3585 4332 potius,et
3606 4264 3790 4319 Deum

2137 4367 2329 4406 rerum
2364 4350 2629 4405 omnium
2664 4351 2993 4405 effectorem
3047 4354 3103 4404 et
3149 4350 3538 4407 architectum
3589 4355 3788 4409 creda-

2138 4457 2291 4495 mus.
2325 4439 2608 4503 Quoniam
2640 4438 2796 4493 enim
2831 4439 2998 4493 modo
3032 4438 3369 4494 universum
3402 4440 3511 4495 hoc
3539 4442 3793 4499 exstitis-

380 4521 696 4590 συνεκτικήν
750 4541 807 4575 τε
848 4523 937 4576 καὶ
989 4521 1334 4594 συνδετικήν·
1396 4522 1513 4579 ἐπεὶ
1568 4524 1657 4579 καὶ
1714 4528 2026 4599 προνοητήν

2138 4534 2246 4601 set,
2280 4528 2393 4584 nisi
2424 4528 2495 4584 ab
2527 4528 2725 4599 alique
2756 4532 3124 4599 procreatum
3157 4532 3331 4599 atque
3376 4529 3789 4586 concinnatum

454 4647 501 4682 ²⁰
531 4647 694 4702 Rom.
733 4664 771 4717 ι,
802 4648 868 4703 21
904 4665 1066 4721 seqq.

410 4840 419 4849 _
450 4766 563 4838 (80)
593 4763 839 4849 ’EJmSj:
880 4770 973 4825 Sic
1008 4769 1184 4844 Regg.
1222 4787 1274 4839 a,
1306 4773 1427 4843 bm,
1461 4773 1563 4846 ph,
1595 4777 1651 4830 et
1680 4774 1775 4831 Or.
1807 4775 1861 4830 2.
1896 4775 2029 4831 Edi-

381 4840 423 4893 ti
454 4835 612 4915 vero,
636 4835 962 4915 ,ἐπειδήπερῖ

451 4911 566 4978 (81)
600 4909 920 4967 Ἀσύνετοι.’
950 4913 1128 4986 ltegg.
1187 4931 1240 4986 a,
1293 4932 1346 4983 ο,
1397 4916 1456 4984 d,
1506 4921 1562 4972 et
1598 4917 1745 4983 Jes.,
1775 4914 2035 4972 ἀπαίδευ-

383 4998 492 5032 τοι.

458 5050 571 5132 (82)
602 5050 869 5132 Ἐντεῖξθεν
924 5054 977 5106 ot
1022 5053 1136 5132 μέν,
1170 5062 1304 5132 Δ(διο.
1358 5079 1377 5106 ι
1452 5058 1600 5132 Hinc
1650 5059 1745 5115 alii
1796 5061 2033 5132 quidem

390 5126 702 5194 Fortunam
736 5129 791 5177 et
818 5141 1016 5181 casum
1046 5128 1702 5194 instituerunt,inventa
1730 5126 1863 5188 vere
1894 5148 2033 5188 casu

390 5199 445 5249 et
470 5192 1068 5271 fortuito‘excogitata
1097 5206 1272 5271 atque
1304 5192 1518 5259 afﬁcita.
1554 5225 1582 5251 ››

463 5262 936 5346 (83)Βρ“ύλωνταῖ.
970 5270 1061 5325 sic
1111 5262 1289 5345 Regg.
1342 5274 1399 5341 d,
1453 5274 1575 5343 bm,
1623 5274 1723 5346 ph,
1770 5280 1824 5330 et
1852 5275 1946 5330 Or.
1979 5277 2034 5331 2.

390 5335 526 5399 Alii,
563 5333 875 5407 βούλονται,

461 5406 571 5476 (sq
603 5406 672 5462 "o
702 5427 754 5461 τι
786 5406 866 5465 ἄν.
901 5411 979 5466 Re

432 5479 576 5567 ,(ξξδ)
610 5478 825 5541 Αὖτοῖς.
862 5483 955 5538 Sic

388 5569 524 5616 αυτη
536 5570 579 5609 ς.

1024 5429 1077 5483 g.
1112 5430 1166 5480 8.,
1199 5414 1319 5485 bm,
1348 5415 1447 5486 pb,
1480 5412 1562 5468 δτι
1592 5411 1638 5468 δ’
1669 5412 1750 5470 ἄν.

462 5621 572 5693 (86)
602 5620 692 5689 Μὴ
722 5625 803 5695 τῷ
832 5621 1108 5697 πλείονας,
1157 5630 1265 5685 etc.
1315 5626 1522 5685 Billius
1555 5645 1569 5687 :
1626 5651 1648 5680 I
1703 5646 1775 5688 ne
1804 5632 2039 5701 benefa-

1039 5501 1168 5557 egg.
1197 5503 1249 5557 α,
1270 5486 1390 5555 bm,
1424 5487 1524 5559 ph,
1557 5493 1613 5544 et
1644 5488 1739 5544 Or.
1770 5490 1826 5544 2.
1860 5489 2035 5557 Editi,

2143 4781 2298 4831 ctore
2329 4791 2395 4829 eo
2428 4772 2723 4847 meliorem
2754 4790 2884 4829 esse
2913 4774 3381 4846 pronuntiarent,
3408 4776 3562 4845 quod
3597 4775 3795 4847 plures

2143 4847 2446 4903 beneﬁciis
2480 4846 2759 4900 afﬁceret.
2794 4867 2821 4894 ››

2215 4920 2327 4988 (87)
2370 4915 2585 4990 Αὐτοῖς.
2643 4937 2671 4965 ‹‹
2720 4917 2870 4987 Ipsis
2924 4917 3359 4989 det‘atigaretnr,
3411 4918 3793 4990 defatigatum

2147 4990 2357 5057 dicere,
2390 4989 2747 5042 viderentur.
2784 5009 2810 5037 υ

2217 5063 2325 5135 (88)
2363 5058 2679 5135 Ἀφθάρτου-
2715 5060 2869 5135 (ῥεοῤ.
2919 5056 3014 5112 Or.
3145 5058 3352 5135 addit}
3387 5056 3794 5135 ἐνῇ-ὁμοιώματι

2146 5128 2353 5192 εἰκόνος
2387 5128 3026 5206 φθαρτοῦ-ἀνθρώπο.υ.·‹‹
3065 5131 3117 5182 in
3161 5128 3614 5187 similitudinem
3649 5128 3795 5188 ima-

2147 5205 2301 5275 ginis
2332 5200 2731 5275 corruptibilis
2760 5200 3037 5275 hominis.
3078 5222 3105 5250 »

2216 5278 2330 5344 (89)
2361 5268 2531 5343 Μήτεῖ
2566 5274 2661 5328 Sic
2698 5273 2867 5343 Regg.
2907 5288 2960 5335 a,
2994 5273 3113 5341 bm,
3148 5270 3246 5342 ph.
3283 5272 3344 5325 In
3376 5274 3492 5337 ed.,
3527 5268 3685 5342 μηδὲ.

2238 5348 2327 5417 90)
2360 5348 2561 5417 Καινῷ,
2595 5345 2689 5399 Or.
2720 5344 2774 5412 2,
2806 5345 2992 5417 κοινῷ,
3028 5346 3521 5417 acommunione.
3565 5365 3617 5400 ››.

2238 5348 2327 5417 90)
2360 5348 2561 5414 Καινῷ.
2595 5347 2689 5399 Or.
2720 5347 2774 5412 2,
2806 5347 2992 5412 κοινῷ,
3028 5364 3053 5393 ι(
3087 5347 3521 5399 communione.
3565 5365 3617 5400 ››,

2217 5347 2328 5489 (91)
2358 5416 2457 5469 Τὸν
2490 5416 2703 5489 πάντων
2736 5415 2992 5489 ποιητ-ήν.
3024 5414 3114 5469 Sic
3137 5420 3364 5489 _ltegg.-
3392 5432 3448 5480 a,
3497 5420 3552 5471 et
3595 5415 3695 5488 ph,
3730 5414 3793 5477 In

2151 5483 2290 5555 Reg.
2318 5483 2447 5555 βω,
2478 5490 2585 5541 τῶν
2618 5484 2854 5540 πάντων.
2890 5486 3060 5541 Deest
3088 5483 3177 5539 τόν
3212 5483 3394 5545 ἰιὶὶά.

2222 5557 2327 5632 (92)
2360 5564 2481 5613 ’¹Δν.
2515 5559 2687 5617 Deest
2713 5557 2773 5615 in
2805 5558 2900 5616 Or.
2930 5558 2986 5617 2.
