4146 6290
638 310 652 335 ι’

410 348 528 414 903

1652 346 1715 410 S.
1764 341 2135 410 GREGORII
2180 344 2572 411 THEOLOGI

3701 358 3820 422 904

411 484 669 541 fuisset?
693 484 761 539 Et
790 480 1245 551 Providentiam,
1270 500 1395 554 quae
1428 483 1757 538 universam
1792 481 1941 536 hanc
1971 497 2043 536 re-

2174 478 2305 533 εἶναι
2362 480 2592 549 τονῦτων,
2652 481 2725 535 ὧν
2784 482 3020 552 ποιητὴν
3080 480 3211 537 εἶναι
3270 483 3583 560 ἀναγκαιον·
3648 489 3693 543 εἰ
3743 493 3819 564 μὴ

408 592 537 630 rum
574 572 907 628 machinam
939 573 1541 644 contineat,velutque
1563 571 1812 627 vinculis
1844 571 2055 626 astrin-

405 668 525 735 gat,
547 662 723 718 simul
754 661 1144 728 inducamus;
1174 662 1674 733 quandoquidem,
1696 677 1944 731 quarum
1975 676 2054 713 re-

406 769 539 807 rum
571 752 835 807 conditor
864 758 971 822 est,
995 768 1197 807 earum
1225 768 1456 823 quoque
1490 752 1818 806 moderator
1847 750 1925 805 sit
1956 767 2053 804 ne-

408 856 567 896 cesse
595 845 702 896 est.
734 839 964 911 Alioqui
1013 840 1062 896 si
1110 841 1367 895 mundus
1407 858 1544 895 casu
1594 840 1831 909 feratur,
1866 840 2054 911 primo

410 946 642 1001 quoque
674 933 955 1001 tempore,
1004 928 1160 984 velut
1190 929 1355 985 navis
1388 947 1420 984 a
1450 929 1602 984 venti
1639 929 1891 996 turbine,
1928 945 2054 999 pro-

407 1022 538 1090 pter
559 1018 815 1073 materia
842 1017 1360 1089 perturbationem,
1385 1018 1741 1073 dissolvetur
1760 1034 1825 1073 ac
1848 1019 2055 1072 distra-

407 1106 599 1178 hetur,
633 1111 807 1179 atque
837 1106 908 1162 ad
942 1110 1191 1162 veterem
1226 1106 1629 1161 confusionem
1674 1106 2052 1177 indigestam-

408 1212 521 1269 que
564 1196 893 1267 congeriem
945 1196 1269 1252 reducetur.
1326 1198 1404 1250 Ac
1452 1195 1671 1250 nostris
1728 1196 2050 1266 praesertim

405 1287 601 1355 rebus,
634 1289 923 1354 nostrum,
952 1285 1070 1340 sive
1096 1285 1394 1355 factorem,
1419 1284 1539 1340 sive
1562 1285 1820 1339 fictorem
1852 1283 2049 1356 appel-

402 1374 526 1431 lare
551 1374 759 1444 mavis,
792 1390 1040 1445 praeesse
1071 1373 1420 1441 credamus;
1454 1372 1685 1429 etiamsi
1705 1373 1821 1427 vita
1852 1378 2051 1428 nostra

406 1480 509 1536 per
553 1462 846 1519 contraria
891 1464 1270 1535 gubernetur,
1322 1463 1393 1517 ob
1446 1462 1503 1517 id
1576 1464 1820 1518 fortasse
1882 1462 2052 1517 nobis

404 1551 626 1623 ignota,
668 1557 733 1607 ut
780 1552 919 1623 quia
966 1568 1167 1606 eorum
1218 1551 1613 1624 cognitionem
1662 1550 1758 1605 vix
1814 1551 2053 1606 omnino

407 1641 559 1698 282
592 1640 872 1712 consequi
922 1656 1260 1711 possumus,
1296 1641 1577 1695 rationem
1635 1640 1835 1695 omnia
1882 1657 2055 1709 supe-

2172 568 2370 641 μέλλοι
2402 570 2463 623 τὸ
2495 576 2599 624 πᾶν
2647 575 2725 643 τῷ
2771 570 3066 643 αὐτομάτῳ
3116 572 3434 650 φερόμενον,
3486 575 3666 653 ὥσπερ
3719 580 3820 635 ὑπὸ

2165 656 2434 721 λαίλαπος
2464 664 2612 730 ναῦς,
2661 659 2850 715 αὐτίκα
2899 659 3226 731 λυθήσεσθαί
3271 684 3326 716 τε
3357 664 3445 718 καὶ
3487 664 3818 739 διασπασθή-

2165 750 2341 802 σεσθαι
2373 747 2461 803 διὰ
2489 751 2587 818 τὴν
2637 748 2850 819 ἀταξίαν
2897 757 2997 819 τῆς
3049 748 3209 820 ὕλης,
3259 752 3347 805 καὶ
3396 754 3530 825 πρὸς
3580 756 3678 823 τήν
3721 758 3813 832 ἆρ-

2165 837 2323 910 χαίαν
2353 837 2613 914 σύγχυσίν
2648 859 2705 892 τε
2751 838 2837 893 καὶ
2887 838 3149 911 ἀκοσμίαν
3194 838 3681 917 ἐπαταχθήσεσθαι.
3716 845 3812 900 Καὶ

2161 932 2277 988 τοῖς
2307 930 2419 999 (93)
2443 928 2739 1003 ἡμετέροις
2772 926 3007 1000 μάλιστα
3051 928 3350 984 ἐπιστατεῖν
3403 928 3676 1004 δεξώμεθα
3718 936 3808 990 τὸν

2162 1014 2453 1091 ἡμέτερον,
2487 1015 2593 1071 sifts
2623 1018 2872 1089 ποιητήν,
2916 1014 3021 1072 εἴτε
3065 1015 3311 1089 πλάστην
3364 1018 3547 1094 βούλει
3597 1020 3803 1077 καλεῖνο

2162 1105 2258 1158 κᾶν
2315 1102 2402 1159 διὰ
2449 1109 2555 1160 τῶν
2609 1104 2856 1160 ἐναντίων
2890 1106 2916 1160 ὁ
2963 1107 3077 1180 βίος
3126 1109 3262 1180 ἡμῖν
3313 1110 3425 1182 (94)
3477 1107 3804 1186 διεξάγηται,

2166 1192 2254 1247 διὰ
2282 1198 2442 1248 τοῦτο
2471 1194 2639 1270 τυχὸν
2688 1195 2777 1249 καὶ
2826 1194 3230 1268 ἀγνοουμένων,
3261 1194 3351 1251 *ίνα
3393 1202 3472 1270 τῷ
3506 1196 3810 1275 δυσθεωρή-

2162 1305 2243 1355 τῳ
2274 1285 2384 1356 (95)
2416 1283 2505 1337 τὸν
2556 1282 2687 1358 ὑπὲρ
2738 1285 2911 1338 πάντα
2961 1283 3123 1360 λόγον
3175 1284 3555 1359 θαυμάζωμεν.
3591 1287 3809 1357 Ἐπειδὴ

2161 1373 2223 1427 τὸ
2277 1373 2368 1444 μὲν
2418 1369 2613 1445 ῥᾳδίως
2662 1372 2892 1441 ληπτὸν,
2946 1372 3081 1427 ἅπαν
3119 1374 3600 1452 εὐκαταφρόνητον
3649 1378 3711 1433 τὸ
3757 1376 3813 1433 δὲ

2167 1461 2297 1535 ὑπὲρ
2329 1463 2499 1533 ἡμᾶς,
2551 1460 2661 1533 ὅσῳ
2712 1458 3174 1540 δυσεφικτότερον,
3223 1464 3468 1537 τοσούτῳ
3500 1468 3814 1539 θαυμασιώ-

2160 1568 2337 1625 τερον’
2371 1549 2459 1603 καί
2492 1550 2752 1625 γυμνάζει
2785 1551 2874 1605 τὸν
2906 1551 3073 1606 πόθον
3108 1551 3245 1607 ’ἁπαν
3420 1556 3483 1609 τὸ
3525 1552 3813 1635 διαφεῦγον

2163 1641 2261 1707 τὴν
2285 1637 2483 1717 ἔφεσιν.

401 1736 630 1785 rantem
662 1730 1042 1784 admiremur.
1076 1729 1373 1800 Quidquid
1400 1729 1556 1784 enim
1592 1729 1759 1785 facile
1808 1729 2150 1801 percipitur,
2187 1730 2351 1785 facile
2399 1746 2632 1802 quoque
2663 1730 2723 1786 in
2755 1735 3153 1802 contemptum
3188 1733 3363 1788 venit.
3398 1735 3558 1801 Quod
3613 1741 3807 1791 autem

401 1835 582 1891 supra
613 1834 719 1873 nos
750 1821 857 1885 est,
884 1834 998 1888 quo
1030 1820 1251 1890 majore
1282 1834 1415 1872 cum
1448 1816 1792 1873 difficultate
1823 1817 2041 1889 percipi
2072 1822 2280 1890 potest,
2306 1835 2371 1873 eo
2393 1818 2566 1874 etiam
2599 1821 2879 1890 majorem
2909 1819 3351 1877 admirationem
3378 1826 3599 1890 movet;
3634 1828 3811 1897 atque

397 1908 457 1964 id
488 1922 680 1977 omne,
714 1907 867 1979 quod
898 1906 1222 1979 appetitum
1257 1911 1522 1963 nostrum
1555 1907 1726 1979 fugit,
1752 1906 2109 1963 desiderium
2140 1914 2384 1963 exercet.

468 1994 714 2051 XXXIV.
748 1994 989 2061 Idcirco,
1027 2011 1129 2049 nec
1163 1994 1476 2051 sanitatem
1526 2011 1761 2051 omnem
1794 1995 2047 2051 admire-
2076 2006 2124 2071 Β

396 2103 552 2155 mur,
588 2100 693 2140 nec
726 2083 997 2138 morbum
1039 2100 1271 2139 omnem
1321 2100 1690 2157 respuamus,
1725 2100 1830 2139 nec
1860 2083 2048 2138 ﬂuen-

400 2173 561 2229 tibus
593 2172 814 2228 divitiis
836 2189 934 2228 cor
963 2189 1351 2245 apponamus,
1375 2172 1569 2243 ﬂuxis,
1594 2172 1725 2244 plus
1758 2190 1927 2243 quam
1949 2189 2053 2244 par

402 2262 499 2333 sit,
532 2262 919 2329 adhaerentes,
949 2278 1015 2317 ac
1044 2261 1204 2319 velut
1234 2266 1459 2334 partem
1493 2263 1809 2334 quamdam
1842 2262 2049 2317 animae

396 2369 532 2407 cum
562 2351 647 2406 eis
678 2350 1055 2406 absumentes
1089 2369 1101 2407 :
1136 2368 1243 2406 nec
1286 2369 1493 2407 rursus
1527 2356 1952 2423 paupertatem,
1988 2355 2052 2406 ut

398 2439 804 2495 detestabilem
862 2442 1100 2495 omnino
1149 2457 1214 2494 ac
1264 2441 1628 2510 damnatam,
1670 2445 1727 2493 et
1776 2440 2043 2505 invisam,

400 2528 780 2583 insectemur.
804 2527 1018 2583 Verum
1060 2538 1113 2583 et
1145 2527 1514 2600 insipientem
1540 2528 2048 2598 sanitatem,cujus

406 2617 637 2672 fructus
667 2622 756 2672 est
786 2622 1108 2688 peccatum,
1142 2617 1456 2689 despicere,
1489 2622 1544 2671 et
1585 2617 1852 2671 morbum
1912 2634 2048 2671 san-

399 2711 559 2762 ctum
593 2706 652 2761 in
686 2705 871 2778 pretio
901 2705 1118 2761 habere
1149 2706 1421 2772 sciamus,
1459 2721 1576 2776 eos,
1612 2706 1707 2776 qui
1743 2722 1845 2777 per
1894 2705 2050 2760 dolo-

400 2812 522 2851 rem
541 2799 597 2850 et
623 2795 951 2851 cruciatum
974 2795 1273 2851 victoriam
1298 2795 1487 2867 adepti
1514 2798 2043 2865 sunt,venerantes,

399 2902 470 2941 ne
492 2883 635 2940 forte
655 2884 764 2939 Job
790 2883 1085 2957 quispiam
1112 2885 1262 2939 inter
1285 2888 1631 2956 aegrotantes
1657 2882 2045 2952 lateat,multo

397 2973 602 3046 utique
634 2973 726 3043 iis,
758 2974 855 3045 qui
887 2990 1128 3045 corpore
1167 2990 1309 3029 sano
1351 2978 1509 3039 sunt,
1562 2972 1935 3043 praestantior
1982 2988 2046 3027 ac

397 3063 808 3133 venerabilior,
840 3062 1070 3119 etiamsi
1102 3063 1325 3119 saniem
1358 3062 1544 3118 radiat
1574 3062 1641 3132 2‘,
1675 3061 1905 3116 etiamsi
1944 3060 2044 3116 diu

397 3170 465 3209 ac
494 3158 668 3210 noctu
735 3154 844 3209 sub
904 3154 999 3209 dio
1054 3158 1310 3223 vexetur,
1339 3158 1463 3208 tum
1525 3170 1558 3207 a
1590 3151 1782 3224 plaga,
1814 3158 1940 3206 tum
1973 3150 2044 3206 ab

397 3258 595 3312 uxore,
627 3247 755 3298 tum
786 3244 860 3298 ab
892 3242 1099 3299 amicis
1129 3243 1187 3297 in
1241 3248 1468 3297 erctum
1514 3242 1824 3296 adductus.
1857 3243 2044 3310 Atque

2226 2001 2341 2050 ΛΔ.
2377 1993 2473 2048 Διὰ
2520 1998 2682 2049 τοῦτο
2750 1996 2889 2066 μήτε
2939 1995 3142 2069 ὑγίειαν
3193 2001 3365 2051 πᾶσαν
3415 1996 3802 2071 Θαυμάζωμεν,

2167 2084 2304 2157 μήτε
2331 2082 2487 2138 νόσον
2524 2080 2893 2157 διαπτύωμεν,
2931 2086 3073 2156 μήτε
3118 2082 3344 2159 πλούτῳ
3385 2086 3559 2163 ῥέοντι
3592 2109 3811 2160 προστι-

2164 2172 2385 2244 θώμεθα
2430 2170 2625 2248 καρδίᾳ
2854 2171 3021 2228 πλέον
3171 2172 3355 2237 καλῶς
3408 2173 3548 2252 ἔχει,
3606 2181 3672 2251 τῇ
3707 2177 3808 2253 ῥοῇ

2161 2261 2567 2336 προσκείμενοι,
2601 2262 2687 2315 καὶ
2736 2263 2847 2316 οἷον
2896 2269 2995 2332 τῆς
3051 2266 3236 2338 ψυχῆς
3268 2286 3316 2318 τι
3356 2265 3524 2339 ταύτῃ
3572 2287 3808 2342 προσαν-

2162 2349 2495 2412 αλίσκοντες·
2554 2353 2691 2422 μήτε
2737 2350 2923 2413 πενίας
2981 2353 3503 2426 κατεξανιστώμεθα,
3555 2355 3627 2417 ὡς
3682 2356 3813 2411 ἀπο-

2158 2438 2392 2494 πτύστου
2424 2440 2594 2509 πάντη
2646 2441 2732 2494 καὶ
2782 2441 3129 2517 κατακρίτου,
3181 2442 3268 2496 καὶ
3319 2450 3419 2511 τῆς
3470 2446 3807 2516 μισουμένης

2164 2527 2401 2602 μερίδος·
2461 2528 2587 2583 ἀλλ’
2644 2527 2871 2601 εἰδῶμεν
2942 2529 3029 2583 καὶ
3093 2530 3293 2605 ὑγίειαν
3350 2539 3692 2609 περιφρονεῖν
3747 2534 3808 2587 ἀ-

2159 2615 2396 2689 σύνετον,
2429 2617 2496 2686 ἧς
2525 2618 2728 2692 καρπὸς
2764 2620 2875 2690 (98)
2909 2619 3144 2693 ἁμαρτία
3174 2622 3307 2689 (99),
3338 2619 3427 2674 καὶ
3459 2620 3613 2675 νόσον
3644 2626 3809 2694 τιμᾷν

2158 2704 2302 2759 ὁσίαν
2367 2709 2462 2779 (1),
2512 2704 2825 2778 αἰδούμενοι
2882 2711 3008 2768 τοῦς
3062 2705 3149 2762 διὰ
3207 2710 3407 2770 πάθους
3460 2712 3803 2783 νικήσαντας,

2161 2797 2235 2867 μή
2270 2794 2374 2848 πού
2420 2816 2504 2857 τις
2552 2796 2638 2849 καὶ
2674 2790 2798 2849 Ἰὼϐ
2846 2800 2960 2857 τοῖς
3010 2801 3256 2850 νοσοῦσιν
3302 2794 3669 2874 ἐγκέκρυπται,
3705 2821 3803 2854 πο-

2157 2881 2225 2937 λύ
2254 2905 2305 2937 τι
2335 2888 2440 2937 τῶν
2495 2884 2844 2958 ὑγιαινόντων
2888 2882 3335 2960 αἱδεσιμώτερος,
3384 2886 3477 2941 κᾶν
3526 2887 3615 2941 τὸν
3660 2888 3801 2963 ἰχῶ-

2158 2992 2223 3046 ρα
2278 2974 2354 3046 (2)
2408 2974 2494 3047 ξὲῃ
2545 2976 2641 3044 (3),
2692 2972 2787 3027 κᾶν
2845 2972 3172 3050 ταλαιπωρῇ
3216 2976 3407 3037 νυκτὸς
3455 2975 3543 3030 καὶ
3591 2977 3803 3051 ἡμέρας

2156 3061 2389 3137 α’ίθριος,
2436 3062 2524 3115 καὶ
2575 3061 2785 3137 πληγῇ,
2834 3063 2923 3115 καὶ
2968 3063 3225 3137 γυναικὶ,
3278 3066 3365 3119 καὶ
3399 3065 3580 3142 φίλοις
3625 3087 3808 3121 στενο-

2156 3150 2534 3227 χωρούμενος·
2582 3151 2656 3212 ὡς
2717 3149 2773 3205 δὲ
2828 3152 2916 3205 καὶ
2974 3150 3211 3206 πλοῦτον
3257 3151 3438 3208 ἄδικον
3485 3155 3806 3228 ἀποπέμπε-

2155 3241 2297 3306 σθαι,
2331 3237 2398 3293 δι’
2431 3240 2486 3295 ὃν
2542 3240 2735 3313 κάμνει
2780 3238 3000 3301 δικαίως
3033 3241 3060 3295 ὁ
3092 3240 3143 3295 ἐν
3192 3245 3257 3314 τῇ
3306 3240 3469 3320 φλογὶ
3518 3241 3803 3315 πλούσιος,

394 3330 629 3401 iniquas
676 3348 837 3402 opes,
888 3336 1124 3403 propter
1167 3348 1315 3402 quas
1361 3330 1569 3386 merito
1626 3331 1786 3385 dives
1838 3328 1932 3384 ille
1981 3331 2041 3384 in

2160 3328 2242 3382 καὶ
2290 3334 2573 3402 προσαιτεῖ
2617 3326 2799 3404 ῥανίὸα
2855 3331 3050 3405 μικρὰν
3103 3330 3434 3404 ἀναψύξεως,
3481 3332 3569 3386 καὶ
3619 3333 3805 3387 πενίαν

2160 3415 2169 3431 .
2337 3422 2359 3431 _
2468 3418 2480 3431 .
2550 3417 2559 3431 .
2881 3417 2893 3431 .
3013 3415 3030 3431 κ
3065 3418 3076 3431 ,
3502 3422 3547 3431 λ.
3601 3424 3630 3431 _
3756 3424 3763 3431 .

393 3421 633 3476 ﬂamma
663 3421 979 3486 cruciatur,
1013 3426 1069 3475 et
1107 3420 1373 3491 exiguam
1426 3436 1591 3491 aquae
1640 3424 1890 3491 guttam,
1926 3435 2042 3490 qua

387 3509 650 3582 linguam
685 3510 989 3581 refrigeret
1020 3510 1089 3574 92,
1123 3508 1371 3581 supplex
1401 3508 1566 3580 petit,
1612 3508 1990 3579 repudiemus
2023 3524 2036 3562 :

389 3603 445 3654 et
476 3614 711 3654 rursum
746 3603 1150 3670 paupertatem
1182 3614 1315 3653 cum
1346 3597 1497 3670 grati
1528 3596 1707 3652 animi
1740 3597 1950 3651 affectu
1984 3600 2041 3651 et

2152 3415 2384 3471 ἐπαινεῖν
2433 3417 2751 3493 εὐχάριστον
2807 3417 2895 3471 καὶ
2949 3415 3247 3496 φιλόσοφον
3293 3421 3392 3493 (4),
3428 3422 3547 3493 μεθ’
3592 3424 3657 3490 ἧς
3689 3424 3799 3476 Λά-

2155 3512 2312 3581 ζαρος
2345 3507 2593 3574 σώζεται,
2626 3506 2714 3559 καὶ
2746 3503 2976 3560 πλουτεῖ
3021 3507 3119 3575 τὴν
3168 3506 3218 3561 ἐν
3264 3507 3495 3571 κόλποις
3545 3505 3798 3586 Ἀϐραὰμ

2152 3593 2439 3649 ἀνάπαυσιν
2452 3637 2462 3648 .

381 3688 596 3743 virtute
625 3689 997 3758 conjunctam
1030 3686 1360 3752 laudemus,
1392 3704 1523 3741 cum
1557 3703 1673 3757 qua
1701 3686 1951 3742 Lazarus
1998 3684 2247 3741 salutem
2291 3685 2648 3758 assequitur,
2683 3690 2857 3757 atque
2887 3687 2988 3742 illa
3018 3686 3076 3741 in
3108 3687 3358 3743 Abrahae
3406 3689 3537 3744 sinu
3589 3691 3791 3761 requie

380 3776 512 3832 locu
521 3775 734 3847 pletatu
744 3793 789 3830 r.

453 3864 668 3921 XXXV.
702 3867 771 3920 At
802 3864 945 3919 mihi
979 3864 1215 3937 quidem
1249 3864 1356 3919 hoc
1390 3881 1621 3936 quoque
1663 3865 1897 3919 nomine
1929 3881 2029 3919 ne-

384 3954 639 4010 cessaria
669 3971 796 4010 esse
828 3955 1157 4026 benignitas
1188 3961 1246 4009 et
1275 3954 1677 4009 misericordia
1716 3970 1853 4025 erga
1885 3970 2027 4025 pau-

382 4060 549 4115 peres
581 4043 825 4111 videtur,
862 4049 925 4098 ut
951 4042 1042 4109 iis,
1075 4043 1175 4115 qui
1230 4044 1299 4098 de
1352 4042 1467 4098 illis
1527 4043 1610 4097 ita
1640 4042 1931 4109 sentiunt,
1965 4059 2028 4097 os

386 4134 791 4197 obstruamus,
822 4148 926 4187 nec
944 4132 1223 4187 inanibus
1243 4133 1435 4187 verbis
1466 4133 1762 4200 cedamus,
1785 4130 2030 4186 crudeli-

391 4219 531 4274 tatis
552 4218 740 4290 legem
755 4220 1440 4292 adversusnosmetipsos
1463 4221 1824 4287 sancientes;
1854 4225 2029 4291 atque

387 4308 665 4363 mandato
697 4308 962 4363 omnium
997 4308 1249 4364 maxime
1281 4315 1338 4364 et
1366 4309 1627 4380 exemplo
1672 4325 2027 4364 moveamur.

384 4396 689 4463 Quodnam
741 4411 911 4467 porro
961 4396 1069 4453 hoc
1118 4398 1463 4453 mandatum
1514 4401 1647 4453 est?
1686 4401 1767 4450 Ac
1817 4396 2027 4468 videte,

382 4501 600 4557 quaeso,
627 4501 804 4557 quam
839 4490 1115 4541 constans
1147 4486 1224 4542 sit
1255 4490 1428 4557 atque
1459 4486 1755 4541 sincerum
1793 4501 1805 4540 :
1841 4500 2030 4555 neque

2210 3862 2329 3918 AE'.
2366 3860 2519 3918 Ἀλλ’
2552 3860 2673 3934 ἐμοὶ
2728 3862 2822 3934 μὲν
2875 3864 2963 3916 καὶ
3016 3860 3105 3917 διὰ
3147 3868 3308 3917 τοῦτο
3350 3861 3503 3919 δοκεῖ
3532 3864 3792 3940 ἀναγκαία

2136 3952 2421 4026 τυγχάνειν
2476 3952 2509 4019 ἡ
2559 3948 2958 4028 φιλανθρωπία,
3008 3949 3100 4005 καί
3150 3954 3211 4006 τὸ
3260 3953 3396 4028 πρὸς
3426 3953 3553 4015 τοὺς
3595 3951 3789 4026 δεομέ-

2137 4061 2259 4101 νους
2294 4037 2701 4114 εὖσπλαγχνον,
2727 4037 2817 4093 ’ίνα
2864 4040 2991 4101 τοὺς
3036 4041 3207 4103 οὕτως
3244 4039 3470 4116 ἔχοντας
3504 4044 3626 4117 περὶ
3657 4043 3789 4098 τού-

2137 4149 2242 4182 των
2287 4126 2742 4201 ἐπιστομίζωμεν,
2798 4128 2885 4181 καὶ
2941 4130 3015 4201 μή
3068 4127 3257 4203 λόγοις
3316 4131 3564 4202 ματαίοις
3616 4151 3785 4204 παρα-

2138 4219 2436 4290 χωρῶμεν,
2466 4217 2887 4287 νομοθετοῦντες
2937 4217 3054 4279 καθ’
3084 4218 3240 4288 ἡμῶν
3293 4217 3467 4271 αὐτῶν
3502 4220 3601 4286 τήν
3633 4218 3783 4291 ὠμό-

2137 4324 2293 4374 τηταο
2325 4305 2537 4359 πάντων
2592 4301 2649 4358 δὲ
2697 4304 2795 4372 τήν
2847 4304 3074 4373 ἐντολὴν
3130 4302 3408 4378 αἷδώμεθα
3451 4305 3642 4377 πλέον,
3693 4307 3783 4360 καὶ

2135 4392 2198 4447 τὸ
2230 4390 2552 4468 ὑπόδειγμα.
2586 4390 2681 4455 Τίς
2714 4395 2747 4463 ἡ
2782 4392 2975 4463 ἐντολή
3013 4412 3025 4461 ;
3060 4395 3147 4447 καὶ
3187 4400 3438 4449 σκοπεῖτε
3484 4396 3545 4449 τὸ
3588 4395 3783 4466 ἐπίμο-

2136 4504 2222 4538 νον
2258 4484 2330 4556 (5)
2362 4482 2549 4552 αὐτῆς,
2582 4482 2672 4536 καὶ
2720 4484 2782 4536 τὸ
2825 4484 3069 4557 γνήσιον.
3122 4482 3194 4536 Οὐ
3224 4484 3322 4558 γὰρ
3357 4482 3514 4555 ἅπαξ,
3548 4483 3671 4538 οὐδὲ
3702 4482 3783 4545 δὶς

380 4573 539 4629 enim
568 4573 838 4630 homines
870 4574 1089 4646 Spiritu
1125 4579 1325 4630 sancto
1358 4573 1559 4641 afﬂati,
1580 4590 1711 4629 cum
1729 4572 1908 4629 semel
1926 4578 2027 4628 aut

2160 4571 2376 4633 i’ndvrec
2424 4592 2475 4625 τι
2530 4569 2654 4645 περὶ
2702 4576 2808 4624 τῶν
2852 4568 3123 4642 δεομένων
3160 4612 3174 4637 ,
3224 4571 3276 4624 οἱ
3322 4576 3419 4626 τοῦ
3471 4572 3784 4645 ΙΙνεύματος

2251 4657 2308 4676 NN
2342 4659 2351 4675 1
2417 4671 2425 4676 .
2651 4656 2724 4676 ἀλ
2797 4659 2809 4676 ε
2892 4660 2906 4676 \
3037 4660 3049 4676 ο
3092 4656 3134 4676 6‘
3212 4658 3235 4676 ’ἰ
3298 4660 3323 4676 i‘
3405 4658 3497 4676 ~\\
3528 4660 3547 4676 11

375 4662 469 4719 bis
494 4663 565 4718 de
595 4663 951 4734 pauperibus
973 4679 1303 4719 sermonem
1333 4662 1697 4731 habuissent,
1724 4663 2026 4718 desierunt

444 4830 484 4865 ²¹
514 4830 648 4888 Job.
683 4846 743 4903 II,
777 4832 830 4888 8.
910 4833 956 4867 ²²
987 4833 1125 4889 Luc.
1157 4850 1272 4901 xvr,
1301 4832 1389 4886 24.

378 5043 390 5055 .
442 4972 744 5055 (ρῇφοῖς.
777 4973 871 5029 Sic
916 4978 1090 5047 Regg.
1144 4992 1195 5045 a,
1251 4976 1367 5043 bm,
1402 4972 1499 5045 ph,
1535 4977 1589 5028 et
1637 4976 1730 5027 0r.
1764 4973 1817 5027 2.
1856 4975 2025 5027 Deest

375 5044 435 5098 in
466 5044 606 5098 edit.
1002 5044 1021 5045 ί
1042 5044 1061 5047 “
1185 5044 1188 5045 ⁷

589 5114 775 5188 Ἡμῖν.
805 5116 1012 5186 Nicet.,
1044 5116 1231 5188 ἡμῶν.

443 5182 555 5261 (9.5)
586 5182 672 5254 Τῷ
704 5182 1100 5260 δυσθεωρήτῳ.’
1140 5210 1167 5241 ιι
1216 5189 1456 5261 Propter
1486 5186 1879 5256 cognoscendi
1911 5186 2021 5240 dif-

374 5256 718 5312 ficultatem.
760 5282 778 5306 ν
912 5256 919 5260 ’
969 5256 974 5257 ⁷
1035 5256 1044 5259 “
1329 5256 1349 5261 “

372 5328 559 5457 “$36)
589 5328 787 5384 "Amv.
822 5330 913 5385 Sic
946 5331 1124 5404 Regg.
1159 5348 1212 5385 a.
1261 5347 1314 5399 c,
1365 5330 1420 5398 d,
1455 5335 1512 5384 et
1543 5327 1636 5381 Or.
1670 5328 1723 5379 2.
1759 5326 1931 5383 Deest
1962 5328 2019 5382 in

2134 4657 2563 4734 ἀπηλλάγησαν
2605 4656 2733 4713 οὐδὲ
2765 4659 2816 4713 οἱ
2852 4660 2970 4732 μὲν,
3003 4660 3056 4713 οἱ
3088 4656 3145 4713 δὲ
3175 4658 3257 4729 οὒ,
3290 4660 3324 4729 ἢ
3361 4658 3574 4733 μᾶλλόν
3622 4681 3781 4727 τινες,

2205 4971 2280 5044 (1)
2312 4968 2512 5044 Ὁσία-ν.
2547 4970 2641 5025 Or.
2679 4967 2932 5044 ὅσιον.

2206 5040 2282 5115 (2)
2314 5042 2419 5097 Τὸν
2457 5041 2656 5115 ἰχῶρα.
2691 5042 2784 5097 Sic
2816 5044 2991 5115 Regg.
3026 5061 3078 5112 a,
3115 5062 3165 5111 c,
3189 5045 3247 5112 d,
3270 5046 3390 5100 bm.
3425 5046 3484 5099 et
3512 5041 3611 5115 ph.
3645 5040 3782 5097 Edi-

2132 5115 2175 5170 ti
2207 5112 2378 5188 vero,
2398 5119 2453 5171 et
2480 5112 2657 5188 Cois}.
2684 5115 2833 5188 1,τις
2860 5112 3058 5188 ἰχῶρα.

2202 5188 2279 5257 (3)
2311 5186 2453 5259 Ξὲῃε,
2479 5186 2653 5255 Editi,
2692 5184 2798 5259 ζέῃ.
2831 5208 2858 5234 (ι
2880 5184 3059 5259 ςεξιίιίθ
3092 5190 3329 5259 scateat,
3364 5186 3595 5259 ferveat.
3632 5206 3660 5233 »

2202 5239 2276 5330 (ti
2312 5239 2779 5335 chdpmov'jai
2814 5239 3147 5335 φιξςξάοερ-οᾲῖ
3163 5239 3781 5335 “(Gratias—agentem

2133 5345 2198 5383 ac
2229 5329 2563 5401 patientem.
2601 5351 2627 5377 ››
2663 5329 2841 5401 vocat
2887 5329 2981 5384 hic
3027 5329 3363 5401 Gregorius
3391 5353 3417 5379 ‹‹
3470 5330 3787 5401 pauperta-

2132 5397 2273 5468 tem,
2309 5424 2337 5449 »
2370 5397 2693 5475 φιλόσοφον,
2727 5400 2783 5454 id
2817 5406 2926 5475 est,
2962 5397 3309 5475 philos?»th
3341 5397 3670 5475 Christiano
3701 5397 3784 5451 di-

2129 5488 2328 5543 gnam,
2356 5471 2525 5541 c'ujus
2553 5471 2644 5526 est
2672 5471 2872 5526 omnia
2903 5471 3081 5542 hujus
3113 5471 3243 5531 vitae
3275 5472 3650 5528 incommoda
3680 5485 3781 5541 pa-

2129 5544 2366 5617 tienter,
2394 5545 2560 5617 ferre,
2594 5559 2660 5598 ac
2695 5547 2811 5617 Deo
2835 5544 3053 5617 gratias
3081 5561 3269 5617 agere.

2204 5614 2280 5685 (5)
2310 5610 2379 5666 Τὸ
2439 5610 2719 5686 ἐπίμονον.
2782 5610 2958 5672 Οόἱὶε,
3008 5617 3066 5686 2,
3112 5610 3176 5671 τὸ
3225 5612 3522 5688 ἐπίσημον,
3565 5638 3592 5665 ι(
3638 5610 3783 5668 insi-

2127 5700 2260 5759 gne.
2294 5706 2322 5735 »

443 5471 556 5538 (97)
587 5466 808 5541 Καρδίᾳ.
844 5495 871 5523 ‹‹
903 5474 1083 5529 Corde
1114 5472 1483 5527 inhaerentes.
1526 5490 1553 5519 ››
1589 5473 1719 5524 Par.
1752 5474 1808 5525 et
1852 5471 2016 5526 Com-

370 5543 478 5599 bef.
495 5585 508 5607 ,
539 5538 783 5614 καρδίαν.

462 5614 552 5681 98)
586 5610 818 5685 Καρπός.
856 5614 950 5671 0r.
983 5615 1036 5670 2.
1073 5614 1101 5666 ὁ
1131 5610 1358 5685 καρπός.

462 5618 552 5681 98)
586 5618 818 5685 Καρπός.
856 5618 950 5671 Or.
983 5618 1036 5670 2.
1073 5618 1101 5666 ὁ
1131 5618 1358 5671 καοπός.

441 5618 555 5762 (99)
584 5684 866 5761 ’Δμαρτία.
900 5687 1042 5761 Reg.
1075 5686 1134 5758 d,
1166 5664 1210 5756 ἡ⁵
1233 5678 1490 5759 ἁμαρτία.
