4146 6290
287 312 405 382 905
1213 300 1502 369 ORATIO
1547 300 1811 365 XIV.-—
1854 294 1956 360 DE
1997 300 2429 365 PAUPERUM
2479 302 2777 368 AMORE.
3581 311 3700 377 906

286 452 339 507 οἱ
374 448 432 505 δὲ
457 448 644 518 ἧττον,
670 445 746 505 ὡς
779 443 836 497 ἂν
873 445 947 515 μὴ
981 440 1105 514 περὶ
1146 436 1383 513 μεγάλου
1430 435 1595 499 τινὸς,
1642 429 1782 504 μηδὲ
1828 435 1934 485 τῶν
1971 498 1972 501 η

2096 450 2159 488 ec
2182 435 2420 505 quidam
2450 437 2733 495 duntaxat
2759 440 2829 497 de
2854 441 2945 497 his
2978 443 3153 499 rebus
3196 445 3370 500 verba
3421 446 3699 514 fecerunt,

289 536 498 618 σφόδρα
552 531 1007 606 καπεπειγόντων,
1050 526 1198 583 ἀλλὰ
1251 527 1342 580 καὶ
1388 526 1603 590 πάντες,
1659 521 1749 575 καὶ
1812 522 1946 593 μετά

2089 525 2263 594 sliqui
2286 526 2550 591 minime,
2576 533 2675 581 aut
2707 530 2804 583 alii
2826 532 3143 602 copiosius,
3169 533 3263 588 alii
3288 535 3706 605 parcius,velut

290 612 531 696 σπουδῆς
587 620 835 694 ἕκαστος,
895 622 930 688 ἣ
982 622 1221 694 πρῶτον,
1271 616 1306 683 ἢ
1358 613 1408 668 έν
1466 612 1730 686 πρώτοις,
1778 613 1942 696 τοῦτο

2095 626 2123 665 e
2156 628 2215 666 re
2243 629 2356 667 non
2385 612 2469 668 ita
2500 631 2729 687 magna,
2795 636 2902 674 nec
2955 621 3275 677 admodum
3337 625 3699 691 necessaria;

294 694 761 787 διακελευόμενοι,
813 708 903 763 καὶ
947 708 1079 762 ποτέ
1112 706 1206 778 μὶν
1235 702 1652 787 προτρέποντες,
1701 697 1833 753 ποτὲ
1889 694 1945 752 δὶ

2091 715 2277 767 erum,
2310 706 2365 756 et
2395 718 2597 758 omnes
2630 705 2688 759 in
2722 707 3085 773 universum,
3117 718 3173 765 et
3204 711 3406 766 sedulo
3428 711 3701 783 quisque,

292 786 665 871 ἀπειλοῦντες,
724 800 857 854 ποτὶ
907 795 965 852 δὲ
1011 793 1399 862 ὀνειδίζοντες’
1456 789 1566 845 ἔστι
1609 786 1666 843 δε
1722 786 1811 842 ὅτε
1854 787 1944 841 καὶ

2089 786 2139 842 el
2172 788 2454 859 primum,
2484 793 2572 846 vel
2601 793 2659 848 in
2693 796 2900 865 primis
2933 798 3003 852 ad
3039 814 3167 853 eam
3199 816 3321 854 rem
3355 817 3462 856 nos
3493 801 3693 857 cohor-

287 895 415 957 τοὺς
467 893 863 967 κατορθοῦντας
909 883 1331 959 ἀποδεχόμενοι,
1382 879 1454 941 ὡς
1512 877 1571 933 ἂν
1619 882 1699 948 τῷ
1732 879 1947 951 συνεχεῖ

2089 882 2272 943 antur,
2305 895 2461 933 nunc
2484 881 2889 951 admonentes,
2909 902 3063 939 nunc
3081 889 3526 955 comminantes,
3548 906 3705 945 nunc

286 992 386 1055 τῆς
439 966 802 1055 ὑπομνήσεως
844 977 942 1045 τὴν
1003 970 1234 1040 ἓντολήν
1296 969 1680 1045 ἐνεργήσωσιν.
1728 967 1942 1055 ’ᾍΕνεκεν

2089 966 2508 1036 xprobrantes;
2542 986 2966 1043 nonnunquam
2999 976 3174 1030 etiam
3208 993 3326 1045 eos,
3353 979 3450 1048 qui
3477 978 3709 1034 virtutis

296 1051 389 1148 μέν
448 1051 561 1141 τῆς*
608 1062 990 1140 ταλαιπωρίας
1042 1066 1149 1115 τῶν
1201 1062 1465 1133 πτωχῶν,
1525 1056 1614 1110 καὶ
1672 1051 1768 1109 τοῦ
1823 1074 1942 1107 στε-

2089 1055 2305 1121 iuiusce
2325 1071 2569 1112 munere
2599 1059 2943 1131 funguntur,
2969 1062 3246 1119 laudibus
3269 1066 3603 1133 efferentes,
3630 1068 3712 1121 ni-

290 1142 505 1238 ναγμοῦ
561 1162 672 1214 τῶν
728 1156 979 1224 πενήτων
1037 1155 1130 1204 νῦν
1209 1149 1601 1238 ἀναστήσομαι,
1679 1142 1811 1238 φησί
1868 1143 1945 1214 (6)

2089 1142 2269 1197 uirum
2307 1148 2370 1197 ut
2401 1161 2501 1214 per
2530 1147 2947 1205 admonitionis
2979 1153 3388 1209 assiduitatem
3438 1155 3591 1211 283
3641 1172 3708 1211 eo

293 1231 443 1326 λέχει
504 1247 722 1323 Κύριος.
776 1243 865 1306 Τίς
896 1241 958 1297 ού
1016 1238 1252 1296 δέδοικεν
1315 1236 1666 1326 ἀνιστάμενον
1699 1231 1899 1326 Κύριον
1921 1249 1944 1326 ⁸;

2089 1248 2162 1286 .os
2186 1233 2502 1298 adducant,
2529 1241 2590 1289 ut
2613 1234 2721 1291 hoc
2746 1240 3091 1295 mandatum
3137 1257 3548 1314 exsequamur.
3572 1246 3705 1299 Pro-

293 1321 421 1397 Καὶ.
455 1321 767 1406 ’Δνάστηθι,
800 1332 964 1407 Κύριε
1008 1331 1037 1384 6
1097 1328 1226 1389 Θεός
1290 1347 1394 1399 μου
1450 1326 1549 1398 (7),
1607 1321 1944 1395 ὑψωθήτωή

2094 1323 2179 1374 ter
2208 1321 2506 1376 miseriam
2561 1324 2786 1395 inapum
2815 1335 2866 1381 et
2891 1331 3169 1399 gemitum
3196 1348 3502 1403 pauperum
3551 1350 3699 1388 nunc

294 1427 420 1503 χείρ
454 1442 583 1480 σου⁶
646 1424 721 1496 μὴ
755 1419 985 1492 έπιλάθῃ
1039 1421 1147 1472 τῶν
1208 1415 1457 1503 πενήτων
1678 1408 1947 1503 Ἀπευξώ-

2089 1424 2378 1479 :csurgam,
2405 1409 2539 1465 dicit
2571 1415 2839 1469 Dominus
2867 1417 2932 1473 ³³.
2966 1418 3106 1481 Quis
3139 1426 3547 1491 exsurgentem
3597 1422 3707 1477 Do-

300 1494 434 1590 μεάα
462 1516 560 1583 τήν
589 1494 847 1580 τοιαύτην
881 1509 1111 1582 ὕψωσιν,
1144 1504 1233 1559 καὶ
1297 1503 1372 1576 μὴ
1409 1498 1767 1590 βουληβῷμεν
1820 1494 1950 1590 ἰδεῖν

2089 1497 2289 1552 uinum
2323 1514 2436 1553 non
2496 1500 2880 1558 extimescat?
2928 1505 2998 1559 Et
3049 1505 3161 1561 alio
3212 1506 3375 1563 loco:
3436 1510 3706 1578 Exsurge,

296 1584 658 1679 έπαιρομένῃν
692 1604 853 1675 χεῖρα
881 1597 1017 1651 κατά
1042 1599 1150 1650 τῶν
1186 1590 1575 1661 ἀπειθούντων,
1607 1585 1684 1641 ἔτι
1718 1584 1774 1641 δὲ
1808 1584 1946 1679 μάλη

2089 1588 2291 1641 )omine
2345 1588 2485 1642 Deus
2538 1605 2712 1657 meus,
2754 1600 2804 1646 et
2858 1595 3137 1649 excitetur
3193 1613 3393 1652 manus
3449 1606 3577 1653 tua:
3636 1615 3705 1654 ne

298 1692 393 1748 λον
427 1674 801 1768 *ἐπαφιεμένην
849 1692 966 1747 τοῖς
1014 1682 1406 1758 σκληροτέροις
1593 1675 1696 1768 Καὶ
1727 1674 1826 1768 ούκ
1856 1674 1948 1768 ἐπ-

2097 1676 2408 1731 bliviscaris
2427 1693 2741 1768 pauperum
2771 1681 2838 1737 ²⁴.
2873 1681 3197 1739 Elationem
3231 1684 3575 1755 hujusmodi
3606 1687 3712 1741 de-

300 1780 520 1837 ελάθετο
558 1762 678 1847 ’τῆς
736 1780 979 1851 κραυγῆς
1027 1777 1135 1828 τῶν
1189 1772 1477 1841 πενήτων·
1540 1765 1662 1834 Καὶ,
1720 1763 1835 1822 Οὐκ
1872 1762 1947 1824 είς

2089 1780 2390 1834 ireoemur,
2422 1772 2480 1821 et
2510 1782 2580 1821 ne
2611 1767 2858 1825 velimus
2890 1786 3124 1827 cernere
3155 1789 3398 1829 manum
3429 1772 3585 1828 illam
3610 1774 3713 1829 ad-

295 1817 1103 1937 ;:;;:.\’é1ti)::oo%ro;alzin(40)
1163 1861 1190 1914 6
1245 1817 1508 1933 m‘w'xoc'
1544 1817 1662 1927 xui:
1709 1852 1945 1930 Ὀφθαλ-

2089 1869 2268 1908 νοιιευε
2288 1853 2688 1911 inobedientes
2714 1862 2771 1912 et
2787 1864 3160 1916 contumaces
3181 1877 3309 1917 sese
3325 1861 3713 1930 attollentem,

304 1958 400 2033 μοὶ
464 1958 558 2031 μὶν
603 1955 769 2010 αὐτοῦ
828 1952 916 2007 έπὶ
944 1952 1035 2005 τὸν
1068 1948 1275 2019 πένητα
1303 1941 1687 2033 ἐπιϐλέπουσιν
1855 1944 1952 1995 τοῦ

2089 1942 2338 2014 [uodque
2382 1959 2448 1997 eo
2493 1946 2726 2013 gravius
2745 1951 2852 2013 est,
2880 1948 2937 2001 in
2963 1949 3138 2004 duros
3160 1954 3215 2005 et
3243 1950 3571 2021 pertinaces
3608 1951 3716 2006 im-

303 2028 578 2124 βλεφάρου
608 2048 849 2116 κρεῖττον
881 2039 971 2095 καὶ
1021 2038 1349 2111 κυριώτερον
1385 2034 1541 2124 [41]),
1591 2031 1659 2086 τὰ
1709 2028 1954 2124 βλέιραρα

2089 2031 2332 2085 uissam.
2358 2031 2426 2085 Et
2458 2048 2699 2088 rursus:
2730 2039 2852 2091 Non
2878 2039 2957 2091 est
2986 2038 3186 2092 oblitus
3215 2036 3516 2094 clamorem
3571 2056 3714 2110 pau-

301 2118 361 2191 δὲ
390 2118 555 2190 αὐτοῦ
585 2131 811 2203 ἐξετάζει
840 2128 967 2189 τοὺς
996 2125 1147 2187 υἱοὺς
1175 2146 1283 2179 των
1329 2123 1627 2197 ἀνθρώπων
1656 2140 1669 2153 °
1703 2121 1738 2188 ἡ
1792 2118 1951 2173 ἐλάσ-

2089 2135 2254 2174 ιενιιηι
2280 2119 2359 2186 ²⁵;
2392 2124 2467 2185 et,
2500 2121 2615 2175 Non
2647 2124 2705 2175 in
2753 2123 2918 2192 ﬁnem
2948 2125 3148 2180 oblivio
3194 2128 3307 2181 erit
3347 2129 3607 2198 pauperis
3627 2128 3713 2195 26;

304 2247 437 2294 σων,
470 2224 544 2285 ὡς
578 2222 637 2276 ἃν
671 2218 813 2275 εἶ’ποι
843 2239 949 2286 τις,
984 2214 1253 2282 έπισκοπή
1284 2213 1374 2267 καὶ
1406 2209 1629 2285 δευτέρα
1659 2210 1789 2281 (12).

2089 2214 2142 2277 ιι,
2165 2207 2321 2262 Oculi
2348 2208 2466 2278 ejus
2496 2210 2554 2263 in
2581 2226 2883 2281 pauperem
2913 2215 3213 2284 respiciunt
3246 2215 3422 2285 (quod
3472 2216 3711 2286 quidem

312 2312 609 2387 palpebris
638 2309 853 2366 melius
883 2313 992 2375 est,
1023 2322 1089 2361 ac
1120 2303 1551 2378 praestantius);
1595 2299 1875 2372 palpebrae
1917 2304 2104 2353 autem
2132 2298 2248 2368 ejus
2277 2299 2615 2368 interrogant
2642 2300 2785 2368 ﬁlios
2816 2302 3101 2357 hominum
3122 2304 3197 2371 ’7;
3249 2303 3306 2359 id
3354 2308 3463 2372 est,
3498 2304 3711 2372 minor,

302 2408 369 2458 ut
398 2404 477 2458 ita
509 2402 722 2468 dicam,
754 2403 811 2454 et
840 2394 1186 2452 secundaria
1214 2392 1521 2463 inspectio.

380 2490 487 2558 Λξ.
533 2486 685 2562 Τάχα
734 2485 793 2539 ἂν
849 2480 994 2538 εἷ’ποι
1047 2497 1165 2543 τις’
1217 2478 1372 2553 Ὑπὶρ
1422 2480 1529 2531 τῶν
1586 2472 1957 2548 ἀδικουμένων

304 2583 471 2634 ταῦτα
518 2578 763 2650 πτωχῶν
820 2572 911 2627 καὶ
954 2572 1224 2640 πενήτων.
1285 2566 1357 2621 Ού
1417 2563 1743 2641 διαφέρομαι
1802 2565 1955 2650 (13)’

306 2665 451 2723 ἀλλὰ
483 2666 541 2720 σέ
587 2649 652 2741 γε
672 2649 1009 2736 θκεντριζέτω
1059 2660 1172 2731 (14)
1200 2655 1290 2711 καὶ
1317 2658 1479 2709 τοῦτο
1510 2654 1644 2741 πρδς
1672 2653 1734 2707 τὸ
1765 2649 1958 2741 φιλάν-

309 2768 549 2831 θρωπον.
582 2739 674 2807 Ὧν
697 2752 798 2828 γὰρ
830 2745 1481 2831 ἀδικουμένων-τοσοῦτος
1512 2743 1540 2796 6
1590 2740 1781 2816 λόγος,
1827 2739 1958 2831 τού-

305 2828 414 2900 των
440 2843 530 2898 καὶ
565 2840 620 2897 εὖ
661 2839 984 2914 πασχόντων
1045 2829 1264 2904 δηλαὸἠ
1326 2829 1532 2887 πλείων
1561 2832 1673 2904 (15)
1703 2832 1738 2899 ἡ
1772 2828 1955 2904 χάρις.

312 2931 380 2986 Εἰ
431 2932 535 3006 γὰρ
575 2931 603 2984 6
650 2928 926 3001 ἀτιμάζων
984 2926 1211 2993 πένητα,
1271 2920 1559 2997 παροξύνει
1632 2920 1722 2973 τὸν
1794 2920 1957 2987 ποιή-

313 3039 477 3073 σαντα
545 3017 726 3085 αὐτὸν,
800 3019 936 3087 τιμᾷ
1004 3014 1095 3069 τὸν
1168 3011 1404 3080 ποιητὴν
1484 3010 1512 3063 6
1568 3006 1839 3083 περιέπων
1897 3006 1959 3059 τὸ

2139 2475 2375 2532 XXXVI.
2399 2476 2615 2533 Verum
2637 2479 2847 2535 dixerit
2867 2480 3114 2537 fortasse
3131 2481 3395 2555 ﬁaliquis:
3449 2482 3578 2537 Haec
3611 2498 3714 2554 pro

2070 2566 2429 2636 pauperibus
2459 2566 2575 2623 illis
2606 2572 2662 2623 et
2693 2568 2966 2639 inopibus
2998 2570 3153 2627 dicta
3185 2576 3345 2642 sunt,
3370 2572 3471 2643 qui
3497 2571 3717 2643 injuria

2070 2653 2430 2710 afficiuntur.
2466 2656 2589 2711 Non
2621 2658 2988 2727 contradico;
3022 2664 3081 2714 at
3112 2660 3220 2715 hoc
3251 2677 3485 2731 quoque
3517 2665 3715 2715 tamen

2069 2743 2140 2797 ad
2164 2742 2408 2799 colenda
2436 2744 2823 2802 humanitatis
2854 2748 3045 2803 ofﬁcia
3069 2754 3125 2803 te
3174 2748 3528 2804 exstimulet.
3566 2751 3714 2814 Quo-

2071 2848 2198 2885 rum
2224 2832 2405 2898 enim,
2428 2834 2474 2887 si
2501 2834 2639 2903 quid
2663 2834 2746 2889 eis
2768 2836 2997 2906 injuriae
3019 2835 3324 2905 inferatur,
3372 2841 3534 2893 tanta
3566 2836 3712 2891 ratio

2069 2919 2336 2987 habetur,
2368 2920 2577 2976 iisdem
2613 2928 2766 2977 certe
2798 2924 3080 2978 beneficio
3114 2926 3354 2991 affectis,
3379 2925 3631 2995 amplior
3656 2928 3716 2978 et

2068 3008 2304 3063 uberior
2330 3014 2421 3063 est
2449 3010 2654 3080 gratia.
2688 3011 2833 3065 Nam
2864 3011 2939 3080 si,
2971 3015 3067 3083 qui
3108 3030 3409 3084 pauperem
3465 3013 3716 3085 despicit,

312 3106 551 3179 ποίημα.
603 3103 771 3159 Πάλιν
832 3104 941 3176 (16)
974 3099 1029 3156 δὲ
1059 3100 1182 3156 ὅταν
1229 3098 1427 3171 ἀκούῃς
1471 3098 1604 3169 (47)·
1656 3095 1829 3165 Πένης
1868 3093 1957 3180 καὶ

2089 3112 2195 3150 rum
2223 3113 2254 3150 a
2287 3112 2390 3167 quo
2416 3100 2591 3167 [actus
2618 3107 2716 3164 est,
2765 3098 2836 3152 ad
2886 3101 3032 3154 iram
3078 3104 3315 3157 concitat
3336 3102 3402 3167 23,
3448 3119 3562 3156 non
3612 3101 3716 3155 du-

313 3192 576 3254 πλούσιος
663 3192 991 3261 συνήντησαν
1081 3185 1377 3257 ἀλλήλοις,

313 3285 341 3339 6
404 3281 596 3359 Κύριος
681 3280 951 3349 ἐποίησεν·
1028 3280 1104 3350 μὴ
1160 3278 1252 3331 τὸν
1327 3276 1418 3347 μὲν
1478 3273 1701 3343 πένητα,
1759 3271 1848 3326 τὸν
1907 3267 1964 3324 δὶ

313 3372 579 3427 πλούσιον
656 3363 958 3441 ὑπολάϐῃς,
1010 3365 1103 3420 ’ίνα
1154 3365 1244 3419 καὶ
1306 3361 1516 3437 μᾶλλον
1572 3360 1963 3433 κατεξαναστῇς

313 3466 411 3517 τοῦ
440 3461 707 3530 πένητος’
744 3458 805 3511 ού
835 3457 935 3533 γὰρ
986 3453 1177 3526 δῆλον,
1227 3452 1272 3508 εἰ
1315 3452 1492 3516 θεόθεν
1539 3454 1574 3520 ἡ
1622 3448 1846 3517 τοιαύτη
1880 3445 1966 3501 δι-

315 3551 520 3627 αίρεσις
546 3568 558 3581 ·
613 3546 842 3618 πλάσμα
865 3544 922 3600 δὲ
952 3549 1106 3614 Θεοῦ,
1140 3544 1324 3622 φησὶν,
1379 3540 1586 3614 ὁμοίως
1642 3538 1965 3615 ἀμφότεροι,

313 3640 407 3695 καὶ
464 3639 509 3693 εί
566 3640 631 3692 τὰ
690 3631 878 3709 ἔξωθεν
939 3630 1113 3690 ἄνισα.
1166 3631 1337 3687 Τοῦτό
1395 3652 1452 3685 σε
1482 3627 1797 3684 δυσωπείτω
1853 3629 1968 3699 (18)

317 3728 455 3805 πρὸς
484 3729 547 3782 τὸ
579 3726 857 3798 συμπαθὲς
888 3724 977 3779 καὶ
1009 3720 1363 3800 φιλάδελφον,
1393 3720 1480 3773 ἳνα
1520 3719 1645 3773 ὅταν
1693 3717 1781 3805 ὑπξ
1832 3714 1967 3805 έκεί-

317 3802 426 3874 νων
486 3814 745 3888 έπαρθῇς,
806 3812 908 3867 ὑπὸ
962 3810 1159 3866 τούτου
1208 3812 1322 3881 (19)
1375 3804 1668 3879 συσταλῇς,
1700 3804 1790 3858 καὶ
1846 3802 1972 3878 γένῃ

320 3908 548 3961 σεαυτοῦ
629 3901 1008 3975 μετριώτερος.
1086 3898 1146 3952 Τί
1205 3895 1319 3964 Eu;
1389 3897 1445 3947 Ὀ
1502 3892 1668 3948 ἐλεῶν
1724 3892 1970 3965 πτωχὸν,

318 3999 439 4066 Θεῷ
470 3990 718 4062 δανείζει,
752 3989 911 4067 φησίν
941 3990 1074 4060 (20).
1106 3984 1197 4047 Τίς
1225 3984 1285 4039 οὐ
1320 3981 1534 4058 δέχεται
1565 3984 1810 4035 τοιοῦτον
1842 3998 1974 4053 χρε-

323 4085 531 4154 ώστην,
567 4078 922 4135 ἀποδώσοντα
946 4076 997 4131 ἐν
1028 4076 1202 4151 καίρῷ
1256 4072 1390 4147 μετὰ
1432 4077 1531 4140 τῆς
1562 4067 1882 4140 ἐπικαρπίας
1912 4067 1974 4119 τὸ

326 4169 536 4225 δάνειον
567 4187 580 4237 ;
614 4168 712 4223 Καὶ
743 4165 908 4221 πᾶλιν
943 4166 1053 4238 (21)
1077 4183 1090 4196 ⁸
1124 4157 1553 4235 Ἐλεημοσύναις
1598 4164 1687 4211 καί
1734 4154 1973 4210 πίστεσιν

326 4256 779 4331 ἀποκαθαίρονται
811 4251 1070 4328 ἁμαρτίαι

1482 3184 1823 3261 ἀμφοτέρους
1903 3178 1961 3236 δε

2089 3185 2235 3239 )ium
2266 3190 2376 3250 est,
2419 3186 2560 3257 quin
2594 3186 2859 3257 opificem
2893 3188 3114 3243 honore
3144 3190 3378 3261 afficiet,
3404 3190 3503 3261 qui
3529 3189 3717 3261 ipsius

2073 3290 2221 3344 opus
2251 3274 2678 3345 complectitur.
2716 3276 2941 3332 Rursus
2974 3294 3106 3332 cum
3139 3279 3349 3333 audis:
3411 3280 3629 3349 Pauper
3667 3280 3721 3333 et

2072 3362 2220 3417 dives
2250 3369 2603 3418 occurrerunt
2644 3364 2772 3432 sibi,
2834 3370 3125 3438 utrumque
3161 3372 3349 3422 autem
3395 3369 3600 3423 creavit
3626 3368 3724 3422 Do-

2074 3454 2259 3505 minus
2287 3452 2365 3519 ”;
2398 3470 2469 3507 ne
2501 3452 2662 3507 illum
2698 3454 2935 3525 quidem
2970 3472 3309 3527 pauperem,
3340 3457 3497 3512 hunc
3527 3461 3724 3510 autem

2078 3540 2315 3595 divitem
2340 3542 2412 3595 ab
2430 3556 2495 3595 eo
2517 3549 2779 3597 creatum
2805 3544 3119 3616 intelligas,
3142 3551 3317 3617 atque
3338 3563 3405 3601 ex
3459 3562 3527 3600 ea
3577 3561 3635 3599 re
3665 3544 3726 3598 in

2081 3645 2395 3700 pauperem
2429 3630 2765 3702 insurgendi
2799 3650 3002 3688 ansam
3029 3634 3308 3705 arripias;
3336 3650 3525 3705 neque
3570 3633 3728 3687 enim

2081 3723 2329 3786 constat,
2354 3734 2427 3773 an
2461 3735 2492 3772 a
2522 3723 2635 3775 Deo
2658 3720 2999 3790 hujusmodi
3024 3723 3327 3777 distinctio
3356 3724 3611 3795 profecta
3632 3722 3728 3775 sit.

2080 3805 2296 3860 Verum
2330 3806 2428 3860 Dei
2460 3808 2830 3877 ﬁgmentum,
2861 3810 3076 3881 inquit,
3110 3817 3357 3881 uterque
3399 3827 3563 3882 teque
3620 3814 3728 3878 est,

2081 3893 2337 3960 tametsi,
2362 3895 2515 3963 quod
2535 3895 2605 3948 ad
2634 3912 2725 3950 res
2765 3902 3033 3951 externas
3081 3899 3308 3965 attinet,
3340 3898 3562 3969 dispari
3594 3914 3733 3952 con-

2084 3980 2305 4036 ditione
2335 3982 2473 4036 sint.
2507 3981 2623 4037 Hoc
2654 3988 2710 4038 te
2741 3985 2812 4038 ad
2844 3986 3419 4043 commiserationem
3442 3992 3501 4043 et
3539 3985 3731 4043 chari-

2085 4074 2267 4124 tatem
2299 4069 2578 4135 inﬂectat,
2613 4075 2677 4125 ut
2707 4087 2839 4126 cum
2872 4072 3148 4144 cogitatio
3194 4074 3296 4131 illa
3351 4074 3455 4131 tibi
3506 4075 3735 4130 animos

2085 4155 2379 4227 extulerit,
2413 4157 2532 4212 haec
2563 4159 2797 4214 eosdem
2831 4161 3122 4230 demittat,
3155 4167 3331 4235 teque
3382 4162 3735 4219 moderatio-

2090 4261 2212 4300 rem
2238 4245 2471 4303 efﬁciat.
2504 4247 2652 4312 Quid
2688 4248 3007 4319 praeterea?
3052 4250 3159 4317 Qui
3202 4252 3497 4307 miseretur
3536 4266 3743 4323 paupe-

321 4351 428 4416 ris,
461 4348 675 4418 inquit,
723 4346 829 4402 Deo
873 4347 1166 4414 feneratur
1184 4342 1248 4398 “.
1283 4338 1423 4406 Quis
1474 4334 1811 4408 hujusmodi
1843 4334 2163 4390 debitorem
2196 4340 2445 4403 recuset,
2480 4336 2741 4392 debitum
2784 4339 2846 4394 in
2891 4342 3155 4411 tempore
3203 4356 3317 4396 non
3369 4340 3497 4397 sine
3544 4340 3742 4396 fenore

322 4437 701 4494 redditurum
721 4434 748 4489 ?
776 4434 845 4489 Et
874 4448 1084 4488 rursus
1118 4447 1132 4487 :
1166 4432 1271 4486 Per
1292 4425 1730 4484 misericordiam
1759 4433 1812 4479 et
1840 4423 2005 4493 ﬁdem
2030 4427 2249 4495 peccata
2274 4433 2583 4496 purgantur
2603 4426 2669 4481 δι,

403 4581 449 4616 ιθ
480 4577 632 4634 Psal.
664 4593 742 4648 x1,
772 4577 828 4632 6.
905 4573 1369 4645 ²⁴ΡεεΙ,ιχ,35.
1446 4570 1493 4605 τι
1524 4568 1669 4625 Ibid.
1704 4568 1791 4623 13.
1866 4566 1972 4623 ’σι

2121 4568 2208 4623 19.
2285 4568 2329 4603 ³⁷
2359 4569 2511 4626 Psal.
2544 4588 2599 4639 χ,
2628 4571 2684 4627 5.
2760 4570 2803 4606 ³⁸
2832 4571 2997 4629 Prov.
3029 4591 3171 4645 xvu,
3198 4574 3254 4630 5.
3330 4572 3379 4611 ³⁸
3404 4574 3571 4631 Prov.
3601 4588 3740 4644 χχιι,

321 4655 388 4709 2.
462 4651 509 4686 ³⁰
538 4650 700 4705 Prov.
736 4665 829 4716 xv,
860 4648 953 4704 27.

411 4793 491 4867 (6)
520 4789 894 4867 φησὶηῡεοει
930 4790 991 4867 in
1022 4790 1247 4867 Reg._c.

418 4858 497 4933 ‘7')
519 4865 577 4917 Ὀ
597 4858 745 4925 νΘεός
765 4864 895 4920 stc
926 4858 1145 4919 desunt
1174 4861 1234 4917 in
1263 4858 1559 4942 Regzbm.

415 4866 496 5006 (8)
529 4936 761 5005 Ιιενήτω
787 4955 914 5006 μου.
938 4934 1190 4992 Colbert.
1227 4934 1253 4988 1
1288 4931 1471 4998 addit,
1502 4925 1559 4982 εἷ‹

441 4923 496 5007 8)
529 4923 761 5005 Ιιενήτω
787 4955 914 5008 μου.
938 4934 1190 4992 Colbert.
1227 4934 1253 4988 1
1288 4923 1471 4998 ἃᾶδὶῐ,
1502 4925 1579 4990 εἷς
1599 4923 1782 4999 τέλος,
1839 4946 1866 4978 (ι
1971 4956 1993 4971 ο

336 5022 503 5065 nem.
535 5026 562 5059 Ι

419 5077 496 5147 (9)
530 5074 957 5151 Σκληροτὲροις.
999 5077 1181 5149 Regg.
1215 5093 1269 5143 a,
1301 5074 1359 5141 b,
1392 5089 1443 5140 c,
1485 5071 1605 5139 bm,
1663 5070 1765 5143 ph,
1826 5070 1997 5143 σκλη-

340 5152 490 5227 ροῖςτ

419 5220 537 5291 (10)-
564 5214 1047 5291 Ἐλπιλησθήσεται.
1082 5218 1174 5275 Sic
1208 5217 1387 5287 Regg.
1420 5213 1543 5281 bm,
1578 5211 1678 5285 ph,
1710 5215 1768 5268 et
1797 5212 1894 5269 Or.
1943 5217 1998 5270 2.

348 5288 498 5356 Alii,
523 5288 936 5359 ἐπιληθήσεται.

436 5355 975 5437 (171)Kuoottbtepov.
1021 5359 1296 5417 Coislian.
1355 5358 1410 5428 2,
1441 5360 1499 5412 et
1549 5358 1692 5426 Jes.,
1749 5355 2006 5427 τιμιώτε·

337 5454 472 5513 ρον..

338 5602 376 5633 ‹‹
416 5576 731 5650 posterior.
763 5598 793 5625 »

420 5639 537 5723 (13)
568 5645 642 5701 Ού
682 5642 1034 5724 διαφέρομαι.
1065 5643 1296 5712 Billius,
1328 5662 1357 5692 «
1390 5639 1468 5699 Iit
1498 5640 1579 5696 ita
1633 5656 1773 5698 sane
1804 5659 1819 5711 ;
1871 5658 2010 5701 nam

673 5773 941 5839 ΡΑτιιοι..
987 5772 1100 5836 Gs.
1144 5765 1388 5835 XXXV.

424 5506 533 5577 (12)
597 5502 699 5579 Καὶ
751 5499 992 5579 δευτέρα.
1058 5504 1227 5559 Deest
1279 5495 1371 5553 καί
1429 5497 1491 5553 in
1550 5496 1710 5555 Colb.
1765 5499 1816 5553 1.
1875 5498 2006 5555 Bill.

2097 4782 2169 4842 de
2194 4782 2303 4841 hoc
2334 4781 2496 4842 litem
2529 4785 2754 4843 nullam
2784 4789 3048 4845 movebo.
3082 4814 3105 4843 ι

2318 4857 2667 4933 ᾔεντριζέτω.
2706 4860 2801 4933 9r.
2834 4862 2889 4926 2,
2921 4857 3321 4932 έκκεντριζέτω.

2202 4857 2288 4911 14)
2320 4857 2667 4933 Κεντριζέτω.
2706 4860 2801 4916 Or.
2834 4862 2889 4926 2,
2921 4857 3321 4932 έκκεντριζέτω.

2176 4857 2286 5005 (15)
2318 4927 2549 4985 ΙΙλείων.
2583 4931 2673 4986 Sic
2705 4930 2882 5004 Regg.
2916 4949 2969 5000 a,
3004 4949 3052 5003 c,
3073 4934 3193 5004 bm,
3217 4939 3274 4990 et
3294 4933 3393 5005 ph.
3420 4930 3569 4989 Edit.
3592 4943 3748 4998 vero,

2107 4995 2317 5056 πλεῖον.

2181 5072 2294 5143 (16)
2326 5067 2519 5143 Πάλιν.
2563 5072 2699 5142 Reg.
2735 5072 2833 5143 ph.
2866 5074 3049 5138 addit,
3081 5070 3157 5129 δέ.

2184 5140 2296 5219 l1?)
2320 5140 2582 5219 ᾎΑδξοῖξιλςι
2628 5140 2807 5219 ῌθέεο
2843 5145 2962 5219 bm.
2995 5146 3093 5219 pb,
3140 5144 3393 5219 ἀκοὺσῃς.

2182 5209 2587 5291 (18)ΣΓοῦτό’σε
2635 5209 3206 5291 δυᾶὦπείτω’.’Βὲεε.
3240 5236 3292 5289 8.,
3319 5209 3404 5285 ’ὸη
3462 5231 3642 5286 τουτῳ
3698 5231 3758 5267 σε

2116 5279 2379 5337 δυσωπῶν
2390 5326 2402 5338 .

2187 5357 2300 5428 (19)
2327 5353 2575 5428 Τοὺτων.
2607 5356 2750 5422 Jes.,
2781 5355 3009 5414 τοὺτων.

2210 5425 2301 5501 20)
2333 5425 2737 5501 ΦησὶνᾌΒεθῖει
2768 5428 2826 5482 in
2861 5430 2998 5501 Reg.
3034 5430 3153 5499 bm,
3187 5435 3243 5486 et
3275 5430 3371 5487 Or.
3401 5432 3457 5485 2.

2214 5500 2305 5575 21)
2337 5494 2434 5575 μαι
2457 5494 2648 5575 πάλιν.
2668 5500 2839 5575 Deest
2860 5494 3151 5575 intribus
3171 5502 3387 5575 Regiis,
3420 5506 3478 5558 et
3509 5502 3605 5557 Or.
3636 5500 3691 5555 2.

2196 5572 2302 5641 (22)
2337 5569 2646 5646 Ἀμαρτίαι.
2674 5572 2735 5627 In
2779 5571 3070 5644 pluribus,
3103 5572 3159 5627 αἱ
3186 5569 3465 5651 ἁμαρτίαι.

3327 5718 3449 5861 .29
