4146 6290
449 381 565 442 907

456 602 563 671 cia,
594 599 873 670 labesque
904 604 960 653 et
990 599 1191 652 sordes
1221 598 1428 650 animae
1462 594 1706 667 pulchra
1764 594 1863 648 illa
1915 595 2099 649 herba

457 695 847 762 extergamus,
876 704 938 741 ac
961 686 1320 754 dealbemur,
1348 684 1443 740 alii
1466 690 1527 739 ut
1557 684 1711 749 lana,
1745 684 1839 739 alii
1876 688 1943 738 ut
1975 683 2095 752 nix,

455 795 559 853 pro
601 777 1013 834 misericordia
1045 774 1315 830 videlicet
1342 773 1733 845 proportione.
1770 777 1957 842 Atque
1990 771 2099 827 ali-

455 868 596 942 quid
619 867 809 938 magis
832 864 1264 919 formidandum
1312 863 1501 916 dicam
1531 880 1543 928 ;
1573 862 1620 916 si
1648 860 1808 915 nulla
1830 866 1918 915 est
1939 860 2095 916 284

451 958 557 1013 tibi
591 953 926 1019 contractio,
964 968 1068 1007 nec
1098 952 1262 1011 livor.
1294 967 1396 1005 nec
1429 949 1599 1022 plaga
1616 955 1851 1003 tumens
1889 950 1955 1016 32,
1991 966 2096 1004 nec

453 1047 575 1102 ulla
602 1046 809 1101 animae
842 1043 1022 1114 lepra,
1080 1046 1181 1096 aut
1240 1038 1690 1109 significationis
1751 1044 1960 1108 tactus,
1995 1043 2098 1092 aut

451 1136 617 1192 albor
635 1135 699 1203 ³³,
730 1149 856 1205 quas
876 1149 909 1186 a
929 1131 1052 1202 lege
1075 1130 1310 1201 quidem
1336 1128 1542 1199 exigue
1560 1128 1938 1191 curabantur,
1974 1143 2096 1181 me-

450 1226 641 1281 dicam
672 1227 868 1279 autem
902 1220 1114 1277 Christi
1152 1234 1391 1273 manum
1439 1216 1783 1286 requirunt;
1846 1218 1904 1270 at
1959 1231 2091 1270 eum

449 1319 622 1381 certe,
658 1312 755 1385 qui
780 1310 987 1365 salutis
1011 1312 1220 1363 nostrae
1244 1323 1421 1361 causa
1441 1305 1780 1360 vulneratus
1829 1308 1885 1358 et
1930 1305 2093 1358 attri-

450 1408 546 1459 tus
567 1407 677 1469 est,
708 1414 985 1456 reverere.
1040 1395 1410 1451 Revereberis
1460 1400 1676 1462 autem,
1714 1394 1763 1448 si
1794 1398 1849 1446 te
1880 1393 2090 1448 Christi

451 1492 714 1547 membro
748 1487 1063 1559 benignum
1093 1489 1265 1556 atque
1292 1485 1616 1538 humanum
1643 1482 2091 1553 praebeas.0uod

451 1582 501 1637 si
524 1584 579 1635 te
603 1580 849 1634 fortasse
868 1576 1197 1630 animarum
1225 1577 1557 1627 nostrarum
1582 1572 1774 1642 praedo
1797 1575 1855 1625 et
1900 1576 2093 1642 tyran-

451 1685 586 1732 nus,
608 1667 695 1722 vel
726 1663 1102 1721 aJerusalem
1124 1662 1183 1715 in
1218 1660 1449 1715 Jericho
1494 1660 1967 1729 descendentem,
2001 1657 2089 1714 vel

451 1757 586 1813 alibi
620 1755 848 1826 uspiam
881 1753 1162 1806 inermem
1196 1754 1251 1803 et
1280 1749 1634 1821 imparatum
1667 1755 2092 1820 nactus,usque

451 1847 593 1901 adeo
618 1842 921 1907 sauciavit,
947 1846 1011 1895 ut
1034 1838 1240 1894 merito
1264 1838 1357 1892 his
1378 1837 1568 1893 verbis
1618 1838 1698 1891 uti
1725 1853 1905 1908 queas
1930 1853 1941 1890 :
1980 1843 2088 1891 Pu-
2120 1880 2165 1944 B

449 1936 780 1990 trueruntet
835 1937 1104 2000 corrupta:
1154 1931 1280 1982 sunt
1335 1927 1619 1983 cicatrices
1673 1942 1806 1980 meae
1855 1943 1889 1980 α
1937 1927 2087 1997 facie

448 2024 782 2095 insipientia:
813 2036 943 2074 meae
976 2019 1059 2073 3‘:
1096 2017 1387 2088 siquidem
1420 2015 1500 2070 ita
1530 2014 1771 2069 affectus
1802 2032 1884 2077 es,
1920 2019 1980 2069 ut
2013 2032 2086 2070 ne

446 2112 799 2167 medicinam
833 2110 1069 2180 quidem
1102 2110 1356 2176 expetas,
1391 2120 1463 2158 ne
1495 2104 1682 2159 morbi
1716 2104 1957 2158 curandi
1994 2120 2083 2158 ra-

446 2202 661 2257 tionem
692 2198 1007 2269 intelligas.
1041 2197 1149 2250 heu
1185 2194 1416 2267 plagam
1449 2210 1589 2248 sane
1646 2193 2080 2263 gravissimam,

443 2289 957 2357 calamitatemquc
979 2284 1261 2339 altissime
1274 2281 1773 2354 grassantemISin
1798 2281 1958 2336 salus
1982 2287 2085 2335 tua

441 2380 701 2435 nondum
722 2376 889 2447 plane
904 2369 1864 2444 deplorataest,necimmedicabili
1880 2371 2082 2425 morbo

441 2468 693 2531 laboras,
719 2467 787 2519 ad
824 2463 1110 2517 medicum
1145 2461 1373 2524 accede.
1432 2461 1693 2525 obsecra,
1742 2458 2083 2513 vulneribus

442 2572 545 2628 per
573 2553 812 2609 vulnera
844 2552 1093 2614 medere,
1126 2548 1318 2603 simile
1352 2565 1451 2620 per
1481 2547 1674 2602 simile
1706 2547 1963 2618 acquire,
1994 2546 2080 2601 vel

442 2645 657 2717 potius,
691 2640 1018 2696 minoribus
1048 2636 1323 2693 remediis
1354 2638 1647 2708 graviores
1691 2636 1923 2690 morbos
1981 2636 2081 2691 de-

440 2732 607 2799 pelle.
640 2733 789 2787 Dicet
818 2731 1021 2784 animas
1051 2736 1200 2785 tuae:
1252 2726 1411 2781 Salus
1464 2734 1555 2781 tua
1599 2742 1719 2779 sum
1753 2740 1846 2795 ego
1874 2725 1952 2790 ³⁵,
2003 2730 2078 2793 et,

438 2822 590 2877 Fides
620 2825 714 2888 _tua
743 2820 953 2873 salvum
984 2821 1034 2870 te
1062 2817 1190 2886 fecit
1237 2815 1318 2881 3°;
1366 2817 1441 2879 et,
1501 2816 1632 2867 Ecce
1686 2829 1853 2866 sanus
1901 2815 2080 2882 factus

438 2928 490 2967 es
508 2911 551 2945 ⁸⁷
580 2936 594 2978 ;
617 2914 789 2980 atque
813 2904 1263 2961 humanissimis
1286 2904 1615 2974 quibusque
1647 2902 1835 2956 verbis
1858 2908 1911 2956 te
1937 2901 2078 2957 allo-

436 3004 665 3072 quetur,
701 2997 871 3051 modo
904 3000 960 3050 te
992 2994 1084 3059 iis,
1129 2991 1228 3064 qui
1259 2992 1319 3046 in
1351 2991 1547 3046 dolore
1578 2996 1882 3045 versantur
1912 2991 2077 3046 beni-

436 3103 618 3160 gnum
651 3090 709 3141 et
739 3084 1066 3139 humanum
1098 3097 1225 3136 esse
1255 3081 1465 3135 videat.

505 3174 793 3231 XXXVIII.
851 3174 1008 3228 Beati
1061 3169 1458 3240 misericordes,
1520 3169 1732 3240 inquit,
1808 3171 2076 3240 quoniam

1696 374 1759 435 S.
1809 370 2182 435 GREGOHII
2226 376 2327 434 TH
2341 374 2623 437 EOLOGI

526 511 791 567 XXXVII.
827 510 1146 581 Purgemur
1175 508 1371 579 itaque
1402 522 1503 578 per
1533 506 1953 561 misericordia:
1974 505 2073 559 ofﬁ

2285 507 2402 562 AZ'.
2462 508 2821 581 Καθαρθῶμεν
2887 503 2977 559 οὖν
3055 503 3389 575 ἰλεήσαντες,

3747 364 3866 434 9'08

3469 501 3625 578 ῥύψω
3636 523 3729 575 μεν
3788 506 3857 576 τῇ

2212 593 2353 667 καλῇ
2385 594 2491 666 πόᾳ
2546 597 2611 650 τὰ
2657 600 2763 649 τῶν
2812 598 3002 670 ψυχῶν
3051 593 3192 670 ῥύπη
3240 615 3299 648 τε
3346 613 3435 647 και
3491 589 3855 664 μολυσματα·

2209 683 2297 736 καὶ
2330 683 2728 757 λευκανθῶμεν,
2763 685 2813 738 οἱ
2850 684 2941 756 μὶν
2976 684 3051 745 ὡς
3084 680 3245 758 ἔριον,
3281 682 3332 736 οἱ
3365 679 3422 735 δὲ
3452 681 3526 742 ὡς
3567 682 3731 757 χιὼν,
3762 702 3858 736 κα-

2207 772 2273 825 τὰ
2314 774 2412 839 τὴν
2462 771 2754 846 ἀναλογίαν
2812 780 2912 841 τῆς
2974 769 3392 846 εὐσπλαγχνίας.
3455 767 3609 825 Εἴπω
3656 791 3708 824 τι
3766 770 3855 826 καὶ

2209 856 2581 936 φοϐερώτερον
2613 880 2624 892 °
2662 861 2724 915 Εἰ
2762 863 2853 934 μὶν
2886 858 3036 915 οὐδέν
3070 859 3181 915 ἔστι
3210 881 3293 913 σοι
3338 859 3672 933 σύντριμμα,
3732 857 3856 913 οὐδὲ

2205 950 2318 1022 (23)
2354 948 2589 1023 μώλωψ,
2625 947 2748 1004 οὐδὲ
2778 950 2970 1024 πληγὴ
3023 948 3452 1027 φλεγμαίνουσα,
3502 945 3626 1003 οὐδὲ
3679 946 3852 1024 λέπρα

2204 1058 2287 1099 τις
2318 1042 2525 1113 ψυχῆς,
2558 1040 2591 1108 ἢ
2626 1040 2734 1117 ἁιρή
2763 1042 2873 1113 (24)
2922 1039 3217 1112 σημασίας,
3247 1038 3280 1107 ἢ
3330 1037 3631 1113 τηλαυγὴς,
3678 1037 3709 1091 ἃ
3761 1058 3849 1111 μι-

2204 1133 2350 1202 κρῶς
2414 1129 2507 1201 μὲν
2569 1130 2595 1183 ὁ
2644 1129 2811 1202 νόμος
2860 1129 3135 1205 ἐκάθηρεν,
3188 1128 3357 1183 δεῖται
3390 1130 3501 1202 (25)
3531 1126 3587 1182 δὲ
3618 1133 3848 1204 Χριστοῦ

2207 1217 2627 1292 θεραπεύσοντος
2685 1220 2832 1292 (26)·
2893 1218 3037 1274 ἀλλὰ
3094 1218 3156 1272 σύ
3212 1239 3274 1293 γε
3330 1219 3419 1272 τὸν
3478 1217 3612 1292 ὐπὶρ
3690 1218 3847 1289 ἡμῶν

2202 1308 2664 1379 τραυματισθέντα
2715 1307 2801 1362 καὶ
2856 1305 3248 1380 μαλακίσθὲντα
3295 1304 3610 1375 αίδέσθητι·
3702 1303 3851 1380 αιδεο

2204 1397 2373 1469 σθήσῃ
2405 1394 2481 1467 δὲ,
2516 1395 2574 1451 ἂν
2784 1397 2938 1473 φαίνῃ
2993 1402 3070 1469 τῷ
3128 1398 3363 1473 Χριστοῦ
3421 1393 3575 1468 μέλει
3608 1395 3848 1470 χρηστὸς

2201 1483 2291 1537 καὶ
2318 1483 2717 1560 φιλάνθρωπος.
2754 1485 2816 1541 Εἰ
2848 1483 2906 1539 δὲ
2964 1485 3219 1540 τοσοῦτόν
3281 1505 3337 1538 σε
3391 1484 3851 1558 κατετραυμάτισε

2200 1574 2366 1646 τυχὸν
2405 1572 2567 1627 ὁτῶν
2600 1573 2880 1648 ἡμετέρων
2932 1578 3123 1649 ψυχῶν
3171 1572 3374 1647 λῃστὴς
3425 1572 3515 1626 καὶ
3564 1571 3845 1646 τύραννυς,

2204 1661 2238 1729 ἢ
2272 1661 2771 1737 ἀπὸἸερουσαλὴμ
2800 1662 2873 1723 εἷς
2928 1663 3140 1737 Ἰεριχὼ
3196 1656 3605 1727 καταϐαίνοντα,
3664 1660 3699 1728 ἢ
3758 1659 3848 1715 καὶ

2202 1746 2398 1813 ἄλλοθί
2429 1771 2532 1803 που
2566 1744 2749 1805 λαϐὼν
2780 1748 2984 1805 ἄοπλόν
3016 1771 3075 1805 τε
3116 1749 3205 1804 καὶ
3264 1751 3657 1823 ἀπαράσκευον,
3718 1745 3846 1803 ὣστ’

2201 1836 2259 1891 ἂν
2314 1838 2536 1901 εἰκότως
2596 1838 2763 1893 εἰπεῖν
2820 1839 3022 1895 ἐκεῖνα.
3085 1840 3436 1915 Προσώζεσαν
3494 1838 3584 1893 καὶ
3642 1836 3845 1907 ἐσάπη-

2196 1948 2288 1980 σαν
2346 1929 2398 1981 οἱ
2458 1926 2731 1999 μώλωπὲς
2784 1949 2886 2001 μου
2946 1928 3050 1983 ἀπὸ
3106 1930 3402 2003 προσώπου
3455 1932 3556 1996 τῆς
3607 1924 3845 2004 ἀφροσύ-

2192 2037 2290 2085 νης
2328 2037 2431 2088 μου
2454 2033 2466 2047 ⁶
2504 2016 2547 2069 εἰ
2586 2017 2678 2089 μὲν
2709 2015 2881 2078 οὕτως
2920 2014 3051 2091 ἔχῃς
3260 2016 3333 2077 ὡς
3368 2012 3508 2088 μηδὲ
3537 2015 3635 2083 τὴν
3685 2016 3840 2089 θερα-

2193 2104 2343 2158 πείαν
2421 2104 2714 2174 ἰπιζητεῖν,
2795 2103 2936 2177 μηδὲ
3018 2105 3108 2159 τὸν
3194 2104 3395 2180 τρόπον
3483 2101 3677 2159 εἰδέναι
3743 2108 3843 2171 τῆς

2194 2200 2291 2262 σῆς
2323 2197 2435 2267 (29)
2485 2194 2697 2260 ἰάσεως,
2750 2199 2846 2269 φεῖ)
2892 2201 2990 2263 τῆς
3038 2194 3260 2270 πληγῆς
3294 2189 3483 2255 ὄντως.
3515 2193 3732 2260 καὶτῆς
3761 2190 3837 2253 εἷς

2196 2282 2359 2356 βάθος
2388 2282 2759 2358 ταλαιπωρίας
2788 2285 2799 2339 I
2834 2284 2896 2337 Εἰ
2929 2281 2984 2337 δὲ
3018 2285 3092 2356 μή
3134 2304 3221 2337 πω
3253 2281 3532 2343 παντελῶς
3589 2282 3835 2355 ἀπέγνω-

2192 2391 2300 2439 σαι,
2365 2368 2504 2443 μηδὲ
2562 2371 2791 2434 ἀνιάτως
2856 2371 3008 2448 ἔχῃς,
3061 2369 3326 2448 πρόσελθε
3378 2375 3458 2442 τῷ
3514 2372 3835 2445 θεραπευτῇ,

2193 2455 2438 2529 δεήθητι,
2500 2460 2822 2534 θεράπευσον
2880 2462 2947 2514 τὰ
3003 2462 3284 2535 τραύματα
3323 2456 3412 2513 διὰ
3440 2463 3546 2514 τῶν
3594 2456 3835 2533 τραυμά·

2189 2569 2322 2615 των,
2379 2551 2572 2618 κτῆσαι
2624 2549 2703 2621 τῷ
2762 2548 2940 2621 ὁμοίῳ
2992 2549 3055 2603 τὸ
3095 2548 3306 2619 ὅμοιον,
3343 2546 3555 2620 μᾶλλον
3590 2545 3666 2619 δὲ,
3722 2551 3838 2607 τοῖς

2191 2635 2437 2691 ἐλάττοσι
2494 2637 2560 2691 τὰ
2621 2637 2840 2710 μείζονα
2911 2637 3292 2713 θεραπεύθητι.
3352 2638 3498 2710 Ἐρεῖ
3553 2640 3621 2709 τῇ
3680 2638 3835 2711 ψυχῇ

2190 2745 2324 2779 σου·
2387 2726 2645 2799 Σωτηρία
2700 2746 2795 2780 σου
2855 2726 2968 2799 εἶμὶ
3008 2726 3154 2801 ἐγώ’
3215 2726 3326 2794 καὶ,
3384 2727 3444 2783 Ἠ
3502 2725 3681 2785 πίστις
3740 2745 3837 2779 σου

2192 2813 2390 2869 σέσωκὲ
2420 2835 2495 2868 σε·
2546 2814 2658 2884 καὶ,
2690 2811 2828 2869 ’ἰδοὺ
2851 2815 3007 2891 ὑγιὴς
3037 2816 3265 2890 γέγονας
3286 2834 3298 2847 ο
3330 2814 3419 2869 καὶ
3449 2814 3617 2867 πάντα
3645 2814 3711 2867 τὰ
3729 2820 3834 2881 τῆς

2190 2903 2597 2981 φιλανθρωπίας
2631 2902 2869 2979 ῥήματα,
2907 2904 3069 2977 μόνον
3104 2904 3161 2958 ἂν
3198 2902 3283 2978 ἴδῃ
3331 2925 3386 2958 σε
3430 2908 3548 2965 τοῖς
3596 2901 3830 2976 ἀλγοῦσι

2189 2991 2597 3070 φιλάνθρωπον.

2259 3172 2386 3227 AH"
2440 3171 2734 3245 Μακάριοι,
2792 3170 2946 3249 φησὶ,
3011 3172 3063 3225 οἱ
3136 3169 3449 3243 ἐλεήμονες,
3528 3167 3611 3224 ὅτι
3678 3168 3831 3223 αὐτοὶ

436 3266 548 3335 ipsi
575 3261 1012 3318 misericordiam
1040 3268 1438 3330 consequentur
1456 3257 1519 3311 ⁸⁸.
1539 3257 1664 3312 Non
1688 3257 1745 3312 in
1766 3258 2076 3329 postremis

2190 3237 2612 3331 ἐλεηθήσονται..
2654 3237 2732 3317 Οδ
2788 3237 3100 3322 πολλοστὸς
3134 3259 3184 3314 ἐν
3236 3237 3351 3321 τοῖς
3404 3237 3766 3333 μακαρισμοῖς
3802 3258 3831 3312 ὁ

438 3350 900 3408 beatitudinibus
930 3354 1019 3404 est
1050 3347 1467 3403 misericordia.
1502 3348 1587 3411 Et,
1626 3348 1838 3414 Beatus,
1872 3348 1969 3417 qui
1989 3349 2076 3402 in-

437 3441 635 3511 telligit
662 3455 827 3510 super
853 3454 1080 3508 egenum
1100 3443 1151 3491 et
1179 3452 1479 3507 pauperem
1500 3436 1652 3490 3°.Ac
1681 3437 2075 3491 rursuS'Beni-

435 3547 576 3602 gnua
598 3531 772 3593 homo,
799 3530 895 3597 qui
910 3528 1199 3580 miseretur
1218 3528 1269 3579 et
1290 3523 1602 3579 commodat
1626 3524 1764 3578 ‘°.Et
1793 3523 1905 3578 alio
1929 3524 2071 3579 loco:

431 3621 564 3675 Tota
595 3619 682 3673 die
712 3619 885 3686 justus
915 3617 1208 3668 miseretur
1239 3617 1292 3667 et
1321 3611 1624 3667 commodat
1671 3614 1738 3668 ιί.
1794 3613 2069 3668 Benedic-

428 3708 649 3764 tionem
683 3704 1055 3775 arripiamus,
1091 3700 1481 3773 intelligentes
1512 3718 1804 3767 vocemur,
1833 3702 2069 3774 benigni

425 3796 631 3852 simus.
668 3795 749 3849 Ne
781 3810 894 3848 nox
943 3791 1178 3863 quidem
1233 3789 1645 3846 misericordia:
1710 3790 1904 3844 ofﬁcia
1964 3790 2067 3845 tibi

419 3886 831 3955 interrumpat.
868 3884 943 3937 Ne
972 3881 1217 3935 dixeris:
1254 3880 1494 3933 Rediens
1552 3879 1671 3933 redi
1727 3887 1779 3933 et
1824 3882 2065 3934 crastino

413 3973 500 4029 die
531 3974 668 4029 dabo
702 3973 805 4027 tibi
834 3973 899 4025 ‘9.
935 3975 1015 4024 Ne
1049 3968 1189 4041 quid
1220 3968 1377 4023 inter
1407 3968 1770 4038 propositum
1804 3978 1973 4022 tuum
2007 3975 2063 4023 et

417 4061 764 4118 beneﬁcium
790 4061 1131 4114 intercedat.
1166 4057 1299 4112 Sola
1331 4058 1485 4112 enim
1522 4057 1903 4112 beneﬁcentia
1936 4074 2057 4112 mo-

415 4168 539 4205 ram
566 4168 678 4205 non
703 4148 981 4203 admittit.
1003 4150 1211 4217 Frange
1229 4148 1497 4201 esurienti
1522 4162 1719 4216 panem
1778 4155 1953 4216 tuum,
2009 4152 2061 4203 et

412 4256 604 4311 egenos
624 4253 891 4309 vagosque
910 4236 1076 4290 induc
1115 4237 1173 4288 in
1192 4234 1415 4288 domum
1444 4238 1599 4287 tuam
1630 4235 1696 4301 ‘3,
1722 4234 1897 4305 idque
1930 4234 2057 4291 laeto

411 4333 587 4399 atque
620 4326 792 4380 alacri
827 4326 1041 4378 animo.
1070 4324 1173 4389 Qui
1192 4323 1339 4376 enim
1359 4323 1667 4392 miseretur,
1702 4322 1893 4393 inquit
1935 4323 2053 4393 ille,

410 4418 471 4472 in
494 4417 782 4471 hilaritate
804 4416 846 4447 “
870 4431 881 4467 :
917 4430 979 4467 ac
1014 4410 1275 4466 beneﬁcii
1299 4410 1485 4483 gratia
1510 4412 1974 4481 promptitudine
1999 4420 2054 4469 et

407 4506 703 4563 celeritate
734 4503 837 4557 tibi
872 4499 1336 4570 conduplicatur.
1373 4503 1518 4553 Nam
1550 4501 1698 4569 quod
1726 4506 1934 4555 moesto
1963 4503 2049 4557 vel

410 4598 607 4650 coacto
642 4593 835 4647 animo
868 4591 1144 4657 defertur,
1180 4589 1476 4659 ingratum
1535 4593 1643 4653 est,
1693 4589 2052 4662 minimeque

478 4693 523 4727 ³³
556 4692 665 4746 Isa.
701 4707 738 4758 ι,
771 4690 826 4743 6.
904 4689 946 4722 ³³
984 4688 1152 4758 Levit.
1186 4703 1307 4751 xm,
1338 4690 1390 4739 2.
1470 4687 1516 4719 ³⁴
1546 4685 1697 4758 Psal.
1728 4703 1938 4757 xxxvn,
1972 4691 2025 4744 6.

2190 4690 2330 4745 Psal.
2382 4707 2570 4756 xxxxx,
2607 4690 2659 4743 3.
2736 4691 2779 4724 ³⁵
2812 4690 3013 4744 Matth.
3069 4706 3146 4755 Ix,
3198 4692 3287 4746 22.

2186 3344 2360 3410 ἕλεος.
2424 3348 2543 3415 Καὶ,
2603 3351 2880 3425 Μακάριος
2937 3351 2965 3403 ὁ
3025 3350 3240 3421 συνιὼν,
3301 3347 3388 3402 ἐπὶ
3446 3347 3670 3423 πτωχὸν
3740 3345 3829 3401 καὶ

2185 3436 2425 3506 πένητα’
2482 3438 2592 3509 καὶ,
2655 3437 2898 3515 Χρηστός
2957 3439 3093 3512 ἀνὴρ
3318 3438 3345 3493 ὁ
3395 3437 3678 3508 οἰκτείρων
3737 3434 3830 3489 καὶ

2183 3530 2433 3601 κιχρῶν·
2491 3527 2579 3580 xui
2637 3526 2809 3597 ’Ὀλην
2865 3527 2961 3595 τήν
3020 3526 3225 3603 ἡμέραν
3277 3525 3419 3581 ἰλεεῖ
3446 3525 3535 3579 καὶ
3597 3522 3828 3592 δανείζει

2183 3615 2210 3669 ὁ
2271 3612 2493 3677 δίκαιος.
2558 3616 2914 3690 ’Δρπάσωμεν
2993 3613 3085 3670 τὸν
3148 3615 3511 3687 μακαρισμὸν,
3571 3612 3828 3674 συνιέντες

2179 3702 2495 3776 κληθῶμεν,
2556 3704 2791 3779 ’χρηστοὶ
2848 3704 3148 3779 γενώμεθα.
3212 3705 3299 3772 Μὴ
3360 3701 3669 3776 διακοψάτω
3730 3723 3827 3756 σου

2182 3790 2323 3865 μηδὲ
2387 3792 2473 3863 νὺξ
2529 3794 2619 3847 τὸν
2678 3792 2851 3849 ἔλεον.
2914 3795 3001 3863 Μὴ
3057 3791 3207 3866 εἴπῃς
3267 3795 3421 3865 (31)’
3482 3789 3822 3846 Ἐπανελθὼν

2176 3881 2429 3951 ἐπάνηκε,
2488 3882 2575 3935 καὶ
2626 3878 2809 3958 αὔριον
2862 3879 3021 3936 δώσω
3070 3900 3194 3935 σοι·
3251 3883 3326 3953 μή
3359 3901 3409 3934 τι
3444 3882 3603 3953 μέσον
3659 3878 3820 3955 γένη-

2171 3991 2257 4024 ται
2313 3973 2410 4039 τῆς
2454 3972 2630 4044 ὁρμῆς
2688 3971 2779 4024 καὶ
2834 3978 2934 4039 τῆς
2967 3968 3265 4046 εὐεργεσίας
3292 3989 3304 4002 ·
3340 3974 3498 4023 τοῦτο
3534 3968 3720 4041 μόνον,
3754 3968 3817 4023 οὐ

2172 4057 2387 4135 δέχεται
2632 4054 2907 4128 ἀναϐολὴν
2965 4062 2999 4129 ἡ
3060 4056 3460 4137 φιλανθρωπία.
3520 4058 3818 4132 Διάθρυπτε

2168 4153 2416 4202 πεινῶντι
2501 4148 2592 4202 τὸν
2677 4145 2834 4221 ἄρτον
2916 4168 3051 4219 σου,
3136 4147 3228 4202 καί
3319 4146 3572 4223 κτωχοὺς
3662 4146 3817 4201 ἀστε-

2164 4257 2289 4311 γους
2347 4237 2459 4307 (33)
2512 4233 2762 4309 εἰσάγαγε
2820 4234 2893 4295 εἰς
2950 4236 3038 4288 τὸν
3093 4234 3239 4289 οἶκόν
3301 4255 3431 4306 σου,
3502 4233 3592 4289 καὶ
3648 4229 3818 4287 ταῦτα

2168 4325 2301 4395 μετά
2356 4322 2681 4399 προθυμίας.
2741 4324 2808 4380 Ὀ
2861 4325 2964 4398 γὰρ
3027 4323 3215 4395 ἐλεῶν,
3257 4323 3442 4401 φησὶν,
3478 4320 3817 4397 ὲνῖλαρότη-

2159 4434 2209 4467 τι
2243 4434 2253 4444 ·
2288 4412 2378 4467 καὶ
2433 4410 2840 4480 διπλασιάζεταί
2888 4433 2974 4465 σοι
3020 4414 3135 4482 (34)
3165 4412 3227 4465 τὸ
3261 4412 3454 4489 ἀγαθὸν
3484 4415 3550 4485 τῇ
3603 4409 3818 4482 ἰτοιμό-

2159 4524 2302 4571 τητι.
2362 4502 2432 4556 Τὸ
2492 4502 2595 4577 γὰρ
2658 4500 2716 4554 ix
2747 4500 2948 4573 λύπης,
2980 4502 3013 4569 ἢ
3058 4500 3107 4570 ἐξ
3141 4501 3400 4577 ἀνάγκης,
3436 4498 3603 4576 ἅχαρί
3634 4521 3691 4553 τε
3720 4498 3813 4553 καὶ

2160 4589 2599 4646 ἀκαλλώπιστον.
2658 4589 3086 4664 Πανηγυριστέον
3136 4587 3212 4661 δὶ,
3269 4590 3331 4644 οὗ
3393 4587 3688 4665 θρηνητέον
3714 4589 3815 4655 τήν

3367 4691 3410 4725 ⁸⁷
3439 4690 3606 4743 Joan.
3640 4688 3807 4753 ν,14.

402 4764 447 4798 ³⁸
479 4763 682 4819 Matth.
714 4756 771 4826 ν,
819 4762 872 4813 7.
948 4761 991 4793 8°
1024 4757 1175 4814 Psal.
1230 4774 1316 4828 XL,
1372 4758 1422 4809 1.
1499 4758 1544 4790 ⁸ο
1576 4756 1724 4811 Psal.
1776 4776 1888 4825 cx1,
1920 4756 1974 4817 5.
2051 4764 2093 4797 ιι
2131 4763 2280 4817 Psal.
2332 4778 2522 4827 xxxvx,
2572 4764 2661 4816 26.
2739 4761 2784 4795 "
2814 4766 2979 4817 Prov.
3037 4777 3121 4827 In,
3171 4762 3260 4815 28.
3337 4761 3380 4794 "
3411 4761 3517 4813 Isa.
3569 4773 3721 4811 Lvm.
3747 4758 3802 4811 7.

400 4837 446 4870 “
480 4836 648 4891 Rom.
681 4849 782 4899 xu,
808 4832 861 4885 8.

494 4933 585 5004 23)
618 4926 775 5004 Οὐδὲ.
810 4929 1077 5004 Quinque
1111 4928 1380 5004 ﬁeggLet
1536 4925 1589 5004 _2,
1631 4921 1689 4991 ἤ.

494 4938 585 5004 23)
618 4938 775 4986 Οὐδὲ.
810 4938 1077 4998 Quinque
1112 4938 1289 4998 Hegg.
1324 4938 1380 4979 et
1409 4938 1502 4980 ur.
1536 4938 1589 4992 z,
1631 4938 1689 4991 ἡ.

475 4938 676 5075 ίε4γΗ
716 5002 978 5075 atumem.
1038 5022 1065 5046 ‹‹
1128 4998 1585 5075 signiﬁcationis
1643 5002 1872 5064 tactus;
1912 5021 1937 5047 »
1967 4999 2045 5075 _id

401 5069 511 5141 est,
545 5069 579 5124 ‹‹’
610 5069 840 5127 macula
870 5072 1090 5141 lepram
1125 5069 1485 5141 signiﬁcans,
1521 5090 1547 5117 »
1584 5085 1706 5141 seu,
1734 5093 1757 5115 ‹‹
1793 5071 2043 5138 macula,

402 5140 534 5217 quae
564 5146 634 5199 ad
669 5140 1315 5217 tactumisuspicionem
1348 5140 1826 5217 ingeratlepraf
1853 5145 2047 5214 Augu-

400 5211 614 5275 stinus.
646 5220 850 5286 quaest.
887 5216 974 5279 41,
1014 5211 1043 5262 (ί
1074 5218 1291 5267 tactum
1326 5216 1555 5286 »__v_ocat
1579 5211 1765 5286 ipsam
1798 5211 2040 5286 lepra'm.

398 5282 777 5357 Unde,ju—xta
805 5286 1124 5350 Nobilium,
1159 5282 1423 5357 nonnulli
1476 5298 1674 5336 vocem
1736 5282 1870 5357 ᾁφή,
1929 5303 2042 5342 non

396 5383 423 5410 «
459 5354 702 5421 tactum,
739 5382 765 5406 ››
800 5359 899 5412 sed
936 5378 962 5404 ‹‹
1000 5355 1290 5411 maculam
1325 5377 1351 5402 ››
1385 5354 1753 5415 interpretati
1782 5354 1948 5410 sunt.

488 5434 578 5493 25)
611 5435 809 5483 Δεῖται.
848 5428 941 5483 0r.
976 5432 1028 5492 2,
1064 5424 1201 5478 δείτε
1231 5426 1578 5493 [mendose].

488 5434 558 5485 25
611 5435 809 5483 Δεῖται.
848 5434 941 5483 Ur.
976 5434 1028 5492 2,
1064 5434 1201 5478 όείτε
1231 5434 1578 5493 [mendose].

464 5434 578 5573 (26)
606 5499 1053 5573 Θεραπεὺσοντος.
1090 5499 1213 5553 Duo
1269 5494 1447 5567 chg.
1508 5500 1564 5550 et
1618 5494 1826 5566 Nicet.,
1886 5508 2041 5574 θερα-

398 5573 680 5633 πεύοντος.

465 5647 575 5715 (27)
606 5644 723 5699 Ἀν.
772 5643 949 5713 Regg.
985 5641 1105 5707 bm,
1141 5640 1241 5710 ph,
1275 5642 1330 5694 et
1348 5638 1455 5715 “Or.
1488 5641 1541 5709 2,
1577 5635 1687 5692 ἐάν.

463 5704 575 5797 (28)
599 5715 791 5790 Ἐχῃς.
821 5704 1312 5783 Οἶῖοίυοεεῖθεςη
1346 5704 1518 5786 ἔχεις.

2228 4929 2340 5001 (29)
2376 4934 2507 4997 Σῆς.
2557 4931 2726 5001 Deest
2748 4928 2812 5001 in
2849 4930 2986 5001 Reg.
3020 4928 3119 5001 pb.

2229 4945 2317 5001 (es
2376 4945 2507 4997 2mg.
2558 4945 2726 4984 ueest
2756 4946 2812 4983 in
2850 4945 2924 4984 ne
2974 4970 2986 4984 .
3020 4945 3119 5001 pn.

2229 4945 2340 5072 (30)
2371 4998 2617 5076 Χρηστὸς
2657 4999 2814 5076 ἀνήρ.
2840 4945 3112 5076 γυῗεοιὲ,
3139 5022 3165 5048 ‹‹
3188 4997 3490 5076 jucundup
3512 4996 3755 5076 homo._»

2155 5069 2428 5143 August,
2493 5095 2512 5120 ι
2574 5069 2774 5127 suavis
2827 5069 2989 5127 vim?»
3049 5071 3271 5128 Theod.
3329 5075 3387 5126 et
3441 5069 3808 5142 Symmach.,

2158 5142 2385 5215 ἀγαθός,
2412 5142 2449 5192 ⁷‹‹
2485 5144 2674 5215 bonus
2704 5144 2811 5198 vir.
2850 5166 2870 5191 ι

2227 5218 2337 5287 (31)
2369 5210 2455 5282 Μὴ
2502 5214 2676 5287 ι’ἰπῃς,
2719 5220 2842 5287 etc.
2868 5214 3054 5287 Idem,
3082 5228 3152 5287 ac
3187 5212 3586 5287 peneiisdem
3616 5210 3813 5267 verbis

2153 5282 2334 5342 habes
2367 5287 2567 5356 in_hoc
2598 5282 2907 5356 versiculo,
2939 5282 3049 5356 qui;
3079 5282 3731 5356 Pho'cylidi__tri_buitur:

2154 5359 2376 5432 ΙᾼΙτωχῷ
2426 5354 2471 5410 δ’
2526 5356 2647 5410 εὐθὺ
2708 5351 3075 5432 δίδουίῌμηθ
3126 5351 3596 5432 αυρῖονηέλθὲμεν
3656 5352 3813 5426 εἴπῃς

2154 5427 2377 5484 ϐιίοἨα
2408 5431 2657 5500 pauperi,
2690 5445 2860 5500 neque
2879 5428 3055 5500 dicas,
3084 5427 3375 5500 crasrcdi.

2247 5502 2338 5569 32)
2368 5494 2439 5554 Oi}
2474 5494 2711 5573 δέχεται.
2763 5494 2871 5573 Οτ.
2900 5502 2954 5565 2,
2987 5497 3085 5552 οὐκ
3116 5494 3420 5573 ἐκδέχεται.

2394 5564 2696 5663 ςβστέγους.
2755 5595 2783 5623 ι(
2817 5564 2954 5628 Sino
3012 5574 3189 5627 tecto.
3225 5564 3282 5622 ›ἱ”
3303 5570 3455 5638 Mox,
3534 5564 3808 5643 εἰσάγαγε.

2320 5684 2332 5697 .
2367 5662 2563 5697 εισανε.

2149 5640 2243 5698 0r.
2277 5640 2332 5709 2,
2367 5640 2563 5709 εἷ’σαγεζ

2366 5664 2691 5773 ἕὲῗγῧθοει
2720 5716 2779 5771 in
2809 5714 2989 5788 Regg.
3024 5713 3122 5770 bm
3153 5716 3213 5770 et
3242 5713 3344 5789 ph.
