  <div class='ocr_page' id='page_1' title='image "/cluster/home/n/w/nwhite01/storage/ocr_20150623/35/mdp.39015012934389/462.png"; bbox 0 0 4146 6290; ppageno 0'>
   <div class='ocr_carea' id='block_1_1' title="bbox 425 387 545 450">
    <p class='ocr_par' dir='ltr' id='par_1_1' title="bbox 425 387 545 450">
     <span class='ocr_line' id='line_1_1' title="bbox 425 387 545 450; baseline 0 -1"><span class='ocrx_word' id='word_1_1' title='bbox 425 387 545 450; x_wconf 81' lang='lat'><strong>909</strong></span> 
     </span>
    </p>
   </div>
   <div class='ocr_carea' id='block_1_2' title="bbox 1355 382 2904 451">
    <p class='ocr_par' dir='ltr' id='par_1_2' title="bbox 1355 382 2904 451">
     <span class='ocr_line' id='line_1_2' title="bbox 1355 382 2904 451; baseline 0.001 -4"><span class='ocrx_word' id='word_1_2' title='bbox 1355 382 1648 447; x_wconf 79' lang='lat' dir='ltr'>ORATIO</span> <span class='ocrx_word' id='word_1_3' title='bbox 1692 383 1953 445; x_wconf 85' lang='lat' dir='ltr'>XIV.—</span> <span class='ocrx_word' id='word_1_4' title='bbox 1981 384 2082 446; x_wconf 83' lang='lat' dir='ltr'><strong>DE</strong></span> <span class='ocrx_word' id='word_1_5' title='bbox 2126 386 2562 450; x_wconf 84' lang='lat' dir='ltr'>PAUPERUM</span> <span class='ocrx_word' id='word_1_6' title='bbox 2608 388 2904 451; x_wconf 77' lang='lat' dir='ltr'>AMORE.</span> 
     </span>
    </p>
   </div>
   <div class='ocr_carea' id='block_1_3' title="bbox 3719 390 3840 455">
    <p class='ocr_par' dir='ltr' id='par_1_3' title="bbox 3719 390 3840 455">
     <span class='ocr_line' id='line_1_3' title="bbox 3719 390 3840 455; baseline 0.033 -4"><span class='ocrx_word' id='word_1_7' title='bbox 3719 390 3840 455; x_wconf 86' lang='grc'>910</span> 
     </span>
    </p>
   </div>
   <div class='ocr_carea' id='block_1_4' title="bbox 426 490 2071 594">
    <p class='ocr_par' dir='ltr' id='par_1_4' title="bbox 426 515 2071 594">
     <span class='ocr_line' id='line_1_4' title="bbox 426 515 2071 594; baseline -0.004 -17"><span class='ocrx_word' id='word_1_8' title='bbox 426 520 692 590; x_wconf 76' lang='grc' dir='ltr'>εὐποιίαν,</span> <span class='ocrx_word' id='word_1_9' title='bbox 754 519 877 577; x_wconf 79' lang='grc' dir='ltr'>Ἐὰν</span> <span class='ocrx_word' id='word_1_10' title='bbox 938 517 1129 592; x_wconf 81' lang='grc' dir='ltr'>ἀνέλῃς</span> <span class='ocrx_word' id='word_1_11' title='bbox 1190 520 1303 592; x_wconf 87' lang='lat'>(35)</span> <span class='ocrx_word' id='word_1_12' title='bbox 1383 515 1715 591; x_wconf 68' lang='grc' dir='ltr'>σύνδεσμον,</span> <span class='ocrx_word' id='word_1_13' title='bbox 1775 519 1930 594; x_wconf 74' lang='grc' dir='ltr'>φησί,</span> <span class='ocrx_word' id='word_1_14' title='bbox 1987 517 2071 573; x_wconf 70' lang='grc' dir='ltr'>καὶ</span> 
     </span>
    </p>
   </div>
   <div class='ocr_carea' id='block_1_5' title="bbox 2180 490 3839 594">
    <p class='ocr_par' dir='ltr' id='par_1_5' title="bbox 2192 490 3839 593">
     <span class='ocr_line' id='line_1_5' title="bbox 2192 490 3839 593; baseline 0.003 -17"><span class='ocrx_word' id='word_1_15' title='bbox 2192 519 2339 577; x_wconf 76' lang='lat'><strong>285</strong></span> <span class='ocrx_word' id='word_1_16' title='bbox 2376 521 2743 593; x_wconf 65' lang='lat' dir='ltr'>praeclarum.</span> <span class='ocrx_word' id='word_1_17' title='bbox 2781 490 3120 579; x_wconf 72' lang='lat' dir='ltr'>Laetandum</span> <span class='ocrx_word' id='word_1_18' title='bbox 3167 529 3257 579; x_wconf 88' lang='lat' dir='ltr'>est</span> <span class='ocrx_word' id='word_1_19' title='bbox 3306 530 3522 590; x_wconf 89' lang='lat' dir='ltr'>autem,</span> <span class='ocrx_word' id='word_1_20' title='bbox 3577 543 3693 581; x_wconf 93' lang='lat' dir='ltr'>non</span> <span class='ocrx_word' id='word_1_21' title='bbox 3742 526 3839 581; x_wconf 92' lang='lat' dir='ltr'>lu-</span> 
     </span>
    </p>
   </div>
   <div class='ocr_carea' id='block_1_6' title="bbox 424 602 2080 686">
    <p class='ocr_par' dir='ltr' id='par_1_6' title="bbox 424 602 2080 686">
     <span class='ocr_line' id='line_1_6' title="bbox 424 602 2080 686; baseline -0.002 -22"><span class='ocrx_word' id='word_1_22' title='bbox 424 608 792 686; x_wconf 88' lang='grc' dir='ltr'>χειροτονίαν,</span> <span class='ocrx_word' id='word_1_23' title='bbox 855 605 1214 683; x_wconf 74' lang='grc' dir='ltr'>μικρολογίαν</span> <span class='ocrx_word' id='word_1_24' title='bbox 1257 602 1322 675; x_wconf 79' lang='grc' dir='ltr'>δὴ</span> <span class='ocrx_word' id='word_1_25' title='bbox 1357 604 1506 683; x_wconf 84' lang='grc' dir='ltr'>λέγω</span> <span class='ocrx_word' id='word_1_26' title='bbox 1534 608 1651 679; x_wconf 87' lang='lat'>(36)</span> <span class='ocrx_word' id='word_1_27' title='bbox 1679 610 1840 661; x_wconf 85' lang='grc' dir='ltr'>τοῦτο</span> <span class='ocrx_word' id='word_1_28' title='bbox 1872 606 1960 661; x_wconf 82' lang='grc' dir='ltr'>καὶ</span> <span class='ocrx_word' id='word_1_29' title='bbox 1993 604 2080 661; x_wconf 83' lang='grc' dir='ltr'>δὸ-</span> 
     </span>
    </p>
   </div>
   <div class='ocr_carea' id='block_1_7' title="bbox 420 694 2075 774">
    <p class='ocr_par' dir='ltr' id='par_1_7' title="bbox 420 694 2075 774">
     <span class='ocr_line' id='line_1_7' title="bbox 420 694 2075 774; baseline -0.004 -19"><span class='ocrx_word' id='word_1_30' title='bbox 420 698 675 773; x_wconf 88' lang='grc' dir='ltr'>κιμασίαν</span> <span class='ocrx_word' id='word_1_31' title='bbox 712 746 727 771; x_wconf 91' lang='grc'>,</span> <span class='ocrx_word' id='word_1_32' title='bbox 786 699 880 751; x_wconf 80' lang='grc' dir='ltr'>εἶτ’</span> <span class='ocrx_word' id='word_1_33' title='bbox 930 696 1019 752; x_wconf 77' lang='grc' dir='ltr'>οὖν</span> <span class='ocrx_word' id='word_1_34' title='bbox 1081 694 1421 774; x_wconf 80' lang='grc' dir='ltr'>ἀμφιβολίαν</span> <span class='ocrx_word' id='word_1_35' title='bbox 1458 739 1472 762; x_wconf 88' lang='grc'>,</span> <span class='ocrx_word' id='word_1_36' title='bbox 1531 694 1619 749; x_wconf 83' lang='grc' dir='ltr'>καὶ</span> <span class='ocrx_word' id='word_1_37' title='bbox 1677 695 1828 770; x_wconf 80' lang='grc' dir='ltr'>ῥῆμα</span> <span class='ocrx_word' id='word_1_38' title='bbox 1877 717 2075 771; x_wconf 89' lang='grc' dir='ltr'>γογγυ-</span> 
     </span>
    </p>
   </div>
   <div class='ocr_carea' id='block_1_8' title="bbox 420 782 2074 863">
    <p class='ocr_par' dir='ltr' id='par_1_8' title="bbox 420 782 2074 863">
     <span class='ocr_line' id='line_1_8' title="bbox 420 782 2074 863; baseline -0.004 -20"><span class='ocrx_word' id='word_1_39' title='bbox 420 793 583 857; x_wconf 87' lang='grc' dir='ltr'>σμοῦ,</span> <span class='ocrx_word' id='word_1_40' title='bbox 641 787 694 841; x_wconf 91' lang='grc' dir='ltr'>τί</span> <span class='ocrx_word' id='word_1_41' title='bbox 737 788 1021 863; x_wconf 75' lang='grc' dir='ltr'>γενήσεται</span> <span class='ocrx_word' id='word_1_42' title='bbox 1079 786 1195 857; x_wconf 87' lang='grc'>(37)</span> <span class='ocrx_word' id='word_1_43' title='bbox 1229 803 1242 852; x_wconf 89' lang='grc'>;</span> <span class='ocrx_word' id='word_1_44' title='bbox 1274 790 1359 845; x_wconf 84' lang='grc' dir='ltr'>Ὡς</span> <span class='ocrx_word' id='word_1_45' title='bbox 1413 783 1552 858; x_wconf 88' lang='grc' dir='ltr'>μέγα</span> <span class='ocrx_word' id='word_1_46' title='bbox 1604 805 1657 838; x_wconf 90' lang='grc' dir='ltr'>τι</span> <span class='ocrx_word' id='word_1_47' title='bbox 1715 784 1805 838; x_wconf 87' lang='grc' dir='ltr'>καὶ</span> <span class='ocrx_word' id='word_1_48' title='bbox 1865 782 2074 856; x_wconf 84' lang='grc' dir='ltr'>θαυμά-</span> 
     </span>
    </p>
   </div>
   <div class='ocr_carea' id='block_1_9' title="bbox 425 872 2076 948">
    <p class='ocr_par' dir='ltr' id='par_1_9' title="bbox 425 872 2076 948">
     <span class='ocr_line' id='line_1_9' title="bbox 425 872 2076 948; baseline -0.004 -16"><span class='ocrx_word' id='word_1_49' title='bbox 425 900 539 933; x_wconf 90' lang='grc' dir='ltr'>σιον</span> <span class='ocrx_word' id='word_1_50' title='bbox 572 880 686 948; x_wconf 89' lang='grc'>(38)</span> <span class='ocrx_word' id='word_1_51' title='bbox 719 877 730 931; x_wconf 78' lang='grc' dir='ltr'>ί</span> <span class='ocrx_word' id='word_1_52' title='bbox 766 876 879 929; x_wconf 82' lang='grc' dir='ltr'>οἷον</span> <span class='ocrx_word' id='word_1_53' title='bbox 907 876 1021 947; x_wconf 88' lang='grc'>(39)</span> <span class='ocrx_word' id='word_1_54' title='bbox 1052 873 1140 928; x_wconf 84' lang='grc' dir='ltr'>καὶ</span> <span class='ocrx_word' id='word_1_55' title='bbox 1175 873 1300 935; x_wconf 79' lang='grc' dir='ltr'>ὅσος</span> <span class='ocrx_word' id='word_1_56' title='bbox 1333 873 1360 926; x_wconf 88' lang='grc' dir='ltr'><strong>ὁ</strong></span> <span class='ocrx_word' id='word_1_57' title='bbox 1390 872 1586 927; x_wconf 69' lang='grc' dir='ltr'>τούτου</span> <span class='ocrx_word' id='word_1_58' title='bbox 1621 872 1809 945; x_wconf 84' lang='grc' dir='ltr'>μισθός</span> <span class='ocrx_word' id='word_1_59' title='bbox 1838 873 1849 927; x_wconf 88' lang='lat'><strong>!</strong></span> <span class='ocrx_word' id='word_1_60' title='bbox 1883 874 2076 946; x_wconf 83' lang='grc' dir='ltr'>Ῥαγή-</span> 
     </span>
    </p>
   </div>
   <div class='ocr_carea' id='block_1_10' title="bbox 421 961 2073 1041">
    <p class='ocr_par' dir='ltr' id='par_1_10' title="bbox 421 961 2073 1041">
     <span class='ocr_line' id='line_1_10' title="bbox 421 961 2073 1041; baseline -0.003 -20"><span class='ocrx_word' id='word_1_61' title='bbox 421 988 568 1022; x_wconf 86' lang='grc' dir='ltr'><strong>σεται</strong></span> <span class='ocrx_word' id='word_1_62' title='bbox 628 966 882 1041; x_wconf 84' lang='grc' dir='ltr'>πρώιμον</span> <span class='ocrx_word' id='word_1_63' title='bbox 958 963 1021 1017; x_wconf 87' lang='grc' dir='ltr'>τὸ</span> <span class='ocrx_word' id='word_1_64' title='bbox 1080 967 1193 1040; x_wconf 80' lang='grc' dir='ltr'>φῶς</span> <span class='ocrx_word' id='word_1_65' title='bbox 1254 982 1390 1030; x_wconf 87' lang='grc' dir='ltr'>σου,</span> <span class='ocrx_word' id='word_1_66' title='bbox 1442 962 1529 1015; x_wconf 79' lang='grc' dir='ltr'>καὶ</span> <span class='ocrx_word' id='word_1_67' title='bbox 1587 962 1655 1017; x_wconf 81' lang='grc' dir='ltr'>τὰ</span> <span class='ocrx_word' id='word_1_68' title='bbox 1726 961 1929 1034; x_wconf 85' lang='grc' dir='ltr'>ἷάματά</span> <span class='ocrx_word' id='word_1_69' title='bbox 1977 982 2073 1016; x_wconf 90' lang='grc' dir='ltr'>σου</span> 
     </span>
    </p>
   </div>
   <div class='ocr_carea' id='block_1_11' title="bbox 418 1048 2073 1132">
    <p class='ocr_par' dir='ltr' id='par_1_11' title="bbox 418 1048 2073 1132">
     <span class='ocr_line' id='line_1_11' title="bbox 418 1048 2073 1132; baseline -0.005 -20"><span class='ocrx_word' id='word_1_70' title='bbox 418 1056 560 1132; x_wconf 80' lang='grc' dir='ltr'>ταχὺ</span> <span class='ocrx_word' id='word_1_71' title='bbox 610 1051 898 1110; x_wconf 86' lang='grc' dir='ltr'>ἀνατελεῖ.</span> <span class='ocrx_word' id='word_1_72' title='bbox 931 1051 1024 1115; x_wconf 91' lang='grc' dir='ltr'>Τίς</span> <span class='ocrx_word' id='word_1_73' title='bbox 1082 1050 1172 1106; x_wconf 75' lang='grc' dir='ltr'>οὖν</span> <span class='ocrx_word' id='word_1_74' title='bbox 1223 1050 1322 1106; x_wconf 79' lang='grc' dir='ltr'>οὐκ</span> <span class='ocrx_word' id='word_1_75' title='bbox 1372 1048 1574 1129; x_wconf 79' lang='grc' dir='ltr'>ἐφίεται</span> <span class='ocrx_word' id='word_1_76' title='bbox 1621 1052 1801 1130; x_wconf 75' lang='grc' dir='ltr'>φωτὸς</span> <span class='ocrx_word' id='word_1_77' title='bbox 1827 1051 1937 1106; x_wconf 83' lang='grc' dir='ltr'>’καὶ</span> <span class='ocrx_word' id='word_1_78' title='bbox 1989 1050 2073 1105; x_wconf 79' lang='grc' dir='ltr'>ἰά-</span> 
     </span>
    </p>
   </div>
   <div class='ocr_carea' id='block_1_12' title="bbox 423 1164 609 1213">
    <p class='ocr_par' dir='ltr' id='par_1_12' title="bbox 423 1164 609 1213">
     <span class='ocr_line' id='line_1_12' title="bbox 423 1164 609 1213; baseline 0 -14"><span class='ocrx_word' id='word_1_79' title='bbox 423 1165 558 1207; x_wconf 85' lang='grc' dir='ltr'>σεως</span> <span class='ocrx_word' id='word_1_80' title='bbox 596 1164 609 1213; x_wconf 89' lang='grc'>;</span> 
     </span>
    </p>
   </div>
   <div class='ocr_carea' id='block_1_13' title="bbox 497 1315 2073 1394">
    <p class='ocr_par' dir='ltr' id='par_1_13' title="bbox 497 1315 2073 1394">
     <span class='ocr_line' id='line_1_13' title="bbox 497 1315 2073 1394; baseline -0.003 -18"><span class='ocrx_word' id='word_1_81' title='bbox 497 1323 616 1379; x_wconf 84' lang='grc' dir='ltr'>ΛΘ’.</span> <span class='ocrx_word' id='word_1_82' title='bbox 652 1317 926 1392; x_wconf 75' lang='grc' dir='ltr'>Αἰδοῦμαι</span> <span class='ocrx_word' id='word_1_83' title='bbox 967 1316 1025 1373; x_wconf 75' lang='grc' dir='ltr'>δὲ</span> <span class='ocrx_word' id='word_1_84' title='bbox 1073 1316 1163 1373; x_wconf 88' lang='grc' dir='ltr'>καὶ</span> <span class='ocrx_word' id='word_1_85' title='bbox 1211 1318 1272 1371; x_wconf 83' lang='grc' dir='ltr'>τὸ</span> <span class='ocrx_word' id='word_1_86' title='bbox 1314 1319 1549 1393; x_wconf 78' lang='grc' dir='ltr'>Χριστοῦ</span> <span class='ocrx_word' id='word_1_87' title='bbox 1594 1315 2011 1394; x_wconf 78' lang='grc' dir='ltr'>γλωσσόκομον,</span> <span class='ocrx_word' id='word_1_88' title='bbox 2044 1318 2073 1372; x_wconf 81' lang='grc' dir='ltr'><strong>ὃ</strong></span> 
     </span>
    </p>
   </div>
   <div class='ocr_carea' id='block_1_14' title="bbox 423 1404 2073 1487">
    <p class='ocr_par' dir='ltr' id='par_1_14' title="bbox 423 1404 2073 1487">
     <span class='ocr_line' id='line_1_14' title="bbox 423 1404 2073 1487; baseline -0.004 -21"><span class='ocrx_word' id='word_1_89' title='bbox 423 1412 560 1485; x_wconf 87' lang='grc' dir='ltr'>πρὸς</span> <span class='ocrx_word' id='word_1_90' title='bbox 589 1408 1011 1487; x_wconf 85' lang='grc' dir='ltr'>πτωχοτροφίαν</span> <span class='ocrx_word' id='word_1_91' title='bbox 1059 1410 1210 1480; x_wconf 78' lang='grc' dir='ltr'>ἡμᾶς</span> <span class='ocrx_word' id='word_1_92' title='bbox 1257 1404 1583 1482; x_wconf 85' lang='grc' dir='ltr'>παρακαλεῖ·</span> <span class='ocrx_word' id='word_1_93' title='bbox 1638 1405 1726 1461; x_wconf 88' lang='grc' dir='ltr'>καὶ</span> <span class='ocrx_word' id='word_1_94' title='bbox 1784 1409 1883 1475; x_wconf 78' lang='grc' dir='ltr'>τήν</span> <span class='ocrx_word' id='word_1_95' title='bbox 1925 1406 2073 1460; x_wconf 80' lang='grc' dir='ltr'>Παύ-</span> 
     </span>
    </p>
   </div>
   <div class='ocr_carea' id='block_1_15' title="bbox 427 1492 2074 1575">
    <p class='ocr_par' dir='ltr' id='par_1_15' title="bbox 427 1492 2074 1575">
     <span class='ocr_line' id='line_1_15' title="bbox 427 1492 2074 1575; baseline -0.004 -20"><span class='ocrx_word' id='word_1_96' title='bbox 427 1498 527 1555; x_wconf 85' lang='grc' dir='ltr'>λου</span> <span class='ocrx_word' id='word_1_97' title='bbox 559 1499 647 1554; x_wconf 83' lang='grc' dir='ltr'>καὶ</span> <span class='ocrx_word' id='word_1_98' title='bbox 676 1498 886 1574; x_wconf 82' lang='grc' dir='ltr'>Πέτρου</span> <span class='ocrx_word' id='word_1_99' title='bbox 920 1496 1257 1575; x_wconf 79' lang='grc' dir='ltr'>συμφωνίαν,</span> <span class='ocrx_word' id='word_1_100' title='bbox 1291 1496 1373 1551; x_wconf 75' lang='grc' dir='ltr'>ὅτι</span> <span class='ocrx_word' id='word_1_101' title='bbox 1419 1496 1481 1550; x_wconf 87' lang='grc' dir='ltr'>τὸ</span> <span class='ocrx_word' id='word_1_102' title='bbox 1534 1493 1864 1571; x_wconf 78' lang='grc' dir='ltr'>Εὐαγγέλιον</span> <span class='ocrx_word' id='word_1_103' title='bbox 1894 1492 2074 1550; x_wconf 84' lang='grc' dir='ltr'>διελό-</span> 
     </span>
    </p>
   </div>
   <div class='ocr_carea' id='block_1_16' title="bbox 424 1584 2073 1662">
    <p class='ocr_par' dir='ltr' id='par_1_16' title="bbox 424 1584 2073 1662">
     <span class='ocr_line' id='line_1_16' title="bbox 424 1584 2073 1662; baseline -0.002 -20"><span class='ocrx_word' id='word_1_104' title='bbox 424 1609 596 1662; x_wconf 86' lang='grc' dir='ltr'>μενοι,</span> <span class='ocrx_word' id='word_1_105' title='bbox 627 1587 752 1649; x_wconf 71' lang='grc' dir='ltr'>τοὺς</span> <span class='ocrx_word' id='word_1_106' title='bbox 784 1586 1045 1662; x_wconf 79' lang='grc' dir='ltr'>πτωχοὺς</span> <span class='ocrx_word' id='word_1_107' title='bbox 1096 1584 1394 1647; x_wconf 80' lang='grc' dir='ltr'>κοινωνοὺς</span> <span class='ocrx_word' id='word_1_108' title='bbox 1441 1586 1554 1659; x_wconf 86' lang='grc'>(40)</span> <span class='ocrx_word' id='word_1_109' title='bbox 1605 1584 1952 1655; x_wconf 77' lang='grc' dir='ltr'>ἐποιήσαντο·</span> <span class='ocrx_word' id='word_1_110' title='bbox 1983 1586 2073 1638; x_wconf 85' lang='grc' dir='ltr'>καὶ</span> 
     </span>
    </p>
   </div>
   <div class='ocr_carea' id='block_1_17' title="bbox 418 1668 2071 1748">
    <p class='ocr_par' dir='ltr' id='par_1_17' title="bbox 418 1668 2071 1748">
     <span class='ocr_line' id='line_1_17' title="bbox 418 1668 2071 1748; baseline -0.002 -18"><span class='ocrx_word' id='word_1_111' title='bbox 418 1678 517 1745; x_wconf 82' lang='grc' dir='ltr'>τὴν</span> <span class='ocrx_word' id='word_1_112' title='bbox 543 1681 641 1732; x_wconf 88' lang='grc' dir='ltr'>τοῦ</span> <span class='ocrx_word' id='word_1_113' title='bbox 672 1676 790 1731; x_wconf 68' lang='grc' dir='ltr'>νέου</span> <span class='ocrx_word' id='word_1_114' title='bbox 819 1675 1102 1731; x_wconf 85' lang='grc' dir='ltr'>τελείωσιν</span> <span class='ocrx_word' id='word_1_115' title='bbox 1133 1674 1184 1728; x_wconf 74' lang='grc' dir='ltr'>ἐν</span> <span class='ocrx_word' id='word_1_116' title='bbox 1217 1679 1293 1746; x_wconf 82' lang='grc' dir='ltr'>τῷ</span> <span class='ocrx_word' id='word_1_117' title='bbox 1323 1675 1390 1728; x_wconf 75' lang='grc' dir='ltr'>τὰ</span> <span class='ocrx_word' id='word_1_118' title='bbox 1429 1668 1556 1729; x_wconf 72' lang='grc' dir='ltr'>ὄντα</span> <span class='ocrx_word' id='word_1_119' title='bbox 1588 1671 1772 1729; x_wconf 85' lang='grc' dir='ltr'>δοῦναι</span> <span class='ocrx_word' id='word_1_120' title='bbox 1820 1678 2071 1748; x_wconf 86' lang='grc' dir='ltr'>πτωχοῖς</span> 
     </span>
    </p>
   </div>
   <div class='ocr_carea' id='block_1_18' title="bbox 422 1762 2071 1842">
    <p class='ocr_par' dir='ltr' id='par_1_18' title="bbox 422 1762 2071 1842">
     <span class='ocr_line' id='line_1_18' title="bbox 422 1762 2071 1842; baseline -0.002 -22"><span class='ocrx_word' id='word_1_121' title='bbox 422 1766 724 1842; x_wconf 85' lang='grc' dir='ltr'>όρισθεῖσάν</span> <span class='ocrx_word' id='word_1_122' title='bbox 767 1786 824 1819; x_wconf 89' lang='grc' dir='ltr'>τε</span> <span class='ocrx_word' id='word_1_123' title='bbox 871 1763 960 1819; x_wconf 83' lang='grc' dir='ltr'>καὶ</span> <span class='ocrx_word' id='word_1_124' title='bbox 1004 1769 1486 1838; x_wconf 85' lang='grc' dir='ltr'>νομοθετηθεῖσαν.</span> <span class='ocrx_word' id='word_1_125' title='bbox 1542 1762 1657 1820; x_wconf 67' lang='grc' dir='ltr'>Οἴει</span> <span class='ocrx_word' id='word_1_126' title='bbox 1713 1765 1788 1837; x_wconf 78' lang='grc' dir='ltr'>μὴ</span> <span class='ocrx_word' id='word_1_127' title='bbox 1831 1762 2071 1838; x_wconf 83' lang='grc' dir='ltr'>ἀνάγκην</span> 
     </span>
    </p>
   </div>
   <div class='ocr_carea' id='block_1_19' title="bbox 418 1848 2151 1954">
    <p class='ocr_par' dir='ltr' id='par_1_19' title="bbox 418 1848 2151 1954">
     <span class='ocr_line' id='line_1_19' title="bbox 418 1848 2151 1954; baseline -0.002 -45"><span class='ocrx_word' id='word_1_128' title='bbox 418 1856 550 1909; x_wconf 80' lang='grc' dir='ltr'>εἴναί</span> <span class='ocrx_word' id='word_1_129' title='bbox 583 1875 669 1908; x_wconf 90' lang='grc' dir='ltr'>σοι</span> <span class='ocrx_word' id='word_1_130' title='bbox 715 1856 814 1923; x_wconf 73' lang='grc' dir='ltr'>τῆς</span> <span class='ocrx_word' id='word_1_131' title='bbox 858 1850 1293 1954; x_wconf 53' lang='grc' dir='ltr'>φιλανθρωπίας,</span> <span class='ocrx_word' id='word_1_132' title='bbox 1346 1849 1492 1954; x_wconf 27' lang='grc' dir='ltr'>ἀλλ’*</span> <span class='ocrx_word' id='word_1_133' title='bbox 1522 1848 1724 1954; x_wconf 65' lang='grc' dir='ltr'>αἵρεσιν</span> <span class='ocrx_word' id='word_1_134' title='bbox 1758 1848 1952 1954; x_wconf 52' lang='grc' dir='ltr'>,ομ-ηδε</span> <span class='ocrx_word' id='word_1_135' title='bbox 1980 1850 2073 1905; x_wconf 88' lang='grc' dir='ltr'>νό-</span> <span class='ocrx_word' id='word_1_136' title='bbox 2104 1888 2151 1954; x_wconf 84' lang='grc' dir='ltr'><strong>Β</strong></span> 
     </span>
    </p>
   </div>
   <div class='ocr_carea' id='block_1_20' title="bbox 421 1934 2068 2019">
    <p class='ocr_par' dir='ltr' id='par_1_20' title="bbox 421 1934 2068 2019">
     <span class='ocr_line' id='line_1_20' title="bbox 421 1934 2068 2019; baseline -0.002 -21"><span class='ocrx_word' id='word_1_137' title='bbox 421 1965 545 2017; x_wconf 90' lang='grc' dir='ltr'>μον,</span> <span class='ocrx_word' id='word_1_138' title='bbox 579 1942 724 1998; x_wconf 81' lang='grc' dir='ltr'>ἀλλά</span> <span class='ocrx_word' id='word_1_139' title='bbox 753 1941 1061 2016; x_wconf 87' lang='grc' dir='ltr'>παραίνεσιν</span> <span class='ocrx_word' id='word_1_140' title='bbox 1096 1959 1110 2009; x_wconf 85' lang='grc'>;</span> <span class='ocrx_word' id='word_1_141' title='bbox 1147 1938 1366 2019; x_wconf 77' lang='grc' dir='ltr'>Σφόδρα</span> <span class='ocrx_word' id='word_1_142' title='bbox 1406 1939 1493 1994; x_wconf 78' lang='grc' dir='ltr'>καὶ</span> <span class='ocrx_word' id='word_1_143' title='bbox 1543 1940 1703 2002; x_wconf 77' lang='grc' dir='ltr'>αὐτὸς</span> <span class='ocrx_word' id='word_1_144' title='bbox 1755 1934 2068 2013; x_wconf 74' lang='grc' dir='ltr'>ἐϐουλόμην</span> 
     </span>
    </p>
   </div>
   <div class='ocr_carea' id='block_1_21' title="bbox 413 2022 2071 2105">
    <p class='ocr_par' dir='ltr' id='par_1_21' title="bbox 413 2022 2071 2105">
     <span class='ocr_line' id='line_1_21' title="bbox 413 2022 2071 2105; baseline -0.002 -19"><span class='ocrx_word' id='word_1_145' title='bbox 413 2036 595 2103; x_wconf 85' lang='grc' dir='ltr'>τοῦτο,</span> <span class='ocrx_word' id='word_1_146' title='bbox 645 2032 735 2085; x_wconf 88' lang='grc' dir='ltr'>καὶ</span> <span class='ocrx_word' id='word_1_147' title='bbox 789 2024 1191 2102; x_wconf 60' lang='grc' dir='ltr'>ὑπελάμϐανον</span> <span class='ocrx_word' id='word_1_148' title='bbox 1241 2028 1388 2083; x_wconf 87' lang='grc' dir='ltr'>ἀλλᾶ</span> <span class='ocrx_word' id='word_1_149' title='bbox 1435 2022 1593 2104; x_wconf 81' lang='grc' dir='ltr'>φοϐεῖ</span> <span class='ocrx_word' id='word_1_150' title='bbox 1645 2030 1774 2100; x_wconf 76' lang='grc' dir='ltr'>μεὴ</span> <span class='ocrx_word' id='word_1_151' title='bbox 1816 2029 2071 2105; x_wconf 86' lang='grc' dir='ltr'>ἀριστερά</span> 
     </span>
    </p>
   </div>
   <div class='ocr_carea' id='block_1_22' title="bbox 417 2116 2067 2198">
    <p class='ocr_par' dir='ltr' id='par_1_22' title="bbox 417 2116 2067 2198">
     <span class='ocr_line' id='line_1_22' title="bbox 417 2116 2067 2198; baseline -0.002 -22"><span class='ocrx_word' id='word_1_152' title='bbox 417 2122 565 2197; x_wconf 81' lang='grc' dir='ltr'>χεὶρ,</span> <span class='ocrx_word' id='word_1_153' title='bbox 597 2121 684 2176; x_wconf 86' lang='grc' dir='ltr'>καὶ</span> <span class='ocrx_word' id='word_1_154' title='bbox 716 2121 767 2175; x_wconf 79' lang='grc' dir='ltr'>οὶ</span> <span class='ocrx_word' id='word_1_155' title='bbox 810 2116 1011 2198; x_wconf 72' lang='grc' dir='ltr'>ἔριφοι,</span> <span class='ocrx_word' id='word_1_156' title='bbox 1060 2118 1149 2173; x_wconf 85' lang='grc' dir='ltr'>καὶ</span> <span class='ocrx_word' id='word_1_157' title='bbox 1181 2117 1213 2172; x_wconf 75' lang='grc' dir='ltr'>ἃ</span> <span class='ocrx_word' id='word_1_158' title='bbox 1241 2119 1386 2192; x_wconf 83' lang='grc' dir='ltr'>παρὰ</span> <span class='ocrx_word' id='word_1_159' title='bbox 1437 2122 1533 2172; x_wconf 91' lang='grc' dir='ltr'>τοῦ</span> <span class='ocrx_word' id='word_1_160' title='bbox 1583 2119 1875 2187; x_wconf 78' lang='grc' dir='ltr'>στήσαντος</span> <span class='ocrx_word' id='word_1_161' title='bbox 1932 2117 2067 2172; x_wconf 86' lang='grc' dir='ltr'>ὀνει-</span> 
     </span>
    </p>
   </div>
   <div class='ocr_carea' id='block_1_23' title="bbox 421 2204 2066 2283">
    <p class='ocr_par' dir='ltr' id='par_1_23' title="bbox 421 2204 2066 2283">
     <span class='ocr_line' id='line_1_23' title="bbox 421 2204 2066 2283; baseline -0.002 -19"><span class='ocrx_word' id='word_1_162' title='bbox 421 2209 679 2278; x_wconf 77' lang='grc' dir='ltr'>οίζονται’</span> <span class='ocrx_word' id='word_1_163' title='bbox 710 2208 817 2283; x_wconf 75' lang='grc' dir='ltr'>οὐχ</span> <span class='ocrx_word' id='word_1_164' title='bbox 862 2206 944 2263; x_wconf 79' lang='grc' dir='ltr'>ὅτι</span> <span class='ocrx_word' id='word_1_165' title='bbox 979 2204 1359 2282; x_wconf 76' lang='grc' dir='ltr'>διηρπάκασιν,</span> <span class='ocrx_word' id='word_1_166' title='bbox 1392 2205 1504 2260; x_wconf 80' lang='grc' dir='ltr'>οὐθ’</span> <span class='ocrx_word' id='word_1_167' title='bbox 1554 2204 1636 2260; x_wconf 78' lang='grc' dir='ltr'>ὅτι</span> <span class='ocrx_word' id='word_1_168' title='bbox 1687 2204 2066 2277; x_wconf 77' lang='grc' dir='ltr'>σεσυλήκασιν,</span> 
     </span>
    </p>
   </div>
   <div class='ocr_carea' id='block_1_24' title="bbox 419 2294 2069 2374">
    <p class='ocr_par' dir='ltr' id='par_1_24' title="bbox 419 2294 2069 2374">
     <span class='ocr_line' id='line_1_24' title="bbox 419 2294 2069 2374; baseline -0.002 -21"><span class='ocrx_word' id='word_1_169' title='bbox 419 2300 454 2369; x_wconf 75' lang='grc' dir='ltr'><strong>ἢ</strong></span> <span class='ocrx_word' id='word_1_170' title='bbox 493 2298 944 2374; x_wconf 79' lang='grc' dir='ltr'>μεμοιχέύκασιν,</span> <span class='ocrx_word' id='word_1_171' title='bbox 976 2298 1011 2365; x_wconf 78' lang='grc' dir='ltr'><strong>ἢ</strong></span> <span class='ocrx_word' id='word_1_172' title='bbox 1056 2294 1196 2351; x_wconf 66' lang='grc' dir='ltr'>ἄλλο</span> <span class='ocrx_word' id='word_1_173' title='bbox 1225 2317 1277 2350; x_wconf 89' lang='grc' dir='ltr'>τι</span> <span class='ocrx_word' id='word_1_174' title='bbox 1324 2300 1432 2349; x_wconf 88' lang='grc' dir='ltr'>τῶν</span> <span class='ocrx_word' id='word_1_175' title='bbox 1483 2295 1939 2370; x_wconf 73' lang='grc' dir='ltr'>ἀπηγορευμένων</span> <span class='ocrx_word' id='word_1_176' title='bbox 1972 2317 2069 2350; x_wconf 90' lang='grc' dir='ltr'>πε-</span> 
     </span>
    </p>
   </div>
   <div class='ocr_carea' id='block_1_25' title="bbox 421 2382 2069 2459">
    <p class='ocr_par' dir='ltr' id='par_1_25' title="bbox 421 2382 2069 2459">
     <span class='ocr_line' id='line_1_25' title="bbox 421 2382 2069 2459; baseline -0.004 -16"><span class='ocrx_word' id='word_1_177' title='bbox 421 2391 735 2458; x_wconf 80' lang='grc' dir='ltr'>ποιήκασιν,</span> <span class='ocrx_word' id='word_1_178' title='bbox 764 2384 965 2456; x_wconf 78' lang='grc' dir='ltr'>ταύτην</span> <span class='ocrx_word' id='word_1_179' title='bbox 996 2386 1096 2454; x_wconf 72' lang='grc' dir='ltr'>τήν</span> <span class='ocrx_word' id='word_1_180' title='bbox 1114 2384 1257 2455; x_wconf 80' lang='grc' dir='ltr'>τάξιν</span> <span class='ocrx_word' id='word_1_181' title='bbox 1280 2385 1702 2459; x_wconf 75' lang='grc' dir='ltr'>κατακριθέντες,</span> <span class='ocrx_word' id='word_1_182' title='bbox 1728 2382 1852 2439; x_wconf 83' lang='grc' dir='ltr'>ἀλλ’</span> <span class='ocrx_word' id='word_1_183' title='bbox 1884 2383 1965 2439; x_wconf 74' lang='grc' dir='ltr'>ὅτι</span> <span class='ocrx_word' id='word_1_184' title='bbox 1993 2386 2069 2458; x_wconf 78' lang='grc' dir='ltr'>μὴ</span> 
     </span>
    </p>
   </div>
   <div class='ocr_carea' id='block_1_26' title="bbox 420 2472 1712 2553">
    <p class='ocr_par' dir='ltr' id='par_1_26' title="bbox 420 2472 1712 2553">
     <span class='ocr_line' id='line_1_26' title="bbox 420 2472 1712 2553; baseline -0.002 -20"><span class='ocrx_word' id='word_1_185' title='bbox 420 2478 649 2553; x_wconf 86' lang='grc' dir='ltr'>Χριστὸν</span> <span class='ocrx_word' id='word_1_186' title='bbox 681 2473 773 2530; x_wconf 81' lang='grc' dir='ltr'>διὰ</span> <span class='ocrx_word' id='word_1_187' title='bbox 801 2479 907 2529; x_wconf 88' lang='grc' dir='ltr'>τῶν</span> <span class='ocrx_word' id='word_1_188' title='bbox 942 2472 1214 2547; x_wconf 78' lang='grc' dir='ltr'>δεομένων</span> <span class='ocrx_word' id='word_1_189' title='bbox 1245 2472 1712 2549; x_wconf 79' lang='grc' dir='ltr'>τεθεραπεύκασιν.</span> 
     </span>
    </p>
   </div>
   <div class='ocr_carea' id='block_1_27' title="bbox 421 2563 2157 2638">
    <p class='ocr_par' dir='ltr' id='par_1_27' title="bbox 421 2563 2157 2638">
     <span class='ocr_line' id='line_1_27' title="bbox 421 2563 2157 2638; baseline -0.003 -13"><span class='ocrx_word' id='word_1_190' title='bbox 421 2575 580 2638; x_wconf 89' lang='lat' dir='ltr'>runt,</span> <span class='ocrx_word' id='word_1_191' title='bbox 604 2573 704 2623; x_wconf 92' lang='lat' dir='ltr'>aut</span> <span class='ocrx_word' id='word_1_192' title='bbox 730 2566 889 2622; x_wconf 81' lang='lat' dir='ltr'>aliud</span> <span class='ocrx_word' id='word_1_193' title='bbox 922 2565 1203 2637; x_wconf 83' lang='lat' dir='ltr'>quiddam</span> <span class='ocrx_word' id='word_1_194' title='bbox 1235 2581 1303 2620; x_wconf 81' lang='lat' dir='ltr'>ex</span> <span class='ocrx_word' id='word_1_195' title='bbox 1333 2563 1486 2631; x_wconf 91' lang='lat' dir='ltr'>aliis,</span> <span class='ocrx_word' id='word_1_196' title='bbox 1511 2581 1637 2635; x_wconf 82' lang='lat' dir='ltr'>quae</span> <span class='ocrx_word' id='word_1_197' title='bbox 1658 2564 1968 2620; x_wconf 88' lang='lat' dir='ltr'>interdicta</span> <span class='ocrx_word' id='word_1_198' title='bbox 1997 2568 2157 2633; x_wconf 87' lang='lat' dir='ltr'>sunt,</span> 
     </span>
    </p>
   </div>
   <div class='ocr_carea' id='block_1_28' title="bbox 418 2652 1442 2730">
    <p class='ocr_par' dir='ltr' id='par_1_28' title="bbox 418 2652 1442 2730">
     <span class='ocr_line' id='line_1_28' title="bbox 418 2652 1442 2730; baseline -0.005 -20"><span class='ocrx_word' id='word_1_199' title='bbox 418 2673 521 2730; x_wconf 91' lang='lat' dir='ltr'>per</span> <span class='ocrx_word' id='word_1_200' title='bbox 553 2671 836 2728; x_wconf 80' lang='lat' dir='ltr'>pauperes</span> <span class='ocrx_word' id='word_1_201' title='bbox 868 2652 1110 2708; x_wconf 91' lang='lat' dir='ltr'>minime</span> <span class='ocrx_word' id='word_1_202' title='bbox 1142 2656 1442 2707; x_wconf 88' lang='lat' dir='ltr'>curarunt.</span> 
     </span>
    </p>
   </div>
   <div class='ocr_carea' id='block_1_29' title="bbox 486 2736 2069 2814">
    <p class='ocr_par' dir='ltr' id='par_1_29' title="bbox 486 2736 2069 2814">
     <span class='ocr_line' id='line_1_29' title="bbox 486 2736 2069 2814; baseline -0.003 -16"><span class='ocrx_word' id='word_1_203' title='bbox 486 2750 569 2798; x_wconf 82' lang='grc' dir='ltr'>Μ’.</span> <span class='ocrx_word' id='word_1_204' title='bbox 602 2738 669 2797; x_wconf 75' lang='lat' dir='ltr'>Ei’</span> <span class='ocrx_word' id='word_1_205' title='bbox 690 2763 743 2797; x_wconf 87' lang='grc' dir='ltr'>τι</span> <span class='ocrx_word' id='word_1_206' title='bbox 793 2737 884 2795; x_wconf 80' lang='grc' dir='ltr'>οὖν</span> <span class='ocrx_word' id='word_1_207' title='bbox 933 2742 1048 2813; x_wconf 84' lang='grc'>(41)</span> <span class='ocrx_word' id='word_1_208' title='bbox 1100 2737 1224 2811; x_wconf 76' lang='grc' dir='ltr'>ἐμοὶ</span> <span class='ocrx_word' id='word_1_209' title='bbox 1271 2738 1538 2806; x_wconf 83' lang='grc' dir='ltr'>πείθεσθε,</span> <span class='ocrx_word' id='word_1_210' title='bbox 1589 2736 1780 2793; x_wconf 88' lang='grc' dir='ltr'>δοῦλοι</span> <span class='ocrx_word' id='word_1_211' title='bbox 1813 2740 2069 2814; x_wconf 78' lang='grc' dir='ltr'>Χριστοῦ,</span> 
     </span>
    </p>
   </div>
   <div class='ocr_carea' id='block_1_30' title="bbox 415 2824 2071 2907">
    <p class='ocr_par' dir='ltr' id='par_1_30' title="bbox 415 2824 2071 2907">
     <span class='ocr_line' id='line_1_30' title="bbox 415 2824 2071 2907; baseline -0.004 -20"><span class='ocrx_word' id='word_1_212' title='bbox 415 2842 505 2887; x_wconf 87' lang='grc' dir='ltr'>και</span> <span class='ocrx_word' id='word_1_213' title='bbox 558 2829 805 2907; x_wconf 77' lang='grc' dir='ltr'>ἀδελφοὶ,</span> <span class='ocrx_word' id='word_1_214' title='bbox 865 2829 955 2883; x_wconf 84' lang='grc' dir='ltr'>καὶ</span> <span class='ocrx_word' id='word_1_215' title='bbox 1017 2827 1483 2904; x_wconf 65' lang='grc' dir='ltr'>συγκληρονόμοι,</span> <span class='ocrx_word' id='word_1_216' title='bbox 1539 2824 1645 2889; x_wconf 69' lang='grc' dir='ltr'>ἕως</span> <span class='ocrx_word' id='word_1_217' title='bbox 1704 2826 1814 2882; x_wconf 76' lang='grc' dir='ltr'>ἐστὶ</span> <span class='ocrx_word' id='word_1_218' title='bbox 1860 2828 2071 2903; x_wconf 86' lang='grc' dir='ltr'>καιρὸς,</span> 
     </span>
    </p>
   </div>
   <div class='ocr_carea' id='block_1_31' title="bbox 418 2914 2068 2994">
    <p class='ocr_par' dir='ltr' id='par_1_31' title="bbox 418 2914 2068 2994">
     <span class='ocr_line' id='line_1_31' title="bbox 418 2914 2068 2994; baseline -0.001 -21"><span class='ocrx_word' id='word_1_219' title='bbox 418 2920 653 2994; x_wconf 81' lang='grc' dir='ltr'>Χριστὸν</span> <span class='ocrx_word' id='word_1_220' title='bbox 699 2917 1137 2991; x_wconf 68' lang='grc' dir='ltr'>ἐπισκεψώμεθα,</span> <span class='ocrx_word' id='word_1_221' title='bbox 1187 2916 1414 2983; x_wconf 76' lang='grc' dir='ltr'>Χριστὸν</span> <span class='ocrx_word' id='word_1_222' title='bbox 1466 2914 1879 2992; x_wconf 81' lang='grc' dir='ltr'>θεραπεύσωμεν</span> <span class='ocrx_word' id='word_1_223' title='bbox 1933 2918 2068 2989; x_wconf 81' lang='grc'>(42),</span> 
     </span>
    </p>
   </div>
   <div class='ocr_carea' id='block_1_32' title="bbox 421 3001 2071 3082">
    <p class='ocr_par' dir='ltr' id='par_1_32' title="bbox 421 3001 2071 3082">
     <span class='ocr_line' id='line_1_32' title="bbox 421 3001 2071 3082; baseline -0.002 -21"><span class='ocrx_word' id='word_1_224' title='bbox 421 3007 647 3082; x_wconf 81' lang='grc' dir='ltr'>Χριστὸν</span> <span class='ocrx_word' id='word_1_225' title='bbox 699 3008 1007 3082; x_wconf 78' lang='grc' dir='ltr'>θρέψωμεν,</span> <span class='ocrx_word' id='word_1_226' title='bbox 1066 3006 1301 3078; x_wconf 84' lang='grc' dir='ltr'>Χριστὸν</span> <span class='ocrx_word' id='word_1_227' title='bbox 1365 3001 1669 3075; x_wconf 80' lang='grc' dir='ltr'>ἐνδύσωμεν</span> <span class='ocrx_word' id='word_1_228' title='bbox 1728 3007 1884 3077; x_wconf 86' lang='grc'>(43),</span> <span class='ocrx_word' id='word_1_229' title='bbox 1942 3006 2071 3077; x_wconf 84' lang='grc' dir='ltr'>Χρι-</span> 
     </span>
    </p>
   </div>
   <div class='ocr_carea' id='block_1_33' title="bbox 420 3091 2070 3169">
    <p class='ocr_par' dir='ltr' id='par_1_33' title="bbox 420 3091 2070 3169">
     <span class='ocr_line' id='line_1_33' title="bbox 420 3091 2070 3169; baseline -0.002 -19"><span class='ocrx_word' id='word_1_230' title='bbox 420 3095 542 3150; x_wconf 84' lang='grc' dir='ltr'>στὸν</span> <span class='ocrx_word' id='word_1_231' title='bbox 575 3095 987 3169; x_wconf 82' lang='grc' dir='ltr'>συναγάγωμεν,</span> <span class='ocrx_word' id='word_1_232' title='bbox 1028 3094 1255 3169; x_wconf 81' lang='grc' dir='ltr'>Χριστὸν</span> <span class='ocrx_word' id='word_1_233' title='bbox 1301 3094 1645 3165; x_wconf 79' lang='grc' dir='ltr'>τιμήσωμεν’</span> <span class='ocrx_word' id='word_1_234' title='bbox 1704 3094 1779 3165; x_wconf 83' lang='grc' dir='ltr'>μὴ</span> <span class='ocrx_word' id='word_1_235' title='bbox 1833 3091 2070 3167; x_wconf 70' lang='grc' dir='ltr'>τραπέζῃ</span> 
     </span>
    </p>
   </div>
   <div class='ocr_carea' id='block_1_34' title="bbox 423 3179 2070 3257">
    <p class='ocr_par' dir='ltr' id='par_1_34' title="bbox 423 3179 2070 3257">
     <span class='ocr_line' id='line_1_34' title="bbox 423 3179 2070 3257; baseline 0 -21"><span class='ocrx_word' id='word_1_236' title='bbox 423 3180 612 3257; x_wconf 84' lang='grc' dir='ltr'>μόνον,</span> <span class='ocrx_word' id='word_1_237' title='bbox 666 3182 740 3245; x_wconf 81' lang='grc' dir='ltr'>ὥς</span> <span class='ocrx_word' id='word_1_238' title='bbox 804 3202 965 3244; x_wconf 88' lang='grc' dir='ltr'>τινες·</span> <span class='ocrx_word' id='word_1_239' title='bbox 1024 3180 1163 3256; x_wconf 73' lang='grc' dir='ltr'>μηδὲ</span> <span class='ocrx_word' id='word_1_240' title='bbox 1216 3181 1436 3256; x_wconf 76' lang='grc' dir='ltr'>μύροις,</span> <span class='ocrx_word' id='word_1_241' title='bbox 1487 3180 1561 3243; x_wconf 85' lang='grc' dir='ltr'>ὡς</span> <span class='ocrx_word' id='word_1_242' title='bbox 1610 3183 1644 3250; x_wconf 76' lang='grc' dir='ltr'><strong>ἡ</strong></span> <span class='ocrx_word' id='word_1_243' title='bbox 1689 3180 1890 3257; x_wconf 84' lang='grc' dir='ltr'>Μαρία’</span> <span class='ocrx_word' id='word_1_244' title='bbox 1930 3179 2070 3255; x_wconf 74' lang='grc' dir='ltr'>μηδὶ</span> 
     </span>
    </p>
   </div>
   <div class='ocr_carea' id='block_1_35' title="bbox 420 3266 2070 3351">
    <p class='ocr_par' dir='ltr' id='par_1_35' title="bbox 420 3266 2070 3351">
     <span class='ocr_line' id='line_1_35' title="bbox 420 3266 2070 3351; baseline -0.002 -24"><span class='ocrx_word' id='word_1_245' title='bbox 420 3274 575 3351; x_wconf 79' lang='grc' dir='ltr'>τάφῳ</span> <span class='ocrx_word' id='word_1_246' title='bbox 624 3272 783 3345; x_wconf 90' lang='grc' dir='ltr'>μόνον</span> <span class='ocrx_word' id='word_1_247' title='bbox 823 3273 957 3346; x_wconf 78' lang='grc'>(44),</span> <span class='ocrx_word' id='word_1_248' title='bbox 1012 3271 1085 3333; x_wconf 83' lang='grc' dir='ltr'>ὡς</span> <span class='ocrx_word' id='word_1_249' title='bbox 1138 3271 1340 3344; x_wconf 74' lang='grc' dir='ltr'>Ἰωσὴφ</span> <span class='ocrx_word' id='word_1_250' title='bbox 1389 3270 1416 3323; x_wconf 84' lang='grc' dir='ltr'><strong>ὁ</strong></span> <span class='ocrx_word' id='word_1_251' title='bbox 1468 3270 1864 3344; x_wconf 87' lang='grc' dir='ltr'>Ἀριμαθαῖος·</span> <span class='ocrx_word' id='word_1_252' title='bbox 1930 3266 2070 3342; x_wconf 71' lang='grc' dir='ltr'>μηδὲ</span> 
     </span>
    </p>
   </div>
   <div class='ocr_carea' id='block_1_36' title="bbox 2185 610 3841 681">
    <p class='ocr_par' dir='ltr' id='par_1_36' title="bbox 2185 610 3841 681">
     <span class='ocr_line' id='line_1_36' title="bbox 2185 610 3841 681; baseline 0.003 -17"><span class='ocrx_word' id='word_1_253' title='bbox 2185 610 2467 681; x_wconf 88' lang='lat' dir='ltr'>gendum,</span> <span class='ocrx_word' id='word_1_254' title='bbox 2499 629 2632 667; x_wconf 89' lang='lat' dir='ltr'>cum</span> <span class='ocrx_word' id='word_1_255' title='bbox 2666 613 3012 668; x_wconf 83' lang='lat' dir='ltr'>beneﬁcium</span> <span class='ocrx_word' id='word_1_256' title='bbox 3069 614 3301 669; x_wconf 88' lang='lat' dir='ltr'>damus.</span> <span class='ocrx_word' id='word_1_257' title='bbox 3355 613 3414 668; x_wconf 80' lang='lat' dir='ltr'>Si</span> <span class='ocrx_word' id='word_1_258' title='bbox 3454 615 3743 669; x_wconf 78' lang='lat' dir='ltr'>vinculum</span> <span class='ocrx_word' id='word_1_259' title='bbox 3788 618 3841 669; x_wconf 86' lang='lat' dir='ltr'>et</span> 
     </span>
    </p>
   </div>
   <div class='ocr_carea' id='block_1_37' title="bbox 2184 696 3837 770">
    <p class='ocr_par' dir='ltr' id='par_1_37' title="bbox 2184 696 3837 770">
     <span class='ocr_line' id='line_1_37' title="bbox 2184 696 3837 770; baseline 0.004 -20"><span class='ocrx_word' id='word_1_260' title='bbox 2184 696 2501 752; x_wconf 71' lang='lat' dir='ltr'>electionem</span> <span class='ocrx_word' id='word_1_261' title='bbox 2528 698 2837 767; x_wconf 73' lang='lat' dir='ltr'>sustuleris,</span> <span class='ocrx_word' id='word_1_262' title='bbox 2874 699 3059 770; x_wconf 87' lang='lat' dir='ltr'>inquit</span> <span class='ocrx_word' id='word_1_263' title='bbox 3090 699 3186 755; x_wconf 89' lang='lat' dir='ltr'>ille</span> <span class='ocrx_word' id='word_1_264' title='bbox 3218 700 3282 767; x_wconf 62' lang='grc' dir='ltr'>ιδ,</span> <span class='ocrx_word' id='word_1_265' title='bbox 3315 700 3423 755; x_wconf 89' lang='lat' dir='ltr'>hoc</span> <span class='ocrx_word' id='word_1_266' title='bbox 3463 706 3572 767; x_wconf 91' lang='lat' dir='ltr'>est,</span> <span class='ocrx_word' id='word_1_267' title='bbox 3614 701 3837 756; x_wconf 85' lang='lat' dir='ltr'>tenaci-</span> 
     </span>
    </p>
   </div>
   <div class='ocr_carea' id='block_1_38' title="bbox 2185 787 3833 858">
    <p class='ocr_par' dir='ltr' id='par_1_38' title="bbox 2185 787 3833 858">
     <span class='ocr_line' id='line_1_38' title="bbox 2185 787 3833 858; baseline 0.002 -19"><span class='ocrx_word' id='word_1_268' title='bbox 2185 788 2362 840; x_wconf 85' lang='lat' dir='ltr'>tatem</span> <span class='ocrx_word' id='word_1_269' title='bbox 2395 790 2453 842; x_wconf 92' lang='lat' dir='ltr'>et</span> <span class='ocrx_word' id='word_1_270' title='bbox 2482 787 2915 858; x_wconf 79' lang='lat' dir='ltr'>probationem,</span> <span class='ocrx_word' id='word_1_271' title='bbox 2947 788 3067 843; x_wconf 84' lang='lat' dir='ltr'>sive</span> <span class='ocrx_word' id='word_1_272' title='bbox 3099 788 3549 855; x_wconf 71' lang='lat' dir='ltr'>haesitationem,</span> <span class='ocrx_word' id='word_1_273' title='bbox 3585 806 3650 844; x_wconf 89' lang='lat' dir='ltr'>ac</span> <span class='ocrx_word' id='word_1_274' title='bbox 3705 806 3833 845; x_wconf 92' lang='lat' dir='ltr'>ver-</span> 
     </span>
    </p>
   </div>
   <div class='ocr_carea' id='block_1_39' title="bbox 2186 873 3835 947">
    <p class='ocr_par' dir='ltr' id='par_1_39' title="bbox 2186 873 3835 947">
     <span class='ocr_line' id='line_1_39' title="bbox 2186 873 3835 947; baseline 0.004 -20"><span class='ocrx_word' id='word_1_275' title='bbox 2186 873 2325 927; x_wconf 87' lang='lat' dir='ltr'>bum</span> <span class='ocrx_word' id='word_1_276' title='bbox 2359 876 2867 943; x_wconf 88' lang='lat' dir='ltr'>murmurationis,</span> <span class='ocrx_word' id='word_1_277' title='bbox 2898 876 3038 947; x_wconf 91' lang='lat' dir='ltr'>quid</span> <span class='ocrx_word' id='word_1_278' title='bbox 3064 877 3325 931; x_wconf 85' lang='lat' dir='ltr'>futurum</span> <span class='ocrx_word' id='word_1_279' title='bbox 3349 884 3437 932; x_wconf 86' lang='lat' dir='ltr'>est</span> <span class='ocrx_word' id='word_1_280' title='bbox 3455 877 3483 932; x_wconf 69' lang='grc' dir='ltr'><em>Ἰ</em></span> <span class='ocrx_word' id='word_1_281' title='bbox 3505 879 3687 943; x_wconf 87' lang='lat' dir='ltr'>Quam</span> <span class='ocrx_word' id='word_1_282' title='bbox 3718 894 3835 934; x_wconf 89' lang='lat' dir='ltr'>ma-</span> 
     </span>
    </p>
   </div>
   <div class='ocr_carea' id='block_1_40' title="bbox 2184 963 3833 1038">
    <p class='ocr_par' dir='ltr' id='par_1_40' title="bbox 2184 963 3833 1038">
     <span class='ocr_line' id='line_1_40' title="bbox 2184 963 3833 1038; baseline 0.004 -22"><span class='ocrx_word' id='word_1_283' title='bbox 2184 977 2365 1034; x_wconf 86' lang='lat' dir='ltr'>gnum</span> <span class='ocrx_word' id='word_1_284' title='bbox 2394 968 2449 1017; x_wconf 90' lang='lat' dir='ltr'>et</span> <span class='ocrx_word' id='word_1_285' title='bbox 2480 964 2895 1019; x_wconf 87' lang='lat' dir='ltr'>admirandum</span> <span class='ocrx_word' id='word_1_286' title='bbox 2922 963 2934 1018; x_wconf 85' lang='lat' dir='ltr'>l</span> <span class='ocrx_word' id='word_1_287' title='bbox 2967 965 3165 1028; x_wconf 86' lang='lat' dir='ltr'>Qualis</span> <span class='ocrx_word' id='word_1_288' title='bbox 3187 971 3525 1038; x_wconf 90' lang='lat' dir='ltr'>quantaque</span> <span class='ocrx_word' id='word_1_289' title='bbox 3552 968 3728 1038; x_wconf 85' lang='lat' dir='ltr'>hujus</span> <span class='ocrx_word' id='word_1_290' title='bbox 3750 968 3833 1025; x_wconf 89' lang='lat' dir='ltr'>rei</span> 
     </span>
    </p>
   </div>
   <div class='ocr_carea' id='block_1_41' title="bbox 2186 1052 3833 1127">
    <p class='ocr_par' dir='ltr' id='par_1_41' title="bbox 2186 1052 3833 1127">
     <span class='ocr_line' id='line_1_41' title="bbox 2186 1052 3833 1127; baseline 0.004 -21"><span class='ocrx_word' id='word_1_291' title='bbox 2186 1052 2445 1107; x_wconf 80' lang='lat' dir='ltr'>merces!</span> <span class='ocrx_word' id='word_1_292' title='bbox 2479 1054 2737 1124; x_wconf 82' lang='lat' dir='ltr'>Erumpet</span> <span class='ocrx_word' id='word_1_293' title='bbox 2766 1055 3098 1109; x_wconf 79' lang='lat' dir='ltr'>matutinum</span> <span class='ocrx_word' id='word_1_294' title='bbox 3134 1054 3316 1110; x_wconf 80' lang='lat' dir='ltr'>lumen</span> <span class='ocrx_word' id='word_1_295' title='bbox 3352 1058 3529 1127; x_wconf 81' lang='lat' dir='ltr'>tuum,</span> <span class='ocrx_word' id='word_1_296' title='bbox 3561 1061 3614 1111; x_wconf 82' lang='lat' dir='ltr'>et</span> <span class='ocrx_word' id='word_1_297' title='bbox 3667 1058 3833 1113; x_wconf 77' lang='lat' dir='ltr'>sani-</span> 
     </span>
    </p>
   </div>
   <div class='ocr_carea' id='block_1_42' title="bbox 2183 1143 3833 1217">
    <p class='ocr_par' dir='ltr' id='par_1_42' title="bbox 2183 1143 3833 1217">
     <span class='ocr_line' id='line_1_42' title="bbox 2183 1143 3833 1217; baseline 0.005 -22"><span class='ocrx_word' id='word_1_298' title='bbox 2183 1146 2270 1196; x_wconf 73' lang='lat' dir='ltr'>tas</span> <span class='ocrx_word' id='word_1_299' title='bbox 2294 1145 2392 1196; x_wconf 85' lang='lat' dir='ltr'>tua</span> <span class='ocrx_word' id='word_1_300' title='bbox 2421 1143 2526 1198; x_wconf 79' lang='lat' dir='ltr'>cito</span> <span class='ocrx_word' id='word_1_301' title='bbox 2557 1143 2767 1197; x_wconf 80' lang='lat' dir='ltr'>orietur</span> <span class='ocrx_word' id='word_1_302' title='bbox 2797 1143 2866 1197; x_wconf 75' lang='grc'>⁴⁶.</span> <span class='ocrx_word' id='word_1_303' title='bbox 2898 1144 3038 1208; x_wconf 85' lang='lat' dir='ltr'>Quis</span> <span class='ocrx_word' id='word_1_304' title='bbox 3070 1159 3207 1217; x_wconf 86' lang='lat' dir='ltr'>ergo</span> <span class='ocrx_word' id='word_1_305' title='bbox 3236 1148 3344 1213; x_wconf 88' lang='lat' dir='ltr'>est,</span> <span class='ocrx_word' id='word_1_306' title='bbox 3376 1145 3475 1216; x_wconf 88' lang='lat' dir='ltr'>qui</span> <span class='ocrx_word' id='word_1_307' title='bbox 3524 1144 3715 1202; x_wconf 84' lang='lat' dir='ltr'>lucem</span> <span class='ocrx_word' id='word_1_308' title='bbox 3774 1151 3833 1203; x_wconf 90' lang='lat' dir='ltr'>et</span> 
     </span>
    </p>
   </div>
   <div class='ocr_carea' id='block_1_43' title="bbox 2184 1229 2946 1303">
    <p class='ocr_par' dir='ltr' id='par_1_43' title="bbox 2184 1229 2946 1303">
     <span class='ocr_line' id='line_1_43' title="bbox 2184 1229 2946 1303; baseline 0.001 -18"><span class='ocrx_word' id='word_1_309' title='bbox 2184 1229 2492 1286; x_wconf 79' lang='lat' dir='ltr'>sanitatem</span> <span class='ocrx_word' id='word_1_310' title='bbox 2526 1247 2640 1286; x_wconf 91' lang='lat' dir='ltr'>non</span> <span class='ocrx_word' id='word_1_311' title='bbox 2673 1232 2946 1303; x_wconf 85' lang='lat' dir='ltr'>expetat?</span> 
     </span>
    </p>
   </div>
   <div class='ocr_carea' id='block_1_44' title="bbox 2253 1319 3828 1392">
    <p class='ocr_par' dir='ltr' id='par_1_44' title="bbox 2253 1319 3828 1392">
     <span class='ocr_line' id='line_1_44' title="bbox 2253 1319 3828 1392; baseline 0.004 -18"><span class='ocrx_word' id='word_1_312' title='bbox 2253 1319 2488 1375; x_wconf 86' lang='lat' dir='ltr'>XXXIX.</span> <span class='ocrx_word' id='word_1_313' title='bbox 2531 1320 2681 1384; x_wconf 90' lang='lat' dir='ltr'>Quin</span> <span class='ocrx_word' id='word_1_314' title='bbox 2741 1336 2833 1376; x_wconf 89' lang='lat' dir='ltr'>me</span> <span class='ocrx_word' id='word_1_315' title='bbox 2889 1337 3122 1392; x_wconf 87' lang='lat' dir='ltr'>quoque</span> <span class='ocrx_word' id='word_1_316' title='bbox 3180 1327 3371 1379; x_wconf 87' lang='lat' dir='ltr'>movet</span> <span class='ocrx_word' id='word_1_317' title='bbox 3426 1323 3641 1380; x_wconf 84' lang='lat' dir='ltr'>Christi</span> <span class='ocrx_word' id='word_1_318' title='bbox 3700 1342 3828 1381; x_wconf 89' lang='lat' dir='ltr'>cru-</span> 
     </span>
    </p>
   </div>
   <div class='ocr_carea' id='block_1_45' title="bbox 2183 1409 3829 1482">
    <p class='ocr_par' dir='ltr' id='par_1_45' title="bbox 2183 1409 3829 1482">
     <span class='ocr_line' id='line_1_45' title="bbox 2183 1409 3829 1482; baseline 0.005 -21"><span class='ocrx_word' id='word_1_319' title='bbox 2183 1423 2356 1463; x_wconf 84' lang='lat' dir='ltr'>mena</span> <span class='ocrx_word' id='word_1_320' title='bbox 2377 1409 2440 1479; x_wconf 71' lang='lat'>”,</span> <span class='ocrx_word' id='word_1_321' title='bbox 2474 1424 2603 1479; x_wconf 62' lang='lat' dir='ltr'>quas</span> <span class='ocrx_word' id='word_1_322' title='bbox 2634 1425 2738 1464; x_wconf 89' lang='lat' dir='ltr'>nos</span> <span class='ocrx_word' id='word_1_323' title='bbox 2770 1410 2841 1464; x_wconf 90' lang='lat' dir='ltr'>ad</span> <span class='ocrx_word' id='word_1_324' title='bbox 2868 1426 3156 1482; x_wconf 80' lang='lat' dir='ltr'>pauperes</span> <span class='ocrx_word' id='word_1_325' title='bbox 3185 1411 3426 1468; x_wconf 89' lang='lat' dir='ltr'>alendos</span> <span class='ocrx_word' id='word_1_326' title='bbox 3446 1413 3788 1469; x_wconf 83' lang='lat' dir='ltr'>exhortatur</span> <span class='ocrx_word' id='word_1_327' title='bbox 3814 1440 3829 1481; x_wconf 84' lang='lat'><strong>;</strong></span> 
     </span>
    </p>
   </div>
   <div class='ocr_carea' id='block_1_46' title="bbox 2182 1497 3831 1573">
    <p class='ocr_par' dir='ltr' id='par_1_46' title="bbox 2182 1497 3831 1573">
     <span class='ocr_line' id='line_1_46' title="bbox 2182 1497 3831 1573; baseline 0.004 -22"><span class='ocrx_word' id='word_1_328' title='bbox 2182 1497 2453 1568; x_wconf 83' lang='lat' dir='ltr'>Petrique</span> <span class='ocrx_word' id='word_1_329' title='bbox 2482 1497 2658 1552; x_wconf 88' lang='lat' dir='ltr'>etiam</span> <span class='ocrx_word' id='word_1_330' title='bbox 2691 1501 2746 1552; x_wconf 90' lang='lat' dir='ltr'>et</span> <span class='ocrx_word' id='word_1_331' title='bbox 2780 1497 2938 1553; x_wconf 82' lang='lat' dir='ltr'>Pauli</span> <span class='ocrx_word' id='word_1_332' title='bbox 2982 1500 3308 1570; x_wconf 86' lang='lat' dir='ltr'>conventio,</span> <span class='ocrx_word' id='word_1_333' title='bbox 3370 1502 3467 1573; x_wconf 90' lang='lat' dir='ltr'>qui</span> <span class='ocrx_word' id='word_1_334' title='bbox 3541 1502 3831 1573; x_wconf 76' lang='lat' dir='ltr'>Evangelii</span> 
     </span>
    </p>
   </div>
   <div class='ocr_carea' id='block_1_47' title="bbox 2182 1586 3830 1664">
    <p class='ocr_par' dir='ltr' id='par_1_47' title="bbox 2182 1586 3830 1664">
     <span class='ocr_line' id='line_1_47' title="bbox 2182 1586 3830 1664; baseline 0.004 -24"><span class='ocrx_word' id='word_1_335' title='bbox 2182 1586 2710 1657; x_wconf 77' lang='lat' dir='ltr'>promulgationem</span> <span class='ocrx_word' id='word_1_336' title='bbox 2743 1587 2824 1642; x_wconf 92' lang='lat' dir='ltr'>ita</span> <span class='ocrx_word' id='word_1_337' title='bbox 2853 1588 3007 1642; x_wconf 89' lang='lat' dir='ltr'>inter</span> <span class='ocrx_word' id='word_1_338' title='bbox 3040 1604 3099 1643; x_wconf 89' lang='lat' dir='ltr'>se</span> <span class='ocrx_word' id='word_1_339' title='bbox 3131 1589 3325 1660; x_wconf 80' lang='lat' dir='ltr'>partiti</span> <span class='ocrx_word' id='word_1_340' title='bbox 3357 1594 3513 1655; x_wconf 86' lang='lat' dir='ltr'>sunt,</span> <span class='ocrx_word' id='word_1_341' title='bbox 3574 1596 3637 1646; x_wconf 91' lang='lat' dir='ltr'>ut</span> <span class='ocrx_word' id='word_1_342' title='bbox 3685 1609 3830 1664; x_wconf 89' lang='lat' dir='ltr'>pau-</span> 
     </span>
    </p>
   </div>
   <div class='ocr_carea' id='block_1_48' title="bbox 2184 1675 3828 1751">
    <p class='ocr_par' dir='ltr' id='par_1_48' title="bbox 2184 1675 3828 1751">
     <span class='ocr_line' id='line_1_48' title="bbox 2184 1675 3828 1751; baseline 0.004 -22"><span class='ocrx_word' id='word_1_343' title='bbox 2184 1691 2350 1747; x_wconf 90' lang='lat' dir='ltr'>peres</span> <span class='ocrx_word' id='word_1_344' title='bbox 2364 1676 2599 1730; x_wconf 84' lang='lat' dir='ltr'>interim</span> <span class='ocrx_word' id='word_1_345' title='bbox 2618 1675 2917 1733; x_wconf 89' lang='lat' dir='ltr'>communi</span> <span class='ocrx_word' id='word_1_346' title='bbox 2932 1676 3261 1732; x_wconf 90' lang='lat' dir='ltr'>animorum</span> <span class='ocrx_word' id='word_1_347' title='bbox 3277 1678 3468 1736; x_wconf 90' lang='lat' dir='ltr'>studio</span> <span class='ocrx_word' id='word_1_348' title='bbox 3482 1682 3828 1751; x_wconf 87' lang='lat' dir='ltr'>complecte-</span> 
     </span>
    </p>
   </div>
   <div class='ocr_carea' id='block_1_49' title="bbox 2182 1764 3827 1839">
    <p class='ocr_par' dir='ltr' id='par_1_49' title="bbox 2182 1764 3827 1839">
     <span class='ocr_line' id='line_1_49' title="bbox 2182 1764 3827 1839; baseline 0.004 -20"><span class='ocrx_word' id='word_1_349' title='bbox 2182 1770 2387 1819; x_wconf 85' lang='lat' dir='ltr'>rentur</span> <span class='ocrx_word' id='word_1_350' title='bbox 2417 1765 2459 1799; x_wconf 66' lang='lat'><strong>‘3</strong></span> <span class='ocrx_word' id='word_1_351' title='bbox 2487 1783 2500 1819; x_wconf 92' lang='lat'>:</span> <span class='ocrx_word' id='word_1_352' title='bbox 2535 1780 2600 1820; x_wconf 92' lang='lat' dir='ltr'>ac</span> <span class='ocrx_word' id='word_1_353' title='bbox 2631 1764 2884 1836; x_wconf 89' lang='lat' dir='ltr'>denique</span> <span class='ocrx_word' id='word_1_354' title='bbox 2906 1766 3141 1835; x_wconf 86' lang='lat' dir='ltr'>juvenis</span> <span class='ocrx_word' id='word_1_355' title='bbox 3172 1765 3331 1822; x_wconf 91' lang='lat' dir='ltr'>illius</span> <span class='ocrx_word' id='word_1_356' title='bbox 3362 1768 3636 1839; x_wconf 83' lang='lat' dir='ltr'>perfectio</span> <span class='ocrx_word' id='word_1_357' title='bbox 3667 1769 3726 1823; x_wconf 92' lang='lat' dir='ltr'>in</span> <span class='ocrx_word' id='word_1_358' title='bbox 3761 1785 3827 1825; x_wconf 90' lang='lat' dir='ltr'>eo</span> 
     </span>
    </p>
   </div>
   <div class='ocr_carea' id='block_1_50' title="bbox 2182 1853 3821 1929">
    <p class='ocr_par' dir='ltr' id='par_1_50' title="bbox 2182 1853 3821 1929">
     <span class='ocr_line' id='line_1_50' title="bbox 2182 1853 3821 1929; baseline 0.004 -21"><span class='ocrx_word' id='word_1_359' title='bbox 2182 1853 2422 1909; x_wconf 85' lang='lat' dir='ltr'>deﬁnita</span> <span class='ocrx_word' id='word_1_360' title='bbox 2450 1858 2508 1909; x_wconf 91' lang='lat' dir='ltr'>et</span> <span class='ocrx_word' id='word_1_361' title='bbox 2535 1854 2874 1920; x_wconf 88' lang='lat' dir='ltr'>constituta,</span> <span class='ocrx_word' id='word_1_362' title='bbox 2911 1858 2970 1909; x_wconf 87' lang='lat' dir='ltr'>ut</span> <span class='ocrx_word' id='word_1_363' title='bbox 3001 1855 3153 1910; x_wconf 89' lang='lat' dir='ltr'>bona</span> <span class='ocrx_word' id='word_1_364' title='bbox 3182 1872 3290 1911; x_wconf 91' lang='lat' dir='ltr'>sua</span> <span class='ocrx_word' id='word_1_365' title='bbox 3321 1857 3678 1929; x_wconf 87' lang='lat' dir='ltr'>pauperibus</span> <span class='ocrx_word' id='word_1_366' title='bbox 3724 1859 3821 1915; x_wconf 85' lang='lat' dir='ltr'>da-</span> 
     </span>
    </p>
   </div>
   <div class='ocr_carea' id='block_1_51' title="bbox 2181 1942 3826 2013">
    <p class='ocr_par' dir='ltr' id='par_1_51' title="bbox 2181 1942 3826 2013">
     <span class='ocr_line' id='line_1_51' title="bbox 2181 1942 3826 2013; baseline 0.002 -16"><span class='ocrx_word' id='word_1_367' title='bbox 2181 1947 2270 1997; x_wconf 87' lang='lat' dir='ltr'>ret</span> <span class='ocrx_word' id='word_1_368' title='bbox 2293 1943 2453 1997; x_wconf 72' lang='lat' dir='ltr'>“.An</span> <span class='ocrx_word' id='word_1_369' title='bbox 2477 1948 2540 1997; x_wconf 90' lang='lat' dir='ltr'>tu</span> <span class='ocrx_word' id='word_1_370' title='bbox 2562 1942 3008 2013; x_wconf 80' lang='lat' dir='ltr'>benignitatem,</span> <span class='ocrx_word' id='word_1_371' title='bbox 3032 1960 3149 1999; x_wconf 91' lang='lat' dir='ltr'>non</span> <span class='ocrx_word' id='word_1_372' title='bbox 3172 1945 3695 2013; x_wconf 86' lang='lat' dir='ltr'>necessariam,sed</span> <span class='ocrx_word' id='word_1_373' title='bbox 3718 1946 3826 2002; x_wconf 84' lang='lat' dir='ltr'>tibi</span> 
     </span>
    </p>
   </div>
   <div class='ocr_carea' id='block_1_52' title="bbox 2179 2030 3826 2104">
    <p class='ocr_par' dir='ltr' id='par_1_52' title="bbox 2179 2030 3826 2104">
     <span class='ocr_line' id='line_1_52' title="bbox 2179 2030 3826 2104; baseline 0.003 -19"><span class='ocrx_word' id='word_1_374' title='bbox 2179 2030 2425 2087; x_wconf 89' lang='lat' dir='ltr'>liberam</span> <span class='ocrx_word' id='word_1_375' title='bbox 2455 2047 2585 2086; x_wconf 89' lang='lat' dir='ltr'>esse</span> <span class='ocrx_word' id='word_1_376' title='bbox 2616 2035 2790 2102; x_wconf 89' lang='lat' dir='ltr'>putas</span> <span class='ocrx_word' id='word_1_377' title='bbox 2810 2030 2838 2085; x_wconf 83' lang='lat'>‘?</span> <span class='ocrx_word' id='word_1_378' title='bbox 2868 2035 2949 2086; x_wconf 82' lang='lat' dir='ltr'>Ac</span> <span class='ocrx_word' id='word_1_379' title='bbox 2983 2048 3098 2086; x_wconf 90' lang='lat' dir='ltr'>non</span> <span class='ocrx_word' id='word_1_380' title='bbox 3128 2032 3338 2104; x_wconf 88' lang='lat' dir='ltr'>legem,</span> <span class='ocrx_word' id='word_1_381' title='bbox 3362 2035 3460 2089; x_wconf 89' lang='lat' dir='ltr'>sed</span> <span class='ocrx_word' id='word_1_382' title='bbox 3487 2035 3826 2091; x_wconf 81' lang='lat' dir='ltr'>consilium?</span> 
     </span>
    </p>
   </div>
   <div class='ocr_carea' id='block_1_53' title="bbox 2178 2120 3821 2191">
    <p class='ocr_par' dir='ltr' id='par_1_53' title="bbox 2178 2120 3821 2191">
     <span class='ocr_line' id='line_1_53' title="bbox 2178 2120 3821 2191; baseline 0.002 -16"><span class='ocrx_word' id='word_1_383' title='bbox 2178 2120 2295 2176; x_wconf 90' lang='lat' dir='ltr'>Hoc</span> <span class='ocrx_word' id='word_1_384' title='bbox 2316 2136 2549 2191; x_wconf 87' lang='lat' dir='ltr'>quoque</span> <span class='ocrx_word' id='word_1_385' title='bbox 2570 2120 2693 2191; x_wconf 87' lang='lat' dir='ltr'>ipse</span> <span class='ocrx_word' id='word_1_386' title='bbox 2721 2135 3073 2191; x_wconf 85' lang='lat' dir='ltr'>magnopere</span> <span class='ocrx_word' id='word_1_387' title='bbox 3095 2120 3300 2176; x_wconf 91' lang='lat' dir='ltr'>vellem</span> <span class='ocrx_word' id='word_1_388' title='bbox 3317 2126 3373 2177; x_wconf 91' lang='lat' dir='ltr'>et</span> <span class='ocrx_word' id='word_1_389' title='bbox 3393 2121 3787 2179; x_wconf 87' lang='lat' dir='ltr'>existimarem</span> <span class='ocrx_word' id='word_1_390' title='bbox 3808 2142 3821 2189; x_wconf 89' lang='lat'><strong>;</strong></span> 
     </span>
    </p>
   </div>
   <div class='ocr_carea' id='block_1_54' title="bbox 2179 2207 3821 2284">
    <p class='ocr_par' dir='ltr' id='par_1_54' title="bbox 2179 2207 3821 2284">
     <span class='ocr_line' id='line_1_54' title="bbox 2179 2207 3821 2284; baseline 0.002 -20"><span class='ocrx_word' id='word_1_391' title='bbox 2179 2211 2279 2264; x_wconf 89' lang='lat' dir='ltr'>sed</span> <span class='ocrx_word' id='word_1_392' title='bbox 2313 2224 2406 2263; x_wconf 90' lang='lat' dir='ltr'>me</span> <span class='ocrx_word' id='word_1_393' title='bbox 2436 2208 2679 2263; x_wconf 87' lang='lat' dir='ltr'>sinistra</span> <span class='ocrx_word' id='word_1_394' title='bbox 2708 2207 2810 2261; x_wconf 88' lang='lat' dir='ltr'>illa</span> <span class='ocrx_word' id='word_1_395' title='bbox 2838 2225 3051 2263; x_wconf 88' lang='lat' dir='ltr'>manus</span> <span class='ocrx_word' id='word_1_396' title='bbox 3083 2213 3278 2276; x_wconf 90' lang='lat' dir='ltr'>terret,</span> <span class='ocrx_word' id='word_1_397' title='bbox 3314 2214 3369 2265; x_wconf 86' lang='lat' dir='ltr'>et</span> <span class='ocrx_word' id='word_1_398' title='bbox 3399 2210 3571 2279; x_wconf 65' lang='lat' dir='ltr'>haedi,</span> <span class='ocrx_word' id='word_1_399' title='bbox 3602 2218 3661 2267; x_wconf 90' lang='lat' dir='ltr'>et</span> <span class='ocrx_word' id='word_1_400' title='bbox 3690 2229 3821 2284; x_wconf 92' lang='lat' dir='ltr'>pro-</span> 
     </span>
    </p>
   </div>
   <div class='ocr_carea' id='block_1_55' title="bbox 2180 2296 3824 2372">
    <p class='ocr_par' dir='ltr' id='par_1_55' title="bbox 2180 2296 3824 2372">
     <span class='ocr_line' id='line_1_55' title="bbox 2180 2296 3824 2372; baseline 0.003 -19"><span class='ocrx_word' id='word_1_401' title='bbox 2180 2299 2305 2367; x_wconf 88' lang='lat' dir='ltr'>bra,</span> <span class='ocrx_word' id='word_1_402' title='bbox 2339 2314 2467 2369; x_wconf 73' lang='lat' dir='ltr'>quae</span> <span class='ocrx_word' id='word_1_403' title='bbox 2499 2297 2569 2352; x_wconf 91' lang='lat' dir='ltr'>ab</span> <span class='ocrx_word' id='word_1_404' title='bbox 2592 2313 2679 2367; x_wconf 86' lang='lat' dir='ltr'>eo,</span> <span class='ocrx_word' id='word_1_405' title='bbox 2704 2314 2737 2351; x_wconf 89' lang='lat' dir='ltr'>a</span> <span class='ocrx_word' id='word_1_406' title='bbox 2760 2314 2874 2368; x_wconf 91' lang='lat' dir='ltr'>quo</span> <span class='ocrx_word' id='word_1_407' title='bbox 2897 2296 3015 2353; x_wconf 90' lang='lat' dir='ltr'>illic</span> <span class='ocrx_word' id='word_1_408' title='bbox 3037 2298 3301 2354; x_wconf 88' lang='lat' dir='ltr'>collocati</span> <span class='ocrx_word' id='word_1_409' title='bbox 3323 2304 3479 2370; x_wconf 87' lang='lat' dir='ltr'>sunt,</span> <span class='ocrx_word' id='word_1_410' title='bbox 3504 2301 3824 2372; x_wconf 83' lang='lat' dir='ltr'>conjiciun-</span> 
     </span>
    </p>
   </div>
   <div class='ocr_carea' id='block_1_56' title="bbox 2182 2386 3826 2459">
    <p class='ocr_par' dir='ltr' id='par_1_56' title="bbox 2182 2386 3826 2459">
     <span class='ocr_line' id='line_1_56' title="bbox 2182 2386 3826 2459; baseline 0.004 -18"><span class='ocrx_word' id='word_1_411' title='bbox 2182 2394 2307 2455; x_wconf 88' lang='lat' dir='ltr'>tur;</span> <span class='ocrx_word' id='word_1_412' title='bbox 2344 2403 2458 2441; x_wconf 89' lang='lat' dir='ltr'>non</span> <span class='ocrx_word' id='word_1_413' title='bbox 2492 2386 2630 2457; x_wconf 88' lang='lat' dir='ltr'>quia</span> <span class='ocrx_word' id='word_1_414' title='bbox 2664 2403 2875 2441; x_wconf 88' lang='lat' dir='ltr'>manus</span> <span class='ocrx_word' id='word_1_415' title='bbox 2904 2386 3111 2443; x_wconf 88' lang='lat' dir='ltr'>alienis</span> <span class='ocrx_word' id='word_1_416' title='bbox 3144 2388 3313 2443; x_wconf 89' lang='lat' dir='ltr'>bonis</span> <span class='ocrx_word' id='word_1_417' title='bbox 3344 2389 3685 2459; x_wconf 85' lang='lat' dir='ltr'>attulerunt,</span> <span class='ocrx_word' id='word_1_418' title='bbox 3721 2408 3826 2448; x_wconf 89' lang='lat' dir='ltr'>nec</span> 
     </span>
    </p>
   </div>
   <div class='ocr_carea' id='block_1_57' title="bbox 2184 2474 3826 2551">
    <p class='ocr_par' dir='ltr' id='par_1_57' title="bbox 2184 2474 3826 2551">
     <span class='ocr_line' id='line_1_57' title="bbox 2184 2474 3826 2551; baseline 0.005 -23"><span class='ocrx_word' id='word_1_419' title='bbox 2184 2474 2321 2547; x_wconf 90' lang='lat' dir='ltr'>quia</span> <span class='ocrx_word' id='word_1_420' title='bbox 2351 2475 2572 2545; x_wconf 88' lang='lat' dir='ltr'>templa</span> <span class='ocrx_word' id='word_1_421' title='bbox 2603 2474 2993 2546; x_wconf 84' lang='lat' dir='ltr'>diripuerunt,</span> <span class='ocrx_word' id='word_1_422' title='bbox 3028 2480 3129 2530; x_wconf 89' lang='lat' dir='ltr'>aut</span> <span class='ocrx_word' id='word_1_423' title='bbox 3162 2476 3514 2533; x_wconf 88' lang='lat' dir='ltr'>adulterium</span> <span class='ocrx_word' id='word_1_424' title='bbox 3535 2487 3826 2551; x_wconf 80' lang='lat' dir='ltr'>perpetra-</span> 
     </span>
    </p>
   </div>
   <div class='ocr_carea' id='block_1_58' title="bbox 2180 2562 3824 2639">
    <p class='ocr_par' dir='ltr' id='par_1_58' title="bbox 2180 2562 3824 2639">
     <span class='ocr_line' id='line_1_58' title="bbox 2180 2562 3824 2639; baseline 0.004 -19"><span class='ocrx_word' id='word_1_425' title='bbox 2180 2563 2569 2632; x_wconf 90' lang='lat' dir='ltr'>admiserunt,</span> <span class='ocrx_word' id='word_1_426' title='bbox 2592 2563 2701 2618; x_wconf 92' lang='lat' dir='ltr'>hoc</span> <span class='ocrx_word' id='word_1_427' title='bbox 2721 2564 2924 2620; x_wconf 88' lang='lat' dir='ltr'>ordine</span> <span class='ocrx_word' id='word_1_428' title='bbox 2954 2562 3208 2636; x_wconf 83' lang='lat' dir='ltr'>multati,</span> <span class='ocrx_word' id='word_1_429' title='bbox 3232 2567 3331 2621; x_wconf 92' lang='lat' dir='ltr'>sed</span> <span class='ocrx_word' id='word_1_430' title='bbox 3366 2567 3503 2639; x_wconf 87' lang='lat' dir='ltr'>quia</span> <span class='ocrx_word' id='word_1_431' title='bbox 3525 2567 3824 2626; x_wconf 86' lang='lat' dir='ltr'>Christum</span> 
     </span>
    </p>
   </div>
   <div class='ocr_carea' id='block_1_59' title="bbox 2248 2739 3821 2817">
    <p class='ocr_par' dir='ltr' id='par_1_59' title="bbox 2248 2739 3821 2817">
     <span class='ocr_line' id='line_1_59' title="bbox 2248 2739 3821 2817; baseline 0.004 -22"><span class='ocrx_word' id='word_1_432' title='bbox 2248 2740 2339 2795; x_wconf 88' lang='lat' dir='ltr'>XI.</span> <span class='ocrx_word' id='word_1_433' title='bbox 2372 2739 2653 2805; x_wconf 85' lang='lat' dir='ltr'>Quocirca</span> <span class='ocrx_word' id='word_1_434' title='bbox 2683 2739 2731 2795; x_wconf 88' lang='lat' dir='ltr'>si</span> <span class='ocrx_word' id='word_1_435' title='bbox 2762 2739 2899 2811; x_wconf 90' lang='lat' dir='ltr'>quid</span> <span class='ocrx_word' id='word_1_436' title='bbox 2951 2740 3097 2795; x_wconf 86' lang='lat' dir='ltr'>mihi</span> <span class='ocrx_word' id='word_1_437' title='bbox 3141 2742 3597 2800; x_wconf 87' lang='lat' dir='ltr'>auscultandum</span> <span class='ocrx_word' id='word_1_438' title='bbox 3646 2750 3821 2817; x_wconf 88' lang='lat' dir='ltr'>puta-</span> 
     </span>
    </p>
   </div>
   <div class='ocr_carea' id='block_1_60' title="bbox 2178 2828 3820 2901">
    <p class='ocr_par' dir='ltr' id='par_1_60' title="bbox 2178 2828 3820 2901">
     <span class='ocr_line' id='line_1_60' title="bbox 2178 2828 3820 2901; baseline 0.004 -17"><span class='ocrx_word' id='word_1_439' title='bbox 2178 2828 2275 2898; x_wconf 89' lang='lat' dir='ltr'>tis,</span> <span class='ocrx_word' id='word_1_440' title='bbox 2309 2828 2456 2884; x_wconf 90' lang='lat' dir='ltr'>servi</span> <span class='ocrx_word' id='word_1_441' title='bbox 2489 2828 2728 2899; x_wconf 87' lang='lat' dir='ltr'>Christi,</span> <span class='ocrx_word' id='word_1_442' title='bbox 2761 2833 2816 2884; x_wconf 89' lang='lat' dir='ltr'>et</span> <span class='ocrx_word' id='word_1_443' title='bbox 2847 2829 3077 2898; x_wconf 80' lang='lat' dir='ltr'>fratres,</span> <span class='ocrx_word' id='word_1_444' title='bbox 3137 2835 3195 2885; x_wconf 89' lang='lat' dir='ltr'>et</span> <span class='ocrx_word' id='word_1_445' title='bbox 3254 2832 3605 2901; x_wconf 61' lang='lat' dir='ltr'>coheredes,</span> <span class='ocrx_word' id='word_1_446' title='bbox 3654 2834 3820 2889; x_wconf 86' lang='lat' dir='ltr'>Chri-</span> 
     </span>
    </p>
   </div>
   <div class='ocr_carea' id='block_1_61' title="bbox 2180 2917 3817 2993">
    <p class='ocr_par' dir='ltr' id='par_1_61' title="bbox 2180 2917 3817 2993">
     <span class='ocr_line' id='line_1_61' title="bbox 2180 2917 3817 2993; baseline 0.005 -21"><span class='ocrx_word' id='word_1_447' title='bbox 2180 2918 2637 2989; x_wconf 88' lang='lat' dir='ltr'>stum,quandiu</span> <span class='ocrx_word' id='word_1_448' title='bbox 2662 2917 2816 2986; x_wconf 88' lang='lat' dir='ltr'>licet,</span> <span class='ocrx_word' id='word_1_449' title='bbox 2838 2918 3165 2987; x_wconf 89' lang='lat' dir='ltr'>visitemus,</span> <span class='ocrx_word' id='word_1_450' title='bbox 3194 2919 3494 2976; x_wconf 89' lang='lat' dir='ltr'>Christum</span> <span class='ocrx_word' id='word_1_451' title='bbox 3521 2938 3817 2993; x_wconf 89' lang='lat' dir='ltr'>curemus,</span> 
     </span>
    </p>
   </div>
   <div class='ocr_carea' id='block_1_62' title="bbox 2180 3005 3818 3078">
    <p class='ocr_par' dir='ltr' id='par_1_62' title="bbox 2180 3005 3818 3078">
     <span class='ocr_line' id='line_1_62' title="bbox 2180 3005 3818 3078; baseline 0.004 -16"><span class='ocrx_word' id='word_1_452' title='bbox 2180 3006 2477 3062; x_wconf 90' lang='lat' dir='ltr'>Christum</span> <span class='ocrx_word' id='word_1_453' title='bbox 2511 3005 2760 3073; x_wconf 86' lang='lat' dir='ltr'>alamus,</span> <span class='ocrx_word' id='word_1_454' title='bbox 2796 3006 3091 3061; x_wconf 88' lang='lat' dir='ltr'>Christum</span> <span class='ocrx_word' id='word_1_455' title='bbox 3119 3008 3462 3078; x_wconf 87' lang='lat' dir='ltr'>vestiamus,</span> <span class='ocrx_word' id='word_1_456' title='bbox 3522 3011 3818 3068; x_wconf 88' lang='lat' dir='ltr'>Christum</span> 
     </span>
    </p>
   </div>
   <div class='ocr_carea' id='block_1_63' title="bbox 2179 3094 3820 3166">
    <p class='ocr_par' dir='ltr' id='par_1_63' title="bbox 2179 3094 3820 3166">
     <span class='ocr_line' id='line_1_63' title="bbox 2179 3094 3820 3166; baseline 0.004 -16"><span class='ocrx_word' id='word_1_457' title='bbox 2179 3094 2545 3165; x_wconf 86' lang='lat' dir='ltr'>colligamus,</span> <span class='ocrx_word' id='word_1_458' title='bbox 2576 3094 2873 3150; x_wconf 88' lang='lat' dir='ltr'>Christum</span> <span class='ocrx_word' id='word_1_459' title='bbox 2907 3094 3283 3166; x_wconf 90' lang='lat' dir='ltr'>honoremus,</span> <span class='ocrx_word' id='word_1_460' title='bbox 3316 3114 3431 3152; x_wconf 91' lang='lat' dir='ltr'>non</span> <span class='ocrx_word' id='word_1_461' title='bbox 3467 3116 3670 3156; x_wconf 90' lang='lat' dir='ltr'>mensa</span> <span class='ocrx_word' id='word_1_462' title='bbox 3726 3119 3820 3158; x_wconf 86' lang='lat' dir='ltr'>so-</span> 
     </span>
    </p>
   </div>
   <div class='ocr_carea' id='block_1_64' title="bbox 2179 3182 3821 3257">
    <p class='ocr_par' dir='ltr' id='par_1_64' title="bbox 2179 3182 3821 3257">
     <span class='ocr_line' id='line_1_64' title="bbox 2179 3182 3821 3257; baseline 0.004 -20"><span class='ocrx_word' id='word_1_463' title='bbox 2179 3182 2324 3250; x_wconf 90' lang='lat' dir='ltr'>lum,</span> <span class='ocrx_word' id='word_1_464' title='bbox 2346 3188 2410 3237; x_wconf 84' lang='lat' dir='ltr'>ut</span> <span class='ocrx_word' id='word_1_465' title='bbox 2437 3183 2675 3254; x_wconf 90' lang='lat' dir='ltr'>quidam</span> <span class='ocrx_word' id='word_1_466' title='bbox 2705 3183 2769 3250; x_wconf 74' lang='grc' dir='ltr'>⁸ο,</span> <span class='ocrx_word' id='word_1_467' title='bbox 2805 3200 2907 3238; x_wconf 89' lang='lat' dir='ltr'>nec</span> <span class='ocrx_word' id='word_1_468' title='bbox 2942 3184 3276 3254; x_wconf 81' lang='lat' dir='ltr'>unguentis,</span> <span class='ocrx_word' id='word_1_469' title='bbox 3310 3190 3375 3241; x_wconf 86' lang='lat' dir='ltr'>ut</span> <span class='ocrx_word' id='word_1_470' title='bbox 3406 3187 3589 3244; x_wconf 89' lang='lat' dir='ltr'>Maria</span> <span class='ocrx_word' id='word_1_471' title='bbox 3618 3191 3685 3257; x_wconf 67' lang='grc' dir='ltr'>Μ,</span> <span class='ocrx_word' id='word_1_472' title='bbox 3717 3207 3821 3247; x_wconf 82' lang='lat' dir='ltr'>nec</span> 
     </span>
    </p>
   </div>
   <div class='ocr_carea' id='block_1_65' title="bbox 2179 3271 3825 3345">
    <p class='ocr_par' dir='ltr' id='par_1_65' title="bbox 2179 3271 3825 3345">
     <span class='ocr_line' id='line_1_65' title="bbox 2179 3271 3825 3345; baseline 0.005 -18"><span class='ocrx_word' id='word_1_473' title='bbox 2179 3271 2447 3344; x_wconf 90' lang='lat' dir='ltr'>sepulcro</span> <span class='ocrx_word' id='word_1_474' title='bbox 2508 3273 2809 3340; x_wconf 88' lang='lat' dir='ltr'>duntaxat,</span> <span class='ocrx_word' id='word_1_475' title='bbox 2861 3277 2923 3326; x_wconf 85' lang='lat' dir='ltr'>ut</span> <span class='ocrx_word' id='word_1_476' title='bbox 2941 3272 3158 3344; x_wconf 88' lang='lat' dir='ltr'>Joseph</span> <span class='ocrx_word' id='word_1_477' title='bbox 3182 3274 3590 3345; x_wconf 68' lang='lat' dir='ltr'>Arimathaeus,</span> <span class='ocrx_word' id='word_1_478' title='bbox 3615 3296 3719 3334; x_wconf 90' lang='lat' dir='ltr'>nec</span> <span class='ocrx_word' id='word_1_479' title='bbox 3742 3296 3825 3335; x_wconf 88' lang='lat' dir='ltr'>re-</span> 
     </span>
    </p>
   </div>
   <div class='ocr_carea' id='block_1_66' title="bbox 417 3356 2071 3454">
    <p class='ocr_par' dir='ltr' id='par_1_66' title="bbox 417 3356 2069 3454">
     <span class='ocr_line' id='line_1_66' title="bbox 417 3356 2069 3454; baseline -0.003 -38"><span class='ocrx_word' id='word_1_480' title='bbox 417 3368 534 3423; x_wconf 82' lang='grc' dir='ltr'>τοῖς</span> <span class='ocrx_word' id='word_1_481' title='bbox 596 3363 732 3437; x_wconf 87' lang='grc' dir='ltr'>πρὸς</span> <span class='ocrx_word' id='word_1_482' title='bbox 784 3362 881 3429; x_wconf 75' lang='grc' dir='ltr'>τὴν</span> <span class='ocrx_word' id='word_1_483' title='bbox 940 3360 1140 3436; x_wconf 74' lang='grc' dir='ltr'>ταφὴν,</span> <span class='ocrx_word' id='word_1_484' title='bbox 1198 3358 1272 3419; x_wconf 87' lang='grc' dir='ltr'>ὡς</span> <span class='ocrx_word' id='word_1_485' title='bbox 1312 3356 1628 3454; x_wconf 72' lang='grc' dir='ltr'>Νικόδημος</span> <span class='ocrx_word' id='word_1_486' title='bbox 1661 3360 1689 3412; x_wconf 86' lang='grc' dir='ltr'>ὁ</span> <span class='ocrx_word' id='word_1_487' title='bbox 1722 3357 1772 3428; x_wconf 78' lang='grc' dir='ltr'>ἐξ</span> <span class='ocrx_word' id='word_1_488' title='bbox 1816 3357 2069 3431; x_wconf 80' lang='grc' dir='ltr'>ἡμισείας</span> 
     </span>
    </p>
   </div>
   <div class='ocr_carea' id='block_1_67' title="bbox 2180 3356 3824 3454">
    <p class='ocr_par' dir='ltr' id='par_1_67' title="bbox 2182 3360 3824 3433">
     <span class='ocr_line' id='line_1_67' title="bbox 2182 3360 3824 3433; baseline 0.005 -17"><span class='ocrx_word' id='word_1_489' title='bbox 2182 3362 2291 3417; x_wconf 93' lang='lat' dir='ltr'>bus</span> <span class='ocrx_word' id='word_1_490' title='bbox 2322 3379 2447 3432; x_wconf 75' lang='lat' dir='ltr'>qum</span> <span class='ocrx_word' id='word_1_491' title='bbox 2480 3362 2551 3416; x_wconf 90' lang='lat' dir='ltr'>ad</span> <span class='ocrx_word' id='word_1_492' title='bbox 2593 3360 2958 3433; x_wconf 79' lang='lat' dir='ltr'>sepulturam</span> <span class='ocrx_word' id='word_1_493' title='bbox 2991 3362 3304 3433; x_wconf 88' lang='lat' dir='ltr'>pertinent,</span> <span class='ocrx_word' id='word_1_494' title='bbox 3338 3370 3403 3419; x_wconf 89' lang='lat' dir='ltr'>ut</span> <span class='ocrx_word' id='word_1_495' title='bbox 3432 3364 3531 3421; x_wconf 90' lang='lat' dir='ltr'>ille</span> <span class='ocrx_word' id='word_1_496' title='bbox 3577 3366 3824 3425; x_wconf 88' lang='lat' dir='ltr'>dimidia</span> 
     </span>
    </p>
   </div>
   <div class='ocr_carea' id='block_1_68' title="bbox 422 3442 2067 3529">
    <p class='ocr_par' dir='ltr' id='par_1_68' title="bbox 422 3442 2067 3529">
     <span class='ocr_line' id='line_1_68' title="bbox 422 3442 2067 3529; baseline -0.002 -25"><span class='ocrx_word' id='word_1_497' title='bbox 422 3449 817 3529; x_wconf 80' lang='grc' dir='ltr'>φιλόχριστὸς·</span> <span class='ocrx_word' id='word_1_498' title='bbox 874 3446 1015 3523; x_wconf 74' lang='grc' dir='ltr'>μηδὲ</span> <span class='ocrx_word' id='word_1_499' title='bbox 1065 3452 1254 3524; x_wconf 82' lang='grc' dir='ltr'>’χρυσῷ</span> <span class='ocrx_word' id='word_1_500' title='bbox 1300 3447 1390 3502; x_wconf 86' lang='grc' dir='ltr'>καὶ</span> <span class='ocrx_word' id='word_1_501' title='bbox 1441 3442 1650 3520; x_wconf 77' lang='grc' dir='ltr'>Λιϐάνῳ</span> <span class='ocrx_word' id='word_1_502' title='bbox 1696 3447 1784 3501; x_wconf 82' lang='grc' dir='ltr'>καὶ</span> <span class='ocrx_word' id='word_1_503' title='bbox 1836 3447 2067 3523; x_wconf 78' lang='grc' dir='ltr'>σμύρνῃ,</span> 
     </span>
    </p>
   </div>
   <div class='ocr_carea' id='block_1_69' title="bbox 422 3534 2066 3614">
    <p class='ocr_par' dir='ltr' id='par_1_69' title="bbox 422 3534 2066 3614">
     <span class='ocr_line' id='line_1_69' title="bbox 422 3534 2066 3614; baseline -0.002 -21"><span class='ocrx_word' id='word_1_504' title='bbox 422 3540 495 3602; x_wconf 84' lang='grc' dir='ltr'>ὡς</span> <span class='ocrx_word' id='word_1_505' title='bbox 528 3541 579 3594; x_wconf 79' lang='grc' dir='ltr'>οἱ</span> <span class='ocrx_word' id='word_1_506' title='bbox 635 3538 798 3613; x_wconf 83' lang='grc' dir='ltr'>μάγοι</span> <span class='ocrx_word' id='word_1_507' title='bbox 830 3539 934 3612; x_wconf 89' lang='grc' dir='ltr'>πρὸ</span> <span class='ocrx_word' id='word_1_508' title='bbox 971 3542 1077 3592; x_wconf 86' lang='grc' dir='ltr'>τῶν</span> <span class='ocrx_word' id='word_1_509' title='bbox 1130 3537 1453 3614; x_wconf 70' lang='grc' dir='ltr'>εἰρημένων·</span> <span class='ocrx_word' id='word_1_510' title='bbox 1504 3535 1630 3592; x_wconf 75' lang='grc' dir='ltr'>ἀλλ’</span> <span class='ocrx_word' id='word_1_511' title='bbox 1680 3534 1866 3606; x_wconf 69' lang='grc' dir='ltr'>ἐπειδὴ</span> <span class='ocrx_word' id='word_1_512' title='bbox 1917 3534 2066 3592; x_wconf 80' lang='grc' dir='ltr'>ἔλεον</span> 
     </span>
    </p>
   </div>
   <div class='ocr_carea' id='block_1_70' title="bbox 418 3624 2066 3703">
    <p class='ocr_par' dir='ltr' id='par_1_70' title="bbox 418 3624 2066 3703">
     <span class='ocr_line' id='line_1_70' title="bbox 418 3624 2066 3703; baseline -0.001 -21"><span class='ocrx_word' id='word_1_513' title='bbox 418 3625 566 3683; x_wconf 72' lang='grc' dir='ltr'>θέλει</span> <span class='ocrx_word' id='word_1_514' title='bbox 613 3628 702 3683; x_wconf 85' lang='grc' dir='ltr'>καὶ</span> <span class='ocrx_word' id='word_1_515' title='bbox 752 3626 812 3681; x_wconf 83' lang='grc' dir='ltr'>οὐ</span> <span class='ocrx_word' id='word_1_516' title='bbox 866 3627 1049 3690; x_wconf 83' lang='grc' dir='ltr'>θυσίαν</span> <span class='ocrx_word' id='word_1_517' title='bbox 1097 3628 1123 3681; x_wconf 89' lang='grc' dir='ltr'>ὁ</span> <span class='ocrx_word' id='word_1_518' title='bbox 1172 3628 1387 3681; x_wconf 90' lang='grc' dir='ltr'>πάντων</span> <span class='ocrx_word' id='word_1_519' title='bbox 1438 3624 1737 3697; x_wconf 84' lang='grc' dir='ltr'>Δεσπότης,</span> <span class='ocrx_word' id='word_1_520' title='bbox 1788 3625 1877 3681; x_wconf 86' lang='grc' dir='ltr'>καὶ</span> <span class='ocrx_word' id='word_1_521' title='bbox 1934 3626 2066 3703; x_wconf 75' lang='grc' dir='ltr'>ὑπὲρ</span> 
     </span>
    </p>
   </div>
   <div class='ocr_carea' id='block_1_71' title="bbox 422 3713 2068 3792">
    <p class='ocr_par' dir='ltr' id='par_1_71' title="bbox 422 3713 2068 3792">
     <span class='ocr_line' id='line_1_71' title="bbox 422 3713 2068 3792; baseline -0.001 -23"><span class='ocrx_word' id='word_1_522' title='bbox 422 3713 688 3792; x_wconf 80' lang='grc' dir='ltr'>μυριάδας</span> <span class='ocrx_word' id='word_1_523' title='bbox 737 3715 908 3790; x_wconf 79' lang='grc' dir='ltr'>ἀρνῶν</span> <span class='ocrx_word' id='word_1_524' title='bbox 954 3715 1154 3770; x_wconf 86' lang='grc' dir='ltr'>πιόνων</span> <span class='ocrx_word' id='word_1_525' title='bbox 1208 3718 1324 3789; x_wconf 85' lang='grc'>(45)</span> <span class='ocrx_word' id='word_1_526' title='bbox 1356 3718 1389 3784; x_wconf 76' lang='grc' dir='ltr'>ἡ</span> <span class='ocrx_word' id='word_1_527' title='bbox 1442 3714 1836 3790; x_wconf 81' lang='grc' dir='ltr'>εὐσπλαγχνία,</span> <span class='ocrx_word' id='word_1_528' title='bbox 1867 3715 2068 3785; x_wconf 78' lang='grc' dir='ltr'>ταύτην</span> 
     </span>
    </p>
   </div>
   <div class='ocr_carea' id='block_1_72' title="bbox 423 3801 2065 3882">
    <p class='ocr_par' dir='ltr' id='par_1_72' title="bbox 423 3801 2065 3882">
     <span class='ocr_line' id='line_1_72' title="bbox 423 3801 2065 3882; baseline -0.001 -24"><span class='ocrx_word' id='word_1_529' title='bbox 423 3804 753 3882; x_wconf 80' lang='grc' dir='ltr'>εἰσφέρωμεν</span> <span class='ocrx_word' id='word_1_530' title='bbox 788 3804 932 3875; x_wconf 82' lang='grc' dir='ltr'>αὐτῷ</span> <span class='ocrx_word' id='word_1_531' title='bbox 964 3801 1052 3857; x_wconf 71' lang='grc' dir='ltr'>διὰ</span> <span class='ocrx_word' id='word_1_532' title='bbox 1081 3807 1185 3857; x_wconf 89' lang='grc' dir='ltr'>τῶν</span> <span class='ocrx_word' id='word_1_533' title='bbox 1222 3801 1515 3876; x_wconf 82' lang='grc' dir='ltr'>δεομένων,</span> <span class='ocrx_word' id='word_1_534' title='bbox 1548 3802 1636 3856; x_wconf 84' lang='grc' dir='ltr'>καὶ</span> <span class='ocrx_word' id='word_1_535' title='bbox 1685 3804 1861 3877; x_wconf 79' lang='grc' dir='ltr'>χαμαὶ</span> <span class='ocrx_word' id='word_1_536' title='bbox 1894 3805 2065 3875; x_wconf 76' lang='grc' dir='ltr'>σήμε-</span> 
     </span>
    </p>
   </div>
   <div class='ocr_carea' id='block_1_73' title="bbox 420 3888 2062 3968">
    <p class='ocr_par' dir='ltr' id='par_1_73' title="bbox 420 3888 2062 3968">
     <span class='ocr_line' id='line_1_73' title="bbox 420 3888 2062 3968; baseline -0.002 -22"><span class='ocrx_word' id='word_1_537' title='bbox 420 3912 510 3967; x_wconf 88' lang='grc' dir='ltr'>ρον</span> <span class='ocrx_word' id='word_1_538' title='bbox 570 3891 937 3968; x_wconf 67' lang='grc' dir='ltr'>ἐρριμμένων,</span> <span class='ocrx_word' id='word_1_539' title='bbox 993 3888 1102 3961; x_wconf 50' lang='grc' dir='ltr'>τίνα,</span> <span class='ocrx_word' id='word_1_540' title='bbox 1165 3890 1287 3945; x_wconf 78' lang='grc' dir='ltr'>ὅταν</span> <span class='ocrx_word' id='word_1_541' title='bbox 1351 3888 1561 3954; x_wconf 78' lang='grc' dir='ltr'>ἐνθένδε</span> <span class='ocrx_word' id='word_1_542' title='bbox 1613 3889 2062 3965; x_wconf 81' lang='grc' dir='ltr'>ἀπαλλαγῶμεν,</span> 
     </span>
    </p>
   </div>
   <div class='ocr_carea' id='block_1_74' title="bbox 420 3977 2064 4052">
    <p class='ocr_par' dir='ltr' id='par_1_74' title="bbox 420 3977 2064 4052">
     <span class='ocr_line' id='line_1_74' title="bbox 420 3977 2064 4052; baseline -0.002 -17"><span class='ocrx_word' id='word_1_543' title='bbox 420 3978 671 4051; x_wconf 79' lang='grc' dir='ltr'>δέξωνται</span> <span class='ocrx_word' id='word_1_544' title='bbox 719 3982 867 4052; x_wconf 78' lang='grc' dir='ltr'>ἡμᾶς</span> <span class='ocrx_word' id='word_1_545' title='bbox 920 3979 994 4041; x_wconf 80' lang='grc' dir='ltr'>εἷς</span> <span class='ocrx_word' id='word_1_546' title='bbox 1054 3979 1150 4041; x_wconf 79' lang='grc' dir='ltr'>τὰς</span> <span class='ocrx_word' id='word_1_547' title='bbox 1200 3977 1454 4040; x_wconf 84' lang='grc' dir='ltr'>αἰωνίους</span> <span class='ocrx_word' id='word_1_548' title='bbox 1513 3980 1713 4046; x_wconf 76' lang='grc' dir='ltr'>σκηνὰς</span> <span class='ocrx_word' id='word_1_549' title='bbox 1747 4024 1761 4047; x_wconf 92' lang='grc'>,</span> <span class='ocrx_word' id='word_1_550' title='bbox 1816 3977 1867 4031; x_wconf 79' lang='grc' dir='ltr'>ἐν</span> <span class='ocrx_word' id='word_1_551' title='bbox 1918 3977 2064 4050; x_wconf 84' lang='grc' dir='ltr'>αὐτῷ</span> 
     </span>
    </p>
   </div>
   <div class='ocr_carea' id='block_1_75' title="bbox 420 4064 2063 4145">
    <p class='ocr_par' dir='ltr' id='par_1_75' title="bbox 420 4064 2063 4145">
     <span class='ocr_line' id='line_1_75' title="bbox 420 4064 2063 4145; baseline -0.003 -21"><span class='ocrx_word' id='word_1_552' title='bbox 420 4074 635 4145; x_wconf 80' lang='grc' dir='ltr'>Χριστῷ</span> <span class='ocrx_word' id='word_1_553' title='bbox 667 4071 780 4141; x_wconf 89' lang='grc'>(46)</span> <span class='ocrx_word' id='word_1_554' title='bbox 808 4072 886 4139; x_wconf 80' lang='grc' dir='ltr'>τῷ</span> <span class='ocrx_word' id='word_1_555' title='bbox 934 4066 1113 4143; x_wconf 80' lang='grc' dir='ltr'>Κυρίῳ</span> <span class='ocrx_word' id='word_1_556' title='bbox 1160 4068 1339 4139; x_wconf 79' lang='grc' dir='ltr'>ἡμῶν,</span> <span class='ocrx_word' id='word_1_557' title='bbox 1372 4067 1417 4138; x_wconf 82' lang='grc' dir='ltr'>ᾦ</span> <span class='ocrx_word' id='word_1_558' title='bbox 1447 4069 1482 4136; x_wconf 80' lang='grc' dir='ltr'>ἡ</span> <span class='ocrx_word' id='word_1_559' title='bbox 1516 4064 1641 4135; x_wconf 82' lang='grc' dir='ltr'>δόξα</span> <span class='ocrx_word' id='word_1_560' title='bbox 1670 4069 1780 4138; x_wconf 86' lang='grc'>(47)</span> <span class='ocrx_word' id='word_1_561' title='bbox 1816 4065 1890 4127; x_wconf 81' lang='grc' dir='ltr'>εἷς</span> <span class='ocrx_word' id='word_1_562' title='bbox 1936 4065 2063 4128; x_wconf 83' lang='grc' dir='ltr'>τοὺς</span> 
     </span>
    </p>
   </div>
   <div class='ocr_carea' id='block_1_76' title="bbox 420 4156 875 4229">
    <p class='ocr_par' dir='ltr' id='par_1_76' title="bbox 420 4156 875 4229">
     <span class='ocr_line' id='line_1_76' title="bbox 420 4156 875 4229; baseline 0.007 -19"><span class='ocrx_word' id='word_1_563' title='bbox 420 4156 638 4219; x_wconf 75' lang='grc' dir='ltr'>αῗῶνας.</span> <span class='ocrx_word' id='word_1_564' title='bbox 675 4158 733 4210; x_wconf 77' lang='grc' dir='ltr'>Ἀ</span> <span class='ocrx_word' id='word_1_565' title='bbox 746 4158 875 4229; x_wconf 75' lang='grc' dir='ltr'>μήν.</span> 
     </span>
    </p>
   </div>
   <div class='ocr_carea' id='block_1_77' title="bbox 493 4264 2644 4337">
    <p class='ocr_par' dir='ltr' id='par_1_77' title="bbox 493 4264 2644 4337">
     <span class='ocr_line' id='line_1_77' title="bbox 493 4264 2644 4337; baseline 0 -18"><span class='ocrx_word' id='word_1_566' title='bbox 493 4268 537 4301; x_wconf 68' lang='grc'>⁸⁸</span> <span class='ocrx_word' id='word_1_567' title='bbox 566 4271 679 4321; x_wconf 90' lang='lat' dir='ltr'>Isa.</span> <span class='ocrx_word' id='word_1_568' title='bbox 714 4282 869 4331; x_wconf 83' lang='lat' dir='ltr'>LVIII,</span> <span class='ocrx_word' id='word_1_569' title='bbox 901 4268 953 4321; x_wconf 90' lang='lat'>6.</span> <span class='ocrx_word' id='word_1_570' title='bbox 1034 4267 1077 4301; x_wconf 73' lang='lat'><strong>“</strong></span> <span class='ocrx_word' id='word_1_571' title='bbox 1110 4266 1254 4322; x_wconf 89' lang='lat' dir='ltr'>lbid.</span> <span class='ocrx_word' id='word_1_572' title='bbox 1286 4266 1339 4320; x_wconf 92' lang='lat'>8.</span> <span class='ocrx_word' id='word_1_573' title='bbox 1417 4266 1461 4300; x_wconf 63' lang='grc' dir='ltr'>ιτ</span> <span class='ocrx_word' id='word_1_574' title='bbox 1488 4265 1656 4321; x_wconf 87' lang='lat' dir='ltr'>Joan.</span> <span class='ocrx_word' id='word_1_575' title='bbox 1706 4280 1808 4337; x_wconf 73' lang='grc' dir='ltr'>χιι,</span> <span class='ocrx_word' id='word_1_576' title='bbox 1851 4265 1906 4337; x_wconf 46' lang='grc' dir='ltr'>β,</span> <span class='ocrx_word' id='word_1_577' title='bbox 1986 4264 2029 4337; x_wconf 55' lang='grc' dir='ltr'>ξε</span> <span class='ocrx_word' id='word_1_578' title='bbox 2060 4264 2248 4321; x_wconf 88' lang='lat' dir='ltr'>Galat.</span> <span class='ocrx_word' id='word_1_579' title='bbox 2281 4283 2343 4334; x_wconf 85' lang='grc' dir='ltr'>ιι,</span> <span class='ocrx_word' id='word_1_580' title='bbox 2373 4267 2408 4320; x_wconf 89' lang='lat'>9</span> <span class='ocrx_word' id='word_1_581' title='bbox 2436 4269 2493 4321; x_wconf 90' lang='lat' dir='ltr'>et</span> <span class='ocrx_word' id='word_1_582' title='bbox 2521 4282 2644 4337; x_wconf 90' lang='lat' dir='ltr'>seq.</span> 
     </span>
    </p>
   </div>
   <div class='ocr_carea' id='block_1_78' title="bbox 1772 4335 3388 4407">
    <p class='ocr_par' dir='ltr' id='par_1_78' title="bbox 1772 4335 3388 4407">
     <span class='ocr_line' id='line_1_78' title="bbox 1772 4335 3388 4407; baseline 0.005 -18"><span class='ocrx_word' id='word_1_583' title='bbox 1772 4336 1816 4370; x_wconf 82' lang='grc'>⁵³</span> <span class='ocrx_word' id='word_1_584' title='bbox 1849 4335 2054 4391; x_wconf 89' lang='lat' dir='ltr'>Matth.</span> <span class='ocrx_word' id='word_1_585' title='bbox 2088 4354 2148 4407; x_wconf 91' lang='grc' dir='ltr'>ιι,</span> <span class='ocrx_word' id='word_1_586' title='bbox 2180 4339 2265 4393; x_wconf 94' lang='grc'>11.</span> <span class='ocrx_word' id='word_1_587' title='bbox 2344 4338 2388 4372; x_wconf 70' lang='grc'>⁵⁸</span> <span class='ocrx_word' id='word_1_588' title='bbox 2418 4335 2623 4393; x_wconf 60' lang='lat' dir='ltr'>Matth}</span> <span class='ocrx_word' id='word_1_589' title='bbox 2658 4353 2736 4404; x_wconf 83' lang='lat' dir='ltr'>Ix,</span> <span class='ocrx_word' id='word_1_590' title='bbox 2770 4338 2857 4391; x_wconf 88' lang='grc'>13.</span> <span class='ocrx_word' id='word_1_591' title='bbox 2934 4337 2978 4371; x_wconf 76' lang='grc'>⁸³</span> <span class='ocrx_word' id='word_1_592' title='bbox 3009 4337 3152 4395; x_wconf 90' lang='lat' dir='ltr'>Dan.</span> <span class='ocrx_word' id='word_1_593' title='bbox 3185 4356 3269 4407; x_wconf 90' lang='grc' dir='ltr'>ιιι,</span> <span class='ocrx_word' id='word_1_594' title='bbox 3301 4342 3388 4397; x_wconf 87' lang='grc'>40.</span> 
     </span>
    </p>
   </div>
   <div class='ocr_carea' id='block_1_79' title="bbox 421 4337 1695 4407">
    <p class='ocr_par' dir='ltr' id='par_1_79' title="bbox 421 4337 1695 4407">
     <span class='ocr_line' id='line_1_79' title="bbox 421 4337 1695 4407; baseline -0.003 -14"><span class='ocrx_word' id='word_1_595' title='bbox 421 4338 464 4373; x_wconf 69' lang='grc'>⁸1</span> <span class='ocrx_word' id='word_1_596' title='bbox 498 4338 666 4393; x_wconf 85' lang='lat' dir='ltr'>Joan.</span> <span class='ocrx_word' id='word_1_597' title='bbox 700 4353 800 4393; x_wconf 85' lang='lat' dir='ltr'>xu.</span> <span class='ocrx_word' id='word_1_598' title='bbox 834 4337 887 4391; x_wconf 92' lang='lat'>3.</span> <span class='ocrx_word' id='word_1_599' title='bbox 964 4337 1010 4371; x_wconf 66' lang='lat'>‘9</span> <span class='ocrx_word' id='word_1_600' title='bbox 1040 4337 1207 4394; x_wconf 89' lang='lat' dir='ltr'>Joan.</span> <span class='ocrx_word' id='word_1_601' title='bbox 1239 4354 1354 4407; x_wconf 75' lang='lat' dir='ltr'>xxx,</span> <span class='ocrx_word' id='word_1_602' title='bbox 1386 4338 1454 4391; x_wconf 88' lang='lat'>38</span> <span class='ocrx_word' id='word_1_603' title='bbox 1486 4342 1543 4393; x_wconf 89' lang='lat' dir='ltr'>et</span> <span class='ocrx_word' id='word_1_604' title='bbox 1572 4352 1695 4406; x_wconf 89' lang='lat' dir='ltr'>seq.</span> 
     </span>
    </p>
   </div>
   <div class='ocr_carea' id='block_1_80' title="bbox 496 4440 2071 4516">
    <p class='ocr_par' dir='ltr' id='par_1_80' title="bbox 496 4440 2071 4516">
     <span class='ocr_line' id='line_1_80' title="bbox 496 4440 2071 4516; baseline 0 -17"><span class='ocrx_word' id='word_1_605' title='bbox 496 4445 611 4516; x_wconf 84' lang='lat'>(35)</span> <span class='ocrx_word' id='word_1_606' title='bbox 644 4441 763 4496; x_wconf 79' lang='grc' dir='ltr'>Ἐὰν</span> <span class='ocrx_word' id='word_1_607' title='bbox 800 4440 1021 4510; x_wconf 82' lang='grc' dir='ltr'>ἀνέλης,</span> <span class='ocrx_word' id='word_1_608' title='bbox 1046 4448 1154 4501; x_wconf 90' lang='lat' dir='ltr'>etc.</span> <span class='ocrx_word' id='word_1_609' title='bbox 1179 4444 1509 4501; x_wconf 87' lang='lat' dir='ltr'>Gabrielius</span> <span class='ocrx_word' id='word_1_610' title='bbox 1536 4460 1606 4516; x_wconf 44' lang='grc' dir='ltr'>ιχ(</span> <span class='ocrx_word' id='word_1_611' title='bbox 1640 4442 1700 4516; x_wconf 86' lang='lat' dir='ltr'>Si</span> <span class='ocrx_word' id='word_1_612' title='bbox 1730 4441 2071 4516; x_wconf 81' lang='lat' dir='ltr'>abstuleris</span> 
     </span>
    </p>
   </div>
   <div class='ocr_carea' id='block_1_81' title="bbox 420 4514 2068 4588">
    <p class='ocr_par' dir='ltr' id='par_1_81' title="bbox 420 4514 2068 4588">
     <span class='ocr_line' id='line_1_81' title="bbox 420 4514 2068 4588; baseline -0.001 -17"><span class='ocrx_word' id='word_1_613' title='bbox 420 4514 851 4588; x_wconf 85' lang='lat' dir='ltr'>colligationem</span> <span class='ocrx_word' id='word_1_614' title='bbox 884 4522 941 4571; x_wconf 85' lang='lat' dir='ltr'>et</span> <span class='ocrx_word' id='word_1_615' title='bbox 971 4517 1463 4588; x_wconf 76' lang='lat' dir='ltr'>suffragationem.</span> <span class='ocrx_word' id='word_1_616' title='bbox 1503 4538 1530 4566; x_wconf 87' lang='lat'>»</span> <span class='ocrx_word' id='word_1_617' title='bbox 1562 4514 1781 4570; x_wconf 87' lang='lat' dir='ltr'>Deinde</span> <span class='ocrx_word' id='word_1_618' title='bbox 1800 4515 1860 4588; x_wconf 80' lang='lat' dir='ltr'>in</span> <span class='ocrx_word' id='word_1_619' title='bbox 1887 4514 2068 4588; x_wconf 84' lang='lat' dir='ltr'>schol.</span> 
     </span>
    </p>
   </div>
   <div class='ocr_carea' id='block_1_82' title="bbox 430 4586 2073 4658">
    <p class='ocr_par' dir='ltr' id='par_1_82' title="bbox 430 4586 2073 4658">
     <span class='ocr_line' id='line_1_82' title="bbox 430 4586 2073 4658; baseline -0.001 -15"><span class='ocrx_word' id='word_1_620' title='bbox 430 4589 548 4644; x_wconf 89' lang='lat' dir='ltr'>ait:</span> <span class='ocrx_word' id='word_1_621' title='bbox 582 4611 609 4637; x_wconf 91' lang='grc'><em>‹‹</em></span> <span class='ocrx_word' id='word_1_622' title='bbox 643 4587 699 4641; x_wconf 90' lang='lat' dir='ltr'>Si</span> <span class='ocrx_word' id='word_1_623' title='bbox 732 4604 985 4658; x_wconf 89' lang='lat' dir='ltr'>usquam</span> <span class='ocrx_word' id='word_1_624' title='bbox 1017 4586 1180 4656; x_wconf 71' lang='lat' dir='ltr'>alibi,</span> <span class='ocrx_word' id='word_1_625' title='bbox 1212 4588 1320 4644; x_wconf 90' lang='lat' dir='ltr'>hoc</span> <span class='ocrx_word' id='word_1_626' title='bbox 1351 4588 1473 4643; x_wconf 92' lang='lat' dir='ltr'>loco</span> <span class='ocrx_word' id='word_1_627' title='bbox 1534 4591 1690 4642; x_wconf 88' lang='lat' dir='ltr'>certe</span> <span class='ocrx_word' id='word_1_628' title='bbox 1746 4586 2073 4642; x_wconf 86' lang='lat' dir='ltr'>admiratus</span> 
     </span>
    </p>
   </div>
   <div class='ocr_carea' id='block_1_83' title="bbox 426 4657 2074 4730">
    <p class='ocr_par' dir='ltr' id='par_1_83' title="bbox 426 4657 2074 4730">
     <span class='ocr_line' id='line_1_83' title="bbox 426 4657 2074 4730; baseline -0.001 -14"><span class='ocrx_word' id='word_1_629' title='bbox 426 4676 555 4716; x_wconf 89' lang='lat' dir='ltr'>sum</span> <span class='ocrx_word' id='word_1_630' title='bbox 588 4657 850 4730; x_wconf 86' lang='lat' dir='ltr'>Gregorii</span> <span class='ocrx_word' id='word_1_631' title='bbox 884 4660 1182 4715; x_wconf 87' lang='lat' dir='ltr'>solertiam</span> <span class='ocrx_word' id='word_1_632' title='bbox 1214 4665 1271 4715; x_wconf 89' lang='lat' dir='ltr'>et</span> <span class='ocrx_word' id='word_1_633' title='bbox 1299 4675 1565 4721; x_wconf 87' lang='lat' dir='ltr'>acumen,</span> <span class='ocrx_word' id='word_1_634' title='bbox 1600 4674 1716 4729; x_wconf 92' lang='lat' dir='ltr'>quo</span> <span class='ocrx_word' id='word_1_635' title='bbox 1777 4657 2074 4729; x_wconf 60' lang='lat' dir='ltr'>Propheta</span> 
     </span>
    </p>
   </div>
   <div class='ocr_carea' id='block_1_84' title="bbox 424 4730 2073 4856">
    <p class='ocr_par' dir='ltr' id='par_1_84' title="bbox 424 4730 2073 4856">
     <span class='ocr_line' id='line_1_84' title="bbox 424 4730 2073 4802; baseline -0.001 -16"><span class='ocrx_word' id='word_1_636' title='bbox 424 4730 647 4786; x_wconf 89' lang='lat' dir='ltr'>dictum</span> <span class='ocrx_word' id='word_1_637' title='bbox 679 4732 735 4785; x_wconf 90' lang='lat' dir='ltr'>in</span> <span class='ocrx_word' id='word_1_638' title='bbox 770 4746 891 4785; x_wconf 89' lang='lat' dir='ltr'>rem</span> <span class='ocrx_word' id='word_1_639' title='bbox 924 4732 994 4785; x_wconf 91' lang='lat' dir='ltr'>de</span> <span class='ocrx_word' id='word_1_640' title='bbox 1027 4748 1143 4802; x_wconf 90' lang='lat' dir='ltr'>qua</span> <span class='ocrx_word' id='word_1_641' title='bbox 1164 4748 1197 4786; x_wconf 90' lang='lat' dir='ltr'>a</span> <span class='ocrx_word' id='word_1_642' title='bbox 1239 4733 1393 4801; x_wconf 90' lang='lat' dir='ltr'>ebat,</span> <span class='ocrx_word' id='word_1_643' title='bbox 1414 4730 1722 4801; x_wconf 87' lang='lat' dir='ltr'>aptissime</span> <span class='ocrx_word' id='word_1_644' title='bbox 1744 4745 2073 4785; x_wconf 89' lang='lat' dir='ltr'>accommo-</span> 
     </span>
     <span class='ocr_line' id='line_1_85' title="bbox 424 4748 2073 4856; baseline 0.001 -1"><span class='ocrx_word' id='word_1_645' title='bbox 424 4803 602 4856; x_wconf 87' lang='lat' dir='ltr'>davit.</span> <span class='ocrx_word' id='word_1_646' title='bbox 635 4808 691 4856; x_wconf 89' lang='lat' dir='ltr'>et</span> <span class='ocrx_word' id='word_1_647' title='bbox 724 4802 909 4856; x_wconf 88' lang='lat' dir='ltr'>multo</span> <span class='ocrx_word' id='word_1_648' title='bbox 934 4803 1172 4856; x_wconf 82' lang='lat' dir='ltr'>quidem</span> <span class='ocrx_word' id='word_1_649' title='bbox 1196 4748 1375 4856; x_wconf 60' lang='lat' dir='ltr'>Fatius</span> <span class='ocrx_word' id='word_1_650' title='bbox 1397 4806 1570 4856; x_wconf 81' lang='lat' dir='ltr'>atque</span> <span class='ocrx_word' id='word_1_651' title='bbox 1592 4802 1850 4856; x_wconf 81' lang='lat' dir='ltr'>apertius</span> <span class='ocrx_word' id='word_1_652' title='bbox 1873 4802 1932 4855; x_wconf 92' lang='lat' dir='ltr'>in</span> <span class='ocrx_word' id='word_1_653' title='bbox 1956 4801 2073 4856; x_wconf 90' lang='lat' dir='ltr'>lau-</span> 
     </span>
    </p>
   </div>
   <div class='ocr_carea' id='block_1_85' title="bbox 423 4801 2079 4874">
    <p class='ocr_par' dir='ltr' id='par_1_85' title="bbox 423 4801 2079 4874">
     <span class='ocr_line' id='line_1_86' title="bbox 423 4801 2079 4874; baseline -0.001 -16"><span class='ocrx_word' id='word_1_654' title='bbox 423 4803 602 4870; x_wconf 88' lang='lat' dir='ltr'>davit,</span> <span class='ocrx_word' id='word_1_655' title='bbox 635 4808 691 4856; x_wconf 89' lang='lat' dir='ltr'>et</span> <span class='ocrx_word' id='word_1_656' title='bbox 724 4802 909 4856; x_wconf 89' lang='lat' dir='ltr'>multo</span> <span class='ocrx_word' id='word_1_657' title='bbox 934 4803 1172 4873; x_wconf 88' lang='lat' dir='ltr'>quidem</span> <span class='ocrx_word' id='word_1_658' title='bbox 1196 4801 1375 4857; x_wconf 77' lang='lat' dir='ltr'>latius</span> <span class='ocrx_word' id='word_1_659' title='bbox 1397 4806 1570 4874; x_wconf 90' lang='lat' dir='ltr'>atque</span> <span class='ocrx_word' id='word_1_660' title='bbox 1592 4802 1850 4874; x_wconf 72' lang='lat' dir='ltr'>apertius</span> <span class='ocrx_word' id='word_1_661' title='bbox 1873 4802 1932 4855; x_wconf 92' lang='lat' dir='ltr'>in</span> <span class='ocrx_word' id='word_1_662' title='bbox 1956 4801 2079 4856; x_wconf 85' lang='lat' dir='ltr'>lau-</span> 
     </span>
    </p>
   </div>
   <div class='ocr_carea' id='block_1_86' title="bbox 424 4871 2074 4944">
    <p class='ocr_par' dir='ltr' id='par_1_86' title="bbox 424 4871 2074 4944">
     <span class='ocr_line' id='line_1_87' title="bbox 424 4871 2074 4944; baseline -0.001 -15"><span class='ocrx_word' id='word_1_663' title='bbox 424 4875 556 4929; x_wconf 87' lang='lat' dir='ltr'>dem</span> <span class='ocrx_word' id='word_1_664' title='bbox 590 4874 792 4944; x_wconf 74' lang='lat' dir='ltr'>patris.</span> <span class='ocrx_word' id='word_1_665' title='bbox 832 4895 857 4922; x_wconf 82' lang='lat'><strong>»</strong></span> <span class='ocrx_word' id='word_1_666' title='bbox 891 4871 967 4929; x_wconf 75' lang='lat' dir='ltr'>Et</span> <span class='ocrx_word' id='word_1_667' title='bbox 995 4891 1134 4929; x_wconf 88' lang='lat' dir='ltr'>sane</span> <span class='ocrx_word' id='word_1_668' title='bbox 1164 4892 1248 4930; x_wconf 94' lang='lat' dir='ltr'>or.</span> <span class='ocrx_word' id='word_1_669' title='bbox 1283 4891 1443 4939; x_wconf 82' lang='lat' dir='ltr'>xvm,</span> <span class='ocrx_word' id='word_1_670' title='bbox 1478 4871 1553 4927; x_wconf 37' lang='lat' dir='ltr'>—n.</span> <span class='ocrx_word' id='word_1_671' title='bbox 1607 4874 1697 4938; x_wconf 90' lang='grc'>20,</span> <span class='ocrx_word' id='word_1_672' title='bbox 1760 4871 2074 4944; x_wconf 85' lang='lat' dir='ltr'>Gregorius</span> 
     </span>
    </p>
   </div>
   <div class='ocr_carea' id='block_1_87' title="bbox 428 4940 2076 5020">
    <p class='ocr_par' dir='ltr' id='par_1_87' title="bbox 428 4940 2076 5020">
     <span class='ocr_line' id='line_1_88' title="bbox 428 4940 2076 5020; baseline 0.001 -23"><span class='ocrx_word' id='word_1_673' title='bbox 428 4946 554 5015; x_wconf 87' lang='lat' dir='ltr'>ipse</span> <span class='ocrx_word' id='word_1_674' title='bbox 585 4940 881 5020; x_wconf 65' lang='grc' dir='ltr'>σύνδεσμον</span> <span class='ocrx_word' id='word_1_675' title='bbox 909 4951 971 5020; x_wconf 74' lang='lat' dir='ltr'>_et</span> <span class='ocrx_word' id='word_1_676' title='bbox 1000 4944 1365 5020; x_wconf 75' lang='grc' dir='ltr'>χειροτονίαν,</span> <span class='ocrx_word' id='word_1_677' title='bbox 1427 4945 1844 5020; x_wconf 57' lang='lat' dir='ltr'>interpretatur</span> <span class='ocrx_word' id='word_1_678' title='bbox 1878 4940 2076 5020; x_wconf 46' lang='lat' dir='ltr'>&quot;etiam</span> 
     </span>
    </p>
   </div>
   <div class='ocr_carea' id='block_1_88' title="bbox 427 5011 2074 5089">
    <p class='ocr_par' dir='ltr' id='par_1_88' title="bbox 427 5011 2074 5089">
     <span class='ocr_line' id='line_1_89' title="bbox 427 5011 2074 5089; baseline 0.002 -24"><span class='ocrx_word' id='word_1_679' title='bbox 427 5011 872 5087; x_wconf 55' lang='grc' dir='ltr'>μικρολογία-λετ,</span> <span class='ocrx_word' id='word_1_680' title='bbox 906 5011 1249 5089; x_wconf 68' lang='grc' dir='ltr'>δοκιμασίαν,</span> <span class='ocrx_word' id='word_1_681' title='bbox 1284 5011 1484 5080; x_wconf 83' lang='lat' dir='ltr'>idest,</span> <span class='ocrx_word' id='word_1_682' title='bbox 1524 5038 1545 5066; x_wconf 85' lang='grc' dir='ltr'>ι</span> <span class='ocrx_word' id='word_1_683' title='bbox 1584 5011 1826 5069; x_wconf 71' lang='lat' dir='ltr'>nimiam</span> <span class='ocrx_word' id='word_1_684' title='bbox 1889 5016 2074 5086; x_wconf 85' lang='lat' dir='ltr'>parci-</span> 
     </span>
    </p>
   </div>
   <div class='ocr_carea' id='block_1_89' title="bbox 426 5089 2074 5160">
    <p class='ocr_par' dir='ltr' id='par_1_89' title="bbox 426 5089 2074 5160">
     <span class='ocr_line' id='line_1_90' title="bbox 426 5089 2074 5160; baseline 0.001 -20"><span class='ocrx_word' id='word_1_685' title='bbox 426 5091 695 5160; x_wconf 81' lang='lat' dir='ltr'>tatem_,et</span> <span class='ocrx_word' id='word_1_686' title='bbox 717 5089 1037 5160; x_wconf 83' lang='lat' dir='ltr'>quamdam</span> <span class='ocrx_word' id='word_1_687' title='bbox 1056 5090 1581 5160; x_wconf 68' lang='lat' dir='ltr'>iniquisitionem,»</span> <span class='ocrx_word' id='word_1_688' title='bbox 1606 5092 1669 5140; x_wconf 89' lang='lat' dir='ltr'>ut</span> <span class='ocrx_word' id='word_1_689' title='bbox 1692 5091 2074 5160; x_wconf 83' lang='lat' dir='ltr'>quemadmo-</span> 
     </span>
    </p>
   </div>
   <div class='ocr_carea' id='block_1_90' title="bbox 428 5157 2078 5229">
    <p class='ocr_par' dir='ltr' id='par_1_90' title="bbox 428 5157 2078 5229">
     <span class='ocr_line' id='line_1_91' title="bbox 428 5157 2078 5229; baseline 0 -17"><span class='ocrx_word' id='word_1_690' title='bbox 428 5157 660 5229; x_wconf 79' lang='lat' dir='ltr'>dumin</span> <span class='ocrx_word' id='word_1_691' title='bbox 692 5158 989 5229; x_wconf 72' lang='lat' dir='ltr'>suffragiis</span> <span class='ocrx_word' id='word_1_692' title='bbox 1021 5157 1289 5227; x_wconf 78' lang='lat' dir='ltr'>ferendis,</span> <span class='ocrx_word' id='word_1_693' title='bbox 1325 5161 1407 5214; x_wconf 85' lang='lat' dir='ltr'>ita</span> <span class='ocrx_word' id='word_1_694' title='bbox 1435 5159 1493 5212; x_wconf 92' lang='lat' dir='ltr'>in</span> <span class='ocrx_word' id='word_1_695' title='bbox 1547 5158 1877 5227; x_wconf 88' lang='lat' dir='ltr'>hospitibus</span> <span class='ocrx_word' id='word_1_696' title='bbox 1939 5158 2078 5214; x_wconf 87' lang='lat' dir='ltr'>reci-</span> 
     </span>
    </p>
   </div>
   <div class='ocr_carea' id='block_1_91' title="bbox 427 5227 2074 5301">
    <p class='ocr_par' dir='ltr' id='par_1_91' title="bbox 427 5227 2074 5301">
     <span class='ocr_line' id='line_1_92' title="bbox 427 5227 2074 5301; baseline 0.002 -20"><span class='ocrx_word' id='word_1_697' title='bbox 427 5227 1104 5301; x_wconf 49' lang='lat' dir='ltr'>piendisLnimio—studio</span> <span class='ocrx_word' id='word_1_698' title='bbox 1127 5233 1468 5301; x_wconf 85' lang='lat' dir='ltr'>exquiratur</span> <span class='ocrx_word' id='word_1_699' title='bbox 1489 5246 1563 5284; x_wconf 90' lang='lat' dir='ltr'>an</span> <span class='ocrx_word' id='word_1_700' title='bbox 1586 5229 1719 5300; x_wconf 90' lang='lat' dir='ltr'>quis</span> <span class='ocrx_word' id='word_1_701' title='bbox 1742 5229 1957 5301; x_wconf 86' lang='lat' dir='ltr'>dignus</span> <span class='ocrx_word' id='word_1_702' title='bbox 1976 5231 2074 5296; x_wconf 89' lang='lat' dir='ltr'>sit,</span> 
     </span>
    </p>
   </div>
   <div class='ocr_carea' id='block_1_92' title="bbox 428 5297 2076 5372">
    <p class='ocr_par' dir='ltr' id='par_1_92' title="bbox 428 5297 2076 5372">
     <span class='ocr_line' id='line_1_93' title="bbox 428 5297 2076 5372; baseline 0.001 -18"><span class='ocrx_word' id='word_1_703' title='bbox 428 5297 629 5372; x_wconf 81' lang='lat' dir='ltr'>necne.</span> <span class='ocrx_word' id='word_1_704' title='bbox 656 5297 881 5372; x_wconf 84' lang='lat' dir='ltr'>_Verum</span> <span class='ocrx_word' id='word_1_705' title='bbox 917 5302 1102 5359; x_wconf 91' lang='lat' dir='ltr'>multo</span> <span class='ocrx_word' id='word_1_706' title='bbox 1131 5297 1343 5359; x_wconf 85' lang='lat' dir='ltr'>melius</span> <span class='ocrx_word' id='word_1_707' title='bbox 1373 5308 1486 5367; x_wconf 86' lang='lat' dir='ltr'>est,</span> <span class='ocrx_word' id='word_1_708' title='bbox 1518 5297 1720 5357; x_wconf 74' lang='lat' dir='ltr'>eorum</span> <span class='ocrx_word' id='word_1_709' title='bbox 1753 5297 1953 5367; x_wconf 57' lang='lat' dir='ltr'>ca&#39;usa,</span> <span class='ocrx_word' id='word_1_710' title='bbox 1978 5302 2076 5372; x_wconf 92' lang='lat' dir='ltr'>qui</span> 
     </span>
    </p>
   </div>
   <div class='ocr_carea' id='block_1_93' title="bbox 427 5368 2080 5456">
    <p class='ocr_par' dir='ltr' id='par_1_93' title="bbox 427 5368 2080 5456">
     <span class='ocr_line' id='line_1_94' title="bbox 427 5368 2080 5456; baseline 0.002 -32"><span class='ocrx_word' id='word_1_711' title='bbox 427 5371 583 5456; x_wconf 74' lang='lat' dir='ltr'>digni</span> <span class='ocrx_word' id='word_1_712' title='bbox 622 5368 769 5456; x_wconf 55' lang='lat' dir='ltr'>sint,</span> <span class='ocrx_word' id='word_1_713' title='bbox 797 5372 1227 5456; x_wconf 73' lang='lat' dir='ltr'>eleemosynam</span> <span class='ocrx_word' id='word_1_714' title='bbox 1257 5374 1435 5456; x_wconf 75' lang='lat' dir='ltr'>etiam</span> <span class='ocrx_word' id='word_1_715' title='bbox 1467 5372 1731 5456; x_wconf 69' lang='lat' dir='ltr'>indignis</span> <span class='ocrx_word' id='word_1_716' title='bbox 1749 5368 2080 5456; x_wconf 66' lang='lat' dir='ltr'>erogare,_ut</span> 
     </span>
    </p>
   </div>
   <div class='ocr_carea' id='block_1_94' title="bbox 427 5441 2082 5518">
    <p class='ocr_par' dir='ltr' id='par_1_94' title="bbox 427 5441 2082 5518">
     <span class='ocr_line' id='line_1_95' title="bbox 427 5441 2082 5518; baseline -0.001 -18"><span class='ocrx_word' id='word_1_717' title='bbox 427 5445 699 5518; x_wconf 75' lang='lat' dir='ltr'>observat</span> <span class='ocrx_word' id='word_1_718' title='bbox 729 5441 1078 5510; x_wconf 57' lang='lat' dir='ltr'>Gabrielius&#39;,</span> <span class='ocrx_word' id='word_1_719' title='bbox 1114 5463 1315 5518; x_wconf 87' lang='lat' dir='ltr'>quam,</span> <span class='ocrx_word' id='word_1_720' title='bbox 1348 5446 1559 5502; x_wconf 87' lang='lat' dir='ltr'>timore</span> <span class='ocrx_word' id='word_1_721' title='bbox 1586 5441 1877 5515; x_wconf 71' lang='lat' dir='ltr'>largiendi</span> <span class='ocrx_word' id='word_1_722' title='bbox 1932 5444 2082 5501; x_wconf 89' lang='lat' dir='ltr'>indi-</span> 
     </span>
    </p>
   </div>
   <div class='ocr_carea' id='block_1_95' title="bbox 427 5514 1161 5588">
    <p class='ocr_par' dir='ltr' id='par_1_95' title="bbox 427 5514 1161 5588">
     <span class='ocr_line' id='line_1_96' title="bbox 427 5514 1161 5588; baseline 0.003 -17"><span class='ocrx_word' id='word_1_723' title='bbox 427 5514 808 5588; x_wconf 13' lang='lat' dir='ltr'>gnisidignos</span> <span class='ocrx_word' id='word_1_724' title='bbox 847 5514 1161 5588; x_wconf 67' lang='lat' dir='ltr'>praeterire.</span> 
     </span>
    </p>
   </div>
   <div class='ocr_carea' id='block_1_96' title="bbox 500 5581 1250 5663">
    <p class='ocr_par' dir='ltr' id='par_1_96' title="bbox 500 5581 1250 5663">
     <span class='ocr_line' id='line_1_97' title="bbox 500 5581 1250 5663; baseline 0 0"><span class='ocrx_word' id='word_1_725' title='bbox 500 5586 614 5663; x_wconf 56' lang='lat'>($59)</span> <span class='ocrx_word' id='word_1_726' title='bbox 643 5581 824 5663; x_wconf 59' lang='grc' dir='ltr'>Ᾰέγφ·</span> <span class='ocrx_word' id='word_1_727' title='bbox 847 5581 1015 5656; x_wconf 69' lang='grc' dir='ltr'>Ῥειτον</span> <span class='ocrx_word' id='word_1_728' title='bbox 1042 5586 1250 5663; x_wconf 50' lang='grc' dir='ltr'>λέγειν·</span> 
     </span>
    </p>
   </div>
   <div class='ocr_carea' id='block_1_97' title="bbox 461 5656 2082 5803">
    <p class='ocr_par' dir='ltr' id='par_1_97' title="bbox 461 5656 2082 5803">
     <span class='ocr_line' id='line_1_98' title="bbox 461 5656 2082 5803; baseline 0 -92"><span class='ocrx_word' id='word_1_729' title='bbox 461 5658 613 5803; x_wconf 51' lang='grc'>1⁵63⁸7)</span> <span class='ocrx_word' id='word_1_730' title='bbox 644 5656 955 5727; x_wconf 75' lang='grc' dir='ltr'>Γενήσεται.</span> <span class='ocrx_word' id='word_1_731' title='bbox 990 5656 1345 5732; x_wconf 68' lang='grc' dir='ltr'>ΑΙίἱ,Ἠθεε.</span> <span class='ocrx_word' id='word_1_732' title='bbox 1378 5674 1432 5729; x_wconf 88' lang='lat' dir='ltr'>a,</span> <span class='ocrx_word' id='word_1_733' title='bbox 1490 5656 1613 5728; x_wconf 87' lang='lat' dir='ltr'>bm,</span> <span class='ocrx_word' id='word_1_734' title='bbox 1670 5656 1769 5729; x_wconf 86' lang='lat' dir='ltr'>ph.</span> <span class='ocrx_word' id='word_1_735' title='bbox 1831 5657 1948 5730; x_wconf 82' lang='lat' dir='ltr'>Sic,</span> <span class='ocrx_word' id='word_1_736' title='bbox 1994 5676 2082 5733; x_wconf 84' lang='grc' dir='ltr'>γε·</span> 
     </span>
     <span class='ocr_line' id='line_1_99' title="bbox 505 5745 675 5785; baseline 0.012 -2"><span class='ocrx_word' id='word_1_737' title='bbox 505 5745 675 5785; x_wconf 86' lang='grc' dir='ltr'>σεται.</span> 
     </span>
    </p>
   </div>
   <div class='ocr_carea' id='block_1_98' title="bbox 428 5745 675 5785">
    <p class='ocr_par' dir='ltr' id='par_1_98' title="bbox 428 5745 675 5785">
     <span class='ocr_line' id='line_1_100' title="bbox 428 5745 675 5785; baseline 0 0"><span class='ocrx_word' id='word_1_738' title='bbox 428 5745 495 5785; x_wconf 81' lang='grc' dir='ltr'>νη</span> <span class='ocrx_word' id='word_1_739' title='bbox 505 5745 675 5785; x_wconf 83' lang='grc' dir='ltr'>σεται.</span> 
     </span>
    </p>
   </div>
   <div class='ocr_carea' id='block_1_99' title="bbox 2180 3450 3821 3525">
    <p class='ocr_par' dir='ltr' id='par_1_99' title="bbox 2180 3450 3821 3525">
     <span class='ocr_line' id='line_1_101' title="bbox 2180 3450 3821 3525; baseline 0.002 -18"><span class='ocrx_word' id='word_1_740' title='bbox 2180 3455 2411 3507; x_wconf 88' lang='lat' dir='ltr'>tantum</span> <span class='ocrx_word' id='word_1_741' title='bbox 2442 3467 2510 3505; x_wconf 89' lang='lat' dir='ltr'>ex</span> <span class='ocrx_word' id='word_1_742' title='bbox 2539 3455 2703 3522; x_wconf 88' lang='lat' dir='ltr'>parte</span> <span class='ocrx_word' id='word_1_743' title='bbox 2723 3450 3018 3505; x_wconf 87' lang='lat' dir='ltr'>Christum</span> <span class='ocrx_word' id='word_1_744' title='bbox 3075 3468 3284 3507; x_wconf 89' lang='lat' dir='ltr'>amans</span> <span class='ocrx_word' id='word_1_745' title='bbox 3340 3453 3696 3511; x_wconf 84' lang='lat' dir='ltr'>Nicodamus</span> <span class='ocrx_word' id='word_1_746' title='bbox 3751 3458 3821 3525; x_wconf 62' lang='lat'>‘9,</span> 
     </span>
    </p>
   </div>
   <div class='ocr_carea' id='block_1_100' title="bbox 2179 3539 3820 3615">
    <p class='ocr_par' dir='ltr' id='par_1_100' title="bbox 2179 3539 3820 3615">
     <span class='ocr_line' id='line_1_102' title="bbox 2179 3539 3820 3615; baseline 0.004 -21"><span class='ocrx_word' id='word_1_747' title='bbox 2179 3557 2284 3595; x_wconf 91' lang='lat' dir='ltr'>nec</span> <span class='ocrx_word' id='word_1_748' title='bbox 2314 3539 2565 3610; x_wconf 90' lang='lat' dir='ltr'>denique</span> <span class='ocrx_word' id='word_1_749' title='bbox 2595 3556 2756 3607; x_wconf 90' lang='lat' dir='ltr'>auro,</span> <span class='ocrx_word' id='word_1_750' title='bbox 2782 3539 2973 3609; x_wconf 88' lang='lat' dir='ltr'>thure,</span> <span class='ocrx_word' id='word_1_751' title='bbox 2998 3543 3056 3594; x_wconf 87' lang='lat' dir='ltr'>et</span> <span class='ocrx_word' id='word_1_752' title='bbox 3077 3542 3332 3611; x_wconf 83' lang='lat' dir='ltr'>myrrha,</span> <span class='ocrx_word' id='word_1_753' title='bbox 3356 3547 3422 3597; x_wconf 88' lang='lat' dir='ltr'>ut</span> <span class='ocrx_word' id='word_1_754' title='bbox 3442 3546 3595 3615; x_wconf 86' lang='lat' dir='ltr'>magi</span> <span class='ocrx_word' id='word_1_755' title='bbox 3617 3545 3662 3579; x_wconf 76' lang='grc'>⁵³</span> <span class='ocrx_word' id='word_1_756' title='bbox 3684 3551 3820 3601; x_wconf 88' lang='lat' dir='ltr'>ante</span> 
     </span>
    </p>
   </div>
   <div class='ocr_carea' id='block_1_101' title="bbox 2176 3628 3817 3700">
    <p class='ocr_par' dir='ltr' id='par_1_101' title="bbox 2176 3628 3817 3700">
     <span class='ocr_line' id='line_1_103' title="bbox 2176 3628 3817 3700; baseline 0.003 -15"><span class='ocrx_word' id='word_1_757' title='bbox 2176 3645 2275 3685; x_wconf 91' lang='lat' dir='ltr'>eos</span> <span class='ocrx_word' id='word_1_758' title='bbox 2307 3644 2534 3695; x_wconf 89' lang='lat' dir='ltr'>omnes,</span> <span class='ocrx_word' id='word_1_759' title='bbox 2566 3644 2714 3699; x_wconf 88' lang='lat' dir='ltr'>quos</span> <span class='ocrx_word' id='word_1_760' title='bbox 2739 3628 3033 3696; x_wconf 82' lang='lat' dir='ltr'>diximus;</span> <span class='ocrx_word' id='word_1_761' title='bbox 3067 3630 3164 3683; x_wconf 89' lang='lat' dir='ltr'>sed</span> <span class='ocrx_word' id='word_1_762' title='bbox 3227 3631 3503 3700; x_wconf 91' lang='lat' dir='ltr'>quoniam</span> <span class='ocrx_word' id='word_1_763' title='bbox 3552 3634 3817 3691; x_wconf 91' lang='lat' dir='ltr'>omnium</span> 
     </span>
    </p>
   </div>
   <div class='ocr_carea' id='block_1_102' title="bbox 2176 3716 3818 3790">
    <p class='ocr_par' dir='ltr' id='par_1_102' title="bbox 2176 3716 3818 3790">
     <span class='ocr_line' id='line_1_104' title="bbox 2176 3716 3818 3790; baseline 0.003 -17"><span class='ocrx_word' id='word_1_764' title='bbox 2176 3717 2459 3773; x_wconf 89' lang='lat' dir='ltr'>Dominus</span> <span class='ocrx_word' id='word_1_765' title='bbox 2491 3716 2955 3772; x_wconf 90' lang='lat' dir='ltr'>misericordiam</span> <span class='ocrx_word' id='word_1_766' title='bbox 2988 3717 3110 3771; x_wconf 91' lang='lat' dir='ltr'>vult</span> <span class='ocrx_word' id='word_1_767' title='bbox 3138 3734 3253 3772; x_wconf 91' lang='lat' dir='ltr'>non</span> <span class='ocrx_word' id='word_1_768' title='bbox 3286 3719 3636 3775; x_wconf 83' lang='lat' dir='ltr'>sacriﬁcium</span> <span class='ocrx_word' id='word_1_769' title='bbox 3664 3723 3726 3790; x_wconf 71' lang='lat'>5‘,</span> <span class='ocrx_word' id='word_1_770' title='bbox 3752 3740 3818 3778; x_wconf 91' lang='lat' dir='ltr'>ac</span> 
     </span>
    </p>
   </div>
   <div class='ocr_carea' id='block_1_103' title="bbox 2177 3804 3814 3882">
    <p class='ocr_par' dir='ltr' id='par_1_103' title="bbox 2177 3804 3814 3882">
     <span class='ocr_line' id='line_1_105' title="bbox 2177 3804 3814 3882; baseline 0.004 -22"><span class='ocrx_word' id='word_1_771' title='bbox 2177 3806 2486 3877; x_wconf 90' lang='lat' dir='ltr'>pinguium</span> <span class='ocrx_word' id='word_1_772' title='bbox 2514 3820 2798 3876; x_wconf 89' lang='lat' dir='ltr'>agnorum</span> <span class='ocrx_word' id='word_1_773' title='bbox 2833 3804 3124 3875; x_wconf 79' lang='lat' dir='ltr'>myriades</span> <span class='ocrx_word' id='word_1_774' title='bbox 3154 3806 3585 3863; x_wconf 87' lang='lat' dir='ltr'>commiseratio</span> <span class='ocrx_word' id='word_1_775' title='bbox 3640 3827 3814 3882; x_wconf 85' lang='lat' dir='ltr'>supe-</span> 
     </span>
    </p>
   </div>
   <div class='ocr_carea' id='block_1_104' title="bbox 2176 3892 3814 3964">
    <p class='ocr_par' dir='ltr' id='par_1_104' title="bbox 2176 3892 3814 3964">
     <span class='ocr_line' id='line_1_106' title="bbox 2176 3892 3814 3964; baseline 0.004 -16"><span class='ocrx_word' id='word_1_776' title='bbox 2176 3898 2266 3948; x_wconf 89' lang='lat' dir='ltr'>rat</span> <span class='ocrx_word' id='word_1_777' title='bbox 2294 3894 2358 3960; x_wconf 66' lang='lat'>‘5,</span> <span class='ocrx_word' id='word_1_778' title='bbox 2392 3893 2543 3947; x_wconf 87' lang='lat' dir='ltr'>hanc</span> <span class='ocrx_word' id='word_1_779' title='bbox 2574 3908 2676 3962; x_wconf 92' lang='lat' dir='ltr'>per</span> <span class='ocrx_word' id='word_1_780' title='bbox 2706 3907 2993 3962; x_wconf 87' lang='lat' dir='ltr'>pauperes</span> <span class='ocrx_word' id='word_1_781' title='bbox 3043 3892 3324 3964; x_wconf 89' lang='lat' dir='ltr'>humique</span> <span class='ocrx_word' id='word_1_782' title='bbox 3380 3895 3662 3953; x_wconf 89' lang='lat' dir='ltr'>hodierno</span> <span class='ocrx_word' id='word_1_783' title='bbox 3722 3900 3814 3955; x_wconf 90' lang='lat' dir='ltr'>die</span> 
     </span>
    </p>
   </div>
   <div class='ocr_carea' id='block_1_105' title="bbox 2174 3980 3813 4053">
    <p class='ocr_par' dir='ltr' id='par_1_105' title="bbox 2174 3980 3813 4053">
     <span class='ocr_line' id='line_1_107' title="bbox 2174 3980 3813 4053; baseline 0.005 -18"><span class='ocrx_word' id='word_1_784' title='bbox 2174 3980 2511 4053; x_wconf 89' lang='lat' dir='ltr'>provolutos</span> <span class='ocrx_word' id='word_1_785' title='bbox 2542 3980 2653 4051; x_wconf 86' lang='lat' dir='ltr'>ipsi</span> <span class='ocrx_word' id='word_1_786' title='bbox 2685 3980 3077 4051; x_wconf 84' lang='lat' dir='ltr'>conferamur,</span> <span class='ocrx_word' id='word_1_787' title='bbox 3111 3986 3175 4037; x_wconf 89' lang='lat' dir='ltr'>ut</span> <span class='ocrx_word' id='word_1_788' title='bbox 3203 3999 3333 4037; x_wconf 91' lang='lat' dir='ltr'>cum</span> <span class='ocrx_word' id='word_1_789' title='bbox 3368 3984 3505 4039; x_wconf 92' lang='lat' dir='ltr'>hinc</span> <span class='ocrx_word' id='word_1_790' title='bbox 3552 4003 3813 4044; x_wconf 85' lang='lat' dir='ltr'>excesse-</span> 
     </span>
    </p>
   </div>
   <div class='ocr_carea' id='block_1_106' title="bbox 2174 4068 3820 4150">
    <p class='ocr_par' dir='ltr' id='par_1_106' title="bbox 2174 4068 3820 4150">
     <span class='ocr_line' id='line_1_108' title="bbox 2174 4068 3820 4150; baseline 0.006 -26"><span class='ocrx_word' id='word_1_791' title='bbox 2174 4069 2380 4135; x_wconf 88' lang='lat' dir='ltr'>rimus,</span> <span class='ocrx_word' id='word_1_792' title='bbox 2404 4070 2463 4124; x_wconf 92' lang='lat' dir='ltr'>in</span> <span class='ocrx_word' id='word_1_793' title='bbox 2495 4073 2710 4123; x_wconf 65' lang='lat' dir='ltr'>eterna</span> <span class='ocrx_word' id='word_1_794' title='bbox 2738 4068 3120 4125; x_wconf 86' lang='lat' dir='ltr'>tabernacula</span> <span class='ocrx_word' id='word_1_795' title='bbox 3150 4088 3255 4126; x_wconf 89' lang='lat' dir='ltr'>nos</span> <span class='ocrx_word' id='word_1_796' title='bbox 3287 4073 3587 4145; x_wconf 89' lang='lat' dir='ltr'>recipiant,</span> <span class='ocrx_word' id='word_1_797' title='bbox 3612 4077 3668 4131; x_wconf 90' lang='lat' dir='ltr'>in</span> <span class='ocrx_word' id='word_1_798' title='bbox 3691 4078 3820 4150; x_wconf 88' lang='lat' dir='ltr'>ipse</span> 
     </span>
    </p>
   </div>
   <div class='ocr_carea' id='block_1_107' title="bbox 2174 4156 3819 4229">
    <p class='ocr_par' dir='ltr' id='par_1_107' title="bbox 2174 4156 3819 4229">
     <span class='ocr_line' id='line_1_109' title="bbox 2174 4156 3819 4229; baseline 0.008 -18"><span class='ocrx_word' id='word_1_799' title='bbox 2174 4157 2400 4213; x_wconf 88' lang='lat' dir='ltr'>Christo</span> <span class='ocrx_word' id='word_1_800' title='bbox 2424 4156 2672 4212; x_wconf 90' lang='lat' dir='ltr'>Domino</span> <span class='ocrx_word' id='word_1_801' title='bbox 2696 4160 2921 4223; x_wconf 88' lang='lat' dir='ltr'>nostro,</span> <span class='ocrx_word' id='word_1_802' title='bbox 2946 4157 3038 4211; x_wconf 91' lang='lat' dir='ltr'>cui</span> <span class='ocrx_word' id='word_1_803' title='bbox 3061 4157 3248 4229; x_wconf 87' lang='lat' dir='ltr'>gloria</span> <span class='ocrx_word' id='word_1_804' title='bbox 3268 4160 3325 4216; x_wconf 90' lang='lat' dir='ltr'>in</span> <span class='ocrx_word' id='word_1_805' title='bbox 3350 4163 3581 4219; x_wconf 61' lang='lat' dir='ltr'>saecula.</span> <span class='ocrx_word' id='word_1_806' title='bbox 3612 4167 3819 4223; x_wconf 89' lang='lat' dir='ltr'>Amen.</span> 
     </span>
    </p>
   </div>
   <div class='ocr_carea' id='block_1_108' title="bbox 2723 4265 3824 4342">
    <p class='ocr_par' dir='ltr' id='par_1_108' title="bbox 2723 4265 3824 4342">
     <span class='ocr_line' id='line_1_110' title="bbox 2723 4265 3824 4342; baseline 0.016 -28"><span class='ocrx_word' id='word_1_807' title='bbox 2723 4265 3161 4342; x_wconf 65' lang='lat' dir='ltr'>&quot;_Matth._x1x,</span> <span class='ocrx_word' id='word_1_808' title='bbox 3193 4270 3282 4323; x_wconf 82' lang='lat'>21.</span> <span class='ocrx_word' id='word_1_809' title='bbox 3359 4270 3404 4305; x_wconf 80' lang='grc' dir='ltr'>⁵ο</span> <span class='ocrx_word' id='word_1_810' title='bbox 3434 4272 3567 4330; x_wconf 88' lang='lat' dir='ltr'>Luc.</span> <span class='ocrx_word' id='word_1_811' title='bbox 3602 4292 3701 4342; x_wconf 83' lang='lat' dir='ltr'>vn,</span> <span class='ocrx_word' id='word_1_812' title='bbox 3732 4277 3824 4331; x_wconf 87' lang='lat'>36.</span> 
     </span>
    </p>
   </div>
   <div class='ocr_carea' id='block_1_109' title="bbox 2253 4442 3827 4526">
    <p class='ocr_par' dir='ltr' id='par_1_109' title="bbox 2253 4442 3827 4526">
     <span class='ocr_line' id='line_1_111' title="bbox 2253 4442 3827 4526; baseline 0.007 -27"><span class='ocrx_word' id='word_1_813' title='bbox 2253 4446 2365 4526; x_wconf 86' lang='lat'>(38)</span> <span class='ocrx_word' id='word_1_814' title='bbox 2398 4442 2494 4498; x_wconf 84' lang='grc' dir='ltr'>Καὶ</span> <span class='ocrx_word' id='word_1_815' title='bbox 2527 4443 2845 4526; x_wconf 72' lang='grc' dir='ltr'>θαυμάσιον.</span> <span class='ocrx_word' id='word_1_816' title='bbox 2881 4449 3049 4526; x_wconf 72' lang='lat' dir='ltr'>Deest</span> <span class='ocrx_word' id='word_1_817' title='bbox 3090 4444 3179 4500; x_wconf 80' lang='grc' dir='ltr'>καί</span> <span class='ocrx_word' id='word_1_818' title='bbox 3237 4451 3293 4504; x_wconf 87' lang='lat' dir='ltr'>in</span> <span class='ocrx_word' id='word_1_819' title='bbox 3357 4451 3497 4524; x_wconf 82' lang='lat' dir='ltr'>Reg.</span> <span class='ocrx_word' id='word_1_820' title='bbox 3558 4454 3656 4526; x_wconf 86' lang='lat' dir='ltr'>ph.</span> <span class='ocrx_word' id='word_1_821' title='bbox 3718 4459 3827 4510; x_wconf 88' lang='lat' dir='ltr'>Pro</span> 
     </span>
    </p>
   </div>
   <div class='ocr_carea' id='block_1_110' title="bbox 2182 4515 3092 4587">
    <p class='ocr_par' dir='ltr' id='par_1_110' title="bbox 2182 4515 3092 4587">
     <span class='ocr_line' id='line_1_112' title="bbox 2182 4515 3092 4587; baseline 0 -17"><span class='ocrx_word' id='word_1_822' title='bbox 2182 4515 2499 4587; x_wconf 86' lang='grc' dir='ltr'>θαυμάσιον,</span> <span class='ocrx_word' id='word_1_823' title='bbox 2531 4516 2735 4585; x_wconf 82' lang='lat' dir='ltr'>0x0n.,</span> <span class='ocrx_word' id='word_1_824' title='bbox 2766 4516 2862 4569; x_wconf 87' lang='grc' dir='ltr'>θαυ</span> <span class='ocrx_word' id='word_1_825' title='bbox 2872 4515 3092 4586; x_wconf 85' lang='grc' dir='ltr'>μαστόν.</span> 
     </span>
    </p>
   </div>
   <div class='ocr_carea' id='block_1_111' title="bbox 2276 4588 3222 4681">
    <p class='ocr_par' dir='ltr' id='par_1_111' title="bbox 2276 4588 3222 4681">
     <span class='ocr_line' id='line_1_113' title="bbox 2276 4588 3222 4681; baseline 0.004 -41"><span class='ocrx_word' id='word_1_826' title='bbox 2397 4589 2553 4681; x_wconf 50' lang='lat' dir='ltr'>Qnio‘v.</span> <span class='ocrx_word' id='word_1_827' title='bbox 2588 4588 2763 4644; x_wconf 86' lang='lat' dir='ltr'>Gabr.</span> <span class='ocrx_word' id='word_1_828' title='bbox 2793 4588 2908 4676; x_wconf 53' lang='lat' dir='ltr'>o‘ioc</span> <span class='ocrx_word' id='word_1_829' title='bbox 2936 4588 3222 4681; x_wconf 77' lang='lat' dir='ltr'>[rectius).</span> 
     </span>
    </p>
   </div>
   <div class='ocr_carea' id='block_1_112' title="bbox 2277 4656 3824 4739">
    <p class='ocr_par' dir='ltr' id='par_1_112' title="bbox 2277 4656 3824 4739">
     <span class='ocr_line' id='line_1_114' title="bbox 2277 4656 3824 4739; baseline 0.008 -29"><span class='ocrx_word' id='word_1_830' title='bbox 2419 4658 2555 4739; x_wconf 66' lang='grc' dir='ltr'>Γ[Ὂὺς</span> <span class='ocrx_word' id='word_1_831' title='bbox 2613 4656 3244 4739; x_wconf 31' lang='grc' dir='ltr'>πτωχοὺςθίκοινωνοῦς,</span> <span class='ocrx_word' id='word_1_832' title='bbox 3276 4667 3429 4739; x_wconf 37' lang='grc' dir='ltr'>’θῒοη</span> <span class='ocrx_word' id='word_1_833' title='bbox 3485 4663 3625 4737; x_wconf 78' lang='lat' dir='ltr'>Reg.</span> <span class='ocrx_word' id='word_1_834' title='bbox 3708 4668 3824 4739; x_wconf 88' lang='lat' dir='ltr'>bm,</span> 
     </span>
    </p>
   </div>
   <div class='ocr_carea' id='block_1_113' title="bbox 2186 4725 3831 4805">
    <p class='ocr_par' dir='ltr' id='par_1_113' title="bbox 2186 4725 3831 4805">
     <span class='ocr_line' id='line_1_115' title="bbox 2186 4725 3831 4805; baseline 0.006 -22"><span class='ocrx_word' id='word_1_835' title='bbox 2186 4725 2388 4785; x_wconf 80' lang='grc' dir='ltr'>κοινόν.</span> <span class='ocrx_word' id='word_1_836' title='bbox 2422 4732 2568 4798; x_wconf 88' lang='lat' dir='ltr'>Jes.,</span> <span class='ocrx_word' id='word_1_837' title='bbox 2600 4725 2859 4803; x_wconf 52' lang='grc' dir='ltr'>πτωχοὺς</span> <span class='ocrx_word' id='word_1_838' title='bbox 2883 4725 3043 4805; x_wconf 77' lang='grc' dir='ltr'>ἔργον</span> <span class='ocrx_word' id='word_1_839' title='bbox 3066 4725 3247 4786; x_wconf 79' lang='grc' dir='ltr'>κοινὸν</span> <span class='ocrx_word' id='word_1_840' title='bbox 3273 4725 3618 4805; x_wconf 63' lang='grc' dir='ltr'>ἐποιήσαντό,</span> <span class='ocrx_word' id='word_1_841' title='bbox 3647 4760 3668 4785; x_wconf 73' lang='grc' dir='ltr'>α</span> <span class='ocrx_word' id='word_1_842' title='bbox 3694 4725 3831 4805; x_wconf 65' lang='grc' dir='ltr'>ριωί</span> 
     </span>
    </p>
   </div>
   <div class='ocr_carea' id='block_1_114' title="bbox 2225 4807 3827 4878">
    <p class='ocr_par' dir='ltr' id='par_1_114' title="bbox 2225 4807 3827 4878">
     <span class='ocr_line' id='line_1_116' title="bbox 2225 4807 3827 4878; baseline 0.004 -19"><span class='ocrx_word' id='word_1_843' title='bbox 2225 4819 2351 4859; x_wconf 89' lang='lat' dir='ltr'>eres</span> <span class='ocrx_word' id='word_1_844' title='bbox 2382 4819 2882 4878; x_wconf 81' lang='lat' dir='ltr'>commune_o_pus</span> <span class='ocrx_word' id='word_1_845' title='bbox 2941 4807 3214 4878; x_wconf 73' lang='lat' dir='ltr'>facerent.</span> <span class='ocrx_word' id='word_1_846' title='bbox 3252 4826 3279 4854; x_wconf 82' lang='lat'><strong>»</strong></span> <span class='ocrx_word' id='word_1_847' title='bbox 3337 4808 3395 4861; x_wconf 90' lang='lat' dir='ltr'>in</span> <span class='ocrx_word' id='word_1_848' title='bbox 3451 4807 3827 4878; x_wconf 82' lang='lat' dir='ltr'>quibusdam,</span> 
     </span>
    </p>
   </div>
   <div class='ocr_carea' id='block_1_115' title="bbox 2184 4820 3828 4964">
    <p class='ocr_par' dir='ltr' id='par_1_115' title="bbox 2184 4820 3828 4964">
     <span class='ocr_line' id='line_1_117' title="bbox 2225 4820 3827 4878; baseline 0.004 -19"><span class='ocrx_word' id='word_1_849' title='bbox 2225 4820 2351 4859; x_wconf 68' lang='lat' dir='ltr'>Cres</span> <span class='ocrx_word' id='word_1_850' title='bbox 2382 4820 2695 4858; x_wconf 87' lang='lat' dir='ltr'>commune</span> <span class='ocrx_word' id='word_1_851' title='bbox 2734 4820 2882 4874; x_wconf 87' lang='lat' dir='ltr'>opus</span> <span class='ocrx_word' id='word_1_852' title='bbox 2941 4820 3214 4860; x_wconf 83' lang='lat' dir='ltr'>lacerent.</span> <span class='ocrx_word' id='word_1_853' title='bbox 3252 4826 3279 4854; x_wconf 83' lang='grc'>))</span> <span class='ocrx_word' id='word_1_854' title='bbox 3337 4825 3395 4861; x_wconf 86' lang='lat' dir='ltr'>1n</span> <span class='ocrx_word' id='word_1_855' title='bbox 3451 4820 3827 4878; x_wconf 68' lang='grc' dir='ltr'>(ιιιιῠυεααω,</span> 
     </span>
     <span class='ocr_line' id='line_1_118' title="bbox 2184 4820 3828 4964; baseline 0.005 -38"><span class='ocrx_word' id='word_1_856' title='bbox 2360 4872 2675 4934; x_wconf 75' lang='grc' dir='ltr'>κοινωνούς.</span> <span class='ocrx_word' id='word_1_857' title='bbox 2710 4875 2913 4939; x_wconf 83' lang='lat' dir='ltr'>Nicet.,</span> <span class='ocrx_word' id='word_1_858' title='bbox 2945 4878 3051 4964; x_wconf 79' lang='grc' dir='ltr'>τῶν</span> <span class='ocrx_word' id='word_1_859' title='bbox 3087 4872 3143 4929; x_wconf 68' lang='grc' dir='ltr'>δὲ</span> <span class='ocrx_word' id='word_1_860' title='bbox 3172 4880 3409 4949; x_wconf 87' lang='grc' dir='ltr'>πτωχῶν</span> <span class='ocrx_word' id='word_1_861' title='bbox 3444 4877 3698 4953; x_wconf 79' lang='grc' dir='ltr'>φροντίδα</span> <span class='ocrx_word' id='word_1_862' title='bbox 3714 4902 3828 4964; x_wconf 72' lang='grc' dir='ltr'>κοι-</span> 
     </span>
    </p>
   </div>
   <div class='ocr_carea' id='block_1_116' title="bbox 2183 4948 3831 5019">
    <p class='ocr_par' dir='ltr' id='par_1_116' title="bbox 2183 4948 3831 5019">
     <span class='ocr_line' id='line_1_119' title="bbox 2183 4948 3831 5019; baseline 0.006 -20"><span class='ocrx_word' id='word_1_863' title='bbox 2183 4948 2281 5014; x_wconf 75' lang='grc' dir='ltr'>νὴν</span> <span class='ocrx_word' id='word_1_864' title='bbox 2295 4948 2556 5019; x_wconf 79' lang='grc' dir='ltr'>ἔχομεν,‹‹</span> <span class='ocrx_word' id='word_1_865' title='bbox 2579 4962 2902 5017; x_wconf 85' lang='lat' dir='ltr'>pauperum</span> <span class='ocrx_word' id='word_1_866' title='bbox 2916 4952 3111 5001; x_wconf 87' lang='lat' dir='ltr'>autem</span> <span class='ocrx_word' id='word_1_867' title='bbox 3127 4964 3194 5002; x_wconf 90' lang='lat' dir='ltr'>cu</span> <span class='ocrx_word' id='word_1_868' title='bbox 3206 4948 3331 5002; x_wconf 81' lang='lat' dir='ltr'>ram</span> <span class='ocrx_word' id='word_1_869' title='bbox 3342 4948 3575 5006; x_wconf 80' lang='lat' dir='ltr'>commu</span> <span class='ocrx_word' id='word_1_870' title='bbox 3586 4969 3718 5009; x_wconf 88' lang='lat' dir='ltr'>nem</span> <span class='ocrx_word' id='word_1_871' title='bbox 3733 4954 3831 5009; x_wconf 90' lang='lat' dir='ltr'>ha-</span> 
     </span>
    </p>
   </div>
   <div class='ocr_carea' id='block_1_117' title="bbox 2186 5018 3830 5095">
    <p class='ocr_par' dir='ltr' id='par_1_117' title="bbox 2186 5018 3830 5095">
     <span class='ocr_line' id='line_1_120' title="bbox 2186 5018 3830 5095; baseline 0.003 -20"><span class='ocrx_word' id='word_1_872' title='bbox 2186 5018 2392 5075; x_wconf 83' lang='lat' dir='ltr'>bemus</span> <span class='ocrx_word' id='word_1_873' title='bbox 2411 5042 2436 5067; x_wconf 74' lang='grc' dir='ltr'>υ</span> <span class='ocrx_word' id='word_1_874' title='bbox 2464 5019 2590 5073; x_wconf 87' lang='lat' dir='ltr'>Non</span> <span class='ocrx_word' id='word_1_875' title='bbox 2611 5018 3045 5095; x_wconf 80' lang='lat' dir='ltr'>satisexprimit</span> <span class='ocrx_word' id='word_1_876' title='bbox 3067 5019 3270 5095; x_wconf 81' lang='lat' dir='ltr'>Billius</span> <span class='ocrx_word' id='word_1_877' title='bbox 3287 5021 3511 5095; x_wconf 83' lang='lat' dir='ltr'>dicens:</span> <span class='ocrx_word' id='word_1_878' title='bbox 3547 5046 3575 5071; x_wconf 84' lang='lat'><strong>«</strong></span> <span class='ocrx_word' id='word_1_879' title='bbox 3604 5030 3666 5079; x_wconf 90' lang='lat' dir='ltr'>ut</span> <span class='ocrx_word' id='word_1_880' title='bbox 3688 5043 3830 5095; x_wconf 83' lang='lat' dir='ltr'>pau-</span> 
     </span>
    </p>
   </div>
   <div class='ocr_carea' id='block_1_118' title="bbox 2186 5090 3831 5164">
    <p class='ocr_par' dir='ltr' id='par_1_118' title="bbox 2186 5090 3831 5164">
     <span class='ocr_line' id='line_1_121' title="bbox 2186 5090 3831 5164; baseline 0.005 -20"><span class='ocrx_word' id='word_1_881' title='bbox 2186 5090 2662 5164; x_wconf 62' lang='lat' dir='ltr'>perescommunj</span> <span class='ocrx_word' id='word_1_882' title='bbox 2683 5090 3012 5164; x_wconf 79' lang='lat' dir='ltr'>animorum</span> <span class='ocrx_word' id='word_1_883' title='bbox 3030 5092 3222 5164; x_wconf 76' lang='lat' dir='ltr'>studio</span> <span class='ocrx_word' id='word_1_884' title='bbox 3245 5090 3785 5164; x_wconf 71' lang='lat' dir='ltr'>complecterentur.</span> <span class='ocrx_word' id='word_1_885' title='bbox 3802 5118 3831 5145; x_wconf 85' lang='lat'><strong>»</strong></span> 
     </span>
    </p>
   </div>
   <div class='ocr_carea' id='block_1_119' title="bbox 2255 5156 3517 5233">
    <p class='ocr_par' dir='ltr' id='par_1_119' title="bbox 2255 5156 3517 5233">
     <span class='ocr_line' id='line_1_122' title="bbox 2255 5156 3517 5233; baseline 0.002 -18"><span class='ocrx_word' id='word_1_886' title='bbox 2255 5162 2367 5233; x_wconf 87' lang='grc'>(41)</span> <span class='ocrx_word' id='word_1_887' title='bbox 2417 5156 2479 5212; x_wconf 67' lang='lat' dir='ltr'>E&#39;i</span> <span class='ocrx_word' id='word_1_888' title='bbox 2506 5180 2557 5212; x_wconf 87' lang='grc' dir='ltr'>τι</span> <span class='ocrx_word' id='word_1_889' title='bbox 2581 5157 2706 5233; x_wconf 75' lang='grc' dir='ltr'>οὖν.</span> <span class='ocrx_word' id='word_1_890' title='bbox 2743 5166 2803 5213; x_wconf 88' lang='lat' dir='ltr'>In</span> <span class='ocrx_word' id='word_1_891' title='bbox 2842 5159 3129 5233; x_wconf 80' lang='lat' dir='ltr'>pluribus,</span> <span class='ocrx_word' id='word_1_892' title='bbox 3164 5156 3217 5214; x_wconf 76' lang='grc' dir='ltr'>εἷ’</span> <span class='ocrx_word' id='word_1_893' title='bbox 3238 5182 3289 5214; x_wconf 89' lang='grc' dir='ltr'>τι</span> <span class='ocrx_word' id='word_1_894' title='bbox 3323 5156 3517 5219; x_wconf 71' lang='grc' dir='ltr'>δ”οὗν.</span> 
     </span>
    </p>
   </div>
   <div class='ocr_carea' id='block_1_120' title="bbox 2257 5229 3835 5308">
    <p class='ocr_par' dir='ltr' id='par_1_120' title="bbox 2257 5229 3835 5308">
     <span class='ocr_line' id='line_1_123' title="bbox 2257 5229 3835 5308; baseline 0.004 -22"><span class='ocrx_word' id='word_1_895' title='bbox 2257 5229 2632 5308; x_wconf 40' lang='grc' dir='ltr'>(42ὶΧριστὸν</span> <span class='ocrx_word' id='word_1_896' title='bbox 2667 5229 3101 5306; x_wconf 73' lang='grc' dir='ltr'>θεραπεύσαιμεν.</span> <span class='ocrx_word' id='word_1_897' title='bbox 3138 5233 3267 5289; x_wconf 66' lang='lat' dir='ltr'>Haec</span> <span class='ocrx_word' id='word_1_898' title='bbox 3297 5236 3510 5291; x_wconf 79' lang='lat' dir='ltr'>desunt</span> <span class='ocrx_word' id='word_1_899' title='bbox 3567 5236 3625 5291; x_wconf 89' lang='lat' dir='ltr'>in</span> <span class='ocrx_word' id='word_1_900' title='bbox 3684 5254 3835 5308; x_wconf 81' lang='lat' dir='ltr'>qua-</span> 
     </span>
    </p>
   </div>
   <div class='ocr_carea' id='block_1_121' title="bbox 2185 5303 2575 5375">
    <p class='ocr_par' dir='ltr' id='par_1_121' title="bbox 2185 5303 2575 5375">
     <span class='ocr_line' id='line_1_124' title="bbox 2185 5303 2575 5375; baseline -0.01 -16"><span class='ocrx_word' id='word_1_901' title='bbox 2185 5308 2321 5359; x_wconf 88' lang='lat' dir='ltr'>tuor</span> <span class='ocrx_word' id='word_1_902' title='bbox 2362 5303 2575 5375; x_wconf 82' lang='lat' dir='ltr'>Regiis.</span> 
     </span>
    </p>
   </div>
   <div class='ocr_carea' id='block_1_122' title="bbox 2258 5367 3840 5449">
    <p class='ocr_par' dir='ltr' id='par_1_122' title="bbox 2258 5367 3840 5449">
     <span class='ocr_line' id='line_1_125' title="bbox 2258 5367 3840 5449; baseline 0.003 -20"><span class='ocrx_word' id='word_1_903' title='bbox 2258 5374 2373 5445; x_wconf 83' lang='grc'>(43)</span> <span class='ocrx_word' id='word_1_904' title='bbox 2403 5367 2632 5449; x_wconf 56' lang='grc' dir='ltr'>Χριστόν</span> <span class='ocrx_word' id='word_1_905' title='bbox 2694 5367 2998 5449; x_wconf 76' lang='grc' dir='ltr'>ἐνδύσωμεν</span> <span class='ocrx_word' id='word_1_906' title='bbox 3052 5379 3172 5445; x_wconf 88' lang='lat' dir='ltr'>[pro</span> <span class='ocrx_word' id='word_1_907' title='bbox 3236 5372 3653 5449; x_wconf 80' lang='grc' dir='ltr'>ἐνδυσώμεθα.].</span> <span class='ocrx_word' id='word_1_908' title='bbox 3716 5378 3840 5434; x_wconf 83' lang='lat' dir='ltr'>Bil-</span> 
     </span>
    </p>
   </div>
   <div class='ocr_carea' id='block_1_123' title="bbox 2190 5444 3178 5501">
    <p class='ocr_par' dir='ltr' id='par_1_123' title="bbox 2190 5444 3178 5501">
     <span class='ocr_line' id='line_1_126' title="bbox 2190 5444 3178 5501; baseline -0.007 0"><span class='ocrx_word' id='word_1_909' title='bbox 2190 5444 2345 5501; x_wconf 91' lang='lat' dir='ltr'>lius:</span> <span class='ocrx_word' id='word_1_910' title='bbox 2384 5468 2411 5495; x_wconf 87' lang='lat'><strong><em>«</em></strong></span> <span class='ocrx_word' id='word_1_911' title='bbox 2440 5445 2736 5500; x_wconf 90' lang='lat' dir='ltr'>Christum</span> <span class='ocrx_word' id='word_1_912' title='bbox 2770 5444 3109 5500; x_wconf 87' lang='lat' dir='ltr'>induamus.</span> <span class='ocrx_word' id='word_1_913' title='bbox 3150 5468 3178 5495; x_wconf 87' lang='grc'><strong>››</strong></span> 
     </span>
    </p>
   </div>
   <div class='ocr_carea' id='block_1_124' title="bbox 2286 5515 3502 5592">
    <p class='ocr_par' dir='ltr' id='par_1_124' title="bbox 2286 5515 3502 5592">
     <span class='ocr_line' id='line_1_127' title="bbox 2286 5515 3502 5592; baseline 0.002 -21"><span class='ocrx_word' id='word_1_914' title='bbox 2286 5518 2374 5592; x_wconf 45' lang='lat' dir='ltr'>{sit}</span> <span class='ocrx_word' id='word_1_915' title='bbox 2408 5515 2604 5592; x_wconf 76' lang='grc' dir='ltr'>Μόνον.</span> <span class='ocrx_word' id='word_1_916' title='bbox 2641 5516 2818 5592; x_wconf 32' lang='grc' dir='ltr'>Ηιθεε.</span> <span class='ocrx_word' id='word_1_917' title='bbox 2853 5533 2906 5583; x_wconf 91' lang='lat' dir='ltr'>a,</span> <span class='ocrx_word' id='word_1_918' title='bbox 2940 5532 2990 5581; x_wconf 91' lang='lat' dir='ltr'>c,</span> <span class='ocrx_word' id='word_1_919' title='bbox 3027 5522 3083 5572; x_wconf 90' lang='lat' dir='ltr'>et</span> <span class='ocrx_word' id='word_1_920' title='bbox 3110 5516 3205 5592; x_wconf 80' lang='lat' dir='ltr'>Or.</span> <span class='ocrx_word' id='word_1_921' title='bbox 3237 5519 3292 5586; x_wconf 86' lang='lat'>2,</span> <span class='ocrx_word' id='word_1_922' title='bbox 3329 5517 3502 5592; x_wconf 86' lang='grc' dir='ltr'>μόνῳ.</span> 
     </span>
    </p>
   </div>
   <div class='ocr_carea' id='block_1_125' title="bbox 2286 5586 3658 5659">
    <p class='ocr_par' dir='ltr' id='par_1_125' title="bbox 2286 5586 3658 5659">
     <span class='ocr_line' id='line_1_128' title="bbox 2286 5586 3658 5659; baseline 0.005 -17"><span class='ocrx_word' id='word_1_923' title='bbox 2286 5589 2376 5658; x_wconf 80' lang='grc'>45)</span> <span class='ocrx_word' id='word_1_924' title='bbox 2409 5587 2636 5659; x_wconf 24' lang='grc' dir='ltr'>ιΙιΑόνιυν.</span> <span class='ocrx_word' id='word_1_925' title='bbox 2670 5586 3003 5643; x_wconf 28' lang='grc' dir='ltr'>Ξὶοίοιῑιιιθε</span> <span class='ocrx_word' id='word_1_926' title='bbox 3028 5590 3277 5647; x_wconf 89' lang='lat' dir='ltr'>codices.</span> <span class='ocrx_word' id='word_1_927' title='bbox 3309 5586 3658 5659; x_wconf 74' lang='grc' dir='ltr'>Εό.,’τόνων.</span> 
     </span>
    </p>
   </div>
   <div class='ocr_carea' id='block_1_126' title="bbox 2267 5656 3722 5739">
    <p class='ocr_par' dir='ltr' id='par_1_126' title="bbox 2267 5656 3722 5739">
     <span class='ocr_line' id='line_1_129' title="bbox 2267 5656 3722 5739; baseline -0.001 0"><span class='ocrx_word' id='word_1_928' title='bbox 2267 5656 2380 5739; x_wconf 56' lang='grc' dir='ltr'>ζέῥ)</span> <span class='ocrx_word' id='word_1_929' title='bbox 2413 5656 2840 5739; x_wconf 53' lang='grc' dir='ltr'>ἑῦτέῖλΧριΡῈῷο</span> <span class='ocrx_word' id='word_1_930' title='bbox 2874 5659 3014 5739; x_wconf 49' lang='lat'>11°8-</span> <span class='ocrx_word' id='word_1_931' title='bbox 3048 5660 3348 5739; x_wconf 47' lang='lat' dir='ltr'>b11535“?</span> <span class='ocrx_word' id='word_1_932' title='bbox 3366 5656 3459 5739; x_wconf 61' lang='grc' dir='ltr'>,τῷ</span> <span class='ocrx_word' id='word_1_933' title='bbox 3484 5665 3722 5739; x_wconf 64' lang='grc' dir='ltr'>Χριστῷο</span> 
     </span>
    </p>
   </div>
   <div class='ocr_carea' id='block_1_127' title="bbox 2267 5679 3728 5819">
    <p class='ocr_par' dir='ltr' id='par_1_127' title="bbox 2267 5679 3728 5819">
     <span class='ocr_line' id='line_1_130' title="bbox 2267 5679 3722 5739; baseline 0.004 -25"><span class='ocrx_word' id='word_1_934' title='bbox 2267 5679 2360 5729; x_wconf 60' lang='grc' dir='ltr'>(ιο</span> <span class='ocrx_word' id='word_1_935' title='bbox 2413 5679 2573 5730; x_wconf 75' lang='grc' dir='ltr'>Λυτῳ</span> <span class='ocrx_word' id='word_1_936' title='bbox 2604 5679 2770 5733; x_wconf 54' lang='lat' dir='ltr'>spur:</span> <span class='ocrx_word' id='word_1_937' title='bbox 2827 5699 2840 5713; x_wconf 94' lang='lat'>.</span> <span class='ocrx_word' id='word_1_938' title='bbox 2874 5679 3014 5732; x_wconf 79' lang='lat' dir='ltr'>neg.</span> <span class='ocrx_word' id='word_1_939' title='bbox 3048 5679 3168 5733; x_wconf 81' lang='lat' dir='ltr'>om,</span> <span class='ocrx_word' id='word_1_940' title='bbox 3203 5682 3348 5735; x_wconf 87' lang='grc' dir='ltr'>αυτῳ</span> <span class='ocrx_word' id='word_1_941' title='bbox 3374 5685 3454 5735; x_wconf 87' lang='grc' dir='ltr'>τῳ</span> <span class='ocrx_word' id='word_1_942' title='bbox 3484 5679 3722 5739; x_wconf 69' lang='grc' dir='ltr'>Λριστῳ.</span> 
     </span>
     <span class='ocr_line' id='line_1_131' title="bbox 2267 5679 3728 5819; baseline 0.007 -34"><span class='ocrx_word' id='word_1_943' title='bbox 2267 5679 2381 5808; x_wconf 67' lang='grc'>(47)</span> <span class='ocrx_word' id='word_1_944' title='bbox 2416 5735 2476 5786; x_wconf 81' lang='grc' dir='ltr'><strong>Ἠ</strong></span> <span class='ocrx_word' id='word_1_945' title='bbox 2508 5727 2655 5802; x_wconf 80' lang='grc' dir='ltr'>δόξα.</span> <span class='ocrx_word' id='word_1_946' title='bbox 2686 5679 2923 5787; x_wconf 60' lang='lat' dir='ltr'>Adilunt</span> <span class='ocrx_word' id='word_1_947' title='bbox 2954 5732 3262 5792; x_wconf 90' lang='lat' dir='ltr'>nonnulli:</span> <span class='ocrx_word' id='word_1_948' title='bbox 3294 5734 3382 5790; x_wconf 86' lang='grc' dir='ltr'>καὶ</span> <span class='ocrx_word' id='word_1_949' title='bbox 3410 5735 3472 5793; x_wconf 81' lang='grc' dir='ltr'>τὸ</span> <span class='ocrx_word' id='word_1_950' title='bbox 3511 5737 3728 5819; x_wconf 81' lang='grc' dir='ltr'>κράτος.</span> 
     </span>
    </p>
   </div>
  </div>
