4094 6288
191 405 306 469 915

1437 402 1501 465 S.
1549 401 1919 464 GREGORII
1962 402 2358 464 THEOLOGI

3493 398 3611 460 916

194 539 332 595 bilis
363 537 615 605 soboles,
664 535 885 592 alacres
942 535 1199 591 veritatis
1259 534 1509 608 pugiles,
1570 534 1870 601 Antiochi,

1992 531 2292 609 αλόψυχοι,
2330 534 2539 607 μητρὸς
2573 532 2819 609 εὐγενοῦς
2874 531 3064 607 εὐγενῆ
3104 530 3484 607 βλαστήματα,
3518 545 3617 611 φι-

193 627 561 699 temporibus
593 624 992 693 sublimiores,
1026 625 1237 680 sinceri
1275 624 1537 681 Mosaicae
1570 624 1716 697 legis
1754 625 1844 679 di-

197 713 637 787 scipuli,seduli
670 714 994 785 patriorum
1028 714 1252 768 rituum
1288 714 1559 769 custodes
1605 729 1850 768 numero

198 809 442 877 septem,
474 802 577 872 qui
610 819 894 857 numerus
925 803 1079 873 apud
1116 802 1384 858 Hebraeos
1415 802 1473 856 in
1520 802 1691 856 laude
1741 806 1850 871 est,

197 896 399 963 utpote
426 888 767 961 septenarize
792 888 1006 959 quietis
1030 889 1307 961 mysterio
1326 895 1851 959 coornatus,unum

199 980 514 1052 spirantes,
548 995 733 1032 unum
766 982 1121 1049 spectantes,
1147 996 1329 1033 unum
1364 980 1435 1034 ad
1483 979 1664 1033 vitam
1722 978 1853 1046 iter,

198 1070 311 1125 hoc
342 1072 431 1123 est
488 1070 735 1121 mortem
798 1083 900 1138 pro
952 1066 1077 1138 lege
1129 1067 1230 1122 Dei
1291 1067 1634 1139 oppetitam,
1669 1082 1853 1138 agno-

207 1162 457 1223 scentes,
492 1173 606 1210 non
641 1155 838 1210 minus
868 1155 1061 1211 aninis
1093 1172 1272 1225 quam
1328 1155 1674 1227 corporibus
1732 1156 1850 1209 fra-

201 1244 556 1316 tres,mortis
584 1261 762 1300 causa
791 1244 944 1300 inter
969 1261 1031 1299 se
1061 1244 1252 1299 aemuli
1286 1245 1301 1317 (
1334 1246 1386 1315 οῗ
1417 1261 1539 1299 rem
1599 1244 1853 1299 admira-

201 1334 887 1406 bileml),tormenta,non
920 1350 1088 1389 secus
1111 1350 1175 1388 ac
1197 1334 1505 1389 thesauros
1546 1334 1853 1405 quosdam.

204 1424 701 1497 praeripientes,ac
731 1440 835 1495 pro
868 1423 1152 1495 magistra
1181 1423 1307 1494 lege
1359 1422 1684 1494 periculum
1724 1439 1853 1477 sus-

206 1514 527 1585 cipientes:
592 1513 828 1568 admota
894 1516 1185 1567 tormenta
1242 1528 1357 1567 non
1415 1512 1605 1582 magis
1654 1511 1853 1566 formi-

204 1604 431 1671 dantes,
466 1618 642 1675 quam
677 1618 801 1672 quas
834 1604 1196 1672 supererant,
1232 1600 1594 1673 requirentes
1623 1615 1634 1654 :
1671 1616 1855 1655 unum

206 1692 317 1748 hoc
341 1696 691 1757 metuentes,
714 1707 785 1745 ne
816 1691 1008 1745 fessus
1038 1696 1325 1762 tyrannus
1356 1691 1533 1745 ﬁnem
1557 1689 1855 1745 cruciandi

209 1782 445 1848 faceret,
478 1780 678 1851 sicque
701 1778 964 1834 nonnulli
998 1796 1067 1834 ex
1127 1780 1273 1851 ipsis
1321 1796 1546 1835 coronae
1596 1782 1857 1849 expertes

211 1870 795 1939 abscederent,atque
814 1884 847 1921 a
866 1866 1145 1923 fratribus
1166 1867 1331 1922 inviti
1353 1868 1854 1939 disjungerentur,

214 1975 280 2014 ac
312 1956 527 2012 malam
558 1956 858 2012 victoriam
882 1956 1181 2023 referrent,
1207 1973 1272 2011 eo
1307 1956 1574 2011 videlicet
1602 1955 1861 2024 adducti,

211 2051 275 2102 ut
305 2045 631 2119 periculum
662 2049 836 2113 esset,
870 2061 944 2100 ne
974 2062 1089 2101 non
1118 2045 1537 2100 cruciarentur.

285 2226 379 2282 ιν.
415 2224 536 2281 Illic
562 2224 727 2281 fortis
758 2228 814 2280 et
843 2227 1318 2295 strenua,mater,
1366 2223 1622 2280 ﬁliorum
1684 2222 1864 2279 simul

213 2320 269 2373 et
299 2315 399 2372 Dei
424 2331 651 2382 amans,
684 2318 861 2385 atque
890 2313 972 2368 ita
1003 2315 1229 2383 affecta,
1264 2318 1328 2369 ut
1357 2318 1623 2369 materna
1674 2312 1864 2385 ipsius

213 2407 436 2461 viscera
467 2409 673 2477 praeter
701 2408 919 2458 natura)
952 2419 1175 2459 morem
1207 2402 1865 2474 distorquerentur.Noa

216 2496 373 2551 enim
399 2494 676 2558 ﬁliorum,
709 2492 804 2563 qui
854 2491 1141 2563 supplicio
1200 2492 1628 2559 efﬁciebantur,
1679 2490 1863 2547 vicem

216 2584 486 2641 dolebat:
517 2598 718 2636 verum
754 2580 1003 2636 sollicito
1034 2585 1209 2652 atque
1252 2580 1425 2635 anxio
1474 2580 1671 2636 animo
1719 2584 1862 2647 erat,

220 2690 291 2730 ne
321 2689 436 2727 non
460 2671 604 2742 ipsis
634 2670 991 2742 supplicium
1041 2670 1389 2725 inferretur:
1425 2686 1530 2725 nec
1586 2686 1706 2737 eos,
1764 2668 1867 2739 qui

221 2764 613 2829 excesserunt,
646 2759 834 2830 magis
865 2758 1254 2828 desiderabat,
1290 2775 1468 2830 quam
1501 2757 1757 2829 reliquos
1807 2757 1868 2811 il-

221 2850 295 2907 lis
327 2848 841 2920 adjungioptabat
871 2863 883 2901 :
910 2863 975 2901 ac
1006 2847 1076 2901 de
1107 2847 1199 2904 his
1228 2846 1287 2901 in
1318 2846 1523 2917 majori
1555 2864 1694 2903 cura
1722 2850 1867 2917 erat,

226 2954 403 3011 quam
436 2938 506 2992 de
529 2936 664 3005 illis,
725 2936 823 3007 qui
860 2937 982 3006 jam
1038 2952 1068 2990 e
1102 2936 1219 2990 vita
1268 2936 1612 3007 migrarent.
1648 2935 1866 2990 Horum

227 3027 383 3083 enim
416 3026 660 3080 dubium
689 3029 863 3095 atque
885 3041 1100 3095 anceps
1132 3029 1428 3079 certamen
1461 3029 1601 3079 erat:
1636 3024 1871 3079 illorum

229 3121 426 3173 autem
458 3131 701 3170 securus
732 3113 855 3167 vitae
886 3113 1287 3184 exitus.Atque
1316 3113 1448 3168 illos
1480 3114 1717 3185 quidem
1745 3114 1870 3183 jam

231 3208 344 3262 Deo
376 3204 835 3270 commendarat,
870 3202 976 3257 hos
1008 3208 1204 3258 autem
1242 3207 1308 3257 ut
1352 3207 1503 3257 Deus
1563 3202 1872 3274 acciperet,

228 3293 555 3349 laborabat.
590 3291 633 3347 Ο
655 3290 880 3346 virilem
904 3291 1168 3347 animum
1198 3291 1257 3346 iu
1289 3291 1563 3346 muliebri
1586 3307 1826 3362 corpore
1862 3290 1873 3343 ι
1908 3274 1950 3339 C

232 3382 275 3438 Ο
306 3381 652 3454 praeclarum
685 3383 741 3434 et
790 3380 1202 3435 admirandum
1265 3380 1522 3435 munus!
1558 3378 1601 3434 Ο
1655 3379 1879 3435 sacriﬁ-

233 3471 412 3534 cium,
440 3469 591 3526 289
624 3468 865 3523 Αὶπεώεε
898 3468 1184 3523 sacriﬁcio
1215 3469 1436 3536 (vereor
1467 3485 1538 3524 ne
1569 3468 1677 3522 hoc
1702 3485 1735 3522 a
1789 3482 1883 3522 me

236 3558 515 3616 audacius
538 3558 788 3625 dicatur)
820 3558 1012 3627 majus
1036 3573 1101 3611 ac
1134 3556 1506 3628 praestantius
1532 3555 1543 3609 ί
1568 3556 1669 3611 Ille
1725 3556 1883 3611 enim

239 3664 423 3704 unum
457 3645 635 3702 alacri
667 3645 862 3700 animo
894 3645 1468 3717 obtulit,quanquam
1491 3645 1884 3717 unigenitum,

240 3742 295 3793 et
324 3735 604 3791 divinitus
663 3732 1045 3806 promissum,
1074 3734 1190 3788 imo
1239 3734 1310 3788 ad
1342 3750 1515 3805 quem
1575 3732 1886 3805 promissio

242 3827 374 3898 ipsa
405 3824 784 3891 referebatur;
810 3823 1084 3895 quodque
1133 3824 1326 3894 majus
1351 3827 1457 3891 est,
1493 3823 1593 3894 qui
1627 3839 1739 3877 non
1791 3838 1887 3893 ge-

246 3915 402 3971 neris
432 3917 667 3969 tantum
701 3912 1025 3979 sui,verum
1052 3911 1315 3967 omnium
1348 3911 1521 3967 etiam
1547 3909 1889 3983 hujusmodi

244 4002 577 4061 hostiarum
612 4001 904 4073 primitus,
936 4004 991 4057 et
1022 4001 1187 4055 radix
1216 4001 1473 4057 exstitit:
1527 3999 1646 4055 haec
1695 4005 1890 4054 autem

246 4091 532 4167 populum
567 4089 973 4146 universorum
1005 4088 1263 4145 filiorum
1296 4094 1407 4145 Deo
1439 4088 1889 4157 consecravit;in

339 4324 429 4394 71)
460 4313 780 4394 Ἀντιόχου.-
807 4321 860 4375 Is
889 4319 1599 4394 AntiochusEpipbanes.

339 4324 405 4379 71
460 4324 770 4394 Ἀντιόχου.
807 4324 860 4375 Is
889 4324 1214 4376 Antiochus
1246 4324 1599 4393 Epiphanes.

319 4324 432 4467 (72)
461 4396 565 4446 Τοῦ
594 4390 868 4450 Μωυσέως
913 4390 1109 4461 νόμου.
1167 4392 1284 4463 AL,
1314 4395 1411 4445 τοῦ
1471 4390 1744 4453 Μωϋσέως
1803 4392 1892 4445 νό-

255 4486 412 4593 "‘“i'a
457 4537 594 4601 Τῆς.
630 4534 774 4591 Male
805 4536 935 4601 τῶν,
966 4534 1024 4589 in
1056 4533 1193 4590 edit.

322 4539 437 4681 E74)
470 4602 706 4665 Είδότες.
741 4605 913 4662 Coisl.
977 4609 1028 4677 1,
1075 4606 1193 4662 Gab

254 4682 558 4739 facientes.
592 4700 619 4728 »

327 4754 439 4824 (75)
470 4751 642 4824 Θεορη
655 4751 857 4824 Pass.,
878 4748 1138 4824 Χριστοῦ.

326 4814 438 4897 (76)
469 4816 802 4897 Ἀλλήλους.
828 4820 899 4897 in
930 4814 1321 4897 quibusdam,
1380 4814 1666 4888 ἀλλήλους
1723 4814 1900 4889 ἄλλη-

254 4887 367 4952 λοί.
407 4887 465 4950 ῐή
490 4887 642 4963 aliis,
660 4961 674 4963 _
692 4887 1269 4963 ἀλλήλο›ν’τελευτήν.

326 4968 437 5039 (77)
467 4967 587 5039 Tqu
629 4960 919 5039 βασάνων.
974 4962 1146 5018 Deest
1202 4964 1261 5017 in
1308 4977 1407 5017 sex
1464 4962 1603 5035 Reg.
1636 4966 1693 5017 et
1723 4960 1877 5017 Coisl

251 5042 287 5095 2
316 5042 480 5094 Pass.
493 5082 507 5103 ,

324 5103 837 5183 (78)_¢o'oov3ucvot.
871 5103 1137 5183 Quinque
1169 5104 1393 5183 [tegam
1425 5103 1599 5159 Coisl.
1621 5107 1677 5172 2,
1718 5104 1812 5158 Or.
1844 5104 1899 5173 2,

252 5173 625 5249 Pa‘r.,’Pa88.,
658 5173 855 5249 Gabr.,
889 5173 1116 5249 C9mb.,
1164 5173 1578 5249 εὐλαϐούμενοι.

324 5245 435 5326 (79)
468 5249 659 5319 Νίκην.
683 5248 774 5326 Sic
807 5245 906 5326 sex
934 5248 1136 5319 Regg.,
1188 5249 1362 5305 Coisl.
1398 5245 1450 5315 1,
1504 5247 1691 5314 Pass.,
1744 5245 1901 5316 Par.,

252 5320 455 5382 Co'mb.
484 5326 652 5378 Deest
680 5320 738 5375 in
768 5320 907 5375 edit.

324 5398 437 5468 (80)
470 5389 940 5452 Κινδυνεύσαντες.

259 5487 430 5529 οντες.

329 5539 442 5610 (81)
474 5539 617 5591 Ἐκεῖ
637 5535 797 5610 _Par._,
830 5530 1317 5610 éxsivn,_«_haec-.A»

334 5601 910 5681 (82)Μεγαλοψύχου.
954 5626 983 5655 ‹‹
1044 5605 1337 5677 Magniﬁci
1397 5601 1600 5667 animi,
1656 5602 1903 5674 pPOfUBlB

265 5679 652 5736 liberalitatis.
686 5699 714 5727 »

337 5744 864 5823 (83)Ἀ6ραμιαίου,
934 5748 1072 5820 Reg.
1126 5765 1176 5815 c,
1235 5746 1329 5803 Or.
1387 5746 1443 5814 2,
1502 5745 1656 5816 Sav.,
1700 5744 1902 5814 Gomb,

543 5033 822 5109 βασάνους.

1040 5395 1106 5445 In
1195 5389 1550 5462 quibusdam
1629 5383 1901 5441 κινδυνεύ-

470 4600 706 4665 Είδότες.
741 4605 913 4662 Coisl.
977 4609 1028 4677 1,
1075 4606 1274 4674 Gabr.,
1332 4600 1664 4665 ὁδεύσαντες.
1700 4627 1729 4655 ‹‹
1788 4607 1902 4662 iter
1931 4648 1976 4712 Β
2017 4600 2233 4712 μιὲίὲἒξν,

1963 622 2185 696 λότιμοι
2232 630 2333 693 τῆς
2384 622 2643 693 ἀληθείας
2693 621 3007 696 ἀγωνισταὶ,
3040 626 3144 675 τῶν
3178 620 3467 695 Ἀντιόχου
3500 625 3608 695 (71)

1961 716 2163 787 καιρῶν
2199 710 2549 787 ὑψηλότεροι,
2599 716 2695 766 τοῦ
2744 711 3015 772 Μωϋσέως
3056 710 3230 782 νόμου
3276 712 3388 784 (72)
3435 722 3611 783 μαθη-

1962 801 2049 854 ταὶ
2103 802 2352 875 γνήσιοι,
2408 805 2514 855 τῶν
2576 800 2817 876 πατρίων
2881 799 3014 854 ἐθῶν
3070 795 3314 874 ἀκριϐεῖς
3374 798 3611 877 φύλακες

1963 888 2195 964 ἀριθμὸς
2281 894 2385 943 τῶν
2473 890 2599 963 παρ’
2674 883 2945 964 Ἑϐραίοις
3021 888 3476 961 ἐπαινουμένων,
3533 894 3610 962 τῷ

1963 981 2058 1047 τῆς
2104 981 2211 1050 (73)
2268 973 2633 1051 ἒϐδοματικῆς
2693 977 3039 1039 ἀναπαύσεως
3102 977 3388 1053 μυστηρίῳ
3442 978 3608 1050 τιμώ-

1968 1088 2149 1139 μενος,
2195 1064 2249 1120 ἓν
2310 1068 2575 1132 πνέοντες,
2630 1067 2764 1141 πρὸς
2816 1066 2870 1120 ἓν
2922 1065 3238 1141 βλέποντες,
3294 1066 3418 1139 μίαν
3465 1072 3608 1137 ζωῆς

1965 1152 2087 1209 ὁδὸν
2124 1152 2327 1216 εἰδότες
2359 1158 2492 1229 (74),
2539 1156 2631 1211 τὸν
2687 1156 2818 1231 ὑπὲρ
2871 1160 2966 1211 τοῦ
3020 1160 3153 1210 Θεοῦ
3204 1158 3315 1229 (75)
3363 1157 3608 1225 θάνατον,

1966 1244 2071 1320 οὐχ
2100 1247 2261 1313 ἧττον
2297 1242 2523 1321 ἀδελφοὶ
2571 1245 2667 1306 τὰς
2708 1245 2889 1319 ψυχὰς
2940 1244 2974 1312 ἢ
3007 1245 3074 1298 τὰ
3105 1245 3351 1316 σώματα,
3387 1242 3616 1315 ζηλοτυ-

1965 1338 2190 1396 ποῦντες
2223 1331 2510 1404 ἀλλήλους
2543 1336 2653 1405 (76)
2701 1340 2799 1403 τῆς
2844 1332 3124 1401 τελευτῆς.
3174 1332 3239 1403 (ὦ
3270 1338 3366 1387 τοῦ
3401 1333 3609 1406 θαύμα-

1963 1426 2123 1495 τοςί)
2182 1422 2620 1499 προαρπάζοντες
2678 1421 2857 1498 ὥσπερ
2916 1421 3218 1498 θησαυροὺς
3268 1422 3366 1484 τὰς
3427 1423 3613 1498 βασά-

1964 1534 2112 1582 νους,
2170 1517 2265 1566 τοῦ
2315 1510 2663 1588 παιδαγωγοῦ
2718 1511 2892 1583 νόμου
2954 1510 3491 1584 προκινδυνεύοντες,
3551 1511 3612 1566 οὗ

1964 1603 2058 1662 τὰς
2090 1602 2505 1676 προσαγομένας
2553 1606 2659 1655 τῶν
2715 1602 2959 1676 βασάνων
3010 1603 3121 1673 (77)
3157 1599 3369 1673 μᾶλλον
3410 1595 3614 1678 φοϐού-

1970 1711 2142 1763 μενοι,
2175 1691 2209 1759 ἢ
2238 1690 2330 1751 τὰς
2381 1688 2708 1763 λειπομένας
2759 1690 3155 1759 έπιζητοῦντες’
3207 1688 3260 1743 ἓν
3310 1694 3471 1744 τοῦτο
3517 1711 3613 1767 φο-

1968 1774 2226 1852 ϐούμενοι
2301 1781 2413 1852 (78)
2471 1779 2676 1851 μόνον,
2740 1780 2814 1852 μὴ
2876 1778 3077 1853 ἀπείπῃ
3133 1775 3381 1847 κολάζων
3441 1781 3469 1833 ὁ
3526 1778 3618 1833 τύ-

1972 1889 2185 1944 ραννος,
2242 1869 2332 1922 καὶ
2404 1866 2680 1923 ἀπέλθωσί
2745 1888 2883 1929 τινες
2956 1867 3127 1922 αὐτῶν
3199 1866 3617 1944 ἀστεφάνωτοι,

1973 1958 2063 2011 καὶ
2113 1954 2470 2031 διαζευχθῶσι
2499 1960 2605 2011 τῶν
2639 1954 2888 2034 ἀδελφῶν
2921 1954 3161 2023 ἄκοντες,
3218 1956 3309 2010 καὶ
3364 1957 3463 2025 τὴν
3522 1977 3618 2011 κα-

1974 2045 2074 2113 κὴν
2141 2045 2297 2116 νίκην
2356 2048 2474 2119 (79)
2522 2047 2789 2116 νικήσωσι
2844 2045 2906 2099 τὸ
2967 2046 3043 2118 μὴ
3103 2045 3290 2099 παθεῖν
3343 2042 3619 2101 κινδυνεύ-

1975 2154 2160 2196 σαντες
2192 2135 2304 2207 (80)
2316 2177 2327 2189 .

2046 2222 2115 2278 A'.
2148 2223 2346 2296 Μήτηρ
2376 2220 2486 2276 ἐκεῖ
2522 2224 2637 2296 (81)
2666 2222 2883 2291 νεανικὴ
2930 2221 3020 2276 καὶ
3070 2221 3305 2297 γενναία,
3356 2218 3618 2297 φιλόπαις

1975 2311 2114 2383 ὁμοῦ
2184 2311 2275 2365 καὶ
2366 2310 2619 2387 φιλόθεος
2667 2357 2680 2383 ,
2734 2310 2823 2366 καὶ
2895 2310 2963 2366 τὰ
3023 2315 3251 2387 μητρῷα
3331 2310 3620 2389 σπλάγχνα

1976 2397 2389 2474 σπαρασσομένη
2423 2399 2568 2472 παρά
2594 2399 2656 2454 τὸ
2690 2398 2834 2461 εἷκὸς
2863 2406 2965 2468 τῆς
2997 2398 3229 2477 φύσεως.
3262 2398 3334 2454 O3
3382 2399 3484 2475 γὰρ
3517 2402 3617 2455 πά-

1977 2508 2208 2562 σχοντας
2241 2485 2393 2557 ἠλέει
2422 2488 2549 2549 τοὺς
2580 2486 2796 2556 παῖδας,
2820 2486 2945 2543 ἀλλ’
2968 2488 3181 2563 ἠγωνία
3199 2489 3261 2542 τὸ
3287 2489 3363 2560 μὴ
3404 2495 3614 2553 παθεῖν·

1978 2574 2102 2631 οὐδὲ
2130 2575 2257 2638 τοὺς
2289 2576 2619 2640 ἀπελθόντας
2674 2576 2851 2631 ἐπόθει
2904 2575 3139 2651 μᾶλλον,
3180 2577 3213 2645 ἢ
3259 2579 3619 2652 προστεθῆναι

1975 2664 2102 2726 τοὺς
2162 2664 2587 2742 ὑπολειφθέντας
2646 2663 2850 2741 ηὔχετο
2886 2686 2898 2698 ”
2962 2666 3050 2720 καὶ
3107 2666 3312 2720 τούτων
3364 2668 3431 2735 ἣν
3486 2666 3618 2740 αὐτῇ

1978 2752 2182 2808 πλείων
2213 2755 2239 2807 ὁ
2290 2753 2478 2828 λόγος,
2524 2755 2558 2823 ἢ
2604 2759 2709 2810 τῶν
2767 2757 3160 2826 μεταστάντων.
3204 2759 3318 2808 Τῶν
3378 2755 3472 2827 μὲν
3518 2756 3620 2831 γάρ

1982 2837 2293 2918 ἀμφίϐολος
2342 2844 2375 2910 ἡ
2428 2842 2601 2912 πάλη,
2649 2848 2755 2897 τῶν
2808 2840 2865 2897 δὲ
2918 2840 3167 2919 ἀσφαλὴς
3222 2844 3256 2912 ἡ
3309 2840 3619 2903 κατάλυσις·

1981 2931 2069 2985 καὶ
2101 2930 2223 2991 τοὺς
2261 2931 2351 3002 μὲν
2385 2929 2493 3001 ἤδη
2546 2930 2661 3003 Θεῷ
2706 2932 3041 3006 παρετίθετο,
3070 2932 3198 2993 τοὺς
3244 2929 3301 2986 δὲ
3348 2930 3495 2993 ὅπως
3528 2928 3625 2986 λά-

1984 3015 2052 3093 ϐῃ
2084 3020 2209 3081 Θεὸς
2242 3018 2567 3097 ἐφρόντιζεν.
2603 3022 2665 3074 Ὠ
2696 3024 2882 3095 ψυχῆς
2932 3018 3177 3096 ἀνδρείας
3230 3020 3280 3074 έν
3338 3019 3631 3094 γυναικείῳ

1982 3113 2061 3179 τῷ
2108 3109 2359 3181 σώματι)
2394 3108 2437 3162 ὣ
2487 3109 2785 3181 θαυμασίας
2839 3107 3132 3171 ἐπιδόσεως
3180 3110 3269 3164 καὶ
3319 3108 3633 3186 μεγαλοψύ-

1985 3217 2090 3272 χου
2151 3199 2302 3271 (82)!
2351 3196 2395 3251 ὣ
2447 3200 2546 3268 τῇς
2601 3193 2962 3272 Ἀϐραμιαίου
3016 3200 3130 3272 (83)
3185 3199 3369 3261 θυσίας
3429 3196 3641 3266 ἐκείνης

1991 3286 2035 3340 εἰ
2070 3287 2145 3359 μή
2178 3307 2229 3340 τι
2277 3285 2607 3359 τολμητέον,
2648 3286 2736 3341 καὶ
2790 3292 2972 3359 μεῖζον
3006 3288 3155 3361 (84)ί
3191 3288 3247 3341 Ὀ
3298 3287 3391 3360 μὶν
3420 3287 3519 3362 γὰρ
3550 3285 3640 3342 ἕνα

1989 3374 2245 3451 προσάγει
2292 3375 2627 3450 προθύμως,
2676 3375 2722 3430 εἴ
2772 3377 2861 3430 καὶ
2907 3377 2997 3430 τὸν
3049 3378 3343 3450 μοδογενῆ,
3403 3375 3493 3430 καὶ
3545 3376 3636 3430 τὸν

1997 3464 2056 3519 ἐκ
2091 3466 2190 3532 τῆς
2223 3463 2573 3539 ἐπαγγελίας,
2626 3464 2715 3519 καὶ
2770 3464 2846 3527 εἷς
2896 3464 2954 3519 ὃν
3001 3467 3035 3533 ἡ
3087 3463 3403 3541 ἐπαγγελία·
3452 3464 3541 3518 xui
3578 3463 3641 3518 τὸ

1999 3558 2205 3626 μεῖζον,
2238 3551 2319 3606 ὅτι
2357 3554 2432 3624 μή
2463 3550 2559 3607 τοῦ
2592 3551 2779 3627 γένους
2816 3553 3000 3625 μόνον,
3038 3550 3183 3608 ἀλλὰ
3234 3554 3324 3607 καὶ
3367 3555 3475 3607 τῶν
3524 3572 3641 3606 τοι·

1996 3643 2168 3697 ούτων
2209 3642 2482 3714 θυμάτων,
2537 3641 2761 3716 ἀπαρχὴ
2810 3641 2901 3696 καὶ
2952 3641 3071 3717 ῥίζα
3118 3640 3448 3696 καθίσταται’
3500 3643 3535 3710 ἡ
3586 3638 3643 3694 δὶ

1997 3730 2174 3803 δῆμον
2204 3729 2348 3785 ὅλων
2524 3728 2732 3784 παίδων
2760 3730 3054 3804 καθιέρωσε
3078 3735 3158 3803 τῷ
3209 3736 3348 3802 Θεῷ,
3383 3732 3644 3801 νικήσασα

1996 3820 2084 3874 καὶ
2130 3818 2386 3895 μητέρας,
2426 3821 2514 3873 καὶ
2573 3819 2786 3894 ἱερέας,
2845 3824 2963 3881 τοῖς
3020 3818 3218 3892 θύμασι
3276 3821 3395 3893 (86)
3450 3817 3646 3894 προθύ-

2006 3929 2128 3981 μοις
2182 3908 2256 3969 είς
2307 3909 2515 3982 σφαγὴν
2554 3953 2567 3978 ,
2619 3906 3042 3981 ὁλοκαυτώμασι
3090 3905 3369 3984 λογικοῖς,
3428 3907 3645 3984 ἱερείοις

2004 3997 2401 4071 έπειγομένοις·
2448 3999 2481 4066 ἣ
2528 3997 2764 4070 μαστοὺς
2811 3994 3132 4073 παρεδείκνυ
3185 3998 3330 4071 (87),
3380 3997 3471 4052 καὶ
3521 3997 3651 4051 ἀνα-⁸

1998 4092 2207 4164 τροφῆς
2243 4084 2640 4159 ὑπεμίμνησκε,
2690 4085 2778 4141 xui
2828 4086 3107 4163 προέτεινε
3152 4086 3252 4155 τὴν
3300 4083 3523 4159 πολιὰν,
3563 4086 3652 4141 καὶ

2006 4310 2382 4401 ⁹ᾼ6ραμιαίας.
2414 4349 2485 4358 -
2514 4318 2594 4401 De
2615 4334 2759 4401 voce
2781 4318 2885 4401 hac
2918 4318 3049 4400 vide
3077 4317 3654 4401 qua‘plengdoetis-

2006 4389 2282 4473 simeqnue
2301 4389 2580 4473 disseruit
2609 4393 2667 4444 C.
2706 4395 2768 4473 B_.
2815 4391 2964 4447 Hase
2996 4390 3054 4445 in
3076 4389 3358 4461 Stephani
3388 4389 3657 4447 Thesauro

2006 4462 2145 4519 edit.
2183 4462 2371 4525 Didot,
2406 4462 2515 4516 sub
2547 4479 2705 4528 voce,
2728 4463 2881 4518 Enrr.

2079 4532 2190 4606 (84)
2225 4534 2438 4598 Μεῖζον.
2469 4533 2561 4588 Sic
2593 4533 2731 4606 Reg.
2766 4552 2818 4603 a,
2869 4532 2970 4605 ph,
3003 4533 3155 4603 Par.,
3180 4531 3355 4589 Gabr.
3420 4537 3485 4588 In
3544 4533 3659 4603 ed.,

2080 4678 2191 4747 (85)
2223 4673 2428 4729 ”Ολων.
2463 4676 2558 4731 0r.
2590 4678 2645 4742 2,
2671 4676 2827 4745 Par.,
2861 4675 3086 4745 Comb.,
3120 4671 3251 4728 ὅλον
3281 4674 3505 4747 [longe
3536 4689 3657 4726 me—

2009 4746 2123 4802 lius
2141 4750 2219 4833 l].,‘o_«
2257 4748 2593 4803 universum
2625 4747 2908 4819 p0pulum
2929 4748 3240 4815 ﬁliorum,-
3277 4746 3333 4800 id
3361 4754 3501 4814 esl,«
3526 4758 3656 4798 om-

2010 4834 2113 4873 nes
2137 4818 2309 4873 ﬁlios.
2361 4840 2389 4868 υ
2704 4818 2720 4819 ί

2082 4889 2192 4961 (86)
2222 4894 2345 4947 Τοῖς
2379 4887 2599 4961 θύμασι,
2643 4893 2751 4944 etc.
2785 4888 3027 4961 Billius:
3080 4912 3108 4938 «
3167 4885 3526 4961 Victinarum
3579 4884 3659 4961 _ad

2011 4954 2210 5015 necem
2236 4954 2521 5033 prompte,
2556 4954 2730 5032 atque
2760 4960 3033 5017 alacriter
3065 4956 3461 5033 accedentium
3478 4954 3662 5033 ,holo:

2011 5028 2346 5088 cauetorum
2371 5028 2592 5089 ratione
2615 5028 3469 5103 praeditorum,hostiarumqu_e
3502 5028 3666 5103 omni

2012 5106 2383 5187 festinatione
2406 5106 2476 5160 ad
2498 5099 2787 5160 lanienam
2811 5099 3255 5176 properantium
3280 5099 3672 5156 multitudine

2012 5181 2327 5246 superavit.
2368 5198 2395 5227 »

2083 5249 2193 5319 (87)
2224 5244 2472 5321 Μαστοὺς
2530 5242 2871 5321 παρεδείκνυ,
2942 5251 3051 5321 etc.
3105 5245 3252 5321 ‘Hsac
3303 5260 3335 5297 a
3396 5240 3672 5321 Gregprio

2014 5314 2277 5374 mutu'ata
2302 5319 2574 5374 videntur
2604 5314 2671 5373 ex
2701 5318 2931 5375 Homer.
2962 5317 3136 5374 Iliad.
3170 5329 3465 5379 xxu,vers.
3498 5314 3587 5379 79,
3611 5317 3668 5367 et

2012 5407 2157 5461 seq.,
2192 5391 2290 5445 ubi
2323 5392 2556 5446 Hecuba
2587 5391 2890 5445 Hectorem
2922 5390 3129 5458 ﬁlium,
3157 5404 3229 5442 ne
3259 5402 3395 5441 cum
3437 5382 3666 5438 Achille

2012 5469 2306 5517 certamen
2340 5463 2514 5525 ineat,
2548 5461 2928 5517 dehortatur:

2014 5533 2208 5604 Μήτηρ
2307 5528 2352 5585 δ’
2430 5518 2543 5586 αὖθ’
2618 5531 2872 5606 ἑτέρωθεν
2989 5526 3213 5607 ὀδύρετο
3290 5518 3666 5649 δακρυχέρέῐῖα

2012 5676 2182 5731 Mater
2210 5679 2394 5733 autem
2423 5691 2618 5732 rursus
2641 5691 2712 5733 ea:
2740 5675 2857 5732 alia
2881 5678 3043 5747 parte
3073 5673 3288 5745 lugebat
3316 5597 3659 5809 ιαονῃπιΞτΞΞ,
