  <div class='ocr_page' id='page_1' title='image "/cluster/home/n/w/nwhite01/storage/ocr_20150623/35/mdp.39015012934389/466.png"; bbox 0 0 4094 6288; ppageno 0'>
   <div class='ocr_carea' id='block_1_1' title="bbox 295 426 417 487">
    <p class='ocr_par' dir='ltr' id='par_1_1' title="bbox 295 426 417 487">
     <span class='ocr_line' id='line_1_1' title="bbox 295 426 417 487; baseline -0.016 0"><span class='ocrx_word' id='word_1_1' title='bbox 295 426 417 487; x_wconf 76' lang='grc'>917</span> 
     </span>
    </p>
   </div>
   <div class='ocr_carea' id='block_1_2' title="bbox 1128 415 2894 482">
    <p class='ocr_par' dir='ltr' id='par_1_2' title="bbox 1128 415 2894 482">
     <span class='ocr_line' id='line_1_2' title="bbox 1128 415 2894 482; baseline -0.003 -2"><span class='ocrx_word' id='word_1_2' title='bbox 1128 418 1426 482; x_wconf 78' lang='lat' dir='ltr'>ORATIO</span> <span class='ocrx_word' id='word_1_3' title='bbox 1469 420 1597 479; x_wconf 77' lang='lat' dir='ltr'>XV.</span> <span class='ocrx_word' id='word_1_4' title='bbox 1636 450 1711 462; x_wconf 94' lang='lat'><strong><em>—</em></strong></span> <span class='ocrx_word' id='word_1_5' title='bbox 1740 417 1818 477; x_wconf 82' lang='grc' dir='ltr'>ΙΝ</span> <span class='ocrx_word' id='word_1_6' title='bbox 1870 415 2492 477; x_wconf 69' lang='grc' dir='ltr'>ΜΑΟΗΑΒΕΟΗΠΜ</span> <span class='ocrx_word' id='word_1_7' title='bbox 2544 416 2894 477; x_wconf 86' lang='lat' dir='ltr'>LAUDEM.</span> 
     </span>
    </p>
   </div>
   <div class='ocr_carea' id='block_1_3' title="bbox 3595 414 3715 480">
    <p class='ocr_par' dir='ltr' id='par_1_3' title="bbox 3595 414 3715 480">
     <span class='ocr_line' id='line_1_3' title="bbox 3595 414 3715 480; baseline 0.008 -2"><span class='ocrx_word' id='word_1_8' title='bbox 3595 414 3715 480; x_wconf 74' lang='lat'>918</span> 
     </span>
    </p>
   </div>
   <div class='ocr_carea' id='block_1_4' title="bbox 291 544 1954 630">
    <p class='ocr_par' dir='ltr' id='par_1_4' title="bbox 291 544 1949 630">
     <span class='ocr_line' id='line_1_4' title="bbox 291 544 1949 630; baseline -0.008 -18"><span class='ocrx_word' id='word_1_9' title='bbox 291 557 356 612; x_wconf 82' lang='grc' dir='ltr'>τὸ</span> <span class='ocrx_word' id='word_1_10' title='bbox 395 561 570 630; x_wconf 86' lang='grc' dir='ltr'>γῆρας</span> <span class='ocrx_word' id='word_1_11' title='bbox 624 551 737 615; x_wconf 74' lang='grc' dir='ltr'>ἀνθ’</span> <span class='ocrx_word' id='word_1_12' title='bbox 796 553 909 625; x_wconf 89' lang='grc'>(88)</span> <span class='ocrx_word' id='word_1_13' title='bbox 939 549 1218 622; x_wconf 76' lang='grc' dir='ltr'>ἱκετηρίας</span> <span class='ocrx_word' id='word_1_14' title='bbox 1254 544 1665 625; x_wconf 79' lang='grc' dir='ltr'>προύϐάλλετο·</span> <span class='ocrx_word' id='word_1_15' title='bbox 1726 547 1787 601; x_wconf 77' lang='grc' dir='ltr'>οὐ</span> <span class='ocrx_word' id='word_1_16' title='bbox 1848 567 1949 599; x_wconf 90' lang='grc' dir='ltr'>σω-</span> 
     </span>
    </p>
   </div>
   <div class='ocr_carea' id='block_1_5' title="bbox 2072 544 3709 630">
    <p class='ocr_par' dir='ltr' id='par_1_5' title="bbox 2072 548 3709 619">
     <span class='ocr_line' id='line_1_5' title="bbox 2072 548 3709 619; baseline 0.002 -18"><span class='ocrx_word' id='word_1_17' title='bbox 2072 564 2179 618; x_wconf 84' lang='lat' dir='ltr'>quo</span> <span class='ocrx_word' id='word_1_18' title='bbox 2237 564 2377 602; x_wconf 87' lang='lat' dir='ltr'>sane</span> <span class='ocrx_word' id='word_1_19' title='bbox 2429 552 2668 618; x_wconf 80' lang='lat' dir='ltr'>matres,</span> <span class='ocrx_word' id='word_1_20' title='bbox 2732 555 2855 603; x_wconf 91' lang='lat' dir='ltr'>tum</span> <span class='ocrx_word' id='word_1_21' title='bbox 2914 550 3268 619; x_wconf 78' lang='lat' dir='ltr'>sacerdotes,</span> <span class='ocrx_word' id='word_1_22' title='bbox 3330 548 3580 604; x_wconf 79' lang='lat' dir='ltr'>victimis</span> <span class='ocrx_word' id='word_1_23' title='bbox 3637 552 3709 605; x_wconf 86' lang='lat' dir='ltr'>ad</span> 
     </span>
    </p>
   </div>
   <div class='ocr_carea' id='block_1_6' title="bbox 295 634 1949 720">
    <p class='ocr_par' dir='ltr' id='par_1_6' title="bbox 295 634 1949 720">
     <span class='ocr_line' id='line_1_6' title="bbox 295 634 1949 720; baseline -0.007 -21"><span class='ocrx_word' id='word_1_24' title='bbox 295 644 486 720; x_wconf 84' lang='grc' dir='ltr'>τηρίαν</span> <span class='ocrx_word' id='word_1_25' title='bbox 544 645 799 711; x_wconf 72' lang='grc' dir='ltr'>ζητοῦσα,</span> <span class='ocrx_word' id='word_1_26' title='bbox 849 641 912 694; x_wconf 89' lang='grc' dir='ltr'>τὸ</span> <span class='ocrx_word' id='word_1_27' title='bbox 970 637 1027 693; x_wconf 76' lang='grc' dir='ltr'>δὲ</span> <span class='ocrx_word' id='word_1_28' title='bbox 1065 644 1253 701; x_wconf 83' lang='grc' dir='ltr'>παθεῖν</span> <span class='ocrx_word' id='word_1_29' title='bbox 1287 638 1597 713; x_wconf 79' lang='grc' dir='ltr'>ἐπείγουσα,</span> <span class='ocrx_word' id='word_1_30' title='bbox 1649 636 1738 690; x_wconf 82' lang='grc' dir='ltr'>καὶ</span> <span class='ocrx_word' id='word_1_31' title='bbox 1768 634 1949 689; x_wconf 85' lang='grc' dir='ltr'>κίνδυ-</span> 
     </span>
    </p>
   </div>
   <div class='ocr_carea' id='block_1_7' title="bbox 296 722 1950 806">
    <p class='ocr_par' dir='ltr' id='par_1_7' title="bbox 296 722 1950 806">
     <span class='ocr_line' id='line_1_7' title="bbox 296 722 1950 806; baseline -0.007 -17"><span class='ocrx_word' id='word_1_32' title='bbox 296 754 391 789; x_wconf 89' lang='grc' dir='ltr'>νον</span> <span class='ocrx_word' id='word_1_33' title='bbox 420 729 703 806; x_wconf 74' lang='grc' dir='ltr'>ἡγουμένη</span> <span class='ocrx_word' id='word_1_34' title='bbox 735 732 834 798; x_wconf 77' lang='grc' dir='ltr'>τὴν</span> <span class='ocrx_word' id='word_1_35' title='bbox 878 722 1175 796; x_wconf 76' lang='grc' dir='ltr'>ἀναϐολὴν,</span> <span class='ocrx_word' id='word_1_36' title='bbox 1228 727 1289 782; x_wconf 74' lang='grc' dir='ltr'>οὐ</span> <span class='ocrx_word' id='word_1_37' title='bbox 1334 728 1423 781; x_wconf 87' lang='grc' dir='ltr'>τὸν</span> <span class='ocrx_word' id='word_1_38' title='bbox 1473 727 1721 796; x_wconf 71' lang='grc' dir='ltr'>θάνατον,</span> <span class='ocrx_word' id='word_1_39' title='bbox 1776 726 1809 793; x_wconf 80' lang='grc' dir='ltr'>ἣ</span> <span class='ocrx_word' id='word_1_40' title='bbox 1858 724 1950 777; x_wconf 80' lang='grc' dir='ltr'>οὐ·</span> 
     </span>
    </p>
   </div>
   <div class='ocr_carea' id='block_1_8' title="bbox 300 810 1947 892">
    <p class='ocr_par' dir='ltr' id='par_1_8' title="bbox 300 810 1947 892">
     <span class='ocr_line' id='line_1_8' title="bbox 300 810 1947 892; baseline -0.009 -15"><span class='ocrx_word' id='word_1_41' title='bbox 300 820 385 878; x_wconf 75' lang='grc' dir='ltr'>δὶν</span> <span class='ocrx_word' id='word_1_42' title='bbox 432 819 689 892; x_wconf 78' lang='grc' dir='ltr'>ἔκαμψεν,</span> <span class='ocrx_word' id='word_1_43' title='bbox 742 813 866 870; x_wconf 71' lang='grc' dir='ltr'>οδδὶ</span> <span class='ocrx_word' id='word_1_44' title='bbox 914 814 1236 887; x_wconf 76' lang='grc' dir='ltr'>ἒμαλάκισεν</span> <span class='ocrx_word' id='word_1_45' title='bbox 1287 816 1418 885; x_wconf 91' lang='grc'>(89),</span> <span class='ocrx_word' id='word_1_46' title='bbox 1470 810 1594 867; x_wconf 74' lang='grc' dir='ltr'>οὐδὲ</span> <span class='ocrx_word' id='word_1_47' title='bbox 1644 810 1947 883; x_wconf 84' lang='grc' dir='ltr'>ἀτολμοτὲ-</span> 
     </span>
    </p>
   </div>
   <div class='ocr_carea' id='block_1_9' title="bbox 303 899 1947 990">
    <p class='ocr_par' dir='ltr' id='par_1_9' title="bbox 303 899 1947 990">
     <span class='ocr_line' id='line_1_9' title="bbox 303 899 1947 990; baseline -0.007 -24"><span class='ocrx_word' id='word_1_48' title='bbox 303 932 395 990; x_wconf 91' lang='grc' dir='ltr'>ραν</span> <span class='ocrx_word' id='word_1_49' title='bbox 568 906 841 976; x_wconf 73' lang='grc' dir='ltr'>ἆποίησεν⁸</span> <span class='ocrx_word' id='word_1_50' title='bbox 885 904 983 958; x_wconf 80' lang='grc' dir='ltr'>οὐκ</span> <span class='ocrx_word' id='word_1_51' title='bbox 1013 899 1363 978; x_wconf 75' lang='grc' dir='ltr'>ἀρθρὲμϐολα</span> <span class='ocrx_word' id='word_1_52' title='bbox 1393 904 1505 976; x_wconf 87' lang='grc'>(91)</span> <span class='ocrx_word' id='word_1_53' title='bbox 1536 900 1947 990; x_wconf 83' lang='grc' dir='ltr'>προτεινόμενα,</span> 
     </span>
    </p>
   </div>
   <div class='ocr_carea' id='block_1_10' title="bbox 301 988 1951 1071">
    <p class='ocr_par' dir='ltr' id='par_1_10' title="bbox 301 988 1951 1071">
     <span class='ocr_line' id='line_1_10' title="bbox 301 988 1951 1071; baseline -0.008 -16"><span class='ocrx_word' id='word_1_54' title='bbox 301 988 364 1055; x_wconf 82' lang='grc' dir='ltr'>οὐ</span> <span class='ocrx_word' id='word_1_55' title='bbox 416 996 612 1071; x_wconf 83' lang='grc' dir='ltr'>τροχοὶ</span> <span class='ocrx_word' id='word_1_56' title='bbox 666 992 1140 1070; x_wconf 81' lang='grc' dir='ltr'>προοαλλόμενοι,</span> <span class='ocrx_word' id='word_1_57' title='bbox 1173 992 1233 1045; x_wconf 78' lang='grc' dir='ltr'>οὐ</span> <span class='ocrx_word' id='word_1_58' title='bbox 1263 997 1657 1067; x_wconf 81' lang='grc' dir='ltr'>τροχαντῆρες,</span> <span class='ocrx_word' id='word_1_59' title='bbox 1703 988 1763 1043; x_wconf 82' lang='grc' dir='ltr'>οὐ</span> <span class='ocrx_word' id='word_1_60' title='bbox 1795 1009 1951 1042; x_wconf 87' lang='grc' dir='ltr'>κατα-</span> 
     </span>
    </p>
   </div>
   <div class='ocr_carea' id='block_1_11' title="bbox 295 1076 1951 1156">
    <p class='ocr_par' dir='ltr' id='par_1_11' title="bbox 295 1076 1951 1156">
     <span class='ocr_line' id='line_1_11' title="bbox 295 1076 1951 1156; baseline -0.011 -12"><span class='ocrx_word' id='word_1_61' title='bbox 295 1087 515 1155; x_wconf 81' lang='grc' dir='ltr'>πὲλται,</span> <span class='ocrx_word' id='word_1_62' title='bbox 547 1084 648 1139; x_wconf 76' lang='grc' dir='ltr'>οὐκ</span> <span class='ocrx_word' id='word_1_63' title='bbox 676 1082 845 1155; x_wconf 84' lang='grc' dir='ltr'>ἀκμαὶ</span> <span class='ocrx_word' id='word_1_64' title='bbox 881 1078 1115 1156; x_wconf 77' lang='grc' dir='ltr'>σιδηρῶν</span> <span class='ocrx_word' id='word_1_65' title='bbox 1152 1080 1391 1155; x_wconf 71' lang='grc' dir='ltr'>ὀνύχων,</span> <span class='ocrx_word' id='word_1_66' title='bbox 1433 1078 1495 1133; x_wconf 74' lang='grc' dir='ltr'>οὐ</span> <span class='ocrx_word' id='word_1_67' title='bbox 1542 1080 1666 1155; x_wconf 81' lang='grc' dir='ltr'>ξίφη</span> <span class='ocrx_word' id='word_1_68' title='bbox 1720 1076 1951 1152; x_wconf 83' lang='grc' dir='ltr'>θηγόμε-</span> 
     </span>
    </p>
   </div>
   <div class='ocr_carea' id='block_1_12' title="bbox 295 1165 1948 1249">
    <p class='ocr_par' dir='ltr' id='par_1_12' title="bbox 295 1165 1948 1249">
     <span class='ocr_line' id='line_1_12' title="bbox 295 1165 1948 1249; baseline -0.009 -16"><span class='ocrx_word' id='word_1_69' title='bbox 295 1200 381 1249; x_wconf 75' lang='grc' dir='ltr'>να,</span> <span class='ocrx_word' id='word_1_70' title='bbox 415 1176 476 1231; x_wconf 82' lang='grc' dir='ltr'>οὐ</span> <span class='ocrx_word' id='word_1_71' title='bbox 526 1168 755 1242; x_wconf 66' lang='grc' dir='ltr'>λέϐητες</span> <span class='ocrx_word' id='word_1_72' title='bbox 804 1170 1009 1239; x_wconf 71' lang='grc' dir='ltr'>ζέοντες</span> <span class='ocrx_word' id='word_1_73' title='bbox 1060 1171 1195 1241; x_wconf 74' lang='lat'>(9‘2),</span> <span class='ocrx_word' id='word_1_74' title='bbox 1247 1169 1308 1223; x_wconf 81' lang='grc' dir='ltr'>οὐ</span> <span class='ocrx_word' id='word_1_75' title='bbox 1353 1172 1459 1243; x_wconf 76' lang='grc' dir='ltr'>πῦρ</span> <span class='ocrx_word' id='word_1_76' title='bbox 1493 1166 1854 1243; x_wconf 80' lang='grc' dir='ltr'>ἐγειρόμενον,</span> <span class='ocrx_word' id='word_1_77' title='bbox 1887 1165 1948 1219; x_wconf 80' lang='grc' dir='ltr'>οὐ</span> 
     </span>
    </p>
   </div>
   <div class='ocr_carea' id='block_1_13' title="bbox 293 1254 1950 1341">
    <p class='ocr_par' dir='ltr' id='par_1_13' title="bbox 293 1254 1950 1341">
     <span class='ocr_line' id='line_1_13' title="bbox 293 1254 1950 1341; baseline -0.008 -20"><span class='ocrx_word' id='word_1_78' title='bbox 293 1266 550 1341; x_wconf 79' lang='grc' dir='ltr'>τύραννος</span> <span class='ocrx_word' id='word_1_79' title='bbox 602 1259 863 1327; x_wconf 78' lang='grc' dir='ltr'>ἀπειλῶν,</span> <span class='ocrx_word' id='word_1_80' title='bbox 906 1258 965 1312; x_wconf 81' lang='grc' dir='ltr'>οὐ</span> <span class='ocrx_word' id='word_1_81' title='bbox 1017 1255 1215 1330; x_wconf 83' lang='grc' dir='ltr'>δῆμος,</span> <span class='ocrx_word' id='word_1_82' title='bbox 1268 1256 1330 1311; x_wconf 83' lang='grc' dir='ltr'>οὐ</span> <span class='ocrx_word' id='word_1_83' title='bbox 1372 1254 1676 1334; x_wconf 82' lang='grc' dir='ltr'>δορυφόρος</span> <span class='ocrx_word' id='word_1_84' title='bbox 1709 1255 1950 1309; x_wconf 85' lang='grc' dir='ltr'>κατεπεί-</span> 
     </span>
    </p>
   </div>
   <div class='ocr_carea' id='block_1_14' title="bbox 294 1343 1945 1431">
    <p class='ocr_par' dir='ltr' id='par_1_14' title="bbox 294 1343 1945 1431">
     <span class='ocr_line' id='line_1_14' title="bbox 294 1343 1945 1431; baseline -0.008 -21"><span class='ocrx_word' id='word_1_85' title='bbox 294 1376 408 1431; x_wconf 86' lang='grc' dir='ltr'>γων</span> <span class='ocrx_word' id='word_1_86' title='bbox 445 1356 579 1426; x_wconf 88' lang='grc'>(93),</span> <span class='ocrx_word' id='word_1_87' title='bbox 615 1350 675 1405; x_wconf 82' lang='grc' dir='ltr'>οὐ</span> <span class='ocrx_word' id='word_1_88' title='bbox 706 1348 857 1424; x_wconf 68' lang='grc' dir='ltr'>γένος</span> <span class='ocrx_word' id='word_1_89' title='bbox 910 1347 1213 1419; x_wconf 84' lang='grc' dir='ltr'>ὁρώμενον,</span> <span class='ocrx_word' id='word_1_90' title='bbox 1265 1345 1325 1399; x_wconf 80' lang='grc' dir='ltr'>οὐ</span> <span class='ocrx_word' id='word_1_91' title='bbox 1382 1343 1521 1417; x_wconf 70' lang='grc' dir='ltr'>μέλη</span> <span class='ocrx_word' id='word_1_92' title='bbox 1576 1343 1945 1417; x_wconf 85' lang='grc' dir='ltr'>διασπώμενα,</span> 
     </span>
    </p>
   </div>
   <div class='ocr_carea' id='block_1_15' title="bbox 298 1432 1946 1515">
    <p class='ocr_par' dir='ltr' id='par_1_15' title="bbox 298 1432 1946 1515">
     <span class='ocr_line' id='line_1_15' title="bbox 298 1432 1946 1515; baseline -0.007 -17"><span class='ocrx_word' id='word_1_93' title='bbox 298 1443 360 1498; x_wconf 81' lang='grc' dir='ltr'>οὐ</span> <span class='ocrx_word' id='word_1_94' title='bbox 394 1443 582 1515; x_wconf 82' lang='grc' dir='ltr'>σάρκες</span> <span class='ocrx_word' id='word_1_95' title='bbox 642 1436 971 1508; x_wconf 80' lang='grc' dir='ltr'>ξαινόμεναι,</span> <span class='ocrx_word' id='word_1_96' title='bbox 1029 1432 1135 1509; x_wconf 71' lang='grc' dir='ltr'>οὔχ</span> <span class='ocrx_word' id='word_1_97' title='bbox 1194 1432 1424 1506; x_wconf 70' lang='grc' dir='ltr'>α’ίματος</span> <span class='ocrx_word' id='word_1_98' title='bbox 1467 1433 1653 1507; x_wconf 84' lang='grc' dir='ltr'>ὀχετοὶ</span> <span class='ocrx_word' id='word_1_99' title='bbox 1714 1432 1946 1507; x_wconf 64' lang='grc' dir='ltr'>ῥέοντες,</span> 
     </span>
    </p>
   </div>
   <div class='ocr_carea' id='block_1_16' title="bbox 298 1518 1949 1596">
    <p class='ocr_par' dir='ltr' id='par_1_16' title="bbox 298 1518 1949 1596">
     <span class='ocr_line' id='line_1_16' title="bbox 298 1518 1949 1596; baseline -0.008 -10"><span class='ocrx_word' id='word_1_100' title='bbox 298 1530 360 1587; x_wconf 82' lang='grc' dir='ltr'>οὗ</span> <span class='ocrx_word' id='word_1_101' title='bbox 411 1528 599 1593; x_wconf 79' lang='grc' dir='ltr'>νεότης</span> <span class='ocrx_word' id='word_1_102' title='bbox 651 1524 1036 1596; x_wconf 68' lang='grc' dir='ltr'>δαπανωμένη,</span> <span class='ocrx_word' id='word_1_103' title='bbox 1100 1522 1162 1576; x_wconf 79' lang='grc' dir='ltr'>οὐ</span> <span class='ocrx_word' id='word_1_104' title='bbox 1192 1524 1257 1575; x_wconf 75' lang='grc' dir='ltr'>τὰ</span> <span class='ocrx_word' id='word_1_105' title='bbox 1296 1521 1536 1596; x_wconf 89' lang='grc' dir='ltr'>παρόντα</span> <span class='ocrx_word' id='word_1_106' title='bbox 1585 1518 1745 1589; x_wconf 73' lang='grc' dir='ltr'>δεινὰ,</span> <span class='ocrx_word' id='word_1_107' title='bbox 1792 1520 1853 1574; x_wconf 82' lang='grc' dir='ltr'>οὐ</span> <span class='ocrx_word' id='word_1_108' title='bbox 1883 1523 1949 1573; x_wconf 76' lang='grc' dir='ltr'>τὰ</span> 
     </span>
    </p>
   </div>
   <div class='ocr_carea' id='block_1_17' title="bbox 297 1607 1951 1694">
    <p class='ocr_par' dir='ltr' id='par_1_17' title="bbox 297 1607 1951 1694">
     <span class='ocr_line' id='line_1_17' title="bbox 297 1607 1951 1694; baseline -0.008 -21"><span class='ocrx_word' id='word_1_109' title='bbox 297 1614 758 1694; x_wconf 74' lang='grc' dir='ltr'>ποροσδοκώμενα</span> <span class='ocrx_word' id='word_1_110' title='bbox 788 1610 1005 1687; x_wconf 82' lang='grc' dir='ltr'>χαλεπά</span> <span class='ocrx_word' id='word_1_111' title='bbox 1035 1613 1145 1683; x_wconf 81' lang='grc'>(94)</span> <span class='ocrx_word' id='word_1_112' title='bbox 1173 1631 1183 1642; x_wconf 95' lang='grc'>·</span> <span class='ocrx_word' id='word_1_113' title='bbox 1218 1610 1306 1663; x_wconf 83' lang='grc' dir='ltr'>καὶ</span> <span class='ocrx_word' id='word_1_114' title='bbox 1336 1610 1366 1665; x_wconf 79' lang='grc' dir='ltr'><strong>ὃ</strong></span> <span class='ocrx_word' id='word_1_115' title='bbox 1412 1615 1528 1671; x_wconf 88' lang='grc' dir='ltr'>τοῖς</span> <span class='ocrx_word' id='word_1_116' title='bbox 1560 1607 1754 1671; x_wconf 80' lang='grc' dir='ltr'>ἄλλοις</span> <span class='ocrx_word' id='word_1_117' title='bbox 1792 1608 1951 1683; x_wconf 76' lang='grc' dir='ltr'>βαρύ-</span> 
     </span>
    </p>
   </div>
   <div class='ocr_carea' id='block_1_18' title="bbox 296 1695 1950 1775">
    <p class='ocr_par' dir='ltr' id='par_1_18' title="bbox 296 1695 1950 1775">
     <span class='ocr_line' id='line_1_18' title="bbox 296 1695 1950 1775; baseline -0.007 -13"><span class='ocrx_word' id='word_1_118' title='bbox 296 1706 454 1763; x_wconf 90' lang='grc' dir='ltr'>τατόν</span> <span class='ocrx_word' id='word_1_119' title='bbox 488 1704 623 1759; x_wconf 78' lang='grc' dir='ltr'>ἐστιν</span> <span class='ocrx_word' id='word_1_120' title='bbox 655 1704 765 1775; x_wconf 88' lang='grc'>(95)</span> <span class='ocrx_word' id='word_1_121' title='bbox 800 1700 849 1755; x_wconf 81' lang='grc' dir='ltr'>ἐν</span> <span class='ocrx_word' id='word_1_122' title='bbox 882 1704 1000 1761; x_wconf 88' lang='grc' dir='ltr'>τοῖς</span> <span class='ocrx_word' id='word_1_123' title='bbox 1029 1698 1301 1761; x_wconf 73' lang='grc' dir='ltr'>τοιούτοις</span> <span class='ocrx_word' id='word_1_124' title='bbox 1333 1701 1367 1766; x_wconf 73' lang='grc' dir='ltr'><strong>ἡ</strong></span> <span class='ocrx_word' id='word_1_125' title='bbox 1391 1702 1487 1752; x_wconf 76' lang='grc' dir='ltr'>τοῦ</span> <span class='ocrx_word' id='word_1_126' title='bbox 1516 1695 1767 1752; x_wconf 78' lang='grc' dir='ltr'>κινδύνου</span> <span class='ocrx_word' id='word_1_127' title='bbox 1788 1698 1950 1772; x_wconf 74' lang='grc' dir='ltr'>παρέ-</span> 
     </span>
    </p>
   </div>
   <div class='ocr_carea' id='block_1_19' title="bbox 296 1785 1945 1865">
    <p class='ocr_par' dir='ltr' id='par_1_19' title="bbox 296 1785 1945 1865">
     <span class='ocr_line' id='line_1_19' title="bbox 296 1785 1945 1865; baseline -0.01 -15"><span class='ocrx_word' id='word_1_128' title='bbox 296 1815 504 1865; x_wconf 87' lang='grc' dir='ltr'>κτασις,</span> <span class='ocrx_word' id='word_1_129' title='bbox 535 1795 696 1847; x_wconf 76' lang='grc' dir='ltr'>τοῦτο</span> <span class='ocrx_word' id='word_1_130' title='bbox 730 1788 905 1861; x_wconf 76' lang='grc' dir='ltr'>ἐκείνῃ</span> <span class='ocrx_word' id='word_1_131' title='bbox 949 1788 1012 1841; x_wconf 89' lang='grc' dir='ltr'>τὸ</span> <span class='ocrx_word' id='word_1_132' title='bbox 1066 1787 1396 1864; x_wconf 83' lang='grc' dir='ltr'>κουφότατον</span> <span class='ocrx_word' id='word_1_133' title='bbox 1429 1789 1519 1855; x_wconf 75' lang='grc' dir='ltr'>ἦν’</span> <span class='ocrx_word' id='word_1_134' title='bbox 1557 1785 1817 1863; x_wconf 71' lang='grc' dir='ltr'>ὲνετρόφα</span> <span class='ocrx_word' id='word_1_135' title='bbox 1846 1786 1945 1861; x_wconf 71' lang='grc' dir='ltr'>γὰρ</span> 
     </span>
    </p>
   </div>
   <div class='ocr_carea' id='block_1_20' title="bbox 294 1869 2025 1981">
    <p class='ocr_par' dir='ltr' id='par_1_20' title="bbox 294 1869 2025 1981">
     <span class='ocr_line' id='line_1_20' title="bbox 294 1869 2025 1981; baseline -0.008 -41"><span class='ocrx_word' id='word_1_136' title='bbox 294 1889 375 1956; x_wconf 84' lang='grc' dir='ltr'>τῷ</span> <span class='ocrx_word' id='word_1_137' title='bbox 404 1883 629 1955; x_wconf 73' lang='grc' dir='ltr'>θεάματι</span> <span class='ocrx_word' id='word_1_138' title='bbox 655 1898 667 1910; x_wconf 92' lang='grc'><strong>·</strong></span> <span class='ocrx_word' id='word_1_139' title='bbox 703 1878 791 1934; x_wconf 85' lang='grc' dir='ltr'>καὶ</span> <span class='ocrx_word' id='word_1_140' title='bbox 823 1878 927 1952; x_wconf 79' lang='grc' dir='ltr'>γάρ</span> <span class='ocrx_word' id='word_1_141' title='bbox 958 1897 1075 1938; x_wconf 87' lang='grc' dir='ltr'>πως</span> <span class='ocrx_word' id='word_1_142' title='bbox 1106 1876 1195 1929; x_wconf 84' lang='grc' dir='ltr'>καὶ</span> <span class='ocrx_word' id='word_1_143' title='bbox 1221 1869 1411 1951; x_wconf 80' lang='grc' dir='ltr'>τριϐὴν</span> <span class='ocrx_word' id='word_1_144' title='bbox 1446 1874 1672 1929; x_wconf 72' lang='grc' dir='ltr'>ἐνεποίει</span> <span class='ocrx_word' id='word_1_145' title='bbox 1702 1881 1821 1935; x_wconf 90' lang='grc' dir='ltr'>τοῖς</span> <span class='ocrx_word' id='word_1_146' title='bbox 1851 1876 1948 1928; x_wconf 77' lang='grc' dir='ltr'>πά·</span> <span class='ocrx_word' id='word_1_147' title='bbox 1982 1919 2025 1981; x_wconf 78' lang='grc' dir='ltr'>Β</span> 
     </span>
     <span class='ocr_line' id='line_1_21' title="bbox 536 1962 1910 1981; baseline 0 0"><span class='ocrx_word' id='word_1_148' title='bbox 536 1969 549 1981; x_wconf 83' lang='grc'><strong>.</strong></span> <span class='ocrx_word' id='word_1_149' title='bbox 625 1968 637 1981; x_wconf 79' lang='grc'>.</span> <span class='ocrx_word' id='word_1_150' title='bbox 818 1964 854 1981; x_wconf 59' lang='grc' dir='ltr'>,ς</span> <span class='ocrx_word' id='word_1_151' title='bbox 998 1969 1023 1979; x_wconf 88' lang='grc'>..</span> <span class='ocrx_word' id='word_1_152' title='bbox 1406 1962 1416 1981; x_wconf 75' lang='grc'><strong><em>1</em></strong></span> <span class='ocrx_word' id='word_1_153' title='bbox 1566 1964 1593 1981; x_wconf 72' lang='grc' dir='ltr'>η</span> <span class='ocrx_word' id='word_1_154' title='bbox 1683 1964 1693 1981; x_wconf 68' lang='grc' dir='ltr'>ν</span> <span class='ocrx_word' id='word_1_155' title='bbox 1899 1962 1910 1981; x_wconf 83' lang='grc'><em>1</em></span> 
     </span>
    </p>
   </div>
   <div class='ocr_carea' id='block_1_21' title="bbox 296 1962 1946 2041">
    <p class='ocr_par' dir='ltr' id='par_1_21' title="bbox 296 1962 1946 2041">
     <span class='ocr_line' id='line_1_22' title="bbox 296 1962 1946 2041; baseline -0.007 -13"><span class='ocrx_word' id='word_1_156' title='bbox 296 1984 462 2041; x_wconf 86' lang='grc' dir='ltr'>θεσιν,</span> <span class='ocrx_word' id='word_1_157' title='bbox 496 1969 557 2025; x_wconf 81' lang='grc' dir='ltr'>οὐ</span> <span class='ocrx_word' id='word_1_158' title='bbox 585 1968 648 2023; x_wconf 84' lang='grc' dir='ltr'>τὸ</span> <span class='ocrx_word' id='word_1_159' title='bbox 678 1964 930 2021; x_wconf 76' lang='grc' dir='ltr'>ποικίλον</span> <span class='ocrx_word' id='word_1_160' title='bbox 958 1969 1064 2018; x_wconf 81' lang='grc' dir='ltr'>τῶν</span> <span class='ocrx_word' id='word_1_161' title='bbox 1106 1962 1526 2039; x_wconf 69' lang='grc' dir='ltr'>προσαγομένων</span> <span class='ocrx_word' id='word_1_162' title='bbox 1566 1964 1805 2037; x_wconf 85' lang='grc' dir='ltr'>βασάνων</span> <span class='ocrx_word' id='word_1_163' title='bbox 1844 1962 1946 2035; x_wconf 88' lang='grc' dir='ltr'>μό-</span> 
     </span>
    </p>
   </div>
   <div class='ocr_carea' id='block_1_22' title="bbox 293 2049 1947 2129">
    <p class='ocr_par' dir='ltr' id='par_1_22' title="bbox 293 2049 1947 2129">
     <span class='ocr_line' id='line_1_23' title="bbox 293 2049 1947 2129; baseline -0.006 -14"><span class='ocrx_word' id='word_1_164' title='bbox 293 2080 407 2129; x_wconf 90' lang='grc' dir='ltr'>νον,</span> <span class='ocrx_word' id='word_1_165' title='bbox 442 2059 515 2112; x_wconf 84' lang='grc' dir='ltr'>ὤν</span> <span class='ocrx_word' id='word_1_166' title='bbox 544 2060 749 2125; x_wconf 82' lang='grc' dir='ltr'>πασῶν,</span> <span class='ocrx_word' id='word_1_167' title='bbox 782 2054 857 2115; x_wconf 83' lang='grc' dir='ltr'>ὡς</span> <span class='ocrx_word' id='word_1_168' title='bbox 893 2051 1018 2107; x_wconf 71' lang='grc' dir='ltr'>οὐδὲ</span> <span class='ocrx_word' id='word_1_169' title='bbox 1046 2053 1119 2113; x_wconf 77' lang='grc' dir='ltr'>εἷς</span> <span class='ocrx_word' id='word_1_170' title='bbox 1182 2058 1332 2125; x_wconf 78' lang='grc' dir='ltr'>μιᾶς,</span> <span class='ocrx_word' id='word_1_171' title='bbox 1370 2051 1751 2125; x_wconf 79' lang='grc' dir='ltr'>κατεφρόνουν·</span> <span class='ocrx_word' id='word_1_172' title='bbox 1802 2049 1947 2105; x_wconf 77' lang='grc' dir='ltr'>ἀλλὰ</span> 
     </span>
    </p>
   </div>
   <div class='ocr_carea' id='block_1_23' title="bbox 303 2135 1948 2216">
    <p class='ocr_par' dir='ltr' id='par_1_23' title="bbox 303 2135 1948 2216">
     <span class='ocr_line' id='line_1_24' title="bbox 303 2135 1948 2216; baseline -0.006 -13"><span class='ocrx_word' id='word_1_173' title='bbox 303 2150 393 2204; x_wconf 87' lang='grc' dir='ltr'>καὶ</span> <span class='ocrx_word' id='word_1_174' title='bbox 424 2148 478 2201; x_wconf 73' lang='grc' dir='ltr'>οἱ</span> <span class='ocrx_word' id='word_1_175' title='bbox 504 2150 600 2200; x_wconf 78' lang='grc' dir='ltr'>τοῦ</span> <span class='ocrx_word' id='word_1_176' title='bbox 632 2143 866 2199; x_wconf 83' lang='grc' dir='ltr'>διώκτου</span> <span class='ocrx_word' id='word_1_177' title='bbox 899 2140 1060 2215; x_wconf 86' lang='grc' dir='ltr'>λόγοι</span> <span class='ocrx_word' id='word_1_178' title='bbox 1091 2138 1406 2202; x_wconf 80' lang='grc' dir='ltr'>πολυειδεῖς</span> <span class='ocrx_word' id='word_1_179' title='bbox 1438 2135 1948 2216; x_wconf 74' lang='grc' dir='ltr'>ὄντες,ὑϐρίζοντος,</span> 
     </span>
    </p>
   </div>
   <div class='ocr_carea' id='block_1_24' title="bbox 304 2228 1951 2306">
    <p class='ocr_par' dir='ltr' id='par_1_24' title="bbox 304 2228 1951 2306">
     <span class='ocr_line' id='line_1_25' title="bbox 304 2228 1951 2306; baseline -0.006 -15"><span class='ocrx_word' id='word_1_180' title='bbox 304 2234 683 2303; x_wconf 73' lang='grc' dir='ltr'>ἀπειλοῦντος,</span> <span class='ocrx_word' id='word_1_181' title='bbox 715 2231 1075 2291; x_wconf 78' lang='grc' dir='ltr'>θωπεύοντος·</span> <span class='ocrx_word' id='word_1_182' title='bbox 1108 2229 1161 2284; x_wconf 84' lang='grc' dir='ltr'>τί</span> <span class='ocrx_word' id='word_1_183' title='bbox 1190 2230 1293 2305; x_wconf 79' lang='grc' dir='ltr'>γὰρ</span> <span class='ocrx_word' id='word_1_184' title='bbox 1326 2230 1386 2283; x_wconf 78' lang='grc' dir='ltr'>οὐ</span> <span class='ocrx_word' id='word_1_185' title='bbox 1417 2234 1695 2291; x_wconf 78' lang='grc' dir='ltr'>κινοῦντος</span> <span class='ocrx_word' id='word_1_186' title='bbox 1728 2231 1860 2306; x_wconf 84' lang='grc' dir='ltr'>πρὸς</span> <span class='ocrx_word' id='word_1_187' title='bbox 1888 2228 1951 2285; x_wconf 90' lang='grc' dir='ltr'>τὸ</span> 
     </span>
    </p>
   </div>
   <div class='ocr_carea' id='block_1_25' title="bbox 296 2319 859 2401">
    <p class='ocr_par' dir='ltr' id='par_1_25' title="bbox 296 2319 859 2401">
     <span class='ocr_line' id='line_1_26' title="bbox 296 2319 859 2401; baseline -0.014 -20"><span class='ocrx_word' id='word_1_188' title='bbox 296 2331 484 2401; x_wconf 83' lang='grc' dir='ltr'>τυχεῖν</span> <span class='ocrx_word' id='word_1_189' title='bbox 519 2324 592 2377; x_wconf 84' lang='grc' dir='ltr'>ὧν</span> <span class='ocrx_word' id='word_1_190' title='bbox 620 2319 824 2391; x_wconf 73' lang='grc' dir='ltr'>ἤλπιζε</span> <span class='ocrx_word' id='word_1_191' title='bbox 847 2339 859 2389; x_wconf 93' lang='grc'><strong>;</strong></span> 
     </span>
    </p>
   </div>
   <div class='ocr_carea' id='block_1_26' title="bbox 2062 636 3708 709">
    <p class='ocr_par' dir='ltr' id='par_1_26' title="bbox 2062 636 3708 709">
     <span class='ocr_line' id='line_1_27' title="bbox 2062 636 3708 709; baseline 0.003 -20"><span class='ocrx_word' id='word_1_192' title='bbox 2062 652 2261 691; x_wconf 86' lang='lat' dir='ltr'>necem</span> <span class='ocrx_word' id='word_1_193' title='bbox 2296 636 2606 705; x_wconf 80' lang='lat' dir='ltr'>alacribus,</span> <span class='ocrx_word' id='word_1_194' title='bbox 2641 636 2997 693; x_wconf 78' lang='lat' dir='ltr'>holocaustis</span> <span class='ocrx_word' id='word_1_195' title='bbox 3031 638 3254 693; x_wconf 89' lang='lat' dir='ltr'>ratione</span> <span class='ocrx_word' id='word_1_196' title='bbox 3274 638 3571 709; x_wconf 71' lang='lat' dir='ltr'>lpraaditis,</span> <span class='ocrx_word' id='word_1_197' title='bbox 3605 639 3708 694; x_wconf 88' lang='lat' dir='ltr'>ho-</span> 
     </span>
    </p>
   </div>
   <div class='ocr_carea' id='block_1_27' title="bbox 2060 725 3711 799">
    <p class='ocr_par' dir='ltr' id='par_1_27' title="bbox 2060 725 3711 799">
     <span class='ocr_line' id='line_1_28' title="bbox 2060 725 3711 799; baseline 0.001 -19"><span class='ocrx_word' id='word_1_198' title='bbox 2060 725 2191 780; x_wconf 84' lang='lat' dir='ltr'>stiis</span> <span class='ocrx_word' id='word_1_199' title='bbox 2223 726 2294 779; x_wconf 90' lang='lat' dir='ltr'>ad</span> <span class='ocrx_word' id='word_1_200' title='bbox 2326 725 2618 781; x_wconf 86' lang='lat' dir='ltr'>lanienam</span> <span class='ocrx_word' id='word_1_201' title='bbox 2666 728 3133 798; x_wconf 82' lang='lat' dir='ltr'>properantibus,</span> <span class='ocrx_word' id='word_1_202' title='bbox 3167 726 3482 799; x_wconf 81' lang='lat' dir='ltr'>superavit.</span> <span class='ocrx_word' id='word_1_203' title='bbox 3524 730 3711 799; x_wconf 84' lang='lat' dir='ltr'>Atque</span> 
     </span>
    </p>
   </div>
   <div class='ocr_carea' id='block_1_28' title="bbox 2061 814 3709 887">
    <p class='ocr_par' dir='ltr' id='par_1_28' title="bbox 2061 814 3709 887">
     <span class='ocr_line' id='line_1_29' title="bbox 2061 814 3709 887; baseline 0.003 -20"><span class='ocrx_word' id='word_1_204' title='bbox 2061 815 2240 867; x_wconf 80' lang='lat' dir='ltr'>ubera</span> <span class='ocrx_word' id='word_1_205' title='bbox 2278 815 2517 883; x_wconf 88' lang='lat' dir='ltr'>quidem</span> <span class='ocrx_word' id='word_1_206' title='bbox 2549 814 2666 869; x_wconf 87' lang='lat' dir='ltr'>illis</span> <span class='ocrx_word' id='word_1_207' title='bbox 2714 816 3067 882; x_wconf 83' lang='lat' dir='ltr'>ostentabat,</span> <span class='ocrx_word' id='word_1_208' title='bbox 3100 821 3155 869; x_wconf 90' lang='lat' dir='ltr'>et</span> <span class='ocrx_word' id='word_1_209' title='bbox 3186 815 3468 887; x_wconf 83' lang='lat' dir='ltr'>puerilem</span> <span class='ocrx_word' id='word_1_210' title='bbox 3499 817 3709 872; x_wconf 77' lang='lat' dir='ltr'>educa-</span> 
     </span>
    </p>
   </div>
   <div class='ocr_carea' id='block_1_29' title="bbox 2057 902 3707 975">
    <p class='ocr_par' dir='ltr' id='par_1_29' title="bbox 2057 902 3707 975">
     <span class='ocr_line' id='line_1_30' title="bbox 2057 902 3707 975; baseline 0.002 -20"><span class='ocrx_word' id='word_1_211' title='bbox 2057 902 2276 956; x_wconf 82' lang='lat' dir='ltr'>tionem</span> <span class='ocrx_word' id='word_1_212' title='bbox 2309 903 2366 955; x_wconf 93' lang='lat' dir='ltr'>in</span> <span class='ocrx_word' id='word_1_213' title='bbox 2392 903 2733 957; x_wconf 88' lang='lat' dir='ltr'>memoriam</span> <span class='ocrx_word' id='word_1_214' title='bbox 2757 905 3083 969; x_wconf 84' lang='lat' dir='ltr'>revocabat,</span> <span class='ocrx_word' id='word_1_215' title='bbox 3106 904 3496 974; x_wconf 84' lang='lat' dir='ltr'>canitiemque</span> <span class='ocrx_word' id='word_1_216' title='bbox 3519 904 3707 975; x_wconf 82' lang='lat' dir='ltr'>ipsam</span> 
     </span>
    </p>
   </div>
   <div class='ocr_carea' id='block_1_30' title="bbox 2063 992 3707 1064">
    <p class='ocr_par' dir='ltr' id='par_1_30' title="bbox 2063 992 3707 1064">
     <span class='ocr_line' id='line_1_31' title="bbox 2063 992 3707 1064; baseline 0.002 -20"><span class='ocrx_word' id='word_1_217' title='bbox 2063 992 2462 1061; x_wconf 88' lang='lat' dir='ltr'>protendebat,</span> <span class='ocrx_word' id='word_1_218' title='bbox 2498 1010 2562 1046; x_wconf 91' lang='lat' dir='ltr'>ac</span> <span class='ocrx_word' id='word_1_219' title='bbox 2604 992 2813 1047; x_wconf 88' lang='lat' dir='ltr'>seniles</span> <span class='ocrx_word' id='word_1_220' title='bbox 2847 1010 3052 1059; x_wconf 91' lang='lat' dir='ltr'>annos,</span> <span class='ocrx_word' id='word_1_221' title='bbox 3088 994 3371 1064; x_wconf 91' lang='lat' dir='ltr'>supplicis</span> <span class='ocrx_word' id='word_1_222' title='bbox 3399 995 3707 1064; x_wconf 83' lang='lat' dir='ltr'>cujusdam</span> 
     </span>
    </p>
   </div>
   <div class='ocr_carea' id='block_1_31' title="bbox 2059 1079 3706 1153">
    <p class='ocr_par' dir='ltr' id='par_1_31' title="bbox 2059 1079 3706 1153">
     <span class='ocr_line' id='line_1_32' title="bbox 2059 1079 3706 1153; baseline 0.002 -20"><span class='ocrx_word' id='word_1_223' title='bbox 2059 1079 2339 1134; x_wconf 91' lang='lat' dir='ltr'>orationis</span> <span class='ocrx_word' id='word_1_224' title='bbox 2385 1081 2531 1150; x_wconf 92' lang='lat' dir='ltr'>loco,</span> <span class='ocrx_word' id='word_1_225' title='bbox 2585 1083 2956 1153; x_wconf 77' lang='lat' dir='ltr'>proferebat;</span> <span class='ocrx_word' id='word_1_226' title='bbox 3009 1100 3146 1150; x_wconf 89' lang='lat' dir='ltr'>non,</span> <span class='ocrx_word' id='word_1_227' title='bbox 3181 1089 3243 1136; x_wconf 90' lang='lat' dir='ltr'>ut</span> <span class='ocrx_word' id='word_1_228' title='bbox 3276 1082 3362 1137; x_wconf 92' lang='lat' dir='ltr'>illi</span> <span class='ocrx_word' id='word_1_229' title='bbox 3409 1083 3539 1137; x_wconf 68' lang='lat' dir='ltr'>vita:</span> <span class='ocrx_word' id='word_1_230' title='bbox 3589 1100 3706 1138; x_wconf 76' lang='lat' dir='ltr'>suaa</span> 
     </span>
    </p>
   </div>
   <div class='ocr_carea' id='block_1_32' title="bbox 2060 1168 3706 1239">
    <p class='ocr_par' dir='ltr' id='par_1_32' title="bbox 2060 1168 3706 1239">
     <span class='ocr_line' id='line_1_33' title="bbox 2060 1168 3706 1239; baseline 0.004 -18"><span class='ocrx_word' id='word_1_231' title='bbox 2060 1168 2450 1237; x_wconf 86' lang='lat' dir='ltr'>consulerent,</span> <span class='ocrx_word' id='word_1_232' title='bbox 2486 1187 2769 1239; x_wconf 65' lang='lat' dir='ltr'>quaerens,</span> <span class='ocrx_word' id='word_1_233' title='bbox 2806 1172 2905 1224; x_wconf 88' lang='lat' dir='ltr'>sed</span> <span class='ocrx_word' id='word_1_234' title='bbox 2942 1172 3009 1225; x_wconf 89' lang='lat' dir='ltr'>ad</span> <span class='ocrx_word' id='word_1_235' title='bbox 3041 1171 3377 1226; x_wconf 87' lang='lat' dir='ltr'>subeundos</span> <span class='ocrx_word' id='word_1_236' title='bbox 3409 1172 3706 1227; x_wconf 87' lang='lat' dir='ltr'>cruciatus</span> 
     </span>
    </p>
   </div>
   <div class='ocr_carea' id='block_1_33' title="bbox 2059 1257 3705 1329">
    <p class='ocr_par' dir='ltr' id='par_1_33' title="bbox 2059 1257 3705 1329">
     <span class='ocr_line' id='line_1_34' title="bbox 2059 1257 3705 1329; baseline 0.002 -18"><span class='ocrx_word' id='word_1_237' title='bbox 2059 1257 2373 1329; x_wconf 85' lang='lat' dir='ltr'>adurgens,</span> <span class='ocrx_word' id='word_1_238' title='bbox 2408 1276 2471 1312; x_wconf 90' lang='lat' dir='ltr'>ac</span> <span class='ocrx_word' id='word_1_239' title='bbox 2526 1261 2728 1313; x_wconf 87' lang='lat' dir='ltr'>mortis</span> <span class='ocrx_word' id='word_1_240' title='bbox 2778 1259 3136 1326; x_wconf 79' lang='lat' dir='ltr'>dilationem,</span> <span class='ocrx_word' id='word_1_241' title='bbox 3176 1277 3288 1313; x_wconf 93' lang='lat' dir='ltr'>non</span> <span class='ocrx_word' id='word_1_242' title='bbox 3323 1265 3519 1315; x_wconf 83' lang='lat' dir='ltr'>autem</span> <span class='ocrx_word' id='word_1_243' title='bbox 3551 1277 3705 1315; x_wconf 90' lang='lat' dir='ltr'>mor-</span> 
     </span>
    </p>
   </div>
   <div class='ocr_carea' id='block_1_34' title="bbox 2059 1347 3708 1420">
    <p class='ocr_par' dir='ltr' id='par_1_34' title="bbox 2059 1347 3708 1420">
     <span class='ocr_line' id='line_1_35' title="bbox 2059 1347 3708 1420; baseline 0.002 -18"><span class='ocrx_word' id='word_1_244' title='bbox 2059 1353 2197 1416; x_wconf 91' lang='lat' dir='ltr'>tem,</span> <span class='ocrx_word' id='word_1_245' title='bbox 2231 1347 2618 1417; x_wconf 81' lang='lat' dir='ltr'>periculosam</span> <span class='ocrx_word' id='word_1_246' title='bbox 2652 1365 2780 1403; x_wconf 85' lang='lat' dir='ltr'>esse</span> <span class='ocrx_word' id='word_1_247' title='bbox 2810 1350 3172 1403; x_wconf 74' lang='lat' dir='ltr'>existimans.</span> <span class='ocrx_word' id='word_1_248' title='bbox 3206 1350 3383 1420; x_wconf 82' lang='lat' dir='ltr'>Cujus</span> <span class='ocrx_word' id='word_1_249' title='bbox 3415 1349 3596 1404; x_wconf 89' lang='lat' dir='ltr'>animi</span> <span class='ocrx_word' id='word_1_250' title='bbox 3620 1367 3708 1405; x_wconf 88' lang='lat' dir='ltr'>ro-</span> 
     </span>
    </p>
   </div>
   <div class='ocr_carea' id='block_1_35' title="bbox 2061 1436 3706 1507">
    <p class='ocr_par' dir='ltr' id='par_1_35' title="bbox 2061 1436 3706 1507">
     <span class='ocr_line' id='line_1_36' title="bbox 2061 1436 3706 1507; baseline 0.002 -18"><span class='ocrx_word' id='word_1_251' title='bbox 2061 1436 2170 1490; x_wconf 88' lang='lat' dir='ltr'>bur</span> <span class='ocrx_word' id='word_1_252' title='bbox 2200 1441 2374 1507; x_wconf 89' lang='lat' dir='ltr'>atque</span> <span class='ocrx_word' id='word_1_253' title='bbox 2404 1438 2793 1491; x_wconf 83' lang='lat' dir='ltr'>constantiam</span> <span class='ocrx_word' id='word_1_254' title='bbox 2826 1438 2971 1492; x_wconf 89' lang='lat' dir='ltr'>nihil</span> <span class='ocrx_word' id='word_1_255' title='bbox 3004 1444 3228 1492; x_wconf 83' lang='lat' dir='ltr'>ﬂectere</span> <span class='ocrx_word' id='word_1_256' title='bbox 3261 1444 3317 1492; x_wconf 89' lang='lat' dir='ltr'>et</span> <span class='ocrx_word' id='word_1_257' title='bbox 3349 1437 3610 1493; x_wconf 89' lang='lat' dir='ltr'>emollire</span> <span class='ocrx_word' id='word_1_258' title='bbox 3640 1455 3706 1494; x_wconf 91' lang='lat' dir='ltr'>ac</span> 
     </span>
    </p>
   </div>
   <div class='ocr_carea' id='block_1_36' title="bbox 2059 1525 3704 1597">
    <p class='ocr_par' dir='ltr' id='par_1_36' title="bbox 2059 1525 3704 1597">
     <span class='ocr_line' id='line_1_37' title="bbox 2059 1525 3704 1597; baseline 0.001 -17"><span class='ocrx_word' id='word_1_259' title='bbox 2059 1525 2358 1580; x_wconf 84' lang='lat' dir='ltr'>debilitare</span> <span class='ocrx_word' id='word_1_260' title='bbox 2390 1530 2613 1597; x_wconf 86' lang='lat' dir='ltr'>potuit;</span> <span class='ocrx_word' id='word_1_261' title='bbox 2658 1544 2771 1581; x_wconf 91' lang='lat' dir='ltr'>non</span> <span class='ocrx_word' id='word_1_262' title='bbox 2822 1528 3215 1583; x_wconf 89' lang='lat' dir='ltr'>instrumenta</span> <span class='ocrx_word' id='word_1_263' title='bbox 3244 1527 3516 1583; x_wconf 81' lang='lat' dir='ltr'>luxandis</span> <span class='ocrx_word' id='word_1_264' title='bbox 3547 1533 3704 1584; x_wconf 87' lang='lat' dir='ltr'>artu-</span> 
     </span>
    </p>
   </div>
   <div class='ocr_carea' id='block_1_37' title="bbox 2059 1614 3705 1687">
    <p class='ocr_par' dir='ltr' id='par_1_37' title="bbox 2059 1614 3705 1687">
     <span class='ocr_line' id='line_1_38' title="bbox 2059 1614 3705 1687; baseline 0.002 -19"><span class='ocrx_word' id='word_1_265' title='bbox 2059 1614 2169 1668; x_wconf 92' lang='lat' dir='ltr'>bus</span> <span class='ocrx_word' id='word_1_266' title='bbox 2200 1616 2659 1680; x_wconf 86' lang='lat' dir='ltr'>accommodata,</span> <span class='ocrx_word' id='word_1_267' title='bbox 2694 1632 2820 1686; x_wconf 78' lang='lat' dir='ltr'>quae</span> <span class='ocrx_word' id='word_1_268' title='bbox 2864 1616 2919 1668; x_wconf 92' lang='lat' dir='ltr'>in</span> <span class='ocrx_word' id='word_1_269' title='bbox 2952 1616 3209 1670; x_wconf 90' lang='lat' dir='ltr'>medium</span> <span class='ocrx_word' id='word_1_270' title='bbox 3244 1616 3705 1687; x_wconf 84' lang='lat' dir='ltr'>proferebantur,</span> 
     </span>
    </p>
   </div>
   <div class='ocr_carea' id='block_1_38' title="bbox 2060 1705 3707 1775">
    <p class='ocr_par' dir='ltr' id='par_1_38' title="bbox 2060 1705 3707 1775">
     <span class='ocr_line' id='line_1_39' title="bbox 2060 1705 3707 1775; baseline 0.002 -17"><span class='ocrx_word' id='word_1_271' title='bbox 2060 1720 2173 1758; x_wconf 93' lang='lat' dir='ltr'>non</span> <span class='ocrx_word' id='word_1_272' title='bbox 2208 1709 2346 1759; x_wconf 66' lang='lat' dir='ltr'>rotae</span> <span class='ocrx_word' id='word_1_273' title='bbox 2377 1721 2506 1773; x_wconf 66' lang='lat' dir='ltr'>quae</span> <span class='ocrx_word' id='word_1_274' title='bbox 2539 1706 3036 1775; x_wconf 80' lang='lat' dir='ltr'>proponebantur,</span> <span class='ocrx_word' id='word_1_275' title='bbox 3070 1722 3181 1759; x_wconf 91' lang='lat' dir='ltr'>non</span> <span class='ocrx_word' id='word_1_276' title='bbox 3212 1705 3707 1775; x_wconf 85' lang='lat' dir='ltr'>exquisistissima</span> 
     </span>
    </p>
   </div>
   <div class='ocr_carea' id='block_1_39' title="bbox 2059 1793 3704 1865">
    <p class='ocr_par' dir='ltr' id='par_1_39' title="bbox 2059 1793 3704 1865">
     <span class='ocr_line' id='line_1_40' title="bbox 2059 1793 3704 1865; baseline 0.001 -19"><span class='ocrx_word' id='word_1_277' title='bbox 2059 1809 2303 1863; x_wconf 76' lang='lat' dir='ltr'>quaeque</span> <span class='ocrx_word' id='word_1_278' title='bbox 2374 1798 2797 1847; x_wconf 84' lang='lat' dir='ltr'>tormentorum</span> <span class='ocrx_word' id='word_1_279' title='bbox 2865 1810 3124 1865; x_wconf 77' lang='lat' dir='ltr'>genere,</span> <span class='ocrx_word' id='word_1_280' title='bbox 3194 1810 3310 1848; x_wconf 92' lang='lat' dir='ltr'>non</span> <span class='ocrx_word' id='word_1_281' title='bbox 3385 1793 3704 1848; x_wconf 86' lang='lat' dir='ltr'>ferrearum</span> 
     </span>
    </p>
   </div>
   <div class='ocr_carea' id='block_1_40' title="bbox 2057 1881 3706 1954">
    <p class='ocr_par' dir='ltr' id='par_1_40' title="bbox 2057 1881 3706 1954">
     <span class='ocr_line' id='line_1_41' title="bbox 2057 1881 3706 1954; baseline 0.001 -19"><span class='ocrx_word' id='word_1_282' title='bbox 2057 1881 2413 1949; x_wconf 77' lang='lat' dir='ltr'>ungularum</span> <span class='ocrx_word' id='word_1_283' title='bbox 2484 1882 2657 1951; x_wconf 85' lang='lat' dir='ltr'>acies,</span> <span class='ocrx_word' id='word_1_284' title='bbox 2736 1900 2850 1937; x_wconf 91' lang='lat' dir='ltr'>non</span> <span class='ocrx_word' id='word_1_285' title='bbox 2916 1900 3087 1937; x_wconf 88' lang='lat' dir='ltr'>enses</span> <span class='ocrx_word' id='word_1_286' title='bbox 3153 1883 3253 1954; x_wconf 92' lang='lat' dir='ltr'>qui</span> <span class='ocrx_word' id='word_1_287' title='bbox 3320 1883 3706 1950; x_wconf 88' lang='lat' dir='ltr'>acuebantur,</span> 
     </span>
    </p>
   </div>
   <div class='ocr_carea' id='block_1_41' title="bbox 2058 1970 3706 2042">
    <p class='ocr_par' dir='ltr' id='par_1_41' title="bbox 2058 1970 3706 2042">
     <span class='ocr_line' id='line_1_42' title="bbox 2058 1970 3706 2042; baseline 0.002 -19"><span class='ocrx_word' id='word_1_288' title='bbox 2058 1986 2171 2023; x_wconf 92' lang='lat' dir='ltr'>non</span> <span class='ocrx_word' id='word_1_289' title='bbox 2234 1972 2515 2025; x_wconf 80' lang='lat' dir='ltr'>ferventes</span> <span class='ocrx_word' id='word_1_290' title='bbox 2571 1970 2718 2037; x_wconf 68' lang='lat' dir='ltr'>ollae,</span> <span class='ocrx_word' id='word_1_291' title='bbox 2776 1987 2889 2024; x_wconf 90' lang='lat' dir='ltr'>non</span> <span class='ocrx_word' id='word_1_292' title='bbox 2950 1971 3103 2042; x_wconf 82' lang='lat' dir='ltr'>ignis</span> <span class='ocrx_word' id='word_1_293' title='bbox 3162 1970 3261 2041; x_wconf 92' lang='lat' dir='ltr'>qui</span> <span class='ocrx_word' id='word_1_294' title='bbox 3318 1971 3706 2037; x_wconf 81' lang='lat' dir='ltr'>excitabatur,</span> 
     </span>
    </p>
   </div>
   <div class='ocr_carea' id='block_1_42' title="bbox 2057 2058 3703 2131">
    <p class='ocr_par' dir='ltr' id='par_1_42' title="bbox 2057 2058 3703 2131">
     <span class='ocr_line' id='line_1_43' title="bbox 2057 2058 3703 2131; baseline 0.001 -18"><span class='ocrx_word' id='word_1_295' title='bbox 2057 2075 2173 2113; x_wconf 91' lang='lat' dir='ltr'>non</span> <span class='ocrx_word' id='word_1_296' title='bbox 2222 2058 2453 2130; x_wconf 78' lang='lat' dir='ltr'>tyranni</span> <span class='ocrx_word' id='word_1_297' title='bbox 2499 2060 2692 2126; x_wconf 70' lang='lat' dir='ltr'>minae,</span> <span class='ocrx_word' id='word_1_298' title='bbox 2726 2076 2839 2113; x_wconf 92' lang='lat' dir='ltr'>non</span> <span class='ocrx_word' id='word_1_299' title='bbox 2888 2059 3159 2130; x_wconf 89' lang='lat' dir='ltr'>populus,</span> <span class='ocrx_word' id='word_1_300' title='bbox 3192 2076 3306 2114; x_wconf 91' lang='lat' dir='ltr'>non</span> <span class='ocrx_word' id='word_1_301' title='bbox 3352 2076 3568 2131; x_wconf 90' lang='lat' dir='ltr'>urgens</span> <span class='ocrx_word' id='word_1_302' title='bbox 3612 2078 3703 2114; x_wconf 85' lang='lat' dir='ltr'>sa-</span> 
     </span>
    </p>
   </div>
   <div class='ocr_carea' id='block_1_43' title="bbox 2058 2147 3711 2218">
    <p class='ocr_par' dir='ltr' id='par_1_43' title="bbox 2058 2147 3711 2218">
     <span class='ocr_line' id='line_1_44' title="bbox 2058 2147 3711 2218; baseline -0.001 -16"><span class='ocrx_word' id='word_1_303' title='bbox 2058 2147 2253 2213; x_wconf 87' lang='lat' dir='ltr'>telles,</span> <span class='ocrx_word' id='word_1_304' title='bbox 2288 2163 2403 2201; x_wconf 89' lang='lat' dir='ltr'>non</span> <span class='ocrx_word' id='word_1_305' title='bbox 2436 2148 2663 2218; x_wconf 81' lang='lat' dir='ltr'>generis</span> <span class='ocrx_word' id='word_1_306' title='bbox 2694 2153 2987 2217; x_wconf 88' lang='lat' dir='ltr'>aspectus,</span> <span class='ocrx_word' id='word_1_307' title='bbox 3024 2166 3137 2202; x_wconf 91' lang='lat' dir='ltr'>non</span> <span class='ocrx_word' id='word_1_308' title='bbox 3171 2149 3434 2203; x_wconf 87' lang='lat' dir='ltr'>membra</span> <span class='ocrx_word' id='word_1_309' title='bbox 3465 2166 3591 2218; x_wconf 60' lang='lat' dir='ltr'>quae</span> <span class='ocrx_word' id='word_1_310' title='bbox 3620 2149 3711 2202; x_wconf 91' lang='lat' dir='ltr'>di-</span> 
     </span>
    </p>
   </div>
   <div class='ocr_carea' id='block_1_44' title="bbox 2063 2236 3712 2306">
    <p class='ocr_par' dir='ltr' id='par_1_44' title="bbox 2063 2236 3712 2306">
     <span class='ocr_line' id='line_1_45' title="bbox 2063 2236 3712 2306; baseline 0 -16"><span class='ocrx_word' id='word_1_311' title='bbox 2063 2236 2500 2305; x_wconf 86' lang='lat' dir='ltr'>scerpebantur,</span> <span class='ocrx_word' id='word_1_312' title='bbox 2537 2252 2651 2289; x_wconf 91' lang='lat' dir='ltr'>non</span> <span class='ocrx_word' id='word_1_313' title='bbox 2696 2252 2901 2291; x_wconf 88' lang='lat' dir='ltr'>carnes</span> <span class='ocrx_word' id='word_1_314' title='bbox 2953 2253 3078 2306; x_wconf 74' lang='lat' dir='ltr'>quae</span> <span class='ocrx_word' id='word_1_315' title='bbox 3128 2236 3555 2305; x_wconf 88' lang='lat' dir='ltr'>lacerabautur,</span> <span class='ocrx_word' id='word_1_316' title='bbox 3598 2253 3712 2291; x_wconf 89' lang='lat' dir='ltr'>non</span> 
     </span>
    </p>
   </div>
   <div class='ocr_carea' id='block_1_45' title="bbox 2066 2322 3714 2396">
    <p class='ocr_par' dir='ltr' id='par_1_45' title="bbox 2066 2322 3714 2396">
     <span class='ocr_line' id='line_1_46' title="bbox 2066 2322 3714 2396; baseline 0.002 -18"><span class='ocrx_word' id='word_1_317' title='bbox 2066 2323 2371 2395; x_wconf 82' lang='lat' dir='ltr'>sanguinis</span> <span class='ocrx_word' id='word_1_318' title='bbox 2421 2324 2743 2379; x_wconf 86' lang='lat' dir='ltr'>deﬂuentes</span> <span class='ocrx_word' id='word_1_319' title='bbox 2785 2324 2909 2389; x_wconf 86' lang='lat' dir='ltr'>rivi,</span> <span class='ocrx_word' id='word_1_320' title='bbox 2946 2342 3055 2379; x_wconf 90' lang='lat' dir='ltr'>non</span> <span class='ocrx_word' id='word_1_321' title='bbox 3101 2322 3378 2395; x_wconf 90' lang='lat' dir='ltr'>juvenilis</span> <span class='ocrx_word' id='word_1_322' title='bbox 3426 2330 3564 2381; x_wconf 78' lang='lat' dir='ltr'>astas</span> <span class='ocrx_word' id='word_1_323' title='bbox 3589 2342 3714 2396; x_wconf 72' lang='lat' dir='ltr'>quaa</span> 
     </span>
    </p>
   </div>
   <div class='ocr_carea' id='block_1_46' title="bbox 306 2410 3715 2485">
    <p class='ocr_par' dir='ltr' id='par_1_46' title="bbox 306 2410 3715 2485">
     <span class='ocr_line' id='line_1_47' title="bbox 306 2410 3715 2485; baseline -0.001 -13"><span class='ocrx_word' id='word_1_324' title='bbox 306 2415 749 2479; x_wconf 76' lang='lat' dir='ltr'>absumebatur,</span> <span class='ocrx_word' id='word_1_325' title='bbox 784 2428 899 2466; x_wconf 93' lang='lat' dir='ltr'>non</span> <span class='ocrx_word' id='word_1_326' title='bbox 933 2410 1243 2483; x_wconf 68' lang='lat' dir='ltr'>praesentia</span> <span class='ocrx_word' id='word_1_327' title='bbox 1287 2410 1461 2481; x_wconf 90' lang='lat' dir='ltr'>mala,</span> <span class='ocrx_word' id='word_1_328' title='bbox 1494 2428 1608 2466; x_wconf 92' lang='lat' dir='ltr'>non</span> <span class='ocrx_word' id='word_1_329' title='bbox 1641 2411 2047 2484; x_wconf 89' lang='lat' dir='ltr'>impendentes</span> <span class='ocrx_word' id='word_1_330' title='bbox 2098 2412 2463 2468; x_wconf 85' lang='lat' dir='ltr'>acerbitates.</span> <span class='ocrx_word' id='word_1_331' title='bbox 2496 2412 2642 2476; x_wconf 90' lang='lat' dir='ltr'>Quin</span> <span class='ocrx_word' id='word_1_332' title='bbox 2676 2413 2875 2479; x_wconf 90' lang='lat' dir='ltr'>etiam,</span> <span class='ocrx_word' id='word_1_333' title='bbox 2908 2414 3036 2485; x_wconf 89' lang='lat' dir='ltr'>ipsa</span> <span class='ocrx_word' id='word_1_334' title='bbox 3085 2413 3325 2484; x_wconf 89' lang='lat' dir='ltr'>periculi</span> <span class='ocrx_word' id='word_1_335' title='bbox 3372 2430 3554 2481; x_wconf 89' lang='lat' dir='ltr'>mora,</span> <span class='ocrx_word' id='word_1_336' title='bbox 3588 2430 3715 2485; x_wconf 73' lang='lat' dir='ltr'>quas</span> 
     </span>
    </p>
   </div>
   <div class='ocr_carea' id='block_1_47' title="bbox 304 2501 3718 2575">
    <p class='ocr_par' dir='ltr' id='par_1_47' title="bbox 304 2501 3718 2575">
     <span class='ocr_line' id='line_1_48' title="bbox 304 2501 3718 2575; baseline -0.001 -14"><span class='ocrx_word' id='word_1_337' title='bbox 304 2506 433 2562; x_wconf 84' lang='lat' dir='ltr'>aliis</span> <span class='ocrx_word' id='word_1_338' title='bbox 464 2506 523 2561; x_wconf 90' lang='lat' dir='ltr'>in</span> <span class='ocrx_word' id='word_1_339' title='bbox 556 2502 899 2574; x_wconf 89' lang='lat' dir='ltr'>bujusmodi</span> <span class='ocrx_word' id='word_1_340' title='bbox 945 2501 1121 2555; x_wconf 89' lang='lat' dir='ltr'>rebus</span> <span class='ocrx_word' id='word_1_341' title='bbox 1168 2501 1520 2572; x_wconf 86' lang='lat' dir='ltr'>gravissima</span> <span class='ocrx_word' id='word_1_342' title='bbox 1568 2518 1697 2557; x_wconf 89' lang='lat' dir='ltr'>esse</span> <span class='ocrx_word' id='word_1_343' title='bbox 1745 2503 1914 2567; x_wconf 85' lang='lat' dir='ltr'>solet,</span> <span class='ocrx_word' id='word_1_344' title='bbox 1947 2502 2245 2557; x_wconf 88' lang='lat' dir='ltr'>levissima</span> <span class='ocrx_word' id='word_1_345' title='bbox 2277 2502 2359 2556; x_wconf 91' lang='lat' dir='ltr'>illi</span> <span class='ocrx_word' id='word_1_346' title='bbox 2402 2504 2727 2558; x_wconf 90' lang='lat' dir='ltr'>videbatur.</span> <span class='ocrx_word' id='word_1_347' title='bbox 2760 2504 2841 2557; x_wconf 83' lang='lat' dir='ltr'>Ex</span> <span class='ocrx_word' id='word_1_348' title='bbox 2889 2503 2997 2558; x_wconf 90' lang='lat' dir='ltr'>hoc</span> <span class='ocrx_word' id='word_1_349' title='bbox 3042 2504 3197 2558; x_wconf 90' lang='lat' dir='ltr'>enim</span> <span class='ocrx_word' id='word_1_350' title='bbox 3247 2504 3576 2575; x_wconf 90' lang='lat' dir='ltr'>spectaculo</span> <span class='ocrx_word' id='word_1_351' title='bbox 3624 2504 3718 2558; x_wconf 91' lang='lat' dir='ltr'>in-</span> 
     </span>
    </p>
   </div>
   <div class='ocr_carea' id='block_1_48' title="bbox 303 2590 3719 2665">
    <p class='ocr_par' dir='ltr' id='par_1_48' title="bbox 303 2590 3719 2665">
     <span class='ocr_line' id='line_1_49' title="bbox 303 2590 3719 2665; baseline -0.001 -14"><span class='ocrx_word' id='word_1_352' title='bbox 303 2594 562 2651; x_wconf 90' lang='lat' dir='ltr'>credibili</span> <span class='ocrx_word' id='word_1_353' title='bbox 596 2593 852 2665; x_wconf 84' lang='lat' dir='ltr'>quadam</span> <span class='ocrx_word' id='word_1_354' title='bbox 883 2590 1179 2661; x_wconf 91' lang='lat' dir='ltr'>voluptate</span> <span class='ocrx_word' id='word_1_355' title='bbox 1228 2590 1705 2661; x_wconf 86' lang='lat' dir='ltr'>perfundebatur.</span> <span class='ocrx_word' id='word_1_356' title='bbox 1742 2592 1964 2647; x_wconf 88' lang='lat' dir='ltr'>Moram</span> <span class='ocrx_word' id='word_1_357' title='bbox 2007 2593 2224 2663; x_wconf 89' lang='lat' dir='ltr'>quippe</span> <span class='ocrx_word' id='word_1_358' title='bbox 2274 2592 2581 2664; x_wconf 89' lang='lat' dir='ltr'>suppliciis</span> <span class='ocrx_word' id='word_1_359' title='bbox 2628 2594 3061 2664; x_wconf 91' lang='lat' dir='ltr'>quodammodo</span> <span class='ocrx_word' id='word_1_360' title='bbox 3095 2593 3391 2659; x_wconf 74' lang='lat' dir='ltr'>afferebat,</span> <span class='ocrx_word' id='word_1_361' title='bbox 3427 2611 3539 2647; x_wconf 91' lang='lat' dir='ltr'>non</span> <span class='ocrx_word' id='word_1_362' title='bbox 3591 2593 3719 2665; x_wconf 89' lang='lat' dir='ltr'>ipsa</span> 
     </span>
    </p>
   </div>
   <div class='ocr_carea' id='block_1_49' title="bbox 300 2680 3716 2753">
    <p class='ocr_par' dir='ltr' id='par_1_49' title="bbox 300 2680 3716 2753">
     <span class='ocr_line' id='line_1_50' title="bbox 300 2680 3716 2753; baseline -0.001 -13"><span class='ocrx_word' id='word_1_363' title='bbox 300 2689 534 2741; x_wconf 84' lang='lat' dir='ltr'>tantum</span> <span class='ocrx_word' id='word_1_364' title='bbox 584 2685 1034 2746; x_wconf 89' lang='lat' dir='ltr'>tormentorum,</span> <span class='ocrx_word' id='word_1_365' title='bbox 1068 2696 1194 2750; x_wconf 66' lang='lat' dir='ltr'>quas</span> <span class='ocrx_word' id='word_1_366' title='bbox 1245 2680 1729 2749; x_wconf 87' lang='lat' dir='ltr'>admovebantur,</span> <span class='ocrx_word' id='word_1_367' title='bbox 1764 2680 2034 2750; x_wconf 88' lang='lat' dir='ltr'>varietas,</span> <span class='ocrx_word' id='word_1_368' title='bbox 2087 2697 2215 2751; x_wconf 67' lang='lat' dir='ltr'>quae</span> <span class='ocrx_word' id='word_1_369' title='bbox 2267 2681 2463 2736; x_wconf 89' lang='lat' dir='ltr'>omnia</span> <span class='ocrx_word' id='word_1_370' title='bbox 2512 2681 2593 2735; x_wconf 90' lang='lat' dir='ltr'>illi</span> <span class='ocrx_word' id='word_1_371' title='bbox 2644 2681 2969 2736; x_wconf 87' lang='lat' dir='ltr'>animosius</span> <span class='ocrx_word' id='word_1_372' title='bbox 3018 2683 3503 2753; x_wconf 87' lang='lat' dir='ltr'>aspernabantur,</span> <span class='ocrx_word' id='word_1_373' title='bbox 3539 2698 3716 2753; x_wconf 90' lang='lat' dir='ltr'>quam</span> 
     </span>
    </p>
   </div>
   <div class='ocr_carea' id='block_1_50' title="bbox 301 2769 3716 2847">
    <p class='ocr_par' dir='ltr' id='par_1_50' title="bbox 301 2769 3716 2847">
     <span class='ocr_line' id='line_1_51' title="bbox 301 2769 3716 2847; baseline -0.001 -16"><span class='ocrx_word' id='word_1_374' title='bbox 301 2774 493 2847; x_wconf 89' lang='lat' dir='ltr'>quivis</span> <span class='ocrx_word' id='word_1_375' title='bbox 527 2772 681 2828; x_wconf 87' lang='lat' dir='ltr'>alius</span> <span class='ocrx_word' id='word_1_376' title='bbox 712 2788 897 2827; x_wconf 91' lang='lat' dir='ltr'>unum</span> <span class='ocrx_word' id='word_1_377' title='bbox 929 2787 1131 2826; x_wconf 91' lang='lat' dir='ltr'>eorum</span> <span class='ocrx_word' id='word_1_378' title='bbox 1163 2769 1250 2825; x_wconf 92' lang='lat' dir='ltr'>vel</span> <span class='ocrx_word' id='word_1_379' title='bbox 1282 2769 1468 2826; x_wconf 91' lang='lat' dir='ltr'>levius</span> <span class='ocrx_word' id='word_1_380' title='bbox 1500 2770 1806 2826; x_wconf 86' lang='lat' dir='ltr'>tolerasset</span> <span class='ocrx_word' id='word_1_381' title='bbox 1835 2789 1846 2825; x_wconf 91' lang='lat'><strong>:</strong></span> <span class='ocrx_word' id='word_1_382' title='bbox 1881 2788 2079 2826; x_wconf 85' lang='lat' dir='ltr'>verum</span> <span class='ocrx_word' id='word_1_383' title='bbox 2113 2772 2289 2826; x_wconf 85' lang='lat' dir='ltr'>etiam</span> <span class='ocrx_word' id='word_1_384' title='bbox 2320 2772 2676 2842; x_wconf 86' lang='lat' dir='ltr'>multiplices</span> <span class='ocrx_word' id='word_1_385' title='bbox 2706 2772 2935 2840; x_wconf 84' lang='lat' dir='ltr'>tyranni</span> <span class='ocrx_word' id='word_1_386' title='bbox 2969 2789 3289 2838; x_wconf 87' lang='lat' dir='ltr'>sermones,</span> <span class='ocrx_word' id='word_1_387' title='bbox 3324 2789 3480 2827; x_wconf 91' lang='lat' dir='ltr'>nunc</span> <span class='ocrx_word' id='word_1_388' title='bbox 3511 2778 3716 2828; x_wconf 92' lang='lat' dir='ltr'>contu-</span> 
     </span>
    </p>
   </div>
   <div class='ocr_carea' id='block_1_51' title="bbox 300 2861 3712 2936">
    <p class='ocr_par' dir='ltr' id='par_1_51' title="bbox 300 2861 3712 2936">
     <span class='ocr_line' id='line_1_52' title="bbox 300 2861 3712 2936; baseline -0.001 -16"><span class='ocrx_word' id='word_1_389' title='bbox 300 2864 492 2920; x_wconf 89' lang='lat' dir='ltr'>meliis</span> <span class='ocrx_word' id='word_1_390' title='bbox 523 2864 761 2929; x_wconf 86' lang='lat' dir='ltr'>utentis,</span> <span class='ocrx_word' id='word_1_391' title='bbox 797 2878 952 2916; x_wconf 91' lang='lat' dir='ltr'>nunc</span> <span class='ocrx_word' id='word_1_392' title='bbox 1005 2861 1197 2915; x_wconf 88' lang='lat' dir='ltr'>minas</span> <span class='ocrx_word' id='word_1_393' title='bbox 1232 2861 1595 2932; x_wconf 87' lang='lat' dir='ltr'>intentantis,</span> <span class='ocrx_word' id='word_1_394' title='bbox 1630 2880 1785 2917; x_wconf 91' lang='lat' dir='ltr'>nunc</span> <span class='ocrx_word' id='word_1_395' title='bbox 1836 2862 2151 2919; x_wconf 85' lang='lat' dir='ltr'>blanditias</span> <span class='ocrx_word' id='word_1_396' title='bbox 2180 2864 2513 2918; x_wconf 84' lang='lat' dir='ltr'>adhibentis</span> <span class='ocrx_word' id='word_1_397' title='bbox 2546 2880 2557 2917; x_wconf 92' lang='lat'>:</span> <span class='ocrx_word' id='word_1_398' title='bbox 2593 2864 2733 2935; x_wconf 91' lang='lat' dir='ltr'>quid</span> <span class='ocrx_word' id='word_1_399' title='bbox 2764 2864 2920 2919; x_wconf 90' lang='lat' dir='ltr'>enim</span> <span class='ocrx_word' id='word_1_400' title='bbox 2953 2880 3067 2918; x_wconf 92' lang='lat' dir='ltr'>non</span> <span class='ocrx_word' id='word_1_401' title='bbox 3102 2864 3301 2931; x_wconf 85' lang='lat' dir='ltr'>movit,</span> <span class='ocrx_word' id='word_1_402' title='bbox 3334 2868 3399 2917; x_wconf 86' lang='lat' dir='ltr'>ut</span> <span class='ocrx_word' id='word_1_403' title='bbox 3426 2864 3506 2931; x_wconf 91' lang='lat' dir='ltr'>id,</span> <span class='ocrx_word' id='word_1_404' title='bbox 3558 2864 3712 2936; x_wconf 92' lang='lat' dir='ltr'>quod</span> 
     </span>
    </p>
   </div>
   <div class='ocr_carea' id='block_1_52' title="bbox 304 2949 1088 3024">
    <p class='ocr_par' dir='ltr' id='par_1_52' title="bbox 304 2949 1088 3024">
     <span class='ocr_line' id='line_1_53' title="bbox 304 2949 1088 3024; baseline -0.005 -16"><span class='ocrx_word' id='word_1_405' title='bbox 304 2952 599 3024; x_wconf 83' lang='lat' dir='ltr'>sperabat,</span> <span class='ocrx_word' id='word_1_406' title='bbox 634 2949 1088 3022; x_wconf 82' lang='lat' dir='ltr'>assequeretur?</span> 
     </span>
    </p>
   </div>
   <div class='ocr_carea' id='block_1_53' title="bbox 372 3035 1949 3113">
    <p class='ocr_par' dir='ltr' id='par_1_53' title="bbox 372 3035 1949 3113">
     <span class='ocr_line' id='line_1_54' title="bbox 372 3035 1949 3113; baseline -0.001 -20"><span class='ocrx_word' id='word_1_407' title='bbox 372 3039 448 3093; x_wconf 81' lang='lat' dir='ltr'>E&#39;.</span> <span class='ocrx_word' id='word_1_408' title='bbox 500 3036 599 3090; x_wconf 81' lang='grc' dir='ltr'>Καὶ</span> <span class='ocrx_word' id='word_1_409' title='bbox 645 3036 827 3109; x_wconf 64' lang='grc' dir='ltr'>μίντοι</span> <span class='ocrx_word' id='word_1_410' title='bbox 874 3036 961 3090; x_wconf 84' lang='grc' dir='ltr'>καὶ</span> <span class='ocrx_word' id='word_1_411' title='bbox 1010 3041 1117 3090; x_wconf 80' lang='grc' dir='ltr'>τῶν</span> <span class='ocrx_word' id='word_1_412' title='bbox 1148 3035 1357 3091; x_wconf 85' lang='grc' dir='ltr'>παίδων</span> <span class='ocrx_word' id='word_1_413' title='bbox 1389 3038 1443 3091; x_wconf 77' lang='grc' dir='ltr'>αἱ</span> <span class='ocrx_word' id='word_1_414' title='bbox 1474 3037 1610 3112; x_wconf 88' lang='grc' dir='ltr'>πρὸς</span> <span class='ocrx_word' id='word_1_415' title='bbox 1637 3038 1728 3092; x_wconf 87' lang='grc' dir='ltr'>τὸν</span> <span class='ocrx_word' id='word_1_416' title='bbox 1760 3037 1949 3113; x_wconf 79' lang='grc' dir='ltr'>τύραν-</span> 
     </span>
    </p>
   </div>
   <div class='ocr_carea' id='block_1_54' title="bbox 302 3123 1953 3205">
    <p class='ocr_par' dir='ltr' id='par_1_54' title="bbox 302 3123 1953 3205">
     <span class='ocr_line' id='line_1_55' title="bbox 302 3123 1953 3205; baseline 0 -22"><span class='ocrx_word' id='word_1_417' title='bbox 302 3149 390 3183; x_wconf 90' lang='grc' dir='ltr'>νον</span> <span class='ocrx_word' id='word_1_418' title='bbox 425 3126 756 3202; x_wconf 85' lang='grc' dir='ltr'>ἀποκρίσεις,</span> <span class='ocrx_word' id='word_1_419' title='bbox 788 3131 1043 3181; x_wconf 77' lang='grc' dir='ltr'>τοσοῦτον</span> <span class='ocrx_word' id='word_1_420' title='bbox 1078 3123 1302 3201; x_wconf 77' lang='grc' dir='ltr'>ἔχουσαι</span> <span class='ocrx_word' id='word_1_421' title='bbox 1330 3127 1394 3181; x_wconf 86' lang='grc' dir='ltr'>τὸ</span> <span class='ocrx_word' id='word_1_422' title='bbox 1425 3128 1587 3205; x_wconf 86' lang='grc' dir='ltr'>σοφὸν</span> <span class='ocrx_word' id='word_1_423' title='bbox 1642 3129 1782 3200; x_wconf 78' lang='grc' dir='ltr'>ὁμοῦ</span> <span class='ocrx_word' id='word_1_424' title='bbox 1839 3130 1953 3200; x_wconf 84' lang='grc'>(96)</span> 
     </span>
    </p>
   </div>
   <div class='ocr_carea' id='block_1_55' title="bbox 302 3212 1955 3291">
    <p class='ocr_par' dir='ltr' id='par_1_55' title="bbox 302 3212 1955 3291">
     <span class='ocr_line' id='line_1_56' title="bbox 302 3212 1955 3291; baseline -0.002 -19"><span class='ocrx_word' id='word_1_425' title='bbox 302 3218 391 3272; x_wconf 82' lang='grc' dir='ltr'>καὶ</span> <span class='ocrx_word' id='word_1_426' title='bbox 441 3221 698 3291; x_wconf 82' lang='grc' dir='ltr'>γενναῖον,</span> <span class='ocrx_word' id='word_1_427' title='bbox 732 3212 869 3269; x_wconf 81' lang='grc' dir='ltr'>ὣστε</span> <span class='ocrx_word' id='word_1_428' title='bbox 903 3215 1070 3291; x_wconf 76' lang='grc' dir='ltr'>μικρὰ</span> <span class='ocrx_word' id='word_1_429' title='bbox 1099 3218 1212 3288; x_wconf 87' lang='grc'>(97)</span> <span class='ocrx_word' id='word_1_430' title='bbox 1250 3215 1343 3286; x_wconf 78' lang='grc' dir='ltr'>μὲν</span> <span class='ocrx_word' id='word_1_431' title='bbox 1372 3214 1501 3269; x_wconf 76' lang='grc' dir='ltr'>εἶναι</span> <span class='ocrx_word' id='word_1_432' title='bbox 1533 3216 1669 3289; x_wconf 87' lang='grc' dir='ltr'>πρὸς</span> <span class='ocrx_word' id='word_1_433' title='bbox 1690 3217 1787 3284; x_wconf 79' lang='grc' dir='ltr'>τὴν</span> <span class='ocrx_word' id='word_1_434' title='bbox 1824 3216 1955 3270; x_wconf 82' lang='grc' dir='ltr'>ἐκεί-</span> 
     </span>
    </p>
   </div>
   <div class='ocr_carea' id='block_1_56' title="bbox 303 3302 1953 3383">
    <p class='ocr_par' dir='ltr' id='par_1_56' title="bbox 303 3302 1953 3383">
     <span class='ocr_line' id='line_1_57' title="bbox 303 3302 1953 3383; baseline -0.002 -22"><span class='ocrx_word' id='word_1_435' title='bbox 303 3329 406 3361; x_wconf 89' lang='grc' dir='ltr'>νων</span> <span class='ocrx_word' id='word_1_436' title='bbox 438 3306 721 3383; x_wconf 81' lang='grc' dir='ltr'>καρτερίαν</span> <span class='ocrx_word' id='word_1_437' title='bbox 759 3307 960 3360; x_wconf 77' lang='grc' dir='ltr'>ἅπαντα</span> <span class='ocrx_word' id='word_1_438' title='bbox 989 3305 1055 3360; x_wconf 83' lang='grc' dir='ltr'>τὰ</span> <span class='ocrx_word' id='word_1_439' title='bbox 1082 3310 1188 3359; x_wconf 77' lang='grc' dir='ltr'>τῶν</span> <span class='ocrx_word' id='word_1_440' title='bbox 1220 3304 1405 3360; x_wconf 74' lang='grc' dir='ltr'>ἄλλων</span> <span class='ocrx_word' id='word_1_441' title='bbox 1439 3305 1582 3361; x_wconf 86' lang='grc' dir='ltr'>καλὰ</span> <span class='ocrx_word' id='word_1_442' title='bbox 1612 3306 1687 3368; x_wconf 74' lang='grc' dir='ltr'>εἷς</span> <span class='ocrx_word' id='word_1_443' title='bbox 1730 3302 1784 3360; x_wconf 74' lang='grc' dir='ltr'>ἓν</span> <span class='ocrx_word' id='word_1_444' title='bbox 1832 3326 1953 3358; x_wconf 90' lang='grc' dir='ltr'>συν-</span> 
     </span>
    </p>
   </div>
   <div class='ocr_carea' id='block_1_57' title="bbox 304 3389 1956 3469">
    <p class='ocr_par' dir='ltr' id='par_1_57' title="bbox 304 3389 1956 3469">
     <span class='ocr_line' id='line_1_58' title="bbox 304 3389 1956 3469; baseline -0.002 -21"><span class='ocrx_word' id='word_1_445' title='bbox 304 3395 541 3469; x_wconf 68' lang='grc' dir='ltr'>αχθέντα</span> <span class='ocrx_word' id='word_1_446' title='bbox 566 3412 577 3423; x_wconf 91' lang='grc'><strong>·</strong></span> <span class='ocrx_word' id='word_1_447' title='bbox 638 3393 833 3468; x_wconf 74' lang='grc' dir='ltr'>μικρὰν</span> <span class='ocrx_word' id='word_1_448' title='bbox 884 3389 941 3447; x_wconf 76' lang='grc' dir='ltr'>δὶ</span> <span class='ocrx_word' id='word_1_449' title='bbox 981 3393 1080 3460; x_wconf 77' lang='grc' dir='ltr'>τὴν</span> <span class='ocrx_word' id='word_1_450' title='bbox 1131 3392 1413 3467; x_wconf 79' lang='grc' dir='ltr'>καρτερίαν</span> <span class='ocrx_word' id='word_1_451' title='bbox 1447 3392 1584 3466; x_wconf 87' lang='grc' dir='ltr'>πρὸς</span> <span class='ocrx_word' id='word_1_452' title='bbox 1612 3392 1711 3460; x_wconf 78' lang='grc' dir='ltr'>τὴν</span> <span class='ocrx_word' id='word_1_453' title='bbox 1741 3391 1956 3445; x_wconf 71' lang='grc' dir='ltr'>ἐκείνων</span> 
     </span>
    </p>
   </div>
   <div class='ocr_carea' id='block_1_58' title="bbox 304 3480 1953 3558">
    <p class='ocr_par' dir='ltr' id='par_1_58' title="bbox 304 3480 1953 3558">
     <span class='ocr_line' id='line_1_59' title="bbox 304 3480 1953 3558; baseline -0.003 -19"><span class='ocrx_word' id='word_1_454' title='bbox 304 3482 355 3539; x_wconf 66' lang='grc' dir='ltr'>ἰν</span> <span class='ocrx_word' id='word_1_455' title='bbox 390 3482 578 3558; x_wconf 86' lang='grc' dir='ltr'>λόγοις</span> <span class='ocrx_word' id='word_1_456' title='bbox 611 3482 816 3536; x_wconf 69' lang='grc' dir='ltr'>σύνεσιν</span> <span class='ocrx_word' id='word_1_457' title='bbox 876 3482 1093 3535; x_wconf 77' lang='grc' dir='ltr'>καὶτῶν</span> <span class='ocrx_word' id='word_1_458' title='bbox 1122 3480 1294 3535; x_wconf 82' lang='grc' dir='ltr'>αὐτῶν</span> <span class='ocrx_word' id='word_1_459' title='bbox 1330 3482 1464 3535; x_wconf 78' lang='grc' dir='ltr'>εἶναι</span> <span class='ocrx_word' id='word_1_460' title='bbox 1493 3480 1694 3554; x_wconf 86' lang='grc' dir='ltr'>μόνων,</span> <span class='ocrx_word' id='word_1_461' title='bbox 1725 3480 1953 3556; x_wconf 76' lang='grc' dir='ltr'>πάσχειν</span> 
     </span>
    </p>
   </div>
   <div class='ocr_carea' id='block_1_59' title="bbox 301 3568 1956 3647">
    <p class='ocr_par' dir='ltr' id='par_1_59' title="bbox 301 3568 1956 3647">
     <span class='ocr_line' id='line_1_60' title="bbox 301 3568 1956 3647; baseline -0.001 -22"><span class='ocrx_word' id='word_1_462' title='bbox 301 3592 359 3628; x_wconf 84' lang='grc' dir='ltr'>τε</span> <span class='ocrx_word' id='word_1_463' title='bbox 394 3571 536 3625; x_wconf 72' lang='grc' dir='ltr'>οὓτω</span> <span class='ocrx_word' id='word_1_464' title='bbox 582 3570 673 3624; x_wconf 84' lang='grc' dir='ltr'>καὶ</span> <span class='ocrx_word' id='word_1_465' title='bbox 724 3568 1041 3647; x_wconf 79' lang='grc' dir='ltr'>φιλοσοφεῖν</span> <span class='ocrx_word' id='word_1_466' title='bbox 1093 3568 1144 3623; x_wconf 75' lang='grc' dir='ltr'>ἐν</span> <span class='ocrx_word' id='word_1_467' title='bbox 1187 3574 1303 3631; x_wconf 86' lang='grc' dir='ltr'>ταῖς</span> <span class='ocrx_word' id='word_1_468' title='bbox 1353 3570 1666 3645; x_wconf 82' lang='grc' dir='ltr'>ἀποκρίσεσι</span> <span class='ocrx_word' id='word_1_469' title='bbox 1699 3571 1832 3645; x_wconf 86' lang='grc' dir='ltr'>πρὸς</span> <span class='ocrx_word' id='word_1_470' title='bbox 1863 3570 1956 3632; x_wconf 81' lang='grc' dir='ltr'>τὰς</span> 
     </span>
    </p>
   </div>
   <div class='ocr_carea' id='block_1_60' title="bbox 300 3657 1949 3737">
    <p class='ocr_par' dir='ltr' id='par_1_60' title="bbox 300 3657 1949 3737">
     <span class='ocr_line' id='line_1_61' title="bbox 300 3657 1949 3737; baseline -0.001 -22"><span class='ocrx_word' id='word_1_471' title='bbox 300 3664 398 3716; x_wconf 77' lang='grc' dir='ltr'>τοῦ</span> <span class='ocrx_word' id='word_1_472' title='bbox 440 3657 733 3721; x_wconf 87' lang='grc' dir='ltr'>διώκοντος</span> <span class='ocrx_word' id='word_1_473' title='bbox 765 3660 1013 3730; x_wconf 80' lang='grc' dir='ltr'>ἀπειλὰς,</span> <span class='ocrx_word' id='word_1_474' title='bbox 1044 3659 1134 3713; x_wconf 83' lang='grc' dir='ltr'>καὶ</span> <span class='ocrx_word' id='word_1_475' title='bbox 1162 3660 1293 3721; x_wconf 67' lang='grc' dir='ltr'>τοὺς</span> <span class='ocrx_word' id='word_1_476' title='bbox 1349 3658 1803 3735; x_wconf 71' lang='grc' dir='ltr'>προτεινομένους</span> <span class='ocrx_word' id='word_1_477' title='bbox 1852 3660 1949 3737; x_wconf 84' lang='grc' dir='ltr'>φό-</span> 
     </span>
    </p>
   </div>
   <div class='ocr_carea' id='block_1_61' title="bbox 302 3745 1945 3825">
    <p class='ocr_par' dir='ltr' id='par_1_61' title="bbox 302 3745 1945 3825">
     <span class='ocr_line' id='line_1_62' title="bbox 302 3745 1945 3825; baseline -0.001 -21"><span class='ocrx_word' id='word_1_478' title='bbox 302 3745 529 3820; x_wconf 82' lang='grc' dir='ltr'>6ους,ὦν</span> <span class='ocrx_word' id='word_1_479' title='bbox 564 3746 778 3810; x_wconf 78' lang='grc' dir='ltr'>οὒδενὸς</span> <span class='ocrx_word' id='word_1_480' title='bbox 800 3751 1042 3817; x_wconf 77' lang='grc' dir='ltr'>ἡττῶντο</span> <span class='ocrx_word' id='word_1_481' title='bbox 1075 3750 1127 3802; x_wconf 73' lang='grc' dir='ltr'>οἱ</span> <span class='ocrx_word' id='word_1_482' title='bbox 1158 3754 1397 3822; x_wconf 89' lang='grc' dir='ltr'>γενναῖοι</span> <span class='ocrx_word' id='word_1_483' title='bbox 1429 3748 1733 3824; x_wconf 53' lang='grc' dir='ltr'>παῖδεςριαέ</span> <span class='ocrx_word' id='word_1_484' title='bbox 1766 3752 1800 3818; x_wconf 75' lang='grc' dir='ltr'>ἠ</span> <span class='ocrx_word' id='word_1_485' title='bbox 1827 3770 1945 3825; x_wconf 87' lang='grc' dir='ltr'>γεν-</span> 
     </span>
    </p>
   </div>
   <div class='ocr_carea' id='block_1_62' title="bbox 302 3835 1954 3912">
    <p class='ocr_par' dir='ltr' id='par_1_62' title="bbox 302 3835 1954 3912">
     <span class='ocr_line' id='line_1_63' title="bbox 302 3835 1954 3912; baseline 0 -21"><span class='ocrx_word' id='word_1_486' title='bbox 302 3837 553 3912; x_wconf 83' lang='grc' dir='ltr'>ναιοτέρα</span> <span class='ocrx_word' id='word_1_487' title='bbox 574 3841 805 3891; x_wconf 79' lang='grc' dir='ltr'>τεκοῦσα</span> <span class='ocrx_word' id='word_1_488' title='bbox 832 3858 842 3868; x_wconf 95' lang='grc'><strong>·</strong></span> <span class='ocrx_word' id='word_1_489' title='bbox 905 3838 1115 3891; x_wconf 82' lang='grc' dir='ltr'>πάντων</span> <span class='ocrx_word' id='word_1_490' title='bbox 1166 3835 1223 3891; x_wconf 70' lang='grc' dir='ltr'>δὲ</span> <span class='ocrx_word' id='word_1_491' title='bbox 1255 3838 1448 3905; x_wconf 67' lang='grc' dir='ltr'>ἑαυτὴν</span> <span class='ocrx_word' id='word_1_492' title='bbox 1484 3837 1729 3911; x_wconf 76' lang='grc' dir='ltr'>ὑπεράνω</span> <span class='ocrx_word' id='word_1_493' title='bbox 1787 3840 1954 3906; x_wconf 88' lang='grc' dir='ltr'>θεῖσα,</span> 
     </span>
    </p>
   </div>
   <div class='ocr_carea' id='block_1_63' title="bbox 301 3923 1960 4002">
    <p class='ocr_par' dir='ltr' id='par_1_63' title="bbox 301 3923 1960 4002">
     <span class='ocr_line' id='line_1_64' title="bbox 301 3923 1960 4002; baseline -0.003 -20"><span class='ocrx_word' id='word_1_494' title='bbox 301 3925 491 3996; x_wconf 81' lang='grc' dir='ltr'>καὶτῷ</span> <span class='ocrx_word' id='word_1_495' title='bbox 522 3924 738 4002; x_wconf 86' lang='grc' dir='ltr'>φίλτρῳ</span> <span class='ocrx_word' id='word_1_496' title='bbox 766 3925 855 3979; x_wconf 80' lang='grc' dir='ltr'>τὸν</span> <span class='ocrx_word' id='word_1_497' title='bbox 892 3927 1059 3998; x_wconf 83' lang='grc' dir='ltr'>θυμὸν</span> <span class='ocrx_word' id='word_1_498' title='bbox 1098 3924 1312 3997; x_wconf 81' lang='grc' dir='ltr'>μίξασα,</span> <span class='ocrx_word' id='word_1_499' title='bbox 1337 3924 1504 3979; x_wconf 86' lang='grc' dir='ltr'>καλὸν</span> <span class='ocrx_word' id='word_1_500' title='bbox 1538 3925 1781 4001; x_wconf 77' lang='grc' dir='ltr'>ἐντάφιον</span> <span class='ocrx_word' id='word_1_501' title='bbox 1804 3923 1960 3979; x_wconf 88' lang='grc' dir='ltr'>δίδω-</span> 
     </span>
    </p>
   </div>
   <div class='ocr_carea' id='block_1_64' title="bbox 304 4013 1958 4088">
    <p class='ocr_par' dir='ltr' id='par_1_64' title="bbox 304 4013 1958 4088">
     <span class='ocr_line' id='line_1_65' title="bbox 304 4013 1958 4088; baseline -0.002 -18"><span class='ocrx_word' id='word_1_502' title='bbox 304 4037 353 4070; x_wconf 93' lang='grc' dir='ltr'>σι</span> <span class='ocrx_word' id='word_1_503' title='bbox 386 4021 504 4076; x_wconf 86' lang='grc' dir='ltr'>τοῖς</span> <span class='ocrx_word' id='word_1_504' title='bbox 532 4014 714 4069; x_wconf 84' lang='grc' dir='ltr'>παισὶν</span> <span class='ocrx_word' id='word_1_505' title='bbox 751 4015 967 4082; x_wconf 68' lang='grc' dir='ltr'>ἑαυτὴν,</span> <span class='ocrx_word' id='word_1_506' title='bbox 1004 4013 1385 4077; x_wconf 66' lang='grc' dir='ltr'>ἅπαπελθοῦσα</span> <span class='ocrx_word' id='word_1_507' title='bbox 1414 4020 1531 4076; x_wconf 87' lang='grc' dir='ltr'>τοῖς</span> <span class='ocrx_word' id='word_1_508' title='bbox 1574 4013 1958 4088; x_wconf 82' lang='grc' dir='ltr'>προαπελθοῦ-</span> 
     </span>
    </p>
   </div>
   <div class='ocr_carea' id='block_1_65' title="bbox 304 4101 1958 4178">
    <p class='ocr_par' dir='ltr' id='par_1_65' title="bbox 304 4101 1958 4178">
     <span class='ocr_line' id='line_1_66' title="bbox 304 4101 1958 4178; baseline -0.001 -19"><span class='ocrx_word' id='word_1_509' title='bbox 304 4126 355 4159; x_wconf 93' lang='grc' dir='ltr'>σι</span> <span class='ocrx_word' id='word_1_510' title='bbox 380 4124 392 4135; x_wconf 91' lang='grc'><strong>·</strong></span> <span class='ocrx_word' id='word_1_511' title='bbox 428 4104 516 4158; x_wconf 88' lang='grc' dir='ltr'>καὶ</span> <span class='ocrx_word' id='word_1_512' title='bbox 547 4109 709 4159; x_wconf 77' lang='grc' dir='ltr'>τοῦτο</span> <span class='ocrx_word' id='word_1_513' title='bbox 739 4108 857 4166; x_wconf 78' lang='grc' dir='ltr'>πῶς</span> <span class='ocrx_word' id='word_1_514' title='bbox 883 4122 897 4173; x_wconf 88' lang='grc'><strong>;</strong></span> <span class='ocrx_word' id='word_1_515' title='bbox 934 4104 1195 4165; x_wconf 68' lang='grc' dir='ltr'>ἕκουσίως</span> <span class='ocrx_word' id='word_1_516' title='bbox 1229 4104 1316 4158; x_wconf 80' lang='grc' dir='ltr'>ἐπὶ</span> <span class='ocrx_word' id='word_1_517' title='bbox 1347 4103 1473 4166; x_wconf 80' lang='grc' dir='ltr'>τοὺς</span> <span class='ocrx_word' id='word_1_518' title='bbox 1506 4101 1788 4165; x_wconf 84' lang='grc' dir='ltr'>κινδύνους</span> <span class='ocrx_word' id='word_1_519' title='bbox 1842 4124 1958 4178; x_wconf 85' lang='grc' dir='ltr'>χω-</span> 
     </span>
    </p>
   </div>
   <div class='ocr_carea' id='block_1_66' title="bbox 308 4191 1961 4271">
    <p class='ocr_par' dir='ltr' id='par_1_66' title="bbox 308 4191 1961 4271">
     <span class='ocr_line' id='line_1_67' title="bbox 308 4191 1961 4271; baseline 0.001 -26"><span class='ocrx_word' id='word_1_520' title='bbox 308 4194 517 4265; x_wconf 81' lang='grc' dir='ltr'>ρήσασα</span> <span class='ocrx_word' id='word_1_521' title='bbox 545 4195 659 4265; x_wconf 88' lang='grc'>(98)</span> <span class='ocrx_word' id='word_1_522' title='bbox 685 4211 697 4223; x_wconf 80' lang='grc'><strong>⁸</strong></span> <span class='ocrx_word' id='word_1_523' title='bbox 733 4194 823 4246; x_wconf 82' lang='grc' dir='ltr'>καὶ</span> <span class='ocrx_word' id='word_1_524' title='bbox 859 4194 972 4265; x_wconf 84' lang='grc' dir='ltr'>μεθ’</span> <span class='ocrx_word' id='word_1_525' title='bbox 998 4191 1126 4247; x_wconf 68' lang='grc' dir='ltr'>οἵων</span> <span class='ocrx_word' id='word_1_526' title='bbox 1157 4198 1263 4247; x_wconf 79' lang='grc' dir='ltr'>τῶν</span> <span class='ocrx_word' id='word_1_527' title='bbox 1297 4192 1628 4271; x_wconf 82' lang='grc' dir='ltr'>ἐπιταφίων;</span> <span class='ocrx_word' id='word_1_528' title='bbox 1664 4191 1831 4247; x_wconf 83' lang='grc' dir='ltr'>Καλοὶ</span> <span class='ocrx_word' id='word_1_529' title='bbox 1867 4194 1961 4265; x_wconf 81' lang='grc' dir='ltr'>μὶν</span> 
     </span>
    </p>
   </div>
   <div class='ocr_carea' id='block_1_67' title="bbox 306 4280 1959 4359">
    <p class='ocr_par' dir='ltr' id='par_1_67' title="bbox 306 4280 1959 4359">
     <span class='ocr_line' id='line_1_68' title="bbox 306 4280 1959 4359; baseline 0.001 -24"><span class='ocrx_word' id='word_1_530' title='bbox 306 4282 410 4357; x_wconf 80' lang='grc' dir='ltr'>γὰρ</span> <span class='ocrx_word' id='word_1_531' title='bbox 442 4280 531 4335; x_wconf 72' lang='grc' dir='ltr'>καί</span> <span class='ocrx_word' id='word_1_532' title='bbox 563 4283 613 4335; x_wconf 78' lang='grc' dir='ltr'>οἱ</span> <span class='ocrx_word' id='word_1_533' title='bbox 644 4286 751 4336; x_wconf 81' lang='grc' dir='ltr'>τῶν</span> <span class='ocrx_word' id='word_1_534' title='bbox 783 4280 992 4337; x_wconf 85' lang='grc' dir='ltr'>παίδων</span> <span class='ocrx_word' id='word_1_535' title='bbox 1038 4284 1172 4359; x_wconf 89' lang='grc' dir='ltr'>πρὸς</span> <span class='ocrx_word' id='word_1_536' title='bbox 1217 4284 1308 4337; x_wconf 84' lang='grc' dir='ltr'>τὸν</span> <span class='ocrx_word' id='word_1_537' title='bbox 1339 4284 1596 4359; x_wconf 80' lang='grc' dir='ltr'>τύραννον</span> <span class='ocrx_word' id='word_1_538' title='bbox 1631 4281 1814 4357; x_wconf 83' lang='grc' dir='ltr'>λόγοι,</span> <span class='ocrx_word' id='word_1_539' title='bbox 1871 4285 1959 4338; x_wconf 84' lang='grc' dir='ltr'>καὶ</span> 
     </span>
    </p>
   </div>
   <div class='ocr_carea' id='block_1_68' title="bbox 305 4366 1960 4446">
    <p class='ocr_par' dir='ltr' id='par_1_68' title="bbox 305 4366 1960 4446">
     <span class='ocr_line' id='line_1_69' title="bbox 305 4366 1960 4446; baseline 0.002 -23"><span class='ocrx_word' id='word_1_540' title='bbox 305 4367 489 4423; x_wconf 81' lang='grc' dir='ltr'>καλῶν</span> <span class='ocrx_word' id='word_1_541' title='bbox 542 4366 854 4423; x_wconf 68' lang='grc' dir='ltr'>κάλλιστον</span> <span class='ocrx_word' id='word_1_542' title='bbox 918 4374 1034 4431; x_wconf 78' lang='grc' dir='ltr'>πῶς</span> <span class='ocrx_word' id='word_1_543' title='bbox 1066 4371 1166 4446; x_wconf 75' lang='grc' dir='ltr'>γὰρ</span> <span class='ocrx_word' id='word_1_544' title='bbox 1200 4366 1300 4438; x_wconf 66' lang='lat' dir='ltr'>oi)’;</span> <span class='ocrx_word' id='word_1_545' title='bbox 1338 4372 1454 4443; x_wconf 85' lang='grc' dir='ltr'>μεθ’</span> <span class='ocrx_word' id='word_1_546' title='bbox 1493 4368 1566 4424; x_wconf 83' lang='grc' dir='ltr'>ὧν</span> <span class='ocrx_word' id='word_1_547' title='bbox 1599 4370 1960 4445; x_wconf 76' lang='grc' dir='ltr'>παρετάξαντο</span> 
     </span>
    </p>
   </div>
   <div class='ocr_carea' id='block_1_69' title="bbox 304 4444 2041 4532">
    <p class='ocr_par' dir='ltr' id='par_1_69' title="bbox 304 4444 2041 4532">
     <span class='ocr_line' id='line_1_70' title="bbox 304 4444 2041 4532; baseline 0 -23"><span class='ocrx_word' id='word_1_548' title='bbox 304 4456 395 4509; x_wconf 85' lang='grc' dir='ltr'>καὶ</span> <span class='ocrx_word' id='word_1_549' title='bbox 470 4455 553 4516; x_wconf 83' lang='grc' dir='ltr'>οἷς</span> <span class='ocrx_word' id='word_1_550' title='bbox 618 4454 711 4509; x_wconf 85' lang='grc' dir='ltr'>τὸν</span> <span class='ocrx_word' id='word_1_551' title='bbox 784 4455 1044 4531; x_wconf 73' lang='grc' dir='ltr'>τύραννον</span> <span class='ocrx_word' id='word_1_552' title='bbox 1081 4444 1308 4511; x_wconf 15' lang='grc' dir='ltr'>Ἵέϐαλον</span> <span class='ocrx_word' id='word_1_553' title='bbox 1570 4444 1835 4521; x_wconf 88' lang='grc' dir='ltr'>καλλίους</span> <span class='ocrx_word' id='word_1_554' title='bbox 1907 4444 2041 4513; x_wconf 74' lang='grc' dir='ltr'>δὶΙ)</span> 
     </span>
    </p>
   </div>
   <div class='ocr_carea' id='block_1_70' title="bbox 381 4658 1962 4735">
    <p class='ocr_par' dir='ltr' id='par_1_70' title="bbox 381 4658 1962 4735">
     <span class='ocr_line' id='line_1_71' title="bbox 381 4658 1962 4735; baseline 0.006 -25"><span class='ocrx_word' id='word_1_555' title='bbox 381 4658 690 4735; x_wconf 57' lang='grc' dir='ltr'>(88)-Ἀνθξ.</span> <span class='ocrx_word' id='word_1_556' title='bbox 746 4662 832 4735; x_wconf 89' lang='lat' dir='ltr'>l_ta</span> <span class='ocrx_word' id='word_1_557' title='bbox 880 4677 979 4735; x_wconf 61' lang='lat' dir='ltr'>se;</span> <span class='ocrx_word' id='word_1_558' title='bbox 1034 4662 1198 4735; x_wconf 65' lang='lat' dir='ltr'>Reg,</span> <span class='ocrx_word' id='word_1_559' title='bbox 1244 4661 1418 4718; x_wconf 87' lang='lat' dir='ltr'>Coisl.</span> <span class='ocrx_word' id='word_1_560' title='bbox 1471 4663 1525 4731; x_wconf 89' lang='grc'>1,</span> <span class='ocrx_word' id='word_1_561' title='bbox 1556 4662 1651 4718; x_wconf 93' lang='lat' dir='ltr'>Or.</span> <span class='ocrx_word' id='word_1_562' title='bbox 1681 4664 1735 4731; x_wconf 87' lang='lat'>2,</span> <span class='ocrx_word' id='word_1_563' title='bbox 1776 4663 1962 4735; x_wconf 90' lang='lat' dir='ltr'>Pass.,</span> 
     </span>
    </p>
   </div>
   <div class='ocr_carea' id='block_1_71' title="bbox 311 4730 1213 4794">
    <p class='ocr_par' dir='ltr' id='par_1_71' title="bbox 311 4730 1213 4794">
     <span class='ocr_line' id='line_1_72' title="bbox 311 4730 1213 4794; baseline 0.003 -8"><span class='ocrx_word' id='word_1_564' title='bbox 311 4736 467 4794; x_wconf 86' lang='lat' dir='ltr'>Par..</span> <span class='ocrx_word' id='word_1_565' title='bbox 496 4730 618 4786; x_wconf 88' lang='lat' dir='ltr'>Jes.</span> <span class='ocrx_word' id='word_1_566' title='bbox 652 4730 711 4785; x_wconf 93' lang='lat' dir='ltr'>In</span> <span class='ocrx_word' id='word_1_567' title='bbox 746 4731 873 4787; x_wconf 85' lang='lat' dir='ltr'>Par.</span> <span class='ocrx_word' id='word_1_568' title='bbox 906 4734 995 4788; x_wconf 92' lang='lat' dir='ltr'>ed.</span> <span class='ocrx_word' id='word_1_569' title='bbox 1032 4730 1213 4789; x_wconf 76' lang='lat' dir='ltr'>deest.</span> 
     </span>
    </p>
   </div>
   <div class='ocr_carea' id='block_1_72' title="bbox 384 4798 1471 4875">
    <p class='ocr_par' dir='ltr' id='par_1_72' title="bbox 384 4798 1471 4875">
     <span class='ocr_line' id='line_1_73' title="bbox 384 4798 1471 4875; baseline 0.005 -21"><span class='ocrx_word' id='word_1_570' title='bbox 526 4798 905 4875; x_wconf 30' lang='grc' dir='ltr'>Ἐμαλλάκισεν.</span> <span class='ocrx_word' id='word_1_571' title='bbox 938 4809 1087 4873; x_wconf 85' lang='lat' dir='ltr'>Sav.,</span> <span class='ocrx_word' id='word_1_572' title='bbox 1120 4800 1471 4875; x_wconf 76' lang='grc' dir='ltr'>ἐμαλάκισαν.</span> 
     </span>
    </p>
   </div>
   <div class='ocr_carea' id='block_1_73' title="bbox 385 4870 1959 4950">
    <p class='ocr_par' dir='ltr' id='par_1_73' title="bbox 385 4870 1959 4950">
     <span class='ocr_line' id='line_1_74' title="bbox 385 4870 1959 4950; baseline -0.001 -19"><span class='ocrx_word' id='word_1_573' title='bbox 529 4870 953 4950; x_wconf 37' lang='grc' dir='ltr'>Ἀτολμρτὲρ-αν.</span> <span class='ocrx_word' id='word_1_574' title='bbox 1007 4870 1160 4944; x_wconf 64' lang='lat' dir='ltr'>Pan,</span> <span class='ocrx_word' id='word_1_575' title='bbox 1191 4871 1569 4950; x_wconf 75' lang='grc' dir='ltr'>ἁπαλλοτὲραν</span> <span class='ocrx_word' id='word_1_576' title='bbox 1616 4876 1959 4949; x_wconf 80' lang='lat' dir='ltr'>[mendose].</span> 
     </span>
    </p>
   </div>
   <div class='ocr_carea' id='block_1_74' title="bbox 317 4942 1001 5020">
    <p class='ocr_par' dir='ltr' id='par_1_74' title="bbox 317 4942 1001 5020">
     <span class='ocr_line' id='line_1_75' title="bbox 317 4942 1001 5020; baseline 0.009 -23"><span class='ocrx_word' id='word_1_577' title='bbox 317 4942 601 5020; x_wconf 36' lang='lat' dir='ltr'>Montuc...‘</span> <span class='ocrx_word' id='word_1_578' title='bbox 625 4942 1001 5020; x_wconf 64' lang='grc' dir='ltr'>ἁπαλωτέραν.</span> 
     </span>
    </p>
   </div>
   <div class='ocr_carea' id='block_1_75' title="bbox 389 5013 1962 5093">
    <p class='ocr_par' dir='ltr' id='par_1_75' title="bbox 389 5013 1962 5093">
     <span class='ocr_line' id='line_1_76' title="bbox 389 5013 1962 5093; baseline 0.003 -27"><span class='ocrx_word' id='word_1_579' title='bbox 389 5014 496 5083; x_wconf 87' lang='grc'>(91)</span> <span class='ocrx_word' id='word_1_580' title='bbox 533 5013 647 5093; x_wconf 80' lang='grc' dir='ltr'>Οὐκ</span> <span class='ocrx_word' id='word_1_581' title='bbox 694 5013 1063 5093; x_wconf 71' lang='grc' dir='ltr'>ἁρθρὲμϐολα.</span> <span class='ocrx_word' id='word_1_582' title='bbox 1099 5040 1125 5066; x_wconf 89' lang='grc'>‹‹</span> <span class='ocrx_word' id='word_1_583' title='bbox 1154 5017 1278 5072; x_wconf 87' lang='lat' dir='ltr'>Non</span> <span class='ocrx_word' id='word_1_584' title='bbox 1328 5017 1619 5093; x_wconf 61' lang='lat' dir='ltr'>ﬁdiculae:</span> <span class='ocrx_word' id='word_1_585' title='bbox 1654 5017 1715 5071; x_wconf 82' lang='grc' dir='ltr'>οὐ</span> <span class='ocrx_word' id='word_1_586' title='bbox 1745 5016 1962 5093; x_wconf 82' lang='grc' dir='ltr'>τροχοί,</span> 
     </span>
    </p>
   </div>
   <div class='ocr_carea' id='block_1_76' title="bbox 319 5088 1965 5165">
    <p class='ocr_par' dir='ltr' id='par_1_76' title="bbox 319 5088 1965 5165">
     <span class='ocr_line' id='line_1_77' title="bbox 319 5088 1965 5165; baseline 0.002 -27"><span class='ocrx_word' id='word_1_587' title='bbox 319 5100 435 5139; x_wconf 92' lang='lat' dir='ltr'>non</span> <span class='ocrx_word' id='word_1_588' title='bbox 488 5090 626 5165; x_wconf 67' lang='lat' dir='ltr'>rotas</span> <span class='ocrx_word' id='word_1_589' title='bbox 662 5104 673 5141; x_wconf 94' lang='lat'>:</span> <span class='ocrx_word' id='word_1_590' title='bbox 708 5088 768 5142; x_wconf 86' lang='grc' dir='ltr'>οὐ</span> <span class='ocrx_word' id='word_1_591' title='bbox 798 5088 1208 5165; x_wconf 77' lang='grc' dir='ltr'>’τροχαντῇρες,</span> <span class='ocrx_word' id='word_1_592' title='bbox 1258 5106 1374 5145; x_wconf 91' lang='lat' dir='ltr'>non</span> <span class='ocrx_word' id='word_1_593' title='bbox 1421 5088 1822 5165; x_wconf 84' lang='lat' dir='ltr'>trochantores</span> <span class='ocrx_word' id='word_1_594' title='bbox 1852 5088 1965 5165; x_wconf 64' lang='grc' dir='ltr'>ξ’φύ</span> 
     </span>
    </p>
   </div>
   <div class='ocr_carea' id='block_1_77' title="bbox 315 5152 1969 5283">
    <p class='ocr_par' dir='ltr' id='par_1_77' title="bbox 315 5152 1969 5283">
     <span class='ocr_line' id='line_1_78' title="bbox 315 5152 1969 5283; baseline 0.008 -78"><span class='ocrx_word' id='word_1_595' title='bbox 315 5152 675 5283; x_wconf 61' lang='grc' dir='ltr'>κατρπέλταιὶ</span> <span class='ocrx_word' id='word_1_596' title='bbox 704 5176 819 5217; x_wconf 89' lang='lat' dir='ltr'>non</span> <span class='ocrx_word' id='word_1_597' title='bbox 851 5152 1249 5233; x_wconf 31' lang='lat' dir='ltr'>&#39;catapel-tae.»</span> <span class='ocrx_word' id='word_1_598' title='bbox 1302 5165 1435 5228; x_wconf 71' lang='lat' dir='ltr'>Quis</span> <span class='ocrx_word' id='word_1_599' title='bbox 1484 5163 1682 5220; x_wconf 88' lang='lat' dir='ltr'>omnia</span> <span class='ocrx_word' id='word_1_600' title='bbox 1721 5162 1969 5219; x_wconf 77' lang='lat' dir='ltr'>textoris.</span> 
     </span>
     <span class='ocr_line' id='line_1_79' title="bbox 316 5243 730 5283; baseline 0.005 -2"><span class='ocrx_word' id='word_1_601' title='bbox 316 5243 409 5281; x_wconf 84' lang='lat' dir='ltr'>ins</span> <span class='ocrx_word' id='word_1_602' title='bbox 441 5243 644 5283; x_wconf 88' lang='lat' dir='ltr'>rumen</span> <span class='ocrx_word' id='word_1_603' title='bbox 678 5247 730 5283; x_wconf 86' lang='lat' dir='ltr'>a.</span> 
     </span>
    </p>
   </div>
   <div class='ocr_carea' id='block_1_78' title="bbox 316 5243 730 5286">
    <p class='ocr_par' dir='ltr' id='par_1_78' title="bbox 316 5243 730 5286">
     <span class='ocr_line' id='line_1_80' title="bbox 316 5243 730 5286; baseline 0.012 -6"><span class='ocrx_word' id='word_1_604' title='bbox 316 5243 730 5286; x_wconf 78' lang='lat' dir='ltr'>instrumenta.</span> 
     </span>
    </p>
   </div>
   <div class='ocr_carea' id='block_1_79' title="bbox 391 5294 1967 5374">
    <p class='ocr_par' dir='ltr' id='par_1_79' title="bbox 391 5294 1967 5374">
     <span class='ocr_line' id='line_1_81' title="bbox 391 5294 1967 5374; baseline 0.003 -24"><span class='ocrx_word' id='word_1_605' title='bbox 391 5297 502 5369; x_wconf 82' lang='grc'>(92)</span> <span class='ocrx_word' id='word_1_606' title='bbox 538 5294 773 5374; x_wconf 65' lang='grc' dir='ltr'>ᾼὲϐητες</span> <span class='ocrx_word' id='word_1_607' title='bbox 808 5299 1035 5369; x_wconf 81' lang='grc' dir='ltr'>ζέοντες.</span> <span class='ocrx_word' id='word_1_608' title='bbox 1078 5302 1140 5356; x_wconf 89' lang='lat' dir='ltr'>In</span> <span class='ocrx_word' id='word_1_609' title='bbox 1175 5318 1289 5357; x_wconf 89' lang='lat' dir='ltr'>uno</span> <span class='ocrx_word' id='word_1_610' title='bbox 1320 5303 1472 5374; x_wconf 88' lang='lat' dir='ltr'>cod.,</span> <span class='ocrx_word' id='word_1_611' title='bbox 1516 5302 1575 5356; x_wconf 73' lang='grc' dir='ltr'>οὗ</span> <span class='ocrx_word' id='word_1_612' title='bbox 1611 5298 1857 5370; x_wconf 73' lang='grc' dir='ltr'>λέϐητες,</span> <span class='ocrx_word' id='word_1_613' title='bbox 1907 5302 1967 5356; x_wconf 87' lang='grc' dir='ltr'>οὐ</span> 
     </span>
    </p>
   </div>
   <div class='ocr_carea' id='block_1_80' title="bbox 317 5368 1965 5451">
    <p class='ocr_par' dir='ltr' id='par_1_80' title="bbox 317 5368 1965 5451">
     <span class='ocr_line' id='line_1_82' title="bbox 317 5368 1965 5451; baseline -0.002 -23"><span class='ocrx_word' id='word_1_614' title='bbox 317 5368 747 5451; x_wconf 57' lang='grc' dir='ltr'>ρῇριςζέοντες,</span> <span class='ocrx_word' id='word_1_615' title='bbox 769 5368 947 5451; x_wconf 33' lang='lat' dir='ltr'>{non</span> <span class='ocrx_word' id='word_1_616' title='bbox 978 5375 1214 5451; x_wconf 71' lang='lat' dir='ltr'>lebetes,</span> <span class='ocrx_word' id='word_1_617' title='bbox 1250 5390 1366 5429; x_wconf 92' lang='lat' dir='ltr'>non</span> <span class='ocrx_word' id='word_1_618' title='bbox 1395 5368 1903 5451; x_wconf 70' lang='lat' dir='ltr'>furentesbestias.</span> <span class='ocrx_word' id='word_1_619' title='bbox 1940 5400 1965 5425; x_wconf 87' lang='grc'><strong>››</strong></span> 
     </span>
    </p>
   </div>
   <div class='ocr_carea' id='block_1_81' title="bbox 319 5442 1970 5521">
    <p class='ocr_par' dir='ltr' id='par_1_81' title="bbox 319 5442 1970 5521">
     <span class='ocr_line' id='line_1_83' title="bbox 319 5442 1970 5521; baseline 0.005 -26"><span class='ocrx_word' id='word_1_620' title='bbox 319 5442 409 5521; x_wconf 79' lang='lat' dir='ltr'>Sic</span> <span class='ocrx_word' id='word_1_621' title='bbox 442 5442 619 5498; x_wconf 87' lang='lat' dir='ltr'>etiam</span> <span class='ocrx_word' id='word_1_622' title='bbox 653 5442 1543 5521; x_wconf 36' lang='lat' dir='ltr'>reddideratBilliushquamvis</span> <span class='ocrx_word' id='word_1_623' title='bbox 1576 5448 1737 5503; x_wconf 88' lang='lat' dir='ltr'>nulla</span> <span class='ocrx_word' id='word_1_624' title='bbox 1768 5449 1843 5505; x_wconf 90' lang='lat' dir='ltr'>sit</span> <span class='ocrx_word' id='word_1_625' title='bbox 1875 5448 1970 5503; x_wconf 89' lang='lat' dir='ltr'>be-</span> 
     </span>
    </p>
   </div>
   <div class='ocr_carea' id='block_1_82' title="bbox 321 5514 1319 5573">
    <p class='ocr_par' dir='ltr' id='par_1_82' title="bbox 321 5514 1319 5573">
     <span class='ocr_line' id='line_1_84' title="bbox 321 5514 1319 5573; baseline 0.002 -6"><span class='ocrx_word' id='word_1_626' title='bbox 321 5514 571 5570; x_wconf 83' lang='lat' dir='ltr'>stiarum</span> <span class='ocrx_word' id='word_1_627' title='bbox 604 5518 822 5573; x_wconf 88' lang='lat' dir='ltr'>mentio</span> <span class='ocrx_word' id='word_1_628' title='bbox 853 5518 915 5572; x_wconf 91' lang='lat' dir='ltr'>in</span> <span class='ocrx_word' id='word_1_629' title='bbox 947 5514 1319 5573; x_wconf 75' lang='lat' dir='ltr'>Machabaeis.</span> 
     </span>
    </p>
   </div>
   <div class='ocr_carea' id='block_1_83' title="bbox 394 5582 991 5672">
    <p class='ocr_par' dir='ltr' id='par_1_83' title="bbox 394 5582 991 5672">
     <span class='ocr_line' id='line_1_85' title="bbox 394 5582 991 5672; baseline 0 0"><span class='ocrx_word' id='word_1_630' title='bbox 394 5582 505 5672; x_wconf 70' lang='grc'>(93)</span> <span class='ocrx_word' id='word_1_631' title='bbox 604 5587 700 5672; x_wconf 69' lang='grc' dir='ltr'>Οὐ.</span> <span class='ocrx_word' id='word_1_632' title='bbox 764 5585 991 5672; x_wconf 58' lang='grc' dir='ltr'>,ξῆἓλῖκλ</span> 
     </span>
    </p>
   </div>
   <div class='ocr_carea' id='block_1_84' title="bbox 323 5657 1253 5785">
    <p class='ocr_par' dir='ltr' id='par_1_84' title="bbox 323 5657 1253 5785">
     <span class='ocr_line' id='line_1_86' title="bbox 323 5657 1253 5728; baseline 0.003 -19"><span class='ocrx_word' id='word_1_633' title='bbox 323 5657 403 5709; x_wconf 78' lang='lat' dir='ltr'>Re</span> <span class='ocrx_word' id='word_1_634' title='bbox 452 5697 463 5709; x_wconf 94' lang='lat'>.</span> <span class='ocrx_word' id='word_1_635' title='bbox 498 5673 550 5726; x_wconf 86' lang='lat' dir='ltr'>a,</span> <span class='ocrx_word' id='word_1_636' title='bbox 583 5676 633 5727; x_wconf 90' lang='lat' dir='ltr'>c,</span> <span class='ocrx_word' id='word_1_637' title='bbox 668 5662 727 5728; x_wconf 92' lang='lat' dir='ltr'>d,</span> <span class='ocrx_word' id='word_1_638' title='bbox 759 5657 933 5717; x_wconf 88' lang='lat' dir='ltr'>Coisl.</span> <span class='ocrx_word' id='word_1_639' title='bbox 966 5664 1020 5728; x_wconf 89' lang='lat'>2,</span> <span class='ocrx_word' id='word_1_640' title='bbox 1072 5665 1129 5714; x_wconf 88' lang='lat' dir='ltr'>et</span> <span class='ocrx_word' id='word_1_641' title='bbox 1159 5658 1253 5713; x_wconf 93' lang='lat' dir='ltr'>0r.</span> 
     </span>
     <span class='ocr_line' id='line_1_87' title="bbox 324 5671 1253 5785; baseline -0.001 -2"><span class='ocrx_word' id='word_1_642' title='bbox 324 5671 565 5785; x_wconf 62' lang='lat' dir='ltr'>hagent.</span> <span class='ocrx_word' id='word_1_643' title='bbox 597 5728 659 5785; x_wconf 79' lang='grc' dir='ltr'>οὐ</span> <span class='ocrx_word' id='word_1_644' title='bbox 692 5728 895 5785; x_wconf 67' lang='grc' dir='ltr'>δήμιος</span> <span class='ocrx_word' id='word_1_645' title='bbox 939 5727 1253 5785; x_wconf 85' lang='grc' dir='ltr'>κατεπείγω·</span> 
     </span>
    </p>
   </div>
   <div class='ocr_carea' id='block_1_85' title="bbox 445 5744 476 5786">
    <p class='ocr_par' dir='ltr' id='par_1_85' title="bbox 445 5744 476 5786">
     <span class='ocr_line' id='line_1_88' title="bbox 445 5744 476 5786; baseline 0 0"><span class='ocrx_word' id='word_1_646' title='bbox 445 5744 476 5786; x_wconf 78' lang='grc' dir='ltr'><strong>θ</strong></span> 
     </span>
    </p>
   </div>
   <div class='ocr_carea' id='block_1_86' title="bbox 1078 5582 1972 5712">
    <p class='ocr_par' dir='ltr' id='par_1_86' title="bbox 1078 5582 1972 5712">
     <span class='ocr_line' id='line_1_89' title="bbox 1078 5582 1972 5712; baseline 0.006 -74"><span class='ocrx_word' id='word_1_647' title='bbox 1078 5586 1139 5639; x_wconf 82' lang='grc' dir='ltr'>οὐ</span> <span class='ocrx_word' id='word_1_648' title='bbox 1236 5582 1533 5712; x_wconf 55' lang='grc' dir='ltr'>δοὲυφόρος</span> <span class='ocrx_word' id='word_1_649' title='bbox 1617 5588 1972 5661; x_wconf 88' lang='grc' dir='ltr'>κατεπείγων.</span> 
     </span>
     <span class='ocr_line' id='line_1_90' title="bbox 1078 5658 1972 5712; baseline 0 0"><span class='ocrx_word' id='word_1_650' title='bbox 1078 5665 1129 5712; x_wconf 87' lang='lat' dir='ltr'>et</span> <span class='ocrx_word' id='word_1_651' title='bbox 1159 5658 1253 5712; x_wconf 92' lang='lat' dir='ltr'>0r.</span> <span class='ocrx_word' id='word_1_652' title='bbox 1327 5700 1341 5712; x_wconf 92' lang='lat'>.</span> <span class='ocrx_word' id='word_1_653' title='bbox 1374 5659 1597 5712; x_wconf 83' lang='lat' dir='ltr'>abiecto</span> <span class='ocrx_word' id='word_1_654' title='bbox 1648 5658 1972 5712; x_wconf 74' lang='grc' dir='ltr'>δορυφόρος-</span> 
     </span>
    </p>
   </div>
   <div class='ocr_carea' id='block_1_87' title="bbox 1327 5658 1974 5736">
    <p class='ocr_par' dir='ltr' id='par_1_87' title="bbox 1327 5658 1974 5736">
     <span class='ocr_line' id='line_1_91' title="bbox 1327 5658 1974 5736; baseline 0 -23"><span class='ocrx_word' id='word_1_655' title='bbox 1327 5700 1341 5727; x_wconf 86' lang='grc'>,</span> <span class='ocrx_word' id='word_1_656' title='bbox 1374 5658 1597 5730; x_wconf 64' lang='grc' dir='ltr'>ἁΙῇθθῐο</span> <span class='ocrx_word' id='word_1_657' title='bbox 1648 5658 1974 5736; x_wconf 81' lang='grc' dir='ltr'>δορυφόρος,</span> 
     </span>
    </p>
   </div>
   <div class='ocr_carea' id='block_1_88' title="bbox 480 5727 1976 5807">
    <p class='ocr_par' dir='ltr' id='par_1_88' title="bbox 480 5727 1976 5807">
     <span class='ocr_line' id='line_1_92' title="bbox 480 5727 1976 5807; baseline 0.001 -22"><span class='ocrx_word' id='word_1_658' title='bbox 480 5731 565 5795; x_wconf 82' lang='lat' dir='ltr'>nt,</span> <span class='ocrx_word' id='word_1_659' title='bbox 597 5728 659 5786; x_wconf 79' lang='grc' dir='ltr'>οὗ</span> <span class='ocrx_word' id='word_1_660' title='bbox 692 5727 895 5807; x_wconf 73' lang='grc' dir='ltr'>δήμιος</span> <span class='ocrx_word' id='word_1_661' title='bbox 939 5727 1298 5804; x_wconf 82' lang='grc' dir='ltr'>κατεπείγων,</span> <span class='ocrx_word' id='word_1_662' title='bbox 1338 5751 1367 5782; x_wconf 77' lang='grc' dir='ltr'>α</span> <span class='ocrx_word' id='word_1_663' title='bbox 1400 5727 1517 5789; x_wconf 83' lang='lat' dir='ltr'>non</span> <span class='ocrx_word' id='word_1_664' title='bbox 1543 5727 1759 5805; x_wconf 74' lang='lat' dir='ltr'>urgens</span> <span class='ocrx_word' id='word_1_665' title='bbox 1787 5727 1976 5792; x_wconf 47' lang='lat' dir='ltr'>cerni;</span> 
     </span>
    </p>
   </div>
   <div class='ocr_carea' id='block_1_89' title="bbox 2135 3039 3715 3112">
    <p class='ocr_par' dir='ltr' id='par_1_89' title="bbox 2135 3039 3715 3112">
     <span class='ocr_line' id='line_1_93' title="bbox 2135 3039 3715 3112; baseline 0.001 -19"><span class='ocrx_word' id='word_1_666' title='bbox 2135 3041 2200 3096; x_wconf 90' lang='lat' dir='ltr'>V.</span> <span class='ocrx_word' id='word_1_667' title='bbox 2248 3044 2316 3095; x_wconf 86' lang='lat' dir='ltr'>At</span> <span class='ocrx_word' id='word_1_668' title='bbox 2365 3058 2495 3095; x_wconf 80' lang='lat' dir='ltr'>vero</span> <span class='ocrx_word' id='word_1_669' title='bbox 2546 3042 2600 3095; x_wconf 91' lang='lat' dir='ltr'>in</span> <span class='ocrx_word' id='word_1_670' title='bbox 2634 3041 2887 3095; x_wconf 83' lang='lat' dir='ltr'>filiorum</span> <span class='ocrx_word' id='word_1_671' title='bbox 2937 3041 3008 3095; x_wconf 91' lang='lat' dir='ltr'>ad</span> <span class='ocrx_word' id='word_1_672' title='bbox 3056 3044 3369 3112; x_wconf 86' lang='lat' dir='ltr'>tyrannum</span> <span class='ocrx_word' id='word_1_673' title='bbox 3419 3039 3715 3111; x_wconf 89' lang='lat' dir='ltr'>responsis</span> 
     </span>
    </p>
   </div>
   <div class='ocr_carea' id='block_1_90' title="bbox 2066 3128 3717 3201">
    <p class='ocr_par' dir='ltr' id='par_1_90' title="bbox 2066 3128 3717 3201">
     <span class='ocr_line' id='line_1_94' title="bbox 2066 3128 3717 3201; baseline -0.001 -18"><span class='ocrx_word' id='word_1_674' title='bbox 2066 3134 2295 3184; x_wconf 88' lang='lat' dir='ltr'>tantum</span> <span class='ocrx_word' id='word_1_675' title='bbox 2329 3129 2624 3200; x_wconf 72' lang='lat' dir='ltr'>sapientia:</span> <span class='ocrx_word' id='word_1_676' title='bbox 2659 3130 2952 3199; x_wconf 85' lang='lat' dir='ltr'>animique</span> <span class='ocrx_word' id='word_1_677' title='bbox 2976 3129 3403 3201; x_wconf 84' lang='lat' dir='ltr'>magnitudinis</span> <span class='ocrx_word' id='word_1_678' title='bbox 3429 3128 3633 3193; x_wconf 88' lang='lat' dir='ltr'>inerat,</span> <span class='ocrx_word' id='word_1_679' title='bbox 3653 3133 3717 3182; x_wconf 86' lang='lat' dir='ltr'>ut</span> 
     </span>
    </p>
   </div>
   <div class='ocr_carea' id='block_1_91' title="bbox 2065 3218 3715 3289">
    <p class='ocr_par' dir='ltr' id='par_1_91' title="bbox 2065 3218 3715 3289">
     <span class='ocr_line' id='line_1_95' title="bbox 2065 3218 3715 3289; baseline -0.001 -16"><span class='ocrx_word' id='word_1_680' title='bbox 2065 3224 2121 3273; x_wconf 87' lang='lat' dir='ltr'>et</span> <span class='ocrx_word' id='word_1_681' title='bbox 2142 3219 2389 3273; x_wconf 90' lang='lat' dir='ltr'>aliorum</span> <span class='ocrx_word' id='word_1_682' title='bbox 2414 3218 2674 3272; x_wconf 88' lang='lat' dir='ltr'>omnium</span> <span class='ocrx_word' id='word_1_683' title='bbox 2700 3219 2971 3289; x_wconf 65' lang='lat' dir='ltr'>praeclara</span> <span class='ocrx_word' id='word_1_684' title='bbox 2993 3219 3146 3273; x_wconf 68' lang='lat'>290</span> <span class='ocrx_word' id='word_1_685' title='bbox 3170 3218 3426 3273; x_wconf 81' lang='lat' dir='ltr'>facinora</span> <span class='ocrx_word' id='word_1_686' title='bbox 3448 3218 3505 3272; x_wconf 91' lang='lat' dir='ltr'>in</span> <span class='ocrx_word' id='word_1_687' title='bbox 3532 3234 3715 3272; x_wconf 89' lang='lat' dir='ltr'>unum</span> 
     </span>
    </p>
   </div>
   <div class='ocr_carea' id='block_1_92' title="bbox 2064 3307 3715 3379">
    <p class='ocr_par' dir='ltr' id='par_1_92' title="bbox 2064 3307 3715 3379">
     <span class='ocr_line' id='line_1_96' title="bbox 2064 3307 3715 3379; baseline -0.001 -17"><span class='ocrx_word' id='word_1_688' title='bbox 2064 3307 2255 3362; x_wconf 92' lang='lat' dir='ltr'>locum</span> <span class='ocrx_word' id='word_1_689' title='bbox 2282 3307 2513 3375; x_wconf 86' lang='lat' dir='ltr'>collata,</span> <span class='ocrx_word' id='word_1_690' title='bbox 2538 3325 2650 3379; x_wconf 69' lang='lat' dir='ltr'>prae</span> <span class='ocrx_word' id='word_1_691' title='bbox 2674 3324 2873 3362; x_wconf 83' lang='lat' dir='ltr'>eorum</span> <span class='ocrx_word' id='word_1_692' title='bbox 2909 3307 3240 3362; x_wconf 88' lang='lat' dir='ltr'>constantia</span> <span class='ocrx_word' id='word_1_693' title='bbox 3262 3312 3319 3362; x_wconf 90' lang='lat' dir='ltr'>et</span> <span class='ocrx_word' id='word_1_694' title='bbox 3352 3307 3715 3377; x_wconf 84' lang='lat' dir='ltr'>fortitudine,</span> 
     </span>
    </p>
   </div>
   <div class='ocr_carea' id='block_1_93' title="bbox 2068 3397 3717 3468">
    <p class='ocr_par' dir='ltr' id='par_1_93' title="bbox 2068 3397 3717 3468">
     <span class='ocr_line' id='line_1_97' title="bbox 2068 3397 3717 3468; baseline 0 -17"><span class='ocrx_word' id='word_1_695' title='bbox 2068 3397 2381 3468; x_wconf 82' lang='lat' dir='ltr'>perexigua</span> <span class='ocrx_word' id='word_1_696' title='bbox 2410 3402 2465 3450; x_wconf 90' lang='lat' dir='ltr'>et</span> <span class='ocrx_word' id='word_1_697' title='bbox 2517 3397 2741 3450; x_wconf 90' lang='lat' dir='ltr'>minuta</span> <span class='ocrx_word' id='word_1_698' title='bbox 2790 3397 2967 3451; x_wconf 82' lang='lat' dir='ltr'>videri</span> <span class='ocrx_word' id='word_1_699' title='bbox 3004 3412 3237 3451; x_wconf 91' lang='lat' dir='ltr'>necesse</span> <span class='ocrx_word' id='word_1_700' title='bbox 3270 3398 3347 3451; x_wconf 86' lang='lat' dir='ltr'>sit</span> <span class='ocrx_word' id='word_1_701' title='bbox 3378 3414 3389 3451; x_wconf 95' lang='lat'>:</span> <span class='ocrx_word' id='word_1_702' title='bbox 3424 3402 3480 3450; x_wconf 92' lang='lat' dir='ltr'>et</span> <span class='ocrx_word' id='word_1_703' title='bbox 3510 3413 3717 3451; x_wconf 89' lang='lat' dir='ltr'>rursus</span> 
     </span>
    </p>
   </div>
   <div class='ocr_carea' id='block_1_94' title="bbox 2069 3485 3715 3555">
    <p class='ocr_par' dir='ltr' id='par_1_94' title="bbox 2069 3485 3715 3555">
     <span class='ocr_line' id='line_1_98' title="bbox 2069 3485 3715 3555; baseline -0.001 -17"><span class='ocrx_word' id='word_1_704' title='bbox 2069 3485 2430 3540; x_wconf 79' lang='lat' dir='ltr'>fortitudinis</span> <span class='ocrx_word' id='word_1_705' title='bbox 2457 3490 2632 3555; x_wconf 80' lang='lat' dir='ltr'>atque</span> <span class='ocrx_word' id='word_1_706' title='bbox 2663 3486 3007 3540; x_wconf 64' lang='lat' dir='ltr'>constantiae</span> <span class='ocrx_word' id='word_1_707' title='bbox 3037 3485 3168 3540; x_wconf 88' lang='lat' dir='ltr'>laus</span> <span class='ocrx_word' id='word_1_708' title='bbox 3194 3502 3370 3555; x_wconf 87' lang='lat' dir='ltr'>parva</span> <span class='ocrx_word' id='word_1_709' title='bbox 3401 3488 3597 3539; x_wconf 85' lang='lat' dir='ltr'>tutura</span> <span class='ocrx_word' id='word_1_710' title='bbox 3619 3486 3715 3551; x_wconf 87' lang='lat' dir='ltr'>sit,</span> 
     </span>
    </p>
   </div>
   <div class='ocr_carea' id='block_1_95' title="bbox 2066 3572 3716 3645">
    <p class='ocr_par' dir='ltr' id='par_1_95' title="bbox 2066 3572 3716 3645">
     <span class='ocr_line' id='line_1_99' title="bbox 2066 3572 3716 3645; baseline -0.001 -16"><span class='ocrx_word' id='word_1_711' title='bbox 2066 3575 2113 3629; x_wconf 85' lang='lat' dir='ltr'>si</span> <span class='ocrx_word' id='word_1_712' title='bbox 2148 3592 2279 3628; x_wconf 90' lang='lat' dir='ltr'>cum</span> <span class='ocrx_word' id='word_1_713' title='bbox 2312 3574 2764 3645; x_wconf 84' lang='lat' dir='ltr'>sapientissimis</span> <span class='ocrx_word' id='word_1_714' title='bbox 2786 3591 2988 3628; x_wconf 78' lang='lat' dir='ltr'>eorum</span> <span class='ocrx_word' id='word_1_715' title='bbox 3017 3572 3389 3628; x_wconf 86' lang='lat' dir='ltr'>sermonibus</span> <span class='ocrx_word' id='word_1_716' title='bbox 3419 3588 3716 3642; x_wconf 88' lang='lat' dir='ltr'>compare-</span> 
     </span>
    </p>
   </div>
   <div class='ocr_carea' id='block_1_96' title="bbox 2066 3660 3713 3731">
    <p class='ocr_par' dir='ltr' id='par_1_96' title="bbox 2066 3660 3713 3731">
     <span class='ocr_line' id='line_1_100' title="bbox 2066 3660 3713 3731; baseline -0.002 -14"><span class='ocrx_word' id='word_1_717' title='bbox 2066 3668 2208 3718; x_wconf 88' lang='lat' dir='ltr'>tur:</span> <span class='ocrx_word' id='word_1_718' title='bbox 2244 3664 2386 3718; x_wconf 90' lang='lat' dir='ltr'>adeo</span> <span class='ocrx_word' id='word_1_719' title='bbox 2429 3669 2492 3716; x_wconf 92' lang='lat' dir='ltr'>ut</span> <span class='ocrx_word' id='word_1_720' title='bbox 2542 3662 2774 3717; x_wconf 89' lang='lat' dir='ltr'>illorum</span> <span class='ocrx_word' id='word_1_721' title='bbox 2810 3661 2928 3715; x_wconf 68' lang='lat' dir='ltr'>haec</span> <span class='ocrx_word' id='word_1_722' title='bbox 2980 3660 3109 3716; x_wconf 89' lang='lat' dir='ltr'>laus</span> <span class='ocrx_word' id='word_1_723' title='bbox 3154 3660 3387 3731; x_wconf 87' lang='lat' dir='ltr'>propria</span> <span class='ocrx_word' id='word_1_724' title='bbox 3418 3660 3513 3723; x_wconf 91' lang='lat' dir='ltr'>sit,</span> <span class='ocrx_word' id='word_1_725' title='bbox 3560 3660 3713 3730; x_wconf 88' lang='lat' dir='ltr'>quod</span> 
     </span>
    </p>
   </div>
   <div class='ocr_carea' id='block_1_97' title="bbox 2065 3747 3714 3820">
    <p class='ocr_par' dir='ltr' id='par_1_97' title="bbox 2065 3747 3714 3820">
     <span class='ocr_line' id='line_1_101' title="bbox 2065 3747 3714 3820; baseline -0.002 -16"><span class='ocrx_word' id='word_1_726' title='bbox 2065 3751 2261 3820; x_wconf 83' lang='lat' dir='ltr'>iidem,</span> <span class='ocrx_word' id='word_1_727' title='bbox 2286 3756 2341 3806; x_wconf 90' lang='lat' dir='ltr'>et</span> <span class='ocrx_word' id='word_1_728' title='bbox 2372 3753 2449 3805; x_wconf 85' lang='lat' dir='ltr'>ita</span> <span class='ocrx_word' id='word_1_729' title='bbox 2473 3750 2765 3805; x_wconf 69' lang='lat' dir='ltr'>Cl&#39;UCiﬂtUS</span> <span class='ocrx_word' id='word_1_730' title='bbox 2786 3749 3133 3819; x_wconf 85' lang='lat' dir='ltr'>exceperint,</span> <span class='ocrx_word' id='word_1_731' title='bbox 3158 3754 3213 3803; x_wconf 87' lang='lat' dir='ltr'>et</span> <span class='ocrx_word' id='word_1_732' title='bbox 3237 3755 3459 3803; x_wconf 88' lang='lat' dir='ltr'>tantam</span> <span class='ocrx_word' id='word_1_733' title='bbox 3484 3747 3714 3817; x_wconf 71' lang='lat' dir='ltr'>sapien-</span> 
     </span>
    </p>
   </div>
   <div class='ocr_carea' id='block_1_98' title="bbox 2066 3836 3715 3907">
    <p class='ocr_par' dir='ltr' id='par_1_98' title="bbox 2066 3836 3715 3907">
     <span class='ocr_line' id='line_1_102' title="bbox 2066 3836 3715 3907; baseline -0.002 -14"><span class='ocrx_word' id='word_1_734' title='bbox 2066 3842 2210 3893; x_wconf 90' lang='lat' dir='ltr'>tiam</span> <span class='ocrx_word' id='word_1_735' title='bbox 2243 3840 2605 3894; x_wconf 80' lang='lat' dir='ltr'>exercuerint</span> <span class='ocrx_word' id='word_1_736' title='bbox 2629 3840 2683 3891; x_wconf 92' lang='lat' dir='ltr'>in</span> <span class='ocrx_word' id='word_1_737' title='bbox 2714 3838 3193 3907; x_wconf 86' lang='lat' dir='ltr'>responsionibus</span> <span class='ocrx_word' id='word_1_738' title='bbox 3228 3837 3297 3890; x_wconf 87' lang='lat' dir='ltr'>ad</span> <span class='ocrx_word' id='word_1_739' title='bbox 3330 3836 3715 3907; x_wconf 84' lang='lat' dir='ltr'>persecutoris</span> 
     </span>
    </p>
   </div>
   <div class='ocr_carea' id='block_1_99' title="bbox 2069 3925 3710 3997">
    <p class='ocr_par' dir='ltr' id='par_1_99' title="bbox 2069 3925 3710 3997">
     <span class='ocr_line' id='line_1_103' title="bbox 2069 3925 3710 3997; baseline -0.002 -16"><span class='ocrx_word' id='word_1_740' title='bbox 2069 3929 2281 3991; x_wconf 90' lang='lat' dir='ltr'>minas,</span> <span class='ocrx_word' id='word_1_741' title='bbox 2314 3928 2672 3997; x_wconf 87' lang='lat' dir='ltr'>injectosque</span> <span class='ocrx_word' id='word_1_742' title='bbox 2706 3925 3127 3995; x_wconf 88' lang='lat' dir='ltr'>suppliciorum</span> <span class='ocrx_word' id='word_1_743' title='bbox 3159 3930 3425 3991; x_wconf 87' lang='lat' dir='ltr'>terrores,</span> <span class='ocrx_word' id='word_1_744' title='bbox 3461 3941 3710 3994; x_wconf 86' lang='lat' dir='ltr'>quorum</span> 
     </span>
    </p>
   </div>
   <div class='ocr_carea' id='block_1_100' title="bbox 2069 4014 3710 4080">
    <p class='ocr_par' dir='ltr' id='par_1_100' title="bbox 2069 4014 3710 4080">
     <span class='ocr_line' id='line_1_104' title="bbox 2069 4014 3710 4080; baseline -0.002 -10"><span class='ocrx_word' id='word_1_745' title='bbox 2069 4016 2238 4080; x_wconf 90' lang='lat' dir='ltr'>nulli,</span> <span class='ocrx_word' id='word_1_746' title='bbox 2272 4032 2375 4069; x_wconf 89' lang='lat' dir='ltr'>nec</span> <span class='ocrx_word' id='word_1_747' title='bbox 2408 4015 2585 4069; x_wconf 86' lang='lat' dir='ltr'>fortes</span> <span class='ocrx_word' id='word_1_748' title='bbox 2621 4014 2742 4080; x_wconf 79' lang='lat' dir='ltr'>lilii,</span> <span class='ocrx_word' id='word_1_749' title='bbox 2780 4030 2880 4067; x_wconf 89' lang='lat' dir='ltr'>nec</span> <span class='ocrx_word' id='word_1_750' title='bbox 2930 4014 3132 4067; x_wconf 86' lang='lat' dir='ltr'>fortior</span> <span class='ocrx_word' id='word_1_751' title='bbox 3163 4019 3349 4066; x_wconf 89' lang='lat' dir='ltr'>mater</span> <span class='ocrx_word' id='word_1_752' title='bbox 3378 4014 3710 4068; x_wconf 89' lang='lat' dir='ltr'>succubuit.</span> 
     </span>
    </p>
   </div>
   <div class='ocr_carea' id='block_1_101' title="bbox 2069 4101 3714 4174">
    <p class='ocr_par' dir='ltr' id='par_1_101' title="bbox 2069 4101 3714 4174">
     <span class='ocr_line' id='line_1_105' title="bbox 2069 4101 3714 4174; baseline -0.001 -17"><span class='ocrx_word' id='word_1_753' title='bbox 2069 4104 2215 4168; x_wconf 86' lang='lat' dir='ltr'>Quin</span> <span class='ocrx_word' id='word_1_754' title='bbox 2242 4106 2434 4174; x_wconf 84' lang='lat' dir='ltr'>potius</span> <span class='ocrx_word' id='word_1_755' title='bbox 2464 4103 2591 4173; x_wconf 91' lang='lat' dir='ltr'>ipsa</span> <span class='ocrx_word' id='word_1_756' title='bbox 2617 4120 2792 4173; x_wconf 86' lang='lat' dir='ltr'>supra</span> <span class='ocrx_word' id='word_1_757' title='bbox 2816 4102 3011 4155; x_wconf 90' lang='lat' dir='ltr'>omnia</span> <span class='ocrx_word' id='word_1_758' title='bbox 3033 4117 3160 4156; x_wconf 87' lang='lat' dir='ltr'>sese</span> <span class='ocrx_word' id='word_1_759' title='bbox 3192 4101 3503 4166; x_wconf 86' lang='lat' dir='ltr'>collocans,</span> <span class='ocrx_word' id='word_1_760' title='bbox 3530 4103 3714 4172; x_wconf 88' lang='lat' dir='ltr'>impe-</span> 
     </span>
    </p>
   </div>
   <div class='ocr_carea' id='block_1_102' title="bbox 2068 4189 3716 4262">
    <p class='ocr_par' dir='ltr' id='par_1_102' title="bbox 2068 4189 3716 4262">
     <span class='ocr_line' id='line_1_106' title="bbox 2068 4189 3716 4262; baseline -0.001 -16"><span class='ocrx_word' id='word_1_761' title='bbox 2068 4196 2312 4262; x_wconf 90' lang='lat' dir='ltr'>tumque</span> <span class='ocrx_word' id='word_1_762' title='bbox 2362 4192 2540 4245; x_wconf 83' lang='lat' dir='ltr'>animi</span> <span class='ocrx_word' id='word_1_763' title='bbox 2592 4207 2724 4244; x_wconf 90' lang='lat' dir='ltr'>cum</span> <span class='ocrx_word' id='word_1_764' title='bbox 2784 4207 2980 4244; x_wconf 88' lang='lat' dir='ltr'>amore</span> <span class='ocrx_word' id='word_1_765' title='bbox 3027 4190 3438 4254; x_wconf 87' lang='lat' dir='ltr'>commiscens,</span> <span class='ocrx_word' id='word_1_766' title='bbox 3486 4189 3716 4260; x_wconf 87' lang='lat' dir='ltr'>pulchri</span> 
     </span>
    </p>
   </div>
   <div class='ocr_carea' id='block_1_103' title="bbox 2069 4278 3717 4351">
    <p class='ocr_par' dir='ltr' id='par_1_103' title="bbox 2069 4278 3717 4351">
     <span class='ocr_line' id='line_1_107' title="bbox 2069 4278 3717 4351; baseline -0.002 -15"><span class='ocrx_word' id='word_1_767' title='bbox 2069 4280 2381 4351; x_wconf 90' lang='lat' dir='ltr'>cujusdam</span> <span class='ocrx_word' id='word_1_768' title='bbox 2431 4280 2687 4333; x_wconf 84' lang='lat' dir='ltr'>funebris</span> <span class='ocrx_word' id='word_1_769' title='bbox 2722 4279 2980 4333; x_wconf 87' lang='lat' dir='ltr'>muneris</span> <span class='ocrx_word' id='word_1_770' title='bbox 3030 4278 3173 4343; x_wconf 89' lang='lat' dir='ltr'>loco,</span> <span class='ocrx_word' id='word_1_771' title='bbox 3210 4278 3464 4349; x_wconf 89' lang='lat' dir='ltr'>seipsam</span> <span class='ocrx_word' id='word_1_772' title='bbox 3518 4278 3717 4333; x_wconf 88' lang='lat' dir='ltr'>liberis</span> 
     </span>
    </p>
   </div>
   <div class='ocr_carea' id='block_1_104' title="bbox 2070 4367 3719 4441">
    <p class='ocr_par' dir='ltr' id='par_1_104' title="bbox 2070 4367 3719 4441">
     <span class='ocr_line' id='line_1_108' title="bbox 2070 4367 3719 4441; baseline -0.002 -16"><span class='ocrx_word' id='word_1_773' title='bbox 2070 4370 2302 4434; x_wconf 89' lang='lat' dir='ltr'>obtulit,</span> <span class='ocrx_word' id='word_1_774' title='bbox 2337 4386 2400 4424; x_wconf 88' lang='lat' dir='ltr'>ac</span> <span class='ocrx_word' id='word_1_775' title='bbox 2434 4385 2785 4441; x_wconf 71' lang='lat' dir='ltr'>praegressos</span> <span class='ocrx_word' id='word_1_776' title='bbox 2834 4373 3035 4423; x_wconf 89' lang='lat' dir='ltr'>secuta</span> <span class='ocrx_word' id='word_1_777' title='bbox 3064 4373 3151 4423; x_wconf 91' lang='lat' dir='ltr'>est</span> <span class='ocrx_word' id='word_1_778' title='bbox 3187 4384 3199 4421; x_wconf 90' lang='lat'>:</span> <span class='ocrx_word' id='word_1_779' title='bbox 3233 4367 3409 4438; x_wconf 91' lang='lat' dir='ltr'>idque</span> <span class='ocrx_word' id='word_1_780' title='bbox 3461 4384 3719 4439; x_wconf 89' lang='lat' dir='ltr'>quonam</span> 
     </span>
    </p>
   </div>
   <div class='ocr_carea' id='block_1_105' title="bbox 2072 4456 3717 4532">
    <p class='ocr_par' dir='ltr' id='par_1_105' title="bbox 2072 4456 3717 4532">
     <span class='ocr_line' id='line_1_109' title="bbox 2072 4456 3717 4532; baseline -0.003 -17"><span class='ocrx_word' id='word_1_781' title='bbox 2072 4465 2238 4532; x_wconf 87' lang='lat' dir='ltr'>pacto</span> <span class='ocrx_word' id='word_1_782' title='bbox 2264 4459 2290 4513; x_wconf 88' lang='lat'><strong>?</strong></span> <span class='ocrx_word' id='word_1_783' title='bbox 2336 4476 2438 4513; x_wconf 80' lang='lat' dir='ltr'>sua</span> <span class='ocrx_word' id='word_1_784' title='bbox 2467 4463 2674 4528; x_wconf 90' lang='lat' dir='ltr'>sponte</span> <span class='ocrx_word' id='word_1_785' title='bbox 2721 4457 2791 4511; x_wconf 91' lang='lat' dir='ltr'>ad</span> <span class='ocrx_word' id='word_1_786' title='bbox 2826 4456 3116 4528; x_wconf 87' lang='lat' dir='ltr'>supplicia</span> <span class='ocrx_word' id='word_1_787' title='bbox 3144 4456 3419 4527; x_wconf 88' lang='lat' dir='ltr'>gradiens</span> <span class='ocrx_word' id='word_1_788' title='bbox 3450 4474 3463 4513; x_wconf 87' lang='lat'><strong><em>:</em></strong></span> <span class='ocrx_word' id='word_1_789' title='bbox 3497 4461 3555 4511; x_wconf 88' lang='lat' dir='ltr'>et</span> <span class='ocrx_word' id='word_1_790' title='bbox 3583 4472 3717 4511; x_wconf 90' lang='lat' dir='ltr'>cum</span> 
     </span>
    </p>
   </div>
   <div class='ocr_carea' id='block_1_106' title="bbox 2073 4658 3715 4729">
    <p class='ocr_par' dir='ltr' id='par_1_106' title="bbox 2073 4658 3715 4729">
     <span class='ocr_line' id='line_1_110' title="bbox 2073 4658 3715 4729; baseline -0.003 -12"><span class='ocrx_word' id='word_1_791' title='bbox 2073 4663 2183 4718; x_wconf 80' lang='lat' dir='ltr'>fex.</span> <span class='ocrx_word' id='word_1_792' title='bbox 2216 4683 2244 4711; x_wconf 87' lang='lat'><strong>«</strong></span> <span class='ocrx_word' id='word_1_793' title='bbox 2277 4662 2400 4717; x_wconf 92' lang='lat' dir='ltr'>Non</span> <span class='ocrx_word' id='word_1_794' title='bbox 2435 4661 2603 4715; x_wconf 83' lang='lat' dir='ltr'>male.</span> <span class='ocrx_word' id='word_1_795' title='bbox 2638 4683 2664 4709; x_wconf 88' lang='grc'>‹‹</span> <span class='ocrx_word' id='word_1_796' title='bbox 2699 4660 3048 4716; x_wconf 82' lang='lat' dir='ltr'>Carniﬁoum</span> <span class='ocrx_word' id='word_1_797' title='bbox 3084 4681 3112 4709; x_wconf 83' lang='lat'><strong>»</strong></span> <span class='ocrx_word' id='word_1_798' title='bbox 3143 4658 3301 4714; x_wconf 89' lang='lat' dir='ltr'>enim</span> <span class='ocrx_word' id='word_1_799' title='bbox 3333 4662 3457 4713; x_wconf 84' lang='lat' dir='ltr'>erat</span> <span class='ocrx_word' id='word_1_800' title='bbox 3489 4673 3715 4729; x_wconf 86' lang='lat' dir='ltr'>urgere,</span> 
     </span>
    </p>
   </div>
   <div class='ocr_carea' id='block_1_107' title="bbox 2071 4732 3718 4803">
    <p class='ocr_par' dir='ltr' id='par_1_107' title="bbox 2071 4732 3718 4803">
     <span class='ocr_line' id='line_1_111' title="bbox 2071 4732 3718 4803; baseline -0.003 -14"><span class='ocrx_word' id='word_1_801' title='bbox 2071 4739 2136 4789; x_wconf 91' lang='lat' dir='ltr'>ut</span> <span class='ocrx_word' id='word_1_802' title='bbox 2182 4733 2450 4787; x_wconf 79' lang='lat' dir='ltr'>Antiochi</span> <span class='ocrx_word' id='word_1_803' title='bbox 2492 4736 2665 4801; x_wconf 79' lang='lat' dir='ltr'>jussa</span> <span class='ocrx_word' id='word_1_804' title='bbox 2712 4735 3167 4803; x_wconf 75' lang='lat' dir='ltr'>perficerentur;</span> <span class='ocrx_word' id='word_1_805' title='bbox 3221 4747 3335 4785; x_wconf 92' lang='lat' dir='ltr'>non</span> <span class='ocrx_word' id='word_1_806' title='bbox 3386 4736 3539 4785; x_wconf 90' lang='lat' dir='ltr'>certe</span> <span class='ocrx_word' id='word_1_807' title='bbox 3589 4732 3718 4801; x_wconf 89' lang='lat' dir='ltr'>ipsa</span> 
     </span>
    </p>
   </div>
   <div class='ocr_carea' id='block_1_108' title="bbox 2072 4804 2933 4874">
    <p class='ocr_par' dir='ltr' id='par_1_108' title="bbox 2072 4804 2933 4874">
     <span class='ocr_line' id='line_1_112' title="bbox 2072 4804 2933 4874; baseline -0.002 -15"><span class='ocrx_word' id='word_1_808' title='bbox 2072 4805 2245 4861; x_wconf 86' lang='lat' dir='ltr'>turba</span> <span class='ocrx_word' id='word_1_809' title='bbox 2279 4804 2638 4874; x_wconf 68' lang='lat' dir='ltr'>Machameus</span> <span class='ocrx_word' id='word_1_810' title='bbox 2673 4806 2933 4874; x_wconf 80' lang='lat' dir='ltr'>urgebat.</span> 
     </span>
    </p>
   </div>
   <div class='ocr_carea' id='block_1_109' title="bbox 2163 4872 3319 4953">
    <p class='ocr_par' dir='ltr' id='par_1_109' title="bbox 2163 4872 3319 4953">
     <span class='ocr_line' id='line_1_113' title="bbox 2163 4872 3319 4953; baseline -0.003 -26"><span class='ocrx_word' id='word_1_811' title='bbox 2286 4872 2524 4953; x_wconf 54' lang='grc' dir='ltr'>χαλεπά.</span> <span class='ocrx_word' id='word_1_812' title='bbox 2556 4872 2821 4953; x_wconf 28' lang='lat' dir='ltr'>peestvin</span> <span class='ocrx_word' id='word_1_813' title='bbox 2859 4874 3171 4953; x_wconf 68' lang='lat' dir='ltr'>plerisque.</span> <span class='ocrx_word' id='word_1_814' title='bbox 3233 4946 3263 4953; x_wconf 48' lang='grc' dir='ltr'>η</span> <span class='ocrx_word' id='word_1_815' title='bbox 3307 4941 3319 4953; x_wconf 37' lang='grc' dir='ltr'>ι</span> 
     </span>
    </p>
   </div>
   <div class='ocr_carea' id='block_1_110' title="bbox 2165 4941 3717 5018">
    <p class='ocr_par' dir='ltr' id='par_1_110' title="bbox 2165 4941 3717 5018">
     <span class='ocr_line' id='line_1_114' title="bbox 2165 4941 3717 5018; baseline -0.003 -18"><span class='ocrx_word' id='word_1_816' title='bbox 2165 4941 2257 5018; x_wconf 86' lang='grc'>95)</span> <span class='ocrx_word' id='word_1_817' title='bbox 2310 4948 2503 4999; x_wconf 82' lang='grc' dir='ltr'>Ἐστιν.</span> <span class='ocrx_word' id='word_1_818' title='bbox 2556 4948 2728 5003; x_wconf 88' lang='lat' dir='ltr'>Deest</span> <span class='ocrx_word' id='word_1_819' title='bbox 2775 4947 2832 5000; x_wconf 95' lang='lat' dir='ltr'>in</span> <span class='ocrx_word' id='word_1_820' title='bbox 2859 4941 2964 5001; x_wconf 72' lang='lat' dir='ltr'>sex</span> <span class='ocrx_word' id='word_1_821' title='bbox 3016 4941 3175 5015; x_wconf 74' lang='lat' dir='ltr'>Reg,</span> <span class='ocrx_word' id='word_1_822' title='bbox 3227 4941 3399 4996; x_wconf 91' lang='lat' dir='ltr'>Coisl.</span> <span class='ocrx_word' id='word_1_823' title='bbox 3445 4943 3500 5008; x_wconf 89' lang='lat'>2,</span> <span class='ocrx_word' id='word_1_824' title='bbox 3535 4941 3630 4999; x_wconf 89' lang='lat' dir='ltr'>0r.</span> <span class='ocrx_word' id='word_1_825' title='bbox 3662 4945 3717 5009; x_wconf 87' lang='lat'>2,</span> 
     </span>
    </p>
   </div>
   <div class='ocr_carea' id='block_1_111' title="bbox 2074 5022 2183 5073">
    <p class='ocr_par' dir='ltr' id='par_1_111' title="bbox 2074 5022 2183 5073">
     <span class='ocr_line' id='line_1_115' title="bbox 2074 5022 2183 5073; baseline -0.009 0"><span class='ocrx_word' id='word_1_826' title='bbox 2074 5022 2183 5073; x_wconf 91' lang='lat' dir='ltr'>etc.</span> 
     </span>
    </p>
   </div>
   <div class='ocr_carea' id='block_1_112' title="bbox 2146 5083 3721 5161">
    <p class='ocr_par' dir='ltr' id='par_1_112' title="bbox 2146 5083 3721 5161">
     <span class='ocr_line' id='line_1_116' title="bbox 2146 5083 3721 5161; baseline -0.003 -18"><span class='ocrx_word' id='word_1_827' title='bbox 2146 5090 2260 5161; x_wconf 82' lang='lat'>(96)</span> <span class='ocrx_word' id='word_1_828' title='bbox 2289 5093 2475 5159; x_wconf 73' lang='grc' dir='ltr'>Ὁμοῦ.</span> <span class='ocrx_word' id='word_1_829' title='bbox 2512 5090 2604 5144; x_wconf 90' lang='lat' dir='ltr'>Sic</span> <span class='ocrx_word' id='word_1_830' title='bbox 2653 5106 2752 5161; x_wconf 76' lang='lat' dir='ltr'>sex</span> <span class='ocrx_word' id='word_1_831' title='bbox 2800 5088 2966 5161; x_wconf 65' lang='lat' dir='ltr'>Reg,</span> <span class='ocrx_word' id='word_1_832' title='bbox 3002 5085 3195 5156; x_wconf 85' lang='lat' dir='ltr'>plures</span> <span class='ocrx_word' id='word_1_833' title='bbox 3245 5084 3431 5155; x_wconf 84' lang='lat' dir='ltr'>Colb.,</span> <span class='ocrx_word' id='word_1_834' title='bbox 3462 5083 3636 5141; x_wconf 87' lang='lat' dir='ltr'>Coisl.</span> <span class='ocrx_word' id='word_1_835' title='bbox 3664 5085 3721 5151; x_wconf 84' lang='lat'>2,</span> 
     </span>
    </p>
   </div>
   <div class='ocr_carea' id='block_1_113' title="bbox 2075 5158 2828 5230">
    <p class='ocr_par' dir='ltr' id='par_1_113' title="bbox 2075 5158 2828 5230">
     <span class='ocr_line' id='line_1_117' title="bbox 2075 5158 2828 5230; baseline -0.004 -13"><span class='ocrx_word' id='word_1_836' title='bbox 2075 5158 2171 5217; x_wconf 69' lang='lat' dir='ltr'>0r.</span> <span class='ocrx_word' id='word_1_837' title='bbox 2206 5164 2261 5227; x_wconf 92' lang='lat'>2,</span> <span class='ocrx_word' id='word_1_838' title='bbox 2301 5168 2407 5216; x_wconf 91' lang='lat' dir='ltr'>etc.</span> <span class='ocrx_word' id='word_1_839' title='bbox 2440 5162 2502 5216; x_wconf 89' lang='lat' dir='ltr'>In</span> <span class='ocrx_word' id='word_1_840' title='bbox 2537 5162 2652 5226; x_wconf 88' lang='lat' dir='ltr'>ed.,</span> <span class='ocrx_word' id='word_1_841' title='bbox 2686 5158 2828 5230; x_wconf 77' lang='grc' dir='ltr'>ἐμοί.</span> 
     </span>
    </p>
   </div>
   <div class='ocr_carea' id='block_1_114' title="bbox 2169 5224 3579 5304">
    <p class='ocr_par' dir='ltr' id='par_1_114' title="bbox 2169 5224 3579 5304">
     <span class='ocr_line' id='line_1_118' title="bbox 2169 5224 3579 5304; baseline -0.004 -19"><span class='ocrx_word' id='word_1_842' title='bbox 2169 5224 2257 5304; x_wconf 88' lang='grc'>97)</span> <span class='ocrx_word' id='word_1_843' title='bbox 2292 5231 2485 5304; x_wconf 77' lang='grc' dir='ltr'>Μικρά.</span> <span class='ocrx_word' id='word_1_844' title='bbox 2525 5224 2792 5304; x_wconf 75' lang='lat' dir='ltr'>Quinque</span> <span class='ocrx_word' id='word_1_845' title='bbox 2825 5230 2958 5304; x_wconf 62' lang='lat' dir='ltr'>Reg.</span> <span class='ocrx_word' id='word_1_846' title='bbox 2993 5231 3049 5283; x_wconf 80' lang='lat' dir='ltr'>et</span> <span class='ocrx_word' id='word_1_847' title='bbox 3077 5227 3247 5304; x_wconf 82' lang='lat' dir='ltr'>Coisl.</span> <span class='ocrx_word' id='word_1_848' title='bbox 3275 5229 3330 5298; x_wconf 80' lang='lat'>2,</span> <span class='ocrx_word' id='word_1_849' title='bbox 3367 5224 3579 5304; x_wconf 77' lang='grc' dir='ltr'>μικρόν.</span> 
     </span>
    </p>
   </div>
   <div class='ocr_carea' id='block_1_115' title="bbox 2170 5249 3727 5385">
    <p class='ocr_par' dir='ltr' id='par_1_115' title="bbox 2170 5249 3727 5385">
     <span class='ocr_line' id='line_1_119' title="bbox 2170 5249 3579 5306; baseline -0.004 -21"><span class='ocrx_word' id='word_1_850' title='bbox 2170 5249 2257 5304; x_wconf 69' lang='lat' dir='ltr'>Ui)</span> <span class='ocrx_word' id='word_1_851' title='bbox 2292 5249 2485 5306; x_wconf 74' lang='grc' dir='ltr'>Μικρα.</span> <span class='ocrx_word' id='word_1_852' title='bbox 2525 5249 2673 5297; x_wconf 68' lang='lat' dir='ltr'>Qum</span> <span class='ocrx_word' id='word_1_853' title='bbox 2723 5249 2792 5287; x_wconf 90' lang='lat' dir='ltr'>ue</span> <span class='ocrx_word' id='word_1_854' title='bbox 2827 5249 2958 5296; x_wconf 51' lang='grc' dir='ltr'>ηομ.</span> <span class='ocrx_word' id='word_1_855' title='bbox 2993 5249 3049 5283; x_wconf 74' lang='lat' dir='ltr'>et</span> <span class='ocrx_word' id='word_1_856' title='bbox 3077 5249 3247 5283; x_wconf 69' lang='lat' dir='ltr'>LaOISI.</span> <span class='ocrx_word' id='word_1_857' title='bbox 3276 5249 3330 5298; x_wconf 71' lang='grc' dir='ltr'>ι,</span> <span class='ocrx_word' id='word_1_858' title='bbox 3367 5249 3579 5301; x_wconf 82' lang='grc' dir='ltr'>μικρον.</span> 
     </span>
     <span class='ocr_line' id='line_1_120' title="bbox 2170 5249 3727 5385; baseline -0.005 -29"><span class='ocrx_word' id='word_1_859' title='bbox 2170 5304 2260 5375; x_wconf 89' lang='grc'>98)</span> <span class='ocrx_word' id='word_1_860' title='bbox 2303 5305 2639 5385; x_wconf 37' lang='grc' dir='ltr'>’Χωρήσασαπ</span> <span class='ocrx_word' id='word_1_861' title='bbox 2681 5249 2753 5357; x_wconf 51' lang='lat' dir='ltr'>(in</span> <span class='ocrx_word' id='word_1_862' title='bbox 2807 5302 2977 5385; x_wconf 70' lang='lat' dir='ltr'>editis</span> <span class='ocrx_word' id='word_1_863' title='bbox 3024 5300 3340 5385; x_wconf 73' lang='lat' dir='ltr'>sequitur:</span> <span class='ocrx_word' id='word_1_864' title='bbox 3375 5298 3450 5385; x_wconf 52' lang='grc' dir='ltr'>ἀτς</span> <span class='ocrx_word' id='word_1_865' title='bbox 3493 5296 3551 5350; x_wconf 80' lang='grc' dir='ltr'>ἃν</span> <span class='ocrx_word' id='word_1_866' title='bbox 3588 5292 3727 5385; x_wconf 75' lang='grc' dir='ltr'>μηδὶ</span> 
     </span>
    </p>
   </div>
   <div class='ocr_carea' id='block_1_116' title="bbox 2080 5371 3724 5445">
    <p class='ocr_par' dir='ltr' id='par_1_116' title="bbox 2080 5371 3724 5445">
     <span class='ocr_line' id='line_1_121' title="bbox 2080 5371 3724 5445; baseline -0.004 -20"><span class='ocrx_word' id='word_1_867' title='bbox 2080 5371 2250 5445; x_wconf 79' lang='grc' dir='ltr'>σῶμα</span> <span class='ocrx_word' id='word_1_868' title='bbox 2290 5371 2535 5445; x_wconf 63' lang='grc' dir='ltr'>ψαύσειεν</span> <span class='ocrx_word' id='word_1_869' title='bbox 2598 5372 2823 5445; x_wconf 70' lang='grc' dir='ltr'>ἄναγνον</span> <span class='ocrx_word' id='word_1_870' title='bbox 2885 5374 3051 5443; x_wconf 73' lang='grc' dir='ltr'>ἁγνοῦ</span> <span class='ocrx_word' id='word_1_871' title='bbox 3108 5371 3195 5423; x_wconf 81' lang='grc' dir='ltr'>καὶ</span> <span class='ocrx_word' id='word_1_872' title='bbox 3244 5371 3505 5445; x_wconf 64' lang='grc' dir='ltr'>γενναίουΔ</span> <span class='ocrx_word' id='word_1_873' title='bbox 3537 5371 3724 5438; x_wconf 84' lang='grc' dir='ltr'>σώμα-</span> 
     </span>
    </p>
   </div>
   <div class='ocr_carea' id='block_1_117' title="bbox 2079 5443 3727 5517">
    <p class='ocr_par' dir='ltr' id='par_1_117' title="bbox 2079 5443 3727 5517">
     <span class='ocr_line' id='line_1_122' title="bbox 2079 5443 3727 5517; baseline -0.001 -19"><span class='ocrx_word' id='word_1_874' title='bbox 2079 5443 2193 5505; x_wconf 65' lang='grc' dir='ltr'>τος’</span> <span class='ocrx_word' id='word_1_875' title='bbox 2246 5467 2271 5495; x_wconf 88' lang='grc'><strong>‹‹</strong></span> <span class='ocrx_word' id='word_1_876' title='bbox 2306 5443 2376 5501; x_wconf 85' lang='lat' dir='ltr'>ne</span> <span class='ocrx_word' id='word_1_877' title='bbox 2410 5465 2617 5517; x_wconf 85' lang='lat' dir='ltr'>purum</span> <span class='ocrx_word' id='word_1_878' title='bbox 2657 5443 2723 5501; x_wconf 85' lang='lat' dir='ltr'>ac</span> <span class='ocrx_word' id='word_1_879' title='bbox 2754 5460 3099 5517; x_wconf 74' lang='lat' dir='ltr'>generosum</span> <span class='ocrx_word' id='word_1_880' title='bbox 3132 5460 3343 5511; x_wconf 88' lang='lat' dir='ltr'>corpus</span> <span class='ocrx_word' id='word_1_881' title='bbox 3393 5443 3464 5517; x_wconf 78' lang='lat' dir='ltr'>ab</span> <span class='ocrx_word' id='word_1_882' title='bbox 3495 5443 3727 5517; x_wconf 81' lang='lat' dir='ltr'>impuro</span> 
     </span>
    </p>
   </div>
   <div class='ocr_carea' id='block_1_118' title="bbox 2083 5513 3731 5587">
    <p class='ocr_par' dir='ltr' id='par_1_118' title="bbox 2083 5513 3731 5587">
     <span class='ocr_line' id='line_1_123' title="bbox 2083 5513 3731 5587; baseline -0.004 -14"><span class='ocrx_word' id='word_1_883' title='bbox 2083 5533 2321 5587; x_wconf 87' lang='lat' dir='ltr'>corpore</span> <span class='ocrx_word' id='word_1_884' title='bbox 2369 5513 2792 5574; x_wconf 84' lang='lat' dir='ltr'>attrectaretur.</span> <span class='ocrx_word' id='word_1_885' title='bbox 2831 5540 2857 5566; x_wconf 90' lang='grc'><strong>››</strong></span> <span class='ocrx_word' id='word_1_886' title='bbox 2896 5516 3001 5570; x_wconf 74' lang='lat' dir='ltr'>Sed</span> <span class='ocrx_word' id='word_1_887' title='bbox 3056 5516 3173 5569; x_wconf 69' lang='lat' dir='ltr'>haec</span> <span class='ocrx_word' id='word_1_888' title='bbox 3202 5520 3419 5569; x_wconf 88' lang='lat' dir='ltr'>temere</span> <span class='ocrx_word' id='word_1_889' title='bbox 3449 5513 3543 5568; x_wconf 84' lang='lat' dir='ltr'>hic</span> <span class='ocrx_word' id='word_1_890' title='bbox 3590 5517 3731 5568; x_wconf 90' lang='lat' dir='ltr'>sunt</span> 
     </span>
    </p>
   </div>
   <div class='ocr_carea' id='block_1_119' title="bbox 2084 5594 3372 5732">
    <p class='ocr_par' dir='ltr' id='par_1_119' title="bbox 2084 5594 3372 5732">
     <span class='ocr_line' id='line_1_124' title="bbox 2084 5594 3372 5732; baseline 0.03 -4"><span class='ocrx_word' id='word_1_891' title='bbox 2084 5594 2538 5732; x_wconf 46' lang='grc' dir='ltr'>ωῗὸίξῗ.”ίέϐαλον</span> <span class='ocrx_word' id='word_1_892' title='bbox 2574 5705 2584 5716; x_wconf 92' lang='grc'><strong><em>.</em></strong></span> <span class='ocrx_word' id='word_1_893' title='bbox 2621 5661 2680 5715; x_wconf 80' lang='lat' dir='ltr'>In</span> <span class='ocrx_word' id='word_1_894' title='bbox 2712 5658 3087 5731; x_wconf 64' lang='lat' dir='ltr'>qnibusdam’</span> <span class='ocrx_word' id='word_1_895' title='bbox 3116 5650 3372 5713; x_wconf 56' lang='grc' dir='ltr'>ἔϐαλλον.</span> 
     </span>
    </p>
   </div>
  </div>
