4094 6288
318 443 441 503 919
1260 464 1265 467 -
1565 430 1632 493 s.
1679 427 2050 492 cascoan
2096 427 2489 493 THEOLOGI
3616 437 3736 500 920

316 576 529 648 quibus
556 571 895 645 epitaphilis
915 571 942 626 ‘I
971 567 1246 636 Quamvis
1268 566 1426 623 enim
1459 564 1689 638 pulchri
1713 578 1965 636 quoque,

2108 558 2168 614 xxi
2197 563 2274 635 (Ι)
2305 564 2357 615 οἳ
2386 569 2488 631 τῆς
2523 563 2751 637 μητρὸς,
2784 564 2872 619 καὶ
2903 565 3304 640 παρακλητικοὶ
3336 568 3727 644 πρότερον,καὶ

322 671 495 735 atque
526 664 668 718 adeo
701 660 1076 733 pulcherrimi
1110 657 1363 711 ﬁliorum
1398 657 1465 710 ad
1502 660 1817 726 tyrannum
1850 668 1971 706 ser-

2108 648 2303 725 ἱστερον
2352 650 2647 729 ἐπιτάφιοι.
2692 653 2838 715 Τίνες
2887 656 2977 709 οὖν
3031 658 3082 710 o't
3123 661 3229 711 τῶν
3280 655 3489 712 παίδων
3534 657 3737 734 λόγοι;

2085 738 2261 793 Καλὸν
2292 742 2393 815 γὰρ
2429 743 2504 814 (2)
2545 742 3030 815 ἀπομνημονεῦσαι
3080 746 3169 800 καὶ
3217 747 3423 801 τούτων
3468 748 3619 819 ὑμῖν,
3667 748 3738 802 ἶν’

2086 827 2251 903 ἔχητε
2278 829 2468 898 τύπον,
2505 831 2685 903 ὥστ-ερ
2709 832 3008 905 ἀθλήσεως,
3042 832 3184 889 οὕτω
3216 836 3304 891 καὶ
3356 835 3538 911 λόγων
3599 860 3735 914 μαρ-

2084 922 2318 991 τυρικῶν
2351 917 2401 971 ἐν
2432 924 2547 981 τοῖς
2578 923 2846 983 τοιούτοις
2877 929 3109 999 καιροῖς.
3141 923 3350 981 ⁶Αλλου
3402 926 3497 998 μὶν
3551 924 3735 998 ἄλλοι,

2087 1004 2176 1058 καὶ
2209 1006 2282 1067 ὡς
2314 1004 2535 1061 ἕκαστον
2566 1009 2616 1061 οἱ
2645 1014 2742 1063 τοῦ
2774 1007 3069 1073 διώκοντος
3103 1010 3279 1088 λόγοι,
3312 1015 3345 1082 ἣ
3393 1019 3499 1067 τῶν
3548 1012 3730 1069 κινδύ-

2089 1115 2195 1148 νων
2227 1097 2261 1163 ή
2288 1096 2457 1168 τάξις,
2501 1098 2534 1166 ἢ
2570 1104 2671 1167 τῆς
2719 1102 2902 1175 ψυχῆς
2930 1101 2992 1155 τὸ
3024 1100 3316 1178 φιλότιμον
3352 1100 3587 1172 ὥπλιζεν
3614 1125 3626 1138 ·
3660 1104 3733 1167 ὡς

2092 1181 2137 1236 δ’
2179 1184 2269 1238 οὗν
2315 1186 2469 1258 τύπῳ
2516 1182 2831 1261 περιλαϐεῖν
2879 1192 2975 1263 (3),
3029 1191 3162 1259 ἦσαν
3195 1196 3457 1246 τοιοῦτοι·
3494 1194 3737 1265 «Ἡμῖν,

2092 1272 2235 1326 Ἀντί
2248 1292 2358 1347 ,χε,
2390 1274 2478 1327 καὶ
2510 1276 2702 1329 πάντες
2736 1277 2789 1330 οἳ
2820 1278 3260 1353 περιεστηκότες,
3302 1279 3377 1342 εἷς
3440 1280 3533 1352 μὶν
3587 1281 3737 1355 βασι-

2094 1360 2218 1423 λεὺς
2278 1363 2305 1416 ὁ
2363 1364 2511 1429 Θεὸς,
2560 1370 2685 1440 παρ’
2733 1363 2793 1419 οὗ
2841 1366 3160 1441 γεγόναμεν,
3208 1368 3295 1422 καὶ
3341 1369 3476 1444 πρὸς
3523 1369 3581 1423 ’ὀν
3627 1369 3741 1423 ἐπι-

2095 1448 2416 1525 στρέψομεν.
2450 1453 2544 1514 Εἷς
2577 1450 2634 1507 δὲ
2660 1453 2961 1526 νομοθέτης
2984 1457 3011 1510 ὁ
3042 1463 3302 1530 Μωυσῆς,
3336 1456 3392 1511 δν
3426 1457 3487 1511 ού
3518 1455 3742 1533 προδώ-

2095 1559 2286 1611 σομεν,
2318 1537 2442 1593 οὐδὲ
2479 1536 2895 1617 καθυϐρίσομενσ
2931 1542 2993 1598 ού
3045 1546 3121 1616 μὰ
3148 1543 3275 1607 τοὺς
3308 1547 3384 1618 (4)
3436 1545 3568 1621 ὑπὶρ
3619 1546 3739 1621 ἀρε-

2094 1634 2196 1695 τῆς
2245 1633 2341 1682 τοῦ
2392 1626 2584 1705 ἄνδρὸς
2644 1628 2942 1705 κινδύνους,
2992 1633 3080 1687 καὶ
3128 1634 3197 1688 τὰ
3243 1631 3430 1688 πολλᾶ
3472 1634 3742 1708 θαύματα,

338 1729 516 1785 critas
563 1728 848 1783 armabat.
882 1728 1185 1793 Caeterum,
1221 1727 1285 1777 ut
1328 1721 1670 1776 summatim
1700 1734 1798 1773 eos
1829 1734 1986 1773 com-

2108 1714 2217 1770 οὐδ’
2246 1715 2303 1771 ἂν
2336 1720 2470 1790 ἡμῖν
2501 1716 2672 1780 ἄλλος
2710 1719 2997 1797 ’Δντίοχος
3031 1721 3233 1791 ἀπειλῆ
3281 1743 3377 1777 σου
3425 1722 3747 1798 χαλεπώτε-

337 1818 579 1889 plectar,
612 1814 759 1870 tales
811 1817 977 1869 erant
1008 1829 1021 1866 :
1059 1834 1087 1861 ‹‹
1121 1811 1322 1877 Nobis,
1357 1826 1389 1864 ο
1436 1807 1739 1873 Antioche,
1773 1804 1988 1861 caeteri-

2108 1825 2215 1877 ρος.
2248 1804 2358 1861 Μία
2386 1807 2445 1860 ὗε
2492 1807 2777 1885 ἀσφάλεια,
2825 1812 2923 1879 τῆς
2954 1808 3180 1879 ἐντολῆς
3208 1813 3244 1880 ἡ
3274 1812 3528 1886 τήρησις,
3561 1810 3649 1865 καὶ
3681 1811 3745 1866 τὸ

338 1887 454 1979 que
498 1905 599 1976 qui
648 1903 886 1969 adestis,
937 1902 1052 1956 Rex
1102 1916 1254 1955 unus
1289 1904 1377 1954 est
1424 1899 1600 1965 Deus,
1632 1914 1666 1951 a
1714 1911 1828 1966 quo
1859 1911 1989 1965 pro-

2108 1896 2177 1967 μὴ
2213 1894 2434 1971 ῥαγῆναι
2464 1898 2555 1951 τὸν
2587 1896 2773 1971 νόμον,
2818 1900 2864 1971 ᾧ
2904 1898 3303 1974 τετειχίσμεθα.
3354 1898 3467 1955 Μία
3498 1896 3555 1955 δὲ
3600 1897 3747 1973 δόξα,

335 1994 513 2050 creati
544 2009 773 2059 sumus,
805 1997 863 2047 et
888 1991 959 2045 ad
1000 2006 1172 2061 quem
1204 1992 1583 2043 revertemur.
1617 1985 1781 2041 Unus
1814 1983 1990 2055 legis—

2108 1984 2162 2038 τὸ
2212 1981 2373 2056 δόξης
2424 1984 2634 2055 ἀπάσης
2685 1984 2954 2063 ὑπεριδεῖν
3006 1990 3083 2062 (5)
3124 1987 3210 2043 ἒπὶ
3240 1986 3618 2059 τηλικούτοις.
3651 1991 3749 2051 Εἷς

337 2084 489 2140 lator
520 2083 769 2154 Moyses,
804 2096 979 2151 quem
1030 2095 1143 2134 non
1178 2077 1515 2149 prodemus,
1549 2091 1654 2130 nec
1684 2078 1993 2130 contume-

2108 2069 2163 2127 δὲ
2209 2070 2470 2142 πλοῦτος,
2519 2075 2585 2128 τὰ
2633 2072 2965 2148 ἐλπιζόμενα
2992 2095 3006 2110 ’
3052 2071 3281 2155 φοϐερὸν
3321 2075 3378 2132 δὲ
3408 2075 3586 2149 ούδὶν,
3630 2080 3663 2147 ἣ
3690 2078 3753 2133 τὸ

338 2172 419 2228 lia
464 2171 831 2235 afficiamus;
885 2185 999 2224 non
1050 2184 1153 2238 per
1181 2184 1249 2223 ea
1296 2164 1576 2237 pericula,
1609 2180 1733 2233 quas
1782 2164 1871 2218 vir
1900 2158 1996 2215 ille

2108 2155 2409 2237 φοϐηθῆναί
2455 2183 2506 2216 τι
2556 2163 2661 2238 πρὸ
2710 2167 2861 2222 Θεοῦ.
2915 2167 3067 2220 Μετὰ
3108 2165 3313 2221 τούτων
3346 2165 3754 2242 παρατετάγμε-

326 770 529 808 mones
564 752 798 821 iuerint,
832 767 965 805 cum
999 748 1216 819 quibus
1248 744 1430 800 aciem
1471 744 1892 806 instruxerunt,
1920 744 1976 795 et

326 842 542 914 quibus
581 846 896 913 tyrannum
945 838 1307 892 conﬁxerunt
1338 851 1350 888 ε
1386 832 1749 904 pulchriores
1779 835 1975 885 tamen

324 931 532 987 matris
555 945 854 985 sermones
886 928 1140 995 fuerunt,
1163 925 1374 995 quibus
1404 939 1502 977 eos
1534 920 1694 993 prius
1717 920 1789 974 ad
1822 934 1976 972 mar~

324 1021 475 1093 tyriu
487 1037 543 1074 m
557 1019 857 1074 cohortata
870 1022 978 1082 est,
997 1032 1062 1070 ac
1082 1014 1289 1068 deinde
1305 1012 1361 1066 fu
1372 1028 1503 1066 mus
1516 1026 1716 1065 eorum
1730 1022 1977 1063 exorna-

324 1109 426 1165 vit.
452 1107 896 1178 Quinamigitur
919 1104 1173 1159 ﬁliorum
1198 1116 1495 1157 sermones
1518 1098 1791 1153 fuerunt?
1812 1096 1977 1150 Com-

326 1199 567 1254 modum
601 1196 758 1251 enim
811 1193 984 1248 fuerit
1032 1207 1131 1247 eos
1165 1206 1401 1261 quoque
1432 1187 1593 1242 vobis
1624 1200 1979 1241 commemo-

326 1304 477 1357 rare,
511 1290 576 1340 ut
606 1282 1104 1356 quemadmodum
1137 1277 1500 1347 certaminis,
1531 1276 1612 1330 ita
1640 1288 1981 1329 sermonum

328 1376 524 1441 etiam,
560 1373 660 1444 qui
694 1377 979 1443 martyres
1030 1370 1294 1437 deceant,
1331 1363 1665 1436 exemplum
1697 1362 1981 1427 habeatis,

333 1465 382 1519 si
414 1464 475 1518 in
509 1463 713 1518 eadem
758 1467 1025 1531 tempora
1068 1455 1413 1511 incideritis.
1446 1453 1554 1509 Alii
1604 1452 1841 1523 quidem
1873 1448 1984 1503 alio

332 1551 622 1608 sermonis
643 1565 850 1621 genere
874 1547 1210 1613 utebantur,
1239 1549 1412 1616 prout
1444 1556 1760 1613 quemque,
1784 1537 1873 1594 vel
1898 1543 1985 1609 ty-

337 1640 508 1697 ranni
547 1640 741 1706 verba,
773 1636 861 1692 vel
913 1632 1306 1707 periculorum
1337 1632 1499 1697 ordo,
1532 1630 1620 1686 vel
1650 1629 1834 1684 animi
1864 1627 1988 1683 ala-

342 2260 578 2317 virtutis
609 2274 789 2314 causa
838 2257 1117 2327 suscepit,
1155 2272 1219 2311 ac
1273 2252 1557 2309 miracula
1586 2270 1712 2324 quas
1744 2252 1999 2322 plurima

347 2349 620 2422 patravit,
653 2363 724 2401 ne
755 2346 805 2401 si
835 2345 986 2400 alius
1028 2344 1265 2416 quidem
1311 2342 1632 2397 Antiochus
1664 2346 1720 2395 te
1751 2339 2001 2394 atrocior

353 2440 522 2495 nobis
552 2437 873 2491 minitetur.
907 2433 1100 2490 Unum
1136 2432 1499 2505 praesidium,
1532 2428 1710 2484 divini
1742 2426 2001 2483 mandati

357 2524 703 2592 observatio,
737 2541 801 2579 ac
836 2541 905 2579 ne
935 2522 1045 2590 lex,
1072 2539 1189 2594 qua
1217 2520 1441 2591 obsepti
1466 2536 1695 2587 sumus,
1718 2518 2002 2587 infringa-

356 2623 474 2675 tur.
512 2618 631 2673 Una
662 2631 831 2687 porro
862 2614 1068 2687 gloria,
1103 2617 1167 2667 ut
1198 2628 1299 2684 pro
1338 2611 1521 2666 tantis
1550 2612 1726 2666 rebus
1757 2608 2002 2681 gloriam

353 2723 589 2763 omnem
613 2701 1240 2760 contemnamus.Solae
1264 2701 1516 2771 denique
1532 2715 1670 2770 opes
1693 2703 1749 2753 et
1768 2697 2001 2765 divitiae,

355 2797 508 2852 bona
540 2811 626 2862 ea,
658 2810 784 2865 quae
816 2791 875 2846 in
909 2808 1011 2863 spe
1042 2790 1348 2845 habemus.
1372 2788 1487 2844 Nec
1515 2803 1647 2842 vero
1678 2787 2003 2858 quidquam

351 2883 510 2940 aliud
525 2881 693 2937 nabis
707 2878 1073 2936 formidabile
1087 2886 1379 2948 est,quam
1395 2893 1466 2932 ne
1478 2877 1618 2947 quid
1632 2874 1818 2947 magis
1832 2891 2002 2945 quam

356 2972 540 3028 Deum
582 2970 986 3025 formidemus.
1038 2968 1181 3023 Cum
1216 2966 1308 3022 his
1357 2965 1683 3020 rationibus
1730 2965 1788 3019 in
1822 2965 2003 3021 aciem

356 3058 782 3134 prodimus:his
805 3057 986 3113 armis
1001 3056 1270 3112 instructi
1288 3071 1524 3111 sumus:
1545 3070 1679 3109 cum
1698 3053 2004 3123 hujusmo-

357 3150 415 3205 di
439 3148 755 3220 juvenibus
784 3147 894 3202 tibi
926 3161 1118 3201 sermo
1145 3161 1209 3199 ac
1236 3144 1533 3216 negotium
1564 3147 1675 3198 est.
1698 3142 2004 3198 Jucundus

359 3239 596 3310 quidem
630 3240 687 3291 et
733 3233 928 3291 suavis
961 3234 1053 3289 hic
1103 3234 1361 3323 mundus
1393 3237 1501 3300 est,
1534 3236 1590 3287 et
1622 3231 1876 3303 patrium
1919 3249 2007 3287 so-
2038 3257 2079 3323 ρ

357 3327 504 3393 lum,
538 3330 594 3380 et
623 3324 819 3391 amici,
850 3330 906 3378 et
940 3322 1190 3395 cognati,
1225 3327 1282 3377 et
1332 3320 1603 3392 aequales,
1634 3326 1692 3376 et
1722 3320 2005 3392 templum

357 3416 488 3481 hoc,
522 3416 691 3483 cujus
738 3428 1019 3483 maguum
1070 3427 1135 3466 ac
1166 3409 1393 3465 celebre
1421 3425 1632 3464 nomen
1684 3413 1792 3478 est,
1825 3415 1881 3464 et
1913 3427 2011 3481 pa-

357 3504 473 3559 tria
503 3502 669 3570 festa,
702 3506 759 3556 et
798 3499 1096 3572 mysteria,
1129 3504 1303 3569 atque
1335 3502 1561 3565 caetera,
1598 3498 1744 3553 291
1782 3498 1853 3553 ob
1886 3515 2013 3570 quas

360 3591 637 3647 mortales
679 3606 884 3645 omnes
918 3586 1258 3642 antecellere
1307 3585 1593 3641 videmur.
1630 3589 1845 3641 Verum
1879 3588 2013 3653 ista,

359 3682 475 3737 Deo
524 3677 915 3752 periculisque
964 3678 1057 3742 iis,
1109 3692 1234 3747 quae
1287 3691 1389 3746 pro
1439 3674 1650 3729 virtute
1700 3676 2013 3743 adeuntur,

360 3771 827 3841 haudquaquam
882 3766 1156 3821 suaviora
1204 3768 1392 3820 sunt:
1428 3780 1563 3819 cave
1611 3764 1668 3818 id
1701 3764 2018 3820 existimes.

358 3858 522 3915 Alius
554 3858 710 3913 enim
745 3856 914 3912 nobis
948 3854 1206 3909 mundus
1238 3856 1348 3920 est,
1368 3853 1642 3908 omnibus
1673 3854 1867 3917 rebus,
1894 3870 2020 3924 quae

359 3946 548 4005 oculis
596 3949 942 4010 cernuntur,
988 3942 1162 4015 longe
1208 3942 1521 3997 sublimior
1551 3958 1617 3996 ac
1665 3942 2017 3997 diuturnior.

2107 2252 2172 2304 θα
2200 2254 2306 2304 τῶν
2336 2248 2644 2325 λογισμῶν,
2678 2253 2766 2306 καὶ
2801 2253 2975 2315 οὕτως
3009 2252 3364 2328 ὡπλίσμεθα·
3416 2257 3552 2328 πρὸς
3579 2255 3758 2311 τοιού-

2106 2362 2233 2402 τους
2282 2361 2365 2393 σοι
2408 2341 2614 2402 νεανίας
2663 2343 2691 2395 ὁ
2742 2340 2927 2418 λόγος.
2963 2340 3090 2399 Ἡδὺ
3122 2344 3214 2415 μὲν
3248 2346 3336 2398 καὶ
3364 2344 3391 2398 ὁ
3424 2345 3631 2417 κόσμος
3666 2344 3757 2399 οὗ·

2108 2451 2223 2501 τος,
2273 2430 2363 2483 καὶ
2407 2431 2469 2484 τὸ
2516 2436 2766 2506 πατρῶον
2818 2429 3033 2509 ἔδαφος,
3087 2432 3175 2486 καὶ
3221 2430 3396 2510 φίλοι,
3442 2436 3532 2487 καὶ
3564 2455 3757 2510 συγγε-

2112 2524 2243 2585 νεῖς,
2275 2519 2363 2572 καὶ
2395 2516 2711 2592 ἡλικιῶται,
2738 2522 2827 2573 καὶ
2860 2523 2887 2575 ὁ
2909 2522 3031 2583 ναὸς
3066 2519 3222 2583 οὗτος
3268 2522 3332 2576 τὸ
3377 2524 3516 2598 μέγα
3544 2522 3633 2576 καὶ
3662 2544 3756 2578 πε-

2115 2603 2370 2682 ριϐόητον
2454 2604 2649 2681 ὄνομα,
2733 2610 2820 2663 καὶ
2906 2609 3238 2685 πανηγύρεις
3311 2612 3589 2687 πατρικαῖ,
3667 2611 3757 2665 καὶ

2118 2699 2408 2772 μυστήρια,
2458 2699 2545 2751 καὶ
2598 2699 2771 2751 πάντα
2818 2700 2899 2761 οἷς
2939 2702 3102 2771 ἡμεῖς
3132 2703 3237 2754 τῶν
3273 2698 3456 2755 ἄλλων
3489 2698 3755 2778 διαφάρειν

2120 2784 2143 2805 ἢ
2249 2791 2275 2800 ν
2483 2783 2507 2803 ν
2800 2788 2809 2807 ρ
2998 2793 3019 2803 ν
3242 2794 3267 2803 ~

2116 2806 2403 2859 οοκουμεν.
2437 2792 2599 2841 Ουπω
2633 2788 2691 2841 υὶ
2718 2785 2859 2856 ἡδιω
2891 2795 3044 2860 Θεου,
3076 2788 3164 2843 καὶ
3202 2811 3306 2843 των
3352 2790 3480 2864 ὑπὲρ
3525 2794 3621 2843 τοῦ
3660 2810 3755 2843 κα-

2115 2877 2216 2931 λοῦ
2245 2873 2507 2929 κινδύνων
2538 2893 2549 2905 ·
2607 2879 2680 2948 μή
2731 2881 2891 2931 τοῦτο
2939 2877 3185 2951 νομίσῃς.
3222 2877 3431 2950 Κόσμος
3459 2896 3517 2932 τε
3547 2879 3623 2950 (6)
3652 2878 3753 2953 γὰρ

2115 2964 2285 3026 ἄλλος
2318 2967 2474 3036 ἡμῖν,
2532 2963 2676 3019 πολὺ
2723 2971 2831 3019 τῶν
2873 2968 3161 3042 ὁρωμένων
3198 2966 3534 3043 ὑψηλότερός
3564 2987 3623 3021 τε
3666 2967 3757 3021 καὶ

2118 3054 2498 3129 μοτιμώτερος
2525 3071 2539 3085 ·
2585 3053 2775 3129 πατρίς
2824 3074 2883 3108 τε
2928 3057 3001 3125 (7)
3049 3057 3084 3125 ἡ
3144 3056 3250 3109 ἄνω
3282 3053 3663 3130 Ἰερουσαλὴμ,
3696 3056 3756 3124 ἢν

2116 3139 2291 3203 οὐδεὶς
2323 3142 2607 3216 ’Δντίοχος
2658 3146 3042 3219 πολιορκήσει,
3093 3141 3217 3198 οὐδὲ
3264 3141 3631 3217 προσδοκήσει
3660 3164 3761 3198 πα-

2121 3231 2497 3304 ραστήσεσθαι,
2530 3232 2565 3299 ἡ
2599 3230 2832 3305 κάρτερά
2857 3230 2946 3285 καὶ
2994 3229 3297 3294 ανάλωτις.
3332 3232 3649 3307 Συγγένεια,
3683 3230 3761 3287 δὲ.

2119 3322 2498 3393 ἡᾶμπνευσις.
2560 3321 2646 3375 καὶ
2699 3322 2751 3375 οἱ
2806 3323 2920 3376 κατ’
2979 3322 3173 3397 ἀρετὴν
3205 3325 3569 3397 γεννηθέντες.
3605 3323 3769 3379 Φίλοι

2123 3406 2199 3480 δὲ,
2232 3415 2534 3485 προφῆται,
2565 3409 2654 3462 καὶ
2684 3412 3039 3485 πατριάρχαι,
3071 3413 3197 3487 παρ’
3228 3413 3300 3466 ὧν
3334 3414 3468 3485 ἡμῖν
3495 3411 3585 3466 καὶ
3615 3413 3642 3466 ὁ
3673 3410 3767 3467 τύ-

2124 3496 2223 3557 λος
2278 3499 2376 3566 τῆς
2435 3493 2721 3560 εὐσεϐείας.
2774 3496 3092 3554 Ἑλικιῶται
3139 3498 3216 3572 δὲ,
3266 3502 3319 3555 οἱ
3361 3504 3598 3577 σήμερον
3631 3503 3769 3574 ἡμῖν

2126 3583 2644 3661 συγκινδυνεύοντες,
2678 3587 2767 3640 καὶ
2799 3589 2897 3655 τήν
2930 3588 3212 3664 καρτερίαν
3247 3588 3575 3664 ὁμόχρονοι.
3625 3591 3775 3646 Ναοῦ

2129 3673 2205 3741 δὲ,
2238 3674 2464 3749 οὐρανὸς
2502 3674 3404 3753 μεγαλοπρεπέστερος,πανήγυρις
3428 3676 3506 3750 δὲ,
3530 3677 3775 3754 ἀγγέλων

2129 3763 2460 3839 χοροστασία
2486 3768 2585 3834 (8)’
2619 3764 2707 3818 καὶ
2743 3767 3042 3840 μυστήριον
3070 3762 3123 3820 ἓν
3164 3767 3322 3841 μέγα,
3370 3766 3459 3820 καὶ
3505 3766 3778 3841 μέγιστον,

2130 3853 2219 3906 καὶ
2250 3858 2364 3913 τοῖς
2384 3851 2619 3914 πολλοῖς
2651 3852 2987 3932 ἀπόκρυφον,
3018 3855 3045 3908 ὁ
3077 3854 3229 3923 Θεὸς,
3285 3854 3421 3932 πρὸς
3467 3854 3524 3910 ὅν
3590 3855 3781 3931 βλέπει

2132 3942 2221 3994 καὶ
2250 3941 2316 3995 τὰ
2337 3939 2469 4006 τῇδε
2504 3944 2795 4013 μυστήρια.

363 4037 558 4092 Patria
587 4040 805 4102 autem,
834 4048 1088 4104 superna
1114 4031 1438 4087 Jerusalem
1463 4030 1525 4098 ‘9,
1558 4047 1737 4101 quam
1787 4030 1985 4086 nullus
2016 4032 2336 4088 Antiochus
2380 4034 2757 4105 expugnabit,
2793 4049 2898 4087 nec
2937 4049 3102 4104 spem
3146 4033 3381 4089 habebit
3413 4035 3557 4105 fore,
3597 4039 3663 4090 ut
3692 4034 3778 4090 di-

362 4125 510 4181 tioni
545 4128 720 4194 atque
749 4121 995 4193 imperio
1028 4137 1133 4175 suo
1168 4119 1460 4191 subjiciat,
1495 4122 1699 4189 utpote
1728 4120 1957 4174 firmam
1990 4124 2048 4175 et
2093 4120 2631 4193 inexpugnabilem.
2663 4120 2941 4191 Cognatio
2971 4121 3132 4191 item,
3165 4121 3477 4193 inspiratio
3510 4121 3607 4178 illa
3627 4124 3691 4190 ⁸ο,
3724 4127 3782 4177 et

368 4212 467 4285 qui
502 4212 824 4266 secundum
857 4208 1130 4263 virtutem
1163 4206 1452 4280 progeniti
1480 4210 1637 4262 sunt.
1668 4207 1852 4261 Amici
1887 4224 2078 4278 porro,
2112 4208 2407 4280 prophetae
2452 4214 2509 4264 et
2559 4208 2921 4280 patriarchae,
2957 4225 2991 4263 a
3021 4208 3238 4279 quibus
3270 4210 3504 4282 pietatis
3537 4210 3782 4266 formam

367 4307 425 4357 et
453 4299 792 4371 exemplum
827 4297 1182 4369 accepimus.
1220 4294 1487 4368 IEquales
1535 4298 1830 4367 praeterea,
1863 4296 1964 4368 qui
1994 4296 2300 4351 nobiscum
2354 4297 2527 4352 hodie
2559 4298 2616 4352 in
2661 4297 2870 4353 iisdem
2919 4296 3195 4368 periculis
3246 4303 3575 4369 versantur,
3611 4303 3787 4371 atque

367 4391 429 4447 in
460 4388 759 4445 doloribus
793 4386 1084 4442 cOnstanti
1119 4386 1315 4441 animo
1348 4385 1705 4457 perferendis
1736 4384 2207 4451 contemporanei
2238 4391 2397 4441 sunt.
2430 4386 2576 4441 Nam
2608 4387 2763 4457 quod
2796 4386 2867 4442 ad
2915 4386 3023 4442 hoc
3071 4386 3355 4458 templum
3408 4389 3641 4458 attinet,
3672 4403 3789 4442 coa-

367 4478 492 4535 lum
524 4476 695 4548 longe
726 4474 1199 4548 magnificentius
1229 4477 1334 4529 est.
1368 4473 1499 4528 Jam
1532 4489 1663 4528 vero
1696 4473 1866 4528 nobis
1898 4489 2000 4544 pro
2042 4474 2186 4530 festo
2232 4478 2288 4529 et
2335 4474 2690 4541 celebritate,
2724 4475 3066 4547 angelorum
3098 4476 3314 4531 chorus
3364 4482 3453 4532 est
3488 4493 3502 4533 :
3535 4493 3602 4532 ac
3650 4493 3786 4547 pos-

368 4572 555 4624 tremo
588 4566 930 4638 mysterium
966 4580 1149 4619 unum
1182 4579 1464 4634 magnum
1496 4566 1669 4632 atque
1701 4562 1842 4617 adeo
1892 4562 2213 4617 maximum
2247 4579 2313 4618 ac
2344 4562 2637 4634 plerisque
2689 4569 2906 4620 tectum
2941 4569 2998 4620 et
3026 4565 3417 4637 incognitum,
3448 4565 3573 4638 ipse
3608 4566 3786 4621 Deus»

372 4658 444 4713 ad
476 4672 650 4728 quem
684 4655 862 4726 hujus
893 4669 1126 4725 quoque
1156 4652 1285 4707 vita
1319 4654 1529 4706 nostrae
1564 4650 1840 4721 mysteria
1870 4651 2219 4706 referuntur.

442 4747 538 4801 Vl.
573 4767 600 4796 «
635 4744 917 4812 Quocirca
948 4759 1038 4797 res
1065 4758 1269 4814 parvas
1292 4740 1632 4812 nulliusque
1665 4740 1831 4812 pretii
1858 4740 1991 4795 nohi

2207 4740 2282 4795 Σ’.
2321 4762 2348 4791 ‹‹
2394 4744 2597 4793 Παῦσαι
2661 4739 2840 4795 τοίνυν
2907 4739 3343 4817 ύπισχνούμενος
3405 4741 3537 4809 ἡμῖν
3591 4739 3667 4809 (9)
3712 4739 3782 4792 τὰ

371 4834 632 4907 polliceri
664 4834 884 4889 desine.
912 4832 1026 4888 Nec
1056 4832 1212 4888 enim
1232 4830 1504 4903 turpibus
1526 4834 1583 4886 et
1616 4829 1992 4901 ignominiosi

2140 4828 2328 4903 μικρὰ,
2360 4827 2451 4883 καὶ
2480 4831 2577 4882 τοῦ
2614 4826 2848 4902 μηδενὸς
2892 4826 3029 4903 ἄξια.
3063 4829 3135 4883 Ού
3166 4829 3265 4902 γὰρ
3293 4824 3638 4899 τιμησόμεθα
3664 4830 3785 4888 τοῖς

372 4924 695 4980 honoribus
727 4921 883 4978 afﬁci
906 4919 1357 4988 sustinebimus,
1383 4936 1487 4975 nec
1516 4935 1652 4976 cum
1676 4918 1997 4974 detrimenti

2136 4915 2371 4989 ἀτίμοις,
2449 4916 2578 4972 οὐδὲ
2645 4915 3006 4995 κερδανοῦμεν
3087 4917 3377 4989 ἐπιζήμια·
3451 4913 3562 4991 οὐχ
3609 4914 3785 4978 οὕτως

445 5095 489 5131 ⁸⁹
517 5092 703 5149 Galat.
736 5107 813 5161 Iv,
845 5090 936 5145 26.
1012 5090 1057 5125 ⁶⁰
1087 5088 1227 5145 Gen.
1262 5105 1324 5159 ιι,
1356 5090 1410 5144 7.

470 5263 522 5331 1)
551 5257 677 5316 Καί.
712 5258 805 5315 Sic
834 5263 955 5314 tres
987 5257 1125 5331 Reg.
1163 5256 1344 5331 et__Qr.
1372 5257 1426 5311 2.
1460 5258 1631 5311 Deest
1659 5254 1718 5308 in
1752 5254 1841 5310 ed.

2309 5252 2799 5331 ὙπεριδεῖνηΡιθε.
2833 5257 2893 5325 d,
2926 5254 3180 5331 unepoiv.

468 5328 523 5405 2')
555 5332 683 5405 Γᾴρ.
716 5331 888 5387 Deest
902 5328 1331 5405 innnonnullis.
1558 5402 1565 5405 _
1608 5396 1630 5405 _
1801 5398 1813 5405 _
2205 5329 2282 5405 (ρ)
2308 5332 2396 5405 Te.
2420 5328 2690 5405 _Deest__in
2722 5328 3044 5405 donnullis.

448 5396 524 5477 (3)
555 5396 725 5473 Τύπῳ
773 5396 1110 5477 περιλαϐεῖν.
1162 5400 1366 5455 Billius
1398 5416 1412 5451 :
1447 5420 1474 5447 ‹‹
1509 5402 1574 5451 ut
1604 5396 1856 5453 formula
1885 5415 1997 5469 qua

2305 5403 2391 5477 ’[ε.
2420 5400 2481 5455 In
2515 5401 2903 5477 quibusdam,
2929 5396 3005 5453 δέ.

376 5466 636 5559 dameos
667 5466 1037 5559 complectar,
1074 5495 1102 5522 »
1237 5540 1282 5559 υ
1786 5539 1797 5550 ο
1882 5466 1920 5559 ι’

2310 5466 2666 5559 ξοροστᾶσία.
2701 5473 2841 5559 Reg:
2873 5466 2931 5557 ἃ,
2964 5466 3338 5559 χοίρρῗστξσίαι.

448 5549 525 5621 (4)
556 5546 629 5599 Οὐ
682 5545 756 5618 μὰ
791 5534 958 5624 τούς,
991 5550 1100 5599 etc.
1137 5567 1185 5624 _«_<
1213 5540 1361 5624 ⁸Νοιι
1408 5556 1641 5624 .permea
1679 5539 1955 5624 pericula.
1992 5562 1997 5589 :

2131 5614 2163 5624 η
2204 5534 3309 5624 (θλ“ι’έξσχνοέμειος”ἡμῖιὶ“είο-Βὲε-
3472 5554 3523 5602 οι
3579 5536 3637 5624 ιν
3688 5534 3787 5589 οτ-

448 5562 525 5621 (4)
556 5562 629 5599 υυ
682 5562 756 5618 μα
791 5565 940 5611 τους,
991 5562 1100 5599 etc.
1159 5567 1185 5591 ‹‹
1239 5562 1361 5595 non
1415 5562 1515 5610 per
1561 5562 1629 5596 ea
1679 5562 1997 5611 pensum”:

376 5620 509 5675 Haec
538 5625 627 5694 est
656 5610 1480 5694 quedamjurandiformula.
1506 5611 1597 5667 Sic
1619 5613 1852 5694 Ioseph,
1877 5613 1995 5693 Gen

2204 5562 2279 5613 ιν)
2332 5562 2461 5595 ιπισ
2507 5563 2769 5614 νουμενος
2818 5562 2971 5614 ημιν.
3026 5562 3119 5599 me
3170 5562 3309 5622 neg.
3368 5562 3420 5605 δι,
3472 5562 3523 5602 υ,
3579 5562 3637 5603 u,
3688 5562 3787 5589 ur.

2131 5614 2426 5694 2._Deest
2465 5562 2622 5686 χἦμῖν
2686 5616 2744 5673 in
2813 5614 3039 5672 multis.
3107 5613 3279 5683 Editl,
3349 5605 3787 5682 ὑπισχνούμενος

379 5707 512 5755 xui,
547 5692 632 5756 15,
665 5683 693 5739 (ἰ
728 5706 831 5756 per
860 5683 1109 5744 saiutem
1142 5684 1462 5741 Pharaonis
1493 5701 1607 5740 non
1638 5683 1993 5755 egrediemin

2131 5685 2165 5753 ἡ
2176 5687 2289 5755 μῖν.

378 5760 583 5816 hinc...
616 5759 1008 5830 exploratores
1039 5759 1201 5815 estis.
1229 5779 1258 5807 »

2264 5329 2282 5540 ἔ
