4094 6288
373 430 486 495 921

1202 432 1495 493 ORATIO
1537 430 1665 489 XV.
1699 461 1770 473 -—
1803 428 1881 489 IN
1930 425 2559 487 MACHAB/EORUM
2603 427 2954 489 LAUDEM.

3670 431 3790 492 922

375 560 580 625 ἀθλίως
610 560 1077 637 ἐμπορευσόμεθα.
1123 566 1326 617 Παῦσαι
1380 560 1469 615 καὶ
1517 561 1626 633 (10)
1676 558 1948 627 ἀπειλῶν,
1980 558 2015 627 ἢ

2145 558 2441 628 :onjuncta
2471 558 2634 613 lucra
2664 560 3125 631 complectemur
3155 577 3168 615 :
3202 576 3317 616 non
3352 560 3434 617 ita
3481 561 3793 618 infeliciter

377 648 868 722 ἀνταπειλήσομεν,
930 648 1162 725 ἐλέγξειν
1223 653 1334 723 (11)
1392 670 1487 703 σου
1543 649 1641 716 τὴν
1700 647 1969 711 ἀσθένειαν
2005 690 2019 716 ,

375 738 463 793 καὶ
492 738 629 813 πρὸς
660 738 837 811 τούτῳ
866 740 932 792 τὰ
1121 738 1361 813 ἡμέτερα
1402 735 1765 809 κολαστήρια·
1820 733 2019 811 ἔχομεν

376 826 465 883 καί
495 830 657 899 ἡμεῖς
686 832 814 903 πῦρ,
848 829 891 893 ᾧ
921 828 1049 889 τοὺς
1081 825 1312 889 διώγτας
1361 826 1690 898 κολάζομεν.
1724 822 1833 879 Ο’ίει
1884 826 2020 900 πρὸς

378 914 501 987 ἔθνη
534 916 623 970 καὶ
655 916 846 978 πόλεις
879 916 1012 971 εἶναί
1056 938 1138 971 σοι
1190 918 1302 990 (13)
1346 917 1437 971 τὸν
1484 917 1683 991 ἀγῶνα,
1728 914 1815 969 καὶ
1870 914 2023 989 βασι-

381 1005 519 1060 λέων
548 1004 674 1067 τοὺς
704 1003 1149 1080 ἀνανδροτάτους,
1196 1007 1268 1059 ὧν
1316 1007 1367 1059 οἳ
1421 1006 1514 1077 μὲν
1557 1006 1936 1079 κρατήσουσιν,
1970 1003 2020 1057 οἱ

381 1092 438 1149 δὲ
489 1093 617 1156 ἴσως
676 1096 1100 1164 ἡττηθήσονται,
1160 1092 1283 1149 οὐδὲ
1340 1096 1443 1169 γὰρ
1495 1094 1619 1169 περὶ
1676 1091 2017 1162 τηλικούτων

378 1182 562 1244 αὐτοῖς
595 1183 622 1237 ὁ
648 1180 918 1243 κίνδυνος.
954 1184 1093 1257 Πρὸς
1139 1182 1305 1255 νόμον
1352 1186 1486 1238 Θεοῦ
1516 1182 1846 1256 παρατάσσῃ,
1883 1182 2018 1256 πρὸς

378 1269 591 1333 πλάκας
622 1270 1038 1345 θεοχαράκτους,
1072 1272 1206 1347 πρὸς
1236 1271 1434 1347 πάτρια
1462 1270 1550 1326 καὶ
1598 1271 1748 1348 λόγῳ
1793 1273 1905 1344 (14)
1931 1272 2020 1325 καὶ

380 1360 568 1436 χρόνῳ
606 1362 965 1432 τετιμημένα,
1017 1361 1151 1434 πρὸς
1203 1358 1470 1440 ἀδελφοὺς
1529 1362 1661 1416 ἑπτὰ
1722 1365 1819 1433 μιᾷ
1867 1364 2019 1435 ψυχῇ

379 1447 817 1521 συνδεδεμένους,
879 1449 1013 1504 ὲπτά
1056 1450 1340 1525 τροπαίοις
1397 1471 1454 1504 σε
1511 1448 1957 1521 στηλιτεῦσοντας
2000 1464 2014 1483 ⁶

380 1538 452 1590 ὧν
502 1544 765 1611 κρατῆσαι
817 1539 911 1610 μὶν
964 1537 1025 1592 οὐ
1080 1538 1259 1613 μέγα,
1309 1541 1608 1609 ἡττηθῆναι
1669 1536 1726 1594 δὲ
1782 1539 1871 1593 καὶ
1904 1538 2024 1593 λίαν

380 1625 629 1702 αἶσχρὼ.
660 1625 907 1680 Ἐκείνων
960 1626 1115 1700 ἐσμεν
1161 1628 1249 1682 καὶ
1297 1629 1449 1703 γένος
1498 1629 1586 1683 καὶ
1639 1627 1895 1701 μαθηταὶ,
1930 1628 2021 1690 οὓς

383 1712 579 1777 στύλος
612 1714 781 1790 πυρὸς
814 1714 903 1769 καὶ
934 1716 1169 1793 νεφέλης
1212 1714 1413 1793 ὡδήγει
1466 1720 1601 1791 (15),
1654 1718 1733 1779 οἷς
1786 1714 2025 1772 Θάλασσα

384 1801 643 1875 διίστατο,
702 1803 789 1858 καὶ
846 1806 1093 1877 ποταμὸς
1133 1804 1321 1861 ’ίστατο
1373 1808 1520 1879 (16),
1574 1807 1663 1861 καὶ
1720 1806 1882 1875 ἥλιος
1931 1806 2025 1861 ἀν-

384 1891 660 1965 αόπτετο,
709 1892 797 1946 καὶ
848 1891 1008 1968 ἄρτος
1059 1894 1200 1963 ὕετο,
1251 1895 1338 1950 καὶ
1381 1900 1581 1971 χειρῶν
1636 1892 1844 1958 ἔκτασις
1874 1897 2025 1973 ἒτρο-
2056 1930 2104 1998 Β

456 1985 483 1996 ..
607 1983 710 1998 η...
918 1980 965 1998 ,α
1110 1981 1175 1998 ρ..
1260 1983 1273 1998 .
1334 1988 1360 1998 ..
1454 1987 1555 1998 .m.
1614 1984 1742 1998 Α...
1957 1987 1985 1998 ν

382 1985 552 2036 ποῦτο
602 1983 713 2055 (17)
768 1980 1050 2057 μυριάδας.
1107 1981 1175 2037 δι’
1225 1983 1400 2059 εὐχῶν
1448 1987 1559 2059 (18)
1613 1984 1914 2060 βάλλουσαν
1949 1987 2021 2039 ὧν

384 2070 547 2143 θῆρες
596 2071 868 2140 ἡττῶντο,
919 2071 1009 2125 καὶ
1058 2076 1163 2147 πῦρ
1215 2072 1322 2147 οὐχ
1369 2072 1592 2143 ἥπτετο,
1642 2074 1730 2127 καὶ
1781 2072 2024 2148 βασιλεῖς

384 2158 621 2233 ἀπῄεσαν
655 2161 791 2232 (19),
847 2160 910 2214 τὸ
957 2165 1198 2235 γενναῖον
1250 2162 1632 2234 θαυμάζοντες.
1684 2159 1937 2234 Εἷ’πωμέν
1973 2183 2025 2217 τι

380 2247 468 2302 καὶ
528 2251 636 2301 τῶν
697 2248 782 2302 σοὶ
839 2248 1161 2324 γνωρίμωνο
1198 2248 1524 2323 Ἐλεαζάρου
1587 2249 1781 2323 μύσται
1838 2254 2027 2323 ἡμεῖς,

381 2334 443 2391 οὗ
484 2338 583 2405 τήν
645 2334 885 2413 ἀνδρείαν
939 2341 1051 2410 (20)
1100 2334 1302 2413 ἔγνως.
1353 2339 1774 2414 Προηγωνίσατο
1823 2341 2024 2416 πατὴρ,

379 2423 806 2500 έπαγωνιοῦνται
858 2424 1060 2487 παῖδες·
1113 2425 1353 2496 ἀπῆλθεν
1407 2429 1433 2481 ὁ
1482 2428 1676 2502 ἱερεὺς,
1722 2428 2027 2484 ἐπακολου-

380 2516 529 2585 θήσει
578 2514 644 2568 τὰ
693 2515 924 2587 θύματα·
976 2514 1160 2570 πολλά
1212 2513 1441 2590 δεδίττῃ,
1491 2518 1627 2592 πρὸς
1676 2517 1851 2573 πλείω
1891 2538 2027 2593 παρ-

382 2602 761 2676 εσκευάσμεθα.
814 2602 875 2656 Τί
926 2603 1014 2657 καὶ
1070 2600 1282 2678 δράσεις
1333 2608 1502 2678 ἡμᾶς,
1548 2606 1855 2684 ὑπερήφανε
1894 2609 2027 2680 (21),

380 2697 497 2753 ταῖς
530 2690 782 2753 ἀπειλαῖς
811 2710 824 2759 ;
856 2691 907 2744 τί
948 2691 1035 2745 καὶ
1082 2692 1380 2765 πεισόμεθα
1408 2712 1422 2761 ;
1457 2691 1623 2751 Οὐδὲν
1678 2694 2027 2771 ἰσχυρότερον

382 2785 490 2835 τῶν
520 2780 688 2835 πάντα
719 2782 904 2835 παθεῖν
952 2780 1205 2854 ἑτοίμων.
1256 2784 1321 2835 Ὦ
1370 2780 1563 2856 δήμιοι
1613 2786 1746 2857 (22),
1799 2784 1851 2838 τί
1900 2783 2030 2857 μέλ-

387 2867 509 2923 λετε
540 2888 555 2937 ;
589 2867 725 2942 τίξδὲ
756 2867 1042 2924 ἀναδύεσθε
1075 2888 1088 2938 ;
1121 2870 1173 2924 τί
1219 2871 1280 2925 τὸ
1328 2871 1652 2946 πρόσταγμα
1681 2873 1743 2927 τὸ
1789 2875 2029 2949 χρηστὸν

389 2956 678 3028 ἀναμένετε
710 2976 723 3025 ;
758 2960 871 3014 Ποῦ
904 2959 971 3013 τὰ
1018 2958 1141 3036 ξίφη
1178 2978 1190 3027 ;
1223 2964 1328 3014 ποῦ
1375 2961 1441 3014 τὰ
1494 2963 1606 3033 (23)
1640 2959 1808 3034 δεσμά
1841 2980 1854 3031 ;
1886 2966 2033 3032 ζητῶ

392 3044 455 3099 τὸ
485 3045 673 3119 τάχος.
709 3043 907 3100 Ιῐλεῖον
958 3046 1270 3103 ἀναπτέσθω
1317 3049 1379 3103 τὸ
1428 3052 1556 3124 πῦρ,
1591 3051 1642 3103 οἱ
1690 3051 1850 3125 θῆρες
1889 3050 2034 3128 ένερ-

394 3132 659 3208 γέστεροι,
718 3135 772 3189 αἱ
849 3132 1107 3211 στρέϐλαι
1181 3138 1583 3213 περιεργότεραι
1643 3142 1753 3211 (24)
1789 3158 1801 3169 ·
1862 3146 2035 3196 πᾶντα

2133 645 2583 719 negotiabimur.
2601 648 2751 713 Quin
2772 653 2833 704 tu
2860 667 3093 721 quoque
3116 650 3287 705 nobis
3312 651 3524 706 minari
3547 651 3747 708 desine
3775 678 3787 717 ;

2132 736 2217 792 vel
2249 741 2447 792 contra
2479 737 2732 793 facturos
2757 756 2861 794 nos
2894 740 3274 806 minabimur,
3310 744 3373 794 ut
3418 739 3785 796 imbecillita-

2130 829 2247 880 tem
2281 830 2439 880 tuam
2474 828 2813 897 prodamus,
2848 832 3023 900 atque
3069 829 3312 901 insuper
3358 834 3787 886 tormentorum

2131 919 2465 969 nostrorum
2498 920 2720 971 metum
2753 916 3128 973 intentemus.
3159 917 3305 973 Nam
3339 917 3509 973 nobis
3535 934 3780 989 quoque,

2131 1020 2203 1058 ne
2234 1004 2312 1058 sis
2344 1004 2598 1069 nescius,
2631 1005 2787 1075 ignis
2818 1010 2925 1072 est,
2960 1023 3077 1078 quo
3110 1010 3515 1078 persecutores
3556 1012 3788 1064 nostros

2129 1092 2556 1147 excruciamus.
2580 1099 2668 1146 An
2692 1098 2753 1148 tu
2778 1110 2911 1149 cum
2934 1094 3207 1167 gentibus
3230 1099 3286 1150 et
3308 1095 3646 1151 civitatibus
3680 1095 3782 1151 tibi

2129 1185 2421 1237 certamen
2444 1198 2571 1237 esse
2602 1186 2902 1253 putas,aut
2933 1200 3068 1239 cum
3098 1184 3497 1256 ignavissimis
3520 1184 3781 1258 regibus,

2132 1288 2377 1344 quorum
2413 1271 2510 1327 alii
2543 1272 2874 1344 superiores
2906 1274 3324 1342 discedere,alii
3360 1275 3605 1330 fortasse
3626 1275 3784 1330 vinci

2131 1360 2394 1433 queant?
2422 1361 2535 1416 Nec
2591 1361 2829 1429 mirum,
2882 1380 3015 1418 cum
3067 1381 3433 1436 nequaquam
3482 1381 3585 1436 pro
3634 1365 3785 1419 tanti

2133 1449 2410 1504 momenti
2434 1450 2608 1504 rebus
2630 1450 2954 1522 periculum
2980 1454 3249 1508 subeant.
3286 1454 3405 1508 Imo
3425 1470 3557 1509 vero
3580 1454 3787 1509 adver-

2132 1554 2235 1593 sus
2264 1537 2450 1610 legem
2484 1538 2584 1593 Dei
2632 1540 2813 1594 aciem
2865 1540 3129 1611 instruis,
3163 1543 3441 1598 adversus
3488 1542 3719 1599 tabulas
3753 1560 3787 1597 a

2132 1625 2247 1682 Deo
2279 1626 2471 1682 exscul
2482 1631 2632 1698 ptas,
2665 1629 2944 1685 adversus
2966 1631 3185 1701 patrios
3208 1630 3378 1701 ritus,
3402 1636 3458 1685 et
3478 1630 3701 1687 ratione
3729 1636 3789 1687 et

2134 1715 2482 1787 antiquitate
2549 1722 2877 1786 coornatos,
2946 1720 3227 1775 adversus
3289 1723 3512 1790 septem
3579 1720 3787 1775 fratres

2134 1806 2313 1861 unius
2343 1805 2552 1860 anima:
2600 1806 2828 1862 vinculo
2872 1808 3243 1873 constrictos,
3280 1812 3503 1880 septem
3554 1809 3791 1881 tropaeis

2135 1900 2407 1950 (sternam
2434 1894 2655 1949 nomini
2678 1899 2776 1950 tuo
2797 1895 3099 1953 infamiam
3120 1897 3427 1953 instituros
3455 1914 3467 1953 :
3492 1914 3640 1969 quos
3671 1897 3793 1952 vin-

2135 2000 2262 2040 cere
2311 1983 2547 2055 quidem
2601 2001 2809 2055 parum
2859 1985 3121 2057 amplum
3180 1990 3356 2057 atque
3404 1986 3792 2042 honoriﬁcum

2136 2073 2330 2141 fuerit,
2364 2073 2436 2127 ab
2468 2072 2613 2144 ipsis
2640 2077 2833 2127 autem
2863 2073 3015 2129 vinci
3049 2075 3366 2129 admodum
3398 2078 3567 2147 turpe
3599 2079 3656 2131 et
3684 2091 3792 2147 pu-

2136 2162 2417 2217 dendum.
2454 2160 2537 2215 Ab
2567 2160 2683 2216 illis
2714 2177 2900 2233 genus
2932 2162 3226 2229 ducimus,
3246 2161 3481 2217 illorum
3514 2162 3794 2235 discipuli

2138 2267 2368 2319 sumus,
2389 2249 2605 2322 quibus
2637 2250 2791 2322 ignis
2824 2250 3115 2322 nubisque
3144 2250 3419 2306 columna
3448 2251 3596 2307 viam
3630 2268 3790 2307 com-

2137 2338 2503 2394 monstrabat
2530 2339 2598 2405 θί,
2632 2339 2845 2408 quibus
2878 2356 3035 2395 mare
3074 2339 3451 2395 scindebatur
3478 2341 3550 2405 δ’,
3582 2340 3796 2397 ﬂuvius

2138 2428 2455 2483 sistebatur
2483 2428 2547 2495 ⁸³,
2584 2426 2724 2482 solis
2755 2444 2964 2483 cursus
2995 2429 3424 2500 reprimebatur
3447 2430 3513 2497 “,
3534 2429 3701 2501 panis
3732 2434 3799 2486 ut

2140 2516 2336 2589 pluvia
2366 2517 2579 2571 ﬂuebat
2602 2516 2955 2581 “,manuum
2989 2518 3248 2573 extensio
3279 2517 3797 2575 numerosissimos

2140 2606 2424 2660 exercitus
2458 2621 2558 2676 per
2588 2606 2908 2661 orationem
2962 2606 3263 2671 fundebat,
3299 2612 3471 2677 atque
3502 2607 3561 2664 in
3594 2607 3792 2679 fugam

2102 2726 2111 2739 ι
2139 2694 2397 2749 vertebat
2425 2694 2469 2728 ⁸⁸
2504 2710 2516 2748 :
2551 2694 2768 2766 quibus
2799 2695 2927 2749 fere:
2959 2695 3262 2763 cedebant,
3290 2712 3392 2750 nec
3426 2696 3511 2750 vis
3544 2696 3793 2751 ﬂammze

2141 2800 2239 2838 eos
2270 2783 2614 2855 attingebat,
2646 2800 2712 2838 ac
2742 2800 2925 2855 reges,
2958 2801 3154 2839 eorum
3207 2785 3359 2840 292
3394 2784 3793 2839 fortitudinem

2143 2872 2521 2943 admirantes,
2545 2873 2924 2927 discedebant
2943 2873 3007 2927 ⁵⁷.
3037 2876 3243 2945 Atque,
3274 2877 3339 2927 ut
3357 2873 3661 2945 quidpiam
3694 2888 3793 2929 eo-

2143 2978 2431 3033 rum,quae
2454 2961 2560 3016 tibi
2578 2962 2807 3031 cognita
2832 2962 3391 3033 sunt,proferamus,
3425 2962 3674 3016 Eleazari
3707 2961 3795 3017 di-

2145 3049 2353 3121 scipuli
2386 3066 2615 3117 sumus,
2649 3050 2819 3121 cujus
2852 3056 2913 3105 tu
2949 3051 3410 3121 magnitudinem
3454 3050 3631 3106 animi
3666 3067 3798 3123 per-

2145 3143 2405 3210 spectam
2430 3142 2487 3193 et
2504 3138 2864 3210 exploratam
2896 3139 3079 3195 habes
3108 3140 3173 3194 ⁸⁸.
3208 3140 3375 3195 Pater
3404 3140 3567 3212 prius
3599 3140 3798 3195 decer-

391 3220 529 3276 ἔστω
564 3223 821 3299 βασιι.ικᾶ
862 3224 949 3279 καὶ
993 3224 1445 3300 πολυτελέστερα.
1498 3227 1641 3302 Ἐγὼ
1682 3228 2025 3303 πρωτότοκός

2146 3228 2309 3297 tavit,
2345 3227 2447 3282 ﬁlii
2507 3232 2708 3298 postea
2764 3228 3088 3283 certabant.
3151 3229 3433 3284 Sacerdos
3488 3228 3795 3297 abscessit,

384 3310 523 3385 εἶμι,
555 3291 769 3386 πρῶτόν
806 3333 873 3386 με
919 3313 1269 3386 καθιέρωσονο
1302 3291 1409 3390 ὶγῶ
1455 3291 1787 3384 τελευταῖος,
1820 3318 1854 3387 ἡ
1886 3320 2025 3391 τάξις

2145 3317 2393 3372 victimas
2426 3321 2766 3388 sequentur.
2797 3317 2972 3372 Multa
3006 3318 3245 3390 quidem
3296 3319 3565 3384 minaris,
3596 3334 3796 3373 verum

383 3398 762 3479 ὲναμειφθήτω
797 3421 809 3471 ;
846 3399 982 3457 ἔστω
1030 3423 1113 3465 τις
1168 3402 1256 3457 καὶ
1314 3408 1420 3458 τῶν
1458 3403 1633 3477 μέσων
1686 3403 1736 3459 ἐν
1771 3407 2031 3481 πρώτοις,

375 3486 468 3544 ’ίνα
515 3494 838 3564 τιμηθῶμεν
892 3490 1190 3568 ἰσομοιρίᾳ.
1245 3489 1413 3567 Φείδῃ
1471 3490 1529 3548 δέ
1579 3492 1930 3570 ;προσδοκᾷς
1978 3518 2031 3550 τι

377 3578 544 3655 τυχὸν
597 3583 711 3654 (25)
757 3580 846 3634 καὶ
893 3586 999 3636 τῶν
1053 3580 1300 3636 ἐναντίων
1347 3582 1569 3653 ;Ῑ[άλιν
1620 3583 1707 3638 καὶ
1756 3583 2029 3648 πολλάκις

378 3668 603 3744 ἐροῦμεν
648 3669 739 3724 τὸν
792 3669 950 3724 αὐτὸν
1002 3669 1187 3746 λόγον’
1244 3671 1320 3727 Οὐ
1374 3675 1883 3749 μιαροφαγήσομεν,
1930 3673 2030 3728 οὐκ

378 3756 682 3831 ένδώσομεν
710 3761 841 3831 (26).
876 3764 1076 3813 Θᾶττον
1120 3759 1182 3813 σὺ
1233 3756 1539 3832 σεϐασθήσῃ
1583 3762 1650 3814 τὰ
1696 3763 1956 3837 ἡμέτερα,
1989 3763 2023 3832 ἢ

378 3851 496 3907 τοῖς
528 3852 642 3907 σοῖς
681 3849 844 3918 ἡμεῖς
893 3844 1117 3918 εἷ’ξωμεν
1166 3850 1301 3920 (27).
1348 3850 1647 3924 Κεφάλαιον
1696 3854 1792 3903 τοῦ
1834 3850 2023 3924 λόγου·

378 3940 441 3990 Ἰ]
475 3934 757 4011 καινότερα
788 3934 1074 4005 ἐπινόησον
1100 3935 1459 4010 κολαστήρια,
1489 3938 1523 4004 ἢ
1556 3937 1621 3990 τὰ
1650 3937 1890 4012 παρόντα
1913 3937 2026 4002 ἔσθι

380 4022 880 4101 καταφρονούμενοι.
919 4047 946 4075 ››

2144 3407 2212 3461 ad
2274 3406 2446 3478 plura
2504 3405 2689 3477 parati
2750 3422 2977 3462 sumus.
3009 3406 3155 3470 Quid
3216 3411 3411 3462 autem
3472 3407 3660 3475 nobis,
3711 3406 3799 3462 vir

2142 3495 2391 3566 superbe
2423 3499 2597 3565 atque
2630 3494 3097 3562 insolens,minis
3128 3494 3257 3550 istis
3290 3496 3406 3550 tuis
3439 3496 3657 3551 facies?
3684 3497 3799 3550 Aut

2141 3602 2256 3657 quo
2286 3583 2545 3639 cruciatu
2580 3583 2952 3640 aificiemur?
2982 3583 3137 3639 Nihil
3169 3584 3261 3639 his
3310 3584 3648 3639 hominibus
3681 3583 3793 3639 for-

2139 3674 2387 3745 tius,qui
2420 3674 2489 3728 ad
2523 3674 2754 3745 quidvis
2783 3673 3188 3744 perferendum
3214 3678 3482 3745 prompto
3512 3676 3569 3727 et
3598 3677 3797 3744 parato

2141 3763 2339 3817 animo
2399 3768 2555 3817 sunt.
2616 3762 2954 3829 Carniﬁces,
3016 3763 3153 3835 quid
3217 3760 3618 3817 cunctamini?
3647 3761 3794 3825 Quid

2142 3867 2337 3905 moras
2385 3851 2662 3905 nectitis?
2692 3850 2837 3915 Quid
2888 3851 3208 3922 benignum
3241 3855 3299 3905 et
3343 3866 3517 3904 suave
3556 3850 3795 3920 jussum

2137 3936 2534 4008 exspectatis?
2565 3937 2669 3992 Ubi
2705 3937 2933 4009 gladii?
2963 3938 3067 3992 Ubi
3123 3937 3353 3992 vincula
3376 3938 3402 3991 ?
3433 3937 3794 3994 Celeritalem

2135 4026 2388 4098 requiro.
2441 4025 2600 4097 Ignis
2646 4025 2898 4097 amplior
2945 4027 3317 4093 accendatur,
3364 4026 3618 4082 acriores
3668 4026 3796 4082 fera:

380 4113 803 4185 producantur,
835 4112 1240 4185 exquisitioria
1270 4117 1560 4169 tormenta
1591 4113 1981 4185 proferantur,
2015 4115 2133 4171 sint
2170 4115 2367 4170 omnia
2399 4113 2559 4186 regia
2586 4118 2643 4169 et
2671 4112 3000 4185 splendida.
3036 4114 3267 4171 Primus
3298 4122 3433 4169 natu
3485 4130 3590 4186 ego
3640 4132 3795 4185 sum,

378 4201 637 4272 primum
672 4218 764 4257 me
795 4218 1091 4258 consecra.
1130 4202 1244 4274 Ego
1279 4206 1632 4273 postremus,
1666 4202 1889 4259 ordinis
1923 4204 2071 4259 ratio
2105 4204 2449 4259 immutetur
2475 4220 2487 4259 :
2514 4203 2593 4257 sit
2622 4218 2855 4274 quoque
2887 4202 3181 4274 quispiam
3213 4219 3439 4268 eorum,
3464 4202 3565 4275 qui
3597 4203 3801 4259 mediae

375 4294 517 4365 sunt
546 4291 758 4357 atatis,
791 4290 849 4345 in
884 4292 1209 4363 primorum
1261 4291 1482 4358 ordine,
1516 4296 1582 4345 ut
1612 4292 1695 4347 sic
1725 4309 1922 4363 equas
1974 4293 2215 4349 honoris
2247 4292 2545 4365 portiones
2594 4292 2988 4347 obtineamus.
3022 4292 3169 4356 Quid
3201 4291 3434 4363 parcis?
3486 4292 3801 4364 Exspectas

375 4361 627 4433 fortasse
678 4361 901 4451 aliquid
954 4379 1367 4435 contrarium?
1399 4382 1519 4435 Imo
1552 4397 1682 4436 vero
1714 4361 1926 4436 iterum
1975 4399 2041 4438 ac
2088 4361 2265 4438 tertio
2322 4380 2655 4453 saepiusque
2712 4381 2985 4436 eumdem
3031 4397 3360 4437 sermonem
3419 4385 3800 4453 repetemus:

444 4494 489 4529 ⁸1
525 4493 699 4550 Exod.
729 4512 853 4565 xm,
884 4498 973 4551 21.
1049 4496 1094 4531 ”
1124 4496 1302 4551 Exod.
1353 4512 1469 4562 xxv,
1524 4498 1609 4551 16.
1687 4497 1733 4531 ⁸³
1760 4498 1883 4553 Jos.
1938 4515 2024 4564 in,

2222 4498 2267 4532 “
2296 4496 2418 4553 Jos.
2469 4514 2531 4562 χ,
2582 4498 2669 4552 13.
2743 4498 2788 4532 ⁸⁵
2823 4496 2996 4553 Exod.
3047 4514 3188 4566 xvu,
3239 4498 3324 4553 11.
3401 4498 3446 4532 ⁸⁸
3478 4498 3653 4552 Exod.
3686 4514 3799 4553 xvx.

377 4566 438 4620 11
472 4582 637 4636 seqq.
713 4566 755 4601 ⁸⁷
787 4566 929 4623 Dan.
962 4584 1077 4633 xvx,
1108 4568 1219 4631 30;
1254 4583 1338 4634 IlI,
1374 4568 1443 4623 15
1471 4584 1635 4640 seqq.
1714 4569 1758 4603 ⁸⁸
1790 4570 1837 4624 ΙΙ
1870 4570 2025 4626 Mact

2171 4586 2245 4641 νι,
2280 4571 2345 4625 18
2379 4584 2547 4640 seqq.

450 4691 560 4762 (10)
594 4689 715 4746 Καί.
754 4691 927 4748 Deest
954 4693 1011 4747 in
1046 4693 1185 4817 Reg.
1218 4692 1277 4747 d.

450 4764 561 4817 {11l
593 4760 883 4817 Ἐλέγξειν.
919 4769 1107 4817 Pass..
1170 4760 1277 4817 λέγ(

445 4760 561 4905 (11)
593 4760 883 4835 Ἐλέγξειν.
919 4769 1107 4849 Ραεε.,
1133 4760 1353 4845 ἷλέγξαι
1382 4763 1563 4835 [haud
1596 4765 1834 4849 recte].~

474 4835 539 4888 12
608 4834 752 4905 ΙΙρὸς
808 4832 988 4905 τούτῳ
1037 4855 1124 4890 τα.
1184 4834 1357 4892 C0181.
1419 4837 1469 4905 1,
1526 4835 1663 4905 πρὸς
1741 4855 1834 4889 του

415 4832 561 4957 ά(12)
608 4832 775 4909 Πρὸς
808 4832 988 4907 τούτῳ
1037 4832 1124 4890 τά.
1184 4832 1469 4907 Οό181ᾞ1,
1526 4835 1663 4909 πρὸς
1741 4832 1903 4890 ¹ξοῦτο
1955 4832 2031 4890 ἔτι

381 4924 409 4957 τ
452 4942 465 4955 .

449 4942 561 5049 (13)
594 4981 711 5049 Σοι.
746 4981 916 5032 Deest
945 4977 1003 5049 in
1038 4977 1175 5049 Reg.
1211 4993 1265 5049 a_,
1297 4993 1343 5032 c.

450 5046 561 5187 (14)
594 5044 771 5125 Λόγῳ.
806 5052 928 5103 Duo
961 5044 1158 5119 Cois];
1191 5044 1368 5120 νόμῳ,
1403 5070 1431 5099 α
1463 5048 1588 5121 lege
1627 5071 1674 5104 ιι.

450 5117 538 5187 (15
590 5115 829 5187 Ὠδήγει.
862 5120 1125 5187 Quinque
1152 5121 1317 5187 Reg.,
1350 5119 1524 5177 Coisl.
1561 5123 1614 5187 1,
1637 5120 1674 5177 Ο

392 5115 829 5256 ὅέὲῗέᾇῗδήγει.
862 5115 1125 5192 Quinque
1144 5115 1329 5193 Reg},
1350 5115 1614 5188 Coisl.—1,
1637 5120 1730 5177 Or.
1769 5121 1820 5189 1,
1842 5121 2030 5190 Pass.,

376 5207 874 5347 ωῇέῗψίὶοταμὲς
933 5256 1150 5347 ἵστατο,
1208 5266 1318 5319 etc.
1401 5264 1583 5331 Pass.,
1640 5282 1780 5317 ποτα
1811 5263 1913 5335 μὸς
1950 5261 2040 5317 ἀν-

377 5329 661 5395 εκόπτετο,
692 5329 781 5385 καὶ
811 5329 970 5399 ἥλιος
995 5329 1209 5389 ’ίστατο.

446 5403 942 5478 (17)-Ἐτροποῦτο.
992 5404 1135 5478 Duo
1169 5406 1332 5478 Reg,
1381 5406 1555 5463 Coisl.
1610 5406 1634 5460 1
1676 5409 1733 5461 et
1778 5408 1833 5473 2,
1886 5402 2033 5478 ἐτρέ-

376 5474 916 5551 merofmendose].
952 5476 1088 5551 Alii,
1119 5474 1372 5551 ἐτρέπετο
1401 5479 1770 5551 [perperam].

448 5544 687 5617 (18)’Δι’
745 5544 944 5621 εὐχῶν.
996 5544 1187 5603 ΟΟῘΒΙ.’
1226 5550 1281 5615 2,
1342 5544 1441 5604 Or:
1496 5544 1546 5615 1,
1601 5544 1753 5621 Pari,
1814 5544 1883 5601 δι’
1943 5546 2035 5602 εὗ·-

384 5635 563 5765 ῗσξέὸ)
594 5686 885 5765 ’ᾼτξῄεσαψ
921 5688 1257 5765 Sic_p_1u_re_s
1291 5689 1452 5765 Reg,
1503 5690 1812 5765 Chrysan.,
1857 5690 2029 5749 Coisl.

374 5759 430 5827 2,
458 5758 562 5817 Or.
596 5760 647 5829 ι,
679 5758 835 5829 Pan,
866 5764 974 5819 etc.
1009 5760 1183 5831 Edlti,
1214 5758 1494 5834 ἀνῄνεσαν.

2060 4698 2107 4763 D

2209 4693 2321 4766 (20)
2340 4687 2649 4766 _’Ay8_pslav.
2681 4692 2773 4747 Sic
2820 4693 3081 4766 quinque
3126 4693 3264 4765 Reg.
3319 4697 3374 4748 et
3425 4693 3521 4748 Or.
3557 4694 3607 4747 1.
3643 4692 3795 4747 Editi

2142 4760 2314 4839 vero,
2328 4760 2568 4839 ἀνδρίαν.

2215 4837 2326 4908 (21)
2359 4833 2710 4908 Ὑπερήφανι.
2739 4835 2837 4908 Sic
2861 4834 3059 4908 plures
3088 4839 3249 4907 Reg.,
3279 4834 3584 4907 Cbrysan.,
3617 4833 3793 4889 Coisl.

2145 4910 2170 4964 1
2206 4905 2263 4982 et
2293 4911 2349 4975 2,
2382 4909 2542 4982 Pass.
2574 4905 2785 4982 Iri_ed.,
2821 4905 3089 4982 btrepﬂcpa.

2215 4980 2328 5051 (22)
2362 4980 2435 5048 Δή
2449 4998 2584 5051 μιοι.
2618 4979 2709 5034 Sic
2744 4975 2843 5051 sex
2873 4975 3038 5051 a'ng,
3070 4977 3374 5051 Chrysan.,
3396 4975 3568 5032 Coisl.
3604 4978 3629 5031 1
3664 4981 3722 5032 et
3740 4980 3796 5046 2,

2142 5046 2342 5108 Comb.
2375 5046 2517 5107 Male
2548 5051 2608 5106 in
2640 5051 2757 5121 ed.,
2789 5046 2984 5121 δῆμοι,
3016 5070 3045 5099 ι(
3077 5046 3296 5121 populi.
3333 5070 3355 5097 ι

2178 5123 2328 5249 d(23)
2356 5121 2456 5178 Τά.
2506 5123 2599 5179 Sic
2650 5119 2789 5195 Reg.
2840 5119 2893 5187 α,
2945 5137 2994 5188 c,
3041 5119 3100 5189 d,
3159 5126 3216 5175 et
3261 5119 3462 5175 Comb.
3520 5123 3691 5177 Deest
3741 5120 3798 5175 in

2220 5213 2235 5249 1
2270 5236 2282 5249 .

2144 5196 2282 5250 edit.

2216 5266 2328 5338 (24)
2363 5262 2806 5338 ῙῙεριεΑργότεραι.
2843 5264 2980 5338 Reg.
3011 5262 3133 5328 bm,
3158 5256 3592 5338 gtsptsp'fé'repm.

2363 5332 2761 5409 Προσδοκᾷςτι
2793 5332 3118 5409 τυχόν,-θῐο.
3152 5334 3249 5409 Sic
3279 5332 3591 5409 trgs__l_i_eg.,
3622 5332 3794 5390 Coisl.

2142 5408 2196 5475 2,
2224 5402 2381 5474 ’Par.,
2415 5402 2641 5473 Comb.,
2672 5412 2780 5463 etc.
2818 5402 3074 5477 In'edit”
3105 5404 3314 5478 τυχών.
3348 5402 3551 5459 Billius
3590 5420 3603 5457 :
3642 5426 3663 5455 ι
3700 5420 3797 5460 ex-

2144 5484 2373 5551 spectas
2406 5479 2673 5551 fortasse,
2708 5485 2770 5533 ut
2801 5478 3122 5535 orationem
3156 5481 3566 5551 reteramus.)

2212 5545 2854 5631 (26).Ἐνδώσομεν.-8ἱς
2899 5554 3034 5631 Reg.
3088 5566 3138 5631 ο,
3184 5550 3245 5631 εἰ,
3293 5545 3464 5602 Coisl.
3509 5547 3564 5612 2,
3611 5545 3705 5601 Or.
3738 5546 3794 5612 2,

2146 5616 2470 5691 Pa'r.,'Jes.,
2505 5628 2563 5679 et
2593 5616 2792 5678 Comb.
2828 5620 2888 5676 ln
2920 5616 3083 5684 edit,
3118 5616 3444 5691 ἐκδώσομεν.

2214 5687 2327 5766 (2‘7)
2357 5687 2623 5765 Εἵξωμεν.
2657 5694 2923 5765 Quinque
2952 5693 3116 5764 Reg.,
3147 5687 3357 5764 εἴξομεν
3387 5689 3673 5765 [rectius].
