4094 6288
277 316 396 380 923

1515 322 1580 382 S.
1629 323 2000 383 GREGOBII
2044 323 2433 384 THEOLOGI

3567 321 3686 383 924

275 449 402 506 Non
435 451 685 523 impuris
719 451 866 508 cibis
897 470 1218 522 vescamur,
1254 471 1368 510 non
1418 471 1629 510 manus
1673 455 1968 510 dabimus.
2002 456 2184 511 Citius
2215 461 2419 512 nostra
2449 454 2836 522 veneraberis,
2873 471 3050 526 quam
3081 457 3146 509 ut
3193 471 3298 509 nos
3347 453 3464 509 tuis
3517 454 3687 510 ceda-

280 555 434 594 mus.
469 539 654 595 Verbo
697 540 920 609 dicam;
973 548 1073 597 aut
1121 561 1270 600 nova
1301 548 1724 600 tormentorum
1759 561 1972 616 genera
2002 546 2285 618 excogita,
2318 552 2419 602 aut
2470 547 2614 612 haec,
2645 562 2775 616 quae
2824 545 2881 598 in
2933 548 3206 615 promptu
3257 546 3416 612 sunt,
3452 560 3484 598 a
3516 542 3687 598 nobis

280 629 574 683 contemni
605 646 708 700 pro
741 635 895 686 certo
927 633 1096 688 habe.
1133 656 1157 682 ››

352 718 610 772 VI[.Haac
630 720 867 790 quidem
895 721 1003 776 fuit
1024 722 1260 778 illorum
1289 725 1358 778 ad
1385 728 1699 793 tyrannum
1724 725 1928 779 oratio.
1963 727 2009 791 Α

276 807 405 862 Jam
441 823 572 862 vero
606 825 729 880 quae
761 809 914 865 inter
945 828 1005 865 se
1054 813 1398 868 cohortandi
1434 831 1613 869 causa
1641 814 1933 882 dicebant,

280 913 522 967 quaeque
548 900 867 968 spectanda
893 901 1430 973 praebebant,quam
1456 903 1934 974 praeclara,quam

281 1001 467 1056 sacra,
503 985 732 1056 piisque
782 987 1122 1043 hominibus
1169 991 1374 1061 quovis
1436 992 1547 1046 alio
1606 991 1936 1062 spectaculo

281 1077 456 1144 atque
479 1075 1047 1146 auditujucundiora
1072 1079 1083 1132 ι
1108 1080 1392 1151 Equidem
1418 1080 1542 1150 ipse
1559 1098 1625 1135 ea
1657 1081 1939 1136 memoria

284 1161 564 1228 recolens,
598 1164 926 1219 incredibili
958 1166 1252 1238 voluptate
1300 1169 1613 1237 ditl'undor,
1649 1184 1712 1223 ac
1746 1172 1938 1222 mente

285 1254 342 1307 et
373 1253 719 1323 cogitatione
768 1271 898 1308 cum
932 1256 1078 1327 ipsis
1128 1257 1361 1312 athletis
1394 1274 1608 1321 versor,
1652 1257 1936 1312 mirabili-

281 1344 484 1412 terque
534 1342 593 1395 in
626 1342 732 1396 hac
784 1345 1118 1399 narratione
1151 1345 1293 1399 mihi
1337 1346 1554 1416 placeo.
1609 1346 1939 1418 Amplecte-

284 1433 499 1487 bantur
520 1448 580 1486 se
604 1438 828 1502 mutuo,
853 1439 1027 1503 atque
1050 1435 1557 1499 exosculabantur,
1591 1453 1706 1489 non
1744 1435 1938 1490 minus

283 1520 429 1575 laetis
480 1519 713 1585 animis,
744 1537 920 1590 quam
957 1523 1004 1575 si
1032 1525 1155 1592 jam
1207 1524 1275 1577 ad
1327 1525 1716 1578 certaminum
1763 1525 1937 1578 finem

283 1613 522 1664 ventum
557 1615 767 1663 esset.«
803 1610 1018 1665 Eamus
1047 1613 1114 1665 ad
1151 1612 1426 1683 pericula,
1463 1616 1690 1683 fratres,
1723 1613 1938 1668 clama-

285 1699 467 1764 bant;
502 1714 726 1766 eamus,
767 1715 1166 1770 properemus,
1201 1703 1456 1771 quandiu
1511 1705 1685 1758 fervet
1731 1705 1937 1757 adver-

287 1803 422 1843 sum
474 1803 580 1841 nos
628 1791 932 1857 tyrannus,
986 1806 1056 1843 ne
1106 1790 1252 1844 forte
1285 1790 1602 1862 molliatur,
1636 1797 1809 1864 atque
1859 1793 1941 1847 ita

291 1873 501 1931 salutis
555 1876 841 1944 iacturam
904 1879 1208 1934 faciamus.
1273 1880 1684 1952 Proponuntur
1759 1881 1940 1953 epulae

289 1963 761 2019 instructissima
792 1981 805 2021 :
837 1966 909 2020 iis
941 1967 1556 2025 intersimus.Pulchra
1579 1970 1816 2042 quidem
1850 1987 1942 2025 res

290 2057 398 2117 est,
431 2069 563 2152 cum
595 2054 803 2153 fratres
852 2055 1030 2110 simul
1081 2056 1362 2126 habitant,
1395 2059 1571 2113 simul
1604 2059 1939 2131 epulantur,
1972 2093 2018 2157 B

295 2157 472 2213 seque
505 2141 750 2197 invicem
793 2145 1144 2216 constipant,
1181 2163 1245 2200 ac
1269 2151 1616 2219 protegunt:
1645 2148 1943 2219 pulchrior

294 2235 514 2300 autem,
547 2248 679 2286 cum
713 2233 942 2288 virtutis
973 2251 1151 2290 causa
1195 2236 1368 2290 simul
1409 2237 1834 2308 periclitantur.
1867 2241 1943 2293 Ac

298 2319 558 2393 quidem,
593 2323 641 2376 si
673 2321 795 2375 fieri
830 2324 1133 2394 potuisset,
1154 2327 1498 2396 corporibus
1531 2328 1682 2383 293
1715 2344 1946 2399 quoque

301 2426 405 2482 pro
437 2409 642 2481 patriis
672 2409 883 2466 ritibus
913 2417 969 2466 et
1014 2413 1303 2469 institutis
1341 2417 1943 2487 depugnavissemus;

304 2514 442 2553 nam
476 2498 582 2552 hoc
631 2515 864 2570 quoque
916 2502 1121 2556 mortis
1152 2519 1337 2574 genus
1387 2503 1557 2558 laude
1605 2521 1717 2558 non
1769 2509 1944 2560 caret.

305 2587 589 2654 Quoniam
644 2593 837 2641 autem
870 2591 1149 2660 temporis
1198 2592 1341 2647 ratio
1391 2593 1447 2646 id
1481 2611 1592 2647 non
1638 2594 1790 2664 tulit,
1823 2595 1951 2665 ipsa

304 2681 460 2732 certe
492 2693 730 2748 corpora
762 2678 1093 2733 offeramus.
1128 2681 1273 2744 Quid
1307 2682 1463 2737 enim
1489 2684 1515 2737 ?
1547 2683 1733 2738 Etiam
1762 2683 1811 2738 si
1843 2683 1951 2738 hoc

301 2769 563 2836 tempore
586 2783 700 2820 non
724 2767 1066 2834 moriamur,
1085 2786 1157 2824 an
1190 2787 1301 2824 non
1327 2771 1564 2826 omnino
1592 2771 1952 2826 moriemur?

303 2858 391 2907 An
420 2870 532 2909 non
556 2855 749 2910 debito
775 2856 1061 2912 nativitati
1088 2860 1954 2931 munereperfungemur?Quod

309 2943 660 3014 necessario,
690 2943 747 2998 id
792 2945 1037 3014 gloriose
1072 2947 1395 3015 faciamus;
1429 2951 1573 3003 mori
1608 2950 1907 3005 discamus
1941 2959 1954 2997 τ

308 3033 460 3102 quod
513 3048 824 3087 commune
865 3039 971 3101 est,
1025 3036 1325 3108 proprium
1377 3038 1738 3107 efficiamus;
1775 3044 1960 3094 morte

307 3121 486 3175 vitam
519 3123 1009 3178 emamus.Nemo
1044 3130 1308 3180 nostrum
1342 3126 1520 3198 hujus
1551 3128 1676 3183 vitae
1712 3129 1961 3198 cupidus

307 3209 406 3274 sit,
440 3226 610 3265 nemo
643 3211 886 3282 ignavus
919 3229 983 3267 ac
1017 3214 1280 3268 timidus.
1302 3217 1698 3287 Perficiamus,
1735 3222 1798 3271 ut
1827 3234 1960 3273 cum

311 3298 372 3353 in
398 3315 502 3354 nos
537 3302 823 3371 tyrannus
871 3301 1160 3370 inciderit,
1187 3305 1255 3357 de
1299 3306 1522 3360 caeteris
1544 3307 1831 3378 desperet.
1864 3311 1964 3361 Pe-

311 3385 514 3442 riculis
538 3386 636 3440 ille
659 3387 893 3458 quidem
918 3390 1181 3445 ordinem
1207 3393 1605 3462 imponat,nos
1631 3412 1763 3449 vero
1788 3396 1964 3450 finem

2116 724 2182 775 Z'.
2214 727 2386 777 Ταῦτα
2422 723 2513 794 μὶν
2563 722 2698 797 πρὸς
2746 722 2835 775 τὸν
2891 719 3167 795 τύραννον.
3201 722 3270 774 "A
3313 716 3369 773 δὶ
3416 717 3688 790 ἀλλήλοις

2046 810 2413 866 διεκελεύοντο
2448 813 2579 881 (28),
2605 810 2636 863 ἆ
2668 808 2724 864 δὲ
2754 814 3015 884 παρεῖχον
3052 810 3201 884 ὁρᾷν,
3237 809 3311 869 ὡς
3342 805 3483 862 καλά
3512 830 3569 862 τε
3601 808 3689 861 καὶ

2044 902 2200 976 ἱερὰ,
2256 899 2342 954 καί
2401 901 2595 961 παντὸς
2653 898 2824 954 ἄλλου
2884 899 3151 969 θεάματος
3210 897 3298 951 καὶ
3349 896 3690 969 ἀκούσματος

2046 989 2185 1059 ἡδίω
2218 996 2332 1052 τοῖς
2362 989 2636 1066 φιλοθὲοις
2664 990 2674 1044 ί
2711 989 2905 1063 Ἔγωγ’
2939 986 3028 1041 οὖν
3062 987 3220 1048 αὐτὸς
3247 984 3453 1055 ἡδονῆς
3485 985 3689 1059 ἐμπίμ-

2046 1078 2262 1152 πλαμαι
2296 1078 2673 1151 μνημονεύων,
2720 1075 2807 1130 καί
2861 1078 2974 1148 μετ’
3027 1075 3197 1130 αὐτῶν
3229 1079 3342 1149 (29)
3379 1075 3689 1138 ἀθλούντων

2049 1168 2160 1240 εῒμὶ
2207 1172 2274 1241 τῇ
2326 1165 2572 1237 διανοίᾳ,
2625 1167 2713 1220 καὶ
2757 1171 2833 1236 τῷ
2884 1163 3188 1240 διηγήματι
3246 1164 3692 1236 καλλωπίζομαι.

2048 1252 2418 1331 ΙΙεριέϐαλλον
2449 1259 2565 1327 (30)
2593 1253 2900 1324 ἀλλήλους,
2932 1252 3408 1330 περιεπτύσσοντο,
3451 1256 3691 1327 πανήγυ-

2050 1367 2130 1420 ρις
2152 1346 2240 1414 ἦν,
2267 1347 2340 1406 ὡς
2369 1345 2449 1400 ἐπ’
2475 1343 2661 1405 ἄθλοις
2692 1342 3117 1415 τετελεσμένοις·
3147 1369 3172 1394 ‹‹
3199 1349 3419 1414 Ἴωμεν,
3447 1339 3693 1418 ἀδελφοὶ,

2049 1436 2185 1511 πρὸς
2242 1434 2371 1496 τοὺς
2426 1434 2729 1503 κινδύνους,
2789 1428 3002 1501 ἐϐόων,
3065 1431 3265 1504 ἴωμεν,
3327 1431 3694 1505 ὗπειγώμεθα,

2047 1520 2151 1585 ἕως
2207 1523 2306 1591 ζέει
2357 1524 2474 1576 καθ’
2524 1525 2683 1593 ἡμῶν
2737 1522 2763 1574 ὁ
2811 1521 3094 1595 τύραννος,
3149 1521 3221 1590 μή
3279 1541 3329 1572 τι
3365 1517 3691 1590 μαλακισθῇ,

2047 1613 2136 1667 καὶ
2202 1616 2568 1685 ζημιωθῶμεν
2621 1613 2720 1678 τὴν
2778 1610 3071 1684 σωτηρίαν.
3133 1605 3428 1663 Πανδαισία
3472 1607 3691 1682 πρόκει-

2045 1721 2153 1756 ται·
2219 1703 2294 1773 μὴ
2346 1698 2788 1776 ἀπολειφθῶμεν.
2824 1697 2997 1753 Καλὸν
3051 1699 3144 1771 μὶν
3195 1699 3283 1751 καὶ
3332 1701 3693 1758 συνοικοῦντες

2050 1788 2323 1860 ἀλλήλοις
2358 1788 2605 1867 ἀδελφοὶ,
2654 1788 2741 1842 καὶ
2791 1789 3269 1861 συμποσιάζοντες,
3299 1785 3386 1840 καί
3437 1785 3693 1840 συνασπί-

2052 1884 2248 1948 ζοντες·
2283 1879 2509 1934 κάλλιον
2563 1875 2619 1932 δὲ
2654 1878 2783 1952 ὑπὲρ
2832 1879 3026 1952 ἀρετῆς
3073 1874 3597 1951 συγκινδυνεύοντες.
3633 1874 3696 1930 Εἴ

2054 1969 2146 2042 μὶν
2181 1969 2292 2022 οἷόν
2345 1989 2403 2022 τε
2453 1971 2541 2036 ἦν,
2591 1969 2679 2021 καὶ
2723 1972 2837 2027 τοῖς
2889 1967 3130 2038 σώμασιν
3193 1965 3250 2019 ἂν
3307 1965 3697 2038 ἠγωνισάμεθα

2052 2059 2184 2133 ὑπὲρ
2231 2062 2338 2112 τῶν
2389 2056 2649 2132 πατρίων·
2686 2052 2795 2110 ἔστι
2837 2055 2927 2109 καὶ
2977 2055 3135 2115 οὗτος
3183 2059 3291 2109 τῶν
3339 2053 3630 2107 ἐπαινετῶν
3665 2054 3693 2107 ὁ

2053 2148 2295 2211 θάνατος.
2330 2147 2477 2200 Ἐπεὶ
2537 2144 2595 2199 δὲ
2651 2145 2711 2198 οὐ
2770 2143 2968 2198 τούτου
3022 2143 3230 2217 καιρὸς,
3290 2142 3423 2196 αὐτά
3471 2142 3537 2195 τὰ
3590 2141 3697 2194 σώ-

2056 2256 2196 2309 ματα
2229 2234 2638 2308 εἷσενὲγκωμεν.
2688 2233 2753 2290 Τί
2799 2233 2898 2308 γάρ
2935 2251 2948 2299 ;
2986 2230 3087 2287 Κᾶν
3140 2232 3215 2302 μὴ
3264 2236 3354 2284 νῦν
3407 2229 3696 2293 ἀποθάνω-

2058 2346 2174 2397 μεν,
2210 2324 2271 2378 οὐ
2305 2325 2673 2395 τεθνηξόμεθα
2703 2321 2916 2383 πάντως
2952 2339 2966 2388 ;
3002 2321 3062 2374 οὑ
3094 2323 3162 2393 τῇ
3191 2318 3392 2394 γενέσει
3440 2318 3507 2373 τὰ
3551 2318 3697 2395 ὀφει-

2056 2413 2263 2485 λόμενα
2321 2413 2780 2487 λειτουργῆσομεν
2841 2429 2853 2479 ;
2915 2411 3241 2481 Ποιήσωμεν
3306 2409 3404 2477 τήν
3466 2407 3700 2482 ἀνάγκην

2057 2500 2396 2579 φιλοτιμίαν·
2449 2503 2797 2572 σοφισώμεθα
2849 2499 2946 2566 τὴν
2981 2495 3223 2551 διάλυσιν
3264 2498 3395 2570 (31)·
3429 2494 3490 2549 τὸ
3521 2496 3699 2550 κοινὸν

2060 2590 2196 2646 ἴδιον
2229 2591 2606 2662 ποιησώμεθα·
2652 2588 2861 2660 θανάτῳ
2907 2588 3050 2656 ζωὴν
3090 2585 3450 2655 ὦνησώμεθα.
3499 2587 3589 2654 Μή
3623 2605 3704 2644 τις

2061 2679 2151 2735 οὖν
2186 2683 2345 2752 ἡμῶν
2381 2677 2516 2734 ἔστω
2549 2677 2883 2756 φιλόψυχος,
2913 2673 3053 2750 μηδὶ
3085 2673 3348 2746 ἄτολμος.
3375 2674 3704 2747 ’Δπογνώτω

2061 2770 2150 2825 καὶ
2180 2773 2286 2823 τῶν
2333 2766 2518 2822 ἄλλων
2549 2769 2575 2821 ὁ
2604 2766 2883 2839 τύραννος,
2944 2767 3077 2837 ἡμῖν
3131 2762 3388 2837 ἰντυχών.
3438 2766 3560 2822 Τοῖς
3611 2761 3704 2831 μὲν

2063 2857 2331 2918 κινδύνοις
2358 2858 2457 2925 τὴν
2485 2855 2629 2926 τάξιν
2685 2854 2842 2914 αὐτὸς
2892 2852 3161 2923 ἐπιθήσει,
3212 2854 3372 2924 ἡμεῖς
3411 2848 3480 2918 ,δί
3517 2850 3710 2918 ἐπιθή-

2068 2969 2232 3021 σομεν
2256 2945 2416 3007 τέλος
2443 2951 2558 3006 τοῖς
2591 2942 2945 3016 διωκομένοις
2980 2944 3112 3014 (32)·
3151 2938 3314 3012 μηδὲν
3351 2939 3473 3014 περὶ
3518 2937 3714 2992 τούτου

2070 3037 2450 3115 διαφερώμεθα
2478 3041 2544 3102 τῆ
2605 3035 2738 3102 ζεσει
2792 3036 2890 3100 τῆς
2940 3029 3270 3104 προθυμίας.
3307 3030 3404 3083 Καὶ
3436 3029 3462 3082 ὁ
3495 3031 3716 3103 πρῶτος

2071 3124 2215 3182 ἔσται
2249 3126 2361 3198 (33)
2385 3129 2500 3184 τοῖς
2526 3122 2721 3183 ἄλλοις
2769 3118 2917 3190 ὁδὸς,
2951 3119 3041 3174 καὶ
3073 3120 3100 3173 ὁ
3139 3118 3449 3178 τελευταῖος
3493 3116 3718 3194 σφραγὶς

2073 3213 2376 3284 ἀθλήσεως.
2414 3214 2572 3286 Ἡμῖν
2603 3208 2660 3264 δὶ
2688 3215 2849 3264 τοῦτο
2892 3209 3241 3282 ἐμπεπήχθω
3289 3212 3449 3260 πᾶσιν
3484 3205 3718 3279 ὁμοίως,

2073 3301 2388 3372 πανοικεσίᾳ
2436 3301 2859 3377 στεφανωθῆναι,
2918 3297 3006 3351 καὶ
3069 3299 3143 3369 μή
3202 3317 3322 3350 τινα
3384 3290 3568 3350 λαϐεῖν
3625 3314 3718 3366 με·

2080 3390 2203 3468 ρίδα
2234 3391 2282 3462 ἐξ
2315 3393 2472 3462 ἡμῶν
2504 3390 2594 3443 τὸν
2631 3386 2890 3456 διώκτην,
2917 3383 2989 3440 ’ἶν’
3023 3386 3095 3446 ὡς
3125 3391 3284 3438 πᾶσιν
3318 3383 3722 3459 ὶγκαυχήσηται

310 3475 703 3548 persecutioni
728 3476 1101 3548 imponemus
1128 3498 1140 3547 ;
1165 3497 1267 3534 nec
1291 3482 1360 3535 de
1383 3497 1448 3536 ea
1470 3499 1530 3536 re
1549 3484 1620 3537 ob
1650 3483 1963 3538 alacritatis

2186 3461 2285 3547 lvi,
2320 3461 2665 3556 φλεγμαίνων
2713 3481 2782 3550 τῇ
2830 3474 3088 3549 πονηρίᾳ.
3143 3477 3408 3546 Φανῶμεν
3460 3468 3723 3541 ἀλλήλων

316 3565 599 3620 fervorem
647 3565 800 3619 inter
830 3583 935 3621 nos
983 3569 1426 3623 contendamus.
1461 3571 1606 3625 Nam
1640 3576 1695 3625 et
1741 3571 1966 3642 primus

317 3652 448 3710 aliis
495 3655 586 3708 via
635 3655 766 3724 erit,
818 3659 874 3709 et
917 3661 1247 3726 postremus
1297 3659 1634 3715 certaminis
1684 3661 1963 3732 sigillum.

318 3742 600 3798 Caeterum
630 3742 739 3796 hoc
771 3743 940 3798 nobis
972 3745 1152 3800 ﬁxum
1185 3751 1525 3818 certumque
1558 3749 1652 3815 sit,
1675 3756 1739 3804 ut
1767 3767 1970 3805 omnes

319 3831 446 3887 sine
476 3831 597 3886 ulla
627 3833 964 3904 exceptione
996 3850 1264 3889 coronam
1291 3837 1821 3908 adipiscamur,nec
1850 3856 1974 3911 per-

321 3925 555 3976 secutor
604 3920 781 3975 ullam
815 3939 844 3976 e
876 3922 1046 3978 nobis
1075 3930 1296 3995 partem
1351 3926 1621 3996 accipiat,
1649 3944 1714 3982 ac
1759 3929 1975 3984 scelere

315 4015 576 4077 tumens,
610 4010 851 4081 perinde
905 4013 975 4066 de
1009 4031 1122 4067 uno
1157 4019 1434 4085 superato
1483 4015 1781 4086 glorietur,
1816 4035 1878 4072 ac
1927 4018 1976 4073 si

327 4099 590 4155 omnium
642 4101 1033 4156 constantiam
1083 4102 1435 4174 infregisset.
1475 4105 1687 4160 Demus
1718 4121 1976 4176 operam,

327 4192 393 4243 ut
441 4188 936 4259 quemadmodum
993 4195 1144 4257 ortu,
1186 4191 1268 4246 ita
1317 4192 1492 4248 etiam
1542 4200 1728 4249 morte
1774 4195 1981 4250 fratres

401 4312 512 4384 (28)
546 4309 970 4390 ntexdedovro._
997 4314 1173 4390 Coisl.
1209 4317 1234 4370 1
1269 4317 1450 4382 addit,
1501 4316 1575 4377 ὡς
1602 4314 1659 4390 κᾶν
1693 4317 1981 4390 παρατάξει

329 4382 777 4457 παροτρύνοντες,
810 4408 837 4436 ι(
867 4391 930 4441 ut
958 4386 1016 4439 in
1050 4386 1172 4441 acie
1205 4393 1407 4442 mutuo
1439 4405 1500 4443 se
1530 4382 1929 4447 cohortantes:
1952 4413 1980 4441 »

540 4457 666 4509 Μετ’
692 4454 885 4531 αρτζὺν.
920 4459 1180 4531 Quatuor
1209 4459 1345 4531 Reg.
1381 4461 1500 4530 bm,
1539 4481 1670 4531 μετα
1699 4465 1823 4517 τῶν.

398 4403 403 4436 '.
443 4403 777 4457 οτρυνοντες,
810 4408 837 4436 ι(
867 4402 930 4441 ut
958 4403 1016 4439 1n
1050 4403 1172 4441 aole
1205 4402 1407 4442 mutuo
1439 4405 1500 4443 se
1530 4402 1923 4447 conortantes.
1952 4413 1979 4441 »

419 4457 509 4528 29)
540 4457 666 4509 Μετ’
692 4454 885 4510 αὐτῶν.
920 4459 1180 4521 Quatuor
1209 4459 1345 4529 Reg.
1381 4461 1500 4530 bm,
1539 4481 1670 4531 μετα
1699 4465 1823 4517 τῶν.

537 4522 950 4605 ,Περιὲϐαλλολ
1017 4529 1156 4601 Reg.
1225 4530 1345 4600 bm,
1413 4527 1760 4605 περιὲϐαλον.
1827 4534 1979 4602 Par.,

325 4593 785 4672 περιελάμϐανον.

402 4644 944 4747 (3Ῑῑῆδᾶσωμεν...
971 4670 1073 4747 τὴν
1109 4667 1375 4747 διάλυσιν.
1409 4673 1634 4747 Βὶιιὶυε,
1674 4698 1693 4724 α
1733 4691 1980 4747 quamo-
2010 4644 2056 4707 D

330 4741 502 4818 bram;
529 4744 934 4798 necessitatem
967 4742 1024 4798 in
1058 4744 1236 4818 animi
1270 4741 1628 4818 alacritatem
1655 4764 1723 4818 ac
1751 4741 1986 4818 promp-

328 4812 644 4869 titudinem
677 4821 1081 4870 convertemus
1103 4832 1114 4870 :
1140 4816 1586 4872 dissolutionem
1616 4812 1985 4874 eludamusjn

334 4884 763 4958 Pircheimerus
798 4903 809 4940 :
845 4909 872 4936 ‹‹
907 4903 973 4939 ex
1003 4889 1350 4942 necessitate
1381 4887 1627 4958 gloriam
1659 4892 1979 4946 faciamus:

332 4957 534 5011 solerti
554 4958 797 5033 consilio
819 4958 1221 5033 dissolutionis
1238 4957 1445 5014 nostra:
1463 4963 1756 5033 negotium
1774 4961 1986 5016 transi-

332 5043 604 5104 gamus,»
636 5031 867 5104 idest,"
901 5029 1850 5104 honestedecumbamus,alioqui
1885 5049 1984 5088 ne-

333 5102 800 5175 cessariosorius
826 5102 989 5156 ocius
1011 5102 1300 5170 morituri;
1318 5104 1611 5175 sapienter
1635 5102 1982 5174 efﬁciamus,

336 5176 402 5225 ut
431 5172 742 5227 dissolutio
774 5172 831 5225 in
867 5179 1125 5229 nostram
1155 5172 1468 5230 utilitatém
1503 5177 1689 5231 cedat.
1723 5198 1750 5225 ››

406 5242 516 5313 (32)
549 5243 734 5316 Ἡμεῖς
794 5240 849 5296 δὲ
912 5242 1239 5316 ἐπιθήσομεν
1307 5243 1466 5305 τέλος
1530 5251 1646 5307 τοῖς
1717 5243 1986 5316 διωκομέ-

332 5333 470 5390 vom.
509 5317 631 5390 Egeo
664 5317 877 5371 desunt
907 5318 962 5371 in
1010 5318 1274 5387 pluribus
1307 5319 1469 5390 Reg,
1511 5320 1740 5373 duobus
1787 5317 1986 5388 Coisl.,

336 5386 434 5462 Gr.
465 5388 704 5462 2,;Par.,
738 5394 872 5462 οισι,
919 5386 1242 5462 nechvertit
1289 5386 1516 5455 Bittius,
1571 5392 1689 5462 imo
1729 5391 1785 5444 in
1833 5386 1984 5457 Bas.,

339 5458 476 5512 edit.
512 5459 728 5533 Graeca
752 5460 982 5533 delevit.
1013 5460 1549 5533 Vertendaitamen,
1585 5484 1612 5512 ‹‹
1647 5458 1752 5533 nos
1791 5470 1988 5517 autem

341 5531 733 5605 persecutioni
766 5532 940 5587 finem
976 5532 1277 5605 faciamus,
1312 5531 1756 5600 imponamus,»
1789 5534 1846 5588 id
1880 5540 1986 5605 est,

344 5603 678 5678 constantia
709 5609 910 5678 nostra
938 5604 1262 5678 efficiendo,
1287 5609 1350 5658 ut
1376 5605 1560 5678 victus
1593 5612 1876 5678 tyrannus
1907 5603 1991 5661 in-

343 5677 508 5744 cepto
535 5673 977 5743 desistat.Quod
1009 5676 1246 5749 quidem
1277 5677 1422 5734 satis
1452 5673 1776 5735 consonum
1796 5679 1991 5734 verbis

2078 3567 2326 3644 ἀδελφοὶ,
2358 3565 2445 3620 καὶ
2499 3569 2565 3638 τῇ
2612 3564 2835 3640 γενέσει,
2866 3564 2954 3617 καὶ
2985 3567 3052 3636 τῇ
3107 3561 3439 3634 μεταστάσει·
3469 3561 3560 3614 καὶ
3591 3560 3725 3613 πάν-

2080 3679 2190 3728 τες,
2242 3657 2316 3717 ὡς
2367 3657 2461 3721 εἷς,
2515 3651 2965 3725 κινδυνεύσωμεν,
3016 3651 3104 3706 καὶ
3167 3651 3282 3705 ἀντὶ
3339 3651 3554 3704 πάντων
3610 3645 3729 3702 ’ἐκα-

2082 3767 2204 3808 στος
2239 3747 2367 3819 (34).
2424 3741 2707 3816 Ἐλεάζαρ,
2757 3739 3043 3813 ὑπόδεξαι·
3101 3747 3271 3815 μῆτερ
3323 3743 3474 3812 (35),
3529 3737 3730 3793 ἐπακο-

2084 3834 2376 3902 λούθησον·
2418 3830 2802 3908 Ἰερουσαλήμ,
2860 3830 3025 3903 θάψον
3085 3828 3212 3891 τοὺς
3266 3829 3459 3896 ἑαυτῆς
3507 3825 3730 3901 νεκροὺς

2090 3923 2542 4000 μεγαλοπρεπῶς,
2601 3923 2659 3976 ἄν
2717 3941 2768 3974 τι
2826 3925 2944 3981 τοῖς
3003 3917 3193 3995 τάφοις
3251 3915 3723 3992 ὑπολειφθῇὢϐ).

2088 4016 2293 4087 Διηγοῦ
2349 4013 2416 4065 τὰ
2473 4009 2735 4084 ἡμέτερα,
2794 4007 2883 4062 καὶ
2942 4013 3056 4069 τοῖς
3109 4007 3325 4079 ὕστερον
3374 4003 3550 4060 δείκνυ
3600 4007 3732 4077 (37),

2089 4101 2178 4158 καὶ
2208 4107 2324 4162 τοῖς
2379 4105 2495 4161 σοῖς
2539 4099 2784 4174 ἐρασταῖς
2830 4098 2892 4151 τὸ
2939 4103 3041 4165 τῆς
3091 4101 3214 4168 μιᾶς
3262 4094 3492 4170 γαστρὸς
3524 4087 3734 4153 εὐσεϐὲς

2091 4187 2454 4262 πολυάνδριον
2488 4190 2620 4261 (38).
2653 4213 2674 4240 ιο

2092 4335 2219 4390 quae
2251 4316 2608 4390 praecedunt,
2641 4311 2961 4390 ἀπογνώτω,
2993 4315 3102 4366 etc.

2164 4381 2272 4458 (33.)
2304 4392 2512 4458 Ἔσται,
2549 4381 2907 4458 Punicae.“
2948 4381 2954 4382 ί
3181 4451 3246 4458 ___
3331 4457 3336 4458 γ
3651 4449 3660 4458 _

2164 4393 2251 4456 (33
2304 4393 2512 4452 Ἔσται,
2549 4393 2698 4450 Pan,
2721 4393 2880 4438 εστω.
3651 4449 3660 4458 _

2163 4393 2573 4548 (Βίλλξίειὶηάντῖ
2595 4448 3734 4548 ,πάχτφῖ.,ετξξεῐτοςι,ἓίῖεἱιξῖιξξρίὶπὶιςὶ³

2095 4520 2225 4605 ὑπὲρ
2258 4520 2547 4605 ’ἀλλήλων
2584 4525 3032 4605 ἀποθνήσκοντες.
3067 4547 3094 4573 ‹‹
3129 4524 3229 4580 alii
3261 4541 3363 4595 pro
3397 4520 3546 4592 aliis,
3579 4520 3738 4590 quis-

2094 4598 2206 4676 que
2238 4598 2646 4682 proomnibus
2677 4598 2977 4682 moriatur.
3012 4617 3098 4682 ir”
3255 4667 3265 4682 Ι

2188 4667 2277 4747 35)
2309 4675 2519 4747 Mﬁ-rep.
2552 4673 2642 4747 Sic
2673 4677 2836 4747 Eass.
2869 4670 2926 4747 in
2962 4667 3396 4747 editis,_pr;mp.

2305 4736 2650 4820 Ὑπολειφθῇ.
2685 4743 2870 4820 Passi,
2904 4736 3234 4820 ἀπολειφθῇ.

2189 4806 2277 4880 37)
2309 4815 2513 4869 Δείκνυ.
2534 4806 2712 4871 Ῥὰεε.
2746 4819 2803 4869 et
2834 4806 2986 4880 Pan,
3019 4806 3240 4863 δείκνυε.
3312 4878 3322 4880 μ
3561 4872 3573 4880 _
3601 4870 3636 4880 η

2189 4821 2255 4871 37
2309 4821 2513 4869 Δείκνυ.
2548 4821 2712 4871 Pass.
2746 4821 2803 4869 et
2834 4821 2982 4874 Palu,
3019 4821 3240 4863 δείκνυε.
3628 4870 3636 4880 .

2188 4821 2277 4959 38)
2308 4884 2700 4960 Ιίολυάνδριονῌ.
2753 4879 3094 4960 ξιοᾼυάνδριᾳ
3123 4878 3440 4960 _sunt_loca
3481 4870 3736 4945 publica,

2095 4951 2194 5015 ubi
2229 4951 2511 5032 pauperes
2528 4951 3062 5032 etrinferioriscond
3078 4953 3272 5032 itionis
3291 4951 3739 5032 homines-com:

2096 5015 2891 5103 mun‘iter‘sepeliebanturmt
2908 5027 3059 5103 ben_e_
3075 5026 3298 5103 monuit
3321 5018 3655 5103 Perizonius
3673 5015 3742 5103 ad

2096 5104 2303 5159 Elian.
2359 5091 2462 5159 Va}
2518 5104 2646 5157 hist.
2698 5091 2812 5164 xu,
2859 5101 2950 5171 21.
3003 5098 3183 5171 Livio,
3217 5111 3432 5171 VXXILIII,
3473 5093 3548 5171 _6,
3607 5091 3748 5171 augt

2098 5158 2128 5226 ε
2159 5175 2395 5231 tumuli.
2426 5197 2454 5226 ››
2488 5175 2654 5229 Bsahr
2705 5158 3105 5227 ad'Plutarcb.
3147 5169 3244 5222 Vit.
3298 5158 3566 5231 Flauum,
3594 5178 3650 5232 p.
3680 5158 3750 5214 95

2099 5265 2186 5317 sq.
2221 5250 2335 5302 Cur
2365 5251 2560 5302 autem
2591 5246 2687 5300 hic
2710 5237 3078 5317 πολυάνδριον
3094 5237 3570 5317 dixeritnoster,
3593 5245 3750 5317 more

2100 5307 2566 5391 paganorumet
2613 5307 3063 5391 Judaeorum'fv.
3092 5310 3231 5365 Biel.
3284 5307 3751 5391 “eranum-sax),

2099 5375 2212 5471 non
2247 5389 2636 5471 κοιμητήριον,
2662 5404 2823 5471 more
2853 5375 3341 5471 Christianorum,
3358 5375 3753 5471 patebitt‘ibi,

2099 5462 2145 5516 si
2179 5450 2518 5518 memineris
2548 5450 2904 5530 Macbabazos
2933 5456 3167 5530 Judaeos
3195 5453 3400 5530 fuisse.
3438 5450 3613 5530 begas
3637 5462 3756 5501 om-

2100 5534 2235 5588 nino
2287 5534 2343 5587 S.
2397 5530 2792 5602 Cbrysostomi
2842 5526 3143 5602 homiliam
3192 5525 3249 5602 in
3300 5520 3756 5602 appellationem

2100 5629 2126 5655 (ι
2158 5591 2534 5673 οωωοιεῐιὶί,›ἶ
2565 5609 2602 5659 t.
2638 5603 2708 5674 ll,
2742 5621 2797 5674 p.
2829 5601 2930 5655 397
2965 5615 3053 5670 sq.
3078 5599 3168 5654 ed.
3199 5591 3752 5651 Montfaucon.Luu.

2102 5694 2171 5733 ne
2201 5677 2438 5733 Smnsa.
