4094 6288
249 398 372 461 935

1085 399 1372 461 ORATIO
1416 400 1546 463 XV.
1582 432 1659 444 -—
1688 398 1765 461 IN
1816 394 2445 458 MACHABJEORUM
2489 394 2837 458 LAUDEM.

3541 392 3661 453 926

250 545 664 603 appareamus.
698 529 915 585 Omnes
946 533 1230 603 tanquam
1260 548 1438 598 unus,
1465 534 1522 586 et
1550 528 1769 602 singuli
1799 532 2078 599 tanquam
2111 543 2316 583 omnes
2346 526 2669 599 periculum
2701 528 3042 583 subeamus.
3068 525 3358 595 Eleazaro,
3389 523 3658 596 suscipe;

251 624 460 689 mater,
493 635 766 687 sequere;
797 618 1144 686 Jerusalem,
1181 624 1439 675 mortuos
1488 623 1620 674 tuos
1670 616 1982 688 magnifica
2013 615 2313 688 sepultura
2362 616 2547 685 alﬁce,
2582 616 2630 671 si
2680 614 2821 687 quid
2872 619 3068 669 tamen
3121 612 3412 685 reliquum
3461 612 3658 677 fuerit,

248 709 408 780 quod
450 707 767 780 sepulturae
817 710 1085 763 mandari
1136 710 1341 781 possit.
1374 709 1485 764 Res
1533 711 1771 763 nostras
1813 721 2225 773 commemora,
2260 706 2651 777 posterisque,
2679 721 2745 760 ae
2794 704 2881 759 tui
2929 703 3236 770 studiosis,
3268 701 3430 773 pium
3466 703 3658 758 unius

245 796 469 851 ventris
501 796 886 867 sepulcretum
914 798 1174 852 ostende.
1207 820 1234 846 ››

320 884 400 939 H'.
435 884 497 937 Oi
549 884 643 956 μὶν
678 882 742 953 δὴ
776 889 943 938 ταῦτα
971 885 1060 938 καὶ
1111 884 1371 951 εἰπόντες,
1429 885 1518 939 καὶ
1575 883 1890 959 πράξατνες,

2077 884 2222 939 VIII.
2256 886 2390 950 Quae
2423 901 2556 939 cum
2587 883 2875 939 dixissent
2904 898 2968 937 ac
3017 881 3294 953 egissent,
3328 896 3528 953 seque,
3558 897 3659 937 ve-

244 972 337 1026 καὶ
370 972 442 1033 ὡς
473 977 611 1026 συῶν
647 970 861 1033 ὀδόντες
893 971 1179 1042 ἀλλήλους
1210 974 1461 1043 θήξαντες
1516 972 1567 1028 ἐν
1626 972 1770 1043 τάξει
1798 978 1898 1040 τῆς

244 1058 490 1130 ἡλικίας,
552 1061 640 1115 καὶ
703 1060 911 1130 ἰσότητι
958 1068 1058 1130 τῆς
1102 1061 1430 1136 προθυμίας,
1498 1059 1895 1135 διεκαρτέρουν.

242 1145 442 1218 Ἡδονὴ
473 1148 560 1204 καί
592 1154 771 1222 θαῦμα
808 1156 925 1212 τοῖς
960 1150 1267 1228 ὁμοφύλοις
1293 1171 1305 1182 ο
1367 1145 1534 1223 φόϐος
1593 1149 1681 1205 καὶ
1740 1149 1900 1203 κατά-

244 1237 451 1310 πληξις
622 1244 738 1299 τοῖς
770 1236 1080 1310 διώκουσιν,
1115 1239 1167 1294 οἳ
1196 1240 1330 1294 κατὰ
1358 1240 1552 1301 παντὸς
1576 1238 1676 1294 τοῦ
1714 1235 1895 1298 ἔθνους

247 1327 685 1402 στρατεύσαντες,
717 1326 965 1405 ἀδελφῶν
1009 1327 1143 1383 ἰπτᾶ
1198 1329 1512 1403 συμψυχίας
1564 1329 1696 1404 ὑπὶρ
1746 1327 1897 1383 εὐσε-

246 1413 402 1479 ϐείας
425 1418 839 1491 ἀγωνιζομένων
878 1421 1010 1491 (40),
1063 1423 1317 1473 τοσοῦτον
1367 1420 1702 1488 ἡττήθησαν,
1760 1415 1898 1470 ὥστε

250 1504 396 1580 μηδὲ
439 1507 560 1582 περὶ
590 1511 697 1561 τῶν
729 1506 914 1562 ἄλλων
947 1505 1092 1583 ἔχειν
1125 1505 1201 1562 ἔτι
1233 1508 1477 1583 χρηστὰς
1506 1509 1601 1569 τὰς
1646 1502 1892 1567 ἰλπίδας.

245 1597 314 1653 Ἠ
342 1592 399 1649 δὶ
423 1595 638 1670 γενναία
690 1598 895 1670 μήτηρ,
945 1597 1034 1650 καὶ
1086 1591 1255 1659 ὅντως
1294 1596 1509 1651 ἐκείνων
1561 1600 1666 1650 τῶν
1699 1593 1895 1649 τοσού-

241 1706 356 1740 των
405 1684 495 1738 καὶ
553 1684 815 1739 τοιούτων
862 1685 965 1753 τήν
1014 1685 1232 1762 ἀρετήν,
1289 1686 1380 1740 τὸν
1436 1684 1569 1760 μέγα
1596 1688 1693 1739 τοῦ
1722 1682 1895 1755 νόμου

243 1772 467 1849 θρέμμα
497 1774 585 1828 καὶ
640 1772 1051 1850 μεγαλόψυχον,
1099 1777 1234 1837 τέως
1286 1776 1378 1848 μὲν
1427 1779 1574 1850 χαρᾷ
1621 1773 1709 1827 καὶ
1739 1767 1895 1850 φόϐῳ

243 1861 557 1934 σύμμικτος
613 1864 701 1935 ἦν,
760 1864 849 1917 καὶ
907 1861 1002 1918 δύο
1059 1866 1170 1937 (41)
1217 1866 1400 1918 παθῶν
1450 1863 1501 1917 ἐν
1539 1862 1893 1937 μεταιχμίῳ·

243 1955 414 2026 χαρᾷ,
449 1948 537 2004 διὰ
565 1952 664 2019 τήν
717 1950 960 2027 ἀνδρείαν
1013 1952 1099 2006 καὶ
1143 1953 1210 2006 τὰ
1268 1952 1518 2027 ὁρώμενα
1545 1970 1557 1983 ·
1601 1946 1777 2029 φόϐῳ,
1809 1948 1898 2005 διὰ

242 2040 310 2093 τὸ
344 2037 574 2112 μὲλλον,
604 2040 692 2093 καὶ
722 2041 820 2108 τὴν
854 2036 1164 2115 ὑπερϐολὴν
1196 2045 1302 2094 τῶν
1336 2039 1613 2095 κολάσεων
1647 2060 1658 2072 ·
1698 2039 1787 2094 καὶ
1821 2039 1897 2100 ὡς

243 2126 502 2189 νεοσσοὺς
532 2130 642 2200 (42)
672 2126 842 2203 ὄρνις,
892 2123 1068 2207 ὄφεως
1111 2128 1604 2205 προσερπύζοντος,
1654 2126 1691 2197 ἤ
1748 2148 1896 2189 τινος

246 2213 428 2272 ἄλλου
458 2220 566 2271 τῶν
597 2212 929 2286 ἐπιϐούλων,
962 2218 1303 2293 περιίπτατο,
1345 2219 1705 2293 περιέτρυζεν,
1750 2218 1899 2286 ἠντι-

1928 2262 1976 2327 Β

2010 970 2100 1027 lut
2130 988 2405 1043 aprorum
2437 973 2661 1042 dentes,
2693 972 2938 1026 invicem
2986 970 3301 1036 acuissent,
3336 986 3438 1042 pro
3469 969 3661 1025 atatis

2008 1061 2212 1116 ordine
2261 1062 2532 1133 quisque.
2586 1062 2644 1115 in
2694 1062 2898 1116 eadem
2956 1059 3137 1115 animi
3196 1059 3661 1131 promptitudine

2006 1150 2475 1221 perseverabant.
2507 1151 2695 1221 Atque
2722 1166 2790 1205 ea
2817 1165 2908 1204 res
2939 1154 3005 1204 ut
3034 1146 3463 1204 contribulibus
3503 1146 3664 1203 volu-

2007 1242 2226 1310 ptatem
2258 1244 2315 1293 et
2346 1238 2793 1295 admirationem
2843 1237 3155 1303 aflerebat;
3186 1236 3267 1292 ita
3300 1242 3456 1292 metu
3488 1240 3664 1309 atque

2004 1332 2223 1384 terrore
2253 1333 2687 1400 persecutorum
2713 1328 2940 1383 animos
2962 1325 3504 1397 consternabat,qui
3526 1341 3661 1381 cum

2006 1418 2432 1488 expeditionem
2458 1417 2856 1488 suscepissent
2884 1416 3163 1471 adversus
3187 1413 3517 1470 universam
3554 1430 3659 1469 na-

2005 1506 2245 1576 tionem,
2292 1524 2325 1561 a
2372 1512 2593 1578 septem
2646 1505 2944 1572 fratribus,
2993 1504 3265 1560 concordi
3316 1504 3511 1559 animo
3558 1520 3666 1575 pro

2006 1596 2219 1667 pietate
2272 1596 2712 1665 dimicantibus,
2744 1596 2826 1650 ita
2869 1593 3037 1649 facile
3092 1593 3351 1665 superati
3398 1597 3559 1658 sunt,
3598 1597 3667 1648 ut

1998 1687 2123 1757 jam
2157 1702 2229 1740 ne
2253 1686 2324 1740 de
2369 1685 2593 1740 caeteris
2623 1685 2863 1755 quidem
2914 1700 3075 1754 spem
3109 1681 3301 1737 latam
3352 1681 3662 1737 baberent-

2004 1777 2076 1830 At
2121 1790 2255 1829 vero
2304 1779 2546 1829 strenua
2594 1780 2799 1841 mater,
2833 1777 2892 1828 et
2936 1788 3068 1827 vere
3116 1770 3352 1827 illorum
3404 1774 3568 1825 tanta
3607 1773 3666 1825 et

2004 1863 2106 1919 tali
2138 1864 2350 1918 virtute
2381 1864 2757 1935 praediterum
2789 1878 3017 1933 parens,
3059 1859 3179 1931 illa,
3216 1861 3482 1930 inquam,
3516 1875 3664 1930 pra-

2006 1951 2163 2007 clara
2193 1956 2249 2006 et
2300 1951 2673 2023 magnanima
2724 1949 2869 2021 legis
2916 1948 3181 2014 alumna,
3215 1949 3377 2019 prius
3423 1947 3664 2018 quidem

2004 2041 2216 2114 gaudio
2247 2041 2423 2095 simul
2457 2057 2523 2096 ac
2553 2039 2763 2095 timore
2794 2037 3181 2105 afﬁciebatur,
3216 2041 3272 2092 et
3304 2035 3474 2092 anxia
3511 2036 3663 2092 duos

2007 2130 2158 2185 inter
2188 2130 2429 2185 affectus
2458 2127 2734 2183 herebat.
2769 2126 2917 2182 Nam
2949 2130 3014 2181 ut
3042 2141 3245 2181 eorum
3294 2123 3659 2192 fortitudine,

2009 2222 2183 2288 atque
2242 2217 2315 2272 iis
2372 2234 2499 2289 quae
2556 2215 2829 2273 cernebat
2886 2215 3041 2270 294
3096 2213 3533 2279 delectabatur;
3582 2212 3666 2269 ita

249 2299 433 2373 ϐόλει,
481 2306 898 2380 συνηγωνίζετο,
952 2306 1005 2360 τί
1068 2307 1161 2379 μὶν
1222 2306 1284 2361 ού
1338 2306 1603 2383 λέγουσα;
1662 2306 1715 2360 τί
1747 2304 1804 2360 δὲ
1834 2304 1896 2359 ού

2017 2324 2236 2372 rursus,
2267 2322 2401 2362 eum
2454 2306 2743 2361 incertum
2777 2319 2985 2376 pugna:
3034 2305 3305 2359 eventum
3349 2300 3663 2357 incredibi-

247 2393 561 2470 πράττουσα
613 2398 721 2448 τῶν
780 2396 917 2469 πρὸς
974 2394 1126 2466 νίκην
1184 2395 1623 2473 ἆπαλειφόντων;
1656 2396 1898 2468 Ἠρπαζε

247 2483 346 2545 τὰς
406 2481 618 2559 ῥανίδας
670 2488 768 2538 τοῦ
826 2482 1075 2556 αἶ’ματος,
1137 2482 1439 2560 ὑπεδάχετο
1495 2484 1561 2540 τὰ
1593 2484 1901 2556 λακίσματα

249 2577 361 2626 τῶν
423 2572 626 2645 μελῶν,
685 2572 999 2648 προσεκύνει
1056 2576 1123 2627 τὰ
1182 2572 1444 2647 λείψαναο
1503 2573 1594 2627 τὸν
1649 2573 1744 2645 μὶν
1778 2593 1899 2626 συν-

254 2660 430 2737 έλεγε,
476 2663 566 2717 τὸν
617 2659 675 2716 δὲ
720 2659 1034 2736 παρεδίδου,
1085 2663 1176 2717 τὸν
1228 2660 1284 2717 δὲ
1326 2665 1736 2739 παρεσκεύαζεν.
1772 2664 1902 2717 Ἐπ-

254 2751 445 2827 εφώνει
477 2756 658 2809 πᾶσιν.
695 2774 724 2804 ‹‹
773 2751 929 2827 Εὖγε,
972 2753 1017 2807 ὦ
1046 2749 1254 2820 παῖδες,
1289 2750 1429 2829 εὖγε,
1461 2752 1697 2828 ἀριστεῖς
1755 2751 1900 2824 ἐμοὶ,

254 2839 396 2913 εὖγε,
428 2840 708 2912 ἀσώματοι
739 2838 933 2916 σχεδὸν
990 2840 1039 2895 ἐν
1100 2842 1362 2913 σώμασιν,
1420 2842 1558 2917 εὖγε,
1607 2842 1901 2915 προστάται

253 2933 353 2981 τοῦ
383 2928 591 2999 Νόμου,
622 2928 710 2983 καὶ
740 2937 841 2998 τῆς
870 2930 1007 3003 ἐμῆς
1039 2929 1261 3001 πολιᾶς,
1292 2930 1383 2985 καὶ
1408 2939 1507 3000 τῆς
1558 2928 1899 3006 θρεψαμένης

257 3017 398 3088 ὑμᾶς
461 3018 571 3088 (43)
629 3014 844 3078 πόλεως
900 3019 988 3072 καὶ
1049 3019 1123 3081 εἷς
1196 3017 1321 3074 τόδε
1380 3020 1575 3095 ἀρετῆς
1634 3018 1904 3093 προαγού-

254 3124 357 3173 σης
390 3106 523 3177 (44).
571 3110 686 3158 Ἔτι
741 3106 951 3181 μικρὸν,
1003 3108 1091 3161 καὶ
1136 3110 1514 3180 νενικήκαμεν.
1556 3110 1901 3180 Κεκμήκασιν

253 3192 307 3247 οἱ
352 3193 684 3269 βασανισταὶ,
735 3199 895 3249 τοῦτο
947 3191 1222 3273 φοϐοῦμαι
1276 3197 1461 3269 μόνον.
1512 3201 1631 3252 Ἒτι
1686 3196 1901 3271 μικρὸν,

249 3283 342 3338 καὶ
378 3284 611 3359 μακαρία
646 3284 741 3358 μὲν
777 3284 828 3340 ἐν
862 3286 1125 3361 μητράσιν
1156 3287 1282 3363 ἐγὼ,
1320 3289 1576 3361 μακάριοι
1634 3285 1690 3341 δὶ
1749 3287 1904 3360 ὑμεῖς

252 3373 306 3430 ἐν
337 3374 499 3436 νὲοις.
534 3373 712 3430 Ἀλλὰ
738 3378 954 3431 ποθεῖτε
984 3379 1081 3445 τήν
1118 3378 1327 3453 μητὲρα
1355 3399 1367 3449 ;
1392 3377 1501 3433 Οὐκ
1529 3376 1903 3451 ἀπολείψομαι

256 3461 409 3535 ὑμῶν
441 3463 567 3537 (45),
596 3460 759 3517 τοῦτο
794 3463 919 3537 ὑμῖν
954 3465 1341 3541 ἑπισχνοῦμαιο
1376 3465 1439 3521 οὐ
1472 3465 1643 3529 οὕτως
1676 3464 1781 3542 ἐγὼ
1815 3487 1904 3539 μι-

256 3550 529 3613 σότεκνος,
564 3574 593 3603 ››

2006 2395 2237 2468 lemque
2268 2400 2693 2451 tormentorum
2746 2391 3211 2465 magnitudinem
3245 2406 3445 2447 secum
3490 2405 3663 2462 repu-

2012 2491 2177 2555 taret,
2209 2486 2420 2539 timore
2467 2484 2828 2556 angebatur;
2862 2498 2927 2536 ae
2959 2480 3204 2553 proinde
3256 2478 3449 2551 pullos
3500 2496 3666 2536 suos.

2011 2592 2123 2630 non
2159 2591 2327 2630 secus
2360 2581 2534 2644 atque
2564 2571 2811 2636 avicula,
2847 2573 3149 2642 arrepente
3179 2584 3388 2639 angue,
3422 2572 3523 2622 aut
3554 2566 3668 2622 alia

2012 2664 2289 2736 quapiam
2338 2662 2623 2717 insidiosa
2671 2661 2810 2725 fera,
2845 2657 3321 2725 circumvolabat,
3356 2656 3661 2712 stridebat.

2012 2754 2501 2817 obsecrabat,una
2526 2766 2658 2806 eum
2688 2749 2836 2821 ipsis
2866 2748 3145 2804 certabat.
3171 2746 3316 2812 Quid
3353 2746 3509 2800 enim
3540 2748 3668 2799 tum

2010 2845 2205 2913 verbo,
2238 2848 2361 2897 tum
2413 2856 2588 2912 opere
2616 2856 2732 2895 non
2779 2838 2914 2910 egit,
2950 2842 3015 2892 ut
3061 2836 3192 2891 illos
3240 2836 3311 2890 ad
3363 2833 3669 2890 victoriam

2012 2934 2332 3005 paratiores
2382 2929 2809 2999 alacrioresque
2860 2924 3171 2982 redderet?
3201 2923 3436 2981 Cruoris
3472 2926 3672 2994 guttas

2012 3021 2295 3093 rapiebat,
2332 3020 2657 3090 fragmenta
2712 3016 3109 3071 membrorum
3158 3012 3499 3083 excipiebat,
3531 3009 3668 3066 reli-

2014 3109 2184 3181 quias
2214 3105 2636 3170 venerabatur;
2660 3104 2818 3159 hunc
2846 3100 3175 3172 colligebat,
3212 3099 3376 3154 illum
3411 3098 3666 3170 porrige-

2012 3198 2133 3267 bat,
2166 3195 2346 3251 alium
2377 3194 2637 3266 parabat.
2670 3191 2959 3248 Omnibus
2988 3189 3348 3246 acclamabat
3378 3205 3391 3243 :
3426 3210 3455 3239 «
3488 3188 3668 3259 Euge,

2013 3286 2118 3341 ﬁlii
2151 3284 2286 3347 mei.
2319 3300 2484 3355 euge,
2518 3282 2740 3339 strenui
2774 3280 2887 3336 mei
2921 3279 3159 3345 milites,
3192 3295 3358 3350 euge,
3380 3278 3437 3332 in
3473 3292 3677 3348 corpo-

2015 3376 2179 3432 ribus
2209 3374 2389 3429 ferme
2418 3362 2944 3441 incorporei,euge,
2980 3367 3141 3440 legis,
3163 3382 3438 3438 canisque
3469 3380 3675 3422 senec-

2015 3465 2160 3521 tutis
2210 3480 2373 3527 meae,
2406 3466 2581 3532 atque
2628 3458 2899 3526 civitatis,
2946 3473 3076 3530 qua)
3121 3473 3223 3512 vos
3272 3454 3444 3521 aluit,
3498 3458 3555 3509 et
3603 3454 3674 3508 ad

2016 3570 2145 3611 eam
2176 3551 2406 3607 virtutis
2452 3548 2922 3621 magnitudinem
2976 3545 3185 3615 evexit,
3239 3543 3579 3615 praesidium
3609 3558 3676 3597 ac

255 3644 790 3717 propugnaculum.
826 3645 1137 3703 Paululum
1184 3649 1387 3719 adhuc,
1420 3653 1478 3704 et
1506 3649 1777 3704 vicimus.
1810 3646 2212 3719 Defatigantur
2238 3643 2561 3707 carniﬁces,
2595 3641 2705 3696 hoc
2755 3655 2939 3695 unum
2989 3637 3327 3693 extimesco.
3360 3632 3671 3689 Paululum

257 3734 472 3800 adhuc,
507 3737 563 3788 et
591 3750 697 3806 ego
734 3735 883 3789 inter
914 3736 1187 3792 mulieres
1234 3739 1424 3804 beata,
1458 3742 1516 3792 et
1542 3755 1645 3794 vos
1692 3737 1843 3792 inter
1872 3736 2272 3792 adolescentes
2302 3732 2476 3788 beati.
2510 3735 2580 3784 At
2612 3731 2858 3785 fortasse
2911 3728 3118 3783 matris
3168 3741 3268 3780 vos
3316 3723 3672 3780 desiderium

257 3822 464 3893 angit?
494 3823 876 3893 Nequaquam
906 3841 1007 3879 vos
1038 3826 1327 3892 deseram,
1390 3827 1494 3881 hoc
1552 3828 1712 3882 vobis
1746 3825 2020 3896 polliceor
2054 3843 2066 3879 :
2106 3841 2219 3878 non
2255 3828 2375 3877 tam
2408 3820 2621 3875 liberos
2654 3834 2816 3873 meos
2846 3817 2963 3872 odi.
2998 3838 3026 3865 ››

330 3911 402 3964 Θ’.
436 3909 584 3962 Ἑπεῖ
617 3906 675 3962 δὲ
719 3907 1081 3973 τελεωθέντας
1129 3910 1265 3966 εἶδεν
1314 3914 1447 3985 (46),
1493 3913 1582 3966 καὶ
1632 3914 1698 3966 τὸ
1732 3913 1901 3989 ἀσφα-

2088 3912 2177 3967 ΙΧ.
2215 3911 2527 3981 Postquam
2562 3912 2757 3961 autem
2790 3921 2993 3961 omnes
3028 3901 3304 3974 martyrio
3338 3901 3677 3973 perfunctos

255 3996 347 4060 λὶς
381 3997 524 4073 εἶχεν
560 3997 609 4052 ἐν
640 4004 741 4067 τῆς
771 3997 1245 4075 συμπληρώσεως,
1279 3999 1505 4075 διάρασα
1531 4002 1629 4069 τὴν
1659 3999 1904 4078 κεφαλὴν

257 4084 408 4158 μάλα
464 4085 727 4164 φαιδρῶς,
787 4086 966 4163 ὥσπερ
1022 4108 1105 4150 τις
1161 4091 1274 4163 (47)
1330 4088 1790 4161 Ὀλυμπιονίκης,
1848 4088 1901 4144 ἐν

256 4173 458 4247 ὑψηλῷ
503 4180 581 4247 τῷ
628 4178 933 4252 φρονήματι
978 4180 1111 4251 (48),
1143 4176 1233 4232 καί
1261 4181 1356 4241 τὰς
1386 4184 1576 4255 χεῖρας
1606 4178 1903 4252 ἐκτείνασα,

259 4260 471 4339 μεγάλῃ
524 4266 614 4318 καὶ
674 4263 901 4341 λαμπρᾷ
973 4270 1042 4340 τῇ
1098 4270 1272 4345 φωνῆ·
1334 4292 1361 4319 ι(
1422 4268 1749 4345 Εὐχαριστῶ
1797 4289 1902 4340 σοι,

259 4351 418 4427 φησὶ,
475 4354 646 4426 Πάτερ
706 4354 841 4430 ἅγιε,
897 4355 988 4409 καὶ
1046 4356 1153 4425 σοὶ,
1186 4354 1446 4412 παιδευτᾶ
1475 4358 1629 4431 νόμε,
1678 4359 1767 4412 καὶ
1821 4357 1907 4413 σοὶ

259 4443 429 4515 πάτερ
459 4444 618 4515 ἡμῶν
678 4442 766 4497 καὶ
796 4447 1175 4519 προαγωνιστὰ
1231 4451 1339 4500 τῶν
1393 4448 1591 4501 τέκνων
1641 4451 1748 4502 τῶν
1799 4452 1905 4502 σῶν

260 4529 548 4606 Ἐλεάζαρ,
600 4530 682 4586 ὅτι
738 4533 827 4587 τὸν
887 4536 994 4586 τῶν
1055 4533 1200 4606 ἐμῶν
1250 4533 1457 4590 ὠδίνων
1513 4537 1717 4611 καρπὸν
1777 4557 1912 4614 παρ-

261 4616 527 4693 εδέξασθε,
595 4620 684 4675 καὶ
733 4619 814 4675 ὅτι
867 4623 1051 4694 μήτηρ
1103 4622 1366 4698 ἐγενόμην
1412 4629 1596 4679 πασῶν
1661 4624 1910 4700 μητέρων

258 4708 541 4786 ἱερωτέρα.
593 4708 760 4767 Οὐδὲν
791 4709 1139 4784 ὑπελιπόμην
1167 4714 1278 4785 (49)
1322 4713 1537 4788 κόσμῳ,
1570 4713 1742 4769 πάντα
1797 4717 1913 4787 Θεῷ

357 4870 446 5010 39)
478 4867 843 4939 Κατάπληξκ.
882 4872 941 4926 In
974 4870 1126 4937 aliis,
1154 4871 1521 4947 παράπληξις.

358 4941 427 4994 40
475 4941 632 5010 Ὑπὲρ
664 4936 931 5002 εὐσεϐείας
980 4943 1422 5010 ἀγωνιζομᾶνων.
1456 4947 1521 5002 He

475 4941 632 5017 Ὑπὲρ
664 4936 931 5017 εὐσεϐείας
980 4936 1586 5017 ἀγωνιζομένωνξἯωο
1616 4947 1829 5002 desunt
1858 4944 1917 5001 in

264 5010 534 5084 pluribus
559 5010 727 5084 Reg,
759 5014 931 5071 Coisl.
964 5010 1148 5080 2,'Or.
1172 5010 1304 5072 ’2'et
1334 5018 1461 5073 Par.

337 5083 445 5151 (41)
476 5083 573 5136 Καὶ
597 5081 722 5162 διδ,
748 5091 854 5141 etc.
888 5085 1113 5162 Billius,
1150 5111 1177 5138 «
1209 5094 1385 5162 atque
1418 5090 1479 5144 in
1510 5090 1759 5145 duorum
1781 5088 1916 5144 affe-

263 5158 467 5228 ctuum
502 5158 753 5228 conﬁnio
787 5158 977 5228 posita
1008 5164 1150 5214 erat.
1187 5182 1215 5209 »

268 5226 453 5310 m(42)
485 5226 581 5279 Καὶ
632 5227 705 5288 ὡς
749 5226 1022 5310 νεοσσούς,
1044 5236 1181 5310 εἰς.
1217 5231 1417 5310 Billius
1452 5249 1465 5286 :
1500 5255 1528 5282 «
1563 5248 1629 5287 ae
1678 5230 1923 5310 proinde

265 5295 543 5367 illos,non
577 5316 745 5374 secus
766 5304 943 5374 atque
969 5295 1213 5370 avicula,
1231 5304 1423 5374 pullos
1444 5320 1583 5360 suos
1608 5295 1923 5373 arripiente

266 5377 663 5452 apgue,.»_etc.
697 5372 859 5452 Hanc
889 5372 1337 5452 similitudinem
1369 5376 1690 5452 Gregorius
1714 5372 1923 5446 sump-

266 5442 419 5515 sisse
448 5442 683 5515 videtur
711 5444 781 5498 ab
814 5443 1085 5511 Homero,
1118 5447 1275 5515 Iliad.
1314 5465 1375 5515 ιι,
1408 5442 1557 5504 vers.
1590 5448 1696 5504 315
1729 5464 1741 5501 :

266 5513 466 5585 Μήτηρ
550 5513 596 5568 δ’
674 5515 1029 5592 ἀμφεποτᾶτο
1113 5513 1423 5590 ἀδυρομὲνη
1504 5517 1640 5596 φίλα
1721 5513 1926 5596 τέκνα,

1816 5592 1923 5643 etc.

270 5658 452 5712 Mater
507 5662 697 5713 autem
753 5658 1205 5729 circumvolabat,
1239 5660 1427 5731 lugens
1483 5662 1705 5718 dilectos
1762 5590 1923 5731 ﬂigi):

1793 5734 1926 5801 lete.

2012 4014 2346 4069 esse,seque
2376 3998 2448 4052 ob
2480 4012 2681 4052 eorum
2716 3998 2962 4050 mortem
2998 3997 3158 4047 metu
3187 3989 3345 4045 omni
3370 3989 3676 4044 liberatam

2009 4089 2175 4153 vidit,
2206 4093 2331 4142 tum
2381 4102 2514 4141 vero
2544 4088 2736 4140 erecto
2780 4083 2991 4154 capite,
3028 4080 3259 4152 ingenti
3307 4094 3441 4133 cum
3474 4076 3679 4133 hilari-

2012 4182 2152 4247 tate,
2184 4192 2299 4233 non
2349 4191 2521 4231 secus
2568 4190 2635 4229 ac
2682 4171 2977 4244 quispiam
3033 4170 3094 4224 in
3148 4167 3434 4241 Olympiis
3477 4166 3679 4231 vietor,

2015 4266 2252 4325 sublimi
2312 4264 2529 4329 animo,
2575 4262 2946 4331 extensisque
3000 4258 3297 4325 manibus,
3346 4271 3560 4327 magna
3614 4257 3675 4310 et

2016 4357 2173 4413 clara
2213 4370 2351 4411 voce
2407 4353 2527 4408 hac
2576 4352 2754 4407 verba
2800 4348 3010 4405 habuit
3044 4364 3058 4401 :
3091 4369 3121 4397 «
3153 4345 3382 4401 Gratias
3410 4344 3517 4399 tibi
3549 4359 3677 4416 ago,

2018 4446 2189 4503 Pater
2226 4447 2449 4511 sancte,
2482 4447 2541 4497 et
2568 4440 2696 4505 tibi,
2730 4438 3016 4511 magistra
3047 4436 3157 4504 lex,
3190 4434 3438 4506 tibique,
3473 4448 3683 4504 parens

2018 4540 2218 4593 noster
2245 4537 2298 4588 et
2335 4531 2589 4587 ﬁliorum
2619 4535 2855 4585 tuorum
2887 4528 2947 4581 in
2979 4523 3301 4582 certamine
3350 4528 3684 4577 antecessor

2022 4625 2312 4687 Eleazaro,
2347 4622 2625 4693 quoniam
2675 4632 2942 4673 meorum
2978 4616 3036 4670 in
3084 4612 3365 4685 pariendo
3416 4610 3680 4665 dolorum

2022 4714 2277 4769 fructum
2310 4707 2638 4780 accepistis,
2671 4711 2848 4778 atque
2897 4708 3084 4760 mater
3112 4701 3378 4757 omnium
3427 4703 3679 4753 matrum

2098 4871 2207 4941 (43)
2236 4870 2423 4939 Ὑμᾶς.
2454 4867 2549 4941 Sic
2582 4865 2844 4941 plerique
2875 4862 3048 4941 codd.
3090 4860 3153 4915 In
3184 4857 3500 4941 ed.,_iw§c.

2102 4929 2624 5029 (44)”‘520017060112.
2675 4929 2935 5001 Quatuor
2982 4934 3122 5004 Reg.
3179 4934 3236 4986 et
3282 4929 3508 4998 Comb.,
3549 4944 3682 4999 προ-

2028 5032 2365 5089 αγαγουσης.
3292 5070 3325 5081 ”
3642 5068 3651 5078 .

2100 5086 2212 5157 (45)
2238 5085 2433 5155 Ύμῶν.
2467 5081 2641 5137 Deest
2672 5078 2730 5133 in
2763 5077 3025 5150 quinque
3058 5073 3196 5145 Reg.
3230 5069 3479 5141 aliisque
3501 5067 3685 5141 pluri-

2073 5176 2426 5298 u(8!;6)l:i118rsv.
2479 5223 2716 5278 Addunt
2764 5217 3053 5286 nonnulli,
3084 5212 3210 5275 τοὺς
3257 5207 3477 5277 παῖδας,
3530 5233 3558 5263 ι(
3616 5211 3687 5264 ﬁ-

2030 5301 2225 5443 Ima?)
2245 5370 2364 5443 Tur.
2406 5366 2489 5421 Ita
2519 5382 2620 5422 sex
2650 5365 2810 5436 Reg,
2840 5360 3012 5418 Coisl.
3046 5361 3101 5429 2,
3133 5356 3297 5427 Or.2,
3333 5355 3461 5410 Par.
3494 5356 3550 5408 et
3567 5351 3685 5407 Jes.

2033 5445 2095 5499 In
2113 5440 2281 5519 (Par:
2294 5440 2517 5519 ed.,_'ct.
2662 5508 2700 5519 ﬁ
3110 5497 3124 5519 I

2082 5509 2588 5596 _(48)d>pov1ﬁp.arrt.
2662 5508 2801 5578 Reg.
2870 5522 2921 5571 ο,
2987 5508 3318 5575 κηρύγματι,
3394 5516 3417 5547 ε
3483 5509 3690 5566 praeco-

2247 5650 2644 5731 Ἰξπελιπόμην.
2694 5649 2787 5708 Sic
2818 5648 2956 5721 Reg.
2990 5662 3040 5717 c,
3091 5645 3149 5716 d,
3200 5645 3258 5701 et
3304 5640 3402 5699 Or.
3449 5640 3503 5695 2.
3554 5636 3690 5705 Alii,

2037 5724 2299 5785 ὁπὲλείπό
2308 5744 2437 5799 μην.
