4094 6288
439 382 556 442 927

1681 381 1747 442 S.
1795 378 2169 439 GREGORII
2213 376 2608 440 THEOLOGI

3735 383 3861 443 928

440 514 841 571 sacratissima
896 515 1098 572 effecta
1150 533 1305 572 sum.
1370 515 1524 575 Nihil
1582 515 1802 571 mundo
1863 512 2093 585 reliqui,

2222 508 2582 584 παραδέδωκα,
2613 512 2703 567 τὸν
2739 509 2871 584 ἐμὸν
2920 512 3209 586 θησαυρὸν,
3266 512 3360 574 τὰς
3420 509 3554 585 ἐμὰς
3608 512 3863 586 γηροκό-

442 603 640 659 omnia
670 604 786 659 Deo
816 604 1404 673 tradini,thesaurum
1438 622 1655 676 meum,
1677 621 1810 677 spes
1830 607 2093 659 senectu-

440 691 518 747 tis
552 709 691 747 meas
737 693 991 750 altrices.
1025 696 1207 760 Quam
1244 695 1553 766 magniﬁce
1605 693 1890 750 honorata
1921 709 2047 748 sum
2080 692 2091 747 ί

440 782 626 848 Quam
656 780 1002 837 excellenter
1050 788 1323 838 senectus
1372 800 1503 838 mea
1532 781 1762 838 exculta
1791 786 1848 837 et
1896 784 2097 836 curata

440 868 561 925 est!
598 869 792 925 Habeo
823 871 1185 926 educationis
1217 877 1422 927 vestrae
1453 872 1708 943 praemia,
1743 888 1774 926 ο
1806 870 1909 924 ﬁlii
1937 869 1949 923 l
1982 869 2097 924 Vos

440 974 644 1014 omnes
673 958 905 1016 virtutis
955 977 1135 1016 causa
1167 962 1532 1017 decertantes
1581 960 1723 1029 vidi,
1755 976 1855 1015 vos
1894 974 2098 1013 omnes

438 1042 690 1103 victores
732 1048 949 1119 aspexi.
983 1050 1315 1118 Carniﬁces,
1350 1050 1509 1106 velut
1558 1049 1977 1116 benefactores,
2010 1048 2098 1101 in-

442 1140 649 1203 tueor;
684 1137 947 1209 nihilque
998 1139 1238 1211 propius
1270 1140 1354 1207 ﬁt,
1391 1156 1566 1211 quam
1625 1143 1691 1193 ut
1722 1138 1831 1193 hoc
1866 1136 2100 1192 nomine

443 1228 695 1296 tyranno
726 1226 945 1297 gratias
976 1227 1245 1298 habeam,
1278 1228 1432 1298 quod
1467 1227 1624 1281 hunc
1672 1224 2099 1298 suppliciorum

442 1313 704 1369 ordinem
749 1316 1021 1383 tenuerit,
1058 1320 1122 1370 ut
1152 1333 1245 1372 me
1296 1315 1564 1371 ultimam
1598 1316 1669 1370 ad
1721 1314 1980 1387 pericula
2011 1329 2099 1367 re-

449 1402 733 1470 servarit;
788 1419 923 1474 quo,
974 1409 1355 1476 posteaquam
1406 1410 1640 1476 partum
1688 1420 1884 1458 meum
1937 1402 2101 1474 prius

451 1490 911 1563 spectavi,atque
942 1492 1001 1547 in
1034 1510 1386 1565 unoquoque
1416 1494 1668 1549 ﬁliorum
1702 1492 1993 1559 dimicavi,
2017 1491 2101 1546 sic

450 1580 689 1636 demum
721 1596 855 1636 cum
886 1582 1137 1652 perfecta
1169 1582 1474 1638 securitate
1504 1587 1635 1654 post
1674 1582 1956 1652 perfectas
1984 1579 2097 1635 vic-

450 1668 630 1725 timas
677 1668 813 1725 hinc
866 1671 1161 1725 excedam.
1193 1675 1318 1726 Non
1368 1688 1594 1726 comam
1629 1671 1776 1728 295
1831 1670 2100 1736 avellam,

449 1774 564 1813 non
596 1760 787 1813 vestes
831 1758 1120 1830 scindam,
1153 1777 1268 1816 non
1299 1777 1505 1816 carnes
1556 1760 1856 1832 unguibus
1886 1758 2098 1814 lacera-

446 1844 541 1911 bo,
576 1862 692 1901 non
723 1848 945 1902 luctum
977 1848 1258 1914 excitabo,
1288 1866 1402 1904 non
1457 1849 1651 1905 luctus
1683 1848 1873 1904 socias
1903 1864 2098 1903 accer-
2130 1878 2177 1943 B

445 1950 595 1999 sam,
626 1951 739 1989 non
771 1935 1042 1991 tenebras
1089 1936 1456 2005 concludam,
1491 1943 1556 1992 ut
1583 1938 1707 2009 ipse
1738 1952 1967 2008 quoque
2002 1952 2101 1991 aer

447 2038 680 2079 mecum
728 2022 941 2093 lugeat,
976 2041 1091 2080 non
1139 2026 1533 2081 consolatores
1582 2025 1947 2097 exspectabo,
1981 2040 2097 2079 non

449 2110 761 2183 lugubrem
793 2129 1002 2184 panem
1033 2130 1346 2185 apponam.
1380 2115 1508 2170 Haec
1537 2115 1693 2169 enim
1724 2114 1969 2185 ignavis,
2002 2113 2098 2168 ab-

442 2199 702 2271 jectique
749 2200 930 2257 animi
984 2202 1273 2257 matribus
1324 2204 1696 2271 conveniunt,
1730 2219 1857 2274 quea
1904 2201 2100 2257 carnis

448 2288 732 2345 duntaxat
761 2295 978 2345 matres
1008 2295 1171 2357 sunt,
1194 2290 1409 2363 quibus
1441 2291 1544 2346 ﬁlii
1578 2292 1703 2347 sine
1732 2291 1854 2347 ulla
1883 2309 1944 2347 re
1974 2308 2096 2346 me-

451 2382 679 2433 moratu
709 2378 889 2451 digna
916 2378 1386 2435 intereunt.Mihi
1420 2398 1571 2449 vero,
1604 2381 1940 2436 charissimi
1971 2380 2098 2448 ﬁlii,

449 2466 912 2539 haudquaquam
962 2469 1179 2525 mortui
1208 2473 1266 2525 et
1313 2470 1604 2535 exstincti,
1636 2470 1736 2525 sed
1768 2470 1869 2525 Dei
1917 2468 2098 2524 oblati

451 2555 593 2612 estis
626 2572 639 2611 :
674 2572 778 2611 nec
808 2557 1124 2626 defecistis,
1158 2560 1258 2613 sed
1292 2557 1403 2613 alio
1435 2558 1732 2631 migrastis
1764 2575 1776 2613 :
1809 2575 1913 2613 nec
1945 2557 2098 2614 lace-

452 2644 584 2714 rati,
618 2647 718 2700 sed
750 2647 1035 2716 compecti
1085 2652 1143 2701 et
1170 2647 1559 2718 coagmentati
1608 2647 1770 2703 estis.
1804 2648 1928 2702 Non
1980 2646 2100 2702 fera

452 2747 554 2789 vos
585 2734 800 2805 rapuit,
833 2752 949 2790 non
979 2735 1193 2791 ﬂuctus
1224 2737 1437 2806 obruit,
1472 2753 1585 2791 non
1616 2737 1761 2792 latro
1785 2736 2100 2809 jugulavit,

456 2839 571 2878 non
605 2824 847 2896 morbus
894 2824 1206 2896 oppressit,
1238 2841 1353 2880 non
1385 2825 1470 2880 vis
1502 2825 1660 2893 belli,
1692 2842 1806 2880 non
1856 2824 2103 2895 denique

455 2927 649 2967 rerum
681 2912 1075 2968 humanarum
1111 2912 1267 2968 aliud
1300 2914 1621 2985 quidquam
1643 2914 1729 2970 vel
1752 2931 1993 2988 parvum
2016 2913 2103 2969 vel

453 3016 735 3072 magnum
788 3001 1047 3058 sustulit.
1093 3002 1156 3057 In
1209 3002 1482 3057 maximis
1526 3003 1798 3074 equidem
1851 3003 2106 3058 luctibus

453 3089 722 3157 fuissem,
747 3090 794 3146 si
827 3090 966 3163 quid
998 3090 1207 3146 horum
1236 3091 1399 3146 vobis
1430 3091 1762 3147 accidisset.
1793 3096 1937 3147 Tum
1971 3109 2104 3147 vero

450 3176 848 3251 lacrymando,
882 3184 948 3235 ut
978 3196 1132 3235 nunc
1170 3179 1458 3253 lacrymas
1490 3181 1949 3252 comprimendo,
1983 3197 2105 3235 ma-

2209 621 2345 673 μους
2402 597 2649 662 ἐλπίδας.
2718 602 2805 655 Ὧς
2877 597 3310 674 μεγαλοπρεπῶς
3368 600 3712 674 τετίμημαιί
3776 602 3857 663 ὡς

2206 683 2662 765 ὑπερϐαλλόντως
2709 689 3167 765 γεγηροκόμημαι
3334 690 3347 745 1
3381 689 3605 765 ’Δπὲχω
3634 690 3701 745 τὰ
3729 711 3864 766 τρο-

2206 783 2348 855 φεῖα,
2407 779 2452 831 ὦ
2495 775 2709 839 παῖδες.
2760 775 2922 832 Εἶδον
2980 778 3112 853 ὑπὲρ
3170 778 3366 853 ἀρετῆς
3412 778 3861 852 ἀγωνιζομένους

2210 867 2368 939 ὑμᾶς,
2427 868 2629 928 πάντας
2684 867 2997 941 στεφανίτας
3056 866 3381 939 ἐθεασάμην.
3443 869 3530 929 Ὡς
3574 867 3861 943 εὐεργέτας

2209 956 2321 1030 ὁρῶ
2359 955 2483 1018 τοὺς
2539 955 2855 1031 βασανιστάς
2881 975 2894 988 ⁸
2950 954 3147 1031 μικροῦ
3196 956 3283 1010 καὶ
3314 958 3392 1028 τῷ
3422 957 3663 1032 τυράννῷ
3694 957 3859 1033 χάρι-

2206 1066 2300 1106 τας
2333 1042 2593 1120 ὁμολογῶ
2643 1052 2741 1114 τῆς
2787 1046 3009 1115 τάξεως,
3053 1045 3134 1099 ὅτι
3172 1068 3237 1119 με
3266 1044 3574 1100 τελευταίαν
3608 1045 3865 1119 ἐταμιεύ-

2208 1154 2335 1188 σατο
2393 1138 2509 1195 τοῖς
2568 1132 2854 1195 κινδύνοις·
2909 1132 3001 1188 ’ίνα
3055 1136 3146 1189 τὸν
3198 1135 3329 1208 ἐμὸν
3387 1134 3544 1189 τόκον
3595 1135 3862 1208 πρότερον

2210 1222 2525 1297 θεατρίσασα
2571 1224 2704 1295 (51),
2756 1223 2842 1278 καὶ
2888 1223 3005 1276 καθ’
3049 1220 3271 1277 ἕκαστον
3302 1228 3409 1277 τῶν
3442 1221 3647 1277 παίδων
3683 1224 3864 1293 ἀθλή-

2211 1332 2363 1379 σασα,
2438 1311 2610 1373 οὕτως
2686 1311 2976 1367 ἔπαπέλθω
3046 1312 3136 1365 σὺν
3213 1312 3478 1389 ἀσφαλείᾳ
3532 1312 3717 1383 τελείᾳ
3771 1333 3860 1366 τε-

2212 1400 2380 1462 λείοις
2430 1400 2679 1473 θόμασιν.
2740 1401 2812 1454 Οὐ
2872 1400 3209 1477 σπαράξομαι
3255 1401 3455 1474 κόμην,
3487 1400 3547 1454 οὐ
3581 1399 3861 1476 διαῤῥτξξω

2209 1494 2435 1565 χιτῶνα,
2470 1490 2530 1543 οὐ
2564 1492 2702 1562 ξανῶ
2762 1489 2959 1563 σάρκας
3009 1485 3205 1562 ὄνυξιν,
3252 1490 3351 1544 οὐκ
3399 1489 3571 1564 ἐγερῶ
3633 1497 3859 1564 θρῆνον,

2211 1577 2272 1632 οὐ
2331 1577 2545 1634 καλέσω
2617 1579 2712 1633 τὰς
2791 1579 3213 1654 συνθρηνούσας,
3292 1579 3353 1633 οὐ
3414 1578 3720 1653 συγκλείσω
3782 1578 3865 1641 εἰς

2211 1666 2400 1729 σκότος
2433 1670 2567 1737 (52).
2613 1665 2702 1721 ’ίνα
2758 1667 2845 1721 καὶ
2897 1667 3003 1743 ἀὴρ
3054 1670 3394 1742 συνθρηνήσῃ
3445 1688 3559 1740 μοι,
3609 1666 3707 1720 οὐκ
3736 1666 3863 1720 ἀνα-

2214 1760 2358 1829 μενῶ
2404 1756 2844 1831 παρακλήτορας,
2905 1755 3003 1810 οὐκ
3071 1755 3229 1830 ἄρτον
3290 1756 3550 1828 πένθιμον
3608 1756 3860 1827 παραθή-

2209 1866 2395 1918 σομαι.
2453 1847 2634 1902 Ταῦτα
2690 1847 2793 1920 γὰρ
2852 1848 2958 1899 τῶν
3019 1846 3251 1919 ἀγεννῶν
3305 1847 3415 1917 (53)
3470 1843 3739 1919 μητέρων,
3801 1842 3859 1897 a'i

2207 1938 2416 2009 σαρκῶν
2485 1934 2644 2006 μόνον
2708 1933 2808 1987 εἰσὶ
2873 1935 3126 2009 μητέρες,
3180 1934 3264 1995 αῖς
3340 1930 3589 2006 οἴχονται
3665 1930 3859 1995 παῖδες

2209 2021 2329 2077 ἄνευ
2347 2025 2461 2093 (54)
2492 2026 2695 2094 σεμνοῦ
2721 2043 2866 2083 τινος
2894 2019 3258 2098 διηγήματος.
3292 2021 3449 2094 Ἐμοὶ
3487 2018 3543 2075 δὲ
3573 2019 3633 2074 οὐ
3666 2023 3856 2090 τεθνή-

2206 2132 2353 2179 κατε,
2408 2110 2662 2189 φίλτατοι
2720 2110 2952 2183 παίδων,
3012 2110 3137 2166 ἀλλ’
3179 2111 3692 2187 ἐκαρποφορήθητε·
3757 2112 3857 2164 οὐκ

2206 2199 2580 2268 ἐκλελοίπαέ,
2641 2198 2788 2255 ἀλλὰ
2861 2200 3303 2273 μετεληλόθατε·
3360 2199 3422 2253 οὐ
3478 2199 3852 2270 κατεξάνθητε,

2207 2288 2351 2345 ἀλλά
2381 2290 2713 2365 συνεπάγητε
2738 2311 2750 2324 ·
2813 2289 2873 2343 οὗ
2907 2289 3093 2365 θηρίον
3138 2289 3375 2363 ἥρπασεν
3419 2290 3580 2362 ὑμᾶς,
3616 2287 3676 2342 οὐ
3708 2286 3857 2359 κῦμα

2207 2376 2492 2434 ἐπέκλυσεν
2547 2380 2682 2450 (55),
2742 2377 2803 2432 οὐ
2858 2375 3061 2449 λῃστὴς
3116 2375 3436 2456 διέφθειρεν,
3496 2376 3551 2430 εὖ
3582 2373 3739 2437 νόσος
3773 2374 3853 2431 δι-

2209 2465 2415 2535 έλυσεν,
2467 2466 2526 2521 οὐ
2576 2466 2823 2539 πόλεμος
2870 2464 3279 2540 παρανάλωσεν,
3331 2464 3429 2519 οὐκ
3460 2462 3599 2520 ἄλλο
3638 2462 3789 2519 οὐδὲν
3819 2468 3856 2533 ἦ

2214 2556 2404 2631 μικρὸν
2433 2557 2467 2624 ἣ
2526 2561 2707 2628 μεῖζον
2755 2560 2861 2609 τῶν
2912 2554 3289 2629 ἀνθρωπίνων.
3335 2556 3642 2629 Έθρήνησα
3672 2552 3729 2607 ἃν
3763 2552 3853 2607 καὶ

2215 2642 2361 2718 μάλα
2420 2643 2688 2722 σφοδρῶς,
2748 2642 2801 2700 εἷ’
2850 2665 2901 2698 τι
2958 2643 3163 2699 τούτων
3222 2644 3347 2717 ὑμῖν
3409 2643 3685 2697 συνέπεσεν
3722 2644 3855 2715 (56).

2212 2732 2444 2812 Ἐφοὶνην
2497 2732 2556 2788 ἂν
2603 2733 2729 2788 τότε
2783 2739 2899 2795 τοῖς
2960 2731 3236 2809 δάκρυσιν,
3295 2733 3367 2793 ὡς
3416 2737 3505 2787 νῦν
3535 2737 3613 2802 τῷ
3646 2733 3720 2803 μή
3756 2729 3856 2786 δα-

2210 2827 2424 2899 κρῦσαι,
2476 2820 2814 2899 φιλότεκνος.
2865 2824 2981 2877 Ἔτι
3013 2821 3102 2875 καὶ
3132 2826 3299 2875 ταῦτα
3336 2821 3517 2897 μικρά.
3550 2820 3758 2880 ’Όντως
3795 2818 3857 2872 ἂν

2214 2911 2352 2984 ὑμᾶς
2386 2911 2834 2984 ἀπεκλαυσάμην,
2866 2910 2912 2965 εἰ
2962 2915 3141 2972 κακῶς
3192 2911 3454 2979 ἐσώθητε,
3503 2908 3548 2963 εἰ
3594 2912 3700 2962 τῶν
3754 2908 3857 2982 βα-

2215 3002 2386 3055 σάνων
2438 3003 2715 3071 ἡττήθητε
2763 3003 2896 3073 (57),
2953 2997 3007 3053 εἷ’
3044 3020 3190 3061 τινος
3245 3000 3394 3071 ὑμῶν
3429 2998 3752 3073 ἐκράτησαν,
3784 2996 3859 3057 ὡς

2214 3092 2527 3161 ἡττήθησαν
2585 3094 2677 3144 νῦν
2730 3090 2780 3144 οἱ
2832 3086 3142 3149 διώκοντες.
3192 3088 3266 3141 Τὰ
3314 3085 3371 3141 δὲ
3425 3091 3541 3154 νῦν,
3595 3084 3857 3162 εὐφημία,

2215 3181 2380 3255 χαρὰ,
2452 3176 2600 3249 δόξα,
2653 3177 3030 3254 χοροστασίαι,
3088 3174 3445 3253 φαιδρότητες
3489 3181 3606 3236 τοῖς
3639 3172 3862 3228 ὑπολει-

454 3244 607 3323 ιθτηῖ
636 3244 855 3324 amoris
903 3269 1199 3340 specimen
1230 3244 1568 3325 edidissem.
1604 3244 1714 3325 sed
1765 3269 1885 3325 haec
1916 3244 2106 3325 adhuc

2222 3244 2446 3346 ίρθεῖσιν·
2496 3244 2789 3341 Ἐγὼηγίὶρ
2842 3266 2967 3339 ὑμῖν
3016 3244 3428 3337 ἔπι-σπένδομαι.
3480 3264 3628 3321 Μετὰ
3676 3264 3862 3324 Φινεὲς

456 3371 652 3428 parva.
687 3359 831 3411 Vere
861 3356 1039 3428 igitur
1086 3357 1266 3412 vicem
1300 3362 1555 3413 vestram
1605 3357 2028 3431 deplorassem,
2063 3358 2111 3412 si

460 3444 611 3500 male
636 3445 871 3513 servati,
904 3445 953 3501 si
988 3446 1292 3501 tormentis
1341 3447 1507 3501 fracti
1540 3447 1821 3514 fuissetis,
1854 3448 1904 3502 si
1935 3462 2110 3517 quem

457 3538 716 3589 vestrum
753 3539 1153 3606 persecutores
1183 3541 1579 3606 superassent,
1614 3537 2112 3608 quemadmodum

454 3623 572 3697 ipsi
593 3622 853 3694 superati
886 3628 1045 3679 sunt.
1080 3626 1153 3678 At
1182 3641 1356 3694 nunc,
1376 3642 1500 3696 qum
1529 3625 1693 3680 vobis
1723 3626 2111 3696 contigerunt,

456 3711 748 3782 ejusmodi
780 3716 941 3781 sunt,
977 3716 1041 3768 ut
1068 3711 1293 3780 laudes,
1328 3714 1630 3786 gaudium,
1673 3714 1943 3786 gloriam,
1973 3714 2116 3769 cho-

459 3817 614 3868 reas,
662 3817 727 3856 ac
773 3800 1035 3857 laetitiam
1086 3818 1319 3858 omnem
1372 3808 1428 3858 et
1476 3802 1837 3859 hilaritatem
1885 3803 1981 3870 iis,
2012 3803 2115 3874 qui

462 3889 809 3963 superstites
861 3889 1045 3947 relicti
1096 3891 1331 3959 fuerint,
1364 3892 1613 3947 excitare
1657 3892 1925 3948 debeant.
1971 3891 2117 3947 Nam

468 3979 599 4051 ipsa
628 3984 759 4051 post
789 3996 889 4035 vos
922 3978 1165 4035 delibor.
1195 3981 1325 4036 Jam
1359 3997 1493 4036 cum
1530 3980 1778 4036 Phineas
1808 3980 2119 4037 collocabi-

466 4085 600 4123 mur
628 4068 693 4139 ⁸⁸,
726 4085 860 4123 cum
891 4074 1061 4124 Anna
1091 4068 1612 4125 celebrabimur":
1648 4069 1762 4125 nisi
1795 4070 2119 4127 fortasseeo

465 4156 640 4213 etiam
676 4157 1058 4229 magis,quod
1090 4156 1186 4213 ille
1218 4177 1371 4213 unus
1402 4163 1563 4225 erat;
1595 4175 1697 4214 vos
1729 4164 1932 4214 contra
1950 4158 2121 4214 multi

463 4245 587 4301 zelo
644 4245 873 4317 praditi
929 4246 1092 4317 estis,
1127 4263 1194 4302 ac
1252 4252 1639 4303 scortatorum
1698 4247 2121 4315 interfectores,

466 4350 582 4389 non
614 4349 946 4406 corporum,
982 4336 1081 4390 sed
1114 4335 1445 4390 animarum
1487 4338 1899 4393 scortationem
1930 4335 2121 4405 gladio

465 4421 881 4479 confodientes.
925 4423 1152 4479 Rursus
1200 4422 1301 4478 illa
1352 4440 1539 4479 unum
1590 4425 1896 4496 duntaxat,
1928 4426 2123 4480 divino

462 4509 745 4568 beneﬁcio
794 4510 906 4566 sibi
956 4526 1305 4567 concessum
1355 4528 1611 4583 eumque
1659 4511 1979 4582 infantem;
2017 4530 2122 4585 ego

534 4688 581 4724 ⁶⁰
608 4687 785 4745 Num.
818 4704 946 4756 xxv,
980 4690 1015 4743 7
1043 4704 1207 4762 seqq.
1284 4689 1330 4725 7°
1362 4689 1384 4745 Ι
1414 4690 1550 4762 Reg.
1584 4697 1623 4759 i,
1654 4692 1726 4746 22
1756 4707 1923 4763 seqq.

2219 3357 2634 3433 ταχθησόμεθα,
2703 3356 2837 3429 μετὰ
2898 3356 3101 3425 Ἀννης
3171 3353 3633 3426 δοξασθησόμεθα.
3714 3350 3867 3419 Πλὴν

2222 3446 2344 3502 ὅσον
2379 3447 2407 3501 ὁ
2443 3446 2535 3518 μὶν
2568 3446 2666 3514 εἷς,
2699 3445 2852 3517 ὑμεῖς
2883 3446 2995 3515 (58)
3044 3442 3101 3498 δὲ
3127 3448 3378 3498 τοσοῦτοι
3437 3440 3678 3512 ζηλωταῖ
3730 3460 3865 3515 πορ-

2221 3534 2491 3602 νοκτόνοι,
2524 3534 2585 3589 οὐ
2618 3535 2883 3607 σωμάτων
2921 3533 3194 3607 πορνείαν,
3247 3532 3390 3587 ἀλλὰ
3446 3536 3637 3606 ψυχῶν
3690 3530 3865 3605 ἐγκεν-

2220 3626 2478 3694 τήσαντες
2522 3626 2655 3695 (59).
2709 3623 2807 3676 Καὶ
2854 3624 2889 3691 ἡ
2945 3623 3063 3695 μὶν,
3111 3620 3201 3677 ἕνα
3242 3618 3545 3692 θεόσδοτον,
3607 3622 3862 3695 ἀρτιγενῆ

2222 3714 2310 3769 καὶ
2367 3717 2579 3768 τοῦτον”
2633 3712 2737 3787 ἐγὼ
2797 3709 2853 3765 δὲ
2900 3709 3092 3787 ἄνδρας
3145 3710 3296 3779 ἑπτὰ,
3349 3711 3439 3765 καὶ
3470 3709 3690 3770 τούτους
3718 3707 3867 3761 ἐκὸν-

2222 3824 2317 3865 τας
2363 3806 2478 3874 Θεῷ
2525 3800 2847 3877 καθιέρωσα,
2910 3798 3335 3875 Συμπληρούτω
3392 3820 3484 3872 μοι
3552 3798 3645 3852 καὶ
3710 3798 3869 3870 Ἰερε-

2230 3892 2352 3966 μίας
2380 3891 2470 3946 τὸν
2524 3890 2829 3966 ἐπιτάφιον,
2880 3888 2941 3943 οὐ
2998 3889 3231 3963 θρηνῶν,
3279 3887 3405 3943 ἀλλ’
3438 3886 3696 3964 εὐφημῶν
3761 3888 3874 3958 (60)

2224 3979 2483 4049 τελευτὴν
2534 3979 2705 4034 ὁσίαν·
2755 3978 2912 4053 Ὑπὲρ
2961 3977 3125 4052 χιόνα
3175 3975 3476 4049 ἰλάμψατε,
3530 3976 3663 4048 ὑπὲρ
3731 3974 3877 4045 μάλα

2229 4067 2552 4140 ἐτυρώθητε,
2606 4066 2737 4141 ὑπὲρ
2785 4062 2933 4119 λίθον
2981 4065 3289 4140 σάπφειρων
3343 4066 3452 4137 (61)
3499 4064 3560 4116 τὸ
3600 4063 3876 4134 σύντχγμα

2231 4155 2405 4228 ὑμῶν,
2432 4158 2545 4225 Θεῷ
2574 4150 2662 4207 καί
2692 4172 2919 4227 γεγνννη
2933 4149 3105 4223 μένων
3137 4151 3227 4203 καὶ
3278 4146 3605 4223 δεδομένων.
3650 4147 3709 4201 Τί
3759 4145 3833 4200 ἐτι
3864 4166 3876 4215 ;

2229 4242 2488 4317 Πρόσθες,
2549 4242 2595 4295 ὦ
2643 4239 2887 4316 τύραννε,
2938 4240 3078 4312 κάμὲ
3140 4244 3258 4301 τοῖς
3309 4237 3514 4303 παισὶν,
3566 4234 3619 4291 εἷ’
3657 4258 3739 4297 τις
3788 4234 3876 4288 καὶ

2229 4333 2355 4404 παρ’
2405 4330 2615 4407 ἐχθρῶν
2664 4331 2846 4404 χάρις,
2885 4326 2954 4382 ’ίν’
3001 4327 3037 4402 ᾖ
3080 4349 3164 4381 σοι
3195 4327 3517 4402 σεμνότερον
3550 4326 3613 4380 τὸ
3643 4324 3877 4399 ἀγώνισ-

2236 4442 2329 4495 μα.
2389 4418 2512 4474 Εἴθε
2568 4420 2661 4492 μὶν
2709 4417 2798 4473 καὶ
2849 4415 2937 4471 διὰ
2986 4418 3170 4472 πασῶν
3222 4414 3394 4486 ἦλθον
3439 4419 3546 4470 τῶν
3577 4412 3876 4482 κολάσεων,

2226 4508 2320 4566 ἵνα
2370 4509 2615 4582 ἀναμίξω
2666 4511 2777 4582 (62)
2829 4506 2955 4570 τοὺς
3013 4505 3177 4580 ἐμοὺς
3235 4506 3443 4582 ἰχῶρας
3489 4510 3605 4567 τοῖς
3665 4502 3879 4557 ἐκείνων

538 4867 651 4941 (50)
682 4865 1107 4942 Γηροκόμους...
1138 4866 1619 4943 γεγηροκόμημαι.
1650 4869 1789 4944 Reg.
1816 4887 1866 4940 c,
1895 4871 1952 4941 ὁ,
1986 4874 2106 4943 θίιϐ.ἶ

538 4938 1465 5067 tt?“t‘::i"e.*€*""“’§5‘“t*‘°‘"-
1610 5051 1617 5061 .
1656 5015 1678 5067 t
1978 5012 2020 5067 't
2102 5030 2106 5043 ‹

843 5032 868 5067 0
932 5032 1051 5067 ασα.
1182 5029 1268 5067 108
1297 5029 1362 5067 88
1419 5029 1503 5067 810
1558 5029 1651 5067 rec
1681 5028 1711 5067 Θ
1784 5028 1990 5067 ΘΧΒΟΠῙ
2027 5054 2039 5067 .
2102 5056 2106 5067 .

2302 4870 2392 4937 (55
2445 4863 2787 4921 Ἐπέκλυσεν.
2821 4867 2976 4931 Par.,
3006 4863 3304 4919 ἐπέκλεισεν
3332 4859 3548 4941 [male].

2302 4870 2412 5067 (ἄῤ
2445 4936 2512 4993 Ei’
2535 4960 2588 4993 τι
2616 4938 2822 4992 τούτων
2862 4938 2990 5009 ὑμῖν
3024 4935 3319 4990 συνέπεσεν.
3350 4932 3445 4986 Sic
3478 4931 3548 5003 pli

2228 5017 2336 5067 etc.
2417 5012 2521 5067 diti
2556 5028 2567 5066 :
2604 5009 2648 5063 εἰ
2678 5009 2884 5064 τούτων
2917 5010 3041 5067 ὑμῖν
3075 5028 3125 5061 τι
3158 5002 3508 5058 συνενὲπεσεν.

463 4938 1294 5017 γηιὶφξιόμούςηέγεγηρυξίξᾷμή
1309 4938 1426 5011 μαιέ

556 5012 647 5083 51)
701 5011 1076 5085 semicanae;
1130 5013 1362 5085 Nicetes
1413 5012 1503 5085 sic
1540 5015 1711 5085 recte
1784 5012 2039 5083 exponit.
2102 5030 2115 5068 :

468 5105 497 5135 ‹‹
526 5082 849 5167 postquam
893 5084 1378 5167 meam-sobolem
1410 5082 1739 5167 imtheatro
1787 5082 2119 5167 pompaque

466 5154 731 5281 prgduxi,
763 5160 940 5226 atque
972 5156 1031 5210 in
1063 5156 1431 5229 singulorum
1462 5154 2000 5227 liberorum‘agone
2021 5154 2120 5211 de-

466 5244 534 5281 su
583 5243 695 5281 avn.
729 5248 756 5275 »

465 5243 695 5284 δυσανι.
729 5248 756 5275 ν

538 5298 651 5370 (52)
683 5296 774 5359 Εἰς
802 5290 1014 5370 σκότος,
1048 5296 1222 5353 Deest
1268 5295 1344 5358 εἰς
1376 5297 1434 5351 in
1469 5296 1760 5368 plerisque
1799 5297 2118 5355 codicibus.

470 5368 577 5437 Qui
607 5368 766 5441 gravi
817 5368 1013 5425 dolore
1045 5375 1412 5441 premuntur,
1436 5385 1507 5441 se
1547 5370 1895 5440 quandoque
1926 5370 1986 5425 in
2020 5388 2119 5425 cu-

471 5386 577 5437 um
607 5386 766 5495 grew
817 5386 1013 5425 amore
1045 5386 1412 5441 premuntur,
1446 5386 1507 5423 se
1547 5386 1895 5440 quandoque
1926 5388 1986 5425 1n
2020 5388 2119 5425 cu-

471 5442 603 5497 bicu
635 5458 733 5497 um
784 5441 1122 5507 includunt,
1170 5442 1363 5495 aditus
1394 5440 1732 5510 obstruunt,
1761 5446 1818 5497 et
1855 5442 2008 5498 intra
2035 5448 2119 5497 te-

473 5515 687 5570 nebras
713 5529 776 5569 se
803 5514 1160 5569 excruciant.

562 5587 653 5657 53)
685 5587 972 5657 Ἀγεννῶν.
1007 5584 1301 5657 Regulam,
1327 5579 1552 5657 ἀγινῶν.

541 5586 657 5728 (53)
685 5587 972 5657 Ἀγεννῶν.
1007 5586 1145 5712 Reg.
1178 5586 1301 5666 bm,
1327 5586 1552 5664 ἀγινῶν.

565 5658 634 5712 54
686 5661 865 5726 "Avsu,
914 5663 1025 5713 etc.
1124 5654 1301 5723 illius,
1341 5677 1361 5704 ι
1397 5667 1524 5709 sine
1572 5652 1691 5710 ulla
1738 5656 1897 5727 gravi
1947 5660 2123 5728 atque

473 5724 719 5787 honesta
746 5724 1103 5788 nax‘ratione.
1135 5750 1166 5778 »

2445 4936 2512 4993 Ei’
2535 4960 2588 4993 τι
2616 4938 2822 4992 τούτων
2862 4938 2990 5009 ὑμῖν
3024 4931 3445 5009 συνέπεσενίὸἱο
3478 4931 3677 5003 plures
3710 4931 3881 5004 Reg.,

2228 5002 2336 5068 etc.
2370 5002 2521 5067 Editi
2556 5028 2567 5066 :
2604 5009 2648 5063 εἰ
2678 5002 3041 5081 τούτων’ὑμῖν
3075 5028 3125 5061 τι
3158 5002 3508 5081 συνενὲπεσενί.

2300 5084 2412 5156 (57)
2438 5082 2501 5137 Εἰ
2557 5085 2663 5136 τῶν
2730 5075 2972 5156 βασάνων
3032 5080 3332 5149 ἡττήθητε.
3368 5078 3493 5130 Hac
3553 5076 3767 5131 desunt
3823 5075 3881 5129 in

2229 5156 2368 5227 Reg.
2402 5172 2452 5210 ο.

2299 5228 2413 5300 (58)
2437 5227 2641 5300 ξΥμεῖς.
2677 5226 2818 5300 Tres
2851 5225 3015 5300 Reg?
3047 5223 3231 5300 ἡμεῖς.
3386 5295 3394 5300 _
3464 5291 3497 5300 ἢ
3542 5288 3553 5300 .

2320 5228 2413 5296 58)
2437 5228 2641 5296 Ὑμεῖς.
2677 5228 2818 5280 Tres
2852 5228 3015 5295 Reg.,
3047 5228 3231 5294 ἡμεῖς.

2299 5228 2904 5370 (59)Ἐγκεντήσαντις.
2968 5295 3107 5367 Reg.
3166 5296 3286 5360 bm,
3347 5295 3403 5346 et
3459 5288 3633 5346 Coisl.
3691 5290 3746 5357 2,
3799 5286 3877 5341 ὲκ-

2227 5370 2599 5438 κεντήσαντες.

2234 5512 2269 5525 ﬂ
2301 5438 2792 5525 (69)AE1:)‘cpanW.‘
2858 5438 3305 5525 Sri‘cvquinque~
3348 5434 3510 5506 Reg.,
3580 5431 3883 5503 Chrysan.,

2231 5510 2403 5567 Cois].
2435 5514 2504 5582 2,
2525 5510 2721 5582 Pass,,
2745 5515 2852 5567 etc.
2891 5510 3071 5582 Editi,
3101 5510 3371 5582 εὐφητῶν.

2301 5582 2411 5654 (61)
2440 5571 2597 5635 Χίθον
2666 5571 2980 5658 σάπφειρον.
3044 5571 3183 5649 Reg:
3225 5571 3374 5646 ‘bm,
3444 5571 3598 5627 λίθου
3666 5572 3883 5649 σαπιρεί-

2230 5672 2345 5725 ρου.

2303 5726 2414 5799 (62)
2445 5722 2735 5800 ’Δναμίξω.
2772 5729 2953 5791 Ραθι..
2988 5719 3150 5795 μίεω.

2396 5387 2599 5426 σαντες.
