4094 6288
271 364 392 422 929

1102 352 1392 416 ORATIO
1436 350 1566 414 XV.
1604 385 1677 396 -—
1706 350 1782 412 ΙΝ
1832 345 2461 413 MACHABEOHUM
2512 348 2856 414 LAUDEM.

3564 350 3688 415 930

272 490 500 565 ἰχῶρσι,
532 486 623 540 καὶ
655 489 773 545 ταῖς
804 484 955 560 σαρξὶ
999 485 1094 546 τὰς
1142 483 1371 561 γηραιὰς
1418 482 1631 555 σάρκας.
1695 482 1920 557 Ἀγαπῶ

2053 486 2241 538 :ontra
2271 486 2493 554 septem
2525 483 2701 554 viros,
2733 502 2950 557 eosque
2986 485 3247 541 volentes
3306 484 3423 540 Deo
3478 502 3687 542 conse-

269 577 361 634 διὰ
412 575 540 637 τοὺς
586 570 784 634 παῖδας
836 573 925 628 καὶ
973 574 1038 627 τὰ
1066 572 1435 649 κολαστήρια·
1471 571 1515 626 εί
1549 569 1605 625 δὲ
1640 571 1714 645 μὴ
1742 574 1924 639 τοῦτο,

270 666 417 722 ἀλλά
440 667 540 735 τήν
570 685 634 738 γε
664 663 813 717 κόνιν
845 667 913 736 τῇ
963 662 1131 733 κόνει,
1182 662 1271 717 καὶ
1299 663 1470 737 τάφος
1502 663 1576 721 εἷς
1607 662 1755 733 ἡμᾶς
1792 660 1927 713 ὑπο-

274 755 490 828 δὲξηται
541 755 674 825 (63).
723 754 811 820 Μὴ
863 754 1134 829 φθονήσῃς
1181 751 1439 820 τελευτῆς
1478 750 1777 823 ὁμοτίμου.
1808 753 1929 809 τοῖς

278 846 573 919 ὀμοτιμοις
599 843 698 911 τήν
736 842 950 916 ἀρετήν.
982 841 1225 916 Χαίρετε,
1259 841 1304 893 ὧ
1329 838 1578 916 μητὲρες,
1614 838 1854 913 χαίρετε,
1881 835 1925 890 ὦ

275 931 489 1001 παῖδες,
522 931 707 992 Οὕτως
742 928 1020 1006 ἐκτρέφετε
1048 928 1173 991 τοὺς
1207 928 1258 999 ἐξ
1310 929 1461 1001 ὑμῶν
1519 925 1883 1003 προελθόντας
1912 947 1923 961 ·

276 1023 448 1083 οὕτως
481 1020 819 1096 ὲκτρὲφεσθε.
856 1017 1030 1073 Καλὸν
1078 1015 1383 1093 ὑπόδειγμα
1413 1014 1723 1089 δεδώκαμεν
1757 1017 1886 1087 ὑμῖν
1913 1033 1925 1045 ·

2037 572 2211 627 cravi.
2236 573 2442 643 Atque,
2467 578 2533 627 ut
2552 573 2837 630 Jeremias
2863 591 3093 645 quoque
3116 575 3241 646 ipse
3262 573 3407 628 mihi
3426 573 3679 645 elogium

2039 660 2281 715 funebre
2314 661 2641 727 concludat,
2678 679 2792 717 non
2836 662 3068 735 lugens,
3129 663 3228 718 sed
3282 662 3560 718 laudibus
3620 681 3686 717 ac

2039 749 2251 804 faustis
2272 750 2567 805 ominibus
2593 752 2893 821 piumvitzs
2918 753 3137 807 exitum
3162 767 3550 823 prosequens.
3575 752 3649 807 Su
3668 783 3687 791 -

2040 854 2143 910 per
2164 837 2355 893 nivem
2389 838 2796 909 splenduistis,
2822 858 3000 912 super
3032 840 3119 896 lac
3171 841 3464 913 coagulati
3520 840 3687 908 estis,

2040 943 2220 996 super
2249 926 2595 998 sapphirum
2626 933 2807 983 cmtus
2837 934 3027 984 vester
3056 934 3145 985 est
3189 930 3257 996 τί,
3318 929 3534 1001 quippe
3586 928 3688 1000 qui

2041 1015 2156 1070 Deo
2179 1014 2467 1087 progeniti
2495 1022 2671 1089 atque
2692 1017 2869 1072 oblati
2892 1018 3213 1083 estis.Quid
3233 1019 3359 1089 jam
3376 1018 3692 1090 superest?

275 1112 600 1188 ἀγωνίζεσθε
630 1110 767 1182 (64)’
804 1132 833 1159 ››

2053 1104 2308 1175 Adjunge
2340 1120 2451 1173 me,
2486 1120 2704 1176 quaeso,
2740 1105 2897 1171 ﬁliis,
2934 1113 3254 1179 otyranne,
3284 1107 3490 1178 siquis
3530 1106 3686 1179 apud

276 1205 476 1259 hostes
509 1216 742 1273 quoque
774 1198 971 1271 gratiae
1003 1197 1165 1253 locus
1192 1203 1301 1262 est,
1333 1203 1399 1253 ut
1429 1196 1717 1252 illustrius
1748 1196 1852 1251 tibi
1905 1194 2013 1249 hoc
2044 1199 2337 1248 certamen
2369 1194 2590 1249 evadat.
2625 1197 2812 1266 Atque
2855 1196 3081 1250 utinam
3138 1196 3280 1251 mihi
3336 1212 3439 1268 per
3491 1196 3692 1251 omnia

280 1312 347 1348 ea
378 1290 689 1362 supplicia,
725 1289 938 1360 quibus
967 1287 1050 1342 illi
1083 1288 1268 1343 aﬁ‘ecti
1321 1292 1479 1355 sunt,
1513 1286 1765 1359 grassari
1799 1284 2123 1355 contingat,
2158 1288 2214 1337 ut
2249 1281 2473 1337 saniem
2509 1298 2698 1337 meam
2750 1300 2884 1339 cum
2931 1301 3135 1339 eorum
3183 1284 3364 1353 sanie,
3398 1289 3457 1340 et
3486 1300 3695 1340 carnes

278 1386 446 1437 aztate
478 1380 768 1435 confectas
799 1394 930 1432 cum
965 1376 1240 1432 carnibus
1271 1377 1707 1431 commisceam.
1740 1374 1885 1428 Nam
1932 1372 2061 1443 ipsa
2094 1386 2328 1442 quoque
2359 1369 2779 1441 suppliciorum
2812 1373 3209 1429 instrumenta
3258 1377 3494 1445 propter
3542 1372 3696 1428 ﬁlios

280 1488 437 1527 amo.
472 1470 633 1531 Quod
666 1468 715 1522 si
747 1466 890 1521 mihi
935 1484 1047 1521 non
1078 1467 1452 1533 concedatur,
1484 1470 1544 1519 at
1586 1464 1729 1518 illud
1775 1466 1928 1517 certe
1958 1460 2231 1532 optarim,
2264 1464 2329 1513 ut
2358 1460 2582 1515 cineres
2612 1478 2745 1515 cum
2778 1462 3073 1517 cineribus
3104 1463 3557 1534 conjungantur,
3588 1478 3694 1518 no-

280 1576 427 1632 sque
459 1559 612 1615 296
644 1573 827 1611 unum
877 1556 1151 1626 idemque
1202 1559 1649 1610 monumentum
1697 1551 1966 1624 excipiat.
2000 1548 2128 1605 Noli
2176 1548 2250 1604 iis
2301 1549 2400 1619 qui
2453 1548 2575 1621 pari
2606 1550 2821 1605 virtute
2870 1552 3093 1621 praediti
3138 1556 3294 1619 sunt,
3330 1568 3435 1623 par
3483 1550 3693 1606 mortis

281 1664 468 1721 genus
498 1647 775 1701 invidere.
807 1644 1026 1711 Valete,
1057 1650 1295 1709 matres,
1319 1644 1522 1713 valete,
1555 1642 1683 1697 ﬁlii.
1716 1643 1809 1697 Sic
1840 1658 1873 1695 ει
1901 1640 2067 1695 vobis
2100 1642 2415 1710 prognatos
2445 1639 2687 1694 educate
2712 1656 2724 1695 :
2751 1638 2834 1695 sic
2866 1639 2977 1711 ipsi
3008 1639 3341 1695 elucemini.
3376 1639 3689 1695 Pulchrum

279 1737 446 1793 vobis
477 1734 805 1807 exemplum
842 1735 1147 1796 dedimus;
1182 1739 1415 1789 certate.
1444 1755 1470 1781 ι)

356 1826 407 1880 Ι’.
443 1827 621 1880 Ταῦτα
677 1821 852 1897 ἔλεγε,
912 1822 999 1875 καὶ
1057 1821 1362 1894 προσετίθει
1418 1823 1535 1891 (65)
1588 1825 1706 1881 τοῖς
1753 1818 1934 1873 παισὶν

2112 1816 2177 1871 Χ.
2210 1816 2325 1871 Hac
2356 1816 2618 1873 oratione
2669 1818 2887 1887 habita,
2961 1819 3097 1875 ﬁliis
3152 1819 3407 1892 seipsam
3466 1818 3696 1890 adjecit.

284 1914 499 1981 ἑαυτήν.
558 1911 682 1965 Τίνα
730 1910 929 1986 τρόπον
960 1929 973 1978 ;
1016 1915 1102 1971 Ὠς
1128 1909 1215 1964 ἰπὶ
1246 1914 1509 1986 νυμφῶνα
1539 1909 1637 1975 τὴν
1671 1906 1935 1982 πυρκαῖᾶν

282 2000 563 2077 δραμοῦσα
627 2000 847 2073 (ταύτην
908 2000 1009 2075 γὰρ
1068 1998 1403 2073 κατεκρίθη),
1465 1997 1553 2051 καὶ
1612 1997 1734 2051 οὐθὶ
1808 1994 1937 2056 τοὺς

286 2092 515 2166 ἄγοντας
575 2090 917 2161 ἀναμείνασα,
971 2086 1062 2141 ’ίνα
1124 2086 1263 2159 μηδὲ
1321 2090 1480 2158 σῶμα
1538 2084 1785 2140 ψαύσειεν
1843 2085 1934 2137 ἄν·

286 2198 443 2251 αγνον
477 2174 637 2251 ἀγνοῦ
670 2175 757 2228 καὶ
785 2174 1030 2249 γενναίου
1090 2175 1362 2244 σώματος.
1424 2171 1612 2232 Οὕτως
1669 2170 1938 2225 ἀπέλαυσε

293 2272 391 2333 τῆς
453 2264 764 2337 ἱερωσύνης.
828 2262 1107 2336 Ἐλεάζαρ,
1171 2261 1393 2333 μυηθεὶς
1453 2261 1541 2315 καὶ
1604 2262 1814 2332 μυήσας
1873 2260 1939 2312 τὰ

293 2352 599 2428 ἐπουράνια,
632 2353 720 2406 καὶ
771 2351 832 2405 οὗ
879 2356 994 2412 τοῖς
1028 2348 1215 2420 ἔξωθεν
1250 2350 1563 2425 ῥαντισμοῖς
1591 2350 1682 2403 τὸν
1717 2345 1937 2423 Ἰσραήλ

294 2442 539 2516 ἁγιάσας,
592 2441 718 2495 ἀλλ’
774 2440 996 2501 οἷ’κείοις
1054 2436 1266 2511 αἵμασι,
1324 2438 1414 2493 καὶ
1452 2441 1686 2509 ποιήσας
1712 2438 1809 2506 τὴν
1862 2457 1942 2490 τε-

300 2530 494 2599 λευτήν
540 2529 849 2585 τελευταῖον
888 2532 1183 2603 μυστήριον
1212 2532 1366 2601 (66).
1420 2527 1562 2581 οὕτω
1593 2534 1693 2596 τῆς
1750 2525 1940 2596 νεότη-

299 2639 392 2680 τος
449 2620 500 2673 οἱ
558 2616 769 2687 παῖδες,
832 2617 893 2671 οὐ
949 2623 1068 2679 ταῖς
1099 2614 1324 2687 ἡδοναῖς
1356 2614 1763 2688 δουλεύσαντες,
1796 2613 1942 2670 ἀλλᾶ

297 2713 403 2762 τῶν
436 2710 621 2762 παθῶν
675 2706 1067 2784 κυριεύσαντες,
1134 2707 1223 2761 καὶ
1279 2707 1342 2761 τὸ
1401 2711 1560 2779 σῶμα
1594 2704 1941 2781 καθαγνίσαν-

298 2817 410 2863 τες,
461 2796 549 2849 καὶ
609 2797 745 2871 πρὸς
803 2797 901 2863 τὴν
954 2796 1128 2863 ἀπαθῆ
1166 2796 1309 2864 ζωὴν
1346 2794 1715 2868 μεταθέμενοι,
1759 2794 1941 2856 Οὕτως

297 2883 568 2938 ἀπέλαυσε
608 2892 708 2954 τῆς
753 2884 1109 2946 πολυτεκνίας
1152 2886 1187 2953 ἡ
1245 2886 1450 2958 μήτηρ’
1485 2883 1627 2939 οὕτω
1658 2884 1746 2938 καὶ
1780 2889 1938 2953 ζῶσιν

298 2971 734 3043 ἐκαλλωπίσατο,
784 2972 873 3027 καὶ
934 2972 1227 3028 ἀπελθοῦσι
1304 2972 1774 3028 συνανεπαύσατο³
1848 2972 1939 3035 οὕς

298 3059 553 3135 ἐγέννησε
608 3060 821 3133 κόσμῳ,
892 3060 1008 3133 Θεῷ
1062 3063 1471 3137 παραστήσασα,
1527 3060 1613 3116 καί
1670 3063 1768 3123 τὰς
1825 3061 1942 3115 ἔαυ-

291 3156 392 3218 τῆς
444 3148 642 3211 ὠδῖνας
691 3155 805 3211 τοῖς
854 3149 1042 3212 ἄθλοις
1077 3152 1501 3226 ἀπαριθμήσασα
1530 3154 1664 3224 (67),
1723 3152 1936 3204 καὶτοῦ
1967 3185 2009 3250 C

290 3239 454 3292 τόκου
484 3239 580 3306 τὴν
614 3238 938 3293 ἀκολουθίαν
987 3245 1103 3301 τοῖς
1134 3241 1381 3302 θανάτοις
1412 3238 1740 3313 γνωρίσασα,
1798 3240 1936 3293 Ἀπὸ

294 3327 395 3399 γὰρ
440 3331 536 3379 τοῦ
593 3328 812 3402 πρώτου
866 3333 973 3381 τῶν
1034 3325 1241 3382 παίδων
1304 3327 1595 3402 μέγριτοῦ
1624 3327 1938 3382 τελευταίου

292 3418 358 3469 τὰ
396 3418 493 3484 τῆς
546 3417 846 3486 ἀθλήσεως,
900 3417 988 3471 καὶ
1042 3414 1220 3491 ὣσπερ
1254 3415 1305 3470 ὲν
1333 3420 1586 3488 κυμάτων
1647 3415 1937 3471 ἐπαναστά-

296 3526 459 3575 σεσιν,
521 3504 688 3566 ἄλλος
744 3505 826 3559 ἐπ’
874 3505 1031 3577 αλλῳ
1077 3506 1175 3574 τὴν
1210 3506 1402 3581 ἀρετὴν
1439 3503 1793 3573 ἐπεδείκνυτο,
1851 3506 1938 3561 καὶ

297 3592 372 3654 εἷς
403 3598 464 3646 τὸ
496 3595 725 3669 πάσχειν
897 3597 960 3662 ἦν
995 3595 1425 3671 προθυμότερος,
1470 3600 1586 3657 τοῖς
1633 3599 1730 3649 τοῦ
1760 3616 1941 3669 προει-

298 3679 536 3757 ληφότος
584 3680 855 3743 κινδῦνοις
909 3682 1320 3755 στομούμενος·
1384 3681 1521 3738 ὥστε
1575 3684 1785 3759 ἀγαπᾷν
1846 3684 1937 3739 τὸν

292 3771 567 3844 τύραννον,
620 3770 701 3825 ὅτι
762 3773 836 3843 μὴ
890 3769 1155 3825 πλειόνων
1207 3771 1439 3847 ἐγεγόνει
1477 3772 1937 3844 μήτηρ-μᾶλλον

294 3858 397 3932 γὰρ
458 3859 515 3912 ἂν
568 3858 781 3927 ἀπῆλθε
826 3859 1307 3933 κατῃσχυμμὲνος,
1340 3860 1427 3913 καὶ
1460 3861 1789 3931 ἡττημένος.
1843 3860 1941 3915 Καὶ

292 3946 415 4001 τότε
446 3952 661 4021 πρῶτον
722 3946 883 4022 ἔγνω,
942 3949 1016 4019 μή
1077 3946 1249 4001 πάντα
1287 3952 1403 4007 τοῖς
1457 3946 1652 4007 ὅπλοις
1712 3946 1939 4021 ἰσχύων,

300 4034 463 4087 ὁπότε
509 4036 691 4087 παισὶν
725 4033 957 4094 ἀόπλοις
988 4029 1342 4107 προσίϐαλεν,
1378 4035 1453 4087 ἒνὶ
1492 4034 1662 4105 μόνῳ,
1695 4037 1762 4106 τῇ
1795 4033 1939 4088 εὐσε-

293 4115 431 4190 ϐεία,
492 4121 984 4193 καθωπλισμένοις,
1044 4121 1133 4176 καὶ
1192 4120 1271 4193 τῷ
1326 4122 1499 4177 πάντα
1546 4122 1773 4198 πάσχειν
1806 4143 1942 4196 προ-

294 4209 619 4282 θυμοτὲροις
696 4214 829 4281 (69),
888 4210 922 4279 ἥ
982 4208 1109 4286 δρᾷν
1155 4211 1327 4265 ἐκεῖνο
1384 4215 1493 4283 (70)
1553 4212 1940 4284 παρεσκευάζε-

293 4317 378 4350 το.

2051 1906 2313 1969 Quonam
2360 1911 2526 1978 pacto
2546 1906 2573 1961 ‘2
2603 1906 2697 1962 Sic
2720 1924 2949 1979 nempe,
2978 1914 3039 1963 ut
3065 1909 3134 1963 ad
3160 1925 3364 1981 rogum
3388 1909 3518 1980 (hoc
3539 1908 3697 1964 enim

2048 1994 2321 2065 supplicii
2345 2010 2556 2066 genere
2590 1994 2837 2051 multata
2868 1996 3103 2067 fuerat),
3149 2014 3263 2052 non
3295 2014 3465 2052 secus
3514 2001 3697 2069 atque

2048 2084 2117 2137 ad
2153 2083 2474 2154 nuptialem
2508 2084 2833 2139 thalamum
2866 2091 3142 2151 curreret,
3185 2102 3251 2141 ac
3280 2102 3351 2140 ne
3390 2086 3694 2141 carniﬁces

2053 2172 2291 2242 quidem
2319 2176 2703 2243 exspectaret,
2729 2189 2799 2228 ne
2822 2179 3090 2228 sanctum
3116 2179 3173 2228 et
3198 2190 3543 2245 generosum
3572 2191 3694 2230 cor-

2050 2277 2159 2331 pus
2182 2260 2406 2331 profani
2432 2259 2700 2315 homines
2725 2262 3147 2333 contingerent.
3182 2262 3347 2317 Hunc
3377 2263 3687 2319 sacerdotii

2051 2349 2307 2403 fructum
2340 2349 2491 2420 cepit
2521 2347 2852 2418 Eleazarus,
2884 2351 2981 2421 qui
3012 2350 3269 2406 ccelestia
3300 2350 3577 2423 mysteria
3601 2351 3691 2406 di-

2052 2437 2270 2492 dicerat
2298 2452 2363 2492 ac
2395 2437 2689 2505 docuerat,
2724 2443 2900 2510 atque
2930 2438 3203 2495 Israelem
3262 2456 3377 2495 non
3432 2441 3689 2496 externis

2052 2526 2513 2597 aspersionibus,
2545 2528 2645 2582 sed
2680 2528 2914 2599 proprio
2962 2544 3165 2583 cruore
3222 2529 3589 2596 lustraverat,
3638 2533 3696 2585 et

2053 2620 2301 2670 mortem
2321 2619 2647 2671 extremum
2672 2618 3015 2689 mysterium
3040 2617 3271 2674 fecerat.
3304 2617 3470 2673 Hunc
3484 2618 3695 2689 juven-

2051 2703 2195 2758 tutis
2227 2704 2483 2759 fructum
2516 2703 2780 2760 tulerunt
2809 2705 2931 2774 ﬁlii,
2964 2706 3065 2777 qui
3122 2723 3237 2762 non
3296 2706 3694 2778 voluptatibus

2052 2793 2461 2857 inservierunt,
2485 2794 2585 2849 sed
2610 2794 2983 2851 turbulentos
3005 2794 3187 2850 animi
3212 2800 3405 2851 motus
3444 2796 3691 2853 rationis

2052 2880 2297 2952 imperio
2327 2887 2820 2953 compresserunt,
2862 2900 3191 2956 corpusque
3221 2901 3255 2940 a
3285 2884 3505 2956 peccati
3560 2900 3687 2939 sor-

2050 2969 2223 3024 dibus
2254 2986 2466 3041 purum
2498 2977 2824 3038 servarunt,
2856 2976 3031 3043 atque
3062 2973 3133 3027 ad
3190 2972 3370 3028 vitam
3403 2990 3434 3027 a
3464 2973 3690 3029 vitiosis

2048 3058 2382 3114 animorum
2414 3061 2877 3131 permotionibus
2906 3060 3150 3117 liberam
3206 3060 3477 3117 translati
3526 3066 3684 3117 sunt.

2048 3146 2165 3202 Hoc
2196 3148 2486 3202 commodi
2517 3163 2584 3202 ex
2617 3148 2925 3219 multiplici
2957 3149 3156 3204 sobole
3186 3150 3337 3221 cepit
3359 3155 3573 3205 mater:
3603 3150 3690 3206 sic

2047 3240 2104 3291 et
2125 3236 2268 3291 vivis
2295 3236 2540 3308 gloriata
2563 3241 2734 3306 est,et
2753 3254 2886 3291 cum
2915 3238 3059 3310 ipsis
3081 3238 3235 3294 diem
3259 3238 3388 3293 vita
3412 3238 3687 3294 ultimum

2048 3324 2258 3380 clausit
2288 3343 2301 3393 ;
2332 3341 2447 3380 non
2478 3331 2611 3380 ante
2642 3330 2859 3394 tamen,
2894 3343 3094 3398 quam,
3124 3343 3271 3399 quos
3302 3329 3525 3383 mundo
3548 3344 3694 3400 pro-

2049 3420 2361 3482 creaverat,
2405 3414 2517 3470 Deo
2538 3414 2920 3486 exhibuisset,
2946 3416 3297 3488 doloresque
3318 3433 3468 3487 quos
3512 3417 3567 3471 in
3596 3434 3694 3489 pa-

2048 3503 2249 3559 riendo
2270 3504 2998 3576 pertulerat,certaminum
3018 3522 3261 3561 numero
3277 3507 3692 3573 recensuisset,

2049 3597 2438 3665 partuumque
2470 3593 2678 3648 seriem
2712 3610 2780 3648 ex
2802 3593 3066 3665 ipsorum
3102 3599 3286 3649 morte
3315 3594 3688 3666 recognovis-

2049 3687 2157 3738 set.
2182 3688 2227 3736 A
2251 3684 2439 3753 primo
2470 3683 2625 3738 enim
2659 3682 2728 3736 ad
2764 3683 3040 3738 ultimum
3066 3701 3275 3756 usque,
3296 3700 3500 3739 omnes
3524 3683 3696 3738 dimi-

2050 3777 2279 3837 carunt,
2312 3772 2580 3842 aliusque
2609 3771 2727 3837 alii,
2762 3771 2917 3826 velut
2947 3772 3004 3826 in
3038 3772 3692 3842 ﬁuctuumjactatione,

2050 3861 2389 3926 succedens,
2422 3860 2653 3914 virtutis
2684 3876 2803 3914 sum
2835 3862 3127 3931 specimen
3154 3861 3488 3927 exhibebat,
3511 3862 3695 3931 majo-

2052 3964 2287 4018 remque
2318 3948 2388 4001 ad
2423 3946 2794 4017 perferendos
2825 3946 3053 4004 dolores
3085 3947 3444 4003 alacritatem
3490 3949 3697 4004 affere-

2053 4036 2171 4100 bat,
2203 4036 2331 4105 ejus
2361 4034 2663 4104 nimirum,
2696 4035 2795 4105 qui
2823 4041 3217 4106 praecesserat,
3247 4036 3522 4107 periculis
3558 4037 3698 4093 inci-

2050 4127 2207 4177 tatus
2223 4128 2279 4176 et
2295 4127 2602 4177 exacutus:
2630 4122 2771 4177 adeo
2796 4128 3156 4194 uttyrannus
3179 4125 3485 4179 commode
3499 4141 3696 4180 secum

2052 4212 2144 4283 agi
2167 4213 2421 4278 duceret,
2447 4214 2601 4281 quod
2630 4227 2743 4265 non
2769 4212 2967 4282 plures
2997 4210 3329 4267 illaliberos
3344 4214 3698 4284 peperisset;

2054 4301 2136 4355 sic
2154 4300 2308 4355 enim
2336 4299 2544 4370 majori
2568 4316 2701 4355 cum
2724 4300 3007 4355 dedecore
3029 4306 3087 4355 et
3108 4300 3271 4355 clade
3309 4300 3697 4358 discessisset.

288 4388 368 4440 Ac
398 4392 521 4441 tum
558 4388 815 4450 primum
851 4405 912 4443 se
945 4407 1058 4444 non
1093 4390 1292 4445 omnia
1320 4392 1369 4444 vi
1406 4396 1577 4463 atque
1611 4390 1789 4445 armis
1820 4392 2098 4462 consequi
2145 4405 2314 4460 posse
2346 4389 2635 4461 cognovit,
2670 4405 2801 4443 cum
2838 4389 3089 4445 inermes
3119 4406 3330 4461 pueros
3362 4407 3701 4464 oppugnare

291 4492 605 4546 aggressus
637 4481 745 4543 est,
782 4477 923 4533 solis
958 4479 1189 4548 pietatis
1220 4479 1402 4534 armis
1464 4480 1803 4548 instructos,
1837 4484 2014 4551 atque
2056 4480 2138 4534 ita
2192 4478 2451 4544 aﬂ‘ectos,
2479 4482 2545 4534 ut
2573 4478 2646 4533 ad
2677 4479 2893 4549 quaevis
2952 4482 3245 4535 tormenta
3298 4481 3696 4551 perpetienda,

291 4579 469 4634 quam
499 4562 596 4618 ille
624 4564 696 4618 ad
729 4565 1051 4635 inferenda,
1086 4567 1407 4638 paratiores
1439 4573 1653 4623 essent.

365 4651 471 4707 IA'.
538 4654 705 4705 Τοῦτο
745 4658 843 4721 τῆς
880 4654 1083 4729 Ἰεφθάε
1140 4652 1321 4715 θυσίας
1374 4652 1793 4731 ἀσφαλέστερον,
1850 4652 1936 4709 καὶ

2121 4656 2210 4711 ΧΙ.
2243 4654 2360 4711 Ηοο
2392 4654 2646 4722 facinus,
2675 4653 2887 4727 Jephte
2941 4655 3228 4713 sacriﬁcio
3259 4656 3308 4697 ⁷³
3343 4656 3574 4713 cautius
3606 4661 3697 4712 at-

362 4769 403 4801 "
437 4766 650 4823 Thren.
687 4786 761 4837 xv,
793 4770 846 4824 7.
924 4771 969 4805 ⁷³
998 4770 1185 4826 Judic.
1224 4786 1301 4839 x1,
1331 4771 1403 4825 3O
1432 4787 1597 4843 seqq.

296 4884 477 5007 sé£63)
533 4880 885 4955 Ὺποδὲξηται
944 4886 1041 4944 0r.
1100 4888 1154 4957 2,
1218 4886 1397 4954 Pass.,
1458 4887 1743 4958 Combef.,
1806 4886 1938 4941 ὑπο-

359 4972 521 5007 εεται.

390 4972 521 5007 εται.

359 4979 846 5102 ῗὲῗὶιοιλεδῴκαμεν
909 5027 1057 5102 ὑμῖν
1122 5026 1467 5102 ἀγωνίζεσθε.
1560 5029 1653 5084 Sic
1738 5028 1937 5102 plures

292 5098 496 5167 Regg.,
528 5098 803 5170 tredecim
832 5101 1018 5170 Colb.,
1054 5098 1224 5156 Cois].
1261 5102 1285 5155 1
1320 5107 1375 5155 et
1403 5104 1459 5169 ‘3,
1508 5108 1639 5167 elc.,
1680 5098 1937 5170 omissis

291 5170 384 5245 bis
418 5168 677 5245 vocibus,
708 5171 844 5242 πρὸς
902 5168 1011 5225 τὸν(
1050 5171 1231 5245 ἀγῶνα
1285 5172 1381 5225 τὸυ
1438 5168 1605 5226 καλὸν
1666 5169 1935 5245 ἀγωνίζε-

290 5242 427 5315 σθαι,
454 5262 481 5287 ‹‹
518 5245 579 5293 ut
610 5243 827 5297 bonum
860 5242 1151 5299 certamen
1185 5245 1436 5312 certetis,
1473 5267 1500 5294 υ
1531 5261 1655 5315 quae
1709 5242 1766 5298 in
1814 5244 1935 5299 edi-

289 5314 365 5367 tis
394 5310 687 5381 leguntur.

500 5382 828 5459 Προσετίθει.
865 5384 1005 5459 Reg,
1039 5387 1159 5450 bm,
1190 5386 1506 5459 προσετίθη.

528 5452 799 5532 Τελευτὴν
842 5452 1193 5532 *τελευταῖον*
1232 5452 1549 5532 μυστήριον.
1613 5458 1706 5532 Sic
1793 5458 1929 5532 Reg.

325 5525 499 5593 lures,
536 5528 804 5583 undecim
829 5527 1012 5595 Colb.,
1044 5525 1305 5595 Coisl.'2,
1337 5525 1434 5585 0r".
1464 5532 1499 5584 2
1530 5534 1586 5585 et
1616 5530 1779 5586 Pass.
1818 5525 1935 5584 Bil-

326 5544 499 5593 lures,
536 5544 804 5583 unaec1m
829 5544 1012 5595 uom.,
1044 5544 1215 5585 L018].
1248 5544 1305 5595 Ζ,
1337 5544 1434 5585 Ur.
1464 5544 1499 5584 Ζ
1530 5544 1586 5585 et
1616 5544 1779 5586 t’ass.
1818 5544 1934 5584 bll-

284 5544 400 5653 rius
430 5614 532 5669 pro
563 5600 847 5668 τελευτήν,
880 5599 1184 5673 Ιᾲοεζὶιίουω
1217 5600 1409 5672 editis,
1441 5598 1751 5656 τελευταίαν
1801 5599 1934 5673 ἡμι-

285 5688 404 5754 ραν,
430 5692 457 5719 ‹‹
490 5674 821 5727 extremum
852 5671 983 5727 vita
1015 5672 1193 5729 diem.
1228 5693 1256 5722 »

2142 4888 2233 4961 67)
2266 4886 2743 4961 ’Δπαριθμῄήσασι
2776 4891 2916 4961 Reg.
2950 4888 3007 4958 d,
3040 4884 3406 4961 ἀριθμήσασα.

2267 4956 2367 5011 Καὶ
2400 4956 2475 5018 εἷς
2504 4956 2566 5033 τὸ
2596 4956 3021 5033 πάσχιιινξρῐῤ.
3053 4956 3221 5014 Deest
3280 4957 3395 5033 είς,Δ
3436 4960 3495 5014 in
3555 4975 3696 5033 qua-

2046 5026 2181 5085 tubr
2212 5026 2411 5101 Regg.,
2446 5036 2502 5085 et
2531 5031 2587 5085 in
2619 5026 2799 5086 Or."2.
2836 5031 2937 5084 Alii
2972 5032 3195 5101 legunt,
3223 5029 3319 5081 κπὶ
3353 5026 3429 5089 εἰς
3456 5032 3536 5101 τῷ
3575 5026 3694 5083 ⁷πάο

2046 5118 2196 5189 σχειν
2234 5100 2601 5173 [perperam].
2636 5103 2867 5156 Nicetas
2900 5103 2958 5155 in
3018 5100 3414 5173 expositione:
3476 5100 3567 5161 Εἰς
3628 5103 3690 5154 τὸ

2046 5192 2277 5225 πασγειν
2320 5177 2437 5225 τοῖς
2469 5177 2569 5225 τοῦ
2618 5170 3021 5225 προειληφότος
3069 5169 3339 5225 κινδύνοις
3384 5171 3690 5225 στομούμε-

2046 5192 2277 5247 πασχειν
2320 5192 2437 5233 τοις
2469 5193 2569 5225 του
2618 5192 3021 5247 προειληφότος
3069 5192 3339 5233 κινουνοις
3384 5192 3694 5242 στομουμε-

2044 5264 2161 5304 νος.
2200 5268 2226 5294 ‹‹
2258 5246 2724 5317 Praecedentibus
2758 5246 3030 5317 periculis
3062 5246 3391 5311 roboratus,
3419 5246 3694 5299 obﬁrma-

2046 5320 2161 5384 tus,
2196 5317 2264 5370 ad
2303 5318 2645 5384 perferanda
2674 5316 2939 5372 alaerior.
2977 5338 3005 5364 ››

2117 5389 2228 5457 (69)
2262 5385 2722 5460 Ιῐροθυμοτέροις.
2757 5389 2847 5460 Sic
2905 5386 3075 5460 Coisl.
3136 5388 3191 5460 2_,
3252 5391 3309 5441 et
3364 5387 3459 5441 Or.
3516 5389 3571 5441 2.
3633 5386 3693 5441 lu

2046 5453 2681 5532 αΙὶἰξ,’προθυμοτὲρως.
2716 5459 2886 5532 Editi.
2922 5453 3350 5532 προθυμότερον.

2116 5528 2654 5603 (70):Exeivo<.:Sic
2684 5547 2785 5585 sex
2815 5528 2977 5603 Reg.,
3022 5530 3193 5586 Coisl.
3237 5528 3306 5601 ’1,
3366 5528 3461 5585 0r.
3521 5532 3578 5603 2=
3638 5535 3696 5588 et

2044 5600 2208 5659 Pass.
2242 5602 2419 5672 Editi,
2450 5599 2701 5666 ἐκείνοις.
