4094 6288
448 384 562 451 931

1690 377 1758 441 S.
1805 368 2177 439 GREGORII
2227 369 2621 439 THEOLOGI

3741 374 3869 440 93!

452 538 565 594 que
583 517 1078 591 magniﬁcentius.
1104 515 1301 586 Neque
1327 514 1506 583 enim,
1531 516 1594 568 ut
1632 511 1775 577 illic,
1800 509 2086 582 pollicita-

2215 506 2811 582 μεγαλοπρεπέστερον.
2874 508 2951 564 Οὐ
3000 504 3103 583 γὰρ
3150 504 3447 584 ’ἀναγκαίαν
3515 508 3685 564 ἐποίει
3758 511 3861 578 τήν

453 609 631 665 tionis
656 608 937 677 fervor,ac
958 607 1278 676 desperatze
1302 603 1549 657 victorias
1576 601 1871 674 cupiditas
1894 604 2096 654 votum

452 697 716 754 solvendi
740 695 1147 751 necessitatem
1172 693 1508 763 imponebat
1532 710 1545 757 ;
1573 693 1671 747 sed
1722 708 1755 745 a
1784 690 1970 745 libera
1998 704 2097 742 vo-

453 788 679 842 luntate
702 784 1054 841 sacriﬁcium
1070 781 1567 854 proﬁciscebatur,
1599 785 1655 835 et
1675 780 1911 851 quidem
1943 778 2090 834 297

455 875 769 947 ejusmodi,
800 879 864 928 ut
894 873 965 928 iis
997 876 1249 939 tantum,
1284 886 1408 939 (ιυω
1441 870 1498 923 in
1531 886 1635 940 spe
1684 869 1876 939 posita
1934 870 2094 931 sunt,

458 965 715 1038 praemiis
738 960 1165 1018 niteretur.Hoc
1188 958 1444 1015 Danielis
1466 956 1887 1013 certaminibus
1909 956 2095 1010 haud-

453 1069 754 1126 quaquam
775 1050 1042 1119 inferius,
1079 1049 1178 1121 qui
1224 1048 1493 1103 leonibus
1526 1047 1582 1101 in
1615 1062 1808 1101 escam
1832 1045 2097 1115 objectus

449 1148 540 1199 est
566 1143 631 1210 "‘3,
663 1157 729 1196 ac
762 1157 862 1212 per
893 1155 1178 1194 manuum
1207 1135 1606 1194 extensionem
1639 1134 1864 1189 belluas
1923 1149 2096 1204 supe-

453 1232 619 1288 ravit.
656 1230 769 1285 Hoc
794 1231 1077 1299 juvenum
1111 1227 1172 1281 in
1201 1224 1438 1298 Assyria
1494 1223 1852 1295 captivorum
1912 1221 2095 1277 lucta-

450 1320 708 1376 tionibus
739 1318 1201 1389 haudquaquam
1233 1315 1385 1369 cedit
1414 1315 1480 1379 “,
1508 1328 1674 1383 quos,
1734 1328 1865 1366 cum
1916 1310 2096 1365 nullis

453 1409 780 1464 rationibus
813 1406 1026 1462 adduci
1059 1404 1408 1477 potuissent,
1433 1407 1501 1457 ut
1535 1401 1757 1474 patrias
1788 1401 1945 1473 leges
1974 1400 2096 1455 vio-

449 1500 658 1564 larent,
692 1497 1009 1566 cibumque
1039 1495 1346 1564 profanum
1391 1490 1793 1554 admitterent,
1853 1487 2098 1560 angelus

452 1588 510 1643 in
544 1585 754 1641 mediis
787 1582 1042 1639 flammis
1074 1579 1452 1653 refrigeravit.
1489 1579 1606 1634 Hoc
1636 1578 1889 1648 denique
1929 1576 2095 1631 victi-

454 1677 565 1732 mis
597 1674 734 1741 illis,
766 1689 895 1743 quas
928 1675 1127 1742 postea
1158 1685 1260 1741 pro
1289 1668 1518 1724 Christo
1576 1683 1735 1722 caesae
1784 1670 1943 1732 sunt,
1996 1682 2096 1721 ne-

451 1778 746 1837 quaquam
763 1760 1060 1814 minorum
1083 1757 1311 1813 laudem
1327 1755 1689 1828 gloriamque
1712 1760 2092 1826 promeretur.

455 1850 542 1907 Illi
572 1866 751 1919 enim,
783 1846 1281 1919 quemadmodum
1326 1842 1606 1899 orationis
1662 1841 1829 1896 initio
1860 1859 1893 1896 a
1923 1840 2093 1895 nobis
2124 1883 2171 1947 Β

452 1940 676 1996 dictum
697 1941 806 2008 est,
836 1935 1052 1992 Christi
1076 1932 1423 2005 sanguinem
1447 1931 1864 2003 sequebantur;
1881 1929 2092 1985 Deum-

450 2044 587 2101 que,
617 2027 717 2099 qui
747 2029 980 2081 tantum
1010 2028 1249 2094 tamque
1278 2019 1624 2076 admirabile
1648 2036 1863 2074 munus
1885 2016 2094 2073 salutis

451 2124 661 2174 nostrae
690 2131 870 2171 causa
898 2113 1131 2179 obtulit,
1165 2112 1237 2166 ad
1267 2109 1610 2179 hujusmodi
1642 2109 1962 2164 certamina
1990 2108 2093 2162 du-

451 2222 573 2263 cem
602 2204 900 2260 habebant
924 2220 936 2258 :
957 2201 1052 2257 his
1072 2205 1271 2256 autem
1318 2215 1423 2255 nec
1455 2197 1660 2265 multa,
1683 2214 1789 2253 nec
1807 2196 1947 2251 talia
1974 2197 2091 2251 vir-

448 2296 595 2351 tutis
624 2292 891 2365 exempla
921 2291 1314 2362 contigerunt.
1348 2291 1568 2342 Horum
1604 2285 2005 2341 fortitudinem
2035 2290 2092 2341 et

448 2382 837 2440 constantiam
870 2380 1142 2435 universa
1170 2378 1371 2433 Judaaa
1402 2376 1691 2430 admirata
1749 2379 1860 2441 est,
1918 2378 2091 2446 atque

449 2471 781 2530 exsultabat
806 2468 1141 2539 animisque
1157 2466 1508 2538 erigebatur,
1534 2464 1773 2536 perinde
1795 2481 1861 2518 ac
1879 2463 1926 2518 si
1962 2465 2090 2535 ipsa

449 2576 723 2618 coronam
756 2561 1071 2613 consecuta
1101 2564 1271 2611 esset.
1310 2553 1530 2610 Etenim
1588 2558 1878 2608 certamen
1931 2553 2088 2608 istud

447 2654 573 2706 erat
603 2648 867 2705 omnium
899 2645 1306 2709 certaminum,
1339 2641 1553 2713 quibus
1588 2657 1849 2711 unquam
1887 2640 2088 2713 impli-

447 2743 578 2795 cata
602 2736 806 2794 civitas
831 2736 1040 2805 fuerat,
1066 2732 1411 2796 maximum,
1439 2735 1500 2786 ut
1523 2728 1620 2786 illo
1643 2730 1753 2800 die,
1805 2734 1907 2784 aut
1941 2729 2087 2803 legis

446 2828 761 2884 auctoritas
783 2830 1153 2892 everteretur,
1197 2826 1295 2875 aut
1324 2819 1568 2892 gloriam
1620 2836 1685 2874 ac
1715 2817 2085 2889 splendorem

445 2899 930 2988 consequeretur:
962 2917 1133 2983 atque
1154 2927 1220 2966 eo
1242 2910 1352 2964 loci
1373 2913 1496 2964 tota
1523 2908 1895 2963 Hebraeorum
1928 2908 2084 2965 natio

445 3007 697 3063 adducta
717 3007 861 3069 erat,
887 3006 952 3056 ut
968 2999 1160 3055 omnis
1183 3014 1378 3052 rerum
1408 2998 1672 3069 ipsorum
1688 3001 1879 3052 status
1905 2997 2085 3067 hujus

444 3092 780 3151 certaminis
810 3088 1066 3163 periculo
1124 3086 1538 3157 contineretur,
1599 3090 1792 3156 atque,
1854 3090 1918 3140 ut
1967 3087 2081 3141 dici

445 3182 832 3247 consuevit,in
855 3176 1145 3235 novaculae
1168 3177 1289 3231 acie
1310 3179 1647 3246 staret.Ipse
1691 3191 1920 3245 quoque
1965 3178 2081 3230 An-

438 3272 691 3335 tiochus,
727 3268 902 3325 minis
933 3267 993 3322 in
1021 3266 1464 3321 admirationem
1488 3265 1804 3331 conversis,
1830 3264 2083 3319 demira-

2207 594 2471 667 hrtSoaw,
2549 598 2729 671 ὥσπερ
2809 595 2939 663 ἐκεῖ,
3017 596 3342 671 ἐπαγγελίας
3419 598 3713 672 θερμότης,
3772 599 3864 653 καὶ

2205 685 2358 756 νίκης
2392 684 2528 761 ἔρως
2562 686 2987 759 ἀπεγνωσμένης
3017 688 3129 759 (71)
3153 706 3163 716 ·
3200 685 3326 740 ἀλλ’
3356 686 3600 749 ἒκούσίος
3643 689 3864 764 ἱερουρ-

2205 775 2321 849 γία,
2361 775 2451 829 καὶ
2506 775 2694 847 μισθὸν
2742 773 2943 850 ἔχουσα
2994 774 3133 847 μόνα
3178 776 3246 829 τὰ
3292 773 3640 849 ἐλπιζόμενα.
3691 781 3861 831 Τοῦτο

2203 867 2311 919 τῶν
2366 862 2565 931 Δανιὴλ
2613 861 2794 927 ἄθλων
2842 863 2940 917 οὐκ
2979 862 3320 940 ἀτιμότερον,
3352 862 3750 939 παραδοθέντος
3784 865 3865 927 εἰς

2211 953 2373 1029 βορὰν
2421 950 2627 1024 λέουσι,
2677 952 2766 1007 καὶ
2810 951 2881 1027 τῇ
2930 954 3038 1007 τῶν
3067 956 3269 1029 χειρῶν
3298 952 3504 1007 ἐκτάσει
3534 952 3660 1015 τοὺς
3691 956 3864 1027 θῆρας

2204 1044 2545 1112 νικήσαντος.
2605 1046 2774 1097 Τοῦτο
2842 1046 2946 1095 τῶν
3008 1041 3059 1095 ἐν
3137 1042 3391 1115 Ἀσσυρίᾳ
3446 1043 3737 1098 νεανίσκων
3797 1043 3861 1098 οὐ

2206 1129 2477 1207 δεύτερον,
2530 1132 2622 1193 οὓς
2688 1129 2919 1208 ἄγγελος
2982 1130 3230 1205 ἀνέψυξεν
3279 1130 3330 1185 ἐν
3386 1131 3538 1208 πυρὶ,
3595 1133 3687 1186 τὸν
3750 1153 3862 1187 πα-

2204 1226 2378 1296 τρῷον
2429 1220 2597 1294 νόμον
2631 1221 2705 1292 μὴ
2756 1219 3181 1286 καταλύσαντας,
3229 1217 3369 1291 μηδὲ
3395 1222 3602 1298 τροφὴν
3637 1241 3861 1298 προσιε-

2210 1309 2403 1384 μὲνους
2457 1306 2693 1386 βέϐηλον
2742 1310 2831 1364 καὶ
2864 1310 3094 1386 ἀνίερον.
3128 1314 3296 1363 Τοῦτο
3327 1314 3435 1363 τῶν
3465 1308 3689 1383 ὕστερον
3722 1311 3859 1387 ὑπὲρ

2207 1404 2442 1475 Χριστοῦ
2482 1400 2733 1473 θυμάτων
2784 1401 2916 1473 (72),
2970 1398 3045 1459 εἷς
3098 1396 3415 1475 φιλοτιμίαν
3463 1398 3562 1452 οὐκ
3611 1396 3859 1457 ἔλαττον.

2205 1490 2271 1545 Οἱ
2307 1489 2402 1561 μὶν
2447 1490 2571 1564 γὰρ,
2622 1486 2652 1542 ὅ
2681 1487 2768 1542 καὶ
2818 1486 3131 1563 ἀρχόμενος
3174 1489 3323 1542 εἷπον
3373 1492 3470 1542 τοῦ
3528 1487 3721 1564 λόγου,
3779 1492 3862 1559 τῷ

2206 1580 2441 1652 Χριστοῦ
2492 1576 2973 1646 κατηκολούθησαν
3026 1574 3255 1649 αἵματι·
3308 1576 3398 1630 καὶ
3443 1577 3572 1638 Θεὸς
3628 1579 3689 1645 ἦν
3725 1574 3859 1649 ὁδη-

2203 1666 2300 1742 γὸς
2328 1670 2436 1720 τῶν
2468 1665 2731 1720 τοιούτων
2786 1664 2878 1729 ἅθ)
2895 1687 2986 1737 ων,
3034 1665 3301 1735 τοσαύτην
3354 1666 3486 1741 ὑπὲρ
3535 1668 3697 1739 ἡμῶν
3757 1666 3868 1721 εἰσ-

2207 1755 2432 1831 ενεγκὼν
2466 1758 2577 1827 (73)
2610 1754 2861 1832 εἰσφορὰν
2894 1753 2982 1808 καὶ
3029 1752 3171 1808 οὕτω
3213 1752 3512 1829 παράδοξον
3541 1772 3555 1785 ⁸
3602 1759 3723 1816 τοῖς
3782 1752 3863 1823 δὲ,

2206 1844 2268 1897 οὐ
2296 1842 2502 1913 πολλὰ,
2554 1841 2678 1898 οὐδὲ
2723 1848 2946 1897 τοιαῦτα
2990 1842 3058 1896 τὰ
3108 1849 3206 1911 τῆς
3237 1843 3430 1918 ἀρετῆς
3464 1840 3862 1918 ὑποδείγματα.

2200 1931 2415 1987 Τούτων
2488 1933 2587 2001 τὴν
2657 1932 2942 2007 καρτερίαν
3014 1931 3281 2006 ἐθαύμασε
3353 1932 3447 2006 μὶν
3524 1934 3559 2001 ἡ
3621 1929 3861 1988 Ἰουδαία

2201 2027 2363 2093 πᾶσα,
2406 2021 2495 2076 καὶ
2544 2021 2618 2082 ὡς
2664 2020 2800 2088 αύτή
2848 2023 3239 2099 στεφηνωθεῖσα
3285 2018 3559 2097 ἠγάλλετο
3591 2021 3679 2075 καὶ
3713 2018 3863 2076 διαν-

2206 2108 2406 2167 ίστατο.
2440 2110 2538 2164 Καὶ
2571 2111 2674 2184 γὰρ
2704 2109 2772 2179 ἦν
2801 2110 2946 2184 ἀγὼν
2999 2109 3174 2179 οὗτος,
3217 2108 3307 2163 καὶ
3339 2109 3564 2183 ἀγώνων
3602 2109 3862 2184 μέγιστος

2198 2204 2305 2253 τῶν
2341 2201 2452 2271 (74)
2498 2201 2721 2253 πώποτε
2767 2198 3139 2274 περισχόντων
3186 2200 3300 2271 (75)
3338 2200 3437 2267 τήν
3466 2194 3652 2270 πόλιν,
3684 2199 3719 2267 ἢ
3752 2219 3855 2253 κα-

2197 2287 2493 2357 ταλυθῆναι
2541 2289 2631 2342 τὸν
2670 2282 2838 2359 νὸμον
2870 2289 3005 2341 κατά
3033 2289 3132 2355 τήν
3164 2285 3371 2363 ἡμέραν
3405 2286 3635 2359 ἐκείνην,
3666 2289 3699 2357 ἢ
3759 2286 3857 2342 δο-

2200 2377 2485 2447 ξασθῆναι·
2537 2376 2625 2430 καὶ
2686 2376 2759 2437 ὡς
2810 2376 2897 2430 ἐπὶ
2956 2376 3115 2451 ξυροῦ
3161 2378 3229 2430 τὰ
3280 2378 3577 2453 πράγματα
3608 2377 3852 2447 εἱστήκει

2198 2467 2311 2538 (76)
2344 2465 2465 2519 τότε
2494 2464 2652 2518 παντῖ
2684 2469 2761 2535 τῷ
2790 2469 2894 2519 τῶν
2916 2462 3181 2539 Ἑϐραίων
3204 2464 3368 2539 γένει,
3402 2467 3468 2519 τὰ
3495 2468 3594 2535 τῆς
3630 2465 3848 2520 ἰκείνων

2198 2554 2500 2624 ἀθλήσεως.
2536 2555 2766 2628 Ἠγάσθη
2803 2551 2859 2607 δὲ
2890 2554 2974 2608 καὶ
3005 2553 3311 2629 ’Δντίοχος,
3345 2553 3489 2608 οὕτω
3524 2549 3848 2628 μεταϐαλὼν

2197 2642 2274 2705 εἰς
2306 2646 2486 2716 θαῦμα
2514 2644 2612 2711 τήν
2643 2641 2899 2713 ἀπειλήν.
2946 2643 3115 2699 Ἰσασι
3148 2642 3249 2717 γὰρ
3293 2642 3582 2717 θαυμάζειν
3636 2640 3845 2718 ἀνδρῶν

2194 2731 2388 2805 ἀρετὴν
2412 2730 2501 2785 καὶ
2534 2730 2817 2804 πολέμιοι,
2848 2726 2972 2784 ὅταν
3008 2733 3135 2803 (77),
3184 2735 3280 2785 τοῦ
3328 2733 3503 2803 θυμοῦ
3554 2730 3846 2802 λήξαντος,

2194 2823 2227 2891 ἡ
2261 2820 2452 2895 πρᾶξις
2484 2820 2563 2898 ἐφ’
2597 2821 2793 2889 ἑαυτῆς
2825 2822 2938 2892 (78)
2969 2817 3334 2891 δοκιμάζηται
3366 2823 3500 2893 (79).
3548 2822 3706 2875 Ὥστε
3752 2822 3846 2876 καὶ

2194 2908 2436 2980 ἀπῆλθεν
2485 2912 2775 2985 ἄπρακτος,
2836 2909 3022 2964 πολλά
3077 2908 3172 2981 μὲν
3220 2911 3311 2963 τὸν
3343 2908 3545 2983 πατέρα
3570 2908 3837 2964 Σέλευκον

2194 2998 2474 3060 ἐπαινέσας
2504 3006 2602 3068 τῆς
2634 2998 2709 3061 εἰς
2740 2998 2802 3052 τὸ
2831 3001 2940 3071 (80)
2972 2995 3119 3059 ἔθνος
3163 3005 3353 3070 τιμῆς,
3396 2999 3485 3052 καὶ
3537 3005 3638 3068 τῆς
3672 2999 3749 3060 εἰς
3780 2999 3845 3054 τὸ

2190 3086 2336 3161 ἱερὸν
2384 3086 2812 3162 μεγαλοψυχίας·
2848 3084 3033 3141 πολλὰ
3064 3083 3120 3140 δὲ
3152 3087 3374 3158 Σίμωνα
3403 3088 3493 3141 τὸν
3538 3087 3846 3163 ἐπαγαγόν-

2189 3196 2254 3231 τα
2301 3176 2676 3248 μεμψάμενος,
2732 3176 2807 3239 ὡς
2853 3175 2941 3230 καὶ
2985 3182 3084 3245 τῆς
3117 3174 3496 3252 ἀπανθρωπίας
3544 3176 3715 3232 αἷίτιον
3748 3177 3841 3232 καὶ

2192 3272 2294 3334 τῆς
2323 3262 2557 3334 ἀδοξίας.

436 3365 534 3415 tus
565 3365 671 3415 est.
704 3359 848 3413 Nam
879 3356 1135 3411 virorum
1168 3352 1405 3408 fortium
1434 3352 1706 3407 virtutem
1746 3351 1944 3407 hostes
1975 3368 2207 3425 quoque
2238 3355 2349 3427 ipsi
2381 3353 2658 3409 admirari
2690 3357 2922 3423 norunt,
2955 3371 3086 3410 cum
3142 3356 3343 3410 sedata
3391 3354 3713 3424 iracundial
3750 3373 3845 3413 res

438 3447 564 3519 ipsa
596 3448 653 3502 in
687 3464 748 3502 se
778 3445 1138 3516 expenditur.
1171 3442 1359 3505 Quare
1388 3440 1616 3496 infectis
1660 3441 1835 3495 rebus
1875 3440 2165 3497 discessit.
2200 3442 2502 3499 Seleucum
2535 3444 2768 3513 quidem
2823 3448 3069 3515 patrem,
3102 3444 3200 3515 qui
3253 3443 3538 3515 plurimos
3587 3445 3842 3502 honores

434 3537 572 3593 huic
604 3534 823 3591 nationi
854 3532 1157 3600 tribuerat,
1192 3530 1595 3602 templumque
1628 3529 1956 3601 magniﬁcis
1988 3530 2158 3587 donis
2203 3538 2599 3599 exornaverat,
2634 3532 2833 3587 multis
2872 3532 3145 3587 laudibus
3180 3549 3538 3605 prosequens
3570 3558 3583 3590 ι
3616 3534 3845 3590 Simoni

433 3642 589 3691 vero,
614 3624 715 3696 qui
747 3639 877 3679 eum
905 3622 977 3675 ad
1010 3621 1161 3675 hanc
1192 3617 1618 3691 expeditionem
1650 3618 2080 3689 suscipiendam
2114 3620 2440 3687 induxerat,
2461 3621 2623 3675 valde
2650 3638 3023 3689 succensens,
3051 3628 3114 3677 ut
3140 3622 3239 3693 qui
3263 3621 3625 3677 crudelitatis
3654 3623 3845 3695 ipsius

435 3714 884 3787 ignominiaeque
916 3714 1161 3781 acceptae
1194 3713 1395 3763 auctor
1423 3706 1743 3762 exstitisset
1761 3708 1825 3762 ⁷⁸.

506 3803 627 3858 XII.
675 3800 792 3856 Hos
840 3797 1039 3871 igitur,
1061 3801 1117 3852 et
1138 3796 1490 3861 sacerdotes,
1513 3801 1568 3849 et
1601 3799 1835 3865 matres,
1865 3800 1922 3850 et
1951 3796 2075 3864 ﬁlii,

432 3891 799 3949 emulemur.
833 3888 1176 3944 Sacerdotes
1208 3884 1468 3957 quidem,
1498 3884 1557 3938 in
1591 3883 1843 3939 Eleazari
1905 3885 2079 3957 spiri-

430 3981 610 4036 tualis
642 3978 900 4051 parentis
931 3976 1234 4044 honorem,
1277 3974 1376 4045 qui
1411 3990 1525 4028 non
1558 3973 1730 4028 modo
1788 3988 2077 4046 sermone,

429 4069 530 4124 sed
563 4068 739 4123 etiam
771 4081 967 4138 opere,
1002 4064 1155 4136 quod
1189 4063 1477 4135 optimum
1510 4064 1653 4127 erat,
1706 4062 1959 4117 ostendit
2013 4079 2079 4117 ac

430 4157 628 4212 docuit
650 4158 693 4191 ⁷⁸
718 4173 730 4210 :
762 4160 975 4211 matres
1004 4159 1221 4219 autem,
1254 4152 1313 4206 in
1343 4166 1637 4222 generosas
1667 4151 1872 4206 matris
1894 4150 2077 4207 hono-

430 4261 574 4311 rem,
606 4261 808 4300 verum
843 4242 1060 4300 amoris
1108 4258 1247 4312 erga
1280 4240 1430 4295 ﬁlios
1461 4243 1875 4309 argumentum
1908 4241 2078 4295 eden-

427 4339 538 4402 tes,
573 4350 640 4389 ac
667 4333 896 4389 Christo
926 4332 1143 4387 liberos
1173 4335 1398 4384 vestros
1431 4326 1793 4394 exhibentes,
1853 4334 1918 4383 ut
1976 4346 2079 4401 per

431 4421 772 4493 hujusmodi
792 4419 1145 4477 sacriﬁcium
1163 4416 1537 4473 matrimonio
1549 4433 1784 4488 quoque
1797 4418 2077 4474 sanctitas

430 4516 836 4582 comparetur:
863 4507 965 4563 ﬁlii
988 4507 1261 4579 denique,
1285 4510 1689 4562 sacrosanctos
1716 4505 1864 4561 ﬁlios
1915 4523 2078 4562 reve-

431 4603 834 4670 rentes,atquc
856 4595 1313 4653 adolescentiam
1337 4612 1449 4649 non
1476 4594 1534 4649 in
1557 4594 1828 4666 turpibus
1843 4600 1899 4649 et
1914 4594 2078 4651 foedis

2263 3798 2363 3854 IB'.
2395 3796 2627 3858 Τούτους
2680 3796 2978 3870 μιμώμεθα
3025 3800 3158 3871 (81),
3217 3797 3305 3852 καὶ
3366 3799 3552 3873 ἱερεῖς,
3611 3798 3698 3853 καὶ
3736 3820 3847 3872 μη-

2186 3884 2355 3960 τὲρες,
2404 3887 2492 3940 καὶ
2539 3883 2750 3948 παῖδες⁹
2803 3887 2855 3940 οἱ
2908 3887 3019 3958 μὶν,
3073 3886 3148 3947 εἷς
3188 3888 3284 3955 τὴν
3318 3885 3641 3964 Ἐλεαζάρου
3670 3890 3846 3961 τιμὴν

2185 3979 2281 4028 τοῦ
2339 3980 2706 4048 πνευματικοῦ
2765 3976 2991 4051 πατρὸς,
3049 3975 3136 4029 καὶ
3196 3974 3369 4050 λόγῳ,
3437 3977 3527 4031 καὶ
3570 3975 3715 4053 ἔργῳ
3772 3978 3836 4031 τὸ

2192 4062 2470 4139 βέλτιστον
2502 4062 2942 4140 παραδείξαντος
2983 4065 3039 4117 αἱ
3073 4061 3150 4135 δὲ,
3182 4072 3281 4134 τῆς
3311 4065 3552 4140 γενναίας
3611 4066 3843 4141 μητρὸς,

2187 4150 2412 4222 ἀληθῶς
2444 4151 2753 4230 φιλότεκνοι
2804 4157 3069 4229 φανεῖσαι,
3102 4152 3193 4207 καὶ
3224 4144 3438 4228 Χριστῷ
3469 4155 3595 4216 τοὺς
3648 4154 3699 4225 ἐξ
3750 4154 3843 4210 αύ-

2184 4245 2291 4295 τῶν
2346 4244 2777 4317 παραστήσασαι,
2830 4238 2921 4295 τίνα
2974 4241 3063 4296 καὶ
3114 4240 3291 4316 γάμος
3323 4242 3553 4317 ἁγιασθῇ
3587 4240 3676 4297 διὰ
3736 4249 3840 4313 τῆς

2183 4329 2442 4401 τοιαύτης
2504 4331 2709 4395 θυσίας·
2767 4331 2818 4385 οἱ
2879 4327 2958 4397 δὲ,
2988 4330 3114 4392 τοὺς
3147 4330 3328 4406 ἱεροὺς
3360 4329 3676 4405 αἰδούμενοι
3707 4338 3842 4387 παῖ-

2187 4416 2302 4486 ὃας,
2333 4419 2423 4473 καὶ
2450 4421 2548 4489 τήν
2581 4420 2807 4490 νεότητα
2837 4417 3199 4489 δαπανῶντες,
3233 4420 3331 4475 οὐκ
3362 4421 3412 4476 ἐν
3442 4426 3556 4483 τοῖς
3580 4422 3841 4497 αἰσχροῖς

2186 4508 2424 4576 πάθεσιν,
2484 4508 2609 4564 ἀλλ’
2665 4509 2714 4563 ἐν
2770 4513 2886 4571 τοῖς
2943 4509 3080 4563 κατᾶ
3108 4513 3212 4562 τῶν
3256 4512 3442 4564 παθῶν
3470 4510 3841 4585 ἀγωνίσμασι,

2186 4596 2276 4651 καὶ
2308 4598 2445 4671 πρὸς
2496 4597 2585 4651 τὸν
2614 4600 2727 4651 καθ’
2756 4596 2966 4673 ἡμέραν
3002 4596 3286 4672 Ἀντίοχον
3345 4600 3602 4673 γενναίως
3660 4596 3842 4671 ἀνδρι-

499 4724 522 4759 ³
555 4728 695 4779 Dan.
727 4740 804 4788 vr,
840 4723 927 4777 16.
1002 4722 1048 4756 ⁷⁸
1077 4721 1220 4776 Dan.
1254 4737 1337 4791 ιιι,
1370 4720 1441 4774 23
1472 4736 1638 4791 seqq.
1716 4720 1759 4754 7"
1794 4719 1840 4774 ΙΙ
1871 4719 2057 4777 Mach.

2213 4724 2265 4777 3.
2344 4724 2387 4758 ⁷⁸
2417 4724 2466 4779 ΙΙ
2499 4724 2686 4779 Mach.
2719 4742 2798 4788 v1,
2830 4725 2897 4780 l8
2929 4741 3058 4805 sqq.

528 4857 591 4911 71
651 4852 1128 4928 Ἀπεγνωσμένης.
1166 4854 1305 4924 Reg.
1342 4853 1399 4916 d,
1433 4848 1874 4923 ἀπεγνωσμένος,

504 4856 620 5000 172)
651 4928 936 4999 Θυμάτων.
970 4925 1144 4981 Coisl.
1176 4926 1230 4990 2,
1280 4923 1640 4994 παθημάτων.
1700 4924 1874 4987 Pass.

492 4923 620 5017 ’(72)
651 4923 1144 4999 eupat'vaCoisl.
1176 4926 1230 4990 2,
1262 4923 1640 4994 παθημάτων.
1700 4924 1885 4987 Pass.,
1948 4933 2078 4986 θαυ-

438 5019 872 5154 μαῦῖἒ)’9εὸς...
932 5066 1273 5142 εἰσενεγκὼν.
1336 5067 1521 5135 Pass.,
1605 5063 1902 5138 Χριστὸς...
1993 5063 2079 5119 ἐν..

437 5160 607 5215 εγκων
614 5185 625 5197 .

502 5214 617 5285 (74)
650 5210 746 5285 Καὶ
774 5211 877 5285 γὰρ
910 5214 973 5279 ἦν
1007 5210 1176 5284 ἀγών,
1207 5212 1327 5264 etc.
1386 5207 1588 5285 Billius
1617 5222 1628 5260 :
1693 5227 1719 5255 «
1754 5207 2079 5285 maximum

432 5284 587 5355 enim
620 5284 1237 5355 civitatipropositum
1272 5286 1396 5335 erat
1427 5284 1742 5345 certamen,
1776 5284 1972 5335 utrum
2014 5298 2080 5338 eo

432 5357 524 5409 die
553 5354 708 5427 legis
738 5354 1076 5427 auctoritas,
1106 5377 1140 5427 ξ)
1173 5357 1282 5427 etc.

500 5417 1072 5500 (75)Ullcp_tc’x<5v1mv.
1093 5424 1267 5500 Coisl.
1302 5423 1355 5486 2,
1388 5417 1778 5500 περιεχόντων.

649 5490 767 5551 Ἐπὶ
800 5490 960 5571 Εὗροῦ
984 5497 1063 5571 γτὰ
1092 5495 1383 5571 πράγματα
1412 5490 1667 5561 statim.
1703 5491 2079 5551 Proverbium

438 5565 682 5624 fuiitvex
717 5565 942 5625 Homer.
975 5565 1142 5623 Iliad.
1170 5565 1235 5633 Κ,
1279 5565 1416 5619 173;

433 5637 541 5695 Νῦν
600 5642 702 5719 γὰρ
776 5637 842 5712 δὴ
920 5628 1346 5696 πάντεσσιφέπὶ
1430 5631 1591 5711 ξυροῦ
1690 5628 1903 5691 ἵσταται
1947 5636 2078 5719 ,ἀξ-

1947 5711 2080 5786 [μῆς

2190 4855 2258 4908 Ἦ
2294 4852 2441 4926 μάλα
2472 4852 2673 4930 λυγρὸς
2706 4850 2928 4928 ὄλεθρος
2960 4857 3236 4931 ’Δχαιοῖς,
3268 4858 3333 4925 ἠὲ
3366 4857 3580 4932 βιῶναι.

2194 4943 2276 4998 Ibi
2310 4948 2489 5020 Heyn.
2524 4962 2537 4999 :
2571 4943 2691 4997 Ἐπὶ
2742 4944 2933 5020 ἀκμῆς
2989 4945 3147 5020 ξυροῦ
3203 4943 3475 5012 ἵστασθαι,
3543 4969 3568 5000 α
3599 4946 3658 5001 in
3718 4946 3845 5020 acie

2191 5017 2484 5090 novaculae
2517 5021 2690 5083 stare,
2722 5018 2965 5090 ductum
2999 5017 3085 5073 est
3116 5037 3150 5073 a
3179 5025 3476 5075 momento
3509 5036 3623 5090 quo
3655 5018 3845 5074 culter

2190 5087 2487 5163 tonsorius
2514 5089 2639 5163 jam
2670 5089 2941 5163 admotus
3002 5094 3090 5145 est
3147 5090 3291 5163 cuti.
3321 5112 3356 5163 ››Δ
3384 5092 3451 5145 V.
3493 5087 3837 5163 Diogenian.

2190 5161 2424 5243 Centur.
2460 5161 2509 5243 4,
2544 5162 2635 5243 41,
2670 5161 2791 5243 _u_bi
2851 5161 3360 5243 legas__l._eutschii
3416 5161 3638 5217 notam'.
3693 5162 3837 5219 Coll.

2192 5232 2532 5287 Boissonad.
2568 5233 2638 5286 ad
2670 5232 2989 5304 Theognid.
3023 5235 3150 5289 557.
3184 5235 3418 5289 SINNER.

2261 5305 2373 5376 (77)
2404 5304 2586 5376 (Ὀταν.
2619 5304 2711 5357 Sic
2744 5297 2882 5376 Reg.
2918 5305 3037 5373 bm,
3072 5306 3170 5376 ph.
3207 5306 3269 5376 In
3302 5306 3420 5375 ed.,
3452 5297 3528 5357 ὅτ’
3560 5303 3643 5358 ἄν.

2408 5374 2519 5448 Ἐφ’
2550 5374 2763 5452 ἑαυτῆς.
2797 5374 2972 5452 Ορἱεὶ.
3003 5374 3172 5452 2,}:9’
3203 5374 3415 5452 ἑαυτήν.

2281 5443 2373 5516 79)
2406 5443 2803 5519 Δοᾶιιμάζηται,
2835 5447 2931 5501 Or.
2964 5452 3019 5515 2,
3055 5443 3405 5519 δοδὶιμάζεται

2282 5514 2373 5593 βο)
2402 5514 2493 5570 Τό.
2528 5514 2623 5593 Sic
2651 5523 2909 5593 quatuor
2939 5514 3214 5593 Hegg.qe't
3250 5514 3618 5593 Pass._l)eest
3646 5517 3704 5570 in
3737 5515 3828 5593 ed.

2281 5590 2372 5666 81)
2401 5585 2729 5661 Μιμώμεθα.
2763 5589 2858 5646 0r.
2889 5592 2944 5657 2,
2978 5585 3316 5666 μῖιῖούμιθα.
3375 5590 3507 5658 Alii,
3569 5585 3830 5661 μιμησώ-

2194 5678 2348 5731 μευα.

2358 5306 2374 5516 ἓ
