4094 6288
338 383 457 450 933

1259 375 1547 441 ORATIO
1590 374 1846 437 XVl.-—
1875 375 1953 435 ΙΝ
2003 375 2318 436 PATREM
2366 371 2817 437 TAGENTEM.

3624 382 3744 441 934

345 512 560 584 ζόμενοι
619 513 747 562 πᾶσι
811 506 996 580 μὲλεσι
1054 505 1400 578 πολεμοῦντα
1456 506 1587 577 (82),
1649 502 1736 556 καὶ
1795 499 2046 583 διαφόοβ

2101 502 2650 572 cupiditatibus,sed
2680 504 2736 557 in
2769 501 3190 560 certaminibus
3224 502 3507 561 adversus
3531 523 3737 578 pravas

345 623 452 677 ρως
504 599 616 669 (83)
666 595 951 650 διώκοντα.
1001 599 1158 658 [ιοθῶ
1210 594 1312 668 γὰρ
1364 591 1599 660 ἀθλητὰς
1648 590 1816 665 ἔχειν,
1848 589 1983 644 κατὰ

2098 591 2422 646 affectiones
2446 593 2739 664 susceptis
2762 593 2912 648 298
2937 600 3738 667 consumentes,strenueque

342 689 516 744 πάντα
545 687 732 761 καιρὸν
763 685 851 739 καὶ
903 679 1130 759 τρόπον,
1180 681 1266 736 καί
1315 683 1471 757 γένος
1523 682 1681 748 ἅπαν,
1728 679 1816 734 καὶ
1865 677 1988 748 ἡλι-

342 776 460 830 κίαν
496 775 720 845 ἅπασαν,
768 771 856 825 καὶ
908 774 1150 847 φανερῶς
1199 767 1620 842 πολεμουμένην
1663 814 1676 836 ,
1720 767 1807 820 καὶ
1859 767 1989 844 ἀφα-

343 869 448 925 νῶς
500 857 1028 931 ἰπιϐουλευομὲνηνο
1077 859 1166 912 καὶ
1223 859 1535 932 βοηθεῖσθαι
1590 858 1681 930 μὲν
1732 862 1847 916 τοῖς
1895 876 1989 908 πα-

349 955 523 1014 λαιοῖς
575 948 905 1025 διηγήμασι,
960 948 1267 1022 βοηθεῖσθαι
1319 944 1375 1000 δὲ
1405 948 1492 1000 καὶ
1540 951 1656 1006 τοῖς
1702 946 1866 1014 νέοις,
1898 944 1987 998 καὶ

345 1035 699 1116 πανταχόθεν,
746 1034 926 1110 ὥσπερ
977 1038 1031 1090 αἱ
1088 1034 1358 1109 μέλισσαι,
1412 1033 1695 1110 συλλέγειν
1756 1037 1866 1107 (84)
1924 1033 1990 1086 τὰ

348 1131 747 1205 χρησιμώτατα
792 1127 866 1188 εἷς
913 1127 1030 1187 ἑνὸς
1079 1125 1274 1200 κηρίου
1323 1123 1673 1201 φιλοτεχνίαν
1722 1123 1810 1177 καὶ
1864 1120 1992 1198 γλυ-

347 1220 576 1293 κασμὸν,
603 1217 697 1272 ’ἱνα
725 1216 813 1271 καὶ
862 1214 950 1270 διὰ
992 1214 1233 1276 Παλαιᾶς
1283 1213 1372 1268 καὶ
1410 1216 1544 1274 Νέας
1577 1210 1843 1284 εὐδοκιμῇ
1877 1214 1989 1284 (85)

348 1310 476 1370 Θεὸς
527 1307 576 1361 ἐν
609 1310 763 1379 ἡμῖν,
808 1307 834 1359 ὁ
885 1305 934 1359 ἐν
989 1305 1099 1376 Υἱῷ
1146 1303 1236 1357 καὶ
1289 1304 1558 1375 Πνεύματι
1607 1299 1986 1372 δοξαζόμενος,

344 1397 431 1452 καὶ
460 1397 740 1470 γινώσκων
772 1393 898 1454 τοὺς
932 1389 1126 1458 ἰδίους,
1158 1392 1247 1445 καὶ
1278 1391 1682 1465 γινωσκόμενος
1731 1389 1832 1444 ὑπὸ
1880 1393 1986 1442 τῶν

346 1485 518 1554 ἷδίων,
553 1481 1003 1558 ὁμολογούμενός
1033 1502 1091 1535 τε
1137 1481 1226 1534 καὶ
1277 1479 1594 1555 ὁμολογῶν,
1631 1477 1988 1551 δοξαζόμενός

341 1597 398 1630 τε
423 1574 512 1628 καὶ
544 1571 803 1642 δοξάζων,
837 1572 888 1625 ἐν
916 1571 1061 1642 αὐτῷ
1094 1572 1172 1642 τῴ
1197 1574 1432 1645 Χριστῷ,
1464 1571 1508 1641 ᾧ
1539 1572 1573 1639 ἡ
1609 1567 1733 1638 δόξα
1764 1570 1879 1641 (86)
1913 1566 1986 1627 εἷς

341 1664 467 1724 τοὺς
499 1661 695 1722 αἰῶνας
727 1664 832 1714 τῶν
866 1660 1074 1714 αἰώνων
1110 1661 1242 1732 (87).
1276 1662 1472 1731 Ἀμήν.

2096 696 2228 734 cum
2261 682 2603 751 quotidiano
2637 688 2835 736 nostro
2868 683 3150 737 Antiocho
3184 685 3583 755 confligentes,
3637 687 3738 756 qui

2098 770 2376 824 membris
2400 771 2674 824 omnibus
2708 771 2922 825 bellum
2957 771 3150 841 infert,
3179 789 3360 842 eaque
3392 773 3565 827 variis
3615 791 3740 829 mo-

2096 856 2186 911 dis
2218 860 2605 928 persequitur.
2641 859 2906 913 Athletas
2937 859 3092 913 enim
3129 860 3333 931 quovis
3365 866 3625 932 tempore
3675 879 3740 917 ac

2099 946 2289 1012 modo,
2317 962 2384 999 ex
2406 947 2565 1000 omni
2600 964 2738 1001 sexu
2774 954 2830 1002 et
2863 953 3049 1014 aetate,
3086 948 3203 1002 sive
3228 954 3431 1020 aperto
3466 949 3617 1005 bello
3650 951 3739 1005 la-

2096 1034 2550 1102 cessantur,sive
2582 1035 2826 1091 occultis
2859 1036 3088 1091 insidiis
3119 1023 3490 1107 appetuntur,
3525 1038 3740 1096 habere

2098 1122 2301 1193 cupio;
2328 1139 2393 1177 ac
2423 1128 2550 1178 tum
2577 1124 2784 1195 priscis
2814 1129 2939 1178 tum
2974 1127 3308 1180 recentibus
3341 1126 3601 1182 historiis
3633 1130 3742 1183 ad-

2096 1211 2303 1280 iuvari,
2355 1216 2527 1282 atque
2575 1230 2752 1283 apum
2807 1214 2920 1268 ritu
2970 1215 3040 1268 ad
3073 1214 3341 1269 solertem
3406 1217 3581 1271 unius
3633 1217 3742 1272 favi

2097 1300 2535 1370 conlectionem,
2567 1308 2623 1355 et
2673 1304 3042 1372 suavitatem,
3122 1303 3436 1359 utilissime
3498 1322 3746 1376 quazque

2100 1387 2390 1459 colligere,
2415 1394 2478 1443 ut
2508 1395 2564 1443 et
2597 1407 2698 1460 per
2726 1395 2905 1445 Vetus
2938 1397 2994 1445 et
3025 1407 3125 1462 per
3146 1392 3370 1447 Novum
3404 1393 3748 1450 Testamen—

2101 1482 2226 1531 tum
2251 1483 2400 1532 Deus
2432 1477 2490 1531 in
2524 1479 2693 1533 nobis
2725 1480 3067 1547 celebretur,
3101 1480 3196 1548 qui
3219 1480 3278 1534 in
3314 1482 3478 1549 Filio,
3503 1483 3749 1554 Spiritu-

2101 1582 2212 1637 que
2244 1571 2444 1621 sancto
2477 1566 2918 1637 glorificatur,et
2946 1569 3243 1640 cognoscit
3275 1587 3434 1639 suos,
3470 1577 3526 1626 et
3557 1590 3590 1626 a
3620 1573 3745 1628 suis

2100 1655 2471 1727 cognoscitur
2494 1657 2621 1722 77,et
2650 1657 2992 1711 conﬁtentes
3025 1674 3086 1712 se
3118 1659 3424 1714 conﬁtetur
3447 1661 3510 1728 ⁷⁸,
3542 1665 3599 1715 et
3616 1661 3745 1733 glo-

342 1756 640 1812 riﬁcantes
672 1753 1041 1825 glorificat",
1073 1752 1129 1806 in
1163 1752 1290 1823 ipso
1323 1750 1569 1817 Christo,
1604 1749 1694 1804 cui
1729 1747 1916 1820 gloria
1945 1746 2005 1801 in
2037 1743 2248 1801 saecula
2280 1745 2645 1800 saeculorum.
2681 1751 2874 1801 Amen.

413 1899 455 1932 ’⁷⁷
485 1897 652 1953 Joan.
687 1912 742 1966 χ,
777 1897 863 1950 14.
941 1896 983 1930 ⁷⁸
1016 1895 1220 1950 Matth.
1253 1911 1310 1959 x,
1341 1894 1430 1948 32.
1507 1895 1551 1928 7°
1585 1895 1604 1947 Ι
1639 1893 1777 1964 Reg.
1807 1909 1869 1962 11,
1903 1891 1993 1945 30.

416 2040 527 2111 (82)
559 2035 914 2111 Πολεμοῦντα
943 2038 1062 2111 δίθε.
1097 2038 1480 2111 τυραννοῦντα.

578 2103 879 2197 Δίαφόρως.
926 2103 1203 2181 Chrysali.
1266 2113 1322 2163 et
1351 2109 1494 2178 Jes.,
1536 2103 1740 2160 ἄλλοτε
1799 2103 1985 2166 ἄλλως

342 2179 872 2325 κα(82)αέῗςκυ)ἷὲίίειν.
910 2252 968 2304 lu
1001 2251 1373 2321 quibusdam,
1408 2247 1672 2323 συνάγειν.

2176 2037 2289 2107 (85)
2320 2030 2841 2107 ΕῷγδοκιμῇηΡᾶΒεη
2875 2030 3228 2107 εὐδοκιμήσῃ,

2133 2181 2143 2192 _
2169 2105 2279 2180 (86)
2317 2105 2469 2174 Δόξα.
2504 2106 2595 2160 Or.
2625 2106 2659 2158 2
2685 2107 2866 2174 addit,
2891 2105 2979 2158 καὶ
3011 2105 3071 2158 τὸ
3104 2105 3320 2180 κράτος.
3356 2132 3383 2158 ‹‹

2312 2198 2435 2304 ἐ,Γῐιὶθν
2467 2246 2702 2302 αἰώνων.
2735 2247 2825 2302 Sic
2857 2249 2995 2319 Reg.
3031 2250 3152 2304 an.
3189 2250 3359 2306 Deest
3389 2252 3444 2305 in
3480 2254 3568 2308 ed.

3445 2116 3501 2163 et
3558 2113 3742 2185 impe-

1056 2485 1206 2541 πθθ
1268 2495 1822 2582 MONITUM
1880 2497 1993 2581 IN
2052 2492 2744 2582 OltATIONEM
2801 2494 3041 2578 XVI.

422 2786 467 2844 Ι.
518 2789 669 2844 Cum
727 2782 1020 2843 Tiberina
1073 2782 1263 2860 regio,
1327 2781 1433 2840 ubi
1490 2781 1737 2840 Arianzi
1795 2799 2043 2862 pagus,
2080 2781 2361 2859 Gregorii
2418 2781 2626 2840 natale
2674 2780 2912 2862 solum,
2975 2781 3260 2859 plurimis
3319 2802 3392 2843 ac
3453 2784 3749 2862 gravissi-

349 2865 464 2923 mis
539 2865 840 2924 afﬂictata
915 2870 1075 2923 esset
1148 2862 1649 2932 calamitatibus,
1724 2863 1785 2920 in
1848 2861 2108 2923 miseriae
2184 2862 2550 2934 cumulum,
2629 2861 2840 2920 vineas
2894 2868 2958 2921 et
3013 2870 3290 2923 maturas
3342 2861 3475 2942 jam
3535 2868 3744 2942 fruges

345 2945 537 3003 tristis
594 2946 834 3020 grando
891 2945 1338 3003 demessuerat.
1399 2945 1514 3023 ’l‘ot
1574 2943 1886 3018 tantisque
1939 2943 2156 3001 territa
2216 2943 2504 3023 periculis
2574 2941 2961 3001 Nazianzena
3035 2943 3210 3019 plebs
3269 2941 3354 3002 ad,
3409 2941 3746 3023 utrumque

348 3026 736 3099 Gregorium,
801 3031 1100 3102 tanquam
1155 3024 1232 3082 ad
1291 3022 1674 3102 tutissimum
1731 3028 2002 3099 portum,
2064 3022 2442 3081 convolavit.
2504 3024 2628 3102 Has
2683 3031 2891 3080 autem
2952 3025 3342 3082 calamitates
3398 3044 3538 3084 cum
3597 3022 3745 3086 Gre-

348 3104 561 3180 gorius
617 3105 866 3175 senior,
932 3101 1026 3163 iob
1098 3103 1312 3181 populi
1371 3101 1643 3172 scelera,
1717 3102 2028 3161 immissas
2083 3101 2364 3173 doleret,
2442 3101 2698 3160 studens
2753 3102 2886 3178 ipse
2959 3121 3088 3180 prae
3149 3105 3444 3164 maestitia
3501 3105 3744 3166 silebat.

348 3184 707 3260 'l‘heologus
764 3203 950 3257 vero,
1031 3185 1174 3242 licet
1229 3182 1496 3255 invitus,
1579 3182 1778 3260 plebis
1835 3201 2022 3241 suasu
2082 3183 2146 3240 in
2209 3182 2480 3241 medium
2539 3182 2874 3259 prodiens,
2956 3182 3118 3241 hanc
3175 3184 3254 3243 ad
3328 3187 3749 3247 Nazianzenos

345 3266 694 3324 orationem
757 3264 995 3324 habuit.
1072 3268 1363 3342 Optasset
1421 3261 1672 3339 quidem
1751 3262 1972 3330 silere,
2051 3268 2292 3338 patrem
2370 3268 2581 3342 autem
2657 3261 2900 3338 loqui;
2974 3263 3164 3341 idque
3237 3264 3372 3342 ipso
3449 3267 3750 3327 orationis

347 3346 602 3404 exordio
664 3346 1011 3422 profitetur.
1072 3341 1342 3414 verum,
1411 3342 1518 3401 ubi
1574 3345 1806 3401 frustra
1863 3343 2164 3416 tentavit,
2243 3342 2375 3420 ipse
2434 3342 2513 3401 ad
2571 3341 3037 3419 investigandas
3095 3341 3470 3406 calamitatis
3526 3365 3747 3407 causas

347 3425 769 3495 convertitur,
832 3443 1060 3502 easque
1121 3426 1308 3501 longa
1364 3440 1436 3481 ac
1497 3422 1826 3501 multiplici
1886 3430 2317 3501 peccatorum,
2381 3440 2521 3499 quae
2581 3423 2688 3482 Dei
2744 3422 2901 3481 iram
2963 3423 3423 3498 excitaverant,
3485 3445 3743 3487 enume-

349 3506 620 3575 ratione,
683 3506 961 3582 exponit.
1025 3506 1257 3563 Deinde
1317 3502 1738 3563 Nazianzenos
1793 3504 2117 3575 hortatur,
2183 3509 2279 3576 ut,
2341 3503 2578 3580 peccati
2635 3503 2813 3579 fuga,
2877 3503 3202 3582 lacrymis,
3261 3509 3747 3583 compunctione

348 3586 554 3644 cordis
613 3603 684 3642 ac
765 3586 1050 3662 precibus
1124 3587 1202 3644 ad
1260 3584 1534 3643 divinam
1612 3584 2064 3661 benignitatem
2141 3583 2530 3660 confugiant.
2595 3586 2891 3655 Demum,
2970 3603 3271 3645 conversa
3343 3590 3418 3645 ad
3505 3594 3744 3664 patrem

350 3667 657 3734 oratione,
720 3684 863 3725 eum
924 3672 1136 3742 rogat,
1204 3671 1270 3724 ut
1325 3665 1456 3742 ipse
1515 3665 1816 3742 populum
1873 3664 2150 3733 erudiat,
2211 3666 2560 3741 doceatque
2622 3687 2651 3717 ‹‹
2702 3665 2810 3723 illa
2867 3664 3117 3741 pietatis
3175 3683 3246 3724 ac
3304 3667 3744 3727 misericordiae

350 3747 580 3815 officia,
640 3745 870 3821 quibus
929 3749 1091 3805 Deus
1152 3745 1348 3821 magis
1405 3763 1595 3820 quam
1655 3745 1939 3822 pluribus
1997 3744 2420 3804 oblationibus
2475 3745 2821 3803 delectatur
2878 3744 2962 3821 (η.
3025 3746 3147 3823 20).
3197 3769 3224 3799 ι

429 3827 505 3884 ll.
574 3825 826 3884 Moralis
882 3832 973 3884 est
1031 3830 1092 3884 et
1166 3824 1448 3883 suasoria
1523 3823 1656 3882 haec
1714 3827 1937 3884 oratio.
1999 3826 2154 3883 Mira
2219 3826 2279 3882 in
2338 3842 2412 3883 ea
2460 3825 2690 3904 (elucet
2763 3825 3009 3882 dicendi
3065 3826 3285 3901 copia,
3361 3824 3749 3904 eximiusque

349 3905 683 3963 verborum
746 3911 806 3965 et
854 3905 1305 3964 sententiarum
1355 3904 1418 3960 in
1469 3920 1599 3960 rem
1650 3922 1825 3962 suam
1875 3922 1951 3963 ex
1996 3904 2333 3979 Scripturis
2377 3903 2675 3962 delectus.
2729 3904 2906 3961 Dicta
2954 3904 3199 3962 videtur
3250 3906 3454 3964 medio
3505 3907 3752 3966 circiter

352 4002 517 4043 anno
575 3986 692 4044 373
755 4004 768 4044 :
848 3985 1082 4061 quippe
1141 4001 1280 4060 quae
1338 3981 1586 4057 incepto
1656 3984 1789 4058 jam
1849 3984 2067 4042 eodem
2129 4001 2336 4056 anno,
2417 3989 2477 4040 et
2542 3984 2760 4042 saltem
2838 3987 2982 4041 ante
3054 3984 3326 4042 medium
3386 3985 3532 4045 anni
3589 3989 3745 4058 3'14,

350 4063 569 4124 haberi
627 4063 863 4124 debuit.
927 4065 1260 4144 Gregorius
1314 4062 1618 4144 siquidem
1681 4064 2007 4144 nosterrin
2067 4062 2185 4144 hac
2241 4063 2521 4121 oratione
2591 4063 2952 4144 episcopum
3027 4070 3241 4141 aperte
3314 4082 3377 4123 se
3461 4066 3669 4144 prodit
3731 4085 3745 4128 :

353 4144 696 4224 «loquere,
731 4167 761 4198 »
814 4141 1687 4224 inquitil’atremialloquens
1734 4143 1823 4220 (n.
1873 4143 1959 4220 4),
1990 4143 2350 4224 eloquere,
2403 4160 2636 4218 quaeso,
2692 4143 2803 4201 etsi
2861 4161 3161 4219 pauca...
3215 4145 3392 4204 Hunc
3442 4141 3744 4224 populum

353 4221 517 4281 mihi
576 4242 921 4300 compone,
1000 4223 1255 4304 alumno
1313 4223 1657 4304 disciplinae
1716 4230 1878 4294 tuae,
1961 4221 2190 4304 deinde
2249 4224 2528 4304 pastori,
2608 4240 2772 4304 nunc
2827 4229 3038 4282 autem
3117 4221 3461 4300 pastorum—
3501 4221 3753 4304 quoque

353 4303 707 4379 principi.»
764 4305 940 4365 Unde
998 4303 1276 4381 profecto
1335 4302 1735 4361 manifestum
1793 4301 2122 4384 est,ihanc
2181 4320 2218 4361 a
2268 4302 3328 4384 Gregoriodscriptamrdictamque
3376 4301 3749 4378 orationem,

347 4400 469 4439 non
537 4389 779 4442 tantum
862 4391 1195 4461 postquam
1256 4389 1654 4442 consecratus
1709 4392 1800 4441 est
1833 4383 2200 4460 episc0pus,
2275 4401 2440 4442 anno
2496 4381 2733 4441 scilicet
2791 4383 2993 4442 medio
3052 4381 3245 4454 372(
3285 4404 3500 4444 verum
3561 4388 3748 4447 etiam

361 4468 504 4539 post
558 4471 908 4540 susceptam
967 4464 1045 4522 ab
1103 4482 1176 4522 eo
1234 4463 1634 4522 Nazianzenae
1695 4463 1984 4544 Ecclesiae
2043 4481 2168 4544 una
2221 4481 2360 4521 cum
2425 4469 2597 4540 patre
2655 4463 3303 4538 administrationem,
3384 4467 3553 4543 quod
3611 4467 3751 4544 qui-

346 4543 488 4601 dem
551 4543 810 4620 contigit
863 4550 1130 4604 exeunte
1189 4561 1353 4602 anno
1407 4546 1564 4613 372,
1644 4543 1741 4601 vel
1799 4543 2006 4621 potius
2065 4543 2317 4602 ineunte
2376 4545 2514 4602 373.
2577 4545 2710 4601 Non
2785 4551 2989 4619 potest
3045 4546 3233 4604 etiam
3293 4545 3526 4605 ditl'erri
3587 4543 3753 4606 ultra

351 4622 619 4682 medium
681 4643 915 4684 annum
975 4625 1112 4682 374.
1178 4625 1417 4682 Etenim
1478 4624 1961 4704 Gregorioifilio
2019 4624 2249 4704 dicenti
2298 4624 2979 4704 interfuit‘Gregorius
3038 4632 3236 4702 pater,
3300 4627 3410 4702 qui
3465 4628 3749 4704 sequenti

348 4720 561 4762 mense
638 4706 858 4764 Martio
935 4705 1030 4763 vel
1105 4704 1302 4780 Aprili
1372 4703 1520 4762 anni
1575 4706 1691 4762 374
1748 4703 1922 4763 obiit.
2003 4705 2150 4763 Haec
2224 4703 2418 4780 igitur
2474 4702 2674 4762 oratio
2734 4706 2813 4761 ad
2879 4723 3114 4763 annum
3170 4706 3415 4765 circiter
3475 4702 3747 4767 medium

342 4784 462 4842 373
524 4783 745 4844 merito
804 4785 1114 4863 pertinere
1173 4784 1438 4843 videtur.

2513 5077 2975 5171 ORATIO
3063 5079 3277 5174 XVI
3300 5094 3356 5173 ⁸.

2194 5276 2255 5331 In
2284 5280 2496 5347 patrem
2527 5282 2794 5331 tacentem
2821 5279 3045 5348 propter
3069 5277 3289 5348 plagam
3323 5277 3628 5346 grandinis.

864 5104 1265 5200 ΛΟΓΟΣ
1369 5089 1481 5200 Ιζ.

466 5269 558 5334 Εἲς
586 5274 675 5327 τὸν
710 5275 822 5348 (88)
853 5277 1056 5349 πατέρα
1086 5282 1376 5354 σιωπῶντα
1409 5276 1497 5333 διὰ
1527 5279 1625 5348 τὴν
1655 5275 1874 5354 πληγὴν
2020 5284 2068 5349 Β

962 5348 1061 5418 τῆς
1095 5348 1366 5425 χαλάζης.

425 5453 502 5506 A'.
536 5449 596 5504 Τί
627 5446 782 5507 λύετε
802 5454 946 5524 τάξιν
979 5454 1372 5528 ἔπαινουμένην
1407 5473 1420 5526 ;
1455 5455 1506 5511 τί
1542 5456 1787 5532 βιάζεσθε
1818 5453 2002 5531 γλῶσ-

2189 5456 2230 5509 Ι.
2264 5454 2411 5520 Quid
2434 5453 2787 5509 laudabilem
2810 5455 3074 5510 ordinem
3108 5455 3516 5524 solvitis?Quid
3539 5457 3754 5530 lingua

420 5611 639 5688 «(alias
699 5615 820 5688 XV,
882 5633 1011 5688 qua
1067 5622 1262 5673 autem
1314 5617 1382 5672 16
1439 5623 1580 5688 erat,
1626 5636 1705 5675 nu
1821 5620 1906 5675 14.
1939 5649 2011 5662 -

2189 5616 2302 5688 (88)
2333 5612 2426 5676 Εἷς
2459 5611 2568 5685 τόν,
2602 5619 2714 5672 etc.
2751 5615 2845 5671 Sic
2869 5615 3006 5690 Reg.
3040 5617 3163 5690 bm,
3197 5617 3297 5692 ph.

357 5682 570 5741 Habita
603 5687 795 5745 medio
829 5682 1059 5745 circiter
1083 5706 1238 5746 anno
1260 5689 1384 5749 373.
