  <div class='ocr_page' id='page_1' title='image "/cluster/home/n/w/nwhite01/storage/ocr_20150623/35/mdp.39015012934389/476.png"; bbox 0 0 4094 6288; ppageno 0'>
   <div class='ocr_carea' id='block_1_1' title="bbox 223 378 343 439">
    <p class='ocr_par' dir='ltr' id='par_1_1' title="bbox 223 378 343 439">
     <span class='ocr_line' id='line_1_1' title="bbox 223 378 343 439; baseline -0.033 0"><span class='ocrx_word' id='word_1_1' title='bbox 223 378 343 439; x_wconf 84' lang='grc'><strong>93⁸7</strong></span> 
     </span>
    </p>
   </div>
   <div class='ocr_carea' id='block_1_2' title="bbox 1153 350 2710 422">
    <p class='ocr_par' dir='ltr' id='par_1_2' title="bbox 1153 350 2710 422">
     <span class='ocr_line' id='line_1_2' title="bbox 1153 350 2710 422; baseline -0.003 -1"><span class='ocrx_word' id='word_1_2' title='bbox 1153 357 1449 422; x_wconf 81' lang='lat' dir='ltr'><strong>ORATIO</strong></span> <span class='ocrx_word' id='word_1_3' title='bbox 1492 355 1750 417; x_wconf 79' lang='grc' dir='ltr'>Χνι.-</span> <span class='ocrx_word' id='word_1_4' title='bbox 1778 353 1855 414; x_wconf 90' lang='lat' dir='ltr'><strong>lN</strong></span> <span class='ocrx_word' id='word_1_5' title='bbox 1900 350 2224 414; x_wconf 83' lang='lat' dir='ltr'><strong>PATREM</strong></span> <span class='ocrx_word' id='word_1_6' title='bbox 2269 354 2710 417; x_wconf 86' lang='lat' dir='ltr'><strong>TAGENTEM.</strong></span> 
     </span>
    </p>
   </div>
   <div class='ocr_carea' id='block_1_3' title="bbox 3516 354 3637 417">
    <p class='ocr_par' dir='ltr' id='par_1_3' title="bbox 3516 354 3637 417">
     <span class='ocr_line' id='line_1_3' title="bbox 3516 354 3637 417; baseline -0.017 0"><span class='ocrx_word' id='word_1_7' title='bbox 3516 354 3637 417; x_wconf 78' lang='lat'><strong>938</strong></span> 
     </span>
    </p>
   </div>
   <div class='ocr_carea' id='block_1_4' title="bbox 220 485 1929 582">
    <p class='ocr_par' dir='ltr' id='par_1_4' title="bbox 220 485 1929 582">
     <span class='ocr_line' id='line_1_4' title="bbox 220 485 1929 582; baseline -0.015 -19"><span class='ocrx_word' id='word_1_8' title='bbox 220 512 329 563; x_wconf 74' lang='grc' dir='ltr'>τῶν</span> <span class='ocrx_word' id='word_1_9' title='bbox 376 505 583 582; x_wconf 74' lang='grc' dir='ltr'>τάφων,</span> <span class='ocrx_word' id='word_1_10' title='bbox 652 497 768 554; x_wconf 73' lang='grc' dir='ltr'>ὅσοι</span> <span class='ocrx_word' id='word_1_11' title='bbox 833 498 901 552; x_wconf 72' lang='grc' dir='ltr'>τὰ</span> <span class='ocrx_word' id='word_1_12' title='bbox 965 493 1152 566; x_wconf 73' lang='grc' dir='ltr'>ἔξωθεν</span> <span class='ocrx_word' id='word_1_13' title='bbox 1226 486 1374 552; x_wconf 71' lang='grc' dir='ltr'>ὄντες</span> <span class='ocrx_word' id='word_1_14' title='bbox 1444 488 1727 563; x_wconf 72' lang='grc' dir='ltr'><strong>εὐπρεπεῖς</strong></span> <span class='ocrx_word' id='word_1_15' title='bbox 1783 485 1873 539; x_wconf 82' lang='grc' dir='ltr'><strong>καὶ</strong></span> <span class='ocrx_word' id='word_1_16' title='bbox 1904 503 1929 567; x_wconf 52' lang='grc' dir='ltr'><em>Α</em></span> 
     </span>
    </p>
   </div>
   <div class='ocr_carea' id='block_1_5' title="bbox 2020 485 3635 582">
    <p class='ocr_par' dir='ltr' id='par_1_5' title="bbox 2021 486 3635 565">
     <span class='ocr_line' id='line_1_5' title="bbox 2021 486 3635 565; baseline 0.004 -24"><span class='ocrx_word' id='word_1_17' title='bbox 2021 486 2279 559; x_wconf 78' lang='lat' dir='ltr'><strong>spientis.</strong></span> <span class='ocrx_word' id='word_1_18' title='bbox 2310 493 2564 561; x_wconf 67' lang='lat' dir='ltr'><strong>praestat,</strong></span> <span class='ocrx_word' id='word_1_19' title='bbox 2608 490 2701 546; x_wconf 92' lang='lat' dir='ltr'><strong>hic</strong></span> <span class='ocrx_word' id='word_1_20' title='bbox 2753 492 2898 548; x_wconf 91' lang='lat' dir='ltr'><strong>mihi</strong></span> <span class='ocrx_word' id='word_1_21' title='bbox 2949 492 3184 565; x_wconf 77' lang='lat' dir='ltr'><strong>sapiens</strong></span> <span class='ocrx_word' id='word_1_22' title='bbox 3233 495 3346 559; x_wconf 85' lang='lat' dir='ltr'><strong>est,</strong></span> <span class='ocrx_word' id='word_1_23' title='bbox 3396 507 3503 548; x_wconf 90' lang='lat' dir='ltr'><strong>nec</strong></span> <span class='ocrx_word' id='word_1_24' title='bbox 3533 490 3635 563; x_wconf 88' lang='lat' dir='ltr'><strong>qui</strong></span> 
     </span>
    </p>
   </div>
   <div class='ocr_carea' id='block_1_6' title="bbox 105 572 1872 674">
    <p class='ocr_par' dir='ltr' id='par_1_6' title="bbox 105 572 1872 674">
     <span class='ocr_line' id='line_1_6' title="bbox 105 572 1872 674; baseline -0.001 -46"><span class='ocrx_word' id='word_1_25' title='bbox 105 613 121 628; x_wconf 74' lang='grc' dir='ltr'><strong>ρ</strong></span> <span class='ocrx_word' id='word_1_26' title='bbox 221 599 437 674; x_wconf 76' lang='grc' dir='ltr'>ὡραῖοι,</span> <span class='ocrx_word' id='word_1_27' title='bbox 460 572 681 667; x_wconf 51' lang='grc' dir='ltr'>’μυδῶσι</span> <span class='ocrx_word' id='word_1_28' title='bbox 736 592 948 664; x_wconf 76' lang='grc' dir='ltr'><strong>νεκροῖς</strong></span> <span class='ocrx_word' id='word_1_29' title='bbox 1000 586 1066 639; x_wconf 76' lang='grc' dir='ltr'><strong>τὰ</strong></span> <span class='ocrx_word' id='word_1_30' title='bbox 1112 580 1282 649; x_wconf 79' lang='grc' dir='ltr'>ἔνδον,</span> <span class='ocrx_word' id='word_1_31' title='bbox 1333 581 1421 634; x_wconf 85' lang='grc' dir='ltr'><strong>καὶ</strong></span> <span class='ocrx_word' id='word_1_32' title='bbox 1480 575 1697 645; x_wconf 73' lang='grc' dir='ltr'>πολλὴν</span> <span class='ocrx_word' id='word_1_33' title='bbox 1749 572 1872 674; x_wconf 50' lang='grc' dir='ltr'>δυσῖ</span> 
     </span>
    </p>
   </div>
   <div class='ocr_carea' id='block_1_7' title="bbox 219 661 1873 757">
    <p class='ocr_par' dir='ltr' id='par_1_7' title="bbox 219 661 1873 757">
     <span class='ocr_line' id='line_1_7' title="bbox 219 661 1873 757; baseline -0.016 -15"><span class='ocrx_word' id='word_1_34' title='bbox 219 661 385 742; x_wconf 57' lang='grc' dir='ltr'>ωὲίαν</span> <span class='ocrx_word' id='word_1_35' title='bbox 422 661 960 757; x_wconf 41' lang='grc' dir='ltr'>’περικαλύπτουσιν</span> <span class='ocrx_word' id='word_1_36' title='bbox 1022 671 1147 728; x_wconf 82' lang='grc' dir='ltr'>ἀλλ’</span> <span class='ocrx_word' id='word_1_37' title='bbox 1206 669 1353 732; x_wconf 77' lang='grc' dir='ltr'>ὅστις</span> <span class='ocrx_word' id='word_1_38' title='bbox 1406 665 1571 742; x_wconf 86' lang='grc' dir='ltr'>ὀλίγα</span> <span class='ocrx_word' id='word_1_39' title='bbox 1750 661 1873 738; x_wconf 85' lang='grc' dir='ltr'>περὶ</span> 
     </span>
    </p>
   </div>
   <div class='ocr_carea' id='block_1_8' title="bbox 218 752 1873 853">
    <p class='ocr_par' dir='ltr' id='par_1_8' title="bbox 218 752 1873 853">
     <span class='ocr_line' id='line_1_8' title="bbox 218 752 1873 853; baseline -0.015 -22"><span class='ocrx_word' id='word_1_40' title='bbox 218 776 413 853; x_wconf 73' lang='grc' dir='ltr'>ἀρετῆς</span> <span class='ocrx_word' id='word_1_41' title='bbox 454 752 763 851; x_wconf 58' lang='grc' dir='ltr'>φθέγγεται,</span> <span class='ocrx_word' id='word_1_42' title='bbox 818 763 999 853; x_wconf 82' lang='grc' dir='ltr'>πολλᾲ</span> <span class='ocrx_word' id='word_1_43' title='bbox 1035 761 1097 853; x_wconf 20' lang='grc' dir='ltr'><strong>,δὲ</strong></span> <span class='ocrx_word' id='word_1_44' title='bbox 1122 761 1202 853; x_wconf 77' lang='grc' dir='ltr'>οἷς</span> <span class='ocrx_word' id='word_1_45' title='bbox 1237 752 1873 853; x_wconf 28' lang='grc' dir='ltr'>ᾇνεργεῖᾳπαραδείκνοσι,</span> 
     </span>
    </p>
   </div>
   <div class='ocr_carea' id='block_1_9' title="bbox 222 844 1877 933">
    <p class='ocr_par' dir='ltr' id='par_1_9' title="bbox 222 844 1877 933">
     <span class='ocr_line' id='line_1_9' title="bbox 222 844 1877 933; baseline -0.015 -12"><span class='ocrx_word' id='word_1_46' title='bbox 222 844 310 922; x_wconf 76' lang='grc' dir='ltr'><strong>καὶ</strong></span> <span class='ocrx_word' id='word_1_47' title='bbox 357 844 418 919; x_wconf 87' lang='grc' dir='ltr'>τὸ</span> <span class='ocrx_word' id='word_1_48' title='bbox 467 844 784 933; x_wconf 49' lang='grc' dir='ltr'>’ἀξιοπιστον</span> <span class='ocrx_word' id='word_1_49' title='bbox 842 859 921 927; x_wconf 79' lang='grc' dir='ltr'>τῷ</span> <span class='ocrx_word' id='word_1_50' title='bbox 978 852 1128 927; x_wconf 83' lang='grc' dir='ltr'>λόγῳ</span> <span class='ocrx_word' id='word_1_51' title='bbox 1179 848 1269 905; x_wconf 81' lang='grc' dir='ltr'><strong>διὰ</strong></span> <span class='ocrx_word' id='word_1_52' title='bbox 1304 852 1400 904; x_wconf 75' lang='grc' dir='ltr'>τοῦ</span> <span class='ocrx_word' id='word_1_53' title='bbox 1437 846 1555 922; x_wconf 86' lang='grc' dir='ltr'>βίου</span> <span class='ocrx_word' id='word_1_54' title='bbox 1586 844 1877 922; x_wconf 85' lang='grc' dir='ltr'>προστίθη-</span> 
     </span>
    </p>
   </div>
   <div class='ocr_carea' id='block_1_10' title="bbox 222 975 323 1010">
    <p class='ocr_par' dir='ltr' id='par_1_10' title="bbox 222 975 323 1010">
     <span class='ocr_line' id='line_1_10' title="bbox 222 975 323 1010; baseline 0.01 -1"><span class='ocrx_word' id='word_1_55' title='bbox 222 975 323 1010; x_wconf 92' lang='grc' dir='ltr'>σιν.</span> 
     </span>
    </p>
   </div>
   <div class='ocr_carea' id='block_1_11' title="bbox 1984 576 3636 655">
    <p class='ocr_par' dir='ltr' id='par_1_11' title="bbox 1984 576 3636 655">
     <span class='ocr_line' id='line_1_11' title="bbox 1984 576 3636 655; baseline 0.004 -24"><span class='ocrx_word' id='word_1_56' title='bbox 1984 578 2129 632; x_wconf 76' lang='lat'><strong>301</strong></span> <span class='ocrx_word' id='word_1_57' title='bbox 2171 576 2481 633; x_wconf 85' lang='lat' dir='ltr'><strong>volubilem</strong></span> <span class='ocrx_word' id='word_1_58' title='bbox 2506 580 3387 655; x_wconf 88' lang='lat' dir='ltr'><strong>quidemlinguam,instabilem</strong></span> <span class='ocrx_word' id='word_1_59' title='bbox 3416 598 3553 638; x_wconf 87' lang='lat' dir='ltr'><strong>vero</strong></span> <span class='ocrx_word' id='word_1_60' title='bbox 3578 584 3636 638; x_wconf 86' lang='lat' dir='ltr'><strong>et</strong></span> 
     </span>
    </p>
   </div>
   <div class='ocr_carea' id='block_1_12' title="bbox 1983 666 3633 745">
    <p class='ocr_par' dir='ltr' id='par_1_12' title="bbox 1983 666 3633 745">
     <span class='ocr_line' id='line_1_12' title="bbox 1983 666 3633 745; baseline 0.004 -26"><span class='ocrx_word' id='word_1_61' title='bbox 1983 666 2323 738; x_wconf 91' lang='lat' dir='ltr'><strong>imperitum</strong></span> <span class='ocrx_word' id='word_1_62' title='bbox 2347 668 2612 725; x_wconf 89' lang='lat' dir='ltr'><strong>animum</strong></span> <span class='ocrx_word' id='word_1_63' title='bbox 2630 669 2827 741; x_wconf 85' lang='lat' dir='ltr'><strong>habet,</strong></span> <span class='ocrx_word' id='word_1_64' title='bbox 2844 671 2961 728; x_wconf 84' lang='lat' dir='ltr'><strong>illis</strong></span> <span class='ocrx_word' id='word_1_65' title='bbox 2982 672 3183 745; x_wconf 88' lang='lat' dir='ltr'><strong>utique</strong></span> <span class='ocrx_word' id='word_1_66' title='bbox 3215 670 3501 743; x_wconf 85' lang='lat' dir='ltr'><strong>sepulcris</strong></span> <span class='ocrx_word' id='word_1_67' title='bbox 3519 688 3633 727; x_wconf 90' lang='lat' dir='ltr'><strong>non</strong></span> 
     </span>
    </p>
   </div>
   <div class='ocr_carea' id='block_1_13' title="bbox 1984 754 3634 833">
    <p class='ocr_par' dir='ltr' id='par_1_13' title="bbox 1984 754 3634 833">
     <span class='ocr_line' id='line_1_13' title="bbox 1984 754 3634 833; baseline 0.002 -22"><span class='ocrx_word' id='word_1_68' title='bbox 1984 754 2595 828; x_wconf 66' lang='lat' dir='ltr'><strong>absimilis,quaa,cum</strong></span> <span class='ocrx_word' id='word_1_69' title='bbox 2620 760 2759 817; x_wconf 83' lang='lat' dir='ltr'><strong>foris</strong></span> <span class='ocrx_word' id='word_1_70' title='bbox 2770 762 3016 833; x_wconf 86' lang='lat' dir='ltr'><strong>pulchra</strong></span> <span class='ocrx_word' id='word_1_71' title='bbox 3027 766 3083 818; x_wconf 92' lang='lat' dir='ltr'><strong>et</strong></span> <span class='ocrx_word' id='word_1_72' title='bbox 3103 764 3312 819; x_wconf 88' lang='lat' dir='ltr'><strong>decora</strong></span> <span class='ocrx_word' id='word_1_73' title='bbox 3328 760 3634 828; x_wconf 89' lang='lat' dir='ltr'><strong>sint,intus</strong></span> 
     </span>
    </p>
   </div>
   <div class='ocr_carea' id='block_1_14' title="bbox 1984 847 3637 923">
    <p class='ocr_par' dir='ltr' id='par_1_14' title="bbox 1984 847 3637 923">
     <span class='ocr_line' id='line_1_14' title="bbox 1984 847 3637 923; baseline 0.002 -23"><span class='ocrx_word' id='word_1_74' title='bbox 1984 848 2181 901; x_wconf 89' lang='lat' dir='ltr'><strong>tamen</strong></span> <span class='ocrx_word' id='word_1_75' title='bbox 2208 847 2585 905; x_wconf 82' lang='lat' dir='ltr'><strong>cadaveribus</strong></span> <span class='ocrx_word' id='word_1_76' title='bbox 2624 854 2850 907; x_wconf 85' lang='lat' dir='ltr'><strong>scatent</strong></span> <span class='ocrx_word' id='word_1_77' title='bbox 2870 853 2935 918; x_wconf 67' lang='grc'><strong>⁸⁷,</strong></span> <span class='ocrx_word' id='word_1_78' title='bbox 2958 858 3132 922; x_wconf 82' lang='lat' dir='ltr'><strong>atque</strong></span> <span class='ocrx_word' id='word_1_79' title='bbox 3170 853 3468 923; x_wconf 83' lang='lat' dir='ltr'><strong>ingentem</strong></span> <span class='ocrx_word' id='word_1_80' title='bbox 3496 849 3637 905; x_wconf 86' lang='lat' dir='ltr'><strong>feto-</strong></span> 
     </span>
    </p>
   </div>
   <div class='ocr_carea' id='block_1_15' title="bbox 1985 938 3634 1016">
    <p class='ocr_par' dir='ltr' id='par_1_15' title="bbox 1985 938 3634 1016">
     <span class='ocr_line' id='line_1_15' title="bbox 1985 938 3634 1016; baseline 0.002 -24"><span class='ocrx_word' id='word_1_81' title='bbox 1985 953 2108 993; x_wconf 85' lang='lat' dir='ltr'><strong>rem</strong></span> <span class='ocrx_word' id='word_1_82' title='bbox 2140 938 2421 1011; x_wconf 89' lang='lat' dir='ltr'><strong>obtegunt</strong></span> <span class='ocrx_word' id='word_1_83' title='bbox 2450 956 2463 995; x_wconf 90' lang='lat'><strong>:</strong></span> <span class='ocrx_word' id='word_1_84' title='bbox 2493 957 2694 997; x_wconf 88' lang='lat' dir='ltr'><strong>verum</strong></span> <span class='ocrx_word' id='word_1_85' title='bbox 2727 942 2801 1011; x_wconf 89' lang='lat' dir='ltr'><strong>is,</strong></span> <span class='ocrx_word' id='word_1_86' title='bbox 2833 944 2930 1014; x_wconf 89' lang='lat' dir='ltr'><strong>qui</strong></span> <span class='ocrx_word' id='word_1_87' title='bbox 2954 961 3139 1016; x_wconf 88' lang='lat' dir='ltr'><strong>pauca</strong></span> <span class='ocrx_word' id='word_1_88' title='bbox 3168 944 3405 1015; x_wconf 87' lang='lat' dir='ltr'><strong>quidem</strong></span> <span class='ocrx_word' id='word_1_89' title='bbox 3420 943 3492 997; x_wconf 89' lang='lat' dir='ltr'><strong>de</strong></span> <span class='ocrx_word' id='word_1_90' title='bbox 3524 939 3634 996; x_wconf 88' lang='lat' dir='ltr'><strong>vir-</strong></span> 
     </span>
    </p>
   </div>
   <div class='ocr_carea' id='block_1_16' title="bbox 224 1028 3525 1108">
    <p class='ocr_par' dir='ltr' id='par_1_16' title="bbox 224 1028 3525 1108">
     <span class='ocr_line' id='line_1_16' title="bbox 224 1028 3525 1108; baseline -0.005 -4"><span class='ocrx_word' id='word_1_91' title='bbox 224 1052 349 1103; x_wconf 89' lang='lat' dir='ltr'><strong>tute</strong></span> <span class='ocrx_word' id='word_1_92' title='bbox 379 1044 555 1101; x_wconf 89' lang='lat' dir='ltr'><strong>verba</strong></span> <span class='ocrx_word' id='word_1_93' title='bbox 588 1040 745 1108; x_wconf 84' lang='lat' dir='ltr'><strong>facit,</strong></span> <span class='ocrx_word' id='word_1_94' title='bbox 779 1036 966 1092; x_wconf 86' lang='lat' dir='ltr'><strong>multa</strong></span> <span class='ocrx_word' id='word_1_95' title='bbox 994 1050 1126 1090; x_wconf 89' lang='lat' dir='ltr'><strong>vero</strong></span> <span class='ocrx_word' id='word_1_96' title='bbox 1158 1031 1432 1104; x_wconf 87' lang='lat' dir='ltr'><strong>operibus</strong></span> <span class='ocrx_word' id='word_1_97' title='bbox 1461 1028 1711 1098; x_wconf 82' lang='lat' dir='ltr'><strong>exhibet,</strong></span> <span class='ocrx_word' id='word_1_98' title='bbox 1746 1028 1923 1097; x_wconf 89' lang='lat' dir='ltr'><strong>ﬁdem</strong></span> <span class='ocrx_word' id='word_1_99' title='bbox 1952 1031 2009 1083; x_wconf 91' lang='lat' dir='ltr'><strong>et</strong></span> <span class='ocrx_word' id='word_1_100' title='bbox 2038 1029 2443 1086; x_wconf 81' lang='lat' dir='ltr'><strong>auctoritatem</strong></span> <span class='ocrx_word' id='word_1_101' title='bbox 2473 1033 2730 1089; x_wconf 82' lang='lat' dir='ltr'><strong>sermoni</strong></span> <span class='ocrx_word' id='word_1_102' title='bbox 2760 1050 2865 1090; x_wconf 91' lang='lat' dir='ltr'><strong>suo</strong></span> <span class='ocrx_word' id='word_1_103' title='bbox 2890 1050 2993 1106; x_wconf 88' lang='lat' dir='ltr'><strong>per</strong></span> <span class='ocrx_word' id='word_1_104' title='bbox 3020 1036 3197 1091; x_wconf 86' lang='lat' dir='ltr'><strong>vitam</strong></span> <span class='ocrx_word' id='word_1_105' title='bbox 3231 1033 3525 1091; x_wconf 87' lang='lat' dir='ltr'><strong>conciliat.</strong></span> 
     </span>
    </p>
   </div>
   <div class='ocr_carea' id='block_1_17' title="bbox 294 1116 1869 1207">
    <p class='ocr_par' dir='ltr' id='par_1_17' title="bbox 294 1116 1869 1207">
     <span class='ocr_line' id='line_1_17' title="bbox 294 1116 1869 1207; baseline -0.014 -16"><span class='ocrx_word' id='word_1_106' title='bbox 294 1141 363 1191; x_wconf 74' lang='lat'><strong>1&quot;.</strong></span> <span class='ocrx_word' id='word_1_107' title='bbox 452 1130 719 1207; x_wconf 82' lang='grc' dir='ltr'>Κρείσσων</span> <span class='ocrx_word' id='word_1_108' title='bbox 814 1123 937 1198; x_wconf 79' lang='grc' dir='ltr'>ἐμοὶ</span> <span class='ocrx_word' id='word_1_109' title='bbox 1012 1120 1283 1199; x_wconf 67' lang='grc' dir='ltr'>εὐμορφία</span> <span class='ocrx_word' id='word_1_110' title='bbox 1357 1116 1704 1194; x_wconf 75' lang='grc' dir='ltr'>θεωρουμένη</span> <span class='ocrx_word' id='word_1_111' title='bbox 1770 1122 1869 1185; x_wconf 78' lang='grc' dir='ltr'>τῆς</span> 
     </span>
    </p>
   </div>
   <div class='ocr_carea' id='block_1_18' title="bbox 2053 1120 3631 1195">
    <p class='ocr_par' dir='ltr' id='par_1_18' title="bbox 2053 1120 3631 1195">
     <span class='ocr_line' id='line_1_18' title="bbox 2053 1120 3631 1195; baseline 0.004 -22"><span class='ocrx_word' id='word_1_112' title='bbox 2053 1120 2147 1173; x_wconf 88' lang='grc' dir='ltr'>ΙΙΙ.</span> <span class='ocrx_word' id='word_1_113' title='bbox 2180 1120 2570 1190; x_wconf 81' lang='lat' dir='ltr'><strong>Praestantior,</strong></span> <span class='ocrx_word' id='word_1_114' title='bbox 2623 1140 2751 1179; x_wconf 90' lang='lat' dir='ltr'><strong>meo</strong></span> <span class='ocrx_word' id='word_1_115' title='bbox 2808 1124 3045 1194; x_wconf 87' lang='lat' dir='ltr'><strong>quidem</strong></span> <span class='ocrx_word' id='word_1_116' title='bbox 3086 1124 3333 1195; x_wconf 81' lang='lat' dir='ltr'><strong>judicio,</strong></span> <span class='ocrx_word' id='word_1_117' title='bbox 3376 1127 3466 1179; x_wconf 92' lang='lat' dir='ltr'><strong>est</strong></span> <span class='ocrx_word' id='word_1_118' title='bbox 3496 1121 3631 1195; x_wconf 89' lang='lat' dir='ltr'><strong>pul-</strong></span> 
     </span>
    </p>
   </div>
   <div class='ocr_carea' id='block_1_19' title="bbox 222 1203 1929 1296">
    <p class='ocr_par' dir='ltr' id='par_1_19' title="bbox 222 1203 1872 1296">
     <span class='ocr_line' id='line_1_19' title="bbox 222 1203 1872 1296; baseline -0.013 -17"><span class='ocrx_word' id='word_1_119' title='bbox 222 1224 275 1281; x_wconf 71' lang='grc' dir='ltr'>ἐν</span> <span class='ocrx_word' id='word_1_120' title='bbox 324 1226 403 1296; x_wconf 91' lang='grc'><strong>(1)</strong></span> <span class='ocrx_word' id='word_1_121' title='bbox 474 1203 629 1293; x_wconf 83' lang='grc' dir='ltr'>λόγῳ</span> <span class='ocrx_word' id='word_1_122' title='bbox 698 1211 1183 1291; x_wconf 69' lang='grc' dir='ltr'><strong>ζωγραιιρουμένης⁸</strong></span> <span class='ocrx_word' id='word_1_123' title='bbox 1236 1209 1324 1265; x_wconf 81' lang='grc' dir='ltr'><strong>καὶ</strong></span> <span class='ocrx_word' id='word_1_124' title='bbox 1383 1209 1640 1296; x_wconf 71' lang='grc' dir='ltr'>πλοῦτος,</span> <span class='ocrx_word' id='word_1_125' title='bbox 1702 1203 1757 1259; x_wconf 80' lang='grc' dir='ltr'>ὅν</span> <span class='ocrx_word' id='word_1_126' title='bbox 1806 1204 1872 1296; x_wconf 79' lang='grc' dir='ltr'><strong>αἰ</strong></span> 
     </span>
    </p>
   </div>
   <div class='ocr_carea' id='block_1_20' title="bbox 2020 1203 3634 1296">
    <p class='ocr_par' dir='ltr' id='par_1_20' title="bbox 2020 1206 3634 1286">
     <span class='ocr_line' id='line_1_20' title="bbox 2020 1206 3634 1286; baseline 0.003 -24"><span class='ocrx_word' id='word_1_127' title='bbox 2020 1206 2250 1264; x_wconf 92' lang='lat' dir='ltr'><strong>hritudo</strong></span> <span class='ocrx_word' id='word_1_128' title='bbox 2280 1226 2347 1264; x_wconf 88' lang='lat' dir='ltr'><strong>ea</strong></span> <span class='ocrx_word' id='word_1_129' title='bbox 2378 1227 2503 1282; x_wconf 82' lang='lat' dir='ltr'><strong>quae</strong></span> <span class='ocrx_word' id='word_1_130' title='bbox 2527 1211 2711 1267; x_wconf 90' lang='lat' dir='ltr'><strong>oculis</strong></span> <span class='ocrx_word' id='word_1_131' title='bbox 2742 1215 3340 1286; x_wconf 67' lang='lat' dir='ltr'><strong>cernitur,quamqum</strong></span> <span class='ocrx_word' id='word_1_132' title='bbox 3363 1228 3634 1269; x_wconf 87' lang='lat' dir='ltr'><strong>sermone</strong></span> 
     </span>
    </p>
   </div>
   <div class='ocr_carea' id='block_1_21' title="bbox 222 1293 1929 1389">
    <p class='ocr_par' dir='ltr' id='par_1_21' title="bbox 222 1293 1870 1389">
     <span class='ocr_line' id='line_1_21' title="bbox 222 1293 1870 1389; baseline -0.013 -21"><span class='ocrx_word' id='word_1_133' title='bbox 222 1293 403 1389; x_wconf 78' lang='grc' dir='ltr'>γεῖρες</span> <span class='ocrx_word' id='word_1_134' title='bbox 436 1306 678 1385; x_wconf 78' lang='grc' dir='ltr'>ἔχουσιν,</span> <span class='ocrx_word' id='word_1_135' title='bbox 708 1306 743 1374; x_wconf 74' lang='grc' dir='ltr'><strong>ἢ</strong></span> <span class='ocrx_word' id='word_1_136' title='bbox 777 1306 833 1359; x_wconf 80' lang='grc' dir='ltr'>δν</span> <span class='ocrx_word' id='word_1_137' title='bbox 868 1304 920 1357; x_wconf 74' lang='grc' dir='ltr'><strong>οἱ</strong></span> <span class='ocrx_word' id='word_1_138' title='bbox 950 1300 1150 1376; x_wconf 83' lang='grc' dir='ltr'>ὅνειροι</span> <span class='ocrx_word' id='word_1_139' title='bbox 1181 1296 1527 1354; x_wconf 79' lang='grc' dir='ltr'><strong>πλάττουσιν⁸</strong></span> <span class='ocrx_word' id='word_1_140' title='bbox 1560 1294 1649 1351; x_wconf 86' lang='grc' dir='ltr'><strong>καὶ</strong></span> <span class='ocrx_word' id='word_1_141' title='bbox 1692 1293 1870 1370; x_wconf 73' lang='grc' dir='ltr'>σοφία,</span> 
     </span>
    </p>
   </div>
   <div class='ocr_carea' id='block_1_22' title="bbox 2020 1293 3634 1389">
    <p class='ocr_par' dir='ltr' id='par_1_22' title="bbox 2025 1296 3634 1389">
     <span class='ocr_line' id='line_1_22' title="bbox 2025 1296 3634 1389; baseline 0.004 -38"><span class='ocrx_word' id='word_1_142' title='bbox 2025 1296 2367 1389; x_wconf 42' lang='grc' dir='ltr'>ἰοείιιιιιχει</span> <span class='ocrx_word' id='word_1_143' title='bbox 2392 1300 2605 1356; x_wconf 67' lang='lat' dir='ltr'><strong>divitiae</strong></span> <span class='ocrx_word' id='word_1_144' title='bbox 2638 1318 2784 1374; x_wconf 87' lang='lat' dir='ltr'><strong>quas</strong></span> <span class='ocrx_word' id='word_1_145' title='bbox 2817 1320 3027 1360; x_wconf 88' lang='lat' dir='ltr'><strong>manus</strong></span> <span class='ocrx_word' id='word_1_146' title='bbox 3059 1307 3279 1373; x_wconf 85' lang='lat' dir='ltr'><strong>tenent,</strong></span> <span class='ocrx_word' id='word_1_147' title='bbox 3294 1319 3473 1375; x_wconf 88' lang='lat' dir='ltr'><strong>quam</strong></span> <span class='ocrx_word' id='word_1_148' title='bbox 3507 1318 3634 1374; x_wconf 68' lang='lat' dir='ltr'><strong>quas</strong></span> 
     </span>
    </p>
   </div>
   <div class='ocr_carea' id='block_1_23' title="bbox 223 1378 1929 1477">
    <p class='ocr_par' dir='ltr' id='par_1_23' title="bbox 223 1378 1870 1477">
     <span class='ocr_line' id='line_1_23' title="bbox 223 1378 1870 1477; baseline -0.012 -21"><span class='ocrx_word' id='word_1_149' title='bbox 223 1378 395 1477; x_wconf 39' lang='lat'>0.61:1)</span> <span class='ocrx_word' id='word_1_150' title='bbox 426 1378 505 1470; x_wconf 61' lang='lat' dir='ltr'><strong>«ch</strong></span> <span class='ocrx_word' id='word_1_151' title='bbox 550 1395 702 1471; x_wconf 84' lang='grc' dir='ltr'>λόγῳ</span> <span class='ocrx_word' id='word_1_152' title='bbox 746 1395 820 1467; x_wconf 84' lang='grc'>(2)</span> <span class='ocrx_word' id='word_1_153' title='bbox 872 1388 1320 1467; x_wconf 71' lang='grc' dir='ltr'>λαμπρυνομένη,</span> <span class='ocrx_word' id='word_1_154' title='bbox 1352 1385 1495 1477; x_wconf 17' lang='grc' dir='ltr'>,ἀλλ’</span> <span class='ocrx_word' id='word_1_155' title='bbox 1542 1387 1578 1455; x_wconf 78' lang='grc' dir='ltr'>ἡ</span> <span class='ocrx_word' id='word_1_156' title='bbox 1622 1382 1709 1438; x_wconf 75' lang='grc' dir='ltr'><strong>διὰ</strong></span> <span class='ocrx_word' id='word_1_157' title='bbox 1764 1386 1870 1437; x_wconf 82' lang='grc' dir='ltr'><strong>τῶν</strong></span> 
     </span>
    </p>
   </div>
   <div class='ocr_carea' id='block_1_24' title="bbox 2020 1378 3637 1477">
    <p class='ocr_par' dir='ltr' id='par_1_24' title="bbox 2024 1388 3637 1463">
     <span class='ocr_line' id='line_1_24' title="bbox 2024 1388 3637 1463; baseline 0.002 -24"><span class='ocrx_word' id='word_1_158' title='bbox 2024 1401 2086 1439; x_wconf 93' lang='lat' dir='ltr'><strong>er</strong></span> <span class='ocrx_word' id='word_1_159' title='bbox 2115 1388 2346 1443; x_wconf 86' lang='lat' dir='ltr'><strong>somnia</strong></span> <span class='ocrx_word' id='word_1_160' title='bbox 2373 1390 2735 1460; x_wconf 81' lang='lat' dir='ltr'><strong>efﬁnguntur</strong></span> <span class='ocrx_word' id='word_1_161' title='bbox 2760 1407 2772 1458; x_wconf 90' lang='lat'><strong>;</strong></span> <span class='ocrx_word' id='word_1_162' title='bbox 2806 1395 2863 1446; x_wconf 90' lang='lat' dir='ltr'><strong>et</strong></span> <span class='ocrx_word' id='word_1_163' title='bbox 2891 1390 3180 1462; x_wconf 86' lang='lat' dir='ltr'><strong>sapientia</strong></span> <span class='ocrx_word' id='word_1_164' title='bbox 3201 1407 3327 1463; x_wconf 81' lang='lat' dir='ltr'><strong>quae</strong></span> <span class='ocrx_word' id='word_1_165' title='bbox 3343 1406 3444 1463; x_wconf 89' lang='lat' dir='ltr'><strong>per</strong></span> <span class='ocrx_word' id='word_1_166' title='bbox 3460 1403 3637 1462; x_wconf 87' lang='lat' dir='ltr'><strong>opera</strong></span> 
     </span>
    </p>
   </div>
   <div class='ocr_carea' id='block_1_25' title="bbox 222 1473 1929 1565">
    <p class='ocr_par' dir='ltr' id='par_1_25' title="bbox 222 1473 1874 1565">
     <span class='ocr_line' id='line_1_25' title="bbox 222 1473 1874 1565; baseline -0.012 -20"><span class='ocrx_word' id='word_1_167' title='bbox 222 1473 391 1565; x_wconf 72' lang='grc' dir='ltr'>ἔργων</span> <span class='ocrx_word' id='word_1_168' title='bbox 450 1485 814 1560; x_wconf 70' lang='grc' dir='ltr'>ἐλεγχομένη,</span> <span class='ocrx_word' id='word_1_169' title='bbox 876 1480 1095 1541; x_wconf 83' lang='grc' dir='ltr'>Σύνεσις</span> <span class='ocrx_word' id='word_1_170' title='bbox 1163 1478 1265 1553; x_wconf 76' lang='grc' dir='ltr'>γὰρ</span> <span class='ocrx_word' id='word_1_171' title='bbox 1340 1475 1516 1551; x_wconf 84' lang='grc' dir='ltr'>ἀγαθή</span> <span class='ocrx_word' id='word_1_172' title='bbox 1575 1479 1705 1565; x_wconf 80' lang='grc' dir='ltr'>πᾶσι</span> <span class='ocrx_word' id='word_1_173' title='bbox 1756 1477 1874 1534; x_wconf 89' lang='grc' dir='ltr'>τοῖς</span> 
     </span>
    </p>
   </div>
   <div class='ocr_carea' id='block_1_26' title="bbox 2020 1473 3635 1565">
    <p class='ocr_par' dir='ltr' id='par_1_26' title="bbox 2026 1478 3635 1551">
     <span class='ocr_line' id='line_1_26' title="bbox 2026 1478 3635 1551; baseline 0.002 -22"><span class='ocrx_word' id='word_1_174' title='bbox 2026 1480 2441 1545; x_wconf 87' lang='lat' dir='ltr'><strong>emonstratur,</strong></span> <span class='ocrx_word' id='word_1_175' title='bbox 2476 1494 2653 1549; x_wconf 87' lang='lat' dir='ltr'><strong>quam</strong></span> <span class='ocrx_word' id='word_1_176' title='bbox 2685 1495 2813 1550; x_wconf 75' lang='lat' dir='ltr'><strong>quas</strong></span> <span class='ocrx_word' id='word_1_177' title='bbox 2839 1494 3111 1536; x_wconf 85' lang='lat' dir='ltr'><strong>sermone</strong></span> <span class='ocrx_word' id='word_1_178' title='bbox 3134 1480 3280 1536; x_wconf 86' lang='lat' dir='ltr'><strong>nitet</strong></span> <span class='ocrx_word' id='word_1_179' title='bbox 3336 1496 3402 1536; x_wconf 90' lang='lat' dir='ltr'><strong>ac</strong></span> <span class='ocrx_word' id='word_1_180' title='bbox 3439 1478 3635 1551; x_wconf 87' lang='lat' dir='ltr'><strong>splen-</strong></span> 
     </span>
    </p>
   </div>
   <div class='ocr_carea' id='block_1_27' title="bbox 221 1562 1929 1648">
    <p class='ocr_par' dir='ltr' id='par_1_27' title="bbox 221 1562 1871 1648">
     <span class='ocr_line' id='line_1_27' title="bbox 221 1562 1871 1648; baseline -0.012 -14"><span class='ocrx_word' id='word_1_181' title='bbox 221 1562 467 1634; x_wconf 77' lang='grc' dir='ltr'>ποιοῦσιν</span> <span class='ocrx_word' id='word_1_182' title='bbox 520 1573 711 1643; x_wconf 83' lang='grc' dir='ltr'>αὐτὴν,</span> <span class='ocrx_word' id='word_1_183' title='bbox 763 1570 948 1648; x_wconf 76' lang='grc' dir='ltr'>φησὶν,</span> <span class='ocrx_word' id='word_1_184' title='bbox 1012 1566 1135 1623; x_wconf 83' lang='grc' dir='ltr'>ἀλλ’</span> <span class='ocrx_word' id='word_1_185' title='bbox 1193 1565 1260 1620; x_wconf 76' lang='grc' dir='ltr'><strong>οὐ</strong></span> <span class='ocrx_word' id='word_1_186' title='bbox 1315 1570 1433 1627; x_wconf 84' lang='grc' dir='ltr'>τοῖς</span> <span class='ocrx_word' id='word_1_187' title='bbox 1483 1562 1871 1639; x_wconf 75' lang='grc' dir='ltr'>κηρύττουσιν·</span> 
     </span>
    </p>
   </div>
   <div class='ocr_carea' id='block_1_28' title="bbox 2020 1562 3637 1648">
    <p class='ocr_par' dir='ltr' id='par_1_28' title="bbox 2020 1566 3637 1641">
     <span class='ocr_line' id='line_1_28' title="bbox 2020 1566 3637 1641; baseline 0.003 -22"><span class='ocrx_word' id='word_1_188' title='bbox 2020 1566 2187 1621; x_wconf 88' lang='lat' dir='ltr'><strong>escit.</strong></span> <span class='ocrx_word' id='word_1_189' title='bbox 2220 1567 2533 1622; x_wconf 64' lang='lat' dir='ltr'><strong>Intellectus</strong></span> <span class='ocrx_word' id='word_1_190' title='bbox 2559 1568 2718 1623; x_wconf 91' lang='lat' dir='ltr'><strong>enim</strong></span> <span class='ocrx_word' id='word_1_191' title='bbox 2747 1571 2936 1639; x_wconf 80' lang='lat' dir='ltr'><strong>bonus,</strong></span> <span class='ocrx_word' id='word_1_192' title='bbox 2970 1569 3163 1641; x_wconf 87' lang='lat' dir='ltr'><strong>inquit</strong></span> <span class='ocrx_word' id='word_1_193' title='bbox 3221 1568 3341 1637; x_wconf 91' lang='lat' dir='ltr'><strong>ille,</strong></span> <span class='ocrx_word' id='word_1_194' title='bbox 3382 1570 3637 1626; x_wconf 78' lang='lat' dir='ltr'><strong>omnibus</strong></span> 
     </span>
    </p>
   </div>
   <div class='ocr_carea' id='block_1_29' title="bbox 222 1650 1929 1737">
    <p class='ocr_par' dir='ltr' id='par_1_29' title="bbox 222 1650 1875 1737">
     <span class='ocr_line' id='line_1_29' title="bbox 222 1650 1875 1737; baseline -0.011 -14"><span class='ocrx_word' id='word_1_195' title='bbox 222 1667 423 1737; x_wconf 85' lang='grc' dir='ltr'>ταύτης</span> <span class='ocrx_word' id='word_1_196' title='bbox 474 1661 531 1719; x_wconf 75' lang='grc' dir='ltr'><strong>δὶ</strong></span> <span class='ocrx_word' id='word_1_197' title='bbox 579 1661 808 1737; x_wconf 73' lang='grc' dir='ltr'>βάσανος</span> <span class='ocrx_word' id='word_1_198' title='bbox 857 1653 1218 1734; x_wconf 71' lang='grc' dir='ltr'>ἀκριϐεστάτη</span> <span class='ocrx_word' id='word_1_199' title='bbox 1267 1660 1365 1724; x_wconf 82' lang='grc' dir='ltr'>τῆς</span> <span class='ocrx_word' id='word_1_200' title='bbox 1418 1652 1605 1730; x_wconf 73' lang='grc' dir='ltr'>σοφίας</span> <span class='ocrx_word' id='word_1_201' title='bbox 1648 1650 1875 1727; x_wconf 81' lang='grc' dir='ltr'><strong>χρόνος,</strong></span> 
     </span>
    </p>
   </div>
   <div class='ocr_carea' id='block_1_30' title="bbox 2020 1650 3636 1737">
    <p class='ocr_par' dir='ltr' id='par_1_30' title="bbox 2020 1656 3636 1731">
     <span class='ocr_line' id='line_1_30' title="bbox 2020 1656 3636 1731; baseline 0.001 -20"><span class='ocrx_word' id='word_1_202' title='bbox 2020 1656 2317 1712; x_wconf 62' lang='lat' dir='ltr'><strong>scientibus</strong></span> <span class='ocrx_word' id='word_1_203' title='bbox 2346 1672 2470 1712; x_wconf 83' lang='lat' dir='ltr'><strong>eum</strong></span> <span class='ocrx_word' id='word_1_204' title='bbox 2491 1657 2556 1727; x_wconf 78' lang='grc'>⁸⁸,</span> <span class='ocrx_word' id='word_1_205' title='bbox 2581 1674 2696 1713; x_wconf 91' lang='lat' dir='ltr'><strong>non</strong></span> <span class='ocrx_word' id='word_1_206' title='bbox 2716 1662 2912 1714; x_wconf 88' lang='lat' dir='ltr'><strong>autem</strong></span> <span class='ocrx_word' id='word_1_207' title='bbox 2937 1659 3411 1731; x_wconf 71' lang='lat' dir='ltr'><strong>praedicantibus.</strong></span> <span class='ocrx_word' id='word_1_208' title='bbox 3445 1659 3636 1730; x_wconf 87' lang='lat' dir='ltr'><strong>Hujus</strong></span> 
     </span>
    </p>
   </div>
   <div class='ocr_carea' id='block_1_31' title="bbox 224 1736 1929 1829">
    <p class='ocr_par' dir='ltr' id='par_1_31' title="bbox 224 1736 1874 1829">
     <span class='ocr_line' id='line_1_31' title="bbox 224 1736 1874 1829; baseline -0.01 -20"><span class='ocrx_word' id='word_1_209' title='bbox 224 1753 315 1809; x_wconf 84' lang='grc' dir='ltr'><strong>καὶ</strong></span> <span class='ocrx_word' id='word_1_210' title='bbox 373 1736 629 1829; x_wconf 70' lang='grc' dir='ltr'>στέφανος</span> <span class='ocrx_word' id='word_1_211' title='bbox 687 1742 856 1807; x_wconf 76' lang='grc' dir='ltr'>ὅντως</span> <span class='ocrx_word' id='word_1_212' title='bbox 911 1752 1085 1820; x_wconf 81' lang='grc' dir='ltr'>γῆρας</span> <span class='ocrx_word' id='word_1_213' title='bbox 1143 1744 1489 1817; x_wconf 76' lang='grc' dir='ltr'>καυχήσεως.</span> <span class='ocrx_word' id='word_1_214' title='bbox 1551 1739 1611 1794; x_wconf 86' lang='grc' dir='ltr'>Εἰ</span> <span class='ocrx_word' id='word_1_215' title='bbox 1652 1736 1874 1829; x_wconf 32' lang='grc' dir='ltr'>γὰρ-οὐ</span> 
     </span>
    </p>
   </div>
   <div class='ocr_carea' id='block_1_32' title="bbox 2020 1736 3636 1829">
    <p class='ocr_par' dir='ltr' id='par_1_32' title="bbox 2020 1746 3636 1821">
     <span class='ocr_line' id='line_1_32' title="bbox 2020 1746 3636 1821; baseline 0.001 -20"><span class='ocrx_word' id='word_1_216' title='bbox 2020 1762 2157 1801; x_wconf 69' lang='grc' dir='ltr'>οτι-ο</span> <span class='ocrx_word' id='word_1_217' title='bbox 2191 1746 2489 1818; x_wconf 84' lang='lat' dir='ltr'><strong>sapientiae</strong></span> <span class='ocrx_word' id='word_1_218' title='bbox 2520 1747 2888 1805; x_wconf 86' lang='lat' dir='ltr'><strong>certissimus</strong></span> <span class='ocrx_word' id='word_1_219' title='bbox 2919 1749 3249 1821; x_wconf 85' lang='lat' dir='ltr'><strong>explorator</strong></span> <span class='ocrx_word' id='word_1_220' title='bbox 3276 1752 3512 1821; x_wconf 84' lang='lat' dir='ltr'><strong>tempus</strong></span> <span class='ocrx_word' id='word_1_221' title='bbox 3527 1750 3636 1819; x_wconf 90' lang='lat' dir='ltr'><strong>est,</strong></span> 
     </span>
    </p>
   </div>
   <div class='ocr_carea' id='block_1_33' title="bbox 228 1825 1929 1943">
    <p class='ocr_par' dir='ltr' id='par_1_33' title="bbox 228 1825 1929 1943">
     <span class='ocr_line' id='line_1_33' title="bbox 228 1825 1929 1943; baseline -0.008 -46"><span class='ocrx_word' id='word_1_222' title='bbox 228 1845 340 1920; x_wconf 80' lang='grc' dir='ltr'>χρὴ</span> <span class='ocrx_word' id='word_1_223' title='bbox 404 1825 714 1915; x_wconf 77' lang='grc' dir='ltr'>μακαρίζειν</span> <span class='ocrx_word' id='word_1_224' title='bbox 766 1836 873 1912; x_wconf 85' lang='grc' dir='ltr'>πρὸ</span> <span class='ocrx_word' id='word_1_225' title='bbox 928 1831 1185 1900; x_wconf 75' lang='grc' dir='ltr'>τελευτῆς</span> <span class='ocrx_word' id='word_1_226' title='bbox 1232 1832 1533 1906; x_wconf 81' lang='grc' dir='ltr'>ἄνθρωπον,</span> <span class='ocrx_word' id='word_1_227' title='bbox 1567 1828 1641 1890; x_wconf 85' lang='grc' dir='ltr'><strong>ὡς</strong></span> <span class='ocrx_word' id='word_1_228' title='bbox 1702 1825 1929 1943; x_wconf 81' lang='grc' dir='ltr'><strong>Σολο-1</strong></span> 
     </span>
     <span class='ocr_line' id='line_1_34' title="bbox 288 1916 1879 1943; baseline 0 0"><span class='ocrx_word' id='word_1_229' title='bbox 288 1934 309 1943; x_wconf 71' lang='grc' dir='ltr'><em>υ</em></span> <span class='ocrx_word' id='word_1_230' title='bbox 476 1930 489 1943; x_wconf 63' lang='grc' dir='ltr'>ς</span> <span class='ocrx_word' id='word_1_231' title='bbox 581 1928 594 1943; x_wconf 84' lang='lat'><strong><em>\</em></strong></span> <span class='ocrx_word' id='word_1_232' title='bbox 647 1925 670 1943; x_wconf 58' lang='grc' dir='ltr'>Ἀ</span> <span class='ocrx_word' id='word_1_233' title='bbox 770 1932 793 1941; x_wconf 63' lang='grc' dir='ltr'><strong>ε-</strong></span> <span class='ocrx_word' id='word_1_234' title='bbox 935 1925 949 1943; x_wconf 90' lang='lat'><em>\</em></span> <span class='ocrx_word' id='word_1_235' title='bbox 1004 1920 1061 1939; x_wconf 56' lang='grc' dir='ltr'><strong>νδ</strong></span> <span class='ocrx_word' id='word_1_236' title='bbox 1110 1920 1130 1943; x_wconf 52' lang='grc' dir='ltr'><strong>Ὗ</strong></span> <span class='ocrx_word' id='word_1_237' title='bbox 1200 1942 1204 1943; x_wconf 63' lang='lat'><strong><em>,</em></strong></span> <span class='ocrx_word' id='word_1_238' title='bbox 1260 1919 1284 1943; x_wconf 70' lang='grc' dir='ltr'><strong><em>υ</em></strong></span> <span class='ocrx_word' id='word_1_239' title='bbox 1330 1921 1464 1943; x_wconf 41' lang='grc' dir='ltr'><strong>ᾼη,5.</strong></span> <span class='ocrx_word' id='word_1_240' title='bbox 1496 1921 1589 1943; x_wconf 59' lang='lat'><strong>__?_</strong></span> <span class='ocrx_word' id='word_1_241' title='bbox 1627 1916 1879 1943; x_wconf 64' lang='lat'><strong>1—.-_’___-</strong></span> 
     </span>
    </p>
   </div>
   <div class='ocr_carea' id='block_1_34' title="bbox 2020 1825 3641 1943">
    <p class='ocr_par' dir='ltr' id='par_1_34' title="bbox 2020 1836 3641 1908">
     <span class='ocr_line' id='line_1_35' title="bbox 2020 1836 3641 1908; baseline 0.002 -19"><span class='ocrx_word' id='word_1_242' title='bbox 2020 1852 2057 1891; x_wconf 43' lang='grc' dir='ltr'>ιο</span> <span class='ocrx_word' id='word_1_243' title='bbox 2086 1851 2216 1892; x_wconf 90' lang='lat' dir='ltr'><strong>vere</strong></span> <span class='ocrx_word' id='word_1_244' title='bbox 2246 1836 2611 1908; x_wconf 91' lang='lat' dir='ltr'><strong>gloriationis</strong></span> <span class='ocrx_word' id='word_1_245' title='bbox 2652 1854 2865 1895; x_wconf 86' lang='lat' dir='ltr'><strong>corona</strong></span> <span class='ocrx_word' id='word_1_246' title='bbox 2894 1843 3163 1896; x_wconf 87' lang='lat' dir='ltr'><strong>senectus</strong></span> <span class='ocrx_word' id='word_1_247' title='bbox 3191 1839 3257 1894; x_wconf 70' lang='grc'><strong>⁸9.</strong></span> <span class='ocrx_word' id='word_1_248' title='bbox 3289 1839 3435 1895; x_wconf 89' lang='lat' dir='ltr'><strong>Nam</strong></span> <span class='ocrx_word' id='word_1_249' title='bbox 3469 1837 3539 1907; x_wconf 85' lang='lat' dir='ltr'><strong>si,</strong></span> <span class='ocrx_word' id='word_1_250' title='bbox 3575 1840 3641 1893; x_wconf 90' lang='lat' dir='ltr'><strong>ut</strong></span> 
     </span>
    </p>
   </div>
   <div class='ocr_carea' id='block_1_35' title="bbox 234 1916 1929 2007">
    <p class='ocr_par' dir='ltr' id='par_1_35' title="bbox 234 1916 1929 2007">
     <span class='ocr_line' id='line_1_36' title="bbox 234 1916 1929 2007; baseline -0.01 -20"><span class='ocrx_word' id='word_1_251' title='bbox 234 1916 399 2007; x_wconf 77' lang='grc' dir='ltr'>μῶντι</span> <span class='ocrx_word' id='word_1_252' title='bbox 430 1928 597 2003; x_wconf 75' lang='grc' dir='ltr'>κάμοὶ</span> <span class='ocrx_word' id='word_1_253' title='bbox 644 1925 811 1997; x_wconf 81' lang='grc' dir='ltr'>δοκεῖ,</span> <span class='ocrx_word' id='word_1_254' title='bbox 862 1925 950 1979; x_wconf 79' lang='grc' dir='ltr'><strong>καὶ</strong></span> <span class='ocrx_word' id='word_1_255' title='bbox 1000 1920 1206 1992; x_wconf 75' lang='grc' dir='ltr'>ἄδηλον</span> <span class='ocrx_word' id='word_1_256' title='bbox 1255 1919 1284 1976; x_wconf 75' lang='grc' dir='ltr'>ὅ</span> <span class='ocrx_word' id='word_1_257' title='bbox 1321 1921 1466 1995; x_wconf 78' lang='grc' dir='ltr'>παρὰ</span> <span class='ocrx_word' id='word_1_258' title='bbox 1492 1921 1590 1988; x_wconf 77' lang='grc' dir='ltr'>τῆς</span> <span class='ocrx_word' id='word_1_259' title='bbox 1625 1916 1880 1989; x_wconf 73' lang='grc' dir='ltr'>ἐπιούσης</span> <span class='ocrx_word' id='word_1_260' title='bbox 1912 1916 1929 1943; x_wconf 81' lang='grc'><strong><em>³</em></strong></span> 
     </span>
    </p>
   </div>
   <div class='ocr_carea' id='block_1_36' title="bbox 2020 1916 3639 2007">
    <p class='ocr_par' dir='ltr' id='par_1_36' title="bbox 2026 1925 3639 1997">
     <span class='ocr_line' id='line_1_37' title="bbox 2026 1925 3639 1997; baseline 0.001 -17"><span class='ocrx_word' id='word_1_261' title='bbox 2026 1942 2127 1997; x_wconf 90' lang='lat' dir='ltr'><strong>rgo</strong></span> <span class='ocrx_word' id='word_1_262' title='bbox 2158 1941 2293 1981; x_wconf 91' lang='lat' dir='ltr'><strong>cum</strong></span> <span class='ocrx_word' id='word_1_263' title='bbox 2310 1925 2617 1983; x_wconf 88' lang='lat' dir='ltr'><strong>Salomone</strong></span> <span class='ocrx_word' id='word_1_264' title='bbox 2647 1928 2856 1993; x_wconf 88' lang='lat' dir='ltr'><strong>sentio,</strong></span> <span class='ocrx_word' id='word_1_265' title='bbox 2890 1927 3190 1984; x_wconf 91' lang='lat' dir='ltr'><strong>hominem</strong></span> <span class='ocrx_word' id='word_1_266' title='bbox 3223 1932 3356 1984; x_wconf 89' lang='lat' dir='ltr'><strong>ante</strong></span> <span class='ocrx_word' id='word_1_267' title='bbox 3387 1930 3639 1983; x_wconf 90' lang='lat' dir='ltr'><strong>mortem</strong></span> 
     </span>
    </p>
   </div>
   <div class='ocr_carea' id='block_1_37' title="bbox 230 2008 1929 2099">
    <p class='ocr_par' dir='ltr' id='par_1_37' title="bbox 230 2008 1880 2099">
     <span class='ocr_line' id='line_1_38' title="bbox 230 2008 1880 2099; baseline -0.01 -20"><span class='ocrx_word' id='word_1_268' title='bbox 230 2024 575 2099; x_wconf 74' lang='grc' dir='ltr'>τεχΘ-ιςσεται,</span> <span class='ocrx_word' id='word_1_269' title='bbox 604 2016 819 2079; x_wconf 77' lang='grc' dir='ltr'>πολλὰς</span> <span class='ocrx_word' id='word_1_270' title='bbox 853 2016 1085 2091; x_wconf 65' lang='grc' dir='ltr'>στροφὰς</span> <span class='ocrx_word' id='word_1_271' title='bbox 1117 2012 1351 2088; x_wconf 75' lang='grc' dir='ltr'>ἐχούσης</span> <span class='ocrx_word' id='word_1_272' title='bbox 1398 2014 1557 2085; x_wconf 79' lang='grc' dir='ltr'>ἡμῶν</span> <span class='ocrx_word' id='word_1_273' title='bbox 1606 2014 1703 2079; x_wconf 70' lang='grc' dir='ltr'>τῆς</span> <span class='ocrx_word' id='word_1_274' title='bbox 1734 2008 1880 2064; x_wconf 78' lang='grc' dir='ltr'>κάτω</span> 
     </span>
    </p>
   </div>
   <div class='ocr_carea' id='block_1_38' title="bbox 2020 2008 3643 2099">
    <p class='ocr_par' dir='ltr' id='par_1_38' title="bbox 2020 2016 3643 2088">
     <span class='ocr_line' id='line_1_39' title="bbox 2020 2016 3643 2088; baseline 0.002 -21"><span class='ocrx_word' id='word_1_275' title='bbox 2020 2019 2229 2071; x_wconf 56' lang='lat' dir='ltr'><strong>uentum</strong></span> <span class='ocrx_word' id='word_1_276' title='bbox 2250 2016 2562 2087; x_wconf 70' lang='lat' dir='ltr'><strong>praedicare</strong></span> <span class='ocrx_word' id='word_1_277' title='bbox 2593 2034 2708 2072; x_wconf 88' lang='lat' dir='ltr'><strong>non</strong></span> <span class='ocrx_word' id='word_1_278' title='bbox 2735 2021 2961 2088; x_wconf 89' lang='lat' dir='ltr'><strong>oportet</strong></span> <span class='ocrx_word' id='word_1_279' title='bbox 3009 2018 3071 2085; x_wconf 68' lang='lat'><strong>9°,</strong></span> <span class='ocrx_word' id='word_1_280' title='bbox 3113 2017 3522 2088; x_wconf 90' lang='lat' dir='ltr'><strong>incertumque</strong></span> <span class='ocrx_word' id='word_1_281' title='bbox 3553 2019 3643 2071; x_wconf 89' lang='lat' dir='ltr'><strong>est</strong></span> 
     </span>
    </p>
   </div>
   <div class='ocr_carea' id='block_1_39' title="bbox 236 2098 1929 2182">
    <p class='ocr_par' dir='ltr' id='par_1_39' title="bbox 236 2098 1880 2182">
     <span class='ocr_line' id='line_1_40' title="bbox 236 2098 1880 2182; baseline 0.014 -23"><span class='ocrx_word' id='word_1_282' title='bbox 236 2098 406 2182; x_wconf 66' lang='grc' dir='ltr'>ζωῆς,</span> <span class='ocrx_word' id='word_1_283' title='bbox 459 2110 547 2164; x_wconf 85' lang='grc' dir='ltr'><strong>καὶ</strong></span> <span class='ocrx_word' id='word_1_284' title='bbox 600 2108 697 2163; x_wconf 72' lang='lat'>10&#39;3</span> <span class='ocrx_word' id='word_1_285' title='bbox 753 2112 854 2175; x_wconf 82' lang='grc' dir='ltr'>τῆς</span> <span class='ocrx_word' id='word_1_286' title='bbox 906 2104 1282 2163; x_wconf 67' lang='grc' dir='ltr'>ταπεινώσεως</span> <span class='ocrx_word' id='word_1_287' title='bbox 1344 2102 1597 2174; x_wconf 68' lang='grc' dir='ltr'>σώματος</span> <span class='ocrx_word' id='word_1_288' title='bbox 1629 2100 1737 2153; x_wconf 53' lang='grc' dir='ltr'><strong>ἅνω</strong></span> <span class='ocrx_word' id='word_1_289' title='bbox 1792 2098 1880 2153; x_wconf 72' lang='grc' dir='ltr'>καὶ</span> 
     </span>
    </p>
   </div>
   <div class='ocr_carea' id='block_1_40' title="bbox 2020 2098 3645 2182">
    <p class='ocr_par' dir='ltr' id='par_1_40' title="bbox 2020 2105 3645 2178">
     <span class='ocr_line' id='line_1_41' title="bbox 2020 2105 3645 2178; baseline 0.001 -19"><span class='ocrx_word' id='word_1_290' title='bbox 2020 2105 2133 2176; x_wconf 73' lang='grc' dir='ltr'>[ιιἱά</span> <span class='ocrx_word' id='word_1_291' title='bbox 2165 2110 2584 2177; x_wconf 86' lang='lat' dir='ltr'><strong>superventura</strong></span> <span class='ocrx_word' id='word_1_292' title='bbox 2614 2106 2738 2162; x_wconf 90' lang='lat' dir='ltr'><strong>dies</strong></span> <span class='ocrx_word' id='word_1_293' title='bbox 2786 2107 3049 2178; x_wconf 90' lang='lat' dir='ltr'><strong>paritura</strong></span> <span class='ocrx_word' id='word_1_294' title='bbox 3107 2106 3185 2162; x_wconf 86' lang='lat' dir='ltr'><strong>sit</strong></span> <span class='ocrx_word' id='word_1_295' title='bbox 3213 2107 3278 2177; x_wconf 68' lang='lat'><strong>9‘,</strong></span> <span class='ocrx_word' id='word_1_296' title='bbox 3337 2110 3645 2177; x_wconf 81' lang='lat' dir='ltr'><strong>propterea</strong></span> 
     </span>
    </p>
   </div>
   <div class='ocr_carea' id='block_1_41' title="bbox 231 2187 1929 2272">
    <p class='ocr_par' dir='ltr' id='par_1_41' title="bbox 231 2187 1881 2272">
     <span class='ocr_line' id='line_1_42' title="bbox 231 2187 1881 2272; baseline -0.01 -15"><span class='ocrx_word' id='word_1_297' title='bbox 231 2202 376 2257; x_wconf 79' lang='grc' dir='ltr'>κάτω</span> <span class='ocrx_word' id='word_1_298' title='bbox 426 2198 749 2272; x_wconf 72' lang='grc' dir='ltr'>κινουμένου</span> <span class='ocrx_word' id='word_1_299' title='bbox 794 2198 871 2269; x_wconf 90' lang='lat'><strong>(3)</strong></span> <span class='ocrx_word' id='word_1_300' title='bbox 924 2194 1013 2249; x_wconf 79' lang='grc' dir='ltr'><strong>καὶ</strong></span> <span class='ocrx_word' id='word_1_301' title='bbox 1062 2192 1531 2266; x_wconf 72' lang='grc' dir='ltr'>μεταπίπτοντος·</span> <span class='ocrx_word' id='word_1_302' title='bbox 1586 2194 1703 2251; x_wconf 79' lang='grc' dir='ltr'><strong>πῶς</strong></span> <span class='ocrx_word' id='word_1_303' title='bbox 1753 2187 1881 2263; x_wconf 81' lang='grc' dir='ltr'>οὐχὶ</span> 
     </span>
    </p>
   </div>
   <div class='ocr_carea' id='block_1_42' title="bbox 2020 2187 3641 2272">
    <p class='ocr_par' dir='ltr' id='par_1_42' title="bbox 2020 2194 3641 2265">
     <span class='ocr_line' id='line_1_43' title="bbox 2020 2194 3641 2265; baseline 0 -16"><span class='ocrx_word' id='word_1_304' title='bbox 2020 2195 2147 2265; x_wconf 82' lang='grc' dir='ltr'>[ιιοιΙ</span> <span class='ocrx_word' id='word_1_305' title='bbox 2170 2198 2399 2250; x_wconf 88' lang='lat' dir='ltr'><strong>terrena</strong></span> <span class='ocrx_word' id='word_1_306' title='bbox 2431 2199 2630 2251; x_wconf 86' lang='lat' dir='ltr'><strong>nostra</strong></span> <span class='ocrx_word' id='word_1_307' title='bbox 2659 2196 2777 2251; x_wconf 90' lang='lat' dir='ltr'><strong>vita</strong></span> <span class='ocrx_word' id='word_1_308' title='bbox 2825 2195 3042 2251; x_wconf 91' lang='lat' dir='ltr'><strong>multas</strong></span> <span class='ocrx_word' id='word_1_309' title='bbox 3092 2194 3498 2251; x_wconf 86' lang='lat' dir='ltr'><strong>conversiones</strong></span> <span class='ocrx_word' id='word_1_310' title='bbox 3536 2194 3641 2249; x_wconf 85' lang='lat' dir='ltr'><strong>ha-</strong></span> 
     </span>
    </p>
   </div>
   <div class='ocr_carea' id='block_1_43' title="bbox 232 2278 1929 2359">
    <p class='ocr_par' dir='ltr' id='par_1_43' title="bbox 232 2278 1883 2359">
     <span class='ocr_line' id='line_1_44' title="bbox 232 2278 1883 2359; baseline -0.009 -13"><span class='ocrx_word' id='word_1_311' title='bbox 232 2292 322 2347; x_wconf 82' lang='grc' dir='ltr'><strong>καὶ</strong></span> <span class='ocrx_word' id='word_1_312' title='bbox 355 2294 383 2345; x_wconf 84' lang='grc' dir='ltr'>ὁ</span> <span class='ocrx_word' id='word_1_313' title='bbox 413 2292 474 2344; x_wconf 88' lang='grc' dir='ltr'>τὸ</span> <span class='ocrx_word' id='word_1_314' title='bbox 530 2286 674 2343; x_wconf 79' lang='grc' dir='ltr'>πολὺ</span> <span class='ocrx_word' id='word_1_315' title='bbox 720 2290 820 2340; x_wconf 73' lang='grc' dir='ltr'>τοῦ</span> <span class='ocrx_word' id='word_1_316' title='bbox 874 2284 993 2359; x_wconf 86' lang='grc' dir='ltr'>βίου</span> <span class='ocrx_word' id='word_1_317' title='bbox 1033 2285 1113 2353; x_wconf 81' lang='grc'>(4)</span> <span class='ocrx_word' id='word_1_318' title='bbox 1170 2282 1406 2343; x_wconf 83' lang='grc' dir='ltr'>κενώσας</span> <span class='ocrx_word' id='word_1_319' title='bbox 1440 2278 1759 2353; x_wconf 69' lang='grc' dir='ltr'>ἀμέμπτως,</span> <span class='ocrx_word' id='word_1_320' title='bbox 1792 2278 1883 2333; x_wconf 84' lang='grc' dir='ltr'><strong>καὶ</strong></span> 
     </span>
    </p>
   </div>
   <div class='ocr_carea' id='block_1_44' title="bbox 2020 2278 3644 2359">
    <p class='ocr_par' dir='ltr' id='par_1_44' title="bbox 2020 2283 3644 2356">
     <span class='ocr_line' id='line_1_45' title="bbox 2020 2283 3644 2356; baseline 0.001 -20"><span class='ocrx_word' id='word_1_321' title='bbox 2020 2288 2144 2351; x_wconf 63' lang='grc' dir='ltr'>νοοῖ,</span> <span class='ocrx_word' id='word_1_322' title='bbox 2187 2287 2359 2355; x_wconf 90' lang='lat' dir='ltr'><strong>atque</strong></span> <span class='ocrx_word' id='word_1_323' title='bbox 2390 2283 2741 2341; x_wconf 88' lang='lat' dir='ltr'><strong>humilitatis</strong></span> <span class='ocrx_word' id='word_1_324' title='bbox 2773 2302 2984 2356; x_wconf 89' lang='lat' dir='ltr'><strong>corpus</strong></span> <span class='ocrx_word' id='word_1_325' title='bbox 3013 2301 3251 2341; x_wconf 91' lang='lat' dir='ltr'><strong>sursum</strong></span> <span class='ocrx_word' id='word_1_326' title='bbox 3282 2288 3337 2339; x_wconf 90' lang='lat' dir='ltr'><strong>et</strong></span> <span class='ocrx_word' id='word_1_327' title='bbox 3366 2284 3644 2339; x_wconf 87' lang='lat' dir='ltr'><strong>deorsum</strong></span> 
     </span>
    </p>
   </div>
   <div class='ocr_carea' id='block_1_45' title="bbox 232 2364 1929 2453">
    <p class='ocr_par' dir='ltr' id='par_1_45' title="bbox 232 2364 1883 2453">
     <span class='ocr_line' id='line_1_46' title="bbox 232 2364 1883 2453; baseline -0.009 -17"><span class='ocrx_word' id='word_1_328' title='bbox 232 2382 344 2436; x_wconf 79' lang='grc' dir='ltr'>οἷον</span> <span class='ocrx_word' id='word_1_329' title='bbox 377 2377 487 2449; x_wconf 72' lang='grc' dir='ltr'><strong>ἤδη</strong></span> <span class='ocrx_word' id='word_1_330' title='bbox 514 2377 650 2453; x_wconf 84' lang='grc' dir='ltr'>πρὸς</span> <span class='ocrx_word' id='word_1_331' title='bbox 684 2375 897 2448; x_wconf 66' lang='grc' dir='ltr'>λιμέσιν</span> <span class='ocrx_word' id='word_1_332' title='bbox 934 2371 1004 2427; x_wconf 82' lang='grc' dir='ltr'><strong>ὥν</strong></span> <span class='ocrx_word' id='word_1_333' title='bbox 1030 2375 1127 2426; x_wconf 75' lang='grc' dir='ltr'>τοῦ</span> <span class='ocrx_word' id='word_1_334' title='bbox 1156 2375 1340 2425; x_wconf 77' lang='grc' dir='ltr'>κοινοῦ</span> <span class='ocrx_word' id='word_1_335' title='bbox 1369 2376 1468 2440; x_wconf 83' lang='grc' dir='ltr'><strong>τῆς</strong></span> <span class='ocrx_word' id='word_1_336' title='bbox 1513 2375 1654 2439; x_wconf 83' lang='grc' dir='ltr'><strong>ζωῆς</strong></span> <span class='ocrx_word' id='word_1_337' title='bbox 1712 2364 1883 2423; x_wconf 75' lang='grc' dir='ltr'>πελά-</span> 
     </span>
    </p>
   </div>
   <div class='ocr_carea' id='block_1_46' title="bbox 2020 2364 3646 2453">
    <p class='ocr_par' dir='ltr' id='par_1_46' title="bbox 2020 2372 3646 2445">
     <span class='ocr_line' id='line_1_47' title="bbox 2020 2372 3646 2445; baseline 0 -17"><span class='ocrx_word' id='word_1_338' title='bbox 2020 2376 2297 2429; x_wconf 88' lang='lat' dir='ltr'><strong>noveatur</strong></span> <span class='ocrx_word' id='word_1_339' title='bbox 2326 2390 2392 2428; x_wconf 91' lang='lat' dir='ltr'><strong>ac</strong></span> <span class='ocrx_word' id='word_1_340' title='bbox 2424 2373 2673 2429; x_wconf 90' lang='lat' dir='ltr'><strong>subinde</strong></span> <span class='ocrx_word' id='word_1_341' title='bbox 2722 2374 3109 2443; x_wconf 89' lang='lat' dir='ltr'><strong>immutetur;</strong></span> <span class='ocrx_word' id='word_1_342' title='bbox 3141 2374 3282 2445; x_wconf 91' lang='lat' dir='ltr'><strong>quid</strong></span> <span class='ocrx_word' id='word_1_343' title='bbox 3314 2372 3505 2429; x_wconf 76' lang='lat' dir='ltr'><strong>afferri</strong></span> <span class='ocrx_word' id='word_1_344' title='bbox 3538 2388 3646 2445; x_wconf 88' lang='lat' dir='ltr'><strong>po-</strong></span> 
     </span>
    </p>
   </div>
   <div class='ocr_carea' id='block_1_47' title="bbox 230 2457 1884 2546">
    <p class='ocr_par' dir='ltr' id='par_1_47' title="bbox 230 2457 1884 2546">
     <span class='ocr_line' id='line_1_48' title="bbox 230 2457 1884 2546; baseline -0.008 -21"><span class='ocrx_word' id='word_1_345' title='bbox 230 2490 379 2546; x_wconf 86' lang='grc' dir='ltr'>γους,</span> <span class='ocrx_word' id='word_1_346' title='bbox 410 2472 507 2524; x_wconf 77' lang='grc' dir='ltr'>τοῦ</span> <span class='ocrx_word' id='word_1_347' title='bbox 536 2464 710 2521; x_wconf 79' lang='grc' dir='ltr'>πολὺν</span> <span class='ocrx_word' id='word_1_348' title='bbox 736 2463 961 2539; x_wconf 83' lang='grc' dir='ltr'>ἔχοντος</span> <span class='ocrx_word' id='word_1_349' title='bbox 994 2458 1070 2515; x_wconf 82' lang='grc' dir='ltr'>ἔτι</span> <span class='ocrx_word' id='word_1_350' title='bbox 1102 2462 1192 2516; x_wconf 87' lang='grc' dir='ltr'><strong>τὸν</strong></span> <span class='ocrx_word' id='word_1_351' title='bbox 1238 2459 1411 2517; x_wconf 80' lang='grc' dir='ltr'>πλοῦν</span> <span class='ocrx_word' id='word_1_352' title='bbox 1468 2457 1884 2537; x_wconf 75' lang='grc' dir='ltr'>ἀσφαλέστερος,</span> 
     </span>
    </p>
   </div>
   <div class='ocr_carea' id='block_1_48' title="bbox 231 2553 1117 2629">
    <p class='ocr_par' dir='ltr' id='par_1_48' title="bbox 231 2553 1117 2629">
     <span class='ocr_line' id='line_1_49' title="bbox 231 2553 1117 2629; baseline -0.01 -16"><span class='ocrx_word' id='word_1_353' title='bbox 231 2557 323 2613; x_wconf 82' lang='grc' dir='ltr'><strong>καὶ</strong></span> <span class='ocrx_word' id='word_1_354' title='bbox 357 2555 447 2613; x_wconf 78' lang='grc' dir='ltr'><strong>διὰ</strong></span> <span class='ocrx_word' id='word_1_355' title='bbox 472 2559 635 2613; x_wconf 76' lang='grc' dir='ltr'>τοῦτο</span> <span class='ocrx_word' id='word_1_356' title='bbox 672 2553 1077 2629; x_wconf 83' lang='grc' dir='ltr'>μακαριώτερος</span> <span class='ocrx_word' id='word_1_357' title='bbox 1103 2569 1117 2620; x_wconf 89' lang='grc'><strong>;</strong></span> 
     </span>
    </p>
   </div>
   <div class='ocr_carea' id='block_1_49' title="bbox 308 2814 1889 2895">
    <p class='ocr_par' dir='ltr' id='par_1_49' title="bbox 308 2814 1889 2895">
     <span class='ocr_line' id='line_1_50' title="bbox 308 2814 1889 2895; baseline -0.008 -13"><span class='ocrx_word' id='word_1_358' title='bbox 308 2828 503 2895; x_wconf 79' lang='grc' dir='ltr'><strong>Δ’.Μὴ</strong></span> <span class='ocrx_word' id='word_1_359' title='bbox 562 2824 740 2879; x_wconf 92' lang='grc' dir='ltr'>τοίνυν</span> <span class='ocrx_word' id='word_1_360' title='bbox 817 2816 1143 2892; x_wconf 80' lang='grc' dir='ltr'>ἀποκλείσῃς</span> <span class='ocrx_word' id='word_1_361' title='bbox 1217 2816 1465 2893; x_wconf 80' lang='grc' dir='ltr'>γλῶσσαν</span> <span class='ocrx_word' id='word_1_362' title='bbox 1551 2817 1650 2885; x_wconf 79' lang='grc' dir='ltr'>τὴν</span> <span class='ocrx_word' id='word_1_363' title='bbox 1702 2814 1889 2871; x_wconf 86' lang='grc' dir='ltr'>πολλά</span> 
     </span>
    </p>
   </div>
   <div class='ocr_carea' id='block_1_50' title="bbox 242 2905 1892 2993">
    <p class='ocr_par' dir='ltr' id='par_1_50' title="bbox 242 2905 1892 2993">
     <span class='ocr_line' id='line_1_51' title="bbox 242 2905 1892 2993; baseline -0.006 -23"><span class='ocrx_word' id='word_1_364' title='bbox 242 2915 606 2993; x_wconf 72' lang='grc' dir='ltr'>φθεγξαμένην</span> <span class='ocrx_word' id='word_1_365' title='bbox 640 2910 845 2982; x_wconf 77' lang='grc' dir='ltr'>καλῶς,</span> <span class='ocrx_word' id='word_1_366' title='bbox 895 2910 962 2978; x_wconf 79' lang='grc' dir='ltr'>ἧς</span> <span class='ocrx_word' id='word_1_367' title='bbox 996 2910 1047 2962; x_wconf 75' lang='lat'><strong>0‘.</strong></span> <span class='ocrx_word' id='word_1_368' title='bbox 1077 2906 1275 2983; x_wconf 68' lang='grc' dir='ltr'>καρποὶ</span> <span class='ocrx_word' id='word_1_369' title='bbox 1300 2905 1527 2977; x_wconf 83' lang='grc' dir='ltr'>πολλοὶ,</span> <span class='ocrx_word' id='word_1_370' title='bbox 1566 2906 1655 2960; x_wconf 80' lang='grc' dir='ltr'><strong>καὶ</strong></span> <span class='ocrx_word' id='word_1_371' title='bbox 1706 2905 1892 2961; x_wconf 74' lang='grc' dir='ltr'>πολλὰ</span> 
     </span>
    </p>
   </div>
   <div class='ocr_carea' id='block_1_51' title="bbox 236 2994 1891 3075">
    <p class='ocr_par' dir='ltr' id='par_1_51' title="bbox 236 2994 1891 3075">
     <span class='ocr_line' id='line_1_52' title="bbox 236 2994 1891 3075; baseline -0.006 -17"><span class='ocrx_word' id='word_1_372' title='bbox 236 3006 304 3058; x_wconf 83' lang='grc' dir='ltr'><strong>τὰ</strong></span> <span class='ocrx_word' id='word_1_373' title='bbox 332 3007 431 3072; x_wconf 74' lang='grc' dir='ltr'>τῆς</span> <span class='ocrx_word' id='word_1_374' title='bbox 464 3000 806 3069; x_wconf 70' lang='grc' dir='ltr'>δικαιοσύνης</span> <span class='ocrx_word' id='word_1_375' title='bbox 836 3000 1145 3075; x_wconf 80' lang='grc' dir='ltr'>γεννήματα</span> <span class='ocrx_word' id='word_1_376' title='bbox 1172 3016 1183 3027; x_wconf 90' lang='grc'><strong>·</strong></span> <span class='ocrx_word' id='word_1_377' title='bbox 1219 2997 1285 3066; x_wconf 76' lang='grc' dir='ltr'>ἧς</span> <span class='ocrx_word' id='word_1_378' title='bbox 1326 2996 1466 3051; x_wconf 83' lang='grc' dir='ltr'>πόσα</span> <span class='ocrx_word' id='word_1_379' title='bbox 1496 2996 1563 3050; x_wconf 78' lang='grc' dir='ltr'>τὰ</span> <span class='ocrx_word' id='word_1_380' title='bbox 1590 2995 1768 3066; x_wconf 70' lang='grc' dir='ltr'>τέκνα,</span> <span class='ocrx_word' id='word_1_381' title='bbox 1802 2994 1891 3049; x_wconf 81' lang='grc' dir='ltr'><strong>καὶ</strong></span> 
     </span>
    </p>
   </div>
   <div class='ocr_carea' id='block_1_52' title="bbox 236 3082 1893 3163">
    <p class='ocr_par' dir='ltr' id='par_1_52' title="bbox 236 3082 1893 3163">
     <span class='ocr_line' id='line_1_53' title="bbox 236 3082 1893 3163; baseline -0.006 -16"><span class='ocrx_word' id='word_1_382' title='bbox 236 3092 380 3155; x_wconf 81' lang='grc' dir='ltr'>τίνες</span> <span class='ocrx_word' id='word_1_383' title='bbox 439 3092 491 3146; x_wconf 76' lang='grc' dir='ltr'>οἱ</span> <span class='ocrx_word' id='word_1_384' title='bbox 545 3088 829 3162; x_wconf 86' lang='grc' dir='ltr'>θησαυροὶ,</span> <span class='ocrx_word' id='word_1_385' title='bbox 909 3090 1059 3163; x_wconf 79' lang='grc' dir='ltr'>ἆρον.</span> <span class='ocrx_word' id='word_1_386' title='bbox 1135 3084 1324 3141; x_wconf 78' lang='grc' dir='ltr'>κύκλω</span> <span class='ocrx_word' id='word_1_387' title='bbox 1397 3084 1526 3146; x_wconf 77' lang='grc' dir='ltr'>τοὺς</span> <span class='ocrx_word' id='word_1_388' title='bbox 1574 3082 1893 3160; x_wconf 78' lang='grc' dir='ltr'>ὀφθαλμούς</span> 
     </span>
    </p>
   </div>
   <div class='ocr_carea' id='block_1_53' title="bbox 238 3170 1892 3254">
    <p class='ocr_par' dir='ltr' id='par_1_53' title="bbox 238 3170 1892 3254">
     <span class='ocr_line' id='line_1_54' title="bbox 238 3170 1892 3254; baseline -0.006 -18"><span class='ocrx_word' id='word_1_389' title='bbox 238 3202 355 3254; x_wconf 79' lang='grc' dir='ltr'>σου,</span> <span class='ocrx_word' id='word_1_390' title='bbox 388 3180 476 3235; x_wconf 85' lang='grc' dir='ltr'><strong>καὶ</strong></span> <span class='ocrx_word' id='word_1_391' title='bbox 518 3177 615 3234; x_wconf 72' lang='grc' dir='ltr'>ξ’δεο</span> <span class='ocrx_word' id='word_1_392' title='bbox 650 3183 753 3233; x_wconf 82' lang='grc' dir='ltr'><strong>πᾶς</strong></span> <span class='ocrx_word' id='word_1_393' title='bbox 796 3178 823 3231; x_wconf 82' lang='grc' dir='ltr'>ὁ</span> <span class='ocrx_word' id='word_1_394' title='bbox 872 3175 1002 3238; x_wconf 88' lang='grc' dir='ltr'>λαὸς</span> <span class='ocrx_word' id='word_1_395' title='bbox 1056 3173 1236 3243; x_wconf 73' lang='grc' dir='ltr'>οὗτος,</span> <span class='ocrx_word' id='word_1_396' title='bbox 1270 3174 1325 3230; x_wconf 83' lang='grc' dir='ltr'>ὅν</span> <span class='ocrx_word' id='word_1_397' title='bbox 1356 3173 1405 3229; x_wconf 82' lang='grc' dir='ltr'>ἐν</span> <span class='ocrx_word' id='word_1_398' title='bbox 1434 3176 1650 3250; x_wconf 78' lang='grc' dir='ltr'>Χριστῷ</span> <span class='ocrx_word' id='word_1_399' title='bbox 1681 3170 1770 3227; x_wconf 82' lang='grc' dir='ltr'><strong>διὰ</strong></span> <span class='ocrx_word' id='word_1_400' title='bbox 1796 3176 1892 3227; x_wconf 77' lang='grc' dir='ltr'>τοῦ</span> 
     </span>
    </p>
   </div>
   <div class='ocr_carea' id='block_1_54' title="bbox 1993 2462 3644 2550">
    <p class='ocr_par' dir='ltr' id='par_1_54' title="bbox 1993 2462 3644 2550">
     <span class='ocr_line' id='line_1_55' title="bbox 1993 2462 3644 2550; baseline 0 -33"><span class='ocrx_word' id='word_1_401' title='bbox 1993 2466 2127 2530; x_wconf 89' lang='lat' dir='ltr'><strong>test,</strong></span> <span class='ocrx_word' id='word_1_402' title='bbox 2151 2464 2291 2533; x_wconf 91' lang='lat' dir='ltr'><strong>quin</strong></span> <span class='ocrx_word' id='word_1_403' title='bbox 2325 2463 2399 2531; x_wconf 88' lang='lat' dir='ltr'><strong>is,</strong></span> <span class='ocrx_word' id='word_1_404' title='bbox 2430 2463 2531 2535; x_wconf 90' lang='lat' dir='ltr'><strong>qui</strong></span> <span class='ocrx_word' id='word_1_405' title='bbox 2555 2480 2832 2535; x_wconf 86' lang='lat' dir='ltr'><strong>magnam</strong></span> <span class='ocrx_word' id='word_1_406' title='bbox 2875 2463 3003 2520; x_wconf 82' lang='lat' dir='ltr'><strong>vitae</strong></span> <span class='ocrx_word' id='word_1_407' title='bbox 3035 2466 3263 2550; x_wconf 69' lang='lat' dir='ltr'><strong>partem</strong></span> <span class='ocrx_word' id='word_1_408' title='bbox 3292 2462 3417 2519; x_wconf 89' lang='lat' dir='ltr'><strong>sine</strong></span> <span class='ocrx_word' id='word_1_409' title='bbox 3449 2477 3644 2534; x_wconf 89' lang='lat' dir='ltr'><strong>repre-</strong></span> 
     </span>
    </p>
   </div>
   <div class='ocr_carea' id='block_1_55' title="bbox 1995 2550 3647 2623">
    <p class='ocr_par' dir='ltr' id='par_1_55' title="bbox 1995 2550 3647 2623">
     <span class='ocr_line' id='line_1_56' title="bbox 1995 2550 3647 2623; baseline 0 -18"><span class='ocrx_word' id='word_1_410' title='bbox 1995 2550 2281 2607; x_wconf 89' lang='lat' dir='ltr'><strong>hensione</strong></span> <span class='ocrx_word' id='word_1_411' title='bbox 2310 2551 2577 2621; x_wconf 83' lang='lat' dir='ltr'><strong>confecit,</strong></span> <span class='ocrx_word' id='word_1_412' title='bbox 2635 2557 2693 2609; x_wconf 92' lang='lat' dir='ltr'><strong>et</strong></span> <span class='ocrx_word' id='word_1_413' title='bbox 2714 2553 2842 2623; x_wconf 91' lang='lat' dir='ltr'><strong>jam</strong></span> <span class='ocrx_word' id='word_1_414' title='bbox 2892 2552 3224 2609; x_wconf 91' lang='lat' dir='ltr'><strong>communis</strong></span> <span class='ocrx_word' id='word_1_415' title='bbox 3279 2552 3461 2623; x_wconf 88' lang='lat' dir='ltr'><strong>hujus</strong></span> <span class='ocrx_word' id='word_1_416' title='bbox 3517 2550 3647 2606; x_wconf 79' lang='lat' dir='ltr'><strong>vitas</strong></span> 
     </span>
    </p>
   </div>
   <div class='ocr_carea' id='block_1_56' title="bbox 1998 2640 3651 2714">
    <p class='ocr_par' dir='ltr' id='par_1_56' title="bbox 1998 2640 3651 2714">
     <span class='ocr_line' id='line_1_57' title="bbox 1998 2640 3651 2714; baseline -0.001 -19"><span class='ocrx_word' id='word_1_417' title='bbox 1998 2640 2178 2695; x_wconf 90' lang='lat' dir='ltr'><strong>maris</strong></span> <span class='ocrx_word' id='word_1_418' title='bbox 2208 2640 2371 2695; x_wconf 90' lang='lat' dir='ltr'><strong>velut</strong></span> <span class='ocrx_word' id='word_1_419' title='bbox 2395 2641 2455 2695; x_wconf 91' lang='lat' dir='ltr'><strong>in</strong></span> <span class='ocrx_word' id='word_1_420' title='bbox 2479 2645 2649 2708; x_wconf 87' lang='lat' dir='ltr'><strong>portu</strong></span> <span class='ocrx_word' id='word_1_421' title='bbox 2682 2646 2788 2709; x_wconf 89' lang='lat' dir='ltr'><strong>est,</strong></span> <span class='ocrx_word' id='word_1_422' title='bbox 2822 2641 3005 2698; x_wconf 88' lang='lat' dir='ltr'><strong>tutior</strong></span> <span class='ocrx_word' id='word_1_423' title='bbox 3057 2658 3125 2697; x_wconf 88' lang='lat' dir='ltr'><strong>ae</strong></span> <span class='ocrx_word' id='word_1_424' title='bbox 3156 2640 3399 2714; x_wconf 91' lang='lat' dir='ltr'><strong>proinde</strong></span> <span class='ocrx_word' id='word_1_425' title='bbox 3428 2640 3651 2697; x_wconf 87' lang='lat' dir='ltr'><strong>beatior</strong></span> 
     </span>
    </p>
   </div>
   <div class='ocr_carea' id='block_1_57' title="bbox 1998 2727 3651 2803">
    <p class='ocr_par' dir='ltr' id='par_1_57' title="bbox 1998 2727 3651 2803">
     <span class='ocr_line' id='line_1_58' title="bbox 1998 2727 3651 2803; baseline -0.001 -19"><span class='ocrx_word' id='word_1_426' title='bbox 1998 2730 2096 2797; x_wconf 89' lang='lat' dir='ltr'><strong>sit,</strong></span> <span class='ocrx_word' id='word_1_427' title='bbox 2128 2746 2306 2802; x_wconf 88' lang='lat' dir='ltr'><strong>quam</strong></span> <span class='ocrx_word' id='word_1_428' title='bbox 2338 2730 2386 2785; x_wconf 86' lang='lat' dir='ltr'><strong>is</strong></span> <span class='ocrx_word' id='word_1_429' title='bbox 2418 2730 2511 2785; x_wconf 93' lang='lat' dir='ltr'><strong>cui</strong></span> <span class='ocrx_word' id='word_1_430' title='bbox 2535 2731 2709 2802; x_wconf 90' lang='lat' dir='ltr'><strong>longa</strong></span> <span class='ocrx_word' id='word_1_431' title='bbox 2737 2730 2928 2787; x_wconf 89' lang='lat' dir='ltr'><strong>adhuc</strong></span> <span class='ocrx_word' id='word_1_432' title='bbox 2987 2731 3278 2803; x_wconf 83' lang='lat' dir='ltr'><strong>navigatio</strong></span> <span class='ocrx_word' id='word_1_433' title='bbox 3338 2727 3651 2801; x_wconf 79' lang='lat' dir='ltr'><strong>superest?</strong></span> 
     </span>
    </p>
   </div>
   <div class='ocr_carea' id='block_1_58' title="bbox 2070 2818 3650 2892">
    <p class='ocr_par' dir='ltr' id='par_1_58' title="bbox 2070 2818 3650 2892">
     <span class='ocr_line' id='line_1_59' title="bbox 2070 2818 3650 2892; baseline 0.001 -20"><span class='ocrx_word' id='word_1_434' title='bbox 2070 2818 2163 2873; x_wconf 91' lang='lat' dir='ltr'><strong>IV.</strong></span> <span class='ocrx_word' id='word_1_435' title='bbox 2189 2819 2269 2874; x_wconf 87' lang='lat' dir='ltr'><strong>Ne</strong></span> <span class='ocrx_word' id='word_1_436' title='bbox 2300 2819 2480 2891; x_wconf 91' lang='lat' dir='ltr'><strong>igitur</strong></span> <span class='ocrx_word' id='word_1_437' title='bbox 2509 2818 2771 2891; x_wconf 92' lang='lat' dir='ltr'><strong>linguam</strong></span> <span class='ocrx_word' id='word_1_438' title='bbox 2803 2819 3063 2888; x_wconf 89' lang='lat' dir='ltr'><strong>claudas,</strong></span> <span class='ocrx_word' id='word_1_439' title='bbox 3106 2837 3234 2892; x_wconf 67' lang='lat' dir='ltr'><strong>quas</strong></span> <span class='ocrx_word' id='word_1_440' title='bbox 3283 2818 3472 2874; x_wconf 85' lang='lat' dir='ltr'><strong>multa</strong></span> <span class='ocrx_word' id='word_1_441' title='bbox 3498 2823 3650 2873; x_wconf 89' lang='lat' dir='ltr'><strong>recte</strong></span> 
     </span>
    </p>
   </div>
   <div class='ocr_carea' id='block_1_59' title="bbox 1998 2907 3652 2979">
    <p class='ocr_par' dir='ltr' id='par_1_59' title="bbox 1998 2907 3652 2979">
     <span class='ocr_line' id='line_1_60' title="bbox 1998 2907 3652 2979; baseline 0.001 -17"><span class='ocrx_word' id='word_1_442' title='bbox 1998 2907 2193 2963; x_wconf 88' lang='lat' dir='ltr'><strong>locuta</strong></span> <span class='ocrx_word' id='word_1_443' title='bbox 2221 2912 2330 2977; x_wconf 86' lang='lat' dir='ltr'><strong>est,</strong></span> <span class='ocrx_word' id='word_1_444' title='bbox 2362 2925 2490 2979; x_wconf 77' lang='lat' dir='ltr'><strong>quae</strong></span> <span class='ocrx_word' id='word_1_445' title='bbox 2520 2909 2746 2964; x_wconf 84' lang='lat' dir='ltr'><strong>fructus</strong></span> <span class='ocrx_word' id='word_1_446' title='bbox 2779 2909 3019 2979; x_wconf 90' lang='lat' dir='ltr'><strong>multos,</strong></span> <span class='ocrx_word' id='word_1_447' title='bbox 3049 2926 3115 2965; x_wconf 89' lang='lat' dir='ltr'><strong>ac</strong></span> <span class='ocrx_word' id='word_1_448' title='bbox 3146 2908 3362 2965; x_wconf 91' lang='lat' dir='ltr'><strong>multos</strong></span> <span class='ocrx_word' id='word_1_449' title='bbox 3402 2907 3652 2979; x_wconf 77' lang='lat' dir='ltr'><strong>justitias</strong></span> 
     </span>
    </p>
   </div>
   <div class='ocr_carea' id='block_1_60' title="bbox 2000 2996 3654 3069">
    <p class='ocr_par' dir='ltr' id='par_1_60' title="bbox 2000 2996 3654 3069">
     <span class='ocr_line' id='line_1_61' title="bbox 2000 2996 3654 3069; baseline -0.001 -18"><span class='ocrx_word' id='word_1_450' title='bbox 2000 2998 2155 3053; x_wconf 87' lang='lat' dir='ltr'><strong>fetus</strong></span> <span class='ocrx_word' id='word_1_451' title='bbox 2187 2997 2406 3065; x_wconf 87' lang='lat' dir='ltr'><strong>edidit;</strong></span> <span class='ocrx_word' id='word_1_452' title='bbox 2442 2998 2611 3068; x_wconf 87' lang='lat' dir='ltr'><strong>cujus</strong></span> <span class='ocrx_word' id='word_1_453' title='bbox 2643 3002 2785 3069; x_wconf 91' lang='lat' dir='ltr'><strong>quot</strong></span> <span class='ocrx_word' id='word_1_454' title='bbox 2830 2998 2957 3066; x_wconf 83' lang='lat' dir='ltr'><strong>ﬁlii,</strong></span> <span class='ocrx_word' id='word_1_455' title='bbox 2992 3003 3048 3054; x_wconf 89' lang='lat' dir='ltr'><strong>et</strong></span> <span class='ocrx_word' id='word_1_456' title='bbox 3104 2999 3347 3069; x_wconf 90' lang='lat' dir='ltr'><strong>quinam</strong></span> <span class='ocrx_word' id='word_1_457' title='bbox 3388 2996 3654 3053; x_wconf 90' lang='lat' dir='ltr'><strong>thesauri</strong></span> 
     </span>
    </p>
   </div>
   <div class='ocr_carea' id='block_1_61' title="bbox 2002 3086 3655 3157">
    <p class='ocr_par' dir='ltr' id='par_1_61' title="bbox 2002 3086 3655 3157">
     <span class='ocr_line' id='line_1_62' title="bbox 2002 3086 3655 3157; baseline -0.001 -15"><span class='ocrx_word' id='word_1_458' title='bbox 2002 3090 2160 3156; x_wconf 87' lang='lat' dir='ltr'><strong>sunt,</strong></span> <span class='ocrx_word' id='word_1_459' title='bbox 2196 3086 2313 3141; x_wconf 78' lang='lat' dir='ltr'><strong>leva</strong></span> <span class='ocrx_word' id='word_1_460' title='bbox 2343 3088 2401 3140; x_wconf 76' lang='lat' dir='ltr'><strong>in</strong></span> <span class='ocrx_word' id='word_1_461' title='bbox 2433 3088 2667 3142; x_wconf 77' lang='lat' dir='ltr'><strong>circuitu</strong></span> <span class='ocrx_word' id='word_1_462' title='bbox 2697 3088 2882 3143; x_wconf 76' lang='lat' dir='ltr'><strong>oculos</strong></span> <span class='ocrx_word' id='word_1_463' title='bbox 2910 3091 3052 3157; x_wconf 74' lang='lat' dir='ltr'><strong>tuos,</strong></span> <span class='ocrx_word' id='word_1_464' title='bbox 3107 3092 3157 3143; x_wconf 73' lang='lat' dir='ltr'><strong>et</strong></span> <span class='ocrx_word' id='word_1_465' title='bbox 3210 3088 3341 3143; x_wconf 83' lang='lat' dir='ltr'><strong>vide</strong></span> <span class='ocrx_word' id='word_1_466' title='bbox 3372 3087 3436 3153; x_wconf 66' lang='lat'><strong>9’,</strong></span> <span class='ocrx_word' id='word_1_467' title='bbox 3496 3089 3655 3141; x_wconf 89' lang='lat' dir='ltr'><strong>totus</strong></span> 
     </span>
    </p>
   </div>
   <div class='ocr_carea' id='block_1_62' title="bbox 2004 3175 3657 3247">
    <p class='ocr_par' dir='ltr' id='par_1_62' title="bbox 2004 3175 3657 3247">
     <span class='ocr_line' id='line_1_63' title="bbox 2004 3175 3657 3247; baseline 0 -18"><span class='ocrx_word' id='word_1_468' title='bbox 2004 3175 2099 3231; x_wconf 88' lang='lat' dir='ltr'><strong>hic</strong></span> <span class='ocrx_word' id='word_1_469' title='bbox 2128 3179 2217 3231; x_wconf 86' lang='lat' dir='ltr'><strong>est</strong></span> <span class='ocrx_word' id='word_1_470' title='bbox 2248 3175 2523 3247; x_wconf 89' lang='lat' dir='ltr'><strong>p0pulus,</strong></span> <span class='ocrx_word' id='word_1_471' title='bbox 2556 3192 2731 3247; x_wconf 91' lang='lat' dir='ltr'><strong>quem</strong></span> <span class='ocrx_word' id='word_1_472' title='bbox 2785 3176 2843 3231; x_wconf 90' lang='lat' dir='ltr'><strong>in</strong></span> <span class='ocrx_word' id='word_1_473' title='bbox 2878 3176 3107 3232; x_wconf 89' lang='lat' dir='ltr'><strong>Christo</strong></span> <span class='ocrx_word' id='word_1_474' title='bbox 3148 3193 3250 3247; x_wconf 90' lang='lat' dir='ltr'><strong>per</strong></span> <span class='ocrx_word' id='word_1_475' title='bbox 3280 3175 3657 3247; x_wconf 87' lang='lat' dir='ltr'><strong>Evangelium</strong></span> 
     </span>
    </p>
   </div>
   <div class='ocr_carea' id='block_1_63' title="bbox 241 3252 1929 3345">
    <p class='ocr_par' dir='ltr' id='par_1_63' title="bbox 241 3252 1929 3345">
     <span class='ocr_line' id='line_1_64' title="bbox 241 3252 1929 3345; baseline -0.006 -19"><span class='ocrx_word' id='word_1_476' title='bbox 241 3252 577 3345; x_wconf 67' lang='grc' dir='ltr'>Εὐάγγελίου</span> <span class='ocrx_word' id='word_1_477' title='bbox 635 3266 937 3342; x_wconf 71' lang='grc' dir='ltr'>ἐγέννησας.</span> <span class='ocrx_word' id='word_1_478' title='bbox 998 3266 1084 3333; x_wconf 80' lang='grc' dir='ltr'><strong>Μὴ</strong></span> <span class='ocrx_word' id='word_1_479' title='bbox 1150 3262 1215 3333; x_wconf 73' lang='grc' dir='ltr'><strong>δὴ</strong></span> <span class='ocrx_word' id='word_1_480' title='bbox 1275 3264 1544 3340; x_wconf 74' lang='grc' dir='ltr'>φθονήσῃς</span> <span class='ocrx_word' id='word_1_481' title='bbox 1591 3263 1727 3335; x_wconf 80' lang='grc' dir='ltr'>ἡμῖν</span> <span class='ocrx_word' id='word_1_482' title='bbox 1786 3266 1929 3317; x_wconf 49' lang='grc' dir='ltr'><strong>τῶν</strong></span> 
     </span>
    </p>
   </div>
   <div class='ocr_carea' id='block_1_64' title="bbox 2020 3252 3658 3345">
    <p class='ocr_par' dir='ltr' id='par_1_64' title="bbox 2020 3261 3658 3337">
     <span class='ocr_line' id='line_1_65' title="bbox 2020 3261 3658 3337; baseline -0.001 -17"><span class='ocrx_word' id='word_1_483' title='bbox 2020 3264 2267 3336; x_wconf 69' lang='lat' dir='ltr'><strong>genuisti</strong></span> <span class='ocrx_word' id='word_1_484' title='bbox 2299 3261 2676 3330; x_wconf 72' lang='lat' dir='ltr'><strong>93.&#39;Quocirca</strong></span> <span class='ocrx_word' id='word_1_485' title='bbox 2734 3282 2806 3321; x_wconf 89' lang='lat' dir='ltr'><strong>ne</strong></span> <span class='ocrx_word' id='word_1_486' title='bbox 2865 3266 3055 3331; x_wconf 90' lang='lat' dir='ltr'><strong>nobis,</strong></span> <span class='ocrx_word' id='word_1_487' title='bbox 3114 3281 3231 3321; x_wconf 94' lang='lat' dir='ltr'><strong>non</strong></span> <span class='ocrx_word' id='word_1_488' title='bbox 3262 3269 3382 3320; x_wconf 82' lang='lat' dir='ltr'><strong>tam</strong></span> <span class='ocrx_word' id='word_1_489' title='bbox 3418 3280 3658 3337; x_wconf 88' lang='lat' dir='ltr'><strong>paucos,</strong></span> 
     </span>
    </p>
   </div>
   <div class='ocr_carea' id='block_1_65' title="bbox 246 3349 1900 3435">
    <p class='ocr_par' dir='ltr' id='par_1_65' title="bbox 246 3349 1900 3435">
     <span class='ocr_line' id='line_1_66' title="bbox 246 3349 1900 3435; baseline -0.015 -18"><span class='ocrx_word' id='word_1_490' title='bbox 246 3363 504 3435; x_wconf 83' lang='grc' dir='ltr'>χρηστῶν</span> <span class='ocrx_word' id='word_1_491' title='bbox 536 3357 704 3413; x_wconf 85' lang='grc' dir='ltr'><strong>πλὲον</strong></span> <span class='ocrx_word' id='word_1_492' title='bbox 734 3355 768 3424; x_wconf 70' lang='grc' dir='ltr'>ἥ</span> <span class='ocrx_word' id='word_1_493' title='bbox 806 3354 1008 3429; x_wconf 80' lang='grc' dir='ltr'>ὀλίγων</span> <span class='ocrx_word' id='word_1_494' title='bbox 1046 3354 1327 3430; x_wconf 73' lang='grc' dir='ltr'>ῥημάτων,</span> <span class='ocrx_word' id='word_1_495' title='bbox 1364 3349 1503 3426; x_wconf 72' lang='grc' dir='ltr'>μηδὲ</span> <span class='ocrx_word' id='word_1_496' title='bbox 1533 3358 1634 3421; x_wconf 83' lang='grc' dir='ltr'>τῆς</span> <span class='ocrx_word' id='word_1_497' title='bbox 1664 3350 1900 3426; x_wconf 74' lang='grc' dir='ltr'>μελλού-</span> 
     </span>
    </p>
   </div>
   <div class='ocr_carea' id='block_1_66' title="bbox 244 3440 1898 3520">
    <p class='ocr_par' dir='ltr' id='par_1_66' title="bbox 244 3440 1898 3520">
     <span class='ocr_line' id='line_1_67' title="bbox 244 3440 1898 3520; baseline -0.004 -17"><span class='ocrx_word' id='word_1_498' title='bbox 244 3470 344 3520; x_wconf 90' lang='grc' dir='ltr'><strong>σης</strong></span> <span class='ocrx_word' id='word_1_499' title='bbox 378 3446 577 3520; x_wconf 78' lang='grc' dir='ltr'>ζημίας</span> <span class='ocrx_word' id='word_1_500' title='bbox 608 3447 684 3519; x_wconf 87' lang='grc'><strong>(5)</strong></span> <span class='ocrx_word' id='word_1_501' title='bbox 714 3442 821 3515; x_wconf 79' lang='grc' dir='ltr'>ἤδη</span> <span class='ocrx_word' id='word_1_502' title='bbox 862 3448 967 3515; x_wconf 83' lang='grc' dir='ltr'><strong>ζῷς</strong></span> <span class='ocrx_word' id='word_1_503' title='bbox 998 3444 1058 3499; x_wconf 88' lang='grc' dir='ltr'>τὸ</span> <span class='ocrx_word' id='word_1_504' title='bbox 1090 3442 1401 3518; x_wconf 89' lang='grc' dir='ltr'>προοίμιον.</span> <span class='ocrx_word' id='word_1_505' title='bbox 1452 3440 1702 3519; x_wconf 76' lang='grc' dir='ltr'>Φοὲγξαι,</span> <span class='ocrx_word' id='word_1_506' title='bbox 1769 3444 1898 3518; x_wconf 86' lang='grc' dir='ltr'>βρα-</span> 
     </span>
    </p>
   </div>
   <div class='ocr_carea' id='block_1_67' title="bbox 247 3530 1897 3614">
    <p class='ocr_par' dir='ltr' id='par_1_67' title="bbox 247 3530 1897 3614">
     <span class='ocr_line' id='line_1_68' title="bbox 247 3530 1897 3614; baseline -0.004 -21"><span class='ocrx_word' id='word_1_507' title='bbox 247 3540 353 3614; x_wconf 75' lang='grc' dir='ltr'>χὲα</span> <span class='ocrx_word' id='word_1_508' title='bbox 386 3538 502 3611; x_wconf 77' lang='grc' dir='ltr'>μὶν,</span> <span class='ocrx_word' id='word_1_509' title='bbox 534 3535 658 3591; x_wconf 86' lang='grc' dir='ltr'>ἀλλ’</span> <span class='ocrx_word' id='word_1_510' title='bbox 689 3534 812 3607; x_wconf 68' lang='grc' dir='ltr'>ἐμοὶ</span> <span class='ocrx_word' id='word_1_511' title='bbox 855 3533 989 3609; x_wconf 74' lang='grc' dir='ltr'>φίλα</span> <span class='ocrx_word' id='word_1_512' title='bbox 1012 3533 1123 3588; x_wconf 86' lang='grc' dir='ltr'>’καὶ</span> <span class='ocrx_word' id='word_1_513' title='bbox 1171 3530 1365 3601; x_wconf 77' lang='grc' dir='ltr'>ἥδιστα</span> <span class='ocrx_word' id='word_1_514' title='bbox 1422 3535 1498 3607; x_wconf 85' lang='grc'>(6)</span> <span class='ocrx_word' id='word_1_515' title='bbox 1523 3552 1535 3565; x_wconf 83' lang='lat'><strong><em>°</em></strong></span> <span class='ocrx_word' id='word_1_516' title='bbox 1590 3531 1689 3587; x_wconf 81' lang='grc' dir='ltr'><strong>οὐκ</strong></span> <span class='ocrx_word' id='word_1_517' title='bbox 1736 3531 1897 3587; x_wconf 83' lang='grc' dir='ltr'>ἀκου-</span> 
     </span>
    </p>
   </div>
   <div class='ocr_carea' id='block_1_68' title="bbox 250 3618 1899 3697">
    <p class='ocr_par' dir='ltr' id='par_1_68' title="bbox 250 3618 1899 3697">
     <span class='ocr_line' id='line_1_69' title="bbox 250 3618 1899 3697; baseline -0.003 -17"><span class='ocrx_word' id='word_1_518' title='bbox 250 3625 347 3680; x_wconf 83' lang='grc' dir='ltr'><strong>στὰ</strong></span> <span class='ocrx_word' id='word_1_519' title='bbox 378 3625 456 3697; x_wconf 89' lang='grc'>(7)</span> <span class='ocrx_word' id='word_1_520' title='bbox 491 3624 607 3696; x_wconf 80' lang='grc' dir='ltr'>μὶν,</span> <span class='ocrx_word' id='word_1_521' title='bbox 658 3621 804 3677; x_wconf 80' lang='grc' dir='ltr'><strong>ἀλλᾶ</strong></span> <span class='ocrx_word' id='word_1_522' title='bbox 850 3624 916 3694; x_wconf 76' lang='grc' dir='ltr'>τῇ</span> <span class='ocrx_word' id='word_1_523' title='bbox 966 3624 1305 3694; x_wconf 78' lang='grc' dir='ltr'>πνευματικῇ</span> <span class='ocrx_word' id='word_1_524' title='bbox 1367 3622 1468 3696; x_wconf 77' lang='grc' dir='ltr'>βοῇ</span> <span class='ocrx_word' id='word_1_525' title='bbox 1516 3621 1590 3693; x_wconf 88' lang='grc'><strong>(8)</strong></span> <span class='ocrx_word' id='word_1_526' title='bbox 1635 3618 1899 3695; x_wconf 81' lang='grc' dir='ltr'>γινωσκό-</span> 
     </span>
    </p>
   </div>
   <div class='ocr_carea' id='block_1_69' title="bbox 259 3708 1903 3785">
    <p class='ocr_par' dir='ltr' id='par_1_69' title="bbox 259 3708 1903 3785">
     <span class='ocr_line' id='line_1_70' title="bbox 259 3708 1903 3785; baseline -0.001 -18"><span class='ocrx_word' id='word_1_527' title='bbox 259 3733 409 3785; x_wconf 78' lang='grc' dir='ltr'>μενα,</span> <span class='ocrx_word' id='word_1_528' title='bbox 440 3712 558 3775; x_wconf 89' lang='grc' dir='ltr'>καθ’</span> <span class='ocrx_word' id='word_1_529' title='bbox 587 3713 653 3781; x_wconf 78' lang='grc' dir='ltr'>ἢν</span> <span class='ocrx_word' id='word_1_530' title='bbox 684 3709 773 3765; x_wconf 84' lang='grc' dir='ltr'><strong>καὶ</strong></span> <span class='ocrx_word' id='word_1_531' title='bbox 808 3715 1121 3772; x_wconf 79' lang='grc' dir='ltr'>σιωπῶντος</span> <span class='ocrx_word' id='word_1_532' title='bbox 1152 3709 1337 3764; x_wconf 81' lang='grc' dir='ltr'>ἀκούει</span> <span class='ocrx_word' id='word_1_533' title='bbox 1371 3709 1610 3772; x_wconf 69' lang='grc' dir='ltr'>Μωσέως</span> <span class='ocrx_word' id='word_1_534' title='bbox 1641 3708 1769 3771; x_wconf 84' lang='grc' dir='ltr'>Θεός</span> <span class='ocrx_word' id='word_1_535' title='bbox 1801 3710 1903 3782; x_wconf 86' lang='grc'>(9)·</span> 
     </span>
    </p>
   </div>
   <div class='ocr_carea' id='block_1_70' title="bbox 253 3797 1904 3875">
    <p class='ocr_par' dir='ltr' id='par_1_70' title="bbox 253 3797 1904 3875">
     <span class='ocr_line' id='line_1_71' title="bbox 253 3797 1904 3875; baseline -0.002 -20"><span class='ocrx_word' id='word_1_536' title='bbox 253 3801 365 3873; x_wconf 82' lang='grc' dir='ltr'>καὶ,</span> <span class='ocrx_word' id='word_1_537' title='bbox 390 3803 450 3856; x_wconf 91' lang='grc' dir='ltr'>Τί</span> <span class='ocrx_word' id='word_1_538' title='bbox 484 3802 613 3875; x_wconf 78' lang='grc' dir='ltr'>βοᾳς</span> <span class='ocrx_word' id='word_1_539' title='bbox 645 3800 778 3874; x_wconf 84' lang='grc' dir='ltr'>πρὸς</span> <span class='ocrx_word' id='word_1_540' title='bbox 808 3800 873 3871; x_wconf 64' lang='grc' dir='ltr'><strong>με</strong></span> <span class='ocrx_word' id='word_1_541' title='bbox 917 3801 1028 3871; x_wconf 92' lang='grc'><strong>(10)</strong></span> <span class='ocrx_word' id='word_1_542' title='bbox 1060 3819 1072 3868; x_wconf 89' lang='lat'>;</span> <span class='ocrx_word' id='word_1_543' title='bbox 1131 3804 1209 3869; x_wconf 81' lang='grc' dir='ltr'>τῷ</span> <span class='ocrx_word' id='word_1_544' title='bbox 1261 3802 1463 3871; x_wconf 81' lang='grc' dir='ltr'>νοερῶς</span> <span class='ocrx_word' id='word_1_545' title='bbox 1524 3797 1904 3873; x_wconf 77' lang='grc' dir='ltr'>ἐντυγχάνοντι</span> 
     </span>
    </p>
   </div>
   <div class='ocr_carea' id='block_1_71' title="bbox 252 3884 1907 3964">
    <p class='ocr_par' dir='ltr' id='par_1_71' title="bbox 252 3884 1907 3964">
     <span class='ocr_line' id='line_1_72' title="bbox 252 3884 1907 3964; baseline -0.003 -21"><span class='ocrx_word' id='word_1_546' title='bbox 252 3887 490 3964; x_wconf 72' lang='grc' dir='ltr'>λέγεται.</span> <span class='ocrx_word' id='word_1_547' title='bbox 543 3886 867 3961; x_wconf 79' lang='grc' dir='ltr'>Κατάρτισαί</span> <span class='ocrx_word' id='word_1_548' title='bbox 912 3908 1002 3959; x_wconf 91' lang='grc' dir='ltr'><strong>μοι</strong></span> <span class='ocrx_word' id='word_1_549' title='bbox 1051 3886 1142 3941; x_wconf 90' lang='grc' dir='ltr'>τὸν</span> <span class='ocrx_word' id='word_1_550' title='bbox 1195 3884 1324 3939; x_wconf 78' lang='grc' dir='ltr'>λαὸν</span> <span class='ocrx_word' id='word_1_551' title='bbox 1372 3889 1486 3959; x_wconf 89' lang='grc'>(11)</span> <span class='ocrx_word' id='word_1_552' title='bbox 1517 3885 1597 3957; x_wconf 79' lang='grc' dir='ltr'>τῷ</span> <span class='ocrx_word' id='word_1_553' title='bbox 1626 3891 1703 3957; x_wconf 79' lang='grc' dir='ltr'>σῷ</span> <span class='ocrx_word' id='word_1_554' title='bbox 1734 3886 1907 3960; x_wconf 79' lang='grc' dir='ltr'>Θρὲμ-</span> 
     </span>
    </p>
   </div>
   <div class='ocr_carea' id='block_1_72' title="bbox 257 3971 1906 4050">
    <p class='ocr_par' dir='ltr' id='par_1_72' title="bbox 257 3971 1906 4050">
     <span class='ocr_line' id='line_1_73' title="bbox 257 3971 1906 4050; baseline -0.002 -19"><span class='ocrx_word' id='word_1_555' title='bbox 257 3999 406 4050; x_wconf 90' lang='grc' dir='ltr'>ματι,</span> <span class='ocrx_word' id='word_1_556' title='bbox 437 3976 526 4030; x_wconf 80' lang='grc' dir='ltr'><strong>καὶ</strong></span> <span class='ocrx_word' id='word_1_557' title='bbox 563 3976 697 4047; x_wconf 82' lang='grc' dir='ltr'>μετᾶ</span> <span class='ocrx_word' id='word_1_558' title='bbox 741 3978 904 4028; x_wconf 74' lang='grc' dir='ltr'>τοῦτο</span> <span class='ocrx_word' id='word_1_559' title='bbox 944 3974 1185 4046; x_wconf 68' lang='grc' dir='ltr'>ποιμένι,</span> <span class='ocrx_word' id='word_1_560' title='bbox 1218 3978 1309 4028; x_wconf 71' lang='grc' dir='ltr'>νῦν</span> <span class='ocrx_word' id='word_1_561' title='bbox 1345 3971 1401 4027; x_wconf 72' lang='grc' dir='ltr'><strong>δὲ</strong></span> <span class='ocrx_word' id='word_1_562' title='bbox 1430 3973 1518 4027; x_wconf 81' lang='grc' dir='ltr'><strong>καὶ</strong></span> <span class='ocrx_word' id='word_1_563' title='bbox 1553 3972 1906 4049; x_wconf 76' lang='grc' dir='ltr'>ἀρχιποιμὲνι</span> 
     </span>
    </p>
   </div>
   <div class='ocr_carea' id='block_1_73' title="bbox 253 4061 1904 4137">
    <p class='ocr_par' dir='ltr' id='par_1_73' title="bbox 253 4061 1904 4137">
     <span class='ocr_line' id='line_1_74' title="bbox 253 4061 1904 4137; baseline -0.004 -16"><span class='ocrx_word' id='word_1_564' title='bbox 253 4068 387 4137; x_wconf 88' lang='grc'>(12).</span> <span class='ocrx_word' id='word_1_565' title='bbox 424 4063 640 4137; x_wconf 75' lang='grc' dir='ltr'>Δίδαξον</span> <span class='ocrx_word' id='word_1_566' title='bbox 676 4062 771 4136; x_wconf 71' lang='grc' dir='ltr'>ἐμὲ</span> <span class='ocrx_word' id='word_1_567' title='bbox 802 4084 853 4118; x_wconf 87' lang='grc' dir='ltr'><strong>τι</strong></span> <span class='ocrx_word' id='word_1_568' title='bbox 885 4062 1006 4136; x_wconf 84' lang='grc' dir='ltr'><strong>περῖ</strong></span> <span class='ocrx_word' id='word_1_569' title='bbox 1039 4063 1520 4134; x_wconf 74' lang='grc' dir='ltr'>ποιμαντικῆς,τὸν</span> <span class='ocrx_word' id='word_1_570' title='bbox 1555 4061 1683 4117; x_wconf 81' lang='grc' dir='ltr'>λαὸν</span> <span class='ocrx_word' id='word_1_571' title='bbox 1714 4066 1904 4116; x_wconf 75' lang='grc' dir='ltr'>τοῦτον</span> 
     </span>
    </p>
   </div>
   <div class='ocr_carea' id='block_1_74' title="bbox 254 4148 1909 4229">
    <p class='ocr_par' dir='ltr' id='par_1_74' title="bbox 254 4148 1909 4229">
     <span class='ocr_line' id='line_1_75' title="bbox 254 4148 1909 4229; baseline 0.001 -23"><span class='ocrx_word' id='word_1_572' title='bbox 254 4154 378 4229; x_wconf 87' lang='grc' dir='ltr'>περὶ</span> <span class='ocrx_word' id='word_1_573' title='bbox 424 4152 739 4215; x_wconf 75' lang='grc' dir='ltr'>εὐπειθείας·</span> <span class='ocrx_word' id='word_1_574' title='bbox 788 4150 909 4226; x_wconf 80' lang='grc' dir='ltr'>περὶ</span> <span class='ocrx_word' id='word_1_575' title='bbox 958 4153 1057 4219; x_wconf 75' lang='grc' dir='ltr'>τῆς</span> <span class='ocrx_word' id='word_1_576' title='bbox 1104 4149 1383 4225; x_wconf 78' lang='grc' dir='ltr'>παρούσης</span> <span class='ocrx_word' id='word_1_577' title='bbox 1431 4171 1482 4203; x_wconf 92' lang='grc' dir='ltr'><strong>τι</strong></span> <span class='ocrx_word' id='word_1_578' title='bbox 1513 4148 1741 4225; x_wconf 83' lang='grc' dir='ltr'>πληγῆς</span> <span class='ocrx_word' id='word_1_579' title='bbox 1797 4154 1909 4225; x_wconf 90' lang='grc'><strong>(13)</strong></span> 
     </span>
    </p>
   </div>
   <div class='ocr_carea' id='block_1_75' title="bbox 258 4237 1909 4318">
    <p class='ocr_par' dir='ltr' id='par_1_75' title="bbox 258 4237 1909 4318">
     <span class='ocr_line' id='line_1_76' title="bbox 258 4237 1909 4318; baseline 0.001 -25"><span class='ocrx_word' id='word_1_580' title='bbox 258 4240 656 4318; x_wconf 73' lang='grc' dir='ltr'>φιλοσόφησον,</span> <span class='ocrx_word' id='word_1_581' title='bbox 706 4240 829 4314; x_wconf 86' lang='grc' dir='ltr'>περὶ</span> <span class='ocrx_word' id='word_1_582' title='bbox 880 4244 985 4294; x_wconf 80' lang='grc' dir='ltr'><strong>τῶν</strong></span> <span class='ocrx_word' id='word_1_583' title='bbox 1040 4237 1258 4293; x_wconf 82' lang='grc' dir='ltr'>δικαίων</span> <span class='ocrx_word' id='word_1_584' title='bbox 1290 4244 1387 4292; x_wconf 73' lang='grc' dir='ltr'><strong>τοῦ</strong></span> <span class='ocrx_word' id='word_1_585' title='bbox 1418 4244 1550 4294; x_wconf 77' lang='grc' dir='ltr'>Θεοῦ</span> <span class='ocrx_word' id='word_1_586' title='bbox 1608 4240 1909 4316; x_wconf 82' lang='grc' dir='ltr'>κριμοὶτων,</span> 
     </span>
    </p>
   </div>
   <div class='ocr_carea' id='block_1_76' title="bbox 255 4324 1911 4403">
    <p class='ocr_par' dir='ltr' id='par_1_76' title="bbox 255 4324 1911 4403">
     <span class='ocr_line' id='line_1_77' title="bbox 255 4324 1911 4403; baseline 0 -19"><span class='ocrx_word' id='word_1_587' title='bbox 255 4328 343 4385; x_wconf 72' lang='grc' dir='ltr'><strong>ἐάν</strong></span> <span class='ocrx_word' id='word_1_588' title='bbox 363 4351 422 4384; x_wconf 92' lang='grc' dir='ltr'><strong>τε</strong></span> <span class='ocrx_word' id='word_1_589' title='bbox 448 4324 951 4401; x_wconf 75' lang='grc' dir='ltr'>καταλαμϐάνωμεν</span> <span class='ocrx_word' id='word_1_590' title='bbox 975 4326 1254 4401; x_wconf 74' lang='grc' dir='ltr'>ἡμεῖς,ἐάν</span> <span class='ocrx_word' id='word_1_591' title='bbox 1277 4350 1334 4383; x_wconf 88' lang='grc' dir='ltr'><strong>τε</strong></span> <span class='ocrx_word' id='word_1_592' title='bbox 1348 4329 1630 4403; x_wconf 77' lang='grc' dir='ltr'>ἀγνοῶμεν</span> <span class='ocrx_word' id='word_1_593' title='bbox 1655 4330 1750 4399; x_wconf 75' lang='grc' dir='ltr'>τὴν</span> <span class='ocrx_word' id='word_1_594' title='bbox 1776 4327 1911 4384; x_wconf 85' lang='grc' dir='ltr'>πολ-</span> 
     </span>
    </p>
   </div>
   <div class='ocr_carea' id='block_1_77' title="bbox 256 4414 1909 4492">
    <p class='ocr_par' dir='ltr' id='par_1_77' title="bbox 256 4414 1909 4492">
     <span class='ocr_line' id='line_1_78' title="bbox 256 4414 1909 4492; baseline 0 -19"><span class='ocrx_word' id='word_1_595' title='bbox 256 4421 361 4489; x_wconf 73' lang='grc' dir='ltr'><strong>λὴν</strong></span> <span class='ocrx_word' id='word_1_596' title='bbox 395 4414 777 4479; x_wconf 73' lang='grc' dir='ltr'>ἄϐυσσον-Πῶς</span> <span class='ocrx_word' id='word_1_597' title='bbox 806 4417 894 4471; x_wconf 84' lang='grc' dir='ltr'><strong>καὶ</strong></span> <span class='ocrx_word' id='word_1_598' title='bbox 920 4419 955 4487; x_wconf 80' lang='grc' dir='ltr'>ἡ</span> <span class='ocrx_word' id='word_1_599' title='bbox 989 4415 1328 4490; x_wconf 81' lang='grc' dir='ltr'>ἐλεημοσύνη</span> <span class='ocrx_word' id='word_1_600' title='bbox 1366 4416 1439 4479; x_wconf 87' lang='grc' dir='ltr'><strong>είς</strong></span> <span class='ocrx_word' id='word_1_601' title='bbox 1473 4417 1745 4490; x_wconf 70' lang='grc' dir='ltr'>σταθμοὺς</span> <span class='ocrx_word' id='word_1_602' title='bbox 1773 4420 1909 4492; x_wconf 85' lang='grc'>(14),</span> 
     </span>
    </p>
   </div>
   <div class='ocr_carea' id='block_1_78' title="bbox 329 4543 2001 4616">
    <p class='ocr_par' dir='ltr' id='par_1_78' title="bbox 329 4543 2001 4616">
     <span class='ocr_line' id='line_1_79' title="bbox 329 4543 2001 4616; baseline -0.001 -14"><span class='ocrx_word' id='word_1_603' title='bbox 329 4546 373 4581; x_wconf 83' lang='grc'><strong>⁸⁷</strong></span> <span class='ocrx_word' id='word_1_604' title='bbox 406 4546 609 4602; x_wconf 84' lang='lat' dir='ltr'><strong>Matth.</strong></span> <span class='ocrx_word' id='word_1_605' title='bbox 660 4562 824 4616; x_wconf 73' lang='lat' dir='ltr'><strong>nm,</strong></span> <span class='ocrx_word' id='word_1_606' title='bbox 882 4546 971 4602; x_wconf 85' lang='lat'><strong>27.</strong></span> <span class='ocrx_word' id='word_1_607' title='bbox 1032 4545 1078 4579; x_wconf 79' lang='grc'>⁸⁸</span> <span class='ocrx_word' id='word_1_608' title='bbox 1109 4543 1378 4613; x_wconf 85' lang='lat' dir='ltr'><strong>Psal.cx,</strong></span> <span class='ocrx_word' id='word_1_609' title='bbox 1440 4546 1524 4599; x_wconf 92' lang='grc'>10.</span> <span class='ocrx_word' id='word_1_610' title='bbox 1586 4545 1631 4579; x_wconf 71' lang='grc'><strong>⁸³</strong></span> <span class='ocrx_word' id='word_1_611' title='bbox 1662 4546 1823 4602; x_wconf 86' lang='lat' dir='ltr'><strong>Prov.</strong></span> <span class='ocrx_word' id='word_1_612' title='bbox 1883 4563 2001 4616; x_wconf 81' lang='lat' dir='ltr'><strong>xvr,</strong></span> 
     </span>
    </p>
   </div>
   <div class='ocr_carea' id='block_1_79' title="bbox 265 4634 1602 4703">
    <p class='ocr_par' dir='ltr' id='par_1_79' title="bbox 265 4634 1602 4703">
     <span class='ocr_line' id='line_1_80' title="bbox 265 4634 1602 4703; baseline -0.002 -11"><span class='ocrx_word' id='word_1_613' title='bbox 265 4654 418 4703; x_wconf 61' lang='grc' dir='ltr'>χιιι,</span> <span class='ocrx_word' id='word_1_614' title='bbox 450 4635 537 4691; x_wconf 93' lang='grc'><strong>18.</strong></span> <span class='ocrx_word' id='word_1_615' title='bbox 569 4636 613 4671; x_wconf 80' lang='grc'><strong>⁰³</strong></span> <span class='ocrx_word' id='word_1_616' title='bbox 646 4635 668 4692; x_wconf 93' lang='lat' dir='ltr'><strong>I</strong></span> <span class='ocrx_word' id='word_1_617' title='bbox 700 4635 830 4691; x_wconf 90' lang='lat' dir='ltr'><strong>Cor.</strong></span> <span class='ocrx_word' id='word_1_618' title='bbox 863 4652 939 4691; x_wconf 90' lang='lat' dir='ltr'><strong>1v.</strong></span> <span class='ocrx_word' id='word_1_619' title='bbox 974 4636 1060 4690; x_wconf 89' lang='grc'><strong>15.</strong></span> <span class='ocrx_word' id='word_1_620' title='bbox 1092 4636 1137 4669; x_wconf 75' lang='grc'>⁹⁴</span> <span class='ocrx_word' id='word_1_621' title='bbox 1166 4634 1339 4690; x_wconf 84' lang='lat' dir='ltr'><strong>Exod.</strong></span> <span class='ocrx_word' id='word_1_622' title='bbox 1364 4650 1480 4702; x_wconf 80' lang='lat' dir='ltr'><strong>xw,</strong></span> <span class='ocrx_word' id='word_1_623' title='bbox 1516 4635 1602 4691; x_wconf 90' lang='lat'><strong>15.</strong></span> 
     </span>
    </p>
   </div>
   <div class='ocr_carea' id='block_1_80' title="bbox 333 4775 1398 4851">
    <p class='ocr_par' dir='ltr' id='par_1_80' title="bbox 333 4775 1398 4851">
     <span class='ocr_line' id='line_1_81' title="bbox 333 4775 1398 4851; baseline -0.002 -18"><span class='ocrx_word' id='word_1_624' title='bbox 333 4780 409 4851; x_wconf 88' lang='lat'>(1)</span> <span class='ocrx_word' id='word_1_625' title='bbox 440 4777 675 4851; x_wconf 37' lang='lat' dir='ltr'><strong>&#39;Ey.ﬂSic</strong></span> <span class='ocrx_word' id='word_1_626' title='bbox 707 4781 844 4849; x_wconf 87' lang='lat' dir='ltr'><strong>Reg.</strong></span> <span class='ocrx_word' id='word_1_627' title='bbox 880 4777 979 4851; x_wconf 58' lang='lat' dir='ltr'><strong>ph.</strong></span> <span class='ocrx_word' id='word_1_628' title='bbox 1013 4777 1190 4851; x_wconf 80' lang='lat' dir='ltr'><strong>Deest</strong></span> <span class='ocrx_word' id='word_1_629' title='bbox 1213 4775 1273 4831; x_wconf 92' lang='lat' dir='ltr'><strong>in</strong></span> <span class='ocrx_word' id='word_1_630' title='bbox 1306 4777 1398 4832; x_wconf 88' lang='lat' dir='ltr'><strong>ed.</strong></span> 
     </span>
    </p>
   </div>
   <div class='ocr_carea' id='block_1_81' title="bbox 333 4840 1915 4923">
    <p class='ocr_par' dir='ltr' id='par_1_81' title="bbox 333 4840 1915 4923">
     <span class='ocr_line' id='line_1_82' title="bbox 333 4840 1915 4923; baseline 0.004 -23"><span class='ocrx_word' id='word_1_631' title='bbox 333 4840 411 4921; x_wconf 77' lang='grc'>(2)</span> <span class='ocrx_word' id='word_1_632' title='bbox 442 4850 511 4923; x_wconf 77' lang='lat' dir='ltr'><strong>Qi</strong></span> <span class='ocrx_word' id='word_1_633' title='bbox 541 4840 763 4923; x_wconf 67' lang='grc' dir='ltr'>ὄνειροι.</span> <span class='ocrx_word' id='word_1_634' title='bbox 784 4840 821 4905; x_wconf 57' lang='grc' dir='ltr'>Ῐί</span> <span class='ocrx_word' id='word_1_635' title='bbox 850 4840 929 4923; x_wconf 63' lang='grc' dir='ltr'>ξιξ)</span> <span class='ocrx_word' id='word_1_636' title='bbox 962 4846 1137 4923; x_wconf 88' lang='grc' dir='ltr'>λόγῳ.</span> <span class='ocrx_word' id='word_1_637' title='bbox 1172 4850 1258 4904; x_wconf 84' lang='lat' dir='ltr'><strong>Ita</strong></span> <span class='ocrx_word' id='word_1_638' title='bbox 1299 4847 1566 4903; x_wconf 85' lang='lat' dir='ltr'><strong>nonnulli</strong></span> <span class='ocrx_word' id='word_1_639' title='bbox 1597 4849 1765 4905; x_wconf 93' lang='lat' dir='ltr'><strong>codd.</strong></span> <span class='ocrx_word' id='word_1_640' title='bbox 1799 4849 1915 4905; x_wconf 89' lang='lat' dir='ltr'><strong>De-</strong></span> 
     </span>
    </p>
   </div>
   <div class='ocr_carea' id='block_1_82' title="bbox 266 4920 890 4991">
    <p class='ocr_par' dir='ltr' id='par_1_82' title="bbox 266 4920 890 4991">
     <span class='ocr_line' id='line_1_83' title="bbox 266 4920 890 4991; baseline 0 -14"><span class='ocrx_word' id='word_1_641' title='bbox 266 4927 407 4977; x_wconf 87' lang='lat' dir='ltr'><strong>sunt</strong></span> <span class='ocrx_word' id='word_1_642' title='bbox 436 4920 487 4973; x_wconf 76' lang='grc' dir='ltr'><strong>οἱ</strong></span> <span class='ocrx_word' id='word_1_643' title='bbox 518 4925 574 4976; x_wconf 91' lang='lat' dir='ltr'><strong>et</strong></span> <span class='ocrx_word' id='word_1_644' title='bbox 599 4920 686 4991; x_wconf 22' lang='grc' dir='ltr'><strong>τῷ,</strong></span> <span class='ocrx_word' id='word_1_645' title='bbox 709 4920 769 4976; x_wconf 92' lang='lat' dir='ltr'><strong>in</strong></span> <span class='ocrx_word' id='word_1_646' title='bbox 798 4921 890 4977; x_wconf 88' lang='lat' dir='ltr'><strong>ed.</strong></span> 
     </span>
    </p>
   </div>
   <div class='ocr_carea' id='block_1_83' title="bbox 336 4986 1919 5065">
    <p class='ocr_par' dir='ltr' id='par_1_83' title="bbox 336 4986 1919 5065">
     <span class='ocr_line' id='line_1_84' title="bbox 336 4986 1919 5065; baseline -0.001 -19"><span class='ocrx_word' id='word_1_647' title='bbox 336 4992 419 5065; x_wconf 10' lang='lat'>(3)7</span> <span class='ocrx_word' id='word_1_648' title='bbox 462 4986 815 5064; x_wconf 78' lang='grc' dir='ltr'>Κινουμὲνου.</span> <span class='ocrx_word' id='word_1_649' title='bbox 865 4992 1007 5065; x_wconf 84' lang='lat' dir='ltr'><strong>Reg.</strong></span> <span class='ocrx_word' id='word_1_650' title='bbox 1039 4992 1160 5060; x_wconf 92' lang='lat' dir='ltr'><strong>bm,</strong></span> <span class='ocrx_word' id='word_1_651' title='bbox 1194 4991 1289 5048; x_wconf 90' lang='lat' dir='ltr'><strong>Or.</strong></span> <span class='ocrx_word' id='word_1_652' title='bbox 1325 4994 1378 5063; x_wconf 90' lang='lat'><strong>1,</strong></span> <span class='ocrx_word' id='word_1_653' title='bbox 1407 4994 1524 5050; x_wconf 86' lang='lat' dir='ltr'><strong>Jes.</strong></span> <span class='ocrx_word' id='word_1_654' title='bbox 1567 4986 1919 5065; x_wconf 77' lang='grc' dir='ltr'>δονουμὲνου,</span> 
     </span>
    </p>
   </div>
   <div class='ocr_carea' id='block_1_84' title="bbox 270 5064 649 5119">
    <p class='ocr_par' dir='ltr' id='par_1_84' title="bbox 270 5064 649 5119">
     <span class='ocr_line' id='line_1_85' title="bbox 270 5064 649 5119; baseline -0.011 0"><span class='ocrx_word' id='word_1_655' title='bbox 270 5087 299 5115; x_wconf 87' lang='grc'>‹‹</span> <span class='ocrx_word' id='word_1_656' title='bbox 332 5064 601 5119; x_wconf 74' lang='lat' dir='ltr'><strong>agitetur.</strong></span> <span class='ocrx_word' id='word_1_657' title='bbox 622 5085 649 5114; x_wconf 83' lang='lat'><strong>»</strong></span> 
     </span>
    </p>
   </div>
   <div class='ocr_carea' id='block_1_85' title="bbox 340 5080 1771 5206">
    <p class='ocr_par' dir='ltr' id='par_1_85' title="bbox 340 5080 1771 5206">
     <span class='ocr_line' id='line_1_86' title="bbox 340 5080 649 5119; baseline -0.013 -1"><span class='ocrx_word' id='word_1_658' title='bbox 340 5080 365 5119; x_wconf 70' lang='grc' dir='ltr'>Β</span> <span class='ocrx_word' id='word_1_659' title='bbox 410 5080 601 5118; x_wconf 71' lang='lat' dir='ltr'><strong>ﬂetur.</strong></span> <span class='ocrx_word' id='word_1_660' title='bbox 622 5085 649 5114; x_wconf 87' lang='grc'><strong>))</strong></span> 
     </span>
     <span class='ocr_line' id='line_1_87' title="bbox 340 5080 1771 5206; baseline 0.002 -18"><span class='ocrx_word' id='word_1_661' title='bbox 340 5080 417 5202; x_wconf 54' lang='grc' dir='ltr'>(ἕ)</span> <span class='ocrx_word' id='word_1_662' title='bbox 452 5133 603 5206; x_wconf 72' lang='grc' dir='ltr'>Βίου.</span> <span class='ocrx_word' id='word_1_663' title='bbox 636 5134 731 5206; x_wconf 69' lang='grc' dir='ltr'><strong>ΟΡ.</strong></span> <span class='ocrx_word' id='word_1_664' title='bbox 771 5136 793 5189; x_wconf 92' lang='grc'><strong>1</strong></span> <span class='ocrx_word' id='word_1_665' title='bbox 828 5135 1011 5206; x_wconf 84' lang='lat' dir='ltr'><strong>addit,</strong></span> <span class='ocrx_word' id='word_1_666' title='bbox 1040 5132 1254 5202; x_wconf 84' lang='grc' dir='ltr'>τούτου,</span> <span class='ocrx_word' id='word_1_667' title='bbox 1289 5158 1317 5184; x_wconf 87' lang='grc'><strong>‹‹</strong></span> <span class='ocrx_word' id='word_1_668' title='bbox 1350 5136 1480 5191; x_wconf 64' lang='lat' dir='ltr'><strong>vitae</strong></span> <span class='ocrx_word' id='word_1_669' title='bbox 1514 5134 1715 5206; x_wconf 88' lang='lat' dir='ltr'><strong>hujus.</strong></span> <span class='ocrx_word' id='word_1_670' title='bbox 1744 5157 1771 5185; x_wconf 84' lang='lat'>»</span> 
     </span>
    </p>
   </div>
   <div class='ocr_carea' id='block_1_86' title="bbox 343 5202 1920 5279">
    <p class='ocr_par' dir='ltr' id='par_1_86' title="bbox 343 5202 1920 5279">
     <span class='ocr_line' id='line_1_88' title="bbox 343 5202 1920 5279; baseline 0.001 -19"><span class='ocrx_word' id='word_1_671' title='bbox 343 5207 418 5277; x_wconf 85' lang='lat'>(5)</span> <span class='ocrx_word' id='word_1_672' title='bbox 447 5202 773 5273; x_wconf 80' lang='grc' dir='ltr'>Μελλούσης</span> <span class='ocrx_word' id='word_1_673' title='bbox 828 5202 1061 5279; x_wconf 79' lang='grc' dir='ltr'>ζημίας.</span> <span class='ocrx_word' id='word_1_674' title='bbox 1092 5207 1216 5279; x_wconf 83' lang='lat' dir='ltr'><strong>Hic,</strong></span> <span class='ocrx_word' id='word_1_675' title='bbox 1249 5222 1352 5278; x_wconf 89' lang='lat' dir='ltr'><strong>per</strong></span> <span class='ocrx_word' id='word_1_676' title='bbox 1382 5230 1409 5257; x_wconf 84' lang='lat'><strong>«</strong></span> <span class='ocrx_word' id='word_1_677' title='bbox 1443 5202 1787 5279; x_wconf 67' lang='lat' dir='ltr'><strong>impendens</strong></span> <span class='ocrx_word' id='word_1_678' title='bbox 1819 5207 1920 5261; x_wconf 91' lang='lat' dir='ltr'><strong>de-</strong></span> 
     </span>
    </p>
   </div>
   <div class='ocr_carea' id='block_1_87' title="bbox 273 5278 1920 5351">
    <p class='ocr_par' dir='ltr' id='par_1_87' title="bbox 273 5278 1920 5351">
     <span class='ocr_line' id='line_1_89' title="bbox 273 5278 1920 5351; baseline 0 -18"><span class='ocrx_word' id='word_1_679' title='bbox 273 5278 644 5351; x_wconf 85' lang='lat' dir='ltr'><strong>trimentum,</strong></span> <span class='ocrx_word' id='word_1_680' title='bbox 668 5300 696 5326; x_wconf 85' lang='lat'>»</span> <span class='ocrx_word' id='word_1_681' title='bbox 729 5294 891 5351; x_wconf 13' lang='lat' dir='ltr'><strong>seuic</strong></span> <span class='ocrx_word' id='word_1_682' title='bbox 946 5278 1293 5351; x_wconf 89' lang='lat' dir='ltr'><strong>periculum,</strong></span> <span class='ocrx_word' id='word_1_683' title='bbox 1324 5301 1353 5329; x_wconf 85' lang='lat'>»</span> <span class='ocrx_word' id='word_1_684' title='bbox 1383 5278 1657 5349; x_wconf 88' lang='lat' dir='ltr'><strong>intelligit</strong></span> <span class='ocrx_word' id='word_1_685' title='bbox 1705 5280 1920 5349; x_wconf 89' lang='lat' dir='ltr'><strong>Grego-</strong></span> 
     </span>
    </p>
   </div>
   <div class='ocr_carea' id='block_1_88' title="bbox 273 5350 1922 5422">
    <p class='ocr_par' dir='ltr' id='par_1_88' title="bbox 273 5350 1922 5422">
     <span class='ocr_line' id='line_1_90' title="bbox 273 5350 1922 5422; baseline 0 -17"><span class='ocrx_word' id='word_1_686' title='bbox 273 5350 396 5405; x_wconf 90' lang='lat' dir='ltr'><strong>rius</strong></span> <span class='ocrx_word' id='word_1_687' title='bbox 429 5354 673 5405; x_wconf 90' lang='lat' dir='ltr'><strong>mortem</strong></span> <span class='ocrx_word' id='word_1_688' title='bbox 706 5350 911 5421; x_wconf 90' lang='lat' dir='ltr'><strong>patris,</strong></span> <span class='ocrx_word' id='word_1_689' title='bbox 946 5350 1071 5422; x_wconf 85' lang='lat' dir='ltr'><strong>quae</strong></span> <span class='ocrx_word' id='word_1_690' title='bbox 1103 5350 1273 5422; x_wconf 90' lang='lat' dir='ltr'><strong>longe</strong></span> <span class='ocrx_word' id='word_1_691' title='bbox 1313 5352 1517 5407; x_wconf 83' lang='lat' dir='ltr'><strong>abesse</strong></span> <span class='ocrx_word' id='word_1_692' title='bbox 1549 5367 1663 5406; x_wconf 90' lang='lat' dir='ltr'><strong>non</strong></span> <span class='ocrx_word' id='word_1_693' title='bbox 1695 5354 1922 5422; x_wconf 87' lang='lat' dir='ltr'><strong>poterat</strong></span> 
     </span>
    </p>
   </div>
   <div class='ocr_carea' id='block_1_89' title="bbox 275 5422 1189 5495">
    <p class='ocr_par' dir='ltr' id='par_1_89' title="bbox 275 5422 1189 5495">
     <span class='ocr_line' id='line_1_91' title="bbox 275 5422 1189 5495; baseline 0 -17"><span class='ocrx_word' id='word_1_694' title='bbox 275 5439 392 5495; x_wconf 68' lang='lat' dir='ltr'><strong>pra:</strong></span> <span class='ocrx_word' id='word_1_695' title='bbox 423 5422 683 5495; x_wconf 70' lang='lat' dir='ltr'><strong>longaeva</strong></span> <span class='ocrx_word' id='word_1_696' title='bbox 711 5422 840 5491; x_wconf 88' lang='lat' dir='ltr'><strong>ejus</strong></span> <span class='ocrx_word' id='word_1_697' title='bbox 871 5427 1189 5495; x_wconf 85' lang='lat' dir='ltr'><strong>senectute.</strong></span> 
     </span>
    </p>
   </div>
   <div class='ocr_carea' id='block_1_90' title="bbox 345 5489 1921 5566">
    <p class='ocr_par' dir='ltr' id='par_1_90' title="bbox 345 5489 1921 5566">
     <span class='ocr_line' id='line_1_92' title="bbox 345 5489 1921 5566; baseline 0 -17"><span class='ocrx_word' id='word_1_698' title='bbox 345 5496 421 5565; x_wconf 86' lang='lat'>(6)</span> <span class='ocrx_word' id='word_1_699' title='bbox 454 5494 553 5549; x_wconf 78' lang='grc' dir='ltr'>Καὶ</span> <span class='ocrx_word' id='word_1_700' title='bbox 604 5489 820 5562; x_wconf 74' lang='grc' dir='ltr'>ἥδιστα.</span> <span class='ocrx_word' id='word_1_701' title='bbox 856 5494 949 5550; x_wconf 89' lang='lat' dir='ltr'><strong>Sic</strong></span> <span class='ocrx_word' id='word_1_702' title='bbox 999 5494 1179 5566; x_wconf 72' lang='lat' dir='ltr'><strong>Regii</strong></span> <span class='ocrx_word' id='word_1_703' title='bbox 1212 5492 1425 5563; x_wconf 91' lang='lat' dir='ltr'><strong>plures.</strong></span> <span class='ocrx_word' id='word_1_704' title='bbox 1457 5493 1631 5566; x_wconf 89' lang='lat' dir='ltr'><strong>Coisl.</strong></span> <span class='ocrx_word' id='word_1_705' title='bbox 1686 5511 1817 5549; x_wconf 90' lang='lat' dir='ltr'><strong>vero</strong></span> <span class='ocrx_word' id='word_1_706' title='bbox 1865 5495 1921 5561; x_wconf 87' lang='lat'><strong>2,</strong></span> 
     </span>
    </p>
   </div>
   <div class='ocr_carea' id='block_1_91' title="bbox 272 5564 1925 5638">
    <p class='ocr_par' dir='ltr' id='par_1_91' title="bbox 272 5564 1925 5638">
     <span class='ocr_line' id='line_1_93' title="bbox 272 5564 1925 5638; baseline -0.001 -16"><span class='ocrx_word' id='word_1_707' title='bbox 272 5564 417 5638; x_wconf 85' lang='lat' dir='ltr'><strong>Jes.,</strong></span> <span class='ocrx_word' id='word_1_708' title='bbox 454 5565 679 5638; x_wconf 20' lang='lat' dir='ltr'><strong>aliique,</strong></span> <span class='ocrx_word' id='word_1_709' title='bbox 720 5582 838 5638; x_wconf 84' lang='lat' dir='ltr'><strong>non</strong></span> <span class='ocrx_word' id='word_1_710' title='bbox 884 5564 1373 5638; x_wconf 45' lang='grc' dir='ltr'>ρδυοίξπλεῖστα,</span> <span class='ocrx_word' id='word_1_711' title='bbox 1407 5588 1435 5616; x_wconf 90' lang='grc'><em>‹‹</em></span> <span class='ocrx_word' id='word_1_712' title='bbox 1469 5565 1743 5637; x_wconf 87' lang='lat' dir='ltr'><strong>plurima.</strong></span> <span class='ocrx_word' id='word_1_713' title='bbox 1774 5589 1793 5614; x_wconf 75' lang='grc' dir='ltr'><strong><em>η</em></strong></span> <span class='ocrx_word' id='word_1_714' title='bbox 1830 5566 1925 5621; x_wconf 89' lang='lat' dir='ltr'><strong>Sic</strong></span> 
     </span>
    </p>
   </div>
   <div class='ocr_carea' id='block_1_92' title="bbox 278 5637 883 5709">
    <p class='ocr_par' dir='ltr' id='par_1_92' title="bbox 278 5637 883 5709">
     <span class='ocr_line' id='line_1_94' title="bbox 278 5637 883 5709; baseline 0 -16"><span class='ocrx_word' id='word_1_715' title='bbox 278 5637 643 5709; x_wconf 16' lang='lat' dir='ltr'><strong>etiamglegit</strong></span> <span class='ocrx_word' id='word_1_716' title='bbox 656 5637 883 5709; x_wconf 87' lang='lat' dir='ltr'><strong>Billius.</strong></span> 
     </span>
    </p>
   </div>
   <div class='ocr_carea' id='block_1_93' title="bbox 345 5705 1929 5784">
    <p class='ocr_par' dir='ltr' id='par_1_93' title="bbox 345 5705 1929 5784">
     <span class='ocr_line' id='line_1_95' title="bbox 345 5705 1929 5784; baseline 0.001 -21"><span class='ocrx_word' id='word_1_717' title='bbox 345 5710 424 5784; x_wconf 82' lang='lat'>(7)</span> <span class='ocrx_word' id='word_1_718' title='bbox 455 5705 574 5765; x_wconf 71' lang='grc' dir='ltr'><strong>0ὐὶ</strong></span> <span class='ocrx_word' id='word_1_719' title='bbox 624 5707 879 5764; x_wconf 81' lang='grc' dir='ltr'>ἀκουστά.</span> <span class='ocrx_word' id='word_1_720' title='bbox 930 5710 1070 5781; x_wconf 86' lang='lat' dir='ltr'><strong>Reg.</strong></span> <span class='ocrx_word' id='word_1_721' title='bbox 1123 5707 1224 5780; x_wconf 87' lang='lat' dir='ltr'><strong>pb,</strong></span> <span class='ocrx_word' id='word_1_722' title='bbox 1275 5705 1447 5765; x_wconf 89' lang='lat' dir='ltr'><strong>Coisl.</strong></span> <span class='ocrx_word' id='word_1_723' title='bbox 1482 5707 1534 5781; x_wconf 90' lang='lat'><strong>1,</strong></span> <span class='ocrx_word' id='word_1_724' title='bbox 1576 5707 1672 5766; x_wconf 68' lang='grc' dir='ltr'><strong>ΟΡ.</strong></span> <span class='ocrx_word' id='word_1_725' title='bbox 1725 5710 1775 5781; x_wconf 85' lang='grc'><strong>1,</strong></span> <span class='ocrx_word' id='word_1_726' title='bbox 1828 5705 1929 5766; x_wconf 74' lang='grc' dir='ltr'><strong>οὐκ</strong></span> 
     </span>
    </p>
   </div>
   <div class='ocr_carea' id='block_1_94' title="bbox 600 5835 1315 5901">
    <p class='ocr_par' dir='ltr' id='par_1_94' title="bbox 600 5835 1315 5901">
     <span class='ocr_line' id='line_1_96' title="bbox 600 5835 1315 5901; baseline -0.001 -3"><span class='ocrx_word' id='word_1_727' title='bbox 600 5837 869 5901; x_wconf 63' lang='lat' dir='ltr'><strong>Paeon.</strong></span> <span class='ocrx_word' id='word_1_728' title='bbox 914 5837 1026 5901; x_wconf 79' lang='lat' dir='ltr'><strong>Gs.</strong></span> <span class='ocrx_word' id='word_1_729' title='bbox 1071 5835 1315 5901; x_wconf 83' lang='lat' dir='ltr'><strong>XXXV.</strong></span> 
     </span>
    </p>
   </div>
   <div class='ocr_carea' id='block_1_95' title="bbox 2012 3354 3659 3426">
    <p class='ocr_par' dir='ltr' id='par_1_95' title="bbox 2012 3354 3659 3426">
     <span class='ocr_line' id='line_1_97' title="bbox 2012 3354 3659 3426; baseline 0.001 -17"><span class='ocrx_word' id='word_1_730' title='bbox 2012 3370 2187 3426; x_wconf 87' lang='lat' dir='ltr'><strong>quam</strong></span> <span class='ocrx_word' id='word_1_731' title='bbox 2213 3370 2423 3410; x_wconf 88' lang='lat' dir='ltr'><strong>suaves</strong></span> <span class='ocrx_word' id='word_1_732' title='bbox 2454 3370 2755 3410; x_wconf 89' lang='lat' dir='ltr'><strong>sermones</strong></span> <span class='ocrx_word' id='word_1_733' title='bbox 2803 3354 3086 3423; x_wconf 88' lang='lat' dir='ltr'><strong>invideas,</strong></span> <span class='ocrx_word' id='word_1_734' title='bbox 3139 3370 3243 3410; x_wconf 90' lang='lat' dir='ltr'><strong>nec</strong></span> <span class='ocrx_word' id='word_1_735' title='bbox 3273 3354 3401 3425; x_wconf 91' lang='lat' dir='ltr'><strong>jam</strong></span> <span class='ocrx_word' id='word_1_736' title='bbox 3433 3354 3659 3425; x_wconf 88' lang='lat' dir='ltr'><strong>impen-</strong></span> 
     </span>
    </p>
   </div>
   <div class='ocr_carea' id='block_1_96' title="bbox 2010 3443 3660 3515">
    <p class='ocr_par' dir='ltr' id='par_1_96' title="bbox 2010 3443 3660 3515">
     <span class='ocr_line' id='line_1_98' title="bbox 2010 3443 3660 3515; baseline -0.001 -16"><span class='ocrx_word' id='word_1_737' title='bbox 2010 3443 2201 3500; x_wconf 88' lang='lat' dir='ltr'><strong>dentis</strong></span> <span class='ocrx_word' id='word_1_738' title='bbox 2255 3444 2591 3499; x_wconf 89' lang='lat' dir='ltr'><strong>detrimenti</strong></span> <span class='ocrx_word' id='word_1_739' title='bbox 2639 3444 2988 3515; x_wconf 66' lang='lat' dir='ltr'><strong>praaludium</strong></span> <span class='ocrx_word' id='word_1_740' title='bbox 3046 3445 3325 3515; x_wconf 59' lang='lat' dir='ltr'><strong>praebeas.</strong></span> <span class='ocrx_word' id='word_1_741' title='bbox 3379 3444 3660 3514; x_wconf 88' lang='lat' dir='ltr'><strong>Loquere,</strong></span> 
     </span>
    </p>
   </div>
   <div class='ocr_carea' id='block_1_97' title="bbox 2010 3531 3659 3605">
    <p class='ocr_par' dir='ltr' id='par_1_97' title="bbox 2010 3531 3659 3605">
     <span class='ocr_line' id='line_1_99' title="bbox 2010 3531 3659 3605; baseline 0 -18"><span class='ocrx_word' id='word_1_742' title='bbox 2010 3550 2226 3605; x_wconf 81' lang='lat' dir='ltr'><strong>quaeso,</strong></span> <span class='ocrx_word' id='word_1_743' title='bbox 2260 3533 2369 3589; x_wconf 79' lang='lat' dir='ltr'><strong>etsi</strong></span> <span class='ocrx_word' id='word_1_744' title='bbox 2394 3550 2599 3605; x_wconf 83' lang='lat' dir='ltr'><strong>pauca,</strong></span> <span class='ocrx_word' id='word_1_745' title='bbox 2639 3537 2699 3589; x_wconf 89' lang='lat' dir='ltr'><strong>at</strong></span> <span class='ocrx_word' id='word_1_746' title='bbox 2738 3532 2885 3589; x_wconf 89' lang='lat' dir='ltr'><strong>mihi</strong></span> <span class='ocrx_word' id='word_1_747' title='bbox 2942 3532 3115 3589; x_wconf 86' lang='lat' dir='ltr'><strong>chara</strong></span> <span class='ocrx_word' id='word_1_748' title='bbox 3170 3537 3227 3588; x_wconf 90' lang='lat' dir='ltr'><strong>et</strong></span> <span class='ocrx_word' id='word_1_749' title='bbox 3280 3531 3659 3599; x_wconf 84' lang='lat' dir='ltr'><strong>dulcissima;</strong></span> 
     </span>
    </p>
   </div>
   <div class='ocr_carea' id='block_1_98' title="bbox 2011 3622 3664 3695">
    <p class='ocr_par' dir='ltr' id='par_1_98' title="bbox 2011 3622 3664 3695">
     <span class='ocr_line' id='line_1_100' title="bbox 2011 3622 3664 3695; baseline -0.002 -17"><span class='ocrx_word' id='word_1_750' title='bbox 2011 3622 2120 3678; x_wconf 88' lang='lat' dir='ltr'><strong>etsi</strong></span> <span class='ocrx_word' id='word_1_751' title='bbox 2164 3623 2363 3679; x_wconf 91' lang='lat' dir='ltr'><strong>minus</strong></span> <span class='ocrx_word' id='word_1_752' title='bbox 2420 3622 2611 3679; x_wconf 90' lang='lat' dir='ltr'><strong>audiri</strong></span> <span class='ocrx_word' id='word_1_753' title='bbox 2670 3623 2918 3695; x_wconf 90' lang='lat' dir='ltr'><strong>possint,</strong></span> <span class='ocrx_word' id='word_1_754' title='bbox 2961 3626 3021 3678; x_wconf 92' lang='lat' dir='ltr'><strong>at</strong></span> <span class='ocrx_word' id='word_1_755' title='bbox 3096 3639 3221 3693; x_wconf 68' lang='lat' dir='ltr'><strong>quae</strong></span> <span class='ocrx_word' id='word_1_756' title='bbox 3290 3624 3485 3677; x_wconf 87' lang='lat' dir='ltr'><strong>tamen</strong></span> <span class='ocrx_word' id='word_1_757' title='bbox 3562 3635 3664 3690; x_wconf 88' lang='lat' dir='ltr'><strong>per</strong></span> 
     </span>
    </p>
   </div>
   <div class='ocr_carea' id='block_1_99' title="bbox 2012 3711 3660 3784">
    <p class='ocr_par' dir='ltr' id='par_1_99' title="bbox 2012 3711 3660 3784">
     <span class='ocr_line' id='line_1_101' title="bbox 2012 3711 3660 3784; baseline -0.002 -17"><span class='ocrx_word' id='word_1_758' title='bbox 2012 3711 2379 3783; x_wconf 90' lang='lat' dir='ltr'><strong>spiritualem</strong></span> <span class='ocrx_word' id='word_1_759' title='bbox 2437 3711 2754 3768; x_wconf 88' lang='lat' dir='ltr'><strong>clamorem</strong></span> <span class='ocrx_word' id='word_1_760' title='bbox 2829 3715 3277 3784; x_wconf 86' lang='lat' dir='ltr'><strong>cognoscantur,</strong></span> <span class='ocrx_word' id='word_1_761' title='bbox 3338 3726 3441 3781; x_wconf 89' lang='lat' dir='ltr'><strong>per</strong></span> <span class='ocrx_word' id='word_1_762' title='bbox 3488 3724 3660 3780; x_wconf 88' lang='lat' dir='ltr'><strong>quem</strong></span> 
     </span>
    </p>
   </div>
   <div class='ocr_carea' id='block_1_100' title="bbox 2014 3796 3661 3871">
    <p class='ocr_par' dir='ltr' id='par_1_100' title="bbox 2014 3796 3661 3871">
     <span class='ocr_line' id='line_1_102' title="bbox 2014 3796 3661 3871; baseline -0.002 -15"><span class='ocrx_word' id='word_1_763' title='bbox 2014 3802 2167 3856; x_wconf 88' lang='lat' dir='ltr'><strong>Deus</strong></span> <span class='ocrx_word' id='word_1_764' title='bbox 2198 3804 2489 3857; x_wconf 84' lang='lat' dir='ltr'><strong>tacentem</strong></span> <span class='ocrx_word' id='word_1_765' title='bbox 2522 3817 2755 3871; x_wconf 91' lang='lat' dir='ltr'><strong>quoque</strong></span> <span class='ocrx_word' id='word_1_766' title='bbox 2780 3800 3034 3870; x_wconf 88' lang='lat' dir='ltr'><strong>Moysem</strong></span> <span class='ocrx_word' id='word_1_767' title='bbox 3064 3800 3284 3855; x_wconf 86' lang='lat' dir='ltr'><strong>audivit</strong></span> <span class='ocrx_word' id='word_1_768' title='bbox 3316 3816 3329 3866; x_wconf 93' lang='lat'><strong>;</strong></span> <span class='ocrx_word' id='word_1_769' title='bbox 3364 3797 3456 3853; x_wconf 92' lang='lat' dir='ltr'><strong>cui</strong></span> <span class='ocrx_word' id='word_1_770' title='bbox 3486 3796 3661 3853; x_wconf 88' lang='lat' dir='ltr'><strong>etiam</strong></span> 
     </span>
    </p>
   </div>
   <div class='ocr_carea' id='block_1_101' title="bbox 2016 3886 3670 3959">
    <p class='ocr_par' dir='ltr' id='par_1_101' title="bbox 2016 3886 3670 3959">
     <span class='ocr_line' id='line_1_103' title="bbox 2016 3886 3670 3959; baseline -0.001 -16"><span class='ocrx_word' id='word_1_771' title='bbox 2016 3889 2136 3945; x_wconf 80' lang='lat' dir='ltr'><strong>sola</strong></span> <span class='ocrx_word' id='word_1_772' title='bbox 2194 3894 2384 3943; x_wconf 90' lang='lat' dir='ltr'><strong>mente</strong></span> <span class='ocrx_word' id='word_1_773' title='bbox 2432 3888 2786 3959; x_wconf 89' lang='lat' dir='ltr'><strong>colloquenti</strong></span> <span class='ocrx_word' id='word_1_774' title='bbox 2843 3888 3067 3943; x_wconf 89' lang='lat' dir='ltr'><strong>dictum</strong></span> <span class='ocrx_word' id='word_1_775' title='bbox 3117 3892 3238 3955; x_wconf 87' lang='lat' dir='ltr'><strong>est;</strong></span> <span class='ocrx_word' id='word_1_776' title='bbox 3275 3888 3419 3955; x_wconf 79' lang='lat' dir='ltr'><strong>Quid</strong></span> <span class='ocrx_word' id='word_1_777' title='bbox 3462 3886 3535 3941; x_wconf 89' lang='lat' dir='ltr'><strong>ad</strong></span> <span class='ocrx_word' id='word_1_778' title='bbox 3582 3900 3670 3942; x_wconf 75' lang='lat' dir='ltr'><strong>ma</strong></span> 
     </span>
    </p>
   </div>
   <div class='ocr_carea' id='block_1_102' title="bbox 2015 3975 3666 4048">
    <p class='ocr_par' dir='ltr' id='par_1_102' title="bbox 2015 3975 3666 4048">
     <span class='ocr_line' id='line_1_104' title="bbox 2015 3975 3666 4048; baseline -0.002 -16"><span class='ocrx_word' id='word_1_779' title='bbox 2015 3978 2219 4032; x_wconf 79' lang='lat' dir='ltr'><strong>clamas</strong></span> <span class='ocrx_word' id='word_1_780' title='bbox 2250 3976 2341 4029; x_wconf 62' lang='lat'><strong>9‘?</strong></span> <span class='ocrx_word' id='word_1_781' title='bbox 2370 3976 2537 4030; x_wconf 87' lang='lat' dir='ltr'><strong>Hunc</strong></span> <span class='ocrx_word' id='word_1_782' title='bbox 2569 3976 2848 4048; x_wconf 90' lang='lat' dir='ltr'><strong>populum</strong></span> <span class='ocrx_word' id='word_1_783' title='bbox 2884 3976 3027 4031; x_wconf 90' lang='lat' dir='ltr'><strong>mihi</strong></span> <span class='ocrx_word' id='word_1_784' title='bbox 3083 3990 3387 4047; x_wconf 88' lang='lat' dir='ltr'><strong>compone,</strong></span> <span class='ocrx_word' id='word_1_785' title='bbox 3420 3975 3528 4031; x_wconf 92' lang='lat' dir='ltr'><strong>hoc</strong></span> <span class='ocrx_word' id='word_1_786' title='bbox 3558 3978 3666 4046; x_wconf 89' lang='lat' dir='ltr'><strong>est,</strong></span> 
     </span>
    </p>
   </div>
   <div class='ocr_carea' id='block_1_103' title="bbox 2018 4064 3669 4137">
    <p class='ocr_par' dir='ltr' id='par_1_103' title="bbox 2018 4064 3669 4137">
     <span class='ocr_line' id='line_1_105' title="bbox 2018 4064 3669 4137; baseline -0.001 -16"><span class='ocrx_word' id='word_1_787' title='bbox 2018 4066 2257 4121; x_wconf 92' lang='lat' dir='ltr'><strong>alumno</strong></span> <span class='ocrx_word' id='word_1_788' title='bbox 2278 4064 2605 4135; x_wconf 66' lang='lat' dir='ltr'><strong>disciplinae</strong></span> <span class='ocrx_word' id='word_1_789' title='bbox 2634 4070 2767 4133; x_wconf 74' lang='lat' dir='ltr'><strong>tuae,</strong></span> <span class='ocrx_word' id='word_1_790' title='bbox 2803 4067 3014 4122; x_wconf 84' lang='lat' dir='ltr'><strong>deinde</strong></span> <span class='ocrx_word' id='word_1_791' title='bbox 3034 4066 3441 4137; x_wconf 89' lang='lat' dir='ltr'><strong>pastori,nunc</strong></span> <span class='ocrx_word' id='word_1_792' title='bbox 3472 4069 3669 4121; x_wconf 87' lang='lat' dir='ltr'><strong>autem</strong></span> 
     </span>
    </p>
   </div>
   <div class='ocr_carea' id='block_1_104' title="bbox 2021 4152 3673 4226">
    <p class='ocr_par' dir='ltr' id='par_1_104' title="bbox 2021 4152 3673 4226">
     <span class='ocr_line' id='line_1_106' title="bbox 2021 4152 3673 4226; baseline 0 -17"><span class='ocrx_word' id='word_1_793' title='bbox 2021 4158 2323 4226; x_wconf 89' lang='lat' dir='ltr'><strong>pastorum</strong></span> <span class='ocrx_word' id='word_1_794' title='bbox 2354 4170 2586 4225; x_wconf 89' lang='lat' dir='ltr'><strong>quoque</strong></span> <span class='ocrx_word' id='word_1_795' title='bbox 2609 4154 2884 4225; x_wconf 89' lang='lat' dir='ltr'><strong>principi.</strong></span> <span class='ocrx_word' id='word_1_796' title='bbox 2935 4158 3020 4210; x_wconf 83' lang='lat' dir='ltr'><strong>Me</strong></span> <span class='ocrx_word' id='word_1_797' title='bbox 3051 4155 3122 4209; x_wconf 93' lang='lat' dir='ltr'><strong>de</strong></span> <span class='ocrx_word' id='word_1_798' title='bbox 3173 4153 3452 4225; x_wconf 90' lang='lat' dir='ltr'><strong>pascendi</strong></span> <span class='ocrx_word' id='word_1_799' title='bbox 3482 4152 3673 4225; x_wconf 86' lang='lat' dir='ltr'><strong>gregis</strong></span> 
     </span>
    </p>
   </div>
   <div class='ocr_carea' id='block_1_105' title="bbox 2020 4241 3672 4313">
    <p class='ocr_par' dir='ltr' id='par_1_105' title="bbox 2020 4241 3672 4313">
     <span class='ocr_line' id='line_1_107' title="bbox 2020 4241 3672 4313; baseline 0 -16"><span class='ocrx_word' id='word_1_800' title='bbox 2020 4243 2263 4310; x_wconf 86' lang='lat' dir='ltr'><strong>ratione,</strong></span> <span class='ocrx_word' id='word_1_801' title='bbox 2302 4241 2583 4313; x_wconf 91' lang='lat' dir='ltr'><strong>populum</strong></span> <span class='ocrx_word' id='word_1_802' title='bbox 2617 4242 2773 4297; x_wconf 90' lang='lat' dir='ltr'><strong>hunc</strong></span> <span class='ocrx_word' id='word_1_803' title='bbox 2792 4244 2862 4298; x_wconf 91' lang='lat' dir='ltr'><strong>de</strong></span> <span class='ocrx_word' id='word_1_804' title='bbox 2892 4242 3225 4299; x_wconf 85' lang='lat' dir='ltr'><strong>obedientia</strong></span> <span class='ocrx_word' id='word_1_805' title='bbox 3256 4242 3478 4313; x_wconf 83' lang='lat' dir='ltr'><strong>aliquid</strong></span> <span class='ocrx_word' id='word_1_806' title='bbox 3511 4242 3672 4298; x_wconf 86' lang='lat' dir='ltr'><strong>doce:</strong></span> 
     </span>
    </p>
   </div>
   <div class='ocr_carea' id='block_1_106' title="bbox 2022 4332 3675 4405">
    <p class='ocr_par' dir='ltr' id='par_1_106' title="bbox 2022 4332 3675 4405">
     <span class='ocr_line' id='line_1_108' title="bbox 2022 4332 3675 4405; baseline 0 -18"><span class='ocrx_word' id='word_1_807' title='bbox 2022 4332 2324 4403; x_wconf 89' lang='lat' dir='ltr'><strong>quidpiam</strong></span> <span class='ocrx_word' id='word_1_808' title='bbox 2357 4333 2427 4387; x_wconf 90' lang='lat' dir='ltr'><strong>de</strong></span> <span class='ocrx_word' id='word_1_809' title='bbox 2453 4332 2722 4403; x_wconf 64' lang='lat' dir='ltr'><strong>presenti</strong></span> <span class='ocrx_word' id='word_1_810' title='bbox 2748 4332 2920 4404; x_wconf 88' lang='lat' dir='ltr'><strong>plaga</strong></span> <span class='ocrx_word' id='word_1_811' title='bbox 2948 4332 3384 4405; x_wconf 81' lang='lat' dir='ltr'><strong>philosophers,</strong></span> <span class='ocrx_word' id='word_1_812' title='bbox 3418 4333 3571 4390; x_wconf 66' lang='grc' dir='ltr'>ειη</span> <span class='ocrx_word' id='word_1_813' title='bbox 3603 4332 3675 4388; x_wconf 88' lang='lat' dir='ltr'><strong>de</strong></span> 
     </span>
    </p>
   </div>
   <div class='ocr_carea' id='block_1_107' title="bbox 2022 4420 3672 4494">
    <p class='ocr_par' dir='ltr' id='par_1_107' title="bbox 2022 4420 3672 4494">
     <span class='ocr_line' id='line_1_109' title="bbox 2022 4420 3672 4494; baseline 0.001 -18"><span class='ocrx_word' id='word_1_814' title='bbox 2022 4420 2197 4490; x_wconf 82' lang='lat' dir='ltr'><strong>iustis</strong></span> <span class='ocrx_word' id='word_1_815' title='bbox 2228 4420 2328 4476; x_wconf 90' lang='lat' dir='ltr'><strong>Dei</strong></span> <span class='ocrx_word' id='word_1_816' title='bbox 2350 4420 2630 4491; x_wconf 88' lang='lat' dir='ltr'><strong>judiciis;</strong></span> <span class='ocrx_word' id='word_1_817' title='bbox 2664 4421 2785 4477; x_wconf 87' lang='lat' dir='ltr'><strong>sive</strong></span> <span class='ocrx_word' id='word_1_818' title='bbox 2828 4437 2933 4478; x_wconf 90' lang='lat' dir='ltr'><strong>nos</strong></span> <span class='ocrx_word' id='word_1_819' title='bbox 2985 4437 3052 4477; x_wconf 89' lang='lat' dir='ltr'><strong>ea</strong></span> <span class='ocrx_word' id='word_1_820' title='bbox 3082 4421 3672 4494; x_wconf 88' lang='lat' dir='ltr'><strong>comprehendamus,</strong></span> 
     </span>
    </p>
   </div>
   <div class='ocr_carea' id='block_1_108' title="bbox 2060 4545 3675 4617">
    <p class='ocr_par' dir='ltr' id='par_1_108' title="bbox 2060 4545 3675 4617">
     <span class='ocr_line' id='line_1_110' title="bbox 2060 4545 3675 4617; baseline 0.003 -16"><span class='ocrx_word' id='word_1_821' title='bbox 2060 4547 2153 4601; x_wconf 89' lang='lat'><strong>31.</strong></span> <span class='ocrx_word' id='word_1_822' title='bbox 2209 4545 2457 4602; x_wconf 77' lang='lat' dir='ltr'><strong>°°Eccli.</strong></span> <span class='ocrx_word' id='word_1_823' title='bbox 2511 4563 2588 4617; x_wconf 77' lang='lat' dir='ltr'><strong>x1,</strong></span> <span class='ocrx_word' id='word_1_824' title='bbox 2647 4547 2736 4600; x_wconf 89' lang='lat'><strong>31.</strong></span> <span class='ocrx_word' id='word_1_825' title='bbox 2796 4547 2839 4582; x_wconf 74' lang='grc' dir='ltr'><strong>οι</strong></span> <span class='ocrx_word' id='word_1_826' title='bbox 2892 4551 3058 4604; x_wconf 88' lang='lat' dir='ltr'><strong>Prov.</strong></span> <span class='ocrx_word' id='word_1_827' title='bbox 3119 4564 3297 4617; x_wconf 81' lang='lat' dir='ltr'><strong>xxvn,</strong></span> <span class='ocrx_word' id='word_1_828' title='bbox 3355 4548 3405 4603; x_wconf 90' lang='lat'><strong>1.</strong></span> <span class='ocrx_word' id='word_1_829' title='bbox 3465 4546 3509 4581; x_wconf 83' lang='grc'><strong>⁹²</strong></span> <span class='ocrx_word' id='word_1_830' title='bbox 3558 4548 3675 4606; x_wconf 88' lang='lat' dir='ltr'><strong>Isa.</strong></span> 
     </span>
    </p>
   </div>
   <div class='ocr_carea' id='block_1_109' title="bbox 2024 4776 2334 4847">
    <p class='ocr_par' dir='ltr' id='par_1_109' title="bbox 2024 4776 2334 4847">
     <span class='ocr_line' id='line_1_111' title="bbox 2024 4776 2334 4847; baseline 0.003 -17"><span class='ocrx_word' id='word_1_831' title='bbox 2024 4776 2334 4847; x_wconf 76' lang='grc' dir='ltr'>ἑξάκουστα.</span> 
     </span>
    </p>
   </div>
   <div class='ocr_carea' id='block_1_110' title="bbox 2097 4845 3677 4923">
    <p class='ocr_par' dir='ltr' id='par_1_110' title="bbox 2097 4845 3677 4923">
     <span class='ocr_line' id='line_1_112' title="bbox 2097 4845 3677 4923; baseline 0.003 -20"><span class='ocrx_word' id='word_1_832' title='bbox 2097 4852 2174 4921; x_wconf 88' lang='lat'><strong>(8)</strong></span> <span class='ocrx_word' id='word_1_833' title='bbox 2204 4852 2335 4921; x_wconf 78' lang='grc' dir='ltr'><strong>Βοῇ.</strong></span> <span class='ocrx_word' id='word_1_834' title='bbox 2367 4848 2538 4904; x_wconf 90' lang='lat' dir='ltr'><strong>Coisl.</strong></span> <span class='ocrx_word' id='word_1_835' title='bbox 2597 4852 2653 4921; x_wconf 90' lang='lat'><strong>2,</strong></span> <span class='ocrx_word' id='word_1_836' title='bbox 2714 4845 2838 4923; x_wconf 78' lang='grc' dir='ltr'><strong>ῥοῇ,</strong></span> <span class='ocrx_word' id='word_1_837' title='bbox 2899 4869 2922 4899; x_wconf 74' lang='grc' dir='ltr'><strong>ε</strong></span> <span class='ocrx_word' id='word_1_838' title='bbox 2971 4866 3075 4922; x_wconf 91' lang='lat' dir='ltr'><strong>per</strong></span> <span class='ocrx_word' id='word_1_839' title='bbox 3130 4849 3436 4922; x_wconf 91' lang='lat' dir='ltr'><strong>spirituale</strong></span> <span class='ocrx_word' id='word_1_840' title='bbox 3488 4849 3677 4907; x_wconf 85' lang='lat' dir='ltr'><strong>ﬂuen-</strong></span> 
     </span>
    </p>
   </div>
   <div class='ocr_carea' id='block_1_111' title="bbox 2026 4925 2225 4977">
    <p class='ocr_par' dir='ltr' id='par_1_111' title="bbox 2026 4925 2225 4977">
     <span class='ocr_line' id='line_1_113' title="bbox 2026 4925 2225 4977; baseline -0.035 0"><span class='ocrx_word' id='word_1_841' title='bbox 2026 4925 2175 4977; x_wconf 89' lang='lat' dir='ltr'><strong>tum.</strong></span> <span class='ocrx_word' id='word_1_842' title='bbox 2204 4944 2225 4970; x_wconf 77' lang='grc' dir='ltr'>ιο</span> 
     </span>
    </p>
   </div>
   <div class='ocr_carea' id='block_1_112' title="bbox 2118 4987 3472 5064">
    <p class='ocr_par' dir='ltr' id='par_1_112' title="bbox 2118 4987 3472 5064">
     <span class='ocr_line' id='line_1_114' title="bbox 2118 4987 3472 5064; baseline 0.003 -19"><span class='ocrx_word' id='word_1_843' title='bbox 2118 4994 2175 5064; x_wconf 88' lang='lat'>9)</span> <span class='ocrx_word' id='word_1_844' title='bbox 2206 4990 2443 5064; x_wconf 72' lang='grc' dir='ltr'>Μωσέως</span> <span class='ocrx_word' id='word_1_845' title='bbox 2470 4987 2630 5064; x_wconf 27' lang='grc' dir='ltr'><strong>ΑΘεός.</strong></span> <span class='ocrx_word' id='word_1_846' title='bbox 2658 4990 2794 5064; x_wconf 65' lang='lat' dir='ltr'><strong>Reg.</strong></span> <span class='ocrx_word' id='word_1_847' title='bbox 2828 4991 2927 5063; x_wconf 87' lang='lat' dir='ltr'><strong>ph,</strong></span> <span class='ocrx_word' id='word_1_848' title='bbox 2960 4991 2988 5045; x_wconf 85' lang='grc' dir='ltr'>ὁ</span> <span class='ocrx_word' id='word_1_849' title='bbox 3021 4989 3149 5053; x_wconf 84' lang='grc' dir='ltr'>Θεὸς</span> <span class='ocrx_word' id='word_1_850' title='bbox 3173 4991 3472 5064; x_wconf 59' lang='grc' dir='ltr'><strong>ΔΜωίὶσὶως.</strong></span> 
     </span>
    </p>
   </div>
   <div class='ocr_carea' id='block_1_113' title="bbox 2125 5060 3201 5139">
    <p class='ocr_par' dir='ltr' id='par_1_113' title="bbox 2125 5060 3201 5139">
     <span class='ocr_line' id='line_1_115' title="bbox 2125 5060 3201 5139; baseline 0.007 -23"><span class='ocrx_word' id='word_1_851' title='bbox 2246 5062 2389 5139; x_wconf 67' lang='grc' dir='ltr'>Πρὸς</span> <span class='ocrx_word' id='word_1_852' title='bbox 2422 5060 2505 5139; x_wconf 64' lang='grc' dir='ltr'>μᾷ.</span> <span class='ocrx_word' id='word_1_853' title='bbox 2538 5061 2710 5139; x_wconf 66' lang='lat' dir='ltr'><strong>quis].</strong></span> <span class='ocrx_word' id='word_1_854' title='bbox 2746 5060 2801 5130; x_wconf 89' lang='lat'><strong>1,</strong></span> <span class='ocrx_word' id='word_1_855' title='bbox 2829 5060 3015 5139; x_wconf 59' lang='lat' dir='ltr'><strong>addit,</strong></span> <span class='ocrx_word' id='word_1_856' title='bbox 3050 5061 3201 5139; x_wconf 76' lang='grc' dir='ltr'>φησί.</span> 
     </span>
    </p>
   </div>
   <div class='ocr_carea' id='block_1_114' title="bbox 2126 5131 3271 5205">
    <p class='ocr_par' dir='ltr' id='par_1_114' title="bbox 2126 5131 3271 5205">
     <span class='ocr_line' id='line_1_116' title="bbox 2126 5131 3271 5205; baseline 0.003 -16"><span class='ocrx_word' id='word_1_857' title='bbox 2126 5131 2210 5205; x_wconf 79' lang='grc'><strong>11)</strong></span> <span class='ocrx_word' id='word_1_858' title='bbox 2241 5131 2338 5188; x_wconf 78' lang='grc' dir='ltr'>Τὸν</span> <span class='ocrx_word' id='word_1_859' title='bbox 2373 5131 2523 5205; x_wconf 79' lang='grc' dir='ltr'>λαόν.</span> <span class='ocrx_word' id='word_1_860' title='bbox 2554 5136 2809 5205; x_wconf 82' lang='lat' dir='ltr'><strong>Montac.</strong></span> <span class='ocrx_word' id='word_1_861' title='bbox 2845 5131 3027 5201; x_wconf 81' lang='lat' dir='ltr'><strong>addit,</strong></span> <span class='ocrx_word' id='word_1_862' title='bbox 3058 5131 3271 5192; x_wconf 77' lang='grc' dir='ltr'>τοῦτον.</span> 
     </span>
    </p>
   </div>
   <div class='ocr_carea' id='block_1_115' title="bbox 2103 5203 3673 5282">
    <p class='ocr_par' dir='ltr' id='par_1_115' title="bbox 2103 5203 3673 5282">
     <span class='ocr_line' id='line_1_117' title="bbox 2103 5203 3673 5282; baseline 0.003 -23"><span class='ocrx_word' id='word_1_863' title='bbox 2245 5210 2346 5259; x_wconf 78' lang='grc' dir='ltr'><strong>Νῦν</strong></span> <span class='ocrx_word' id='word_1_864' title='bbox 2382 5203 2566 5282; x_wconf 39' lang='grc' dir='ltr'><strong>δὲ-καί</strong></span> <span class='ocrx_word' id='word_1_865' title='bbox 2600 5204 2974 5282; x_wconf 61' lang='grc' dir='ltr'>ἀρχιποιμίξνι.</span> <span class='ocrx_word' id='word_1_866' title='bbox 3008 5207 3102 5263; x_wconf 91' lang='lat' dir='ltr'><strong>Sic</strong></span> <span class='ocrx_word' id='word_1_867' title='bbox 3133 5208 3369 5282; x_wconf 82' lang='lat' dir='ltr'><strong>exponit</strong></span> <span class='ocrx_word' id='word_1_868' title='bbox 3397 5205 3630 5265; x_wconf 90' lang='lat' dir='ltr'><strong>Nicetas</strong></span> <span class='ocrx_word' id='word_1_869' title='bbox 3659 5219 3673 5264; x_wconf 74' lang='grc' dir='ltr'><strong>ε</strong></span> 
     </span>
    </p>
   </div>
   <div class='ocr_carea' id='block_1_116' title="bbox 2032 5278 3679 5351">
    <p class='ocr_par' dir='ltr' id='par_1_116' title="bbox 2032 5278 3679 5351">
     <span class='ocr_line' id='line_1_118' title="bbox 2032 5278 3679 5351; baseline 0.004 -21"><span class='ocrx_word' id='word_1_870' title='bbox 2032 5300 2060 5351; x_wconf 65' lang='grc' dir='ltr'>(ι</span> <span class='ocrx_word' id='word_1_871' title='bbox 2121 5278 2203 5332; x_wconf 77' lang='lat' dir='ltr'><strong>Ex</strong></span> <span class='ocrx_word' id='word_1_872' title='bbox 2268 5279 2568 5351; x_wconf 87' lang='lat' dir='ltr'><strong>sacerdote</strong></span> <span class='ocrx_word' id='word_1_873' title='bbox 2624 5278 2750 5349; x_wconf 84' lang='lat' dir='ltr'><strong>jam</strong></span> <span class='ocrx_word' id='word_1_874' title='bbox 2815 5279 3153 5351; x_wconf 85' lang='lat' dir='ltr'><strong>episcOpus,</strong></span> <span class='ocrx_word' id='word_1_875' title='bbox 3205 5278 3280 5337; x_wconf 57' lang='lat' dir='ltr'><strong>&#39;et</strong></span> <span class='ocrx_word' id='word_1_876' title='bbox 3344 5285 3445 5335; x_wconf 91' lang='lat' dir='ltr'><strong>tuo</strong></span> <span class='ocrx_word' id='word_1_877' title='bbox 3510 5282 3679 5351; x_wconf 85' lang='lat' dir='ltr'><strong>iussu</strong></span> 
     </span>
    </p>
   </div>
   <div class='ocr_carea' id='block_1_117' title="bbox 2034 5349 3680 5432">
    <p class='ocr_par' dir='ltr' id='par_1_117' title="bbox 2034 5349 3680 5432">
     <span class='ocr_line' id='line_1_119' title="bbox 2034 5349 3680 5432; baseline 0.003 -30"><span class='ocrx_word' id='word_1_878' title='bbox 2034 5349 2454 5432; x_wconf 70' lang='grc' dir='ltr'>ἀρχιερατεύων,</span> <span class='ocrx_word' id='word_1_879' title='bbox 2478 5366 2750 5406; x_wconf 90' lang='lat' dir='ltr'><strong>summus</strong></span> <span class='ocrx_word' id='word_1_880' title='bbox 2780 5349 3050 5407; x_wconf 76' lang='lat' dir='ltr'><strong>sacerdos</strong></span> <span class='ocrx_word' id='word_1_881' title='bbox 3084 5352 3455 5410; x_wconf 75' lang='lat' dir='ltr'><strong>Nazianzene:</strong></span> <span class='ocrx_word' id='word_1_882' title='bbox 3486 5349 3680 5408; x_wconf 89' lang='lat' dir='ltr'><strong>Eccle-</strong></span> 
     </span>
    </p>
   </div>
   <div class='ocr_carea' id='block_1_118' title="bbox 2034 5439 2209 5478">
    <p class='ocr_par' dir='ltr' id='par_1_118' title="bbox 2034 5439 2209 5478">
     <span class='ocr_line' id='line_1_120' title="bbox 2034 5439 2209 5478; baseline -0.029 0"><span class='ocrx_word' id='word_1_883' title='bbox 2034 5439 2153 5478; x_wconf 69' lang='lat' dir='ltr'><strong>SIEB.</strong></span> <span class='ocrx_word' id='word_1_884' title='bbox 2182 5444 2209 5470; x_wconf 70' lang='grc' dir='ltr'>θ)</span> 
     </span>
    </p>
   </div>
   <div class='ocr_carea' id='block_1_119' title="bbox 2038 5490 3683 5619">
    <p class='ocr_par' dir='ltr' id='par_1_119' title="bbox 2038 5490 3683 5619">
     <span class='ocr_line' id='line_1_121' title="bbox 2038 5490 3683 5619; baseline 0 -72"><span class='ocrx_word' id='word_1_885' title='bbox 2038 5566 2049 5576; x_wconf 44' lang='lat'><strong>&#39;</strong></span> <span class='ocrx_word' id='word_1_886' title='bbox 2105 5494 2214 5619; x_wconf 61' lang='lat' dir='ltr'>(lg)</span> <span class='ocrx_word' id='word_1_887' title='bbox 2249 5492 2531 5565; x_wconf 80' lang='grc' dir='ltr'>Παρούσης</span> <span class='ocrx_word' id='word_1_888' title='bbox 2559 5514 2610 5547; x_wconf 87' lang='grc' dir='ltr'><strong>τι</strong></span> <span class='ocrx_word' id='word_1_889' title='bbox 2642 5490 2883 5567; x_wconf 79' lang='grc' dir='ltr'>πληγῆς.</span> <span class='ocrx_word' id='word_1_890' title='bbox 2914 5495 3008 5552; x_wconf 77' lang='lat' dir='ltr'><strong>Sic</strong></span> <span class='ocrx_word' id='word_1_891' title='bbox 3049 5496 3227 5569; x_wconf 81' lang='lat' dir='ltr'><strong>Regg.</strong></span> <span class='ocrx_word' id='word_1_892' title='bbox 3263 5513 3315 5566; x_wconf 80' lang='lat'><strong>8.,</strong></span> <span class='ocrx_word' id='word_1_893' title='bbox 3348 5512 3399 5552; x_wconf 92' lang='lat' dir='ltr'><strong>c.</strong></span> <span class='ocrx_word' id='word_1_894' title='bbox 3432 5496 3603 5553; x_wconf 89' lang='lat' dir='ltr'><strong>Deest</strong></span> <span class='ocrx_word' id='word_1_895' title='bbox 3630 5513 3683 5549; x_wconf 91' lang='grc' dir='ltr'><strong>τι</strong></span> 
     </span>
     <span class='ocr_line' id='line_1_122' title="bbox 2038 5582 2215 5619; baseline -0.006 0"><span class='ocrx_word' id='word_1_896' title='bbox 2038 5582 2095 5619; x_wconf 84' lang='lat' dir='ltr'><strong>1n</strong></span> <span class='ocrx_word' id='word_1_897' title='bbox 2124 5582 2153 5619; x_wconf 89' lang='lat' dir='ltr'><strong>e</strong></span> <span class='ocrx_word' id='word_1_898' title='bbox 2204 5606 2215 5618; x_wconf 92' lang='lat'><strong>.</strong></span> 
     </span>
    </p>
   </div>
   <div class='ocr_carea' id='block_1_120' title="bbox 2035 5582 2215 5619">
    <p class='ocr_par' dir='ltr' id='par_1_120' title="bbox 2035 5582 2215 5619">
     <span class='ocr_line' id='line_1_123' title="bbox 2035 5582 2215 5619; baseline -0.006 0"><span class='ocrx_word' id='word_1_899' title='bbox 2035 5582 2095 5619; x_wconf 81' lang='lat' dir='ltr'><strong>II]</strong></span> <span class='ocrx_word' id='word_1_900' title='bbox 2124 5582 2215 5619; x_wconf 77' lang='grc' dir='ltr'>θα.</span> 
     </span>
    </p>
   </div>
   <div class='ocr_carea' id='block_1_121' title="bbox 2106 5634 3687 5714">
    <p class='ocr_par' dir='ltr' id='par_1_121' title="bbox 2106 5634 3687 5714">
     <span class='ocr_line' id='line_1_124' title="bbox 2106 5634 3687 5714; baseline 0.001 -23"><span class='ocrx_word' id='word_1_901' title='bbox 2106 5637 2220 5714; x_wconf 38' lang='grc'>(1.4)</span> <span class='ocrx_word' id='word_1_902' title='bbox 2265 5634 2367 5714; x_wconf 18' lang='grc' dir='ltr'><strong>Ἐἰς</strong></span> <span class='ocrx_word' id='word_1_903' title='bbox 2422 5636 2716 5712; x_wconf 81' lang='grc' dir='ltr'>σταθμούς.</span> <span class='ocrx_word' id='word_1_904' title='bbox 2776 5636 2952 5696; x_wconf 79' lang='lat' dir='ltr'><strong>Coisl.</strong></span> <span class='ocrx_word' id='word_1_905' title='bbox 3008 5640 3060 5707; x_wconf 84' lang='lat'><strong>1,</strong></span> <span class='ocrx_word' id='word_1_906' title='bbox 3120 5636 3171 5694; x_wconf 69' lang='grc' dir='ltr'>ἰν</span> <span class='ocrx_word' id='word_1_907' title='bbox 3242 5642 3534 5714; x_wconf 81' lang='grc' dir='ltr'>σταθμοῖς,</span> <span class='ocrx_word' id='word_1_908' title='bbox 3594 5634 3687 5694; x_wconf 88' lang='grc' dir='ltr'><strong>καὶ</strong></span> 
     </span>
    </p>
   </div>
   <div class='ocr_carea' id='block_1_122' title="bbox 2034 5706 2334 5781">
    <p class='ocr_par' dir='ltr' id='par_1_122' title="bbox 2034 5706 2334 5781">
     <span class='ocr_line' id='line_1_125' title="bbox 2034 5706 2334 5781; baseline 0.01 -18"><span class='ocrx_word' id='word_1_909' title='bbox 2034 5706 2193 5781; x_wconf 81' lang='grc' dir='ltr'>κατά,</span> <span class='ocrx_word' id='word_1_910' title='bbox 2223 5712 2334 5765; x_wconf 89' lang='lat' dir='ltr'><strong>etc.</strong></span> 
     </span>
    </p>
   </div>
   <div class='ocr_carea' id='block_1_123' title="bbox 3292 5840 3372 5904">
    <p class='ocr_par' dir='ltr' id='par_1_123' title="bbox 3292 5840 3372 5904">
     <span class='ocr_line' id='line_1_126' title="bbox 3292 5840 3372 5904; baseline 0 0"><span class='ocrx_word' id='word_1_911' title='bbox 3292 5840 3372 5904; x_wconf 79' lang='lat'><strong>30</strong></span> 
     </span>
    </p>
   </div>
  </div>
