4094 6288
387 386 505 448 939

1631 386 1696 449 S.
1746 380 2120 447 GREGOHII
2162 380 2559 444 THEOLOGI

3675 380 3781 443 940

389 522 509 578 sive
538 521 834 593 ingentem
882 535 1084 576 eorum
1134 521 1410 593 abyssum
1465 520 1824 592 ignoremus.
1882 520 2022 575 Doce

2143 516 2277 569 κατά
2326 512 2418 569 τὸν
2479 514 2629 589 ἅγιον
2690 509 2909 569 Ἠσαίαν
2963 508 3113 587 (οὐδὶ
3152 514 3251 588 γάρ
3290 513 3352 567 τὸ
3400 512 3595 589 ἀγαθὸν
3644 512 3782 590 ἄκρι-

388 611 679 683 quomodo
710 615 766 666 et
812 610 1234 678 misericordia,
1299 617 1363 666 ut
1413 615 1503 666 est
1550 611 1705 683 apud
1763 614 2037 665 sanctum

387 700 623 769 Isaiam,
656 701 728 756 ad
760 700 972 756 libram
1030 702 1395 772 expendatur
1424 702 1467 736 ⁹⁵
1518 702 1724 772 (neque
1763 699 1919 755 enim
1953 698 2037 753 in-

387 790 638 847 discreta
656 790 888 846 bonitas
920 794 1027 860 est,
1059 790 1195 845 licet
1224 791 1296 846 iis
1344 790 1514 846 aliter
1561 790 1754 846 visum
1804 790 1901 856 sit,
1933 788 2035 859 qui

386 881 612 952 priores
636 880 697 934 in
718 880 888 935 vinea
914 880 1255 935 laborarunt
1277 881 1339 947 9⁸,
1381 897 1485 935 nec
1524 880 1584 933 in
1617 878 1901 934 mercedis
1928 894 2035 948 pa-

386 969 623 1040 rilitate,
684 969 970 1040 imparem
1029 968 1333 1025 laborandi
1384 968 1671 1024 rationem
1730 966 2035 1022 intellexe-

387 1062 570 1127 runt),
601 1063 657 1114 et
709 1059 1002 1130 quomodo
1038 1059 1145 1124 ira,
1204 1076 1329 1129 quae
1388 1058 1717 1130 appellatur
1771 1055 1921 1112 calix
1973 1055 2031 1109 in

388 1163 567 1203 manu
596 1145 826 1202 Domini
849 1149 889 1183 97
916 1173 929 1215 ;
961 1152 1036 1215 et,
1096 1146 1246 1203 calix
1275 1148 1456 1202 ruinis
1508 1147 1609 1219 qui
1663 1146 1921 1201 ebibitur
1966 1144 2031 1212 99,

383 1236 636 1307 peccatis
666 1236 1039 1308 proportione
1085 1238 1452 1308 respondeat,
1486 1236 1723 1291 tametsi
1754 1234 2031 1290 omnibus

385 1325 456 1379 de
489 1326 707 1381 meritae
738 1343 921 1397 poenae
952 1326 1251 1381 atrocitate
1283 1325 1505 1396 aliquid
1537 1325 1825 1391 detrahat,
1857 1330 2030 1395 atque

384 1414 481 1471 irae
504 1431 803 1472 meracum
828 1415 1187 1486 benignitate
1217 1419 1503 1486 temperet
1534 1432 1548 1482 ;
1580 1416 1663 1469 ita
1712 1419 1776 1469 ut
1829 1431 1897 1469 ex
1943 1430 2029 1469 se-

378 1504 620 1561 veritate
650 1506 722 1561 ad
752 1505 1051 1561 leuitatem
1099 1509 1155 1559 et
1207 1505 1450 1574 gratiam
1483 1503 1554 1559 iis
1610 1503 1870 1570 inclinet,
1925 1502 2025 1573 qui

382 1597 537 1648 metu
573 1593 1000 1662 erudiuntur,et
1025 1608 1092 1649 ex
1112 1610 1289 1663 parva
1317 1591 1649 1649 calamitate
1666 1591 2023 1663 concipiunt,

380 1698 445 1737 ac
476 1698 707 1738 morum
739 1684 1156 1738 correctionem
1200 1683 1553 1753 parturiunt,
1588 1681 2025 1753 perfectumque

378 1769 591 1827 salutis
621 1771 895 1843 spiritum
917 1772 1156 1842 pariunt
1183 1773 1260 1827 πε
1293 1773 1490 1827 faecem
1522 1776 1740 1838 autem,
1772 1770 1881 1825 hoc
1914 1775 2022 1838 est,

377 1860 436 1914 id
469 1861 624 1930 quod
653 1860 711 1914 in
745 1860 830 1915 ira
854 1865 1176 1916 extremum
1209 1866 1316 1926 est,
1340 1865 1615 1927 asservet,
1666 1870 1731 1914 ut
1776 1875 1905 1914 eam
1935 1863 2021 1913 to-

2144 625 2255 672 τον,
2337 603 2381 657 εἲ
2449 603 2537 658 καὶ
2595 607 2710 664 τοῖς
2790 602 2839 657 ἐν
2905 605 2982 673 τῷ
3056 602 3343 677 ἀμπελῶνι
3411 603 3781 677 προκεκμηκό-

2145 714 2226 747 σιν
2289 689 2457 763 ἔδοξε,
2523 693 2597 765 μὴ
2658 697 2880 746 συνιεῖσι
2936 692 3046 765 (15)
3094 692 3157 745 τὸ
3207 689 3259 746 έν
3316 695 3381 764 τῇ
3433 691 3643 759 ἰσότητι
3699 689 3782 747 ἅν-

2150 784 2307 855 ισον),
2368 781 2455 835 καὶ
2533 783 2568 851 ἡ
2644 781 2778 857 ὀργὴ
2855 781 2990 835 κατὰ
3066 779 3227 857 λόγον
3302 785 3410 835 τῶν
3470 783 3783 857 ἁμαρτημά-

2144 892 2269 942 των,
2341 872 2604 946 ποτήριον
2683 869 2735 924 ἐν
2796 871 2942 945 χειρὶ
3000 869 3204 946 Κυρίου
3258 872 3780 947 προσαγορευομένη,

2142 961 2231 1016 καὶ
2258 958 2420 1015 κόνδυ
2451 962 2710 1022 πτώσεως
2741 962 2853 1035 (16)
2878 960 3251 1034 ἐκπινόμενον,
3274 960 3412 1015 εἶκαὶ
3444 967 3603 1016 πᾶσιν
3638 962 3781 1039 ὑφαι-

2145 1051 2313 1126 ρεῖταί
2345 1072 2395 1104 τι
2424 1057 2524 1119 τῆς
2557 1050 2726 1122 ἀξίας,
2759 1050 2847 1104 καὶ
2876 1050 2941 1105 τὸ
2968 1058 3067 1120 τῆς
3100 1051 3266 1126 ὀργῆς
3323 1048 3552 1125 ἄκρατον
3602 1049 3779 1130 φιλαν-

2144 1140 2357 1216 θρωπίᾳ
2404 1140 2672 1215 κίρνησιν·
2724 1138 2927 1194 κλίνων
2983 1140 3076 1213 μὲν
3116 1138 3173 1194 ἐκ
3219 1144 3316 1195 τοῦ
3364 1144 3477 1215 (17)
3509 1140 3780 1213 ἀποτόμου

2140 1230 2275 1301 πρὸς
2305 1228 2367 1283 τὸ
2400 1226 2681 1301 ἐνδόσιμον
2708 1234 2823 1290 τοῖς
2848 1224 3002 1307 φόϐῳ
3021 1226 3463 1302 παιδευομένοις,
3486 1230 3577 1284 καὶ
3597 1235 3709 1292 τοῖς
3728 1229 3780 1285 ἐκ

2136 1325 2235 1387 τῆς
2270 1323 2466 1393 μικρᾶς
2498 1315 2734 1391 θλίψεως
2766 1319 2878 1391 (18)
2909 1312 3353 1392 συλλαμϐάνουσι
3384 1319 3474 1374 καὶ
3503 1316 3777 1375 ὠδίνουσιν

2138 1405 2492 1484 ἐπιστροφὴν,
2525 1405 2612 1461 καὶ
2666 1411 2879 1481 πνεῦμα
2925 1407 3199 1481 σωτηρίας
3228 1404 3436 1463 τέλειον
3467 1407 3781 1464 ἀποτίκτου-

2140 1516 2242 1550 σινο
2278 1496 2566 1569 ὑποτηρῶν
2600 1493 2657 1551 δὲ
2686 1494 2839 1569 ὅμως
2866 1495 3108 1572 τρυγίαν,
3148 1497 3211 1551 τὸ
3255 1504 3356 1566 τῆς
3410 1496 3583 1573 ὀργῆς
3631 1495 3781 1574 ἔσχα-

2136 1608 2251 1660 τον,
2294 1586 2367 1641 ⁸ίν’
2417 1586 2546 1642 ὅλον
2594 1588 2801 1661 κενώσῃ
2842 1593 2957 1649 τοῖς
3012 1589 3087 1660 μή
3118 1589 3571 1663 θεραπευομένοις
3600 1589 3659 1645 έκ
3687 1597 3779 1660 τῆς

2136 1675 2533 1753 χρηστότητος,
2569 1674 2714 1732 ἀλλά
2743 1675 2831 1731 καὶ
2863 1679 2975 1750 (19)
3025 1676 3486 1754 σκληρυνομένοις
3536 1679 3670 1735 κατὰ
3695 1680 3781 1735 τὸν

2139 1762 2497 1842 βαρυκάρδιον
2531 1766 2753 1839 Φαραὼ,
2786 1767 2873 1820 καὶ
2900 1767 3092 1841 πικρὸν
3126 1765 3441 1843 ίργοδότην,
3474 1766 3550 1829 εἷς
3594 1764 3782 1845 δεῖγμα

2131 1856 2488 1928 ταμιευθέντα
2514 1862 2613 1924 τῆς
2646 1859 2741 1909 τοῦ
2772 1859 2905 1909 Θεοῦ
2933 1858 3068 1911 κατὰ
3096 1860 3203 1911 τῶν
3231 1851 3438 1911 ἀσεϐῶν
3484 1854 3775 1930 δυνάμεως.

376 1952 498 2003 tam
539 1949 599 2003 in
633 1948 767 2003 illos
826 1950 1110 2018 effundat,
1170 1952 1269 2020 qui
1322 1949 1680 2020 benignitate
1730 1954 1905 2018 atque
1970 1947 2282 2002 clementia
2335 1946 2578 2001 minime
2627 1951 2928 2016 sanantur,
2988 1947 3104 2001 imo
3163 1946 3338 2002 etiam
3394 1948 3779 2019 obdurantur,

377 2039 876 2108 quemadmodum
916 2038 1013 2093 ille
1069 2038 1261 2093 cordis
1315 2038 1532 2093 duritia
1584 2038 1855 2093 laborans
1904 2037 2176 2101 Pharao‘,
2236 2040 2294 2090 et
2346 2035 2405 2089 in
2461 2034 2734 2105 operibus
2786 2035 3113 2091 indicendis
3148 2036 3436 2104 acerbus”,
3506 2038 3579 2092 ad
3636 2037 3779 2092 divi-

378 2143 464 2181 nas
495 2128 776 2182 adversus
798 2127 1013 2199 impios
1044 2128 1312 2199 potentias
1344 2128 1640 2199 specimen
1662 2128 1953 2182 edendum
1985 2125 2354 2182 reservatus3.

446 2214 513 2269 V.
565 2216 816 2287 Expone,
882 2218 1035 2271 unde
1102 2217 1444 2286 hujusmodi
1504 2216 1687 2288 plagae
1739 2221 1794 2272 et
1850 2217 2022 2288 ﬂagra

2208 2213 2282 2270 E'.
2319 2211 2469 2285 Εἰπὲ,
2500 2213 2658 2269 πόθεν
2691 2213 2745 2266 αἱ
2794 2215 3037 2267 τοιαῦται
3085 2209 3295 2287 πληγαὶ
3338 2212 3428 2266 καὶ
3482 2211 3774 2289 μάστιγις;

318 2326 321 2339 π
376 2303 660 2375 oriantur,
714 2310 770 2359 et
799 2321 928 2375 quae
983 2305 1061 2360 sit
1089 2322 1290 2360 eorum
1344 2306 1488 2361 ratio
1510 2307 1536 2360 ?
1569 2306 1775 2361 Utrum
1807 2305 2021 2360 inordi-

375 2396 548 2447 natus
576 2392 815 2463 quidam
846 2410 911 2447 ac
943 2400 1331 2465 praeposterus
1350 2399 1406 2449 et
1435 2395 1876 2466 gubernationis
1897 2411 2021 2449 om-

373 2481 466 2536 nis
497 2498 701 2553 expers
733 2483 1131 2539 universitatis
1162 2488 1376 2551 motus,
1413 2500 1479 2538 ac
1523 2501 1671 2539 caeca
1701 2483 2019 2551 temeritas,

370 2571 654 2638 tanquam
684 2569 949 2625 videlicet
979 2588 1149 2627 nemo
1176 2575 1252 2626 sit
1282 2573 1381 2643 qui
1418 2574 1593 2627 rebus
1649 2572 2022 2628 moderandis

370 2656 588 2727 praesit,
622 2662 677 2712 et
705 2658 956 2729 denique
978 2676 1151 2715 casus
1181 2660 1301 2715 haec
1359 2662 1525 2731 ferat,
1576 2666 1641 2715 ut
1697 2661 1885 2732 placet
1914 2660 2017 2716 ho-

371 2746 633 2801 minibus
665 2747 841 2803 stulte
870 2747 1255 2819 sapientibus,
1291 2754 1347 2804 et
1384 2750 1477 2818 iis,
1539 2750 1639 2821 qui
1680 2768 1715 2805 a
1736 2749 2017 2821 praecipiti

371 2839 430 2890 et
460 2836 766 2892 tenebroso
819 2837 1029 2907 spiritu
1078 2841 1296 2893 temere
1346 2839 1613 2893 feruntur
1649 2856 1662 2905 ;
1698 2856 1770 2893 an
1825 2839 2017 2910 potius

372 2923 645 2980 universa
674 2924 795 2980 haec
826 2942 1018 2982 rerum
1066 2926 1270 2995 moles,
1306 2932 1371 2982 ut
1400 2928 1621 2983 ratione
1652 2933 1828 2997 atque
1857 2928 2016 2983 ordi-

371 3027 443 3068 ne
475 3013 732 3084 primum
762 3019 976 3082 creata,
1009 3019 1178 3085 atque
1234 3015 1516 3071 concinne
1544 3020 1602 3071 et
1650 3020 1849 3071 ornate
1882 3021 2021 3071 tem-

372 3106 591 3173 perata,
625 3105 682 3158 et
710 3101 1001 3175 colligata,
1033 3108 1088 3158 et
1118 3109 1275 3159 mota
1298 3108 1405 3174 est,
1438 3103 1593 3160 velut
1638 3104 1689 3161 is
1722 3103 1883 3160 solus
1914 3121 2016 3161 n0-

370 3190 472 3258 vit,
531 3191 632 3262 qui
689 3195 915 3247 motum
973 3191 1194 3259 attulit,
1251 3193 1334 3247 sic
1385 3193 1582 3263 etiam,
1640 3192 2017 3249 Providentiae

370 3278 534 3335 freno
562 3296 692 3335 eam
748 3281 1015 3349 ducente,
1049 3282 1108 3335 in
1149 3281 1444 3337 diversum
1477 3278 1793 3349 moveatur,
1821 3288 1877 3338 et
1905 3282 2018 3338 col-

371 3367 639 3423 locetur?
669 3369 830 3425 Unde
859 3369 1218 3437 sterilitates,
1246 3375 1303 3425 et
1349 3390 1383 3426 a
1440 3372 1627 3427 ventis
1659 3372 1897 3427 invectae
1925 3370 2014 3427 la-

298 3486 299 3489 η
369 3456 494 3522 bes,
527 3460 583 3512 et
611 3458 947 3530 grandines,
980 3475 1236 3529 praesens
1280 3464 1480 3515 nostra
1528 3460 1700 3532 plaga
1721 3465 1779 3516 et
1808 3462 2016 3516 admo-

369 3545 515 3601 nitio
535 3546 563 3600 ‘I
596 3547 752 3602 Unde
781 3547 931 3602 aeris
954 3548 1376 3617 corruptioues,
1401 3549 1742 3616 etmorbi,et
1762 3553 2014 3604 eestuan-
2048 3583 2090 3651 Ε

366 3633 444 3689 tis
475 3638 637 3689 terrae
670 3639 883 3701 motus,
909 3639 963 3689 et
1003 3636 1178 3690 maris
1210 3652 1338 3691 sese
1389 3637 1445 3691 in
1480 3636 1662 3691 altum
1696 3636 2017 3693 attollentia

369 3723 645 3793 impetus,
678 3729 733 3779 et
754 3724 980 3779 caelitus
1009 3724 1121 3779 orti
1153 3729 1403 3781 terrores
1425 3724 1452 3778 ‘I
1483 3730 1817 3796 thuonam
1852 3731 2020 3798 pacto

368 3817 656 3884 creatura,
691 3814 761 3868 ad
823 3813 1134 3869 hominum
1196 3832 1369 3871 usum
1431 3820 1488 3871 et
1544 3817 2022 3872 commoditatem

367 3902 591 3972 effecta,
639 3920 1004 3973 communes,
1049 3904 1314 3976 inquam,
1366 3910 1423 3961 et
1476 3905 1727 3976 aequales
1782 3906 2021 3972 deliciae,

369 3991 448 4045 ad
479 3992 797 4064 impiorum
840 4010 1072 4065 pcsnam
1106 3994 1467 4065 immutetur,
1513 4002 1596 4065 ut,
1623 3994 1836 4065 quibus
1868 3996 2021 4051 302

369 4079 560 4133 ornati
590 4079 807 4148 gratias
844 4097 960 4135 non
993 4080 1243 4152 egimus,
1304 4082 1375 4137 iis
1422 4081 1596 4136 etiam
1654 4082 2013 4151 erudiamur,

370 4171 546 4237 atque
594 4183 662 4221 ex
690 4168 783 4223 his
844 4186 972 4240 quae
1029 4170 1308 4240 patimur,
1361 4170 1681 4241 potentiam
1739 4188 2020 4242 agnosca-

369 4270 523 4323 mus,
580 4258 1056 4328 quandoquidem
1114 4275 1183 4313 ex
1242 4259 1494 4329 acceptis
1544 4260 1845 4315 beneficiis
1890 4277 2018 4315 eam

368 4344 829 4417 haudquaquam
856 4346 1201 4418 agnovimus
1230 4347 1256 4400 ‘P
1286 4348 1547 4409 Quonam
1583 4350 1753 4403 modo
1787 4348 1918 4403 aliis
1948 4351 2019 4404 de

369 4449 548 4489 manu
580 4434 811 4491 Domini
842 4434 1099 4506 duplicia
1115 4439 1353 4507 peccata
1381 4436 1725 4491 tribuuntur
1745 4444 1785 4504 ι,
1811 4454 1875 4492 ac
1891 4437 2017 4493 vitii

368 4538 644 4580 mensura
673 4540 777 4594 per
805 4524 1053 4595 duplum
1109 4524 1407 4597 impletur,
1454 4527 1779 4582 secundum
1834 4542 2012 4598 quam

437 4694 481 4729 95
509 4698 623 4749 Isa.
710 4710 908 4760 xxvm,

2129 2301 2218 2355 καὶ
2249 2300 2331 2363 τίς
2363 2302 2390 2355 ὁ
2420 2303 2542 2375 περὶ
2572 2306 2739 2356 ταῦτα
2765 2299 2974 2376 λόγος,
3025 2300 3257 2373 Πότερον
3309 2300 3519 2371 κίνησίς
3559 2323 3643 2365 τις
3683 2308 3777 2357 τοῦ

2130 2391 2327 2453 παντὸς
2360 2391 2608 2463 ἄτακτος,
2641 2391 2728 2446 καὶ
2760 2390 3075 2463 ἀνώμαλος,
3102 2390 3192 2444 καὶ
3225 2385 3590 2467 ἀκυϐέρνητος
3639 2394 3777 2470 φορά

2127 2500 2186 2534 τε
2216 2479 2303 2533 καὶ
2352 2478 2566 2556 ἀλογία,
2617 2480 2691 2541 ὡς
2741 2477 2958 2541 οὐδενὸς
3004 2484 3121 2542 τοῖς
3170 2478 3316 2534 οὖσιν
3349 2478 3776 2556 ἐπιστατοῦντος,

2129 2568 2218 2622 καὶ
2248 2569 2310 2622 τὸ
2340 2567 2643 2641 αὐτόματον
2688 2573 2856 2623 ταῦτα
2894 2568 3064 2645 φέρει,
3115 2568 3189 2631 ὡς
3240 2565 3389 2622 δοκεῖ
3414 2574 3532 2631 τοῖς
3563 2569 3778 2647 ἀσόφως

2131 2662 2344 2734 σοφοῖς,
2392 2658 2481 2711 καὶ
2531 2663 2647 2719 τοῖς
2696 2656 2814 2727 εἷ’κῆ
2876 2656 3193 2734 φερομένοις
3241 2657 3345 2711 ὑπὸ
3390 2662 3488 2713 τοῦ
3547 2658 3778 2714 ἀτάκτου

2129 2747 2218 2800 καὶ
2276 2751 2546 2801 σκοτεινοῦ
2604 2746 2944 2819 πνεύματος·
3004 2747 3038 2815 ἢ
3092 2743 3245 2822 λόγῳ
3299 2747 3407 2800 τινὶ
3463 2747 3553 2801 καὶ
3610 2750 3776 2822 τάξει,

2131 2833 2309 2911 ὥσπερ
2344 2835 2543 2904 ὑπέστη
2573 2836 2637 2889 τὸ
2668 2840 2769 2889 πᾶν
2803 2835 2894 2890 ἀπ’
2927 2835 3123 2909 ἀρχῆς,
3174 2835 3262 2889 καὶ
3296 2834 3491 2911 ἐκράοη
3525 2839 3657 2910 (20(,
3688 2838 3776 2892 καὶ

2129 2924 2405 2993 συνεδέθη,
2456 2924 2545 2979 καὶ
2593 2924 2813 2994 ἐκινήθη
2863 2923 3130 2998 κοσμίως.
3182 2924 3256 2986 ὡς
3292 2924 3444 2998 μόνῳ
3492 2930 3571 2997 τῷ
3620 2928 3775 2997 κινή-

2129 3034 2277 3068 σαντι
2331 3014 2629 3089 γνώριμον,
2685 3012 2827 3069 οὕτω
2880 3012 2969 3067 καὶ
3028 3019 3387 3087 μετακινεῖται
3438 3014 3525 3069 καὶ
3559 3016 3776 3087 μετατί-

2128 3104 2272 3157 θεται
2307 3102 2568 3177 Προνοίας
2598 3103 2852 3179 χαλινοῖς
2885 3100 3253 3178 όδηγούμενον
3280 3120 3295 3173 ;
3327 3103 3492 3158 Πόθεν
3526 3105 3774 3181 ἀφορίαι,

2125 3189 2213 3246 καὶ
2245 3190 2655 3268 ἀνεμοφθορίαι,
2685 3191 2773 3245 καὶ
2805 3190 3067 3266 χάλαζαι,
3098 3193 3133 3259 ἠ
3163 3194 3254 3245 νῦν
3296 3192 3535 3268 ἡμετέρα
3581 3190 3770 3269 πληγὴ

2125 3280 2214 3334 καὶ
2263 3279 2546 3349 νουθεσία;
2598 3279 2767 3343 Πόθεν
2816 3279 2987 3355 ἀέρων
3038 3278 3256 3355 φθοραὶ,
3306 3280 3397 3334 καὶ
3460 3279 3632 3353 νόσοι,
3682 3283 3771 3337 καὶ

2130 3368 2367 3444 βρασμοὶ
2414 3375 2534 3444 γῆς,
2584 3368 2673 3422 καὶ
2724 3366 2997 3439 Θαλάσσης
3046 3366 3446 3439 ἐπαναστάσεις,
3494 3370 3584 3424 καὶ
3629 3372 3697 3425 τὰ
3724 3369 3775 3440 ἐξ

2126 3456 2356 3533 οὐρανοῦ
2414 3454 2643 3531 δείματα
2671 3458 2823 3531 (21);
2884 3457 2981 3511 Καὶ
3033 3460 3148 3518 πῶς
3206 3458 3240 3526 ἡ
3320 3457 3397 3519 εἷς
3474 3457 3776 3515 ἀπόλαυσιν

2125 3545 2423 3622 ἀνθρώπων
2468 3544 2937 3621 δημιουργηθιῖσα
2990 3544 3184 3615 κτίσις,
3239 3545 3302 3600 τὸ
3358 3547 3538 3601 κοινὸν
3597 3548 3785 3625 ἂντρό-

2129 3655 2287 3710 φημα
2317 3638 2425 3708 (22)
2456 3634 2544 3689 καὶ
2584 3635 2849 3707 ἰσότιμον,
2901 3633 2977 3695 εἷς
3026 3634 3123 3702 τὴν
3171 3636 3278 3688 τῶν
3322 3629 3530 3689 ἀσεϐῶν
3557 3634 3788 3693 κόλασιν

2137 3718 2556 3796 μεταϐάλλεται,
2583 3721 2655 3777 ’ίν’
2688 3724 2770 3785 οἷς
2799 3721 3116 3796 τιμηθέντες
3144 3721 3243 3777 οὐκ
3271 3722 3786 3803 ηὐχαριστήσαμεν,

2130 3812 2344 3875 τούτοις
2372 3812 2461 3867 καὶ
2491 3809 2889 3886 παιδευθῶμεν,
2927 3818 3015 3867 και
3041 3816 3255 3888 γνῶμεν
3303 3814 3402 3882 τήν
3454 3810 3680 3888 δύναμιν
3735 3814 3791 3886 ἐξ

2132 3900 2204 3957 ὧν
2236 3902 2543 3977 πάσχομεν,
2592 3899 2776 3969 ἐπειδὴ
2832 3903 2906 3975 μὴ
2959 3900 3200 3976 ἔγνωμεν
3246 3903 3362 3975 (23)
3410 3900 3459 3972 ἐξ
3493 3904 3564 3956 ὧν
3600 3902 3656 3957 εὗ
3688 3925 3792 3958 πε-

2130 3991 2439 4065 πόνθαμεν,
2474 3995 2597 4053 Πῶς
2626 3996 2740 4053 τοῖς
2776 3992 2867 4064 μὶν
2904 3994 3011 4064 (24)
3046 3989 3105 4045 ἑκ
3132 3990 3319 4067 χειρὸς
3362 3991 3566 4067 Κυρίου
3616 3990 3795 4049 διπλᾶ

2128 4083 2195 4135 τὰ
2239 4083 2605 4156 ἁμαρτήματα
2652 4084 2767 4151 (25)
2828 4077 3057 4147 δίδοται,
3107 4079 3196 4135 καὶ
3252 4080 3664 4156 ἀναπληροῦται
3722 4084 3790 4137 τὸ

2127 4172 2225 4239 τῆς
2277 4170 2463 4232 κακίας
2518 4171 2710 4245 μέτρον
2760 4173 2829 4243 τῇ
2884 4167 3142 4240 διπλασία
3189 4172 3324 4243 (26),
3374 4171 3491 4224 καθ’
3539 4171 3600 4240 ἣν
3630 4171 3788 4226 καὶὸ

2126 4256 2344 4332 Ἰσραὴλ
2392 4258 2811 4335 σωφρονίζεταιο
2864 4266 2981 4320 τοῖς
3027 4255 3103 4325 δὲ,
3156 4254 3247 4312 διὰ
3274 4264 3375 4327 τῆς
3407 4258 3790 4321 ὲπταπλασίας

2129 4347 2205 4410 εἰς
2235 4349 2324 4401 τὸν
2369 4346 2576 4401 κόλπον
2625 4343 3048 4419 ἀποδιδομένης,
3080 4351 3327 4401 κενοῦται
3354 4346 3422 4401 τὰ
3451 4349 3665 4423 ἀμαρτή
3678 4370 3789 4422 μα-

2126 4457 2189 4491 τα
2219 4464 2232 4506 ;
2267 4436 2365 4491 Καὶ
2415 4436 2466 4490 τί
2512 4436 2575 4491 τὸ
2613 4441 2718 4490 τῶν
2770 4435 3112 4511 ’Δμοῤῥαίων
3150 4437 3344 4511 μέτρον
3378 4432 3529 4492 οὔπω
3560 4435 3790 4506 πεπλη-

2128 4525 2371 4600 ρωμένον
2398 4545 2412 4596 ;
2462 4525 2560 4580 Καὶ
2610 4530 2727 4587 πῶς
2777 4526 2804 4581 ὁ
2853 4523 3181 4601 ἁμαρτωλὸς
3211 4525 3246 4595 ἢ
3279 4524 3513 4604 ἀφίεται,
3544 4526 3580 4596 ἢ
3612 4525 3796 4583 κολά-

999 4696 1083 4748 17.
1144 4697 1187 4730 θθ
1219 4695 1423 4751 Matth.
1510 4713 1603 4767 xx,
1665 4697 1751 4751 12.
1813 4697 2013 4753 9"Psal

2139 4715 2304 4766 .xxrv,
2364 4699 2417 4753 9.
2503 4697 2548 4733 ³⁸
2576 4696 2782 4753 Ezech.
2842 4700 3002 4764 xxxii,
3061 4698 3150 4753 33.
3232 4697 3419 4757 9918a.
3478 4713 3633 4767 xxvr,
3693 4696 3795 4753 18.

368 4766 385 4801 ¹
419 4767 595 4822 Exod.
628 4781 681 4833 v,
713 4767 785 4834 6;
820 4782 928 4832 v11,
960 4767 1049 4821 22.
1083 4768 1104 4801 ²
1133 4768 1310 4823 Exod.
1345 4785 1383 4839 ι,
1414 4770 1468 4823 9.
1502 4769 1523 4802 ³
1554 4769 1718 4824 Rom.
1754 4787 1831 4840 Ix,
1867 4770 1953 4824 17.
1985 4771 2006 4804 ‘

2139 4812 2149 4825 .
2180 4788 2270 4840 XL,
2304 4772 2357 4824 2.

439 4927 547 5003 (15)
582 4927 668 4995 Μὴ
703 4930 943 5003 συνιεῖσι,
978 4935 1085 4985 etc.
1129 4930 1223 4986 Sic
1262 4930 1498 5003 exponit
1536 4929 1766 4987 Nicetas
1802 4949 1813 4987 :
1842 4955 1869 4982 «
1900 4932 2020 4989 Etsi

368 5000 638 5071 iniquum
692 5000 996 5075 videbatur
1053 5000 1378 5074 postremos
1435 5002 1641 5075 primis
1699 5019 2017 5075 exaequare,

368 5089 486 5147 non
532 5077 727 5147 tamen
764 5071 1218 5147 iniquum'erat;
1256 5071 1688 5147 postremorum
1720 5071 1877 5130 enim
1922 5071 2018 5131 vo;

366 5142 567 5219 luntas
597 5142 1083 5219 id,_quod’labori
1115 5142 1329 5217 deerat,
1368 5147 1678 5219 supplevit.
1706 5166 1733 5195 ››

467 5216 553 5287 16)
582 5213 865 5287 Πτώσεως.
904 5218 999 5273 Or.
1031 5221 1084 5287 2,
1120 5213 1351 5279 πόσεως.

464 5286 550 5359 17)
585 5286 676 5339 Ἐκ
703 5291 818 5343 τοῦ.
853 5289 947 5359 Or.
980 5292 1034 5359 2,
1067 5286 1172 5343 ἀπὸ
1203 5294 1318 5344 τοῦ.

439 5290 529 5363 (17
585 5290 676 5339 Ἐκ
703 5291 818 5343 τοῦ.
853 5290 947 5344 Or.
980 5292 1034 5359 2,
1067 5290 1172 5343 ἀπὸ
1203 5294 1318 5344 τοῦ.

437 5290 550 5430 (18)
583 5359 792 5429 Μικρᾶς
842 5358 1099 5431 θλίψεως.
1134 5362 1309 5418 Coisl.
1360 5363 1409 5428 1,
1459 5363 1688 5431 μακρᾶς,
1722 5382 1749 5409 ‹‹
1786 5358 2019 5416 diutur-

367 5452 445 5492 na
473 5430 879 5488 calamitate.»
915 5430 1086 5489 Coisl.
1121 5438 1174 5503 2,
1212 5437 1407 5507 μικρᾶς
1438 5430 1692 5499 πίστεως,
1730 5454 1757 5483 ‹‹
1790 5434 2020 5490 modica

364 5507 501 5563 fide.
528 5527 556 5552 ι)

436 5576 547 5650 (19)
582 5571 700 5650 ttat.
739 5574 994 5650 Deestin
1028 5578 1166 5650 Reg.
1203 5595 1254 5634 a.

366 5645 550 5773 ἰ(ἕο)
594 5645 853 5720 Ἐκράθη.
904 5649 997 5706 Sic
1055 5645 1234 5723 RSgg.
1294 5649 1416 5717 bm,
1476 5646 1578 5720 ph,
1636 5649 1746 5705 etc.
1799 5649 1864 5703 In
1922 5649 2013 5705 ed.

392 5737 587 5773 κΰατηι

392 5737 564 5800 κρατη
575 5758 587 5771 .

2202 4928 2730 5007 (21)-Δεί-ματαμὸίο
2765 4931 2956 5007 _Regg.
2989 4930 3114 5007 bm,
3148 4931 3275 5003 ph.,
3306 4931 3403 4988 Or.
3433 4930 3488 5000 2,
3522 4933 3633 5007 etc.
3688 4928 3797 4987 Sic

2192 4948 2315 5017 ,(³1)
2350 4948 2730 5015 Διεματρικδιο
2784 4948 2956 5058 ηθεὲ.
2991 4948 3114 5002 nm,
3148 4948 3275 5003 ph.,
3306 4948 3403 4988 ur.
3434 4948 3488 5000 ι,
3522 4948 3633 4986 etc.
3689 4948 3708 4985 ξ

2130 5010 2301 5062 etiam
2335 5005 2477 5074 legit
2508 5002 2827 5078 B1llms.ln
2860 5020 2915 5078 e_
2939 5044 2952 5057 .
2986 4999 3267 5078 δείγματα,
3303 5024 3340 5078 «_
3362 5001 3708 5078 exempla.)

2199 5079 2313 5150 (23)
2345 5073 2710 5150 Ἐντρόφημα.
2743 5073 2837 5130 Sic
2887 5073 3239 5147 Reggﬂibm,
3287 5074 3387 5147 ph,
3430 5073 3613 5142 Or.’2,
3649 5074 3791 5130 Par.

2130 5145 2336 5218 In'ed.,
2358 5145 2610 5222 dv'tpétpn
2624 5163 2716 5222 μσς.

2200 5216 2645 5293 (23)⁷“Εγν’ωμεν.
2678 5218 2928 5293 Montac.
2963 5216 3290 5293 ἑγνῴκαμεν.

2200 5287 2313 5363 (24)
2344 5287 2467 5351 Τοῖς
2518 5287 2633 5362 μιν.
2672 5289 2766 5363 Sic
2815 5287 3012 5361 plures
3061 5287 3266 5363 Regg.,
3298 5287 3473 5345 Coisl.
3510 5289 3560 5361 1,
3595 5288 3693 5346 Or.
3732 5289 3799 5356 2,

2128 5359 2256 5419 Pai‘.
2291 5366 2353 5419 In
2384 5365 2499 5429 ed.,
2521 5359 2648 5422 ’τοῖς
2680 5359 2761 5415 ἃν.

2198 5438 2311 5507 (25)
2344 5431 2521 5487 Διπλᾶ
2543 5432 2622 5507 ’τά
2670 5432 3056 5505 ἁμαρτήματα.
3094 5457 3124 5486 ι(
3152 5432 3420 5506 Duplicia
3469 5436 3740 5504 peccata,
3772 5452 3799 5483 ι

2125 5507 2184 5561 id
2212 5504 2324 5575 est,
2360 5530 2387 5557 (ι
2420 5504 2694 5581 d_upl_ices_
2712 5504 2818 5581 pro
2850 5504 3101 5578 peccatis
3132 5504 3361 5581 pcsnas.
3384 5528 3405 5555 ι

2200 5580 2308 5650 (26)
2342 5575 2627 5653 Διπλασίᾳ.
2661 5575 2867 5653 Billiuﬁ
2896 5596 2963 5653 :_«
2996 5595 3098 5653 per
3133 5575 3624 5653 'duplicitatem._i:
3656 5575 3809 5653 Y0!

2128 5643 2217 5705 hic
2270 5643 2759 5723 aequivoca,quig
2814 5643 3073 5709 διπλασία
3124 5643 3283 5713 aliud
3340 5652 3512 5710 sonat
3571 5648 3810 5708 Latine

2125 5737 2306 5795 quam
2337 5737 2550 5782 uraece.
