4094 6288
342 331 455 389 9M

1265 322 1559 385 ORATIO
1601 322 1862 386 XVI.—
1890 323 1971 385 IN
2015 325 2335 389 PATREM
2382 326 2827 390 TACENTEM.

3631 330 3750 391 942

348 464 491 528 ζεται
523 452 710 510 πάλιν
742 454 805 511 τὸ
867 453 983 527 μὲν,
1044 453 1239 509 ὶκεῖθεν
1294 454 1461 529 τυχὸν
1512 452 1871 530 τηρούμενος,
1928 454 1990 509 τὸ

2104 458 2279 515 etiam
2311 459 2487 516 Israel
2518 463 2877 533 castigatur;
2902 458 3032 516 aliis
3055 476 3263 517 rursus
3293 475 3396 533 per
3411 462 3750 533 septuplum

344 545 420 617 δὲ,
456 544 689 601 ἐντεῦθεν
743 542 1160 620 ἷατρευόμενος;
1214 544 1314 600 Καὶ
1366 547 1477 604 πῶς
1510 545 1537 598 6
1572 541 1798 612 δίκαιος,
1830 545 1863 612 ἢ
1896 564 1989 599 κα-

341 639 570 699 κοπαθεῖ
614 633 1008 707 πειραζόμενος
1058 629 1211 703 ἴσως,
1266 633 1301 701 ἢ
1351 631 1571 687 εὐπαθεῖ
1618 632 1993 708 συντηρούμε-

338 746 453 796 νος,
512 722 675 796 ἄνπερ
738 722 774 797 ᾖ
824 723 1046 798 πτωχὸς
1093 723 1192 791 τὴν
1237 717 1498 792 διάνοιαν,
1544 721 1633 776 καὶ
1670 724 1743 795 μὴ
1788 719 1994 799 σφόδρα

268 834 276 843 ·
343 813 590 889 ὑπεράνω
647 815 755 884 (27)
814 815 920 866 τῶν
978 811 1295 886 ὁρωμένων,
1354 809 1444 864 καῖ
1503 811 1576 873 ὡς
1630 811 1692 865 τὸ
1751 808 1990 872 συνειδὸς

341 899 577 959 διδάσκει
636 900 841 955 τούτων
902 900 1170 975 ἑκάτερον,
1242 899 1302 954 τὸ
1363 899 1561 954 οἰκεῖον
1622 901 1709 955 καὶ
1766 897 1992 973 ἀψευδὲς

338 994 619 1067 κριτήριον
652 1009 665 1059 ;
701 990 798 1051 Τίς
829 992 864 1059 ἡ
894 987 1109 1064 πληγὴ,
1143 988 1232 1043 καὶ
1266 988 1464 1059 πόθεν;
1519 988 1752 1062 Πότερον
1796 990 1992 1065 ἀρετῆς

340 1079 598 1157 ἔλεγχος,
649 1082 682 1149 ἢ
711 1077 900 1141 κακίας
937 1078 1186 1155 βάσανος,
1218 1080 1307 1133 καὶ
1338 1078 1419 1133 ὅτι
1453 1084 1693 1155 κρεῖττον
1727 1079 1799 1141 ὡς
1831 1078 1997 1135 κολά-

340 1192 417 1225 σει
468 1170 804 1243 κάμπτεσθαι
859 1169 953 1223 κᾶν
1018 1170 1092 1241 μή
1153 1167 1325 1231 οὕτως
1386 1164 1506 1243 ἔχῃ,
1581 1168 1670 1223 καὶ
1733 1168 1835 1224 ὗπὸ
1893 1170 1990 1237 τὴν

339 1262 595 1335 κραταιὰν
623 1264 718 1313 τοῦ
752 1262 884 1313 Θεοῦ
916 1263 1078 1334 χεῖρα
1116 1260 1511 1328 ταπεινοῦσθαι,
1561 1259 1594 1327 ἢ
1640 1258 1714 1321 ὡς
1764 1256 1992 1331 δοκιμα-

339 1348 425 1421 σίᾳ
496 1348 931 1421 μετεωρίζεσθαι.
992 1352 1169 1402 Ταῦτα
1234 1344 1445 1417 δίδαξον
1498 1346 1587 1402 καὶ
1644 1348 1992 1419 νουθετῆσον,

342 1440 417 1510 μὴ
472 1438 677 1515 σφόδρα
723 1439 793 1509 τῇ
838 1436 1083 1513 παρούσῃ
1122 1435 1312 1512 πληγῇ
1357 1433 1642 1515 δυσφορεῖν
1675 1440 1823 1511 ἡμᾶς
1857 1440 1989 1511 (28),

340 1528 373 1596 ἢ
450 1527 525 1589 εἷς
588 1531 767 1581 κακῶν
841 1525 1003 1601 βάθος
1071 1524 1398 1599 ἐμπεσόντας
1462 1528 1576 1600 (29)
1639 1528 1990 1605 καταφρονεῖν

339 1612 472 1690 (ἔστι
508 1619 609 1692 γάρ
639 1637 692 1671 τι
721 1616 810 1670 καὶ
840 1621 1055 1671 τοιοῦτο
1087 1618 1196 1689 (30)
1224 1616 1366 1688 πάθη
1380 1637 1452 1690 μα
1482 1615 1532 1670 ἂν
1565 1621 1686 1670 τοῖσ
1714 1615 1992 1689 πολλοῖς),

339 1704 484 1761 ἀλλὰ
542 1704 837 1783 σωφρόνως
883 1699 1028 1780 ἔχειν
1081 1707 1211 1781 πρὸς
1258 1707 1357 1775 τῆν
1399 1706 1699 1777 νουθεσίαν,
1772 1706 1861 1760 καὶ
1914 1706 1990 1778 μὴ

336 1796 435 1864 τὴν
473 1792 640 1867 μείζω
688 1793 1103 1871 προκαλεῖσθαι,
1157 1792 1244 1849 διὰ.
1289 1802 1388 1864 τῆς
1437 1796 1574 1870 πρὸς
1606 1793 1807 1865 ταύτην
1845 1795 1993 1849 ἀναι-

340 1881 566 1954 σθησίας
597 1886 730 1957 (31).

2103 548 2160 602 ln
2196 549 2325 603 sinu
2362 550 2655 605 redditum
2680 554 2917 621 peccata
2940 549 3367 605 exhauriuntur
3385 551 3405 583 ⁵
3428 550 3455 603 ?
3475 552 3752 615 Quasnam

2101 638 2567 694 Amorrheeorum
2601 654 2881 695 mensura
2908 639 3172 694 nondum
3196 637 3496 694 cumulata
3514 639 3536 673 ⁸
3553 638 3581 693 ?
3600 641 3754 705 Quo-

2103 741 2239 780 nam
2287 730 2456 798 pacto
2505 731 2792 798 peccator,
2847 731 2947 782 aut
2995 726 3328 797 dimittitur,
3376 731 3477 783 aut
3514 743 3754 783 rursum

2102 815 2388 887 supplicio
2420 815 2711 886 afﬁcitur;
2745 815 2916 884 illud,
2949 816 3083 888 quia
3117 817 3362 872 fortasse
3409 817 3478 873 ad
3510 816 3754 873 alteram

2100 905 2277 959 vitam
2310 910 2659 976 reservatur,
2691 905 2802 961 hoc
2846 908 2911 961 ut
2948 922 3016 961 ea
3063 907 3285 961 ratione
3316 907 3387 961 ad
3439 907 3755 962 sanitatem

2103 995 2447 1049 revocetur?
2504 996 2764 1058 Quonam
2826 994 2963 1050 item
3025 1000 3192 1067 pacto
3250 995 3339 1049 vir
3385 996 3608 1066 justus,
3665 994 3755 1051 vel

2102 1084 2384 1138 aerumnis
2427 1085 2734 1155 premitur,
2789 1087 2854 1139 ut
2902 1084 3151 1140 fortasse
3199 1089 3447 1152 tenetur,
3504 1084 3591 1140 vel
3622 1082 3756 1140 laeta

2103 1172 2301 1227 omnia
2332 1172 2528 1243 habet,
2562 1177 2627 1229 ut
2655 1178 3047 1243 conservetur,
3081 1174 3254 1228 modo
3281 1174 3357 1228 sit
3386 1173 3581 1229 animo
3611 1189 3754 1245 pau-

2104 1278 2223 1333 per,
2250 1278 2353 1316 nec
2374 1278 2554 1333 supra
2575 1278 2659 1330 ea,
2689 1278 2815 1333 quas
2840 1262 2900 1316 in
2922 1261 3226 1317 oculorum
3250 1278 3487 1318 sensum
3513 1264 3750 1333 cadunt,

2102 1350 2415 1405 admodum
2450 1355 2705 1422 evectus,
2731 1351 2883 1407 sicut
2906 1351 3079 1406 etiam
3104 1352 3480 1423 conscientia,
3512 1351 3620 1406 hoc
3643 1356 3752 1422 est,

2103 1439 2489 1495 domesticum
2511 1445 2565 1496 et
2584 1455 2783 1495 verum
2797 1440 3076 1509 tribunal,
3092 1440 3300 1495 horum
3316 1443 3635 1513 utrumque
3651 1440 3755 1495 do-

2104 1532 2193 1584 cet
2207 1528 2234 1583 ?
2246 1528 2521 1592 Quaenam
2537 1529 2658 1585 hare
2672 1529 2863 1602 plaga,
2880 1533 2935 1585 et
2948 1529 3139 1585 unde?
3153 1528 3360 1585 Utrum
3376 1530 3635 1585 utvirtus
3648 1546 3757 1585 no-
3816 1544 3829 1553 μη

2104 1622 2226 1674 stra
2255 1619 2607 1690 eXploretur,
2632 1636 2704 1675 an
2728 1625 2793 1674 ut
2812 1618 3159 1691 improbitas
3180 1618 3504 1674 vindicetur
3521 1618 3549 1674 ?
3571 1635 3757 1690 quan-

2104 1724 2280 1779 quam
2315 1711 2553 1780 praestat
2580 1707 2739 1764 velut
2768 1709 2840 1764 ob
2874 1724 3104 1781 poenam
3137 1707 3333 1776 (etiam
3376 1707 3424 1763 si
3463 1707 3632 1763 aliter
3662 1722 3757 1764 res

2103 1814 2166 1853 se
2195 1797 2429 1869 habeat)
2457 1797 2685 1852 animos
2717 1797 3041 1865 demittere,
3076 1813 3141 1852 ac
3172 1797 3284 1852 sub
3326 1800 3550 1869 potenti
3578 1813 3758 1853 manu
3822 1810 3825 1813 '

2104 1887 2197 1942 Dei
2223 1886 2585 1958 humiliari",
2606 1903 2781 1959 quam
2798 1886 2956 1942 velut
2972 1887 3044 1942 ob
3067 1886 3471 1958 probationem
3491 1886 3549 1941 in
3571 1885 3756 1942 altum

340 1973 551 2030 efferri.
577 1974 703 2030 Haec
718 1974 877 2042 doce,
898 1978 1064 2045 atque
1082 1975 1350 2045 admone,
1374 1991 1443 2030 ne
1461 1975 1533 2030 ob
1547 1977 1891 2047 praesentem
1908 1974 2142 2047 plagam
2160 1977 2399 2049 gravius
2419 1976 2864 2040 discruciemur,
2884 1976 3055 2032 autin
3071 1976 3429 2048 profundum
3462 1974 3754 2031 malorum

340 2062 622 2135 prolapsi,
654 2080 782 2119 eam
815 2067 1262 2119 contemnamus
1295 2063 1371 2133 (id
1404 2064 1559 2119 enim
1587 2062 1883 2136 plerisque
1906 2064 1989 2119 ita
2013 2064 2191 2120 etiam
2214 2064 2449 2137 evenit),
2467 2081 2669 2120 verum
2692 2065 3010 2137 prudenter
3034 2065 3094 2119 in
3118 2064 3227 2121 hac
3249 2064 3626 2137 castigatione
3647 2080 3754 2120 nos

331 2169 629 2224 geramus,
660 2152 967 2225 ns,:animi
996 2153 1337 2224 stupiditate
1370 2169 1435 2208 ac
1466 2153 1593 2208 sine
1622 2170 1801 2208 sensu
1834 2168 1962 2210 eam
1996 2154 2354 2225 excipiendo,
2390 2155 2673 2225 majorem
2707 2171 3100 2209 accersamus.

411 2242 470 2309 ζ’.
505 2241 685 2295 Δεινὸν
743 2240 939 2318 ἀφορία
983 2243 1109 2315 γῆς,
1156 2241 1247 2294 καὶ
1295 2245 1516 2315 καρπῶν
1569 2240 1835 2295 ἀπώλεια·
1870 2246 1988 2303 πῶς

336 2326 392 2383 δὲ
445 2328 527 2402 οὕ,
576 2327 685 2399 ἤδη
758 2335 877 2391 ταῖς
944 2329 1157 2384 ἐλπίσιν
1233 2328 1650 2406 εὖφραινόντων,
1719 2329 1807 2384 καὶ
1868 2335 1989 2392 ταῖς

333 2418 634 2489 ἆποθῆκαις
665 2417 1078 2487 πλησιαζόντων
1106 2437 1120 2487 ;
1154 2418 1251 2473 Καὶ
1283 2416 1455 2473 δεινὸν
1510 2416 1685 2494 ἄωρος
1732 2419 1989 2495 θερισμὸς

332 2507 421 2562 καὶ
469 2507 711 2582 γεωργοὶ
754 2513 871 2569 τοῖς
921 2507 1110 2569 πόνοις
1177 2507 1675 2583 ἐπιστυγνάζοντες,
1734 2508 1824 2563 καὶ
1874 2507 1985 2563 οἷον

332 2602 539 2669 νεκροῖς
588 2598 701 2670 (32)
750 2598 1194 2673 παρακαθήμενοι
1242 2602 1356 2659 τοῖς
1398 2600 1743 2673 γεννήμασιν,
1774 2596 1805 2651 ἃ
1836 2597 1985 2659 ὑετὸς

334 2682 602 2762 ἐξέθρεψεν
670 2685 898 2762 ἥμερος,
958 2685 1047 2739 καὶ
1118 2684 1305 2762 ἄγριος
1381 2684 1683 2763 ἐξεθὲρισενο
1759 2688 1831 2741 ὧν
1891 2686 1989 2741 οὐκ

335 2773 627 2851 δπλήρωσε
654 2775 753 2843 τήν
786 2779 947 2850 χεῖρα
975 2773 1136 2829 αὐτοῦ
1169 2776 1196 2829 6
1229 2775 1476 2851 θερίζων,
1532 2778 1621 2830 καὶ
1659 2777 1750 2830 τὸν
1777 2776 1983 2831 κόλπον

334 2861 498 2917 αὐτοῦ
548 2864 574 2917 6
621 2864 687 2919 τὰ
740 2862 1019 2939 δράγματα
1066 2862 1368 2939 συλλέγων*
1419 2863 1543 2919 οἱδὶ
1587 2872 1687 2935 τῆς
1736 2863 1985 2941 εὐλογίας

337 2951 418 3006 ἐπ’
469 2951 653 3014 αὐτοῖς
709 2949 919 3028 ἔτυχεν,
969 2954 1028 3021 ἣν
1078 2954 1393 3029 χαρίζονται
1442 2960 1714 3029 γεωργοῖς
1763 2956 1814 3008 οἱ
1844 2975 1985 3030 παρ-

336 3040 574 3115 ἀγοντες.
629 3040 727 3095 Καὶ
782 3041 953 3114 θέαμα
1001 3040 1253 3113 ἐλεεινὸν,
1304 3049 1374 3117 γῆ
1426 3038 1850 3118 καθυϐρισμένη,
1894 3043 1983 3097 καὶ

336 3129 762 3205 ἀποκειραμένη,
812 3130 901 3184 καὶ
949 3131 1040 3185 τὸν
1091 3131 1283 3200 ἑαυτῆς
1334 3126 1535 3205 κόσμον
1595 3132 1693 3186 οὐκ
1758 3130 1980 3207 ἔχουσα.

331 3220 395 3270 "0
445 3225 633 3294 θρηνεῖ
683 3221 775 3293 μὲν
821 3220 848 3274 6
903 3220 1165 3295 μακάριος
1210 3220 1397 3290 Ἰωήλ,
1448 3228 1550 3297 γῆς
1617 3223 1981 3299 καταφθορὰν,

2169 2244 2263 2298 VI.
2295 2244 2515 2299 Acerba
2544 2259 2637 2299 res
2678 2248 2788 2313 est,
2815 2249 2981 2300 terrae
3030 2242 3332 2309 sterilitas,
3364 2246 3421 2298 et
3450 2243 3751 2299 fructuum

2091 2334 2366 2403 jactura;
2400 2332 2605 2404 quidni
2637 2336 2856 2404 autem,
2892 2349 3026 2388 cum
3063 2334 3190 2404 jam
3239 2349 3342 2404 spe
3372 2330 3752 2403 oblectarent,

2099 2425 2273 2493 atque
2302 2422 2527 2478 horreis
2580 2421 3165 2495 appropinquarent?
3213 2420 3430 2477 Acerba
3458 2437 3572 2492 res,
3604 2437 3753 2492 pra;-

2100 2515 2330 2567 matura
2374 2512 2605 2581 messis,
2667 2516 2724 2569 et
2780 2512 3049 2584 agricolas
3105 2510 3337 2567 labores
3393 2527 3534 2567 suos
3589 2510 3754 2568 luctu

2097 2605 2538 2672 prosequentes,
2594 2618 2660 2657 ac
2715 2600 3104 2673 germinibus,
3159 2604 3441 2672 tanquam
3502 2598 3753 2655 mortuis

2099 2688 2443 2758 assidentes,
2472 2707 2599 2761 quae
2634 2689 2794 2745 mitis
2833 2690 3022 2745 imber
3052 2688 3217 2755 aluit,
3250 2706 3317 2744 ac
3363 2688 3522 2744 ferus
3546 2692 3605 2744 et
3634 2690 3751 2741 im-

2097 2778 2290 2834 manis
2338 2779 2701 2846 demessuit;
2759 2778 2974 2850 quibus
3019 2795 3136 2833 non
3195 2776 3457 2849 implevit
3504 2792 3747 2833 manum

2097 2883 2260 2922 suam
2294 2868 2391 2937 qui
2422 2868 2609 2940 metit,
2642 2872 2697 2923 et
2719 2868 2915 2924 sinum
2946 2884 3121 2923 suum
3146 2866 3245 2938 qui
3269 2865 3603 2938 manipulos
3625 2867 3747 2921 col-

2094 2956 2299 3028 ligit“;
2334 2974 2437 3011 nec
2478 2961 2783 3028 propterea
2830 2956 3296 3012 benedictionem
3345 2970 3497 3024 eam,
3541 2970 3745 3025 quam,

2095 3046 2194 3116 qui
2227 3050 2596 3117 praetereunt,
2639 3045 2909 3117 agricolis
2957 3044 3257 3117 impertire
3299 3043 3506 3111 solent,
3541 3059 3745 3099 conse-

2095 3138 2267 3189 cutus
2285 3141 2390 3190 est.
2418 3135 2692 3191 Miserum
2722 3134 3143 3206 spectaculum,
3162 3138 3315 3188 terra
3339 3132 3500 3187 clade
3517 3132 3741 3202 affecta,

2095 3228 2152 3278 et
2182 3224 2449 3291 detonsa,
2478 3241 2701 3295 suoque
2749 3228 2957 3278 ornatu
3011 3222 3278 3295 spoliata.
3330 3223 3491 3287 Quod
3523 3226 3579 3276 et
3608 3222 3743 3277 bea-

330 3308 419 3361 καὶ
452 3306 622 3381 λιμοῦ
658 3308 907 3383 βάσανον,
943 3309 985 3363 εἷ
1018 3309 1105 3363 καί
1154 3330 1237 3370 τις
1283 3307 1476 3378 ἄλλος,
1536 3308 1975 3386 ἐκτραγῳδήσας·

2097 3316 2188 3369 tus
2217 3312 2342 3369 Joel
2374 3313 2638 3384 deplorat
2658 3315 2697 3382 θ,
2734 3317 2909 3369 cantu
2941 3312 3198 3384 lugubri,
3230 3316 3294 3366 ut
3325 3312 3372 3367 si
3406 3311 3539 3384 quis
3568 3310 3740 3378 alius,

330 3397 519 3472 θρηνεῖ
570 3394 627 3451 δὶ
675 3400 964 3475 προφήτης
1009 3398 1191 3473 ’ἐτερος
1244 3402 1374 3472 (33),
1432 3403 1501 3473 τῇ
1568 3400 1828 3475 πρότερον
1889 3399 1979 3454 εὖ·

328 3486 527 3558 κοσμία
583 3487 678 3554 τῆν
737 3485 1044 3541 τελευταίαν
1097 3488 1358 3561 ἀκοσμίαν
1415 3488 1719 3560 ἀντιτιθεὶς,
1772 3488 1822 3544 ἐν
1897 3489 1979 3551 οἶς

327 3596 457 3650 φησι
517 3576 639 3650 περὶ
706 3575 876 3651 ὀργῆς
950 3575 1149 3652 Κυρίου
1216 3574 1622 3653 διαλεγόμενος,
1685 3578 1977 3653 θραύοντος

329 3670 452 3739 γῆν·
544 3666 619 3719 Τὰ
713 3661 1013 3740 ἔμπροσθεν
1100 3667 1261 3721 αὐτοῦ
1346 3666 1671 3743 παράδεισος
1745 3676 1975 3746 τρυφῆς,

324 3754 415 3807 καὶ
466 3755 531 3808 τά
607 3749 821 3809 ὄπισθεν
874 3757 987 3827 (34)
1036 3754 1217 3809 πεδίον
1284 3758 1609 3834 ἀφανισμοῦ.
1671 3760 1825 3812 Δεινά
1881 3758 1976 3831 μὲν

327 3838 392 3909 δὴ
424 3847 611 3914 ταῦτα,
639 3842 727 3896 καὶ
769 3844 906 3917 πέρα
954 3841 1163 3915 δεινῶν,
1209 3841 1314 3905 ἕως
1372 3846 1505 3916 μόνα
1550 3846 1708 3901 λυπεὶ
1758 3848 1822 3900 τὰ
1864 3850 1977 3920 (35)

324 3930 586 4006 παρόντα,
644 3931 731 3984 καὶ
791 3931 942 3985 οῦπω
1001 3932 1391 4008 χαλεπωτέρας
1447 3934 1565 4005 ἀνιᾷ
1620 3933 1844 4009 πληγῆς
1897 3933 1976 3989 αἶ’-

329 4022 535 4091 σθησις·
571 4018 780 4092 ἐπειδὴ,
813 4024 1051 4094 καθάπερ
1084 4021 1134 4074 ἐν
1163 4027 1276 4083 τοῖς
1327 4025 1456 4092 νοσγς
1471 4044 1622 4094 μασι,
1655 4023 1716 4076 τὸ
1768 4022 1973 4077 λυποῦν

329 4108 410 4163 ἀεῖ
468 4109 639 4173 πάθος
679 4114 775 4163 τοῦ
829 4111 903 4182 μὴ
956 4110 1223 4185 παρόντος
1273 4110 1653 4185 ἀνιαρώτερον·
1707 4108 1976 4188 δεινότερα

330 4193 375 4249 δ’
408 4196 483 4252 ἔτι
515 4197 722 4253 τούτων
785 4199 835 4252 οἱ
887 4201 983 4267 τῆς
1032 4198 1198 4275 ὀργῆς
1246 4204 1343 4253 τοῦ
1393 4204 1524 4254 Θεοῦ
1557 4200 1818 4274 θησαυροὶ
1848 4200 1976 4277 παρ’

326 4284 538 4348 ἑαυτοῖς
587 4286 933 4362 κατέχουσιν,
984 4289 1055 4341 ὧν
1112 4290 1186 4361 μῆ
1230 4288 1441 4363 γένοιτο
1473 4295 1660 4364 πεῖραν
1693 4290 1830 4361 ὑμᾶς
1862 4292 1975 4364 (36)

325 4368 533 4428 λαϐεῖν·
592 4373 717 4430 οὐδὲ
761 4398 821 4452 γε
866 4375 1106 4450 λήψεσθε
1154 4377 1287 4453 πρὸς
1333 4377 1458 4440 τοὺς
1512 4379 1831 4453 οἶκτιρμοῦς
1879 4384 1975 4433 τοῦ

323 4467 456 4518 Θεοῦ
486 4464 930 4540 καταφεύγοντες,
962 4465 1049 4520 καὶ
1078 4468 1169 4521 τὸν
1200 4466 1435 4535 θελητήν
1478 4470 1593 4541 (37)
1638 4472 1736 4522 τοῦ
1786 4465 1975 4529 ἐλέους

318 4556 436 4613 τοῖς
485 4549 735 4627 δάγρυσιν
782 4552 1055 4619 ἕλκοντες,
1106 4556 1195 4609 καὶ
1243 4555 1305 4609 τὸ
1355 4555 1477 4625 ἑξῆς
1527 4563 1627 4625 τῆς
1684 4557 1855 4632 ὀργῆς
1888 4555 1977 4611 διὰ

320 4644 420 4707 τῆς
469 4638 802 4717 ἐπιστροφῆς
849 4640 1299 4720 ἀποστρέφοντες.
1349 4645 1469 4715 ’Έρι
1514 4643 1755 4718 πραότης
1786 4649 1972 4717 ταῦτα,

324 4728 414 4782 καὶ
446 4727 850 4805 φιλανθρωπία,
882 4737 974 4785 καῖ
1001 4730 1278 4795 παίδευσις
1310 4733 1536 4809 ἥμερος,
1586 4733 1675 4788 καὶ
1725 4739 1977 4810 στοιχεῖα

2090 3408 2254 3458 terra:
2278 3402 2712 3474 corruptionem
2736 3406 2793 3458 et
2816 3402 2986 3457 famis
3009 3400 3332 3457 cruciatum
3352 3416 3741 3472 exaggerans;

2090 3497 2145 3548 et
2174 3493 2313 3548 item
2345 3492 2493 3547 alter
2512 3492 2799 3565 propheta
2822 3490 3003 3563 luget,
3030 3489 3284 3562 pristiam
3318 3488 3743 3561 pulchritudini

2090 3583 2470 3653 posteriorem
2502 3582 2928 3637 deformitatem
2951 3596 3270 3652 opponens,
3305 3594 3436 3634 cum
3469 3576 3742 3635 videlicet

2089 3671 2159 3726 de
2188 3671 2419 3727 Domini
2468 3671 2555 3725 ira
2580 3675 2795 3725 terram
2846 3670 2999 3725 304
3029 3667 3404 3740 percutientis
3449 3666 3529 3721 ita
3564 3665 3742 3720 verba

2092 3761 2327 3829 faciens,
2363 3761 2420 3813 in
2454 3760 2612 3814 hunc
2640 3760 2880 3814 modum
2928 3757 3225 3829 loquitur:
3276 3756 3567 3811 Antenora
3596 3755 3736 3824 ejus,

2086 3853 2271 3904 hortus
2317 3850 2631 3917 voluptatis,
2678 3850 2986 3919 posteriora
3033 3851 3239 3910 autem,
3288 3859 3512 3914 campus
3558 3847 3737 3898 exter-

2089 3939 2335 3993 miniz’w.
2388 3936 2598 3991 Gravia
2645 3937 2881 4007 quidem
2934 3935 3057 3990 haec
3113 3938 3271 4004 sunt,
3304 3950 3369 3988 ac
3418 3932 3735 4005 plusquam

2086 4027 2303 4098 gravia,
2338 4025 2601 4097 quandiu
2624 4024 2933 4095 praesentia
2956 4022 3080 4077 sola
3109 4021 3438 4077 molestiam
3462 4022 3733 4091 afferunt,

2088 4130 2193 4169 nec
2223 4112 2529 4170 atrocioris
2552 4112 2733 4185 plagae
2755 4128 2965 4168 sensus
2986 4127 3234 4166 moerere
3255 4111 3446 4166 adhuc
3468 4110 3732 4166 animum

2087 4203 2281 4273 pulsat
2310 4220 2322 4270 ;
2357 4202 2858 4273 quandoquidem,
2884 4218 2995 4256 non
3020 4215 3191 4256 secus
3216 4206 3386 4270 atque
3406 4199 3465 4254 in
3491 4199 3733 4264 morbis,

2087 4292 2393 4348 calamitas
2423 4307 2681 4364 presens
2712 4306 2944 4362 semper
2973 4289 3274 4345 molestior
3302 4292 3409 4357 est,
3435 4305 3613 4360 quam
3645 4304 3733 4359 ea,

2087 4400 2213 4453 quae
2247 4380 2449 4454 procul
2497 4381 2682 4435 abest.
2732 4381 2803 4434 At
2846 4379 2938 4434 bis
2985 4379 3175 4435 adhuc
3225 4378 3489 4451 graviora
3530 4378 3736 4433 divinas

2085 4470 2186 4524 iras
2233 4468 2493 4525 thesauri
2544 4469 2699 4539 apud
2757 4483 2819 4523 se
2863 4467 3165 4523 continent
3215 4470 3282 4533 ιι,
3329 4483 3455 4539 quas
3509 4465 3736 4522 utinam

2084 4558 2249 4614 vobis
2281 4556 2527 4629 experiri
2572 4557 2815 4611 minime
2864 4558 3203 4629 contingat:
3256 4572 3361 4612 nec
3402 4570 3538 4611 vero
3569 4571 3737 4627 expe-

2087 4646 2340 4717 riemini,
2392 4646 2565 4701 modo
2615 4645 2688 4700 ad
2748 4645 2851 4700 Dei
2904 4645 3315 4702 miserationes
3360 4644 3733 4717 confugiatis,

2087 4752 2361 4809 eumque,
2395 4734 2497 4807 qui
2525 4733 2650 4790 vult
2700 4733 3163 4791 misericordiam
3195 4735 3264 4804 ¹²,
3296 4732 3572 4806 lacrymis
3599 4748 3737 4805 per-

394 4870 598 4947 :Psal.
657 4889 886 4947 Lxxvm,
948 4876 1034 4947 12.
1096 4875 1288 4931 6Gen.
1366 4892 1457 4944 xv,
1516 4875 1603 4931 l6.
1664 4877 1741 4930 ’τΙ
1798 4877 1949 4934 Petr.
2008 4895 2064 4947 v,
2120 4878 2174 4933 6.
2207 4878 2227 4911 ⁸
2260 4876 2408 4933 Psal.
2463 4892 2694 4945 cxxvm,
2751 4876 2808 4930 7.
2866 4876 3035 4932 9Joel
3065 4893 3107 4946 Ι,
3164 4875 3253 4932 10.
3316 4876 3361 4911 ¹⁰
3388 4875 3513 4933 Joel
3556 4891 3620 4947 II,
3675 4877 3732 4934 3.

320 4942 360 4976 “
392 4942 560 4998 Deut.
592 4960 769 5013 xxxu,
803 4946 892 5001 34.
927 4947 969 4980 ’³
998 4946 1127 5003 Ose.
1159 4964 1240 5014 v1,
1270 4948 1325 5004 6.

325 5084 828 5228 6ng2P7)‘;E:f£pivw.
862 5089 955 5147 Sic
1000 5094 1118 5145 tres
1169 5091 1344 5163 Regg.
1379 5092 1442 5145 In
1492 5090 1664 5147 editis
1712 5090 1969 5161 divisim,

396 5227 508 5370 (28)
539 5227 735 5298 Ἠμᾶς.
770 5229 863 5315 $ic
894 5232 1090 5303 plures
1121 5233 1288 5289 codd.
1323 5233 1490 5289 Deest
1520 5232 1578 5289 in
1607 5235 1697 5290 ed.

334 5314 341 5319 '
396 5299 483 5369 (29
560 5303 943 5370 Ἐμπεσοντας.
1000 5306 1198 5361 Comb.
1260 5306 1443 5363 addit.
1504 5303 1533 5359 ὅ
1593 5301 1659 5370 δὴ

396 5299 943 5381 (29)_’I§_pjreco:v-ca7;.
1000 5306 1198 5361 Comb.
1260 5306 1443 5363 addit.
1504 5303 1533 5359 ὅ
1593 5301 1659 5373 δὴ
1731 5303 1968 5381 λέγεται,

326 5393 353 5421 ‹‹
385 5370 541 5441 quod
575 5370 686 5427 dici
720 5374 884 5431 solet.
914 5400 935 5426 ι

390 5443 502 5515 (30)
531 5446 777 5502 Τοιοῦτο.
810 5448 902 5504 Sic
952 5448 1121 5505 Coisl.
1158 5450 1210 5519 1,
1242 5452 1298 5504 et
1345 5452 1474 5504 Par.
1524 5448 1583 5504 in
1636 5449 1750 5517 ed.,
1784 5452 1968 5503 τοιοῦ-

317 5534 503 5662 τῗῖίΜ)
536 5586 633 5640 Καὶ
681 5589 827 5662 μή...
888 5589 1259 5660 ἀναισθησίας.
1293 5590 1519 5658 Billius,
1549 5614 1571 5642 ι
1606 5608 1677 5651 ne
1712 5594 1785 5651 ad
1817 5593 1971 5652 hanc

319 5657 823 5736 obstupescentes,
856 5657 1560 5737 majorem‘accersamus.
1583 5684 1614 5717 »

2157 5091 2267 5164 (3‘2)
2302 5092 2548 5164 Νεκροῖς.
2583 5090 2721 5164 Reg.

2157 5094 2247 5161 (3‘3
2302 5092 2548 5164 Νεκροῖς.
2583 5091 2721 5161 Heg.
2758 5091 2855 5161 ph,
2885 5091 3069 5156 addit,
3100 5109 3230 5145 τισι.

2157 5091 2270 5287 (33)
2298 5163 2543 5235 Ἕτερος.
2588 5183 2614 5211 ι(
2645 5161 2824 5243 _Al_ter.
2860 5183 2888 5211 ››
2922 5162 3107 5229 Forte,
3158 5160 3375 5237 ἑτέρως,
3406 5186 3434 5215 ‹‹
3469 5163 3672 5237 aliter;
3698 5186 3728 5219 υ

2157 5234 2196 5287 1-
2271 5231 2487 5287 τέοωθι.
2521 5256 2549 5283 ‹‹
2584 5232 2743 5287 allbl.
2773 5255 2793 5282 ο
2844 5233 2990 5287 Nam
3040 5237 3215 5287 verba
3272 5241 3412 5287 sunt
3464 5238 3724 5287 eiusdem

2081 5231 2205 5363 .xlrel,l
2247 5231 2487 5359 ἒτέρὲυθι,
2521 5256 2549 5283 ‹‹
2584 5232 2743 5288 alibi.
2773 5255 2793 5282 ο
2844 5233 2990 5288 Nam
3040 5237 3215 5290 verba
3245 5231 3412 5293 "sunt
3464 5231 3747 5309 ejusdem‘

2120 5323 2185 5363 oe
2217 5347 2227 5358 .
2264 5323 2324 5363 ιι.
2398 5347 2410 5359 .

2120 5323 2227 5363 oel.
2264 5323 2324 5371 ιι,
2356 5323 2410 5359 ό.

2155 5379 2269 5448 (34)
2303 5368 2399 5448 Καὶ
2428 5372 2496 5448 τὰ
2525 5368 2771 5448 ὄπισθεν.
2794 5375 2968 5433 Coisl.
3005 5379 3056 5448 1,
3084 5375 3175 5431 καὶ
3205 5378 3277 5432 τι⁹
3307 5376 3505 5437 ὀπίσω.

2157 5424 2268 5520 (ἑὸ)
2295 5424 2398 5503 fa:
2422 5424 2515 5502 Sic
2534 5424 3029 5520 ‘aé'g'fp'hfiiieest-
3039 5424 3231 5506 ἲιῖἷάξ

2176 5520 2266 5592 36)
2295 5523 2476 5592 Ὑμᾶς.
2495 5523 2682 5592 ‘Deest
2709 5521 2769 5592 in
2801 5520 3090 5592 pluribus.

2176 5585 2267 5665 37)
2296 5585 2399 5647 T6v
2434 5585 2693 5661 θελητήν.
2729 5585 2824 5649 Ol“.
2856 5594 2912 5661 2,
2936 5590 3027 5649 τὸν
3056 5589 3303 5668 τελέτην.

2758 5089 2855 5161 ph,
2885 5090 3069 5156 addit,
3100 5109 3230 5145 τισι.

2248 5379 2269 5665 ἕ
