4094 6288
375 314 493 375 943
1627 308 1692 368 S.
1740 305 2111 369 GREGORII
2156 308 2550 373 THEOLOGI
3671 315 3784 376 9M

366 445 636 515 trahatis,
669 460 734 500 ac
760 459 863 515 per
911 457 1143 499 morum
1197 440 1689 513 emendationem,
1722 440 2004 513 quidquid

2127 437 2348 516 πληγῆς
2382 443 2518 518 (38),
2568 439 2875 515 νηπιότητα
2921 440 3402 520 παιδαγωγούσης·
3459 440 3536 501 ἔτι
3586 445 3785 525 καπνὸς

368 535 644 606 deinceps
674 532 771 589 iraa
804 533 1089 605 sequitur,
1142 531 1437 587 avertatis.
1470 531 1676 586 Adhuc
1720 529 1928 586 lenitas
1962 533 2004 586 e1

2128 528 2317 604 ὀργῆς,
2382 532 2625 607 βασάνων
2679 533 2995 610 προοίμιον·
3050 531 3203 590 οῦπω
3255 531 3312 591 δὶ
3358 539 3464 612 πῦρ
3515 534 3782 616 καταφλε-

364 623 696 695 benignitas
726 623 847 679 haec
890 627 1048 691 sunt,
1100 626 1156 678 et
1188 622 1401 677 blanda
1448 620 1775 693 castigatio,
1814 620 2004 692 plaga-

2127 618 2359 694 γόμενον
2413 624 2541 695 (39),
2591 625 2625 692 ἡ
2676 624 2824 697 ἀκμή
2880 625 2994 699 (40)
3038 631 3140 695 τῆς
3196 625 3479 695 κινήσεως·
3536 623 3652 681 οὐδ’
3703 626 3784 681 ἄν·

362 728 609 783 rumque
637 712 947 784 elementa,
974 730 1103 786 quae
1125 710 1411 784 puerilem
1448 716 1675 766 aetatem
1708 714 1976 765 coercent
2000 726 2004 762 :

2127 719 2318 782 θρακες
2362 709 2749 785 ἀνάπτόμενοι,
2801 713 2869 768 τὰ
2915 713 3201 768 τελευταῖα
3240 721 3339 783 τῆς
3392 714 3672 791 μάστιγος·
3719 717 3781 786 ἦς

362 802 555 859 adhuc
576 802 674 859 irae
697 803 896 859 fumus
920 803 983 872 1³,
1010 806 1438 858 tormentorum
1463 799 1811 872 praeludium
1838 815 1851 852 :
1876 815 2004 853 non-

2127 797 2186 852 τὸ
2220 798 2313 869 μὶν
2345 798 2634 872 ἠπείλησε,
2666 802 2729 858 τὸ
2759 800 2805 858 δ’
2833 802 3160 874 ἀνετείνατο,
3196 804 3258 858 τὸ
3310 801 3368 858 δί
3417 804 3507 881 βίᾳ
3557 802 3781 881 κατέσχε

363 891 505 947 dum
536 897 732 949 autem
764 893 916 965 ignis
965 892 1318 948 comburens
1349 892 1412 959 1",
1445 890 1555 945 hoc
1586 894 1695 958 est,
1731 888 2004 945 acerrima

2127 885 2186 941 τὸ
2217 884 2273 941 δὲ
2320 887 2606 967 ἐπήγαγεν.
2660 891 2871 964 ὁμοίως
2917 893 3006 948 καὶ
3052 897 3121 967 τῇ
3162 890 3353 969 πληγῇ
3386 890 3659 948 παιδεύων
3693 895 3777 949 καὶ

363 982 715 1050 commotio;
748 998 854 1037 nec
878 981 1144 1038 succensi
1169 980 1452 1037 carbones
1488 980 1553 1048 ιδ,
1575 978 1634 1033 id
1664 982 1772 1045 est,
1798 976 2004 1033 ultima

2127 979 2194 1049 τῇ
2227 975 2451 1051 ἀπειλῇ,
2484 979 2573 1033 καὶ
2604 977 2883 1054 ῇδοποιῶν
2918 985 3027 1054 (41)
3056 977 3243 1058 τρίϐον
3288 986 3356 1057 τῇ
3405 980 3542 1059 ὂργῇ
3595 982 3779 1055 αὐτοῦ,

360 1075 557 1142 partes
587 1071 882 1144 supplicii,
908 1072 1065 1143 quod
1088 1070 1300 1143 partim
1325 1069 1720 1125 comminatus
1751 1071 1858 1136 est,
1882 1084 2015 1139 par-

360 1159 469 1215 tim
500 1160 827 1229 intentavit,
853 1161 1069 1234 partim
1099 1160 1155 1216 vi
1192 1158 1563 1232 compressit,
1595 1156 1807 1229 partim
1839 1156 2016 1212 etiam

2128 1062 2197 1119 δι’
2248 1062 2560 1141 ὑπερϐολὴν
2612 1069 2968 1145 ἀγαθότητος·
3018 1070 3124 1127 ἀπδ
3177 1072 3271 1146 μὲν
3326 1076 3433 1128 τῶν
3481 1071 3778 1129 ἐλαττόνων

2128 1154 2459 1230 ἀρχόμενος,
2516 1156 2653 1214 ὥστε
2727 1161 2802 1233 μὴ
2869 1160 3126 1232 δεηθῆναι
3195 1165 3303 1217 τῶν
3364 1158 3777 1240 σφοδροτέρων·

359 1247 628 1320 induxit;
672 1267 834 1323 aeque
886 1250 1194 1319 nimirum,
1243 1254 1300 1305 et
1351 1265 1454 1321 per
1510 1247 1766 1320 plagam,
1818 1248 1874 1301 et
1917 1261 2004 1318 pel

2127 1241 2398 1300 παιδεύων
2446 1242 2503 1301 δὲ
2547 1247 2638 1303 καὶ
2676 1253 2793 1311 τοῖς
2825 1249 3086 1324 μείζοσιν,
3119 1249 3165 1307 εί
3194 1249 3334 1328 πρὸς
3363 1255 3531 1307 ταῦτα
3564 1247 3777 1308 ἐκϐιασ-

359 1340 877 1398 comminationem
909 1358 1018 1398 nos
1066 1340 1362 1407 erudiens,
1417 1355 1482 1394 ac
1532 1353 1633 1409 pro
1685 1333 2019 1391 incredibili
2127 1332 2269 1402 θείη.

355 1431 611 1501 quadam
668 1431 947 1487 bonitatis
1030 1428 1462 1502 magnitudine,
1549 1426 1773 1483 semitae
1850 1424 1948 1479 irae
2023 1422 2182 1479 viam
2241 1428 2509 1483 sternens
2554 1429 2654 1485 “:

2741 1446 2776 1485 a
2832 1429 3097 1487 moribus
3169 1429 3411 1503 quidem
3466 1431 3777 1506 incipiens,

357 1536 429 1575 ne
460 1520 858 1592 asperioribus
885 1520 969 1576 uti
998 1536 1238 1577 necesse
1268 1519 1520 1586 habeat;
1553 1521 1828 1573 caeterum
1862 1530 1965 1584 per
1994 1514 2220 1585 majora
2248 1514 2424 1572 etiam
2454 1517 2752 1585 erudiens,
2784 1519 2834 1575 si
2866 1520 2937 1576 ad
2969 1536 3037 1575 ea
3066 1519 3359 1593 adigatur.

426 1608 549 1665 VII.
608 1610 736 1665 Scio
795 1609 1183 1681 refulgentem
1259 1608 1563 1675 frameam,
1634 1609 1690 1661 et
1753 1602 2004 1677 gladiun:

2200 1601 2268 1657 Z'.
2329 1602 2397 1658 Οἵ
2461 1601 2856 1679 στιλϐουμὲνην
2939 1605 3237 1683 ῥομφαίαν,
3310 1606 3401 1663 καὶ
3484 1608 3780 1682 μεθύουσαν

356 1698 585 1755 ebrium
617 1699 676 1754 in
708 1698 872 1770 coelo,
896 1698 998 1771 qui
1022 1698 1317 1771 jugulare,
1352 1698 1412 1751 in
1444 1695 1695 1751 nihilum
1728 1693 2010 1765 redigere,

355 1786 559 1844 liberis
608 1788 837 1855 orbare,
888 1804 953 1843 ac
996 1804 1068 1844 ne
1118 1787 1279 1846 carni
1330 1785 1588 1857 quidem,
1638 1789 1694 1838 et
1738 1780 2012 1837 medullis

358 1881 529 1948 atque
560 1878 797 1937 ossibus
852 1894 1088 1948 parcere
1131 1877 1375 1947 jubetur
1407 1877 1469 1930 ιτ.
1531 1874 1657 1929 Scio
1705 1890 1860 1939 eum,
1911 1870 2012 1942 qui

358 1966 792 2037 perturbatione
823 1966 983 2021 omni
1014 1970 1199 2032 vacat,
1236 1981 1383 2019 ursae
1414 1964 1568 2019 fame
1600 1960 1910 2030 laboranti,
1944 1976 2011 2014 ac

357 2056 537 2125 pardo
586 2054 861 2126 similem,
912 2055 970 2109 in
1019 2053 1392 2127 Assyriorum
1450 2053 1541 2107 via
1589 2066 1891 2106 occurrere
1924 2050 2006 2117 ¹⁸;

356 2160 473 2199 non
523 2158 724 2198 eorum
782 2148 1013 2199 tantum
1073 2144 1172 2214 qui
1222 2148 1349 2198 tum
1408 2144 1593 2206 erant,
1644 2142 1747 2195 sed
1806 2154 2007 2194 eorum

356 2232 532 2288 etiam
562 2234 664 2304 qui
712 2232 842 2290 vitae
892 2232 1267 2305 improbitate
1322 2230 1627 2301 Assyrium
1676 2246 1831 2284 nunc
1863 2228 2008 2283 refe-

356 2326 530 2390 runt;
578 2338 684 2379 nec
734 2322 831 2377 iraa
888 2321 1076 2393 ipsius
1123 2321 1241 2377 vim
1292 2324 1350 2376 et
1406 2319 1759 2375 celeritatem
1810 2318 2009 2389 fugere

354 2411 633 2483 cuiquam
664 2410 859 2479 licere,
884 2427 1017 2468 cum
1045 2412 1117 2467 ad
1148 2410 1331 2482 impia
1358 2414 1557 2466 nostra
1587 2408 1844 2463 facinora
1865 2406 2007 2478 vigi-

350 2499 578 2570 laverit,
609 2517 675 2556 ac
721 2499 903 2565 zelus,
951 2500 1049 2571 qui
1105 2498 1469 2555 adversarios
1520 2499 1793 2553 devorare
1826 2495 2005 2564 novit,

351 2587 540 2660 ipsius
566 2588 763 2644 hostes
786 2592 1128 2660 persecutus
1156 2588 1350 2642 fuerit.
1378 2587 1506 2643 Scio
1535 2584 2002 2654 concussionem,

352 2680 409 2733 et
438 2676 863 2748 excussionem,
897 2681 955 2733 et
984 2676 1409 2745 ebullitionem,
1438 2675 1748 2746 cordisque
1778 2673 2006 2729 confra-

353 2765 635 2833 ctionem,
661 2783 727 2821 ac
757 2782 1015 2837 genuum
1065 2764 1511 2822 dissolutionem
1539 2766 1602 2833 η,
1646 2768 1819 2835 atque
1848 2764 2005 2834 ejus-

355 2855 513 2911 modi
544 2856 856 2927 supplicia,
878 2855 1094 2927 quibus
1125 2854 1441 2926 impiorum
1464 2853 1683 2909 scelera
1704 2852 2003 2908 vindican-

353 2949 467 3001 tur.
502 2946 669 3003 Mitto
699 2945 857 3001 enim
886 2945 1074 3001 dicere
1107 2946 1315 3000 futurae
1348 2945 1477 3001 vitae
1510 2941 1848 3013 tribunalia,
1882 2942 2005 3013 qui~

356 3036 470 3091 bus
499 3035 747 3106 hujusce
774 3033 903 3090 vitae
935 3034 1303 3106 indulgentia
1331 3038 1387 3089 et
1416 3032 1737 3105 impunitas
1767 3048 1866 3088 eos
1888 3036 2008 3087 tra-

363 3124 488 3193 dit;
520 3124 604 3180 ita
650 3128 716 3180 ut
759 3124 944 3180 satius
992 3124 1069 3180 sit
1116 3140 1271 3179 nunc
1325 3123 1598 3194 castigari
1648 3139 1712 3177 ac
1745 3121 2006 3193 purgari,

364 3230 545 3285 quam
586 3214 658 3269 ad
706 3213 1030 3269 cruciatum
1079 3212 1246 3269 illum
1300 3212 1451 3267 305
1496 3210 1838 3282 transmitti,
1874 3226 2010 3265 cum

355 3302 482 3373 jam
514 3319 693 3373 poenae
743 3306 977 3374 tempus
1024 3302 1152 3372 erit,
1204 3318 1318 3356 non
1367 3299 1754 3373 purgationis.
1797 3300 2010 3363 Quem-

363 3391 683 3447 admodum
714 3391 892 3460 enim,
928 3395 993 3446 ut
1022 3408 1055 3446 a
1084 3390 1294 3446 Davide
1324 3390 1541 3462 optime
1576 3390 1801 3444 dictum
1832 3392 1923 3444 est
1943 3388 2007 3457 ³ο,

363 3484 548 3536 morte
577 3480 845 3553 superior
872 3484 984 3549 est,
1015 3480 1115 3553 qui
1137 3480 1232 3534 hic
1262 3479 1363 3535 Dei
1393 3496 1618 3535 memor
1646 3482 1754 3549 est,
1789 3477 1871 3533 ita
1892 3493 2008 3532 non

358 3574 448 3625 est
478 3571 717 3625 mortuis
748 3570 806 3624 in
840 3571 1064 3625 inferno
1113 3569 1422 3638 confessio,
1470 3585 1573 3623 nec
1620 3584 1852 3622 morum
1884 3583 2009 3621 cor-

355 3659 554 3717 rectio.
586 3660 690 3716 Hic
718 3659 875 3716 enim
908 3665 1057 3714 Deus
1102 3659 1284 3714 vitam
1315 3662 1371 3713 et
1403 3658 1713 3727 actionem,
1746 3655 1863 3711 illic
1904 3672 2005 3711 au-

350 3751 470 3804 tem
500 3766 699 3806 rerum
728 3753 1031 3821 gestarum
1062 3764 1374 3805 censuram
1412 3746 1719 3802 conclusit.

419 3836 564 3894 VIII.
630 3838 775 3908 Quid
830 3840 1096 3909 faciemus
1152 3839 1209 3892 in
1264 3837 1353 3892 die
1413 3834 1835 3902 inductiom's“,
1890 3848 2006 3904 qua

348 3928 526 3983 terret
546 3944 637 3984 me
658 3928 897 3998 quidam
932 3926 1371 3999 prophetarum,
1396 3925 1513 3981 sive
1536 3941 1670 3980 cum
1694 3924 2002 3978 nobiscum

348 4014 503 4070 Deus
526 4016 753 4085 judicia
774 4015 1067 4088 loquetur,
1092 4016 1211 4071 sive
1239 4015 1296 4068 in
1322 4013 1621 4069 montibus
1643 4017 1699 4068 et
1729 4011 1999 4073 collibus.

350 4104 853 4174 quemadmodum
871 4104 1224 4171 audivimus,
1248 4104 1365 4158 sive
1384 4118 1745 4174 quaecunque
1762 4105 2000 4161 tandem

348 4191 467 4262 illa,
500 4196 560 4248 et
589 4209 938 4265 quocunque
984 4194 1110 4249 loco
1160 4194 1357 4247 futura
1386 4193 1482 4259 sit,
1536 4208 1670 4247 cum
1700 4208 1805 4248 nos
1837 4209 1999 4249 coar-

348 4283 506 4353 guet,
535 4283 709 4353 atque
739 4298 808 4338 ex
828 4282 1069 4337 adverso
1100 4280 1296 4349 stabit,
1324 4284 1559 4352 peccata
1589 4285 1812 4350 nostra,
1839 4298 1997 4338 acer-

2130 1687 2402 1766 μάχαιραν
2459 1691 2509 1746 ἐν
2536 1697 2616 1765 τῷ
2679 1693 2913 1770 οὐρανῷ,
2974 1697 3214 1773 σφάζειν,
3284 1695 3572 1767 ἇξουθενεῖν
3643 1701 3776 1772 (42),

2120 1775 2372 1833 ἀτεκνοῦν
2403 1780 2796 1855 κελευομένην,
2826 1780 2932 1846 ἓως
2966 1786 3078 1857 (43)
3110 1789 3345 1861 σαρκῶν,
3394 1785 3484 1840 καὶ
3536 1785 3774 1860 μυελῶν,

2119 1866 2208 1921 καὶ
2245 1867 2442 1923 ὀστέων
2499 1872 2573 1944 μὴ
2627 1869 2943 1949 φείδεισθαι.
2994 1871 3152 1947 Οἶδα,
3203 1874 3277 1936 ὡς
3310 1875 3503 1951 ἄρκτον
3548 1875 3779 1950 ἀπορου-

2124 1957 2285 2029 μένην
2337 1962 2472 2033 (44),
2515 1962 2605 2015 τὸν
2654 1963 2857 2035 ἀπαθῆ,
2903 1963 2993 2017 καὶ
3034 1964 3109 2026 ὡς
3159 1962 3426 2039 πάρδαλιν
3454 1965 3775 2021 ἀπαντῶντα

2118 2049 2253 2101 κατὰ
2302 2050 2400 2116 τὴν
2454 2048 2577 2104 ὁδὸν
2640 2051 2961 2126 Ἀσσυρίων,
3010 2052 3072 2107 οὗ
3109 2058 3217 2109 τῶν
3250 2055 3372 2109 τότε
3406 2054 3593 2129 μόνον,
3626 2054 3773 2111 ἀλλά

2116 2136 2204 2189 καὶ
2252 2134 2306 2190 εἷ’
2344 2159 2429 2199 τις
2478 2143 2563 2193 νῦν
2616 2142 2729 2213 (45)
2776 2142 2875 2210 τὴν
2920 2143 3107 2197 κακίαν
3173 2143 3478 2220 ’Δσσύριος·
3524 2144 3611 2199 καὶ
3674 2144 3772 2200 οὐκ

2118 2222 2230 2279 ἐνὸν
2288 2232 2473 2302 φυγεῖν
2530 2228 2593 2282 τὸ
2650 2230 2848 2305 κράτος
2904 2237 3003 2300 τῆς
3081 2230 3248 2307 ὀργῆς
3304 2231 3468 2288 αὐτοῦ
3543 2233 3635 2289 καὶ
3707 2234 3769 2289 τὸ

2114 2314 2309 2389 τάχος,
2334 2316 2459 2371 ἅταν
2492 2320 2814 2394 γρηγορήσῃ
2852 2318 2938 2374 ἐπὶ
2968 2320 3035 2375 τὰ
3084 2316 3400 2394 ἀσεϐήματα
3446 2324 3630 2396 ⁴ἡμῶν,
3680 2322 3771 2378 καὶ

2112 2401 2242 2465 τοὺς
2284 2404 2515 2480 ἐχθροὺς
2563 2406 2727 2462 αὐτοῦ
2770 2406 3080 2485 καταδιώκῃ
3131 2408 3320 2480 ζῆλος,
3370 2409 3560 2467 ἐσθίειν
3611 2409 3771 2476 εἰδὼς

2112 2491 2247 2546 τοὺσ
2287 2493 2648 2558 ὑπεναντίους.
2682 2494 2812 2552 Οἶδα
2857 2497 3201 2576 ἐκτιναγμὸν,
3250 2499 3339 2555 καὶ
3388 2500 3771 2578 ἀνατιναγμὸν,

2114 2583 2203 2636 καὶ
2257 2584 2517 2660 βρασμὸν,
2568 2587 2657 2640 καὶ
2705 2585 2928 2663 καρδίας
2986 2588 3280 2665 θραυσμὸν,
3326 2590 3417 2644 καὶ
3467 2590 3772 2666 παράλυσιν

2113 2674 2372 2747 γονάτων,
2422 2674 2510 2729 καὶ
2566 2680 2791 2730 τοιαῦτα
2840 2676 2965 2733 ὄντα
3009 2679 3078 2733 τὰ
3119 2683 3229 2733 τῶν
3258 2674 3467 2735 ἀσεϐῶν
3499 2680 3766 2754 ἐπιτίμιαο

2114 2759 2185 2814 ἐῶ
2216 2762 2319 2838 γὰρ
2368 2762 2541 2837 λέγειν
2590 2765 2657 2819 τὰ
2706 2765 2900 2821 ἐκεῖθεν
2954 2764 3333 2844 δικαιωτήρια,
3367 2768 3448 2832 οἷς
3477 2771 3511 2839 ἡ
3546 2769 3772 2834 ἐνταῦθα

2115 2848 2283 2929 φειδὼ
2312 2850 2707 2928 παραδίδωσιν,
2739 2855 2815 2917 ὡς
2851 2855 3064 2931 βέλτιον
3099 2856 3232 2912 εἶναι
3280 2862 3368 2914 νῦν
3417 2856 3773 2929 παιδευθῆναι

2117 2939 2205 2993 καὶ
2263 2944 2616 3019 καθαρθῆναι,
2676 2946 2710 3014 ἣ
2768 2943 2839 3018 τῇ
2898 2947 3011 3019 (46)
3067 2945 3265 3002 ἐκεῖθεν
3330 2947 3541 3023 βασάνῳ
3592 2969 3772 3023 παρα-

2117 3032 2451 3107 πεμφθῆναι,
2504 3031 2663 3101 ἡνίκα
2707 3032 2983 3097 κολάσεως
3040 3035 3252 3110 καιρὸς,
3313 3036 3374 3093 οὐ
3436 3036 3768 3113 καθάρσεως.

2119 3120 2320 3196 Ὥσπερ
2349 3120 2449 3197 γὰρ
2481 3122 2705 3176 θανάτου
2736 3122 2993 3199 κρείττων
3027 3124 3055 3179 ὁ
3087 3123 3310 3190 ἐνταῦθα
3364 3131 3498 3182 Θεοῦ
3550 3148 3769 3202 μνημο-

2118 3208 2310 3278 νεύων,
2356 3208 2443 3264 καὶ
2492 3208 2759 3266 κάλλιστα
2799 3214 2877 3285 τῷ
2930 3212 3059 3287 θείῳ
3090 3210 3255 3269 Δαϐὶδ
3283 3219 3443 3271 τοῦτο
3474 3215 3773 3295 πεφιλοσό-

2121 3319 2286 3375 φηται
2318 3317 2331 3331 ο
2409 3298 2581 3362 οὕτως
2657 3300 2755 3355 οὐκ
2829 3298 2969 3357 ἔστιν
3033 3300 3084 3356 ἐν
3116 3298 3217 3377 ᾅδῃ
3272 3308 3391 3367 τοῖς
3441 3303 3767 3361 ἀπελθοῦσιν

2121 3385 2514 3464 ἐξομολόγησις
2544 3409 2631 3443 και
2684 3387 2995 3465 διόρθωσις.
3047 3390 3368 3448 Συνέκλεισε
3413 3394 3514 3470 γὰρ
3565 3396 3593 3449 ὁ
3641 3396 3771 3459 Θεὸς

2119 3475 2339 3541 ἐνταῦθα
2371 3477 2465 3549 μὲν
2495 3477 2583 3532 καί
2618 3479 2732 3553 βίον
2759 3478 2848 3535 καὶ
2880 3482 3091 3557 πρᾶξιν,
3127 3480 3239 3537 ἐκεῖ
3284 3479 3341 3538 δὶ
3368 3482 3467 3551 τὴν
3518 3488 3623 3538 τῶν
3673 3505 3773 3539 πε-

2116 3568 2435 3643 πραγμένων
2469 3566 2720 3637 ἐξέτασιν.

2186 3832 2267 3889 Η’.
2339 3832 2399 3888 Τί
2471 3835 2775 3907 ποιήσομεν
2857 3834 2907 3889 ἐν
2984 3835 3167 3912 ἡμέρᾳ
3244 3834 3531 3915 ἐπαγωγῆς
3698 3859 3768 3913 με

2112 3918 2334 3999 ἐκφοϐεῖ
2362 3924 2473 3997 (47)
2501 3944 2582 3984 τις
2607 3927 2713 3978 τῶν
2742 3928 3057 4004 προφητῶν,
3089 3922 3195 3980 εἴτε
3243 3922 3618 4003 δικαιολογίας
3648 3930 3765 4003 (48)

2108 4015 2205 4066 τοῦ
2256 4016 2390 4066 Θεοῦ
2446 4011 2582 4086 πρὸς
2640 4014 2811 4086 ἡμᾶς,
2863 4011 2969 4069 εἴτε
3012 4020 3115 4083 τῆς
3164 4013 3250 4069 ἐπὶ
3299 4020 3407 4070 τῶν
3456 4015 3623 4093 ὀρέων
3670 4018 3765 4073 καὶ

2114 4102 2344 4174 βουνῶν,
2378 4100 2508 4175 ὅπερ
2558 4100 2890 4176 ἠκούσαμεν,
2940 4100 3047 4157 εἷίτε
3087 4105 3186 4173 τῆς
3217 4103 3508 4161 ὁποιασοῦν
3539 4106 3628 4161 καὶ
3680 4106 3767 4185 ἐφ’

2109 4190 2181 4245 ὧν
2231 4187 2435 4260 δήποτε
2480 4191 2768 4266 γινομὲνης
2820 4190 2943 4247 ὅταν
3012 4189 3276 4270 διελέγχῃ
3341 4196 3451 4269 (49)
3497 4214 3557 4250 τε
3623 4195 3765 4272 πρὸς

2106 4282 2279 4354 ἡμᾶς,
2310 4280 2399 4335 καὶ
2448 4280 2879 4351 ἀντικαθιστῆιαι
3093 4283 3231 4338 κατὰ
3276 4283 3567 4361 πρόσωπον
3600 4287 3765 4359 ἡμῶν

419 4470 1005 4543 ‘3Psal.xv11,_9.“
1070 4467 1421 4543 Psal.__giv,_
1468 4470 1557 4523 32.
1604 4470 1648 4543 $5
1714 4470 1863 4527 Psal.
1934 4487 2071 4543 xvii,
2138 4471 2193 4526 9.
2229 4471 2273 4506 ¹⁸
2331 4468 2485 4526 Psal.
2556 4486 2766 4542 Lxxvu,
2830 4470 2923 4527 50.
2958 4470 3000 4509 1⁷
3066 4470 3269 4530 Ezech.
3327 4490 3442 4543 xxx,
3510 4474 3565 4530 9.
3628 4474 3763 4531 Ose.

343 4553 467 4612 xui,
499 4542 554 4613 7,
581 4544 634 4597 8.
666 4543 709 4579 ιθ
740 4541 972 4598 Nahum
1004 4558 1066 4611 ιι,
1102 4542 1188 4598 10.
1222 4540 1267 4576 ²⁰
1296 4540 1445 4598 Psal.
1479 4558 1558 4609 v1,
1590 4542 1643 4597 6.
1680 4543 1723 4578 ³1
1759 4544 1869 4599 Isa.
1894 4560 1950 4612 x,
1981 4542 2035 4598 3.

411 4739 817 4815 (38)7£TOLXCZ¢1
848 4736 1093 4815 πληγης.
1126 4760 1153 4788 ‹‹
1186 4737 1705 4815 Plagae'elementa.
1738 4742 1997 4815 »_Quem-

342 4810 931 4885 admOdumipueris
982 4810 1262 4885 primum
1319 4810 1602 4885 elementa
1658 4813 1995 4882 traduntur,

340 4884 550 4957 deinde
601 4881 854 4957 syllabae,
908 4881 1038 4939 etci:
1091 4883 1172 4957 ita
1229 4881 1383 4937 Deus
1426 4883 1684 4957 primum
1739 4901 1841 4940 nos
1890 4901 1994 4955 per

345 4977 367 5027 ς
399 4952 653 5027 minores
684 4974 749 5012 ac
779 4952 1021 5013 leviores
1054 4954 1277 5027 plagas,
1304 4975 1331 5001 »
1354 4952 1511 5010 velut
1540 4972 1772 5026 pueros,
1798 4952 1990 5027 ducit;

341 5025 549 5101 deinde
583 5031 932 5101 {graviores
963 5050 991 5077 ››
1026 5025 1282 5101 adhibet.

412 5097 521 5170 (39)
592 5096 1101 5176 Κᾶταφλεγόμενον.
1179 5096 1384 5151 Plures
1464 5098 1657 5165 codd.,
1716 5096 1987 5175 καταφλέ-

376 5187 454 5224 ον.

376 5187 454 5224 ον.

337 5185 370 5243 γ
408 5243 517 5312 (40)
550 5245 754 5314 Ἀκμή.
796 5268 816 5293 α
851 5238 1334 5314 Primitiaihacies
1366 5240 1794 5297 commotionis.
1826 5264 1854 5291 ››

405 5306 517 5381 (41)
548 5306 859 5371 Ὁδοποιῶν.
896 5316 1081 5379 Pass.,
1122 5306 1487 5366 ὁδοποιοῦντι,

400 5378 515 5527 (42)
549 5386 891 5456 Ἐξουθενεῖν.
924 5384 1201 5441 Nonnulli
1232 5384 1472 5451 habent,
1507 5378 1819 5450 ἐξουδενεῖν.

424 5458 491 5512 43
544 5458 704 5519 Ἕως.
738 5461 831 5516 Or.
861 5464 915 5527 2,
950 5458 1038 5511 καὶ
1074 5453 1197 5516 ἕως.
1354 5523 1365 5527 _

424 5453 512 5528 43)
544 5453 704 5519 Ἕως.
738 5461 831 5516 Or.
861 5464 915 5528 2,
950 5458 1038 5511 καὶ
1074 5453 1197 5516 ἕως.

402 5523 517 5605 (44)
547 5530 777 5605 Ἀρκτον
823 5523 1227 5605 ἀπορουμένην.
1256 5523 1509 5605 Vulgata
1541 5528 1985 5605 :_<5_quasi_ursa

2178 4732 2499 4812 (45)7Ei’1:_ic
2528 4739 2639 4793 νῦν.
2672 4738 2846 4812 Coisl.
2878 4741 2931 4811 1,
2964 4744 3022 4796 et
3051 4739 3146 4797 Or.
3176 4740 3232 4812 2,
3284 4736 3335 4795 εί
3375 4760 3459 4802 τις
3509 4737 3591 4812 εἷή
3643 4742 3762 4800 νῦν.

2106 4811 2168 4865 In
2188 4808 2556 4880 quibusdam
2586 4811 2749 4867 deest
2776 4808 2891 4866 νῦν.

2169 4881 2281 4954 (46)
2310 4880 2406 4953 Τῇ.
2458 4881 2551 4937 Sic
2602 4887 2781 4956 Regg.
2832 4886 2953 4956 bm,
2986 4882 3089 4956 ph,
3135 4886 3193 4940 et
3232 4882 3406 4941 Coisl.
3440 4884 3492 4943 1.
3524 4883 3590 4942 Ιιι
3637 4886 3761 4956 ed.,

2100 4957 2165 5020 τῆ
2181 4972 2225 5012 ς.

2170 5025 2283 5104 (£1)
2315 5018 2586 5102 Ἐκφοϐει.
2616 5027 2681 5081 In
2709 5026 3089 5099 quibusdam,
3113 5019 3291 5104 φοϐεῖ.
3325 5027 3391 5083 In
3422 5027 3752 5099 nonnullis,

2104 5089 2272 5172 φοίδῆἓ

2169 5163 2280 5251 (ιβ)
2310 5163 2435 5252 ξῖιτε
2477 5164 2869 5252 δικαιολογίας,
2899 5174 3014 5252 etc.
3046 5193 3069 5221 σ
3103 5171 3234 5252 _Siv_e
3274 5170 3424 5252 justi
3470 5171 3573 5252 ρει
3622 5186 3765 5244 ergo.

2097 5256 2203 5295 nos
2227 5240 2460 5310 judicii.
2490 5263 2510 5290 ι
2549 5240 2757 5297 Billius
2791 5260 2803 5298 :
2836 5262 2857 5291 ι
2898 5244 3012 5299 [loc
3044 5246 3133 5299 est
3176 5240 3385 5299 divinis
3416 5244 3489 5299 ad
3522 5260 3631 5300 nos
3660 5240 3761 5300 ei-

2097 5311 2543 5383 postulationis.
2579 5335 2600 5365 ι

2168 5385 2273 5459 (βῼ)
2308 5380 2602 5457 Διελὲγχῃ.
2654 5384 2837 5458 Regg.
2889 5402 2943 5456 a,
2994 5402 3044 5457 ο,
3099 5385 3202 5459 ph,
3246 5384 3421 5442 Coisl.
3475 5387 3526 5457 1,
3573 5386 3669 5443 Or.
3703 5386 3761 5457 2,

2098 5449 2475 5550 seat-mm-

2165 5525 2821 5605 (βρΓΑντικαθιστῆταιη
2851 5529 2945 5587 Sic
2996 5530 3140 5605 Reg.
3182 5548 3237 5602 8,
3290 5532 3350 5588 et
3394 5528 3573 5588 Coisl.
3605 5529 3659 5588 1.
3694 5528 3763 5587 In

328 5596 527 5675 raptis
571 5596 861 5675 catulis,»
903 5596 1203 5673 etcheg.
1266 5596 1397 5669 bm,
1448 5601 1506 5653 el:
1563 5596 1769 5671 Nicet.,
1823 5598 1984 5675 ἄρκον

2129 5596 2268 5656 ditis
2301 5614 2454 5670 vero,
2483 5596 2938 5666 ἀντικαθιστᾶται.

331 5666 680 5749 [mendose].
