4094 6288
342 455 460 516 945

1262 450 1553 512 ORATIO
1596 451 1758 513 XVI.
1794 485 1870 497 -
1900 452 1980 512 IN
2023 452 2343 513 PATREM
2388 450 2838 513 TACENTEM.

3645 447 3763 512 946

346 580 496 644 ἱστὰς
523 578 592 636 τὰ
614 580 1007 656 ἁμαρτήματα,
1043 580 1173 643 τοὺς
1220 579 1449 655 πικροὺς
1496 580 1856 656 κατηγόρους,
1905 582 1995 637 καὶ

2110 584 2216 641 bos
2246 588 2304 639 et
2348 583 2746 639 amarulentos
2806 588 3198 651 accusatores,
3231 580 3400 638 nobis
3453 580 3513 636 in
3552 581 3759 638 faciem

346 671 426 734 οἷς
470 668 526 725 εὗ
572 669 939 744 πεπόνθαμεν,
992 669 1024 724 ἃ
1094 669 1452 743 ἠνομήσαμεν
1526 672 1844 746 ἆντεξάγων,
1913 671 2002 727 καὶ

346 759 605 836 λογισμῷ
651 758 921 835 λογισμὸν
972 756 1257 829 πλήσσων,
1306 758 1396 813 καὶ
1445 760 1631 835 πράξει
1672 762 1860 835 πρᾶξιν
1914 760 2001 815 εύ-

347 850 543 921 θύνων,
577 849 665 904 καὶ
696 850 759 903 τὸ
809 855 910 918 τῆς
961 847 1167 910 εἰκόνος
1197 848 1436 903 ἀπαιτῶν
1470 848 1702 923 ἀξίωμα,
1732 851 1811 923 τῷ
1843 850 2003 923 κακίᾳ

346 936 783 1009 συνθολωθείσης
844 938 933 992 καὶ
989 936 1371 1014 συγχυθείσης,
1424 939 1487 992 τὸ
1540 937 1848 994 τελευταῖον
1899 940 2000 994 ἀπ-

342 1026 461 1103 άγει
504 1030 613 1102 (51)
646 1024 842 1089 αὐτοὺς
874 1026 960 1104 ὑφ’
992 1027 1193 1081 ἑαυτῶν
1242 1027 1735 1104 κατεγνωσμένους,
1768 1029 1857 1083 καὶ
1904 1050 1999 1083 κα-

339 1118 784 1194 τακεκριμένους,
834 1116 923 1172 καὶ
970 1114 1095 1172 οὐδὲ
1143 1117 1216 1180 ὡς
1268 1115 1425 1172 ἄδικα
1455 1119 1741 1194 πάσχομεν
1775 1121 1887 1194 (52)
1919 1119 1999 1175 εἰ·

340 1212 461 1262 πεῖν
492 1203 742 1282 ἔχοντας,
776 1204 907 1281 ὅπερ
941 1204 1163 1261 ἐνταῦθα
1204 1210 1321 1268 τοῖς
1372 1207 1673 1283 πάσχουσιν
1722 1207 1859 1263 ἔστιν
1910 1206 2000 1263 ὅτε

341 1296 520 1351 ἰκανὸν
556 1296 631 1358 εἰς
660 1296 1002 1372 παραμυθίαν
1024 1298 1122 1364 τῆς
1151 1294 1556 1371 κατακρίσεως;

2114 679 2379 730 statuens
2408 675 2474 744 ”,
2508 677 2858 745 acceptaque
2888 672 3169 728 beneficia
3200 688 3334 726 cum
3356 671 3448 742 iis,
3478 687 3605 743 quae
3648 671 3762 727 ini-

2114 782 2227 837 que
2265 764 2636 831 admisimus,
2685 778 2752 817 ex
2785 764 3024 817 adverso
3057 761 3379 830 conferens,
3433 764 3489 815 et
3546 760 3760 831 cogita-

2109 855 2269 909 tione
2300 852 2734 924 cogitationem,
2768 851 3101 916 verberans,
3136 854 3191 904 et
3220 848 3442 904 actione
3472 849 3758 904 actionem

2111 943 2438 1012 exquirens,
2502 945 2559 995 et
2608 940 2746 995 vitio
2802 940 3211 994 contaminatae
3276 942 3449 1010 atque
3505 938 3759 993 confusae

2109 1031 2386 1103 imaginis
2408 1030 2753 1100 dignitatem
2776 1046 2809 1084 a
2831 1029 3000 1084 nobis
3024 1043 3363 1099 exposcens,
3387 1044 3493 1082 nos
3518 1028 3757 1083 demum

2110 1123 2375 1188 abducet,
2404 1136 2437 1173 a
2456 1118 2894 1189 nobismetipsis
2917 1118 3213 1188 judicatos
3244 1121 3299 1171 et
3314 1118 3753 1187 condemnatos,

2108 1210 2342 1283 hucque
2372 1209 2678 1274 abductos,
2697 1211 2761 1262 ut
2782 1223 2853 1262 ne
2882 1206 2940 1261 id
2974 1206 3211 1277 quidem
3235 1206 3427 1261 dicere
3444 1222 3751 1278 queamus,

2108 1316 2213 1355 nos
2245 1299 2446 1370 inique
2468 1297 2755 1369 supplicio
2788 1295 3160 1359 afﬁci‘?Quod
3192 1296 3428 1368 quidem
3468 1295 3564 1351 hic
3595 1297 3753 1368 apud

335 1401 457 1457 eos,
498 1385 598 1458 qui
642 1401 845 1458 poenas
891 1384 1083 1455 luunt,
1135 1402 1562 1459 nonnunquam
1613 1387 1763 1443 hanc
1819 1387 1937 1443 vim
1985 1386 2181 1457 habet,
2234 1392 2299 1443 ut
2343 1402 2545 1443 eorum
2591 1384 3135 1441 condemnationem
3184 1388 3241 1440 et
3288 1384 3614 1440 cruciatum
3664 1384 3750 1441 le-

337 1476 461 1533 niat

407 1562 480 1616 6"
514 1562 660 1618 Ἐκεῖ
694 1558 752 1615 δὶ
778 1564 863 1624 τίς
896 1562 1241 1638 συνήγορος;
1273 1567 1408 1618 ποῖα
1454 1565 1691 1639 statim;
1742 1562 1823 1625 τίς
1870 1565 1995 1638 ψευ-

338 1646 437 1720 δὴς
472 1648 775 1727 ἀπολογία;
824 1650 957 1705 ποία
1004 1649 1295 1722 πιθανότης
1345 1650 1593 1728 ἔντεχνος
1620 1670 1634 1721 ;
1664 1652 1749 1714 τίς
1781 1650 1993 1707 ἐπίνοια

335 1740 472 1794 κατᾶ
527 1741 626 1808 τῆς
688 1738 946 1810 ἀληθείας
1004 1739 1419 1817 παραλογιεῖται
1489 1742 1552 1796 τὸ
1618 1737 1989 1816 δικαστήριον,

335 1828 425 1883 καὶ
475 1825 702 1902 κλέάψει
742 1828 842 1898 τὴν
907 1827 1072 1905 ὀρθὴν
1130 1828 1302 1905 κρίσιν
1366 1834 1484 1893 τοῖς
1530 1834 1661 1884 πᾶσι
1711 1831 1885 1884 πάντα
1937 1828 1986 1885 ἐν

338 1920 483 1993 ζυγῷ
510 1918 768 1986 τιθεῖσαν,
796 1916 887 1972 καὶ
927 1916 1143 1994 πρᾶξιν,
1173 1916 1261 1973 καὶ
1312 1915 1501 1994 λόγον,
1552 1918 1643 1973 καὶ
1693 1916 1986 1992 διανόημα,

331 2005 422 2061 καὶ
453 2008 842 2077 ἀντισηκοῦσαν
874 2008 987 2080 (53)
1016 2010 1133 2069 τοῖς
1164 2011 1431 2081 πονηροῖς
1459 2008 1527 2062 τὰ
1579 2005 1851 2081 βελτίονα,
1897 2006 1989 2062 ’ἱνα

2175 1564 2265 1621 ΙΧ.
2304 1563 2426 1619 illic
2459 1567 2656 1618 autem
2710 1561 2841 1633 quis
2899 1561 3225 1633 patronus?
3281 1560 3413 1633 quis
3447 1562 3749 1633 speciosus

2100 1654 2308 1710 titulus
2333 1658 2355 1709 Ρ
2376 1670 2503 1724 quae
2536 1653 2731 1707 fucata
2760 1650 3021 1706 defensio
3042 1650 3069 1705 ?
3100 1666 3226 1721 qua:
3269 1650 3582 1706 artificiosa
3628 1651 3748 1707 veri

2100 1742 2424 1799 similitudo
2445 1741 2473 1796 ?
2503 1744 2636 1807 Quae
2667 1739 2896 1795 consilii
2916 1741 3196 1795 adversus
3224 1738 3531 1795 veritatem
3562 1740 3748 1795 soler-

2097 1833 2180 1888 tia
2209 1830 2464 1887 tribunal
2487 1830 2631 1885 illud
2656 1829 3089 1895 circumveniet,
3122 1845 3187 1884 ac
3205 1831 3427 1884 rectum
3452 1828 3745 1899 judicium

2098 1920 2312 1993 eludet,
2346 1920 2544 1976 omnia
2572 1919 2847 1975 omnibus
2872 1918 2931 1973 in
2962 1922 3183 1973 statera
3216 1916 3531 1986 collocans,
3564 1918 3746 1974 actio-

2098 2029 2254 2078 nem,
2305 2026 2660 2076 sermonem,
2718 2008 3151 2080 cogitationem,
3183 2007 3549 2079 virtutesque
3607 2023 3741 2064 cum

328 2092 392 2149 τὰ
426 2092 591 2171 ῥέπον
622 2096 835 2170 νικήσῃ,
865 2093 954 2148 καὶ
989 2094 1122 2168 μετά
1148 2099 1245 2149 τοῦ
1293 2094 1547 2157 πλείονος
1592 2098 1626 2165 ἡ
1675 2099 1856 2175 ψῆφος
1896 2097 1982 2173 γέ-

2100 2101 2244 2156 vitiis
2266 2117 2335 2156 ex
2364 2116 2527 2168 aequo
2557 2098 2904 2170 rependens,
2944 2101 3027 2165 ut,
3063 2096 3218 2167 quod
3249 2097 3593 2167 propendet,
3649 2097 3739 2151 vi-

327 2204 507 2256 νηται,
544 2184 663 2257 μεθ’
694 2185 755 2253 ἣν
798 2182 896 2238 οὐκ
924 2181 1122 2262 ἔφεσις,
1151 2183 1213 2239 οὐ
1244 2185 1434 2261 κριτὴς
1469 2183 1832 2262 ὑψηλότερος,
1883 2185 1983 2241 οὐκ

326 2271 601 2348 ἀπολογία
649 2271 720 2328 δι’
768 2271 941 2347 ἔργων
995 2270 1281 2345 δευτέρων,
1330 2272 1428 2327 οὐκ
1456 2269 1637 2328 ἔλαιον
1671 2273 1817 2347 παρὰ
1871 2278 1977 2329 τῶν

326 2361 604 2440 φρονίμων
654 2360 957 2436 παρθένων,
1006 2361 1042 2431 ἢ
1072 2365 1180 2415 τῶν
1234 2360 1591 2435 πωλούντων,
1640 2368 1759 2425 ταῖς
1805 2361 1981 2419 ἐκλει-

326 2450 552 2513 πούσαις
604 2448 901 2523 λαμπάσιν,
953 2449 1013 2504 οὗ
1086 2449 1416 2524 μεταμέλεια
1479 2450 1749 2507 πλουσίου
1815 2450 1979 2531 φλογὶ

324 2538 652 2614 τηκομένου,
684 2538 775 2593 καὶ
804 2542 921 2600 τοῖς
967 2538 1190 2601 οἰκείοις
1236 2538 1618 2609 ἐπιζητοῦντος
1669 2538 1978 2617 διόρθωσιν,

330 2630 391 2687 οὐ
448 2628 751 2706 προθεσμία
812 2629 1244 2702 μεταποιήσεως.
1302 2627 1450 2684 ἀλλὰ
1503 2628 1594 2684 καὶ
1649 2630 1839 2704 μόνον,
1891 2630 1982 2685 καὶ

327 2717 662 2787 τελευταῖον,
720 2714 810 2771 καί
860 2712 1090 2795 φοϐερὰν
1140 2716 1202 2772 τὸ
1251 2719 1559 2793 κριτήριον,
1623 2718 1712 2773 καὶ
1776 2717 1979 2774 δίκαιον

329 2805 494 2865 πλέον
528 2808 563 2876 ἢ
597 2804 718 2861 ὅσον
753 2801 1033 2884 ἰπίφοϐον,
1070 2804 1283 2880 μᾶλλον
1316 2804 1375 2861 δὲ
1404 2806 1493 2862 διὰ
1520 2812 1681 2863 τοῦτο
1730 2808 1819 2863 καὶ
1868 2810 1980 2883 (54)

330 2891 726 2975 φοϐερώτερον,
758 2894 842 2950 δτι
877 2895 968 2950 καὶ
1001 2892 1204 2950 δίκαιον
1235 2914 1250 2965 ;
1300 2895 1485 2953 Ἡνίκα
1542 2896 1729 2969 θρόνοι
1786 2896 1981 2973 προτί-

334 2986 532 3057 θενται,
552 2984 642 3038 καὶ
674 2984 913 3047 Παλαιὸς
941 2987 1185 3059 ἡμερῶν,
1211 2986 1614 3060 πρεκαθέζεται,
1646 2986 1736 3041 καὶ
1794 2982 1980 3061 βίϐλοι

334 3071 639 3149 ἀνοίγονται
673 3075 806 3147 (55),
846 3073 936 3128 καὶ
980 3074 1226 3148 ποταμὸς
1275 3075 1444 3151 πυρὸς
1492 3073 1730 3145 ἓλκεται,
1783 3075 1871 3130 καὶ
1919 3076 1980 3130 τὸ

326 3167 442 3242 φῶς
502 3160 824 3239 ἔμπροσθεν,
882 3163 972 3217 καὶ
1029 3163 1091 3218 τὸ
1149 3162 1338 3225 σκότος
1406 3166 1833 3237 ἡτοιμασμένον’
1891 3164 1979 3219 καὶ

325 3252 680 3329 πορεύσονται
907 3252 957 3307 οἱ
1006 3253 1073 3307 τὰ
1144 3251 1316 3329 ἀγαθὰ
1361 3252 1685 3324 ποιήσαντες
1730 3253 1807 3315 εἰς
1857 3252 1980 3307 ἀνά-

329 3363 508 3397 στασιν
555 3346 721 3412 ζῶῆς,
767 3343 866 3410 τῆς
921 3341 973 3396 ἰν
1021 3343 1242 3416 Χριστῷ
1287 3346 1379 3397 νῦν
1429 3341 1833 3417 κρυπτομένης,
1891 3343 1981 3397 καὶ

329 3429 547 3508 ὕστερον
599 3430 745 3503 αότῷ
801 3429 1335 3509 συμφανερουμένηςο
1413 3432 1470 3486 οἳ
1537 3429 1594 3487 δὲ
1662 3432 1728 3487 τὰ
1802 3431 1981 3511 φαῦλα

325 3519 615 3596 πράξαντες
670 3519 746 3583 εἷς
791 3520 1072 3576 ἀνάστασιν
1121 3519 1371 3596 κρίσεως,
1420 3522 1481 3592 ἣν
1526 3519 1634 3592 ἣδη
1686 3520 1832 3598 παρᾶ
1884 3526 1981 3577 τοῦ

326 3608 604 3687 κρίνοντος
679 3608 873 3672 αὐτοὺς
941 3608 1110 3688 λόγου
1192 3611 1242 3665 οἳ
1302 3611 1377 3685 μή
1437 3610 1808 3674 πιστεύσαντες
1869 3613 1979 3686 (57)

327 3698 717 3776 κατεκρίθησαν
747 3720 759 3732 ·
829 3700 918 3754 καὶ
960 3699 1090 3763 τοὺς
1142 3701 1234 3775 μὲν
1283 3700 1345 3755 τὸ
1391 3698 1659 3780 ἄφραστον
1709 3706 1821 3779 φῶς
1872 3698 1981 3756 δια-

329 3786 532 3860 δέξεται
566 3790 697 3862 (58),
742 3787 830 3843 καὶ
870 3790 905 3858 ἡ
966 3795 1063 3859 τῆς
1113 3789 1265 3866 ἁγίας
1306 3789 1396 3844 καὶ
1449 3790 1735 3865 βασιλικῆς
1783 3790 1981 3866 θεωρία

327 3874 561 3954 Τριάδος
593 3874 993 3950 έλλαμπούσης
1030 3878 1365 3954 τρανώτερόν
1414 3899 1473 3933 τε
1526 3878 1616 3933 καὶ
1670 3880 1976 3955 καθαρώτε-

328 3987 442 4042 ρον,
475 3966 566 4021 καὶ
596 3964 734 4035 ὅλης
782 3964 899 4038 ’ὀλῳ
946 3963 1033 4020 νοΐ
1086 3967 1444 4041 μιγνυμένης,
1494 3969 1554 4035 ἣν
1586 3964 1651 4035 δὴ
1684 3967 1772 4021 καὶ
1806 3966 1977 4038 μόνην

329 4053 566 4128 μάλιστα
600 4052 877 4130 βασιλείαν
925 4052 1167 4130 οὐρανῶν
1208 4053 1319 4129 ἐγὼ
1349 4054 1559 4127 τίθεμαι
1586 4073 1599 4086 ο
1631 4059 1749 4116 τοῖς
1778 4056 1888 4128 (59)
1923 4053 1980 4110 δὲ

330 4145 464 4216 μετά
489 4146 597 4198 τῶν
630 4140 817 4198 ἄλλων
854 4140 1110 4219 βάσανος,
1140 4141 1353 4216 μᾶλλον
1388 4140 1446 4198 δὲ
1474 4142 1580 4219 πρὸ
1608 4146 1714 4197 τῶν
1766 4140 1975 4213 ἄλλων,

323 4232 386 4286 τὸ
416 4230 738 4311 ἀπερρίφθαι
788 4235 942 4305 Θεοῦ,
991 4230 1081 4287 καὶ
1122 4233 1158 4301 ἡ
1209 4230 1260 4286 ἂν
1317 4236 1397 4305 τῷ
1446 4229 1711 4286 συνειδότι
1741 4231 1972 4306 αἰσχύνη

325 4320 493 4395 πέρας
528 4319 626 4374 οὐκ
654 4318 877 4394 ἔχουσα.
909 4320 1009 4375 Καὶ
1041 4323 1209 4376 ταῦτα
1242 4321 1335 4393 μὶν
1364 4320 1607 4398 ὕστερον.

2089 2190 2333 2247 ctoriam
2367 2189 2648 2256 obtineat,
2678 2192 2853 2258 atque
2884 2186 2954 2241 ab
2987 2184 3266 2257 ampliore
3305 2189 3471 2257 parte
3503 2189 3736 2241 senten-

2089 2278 2171 2335 tia
2201 2282 2332 2344 stet,
2368 2281 2500 2349 post
2530 2293 2708 2347 quam
2752 2292 2866 2330 non
2902 2276 3028 2345 jam
3063 2275 3390 2344 provocatio
3445 2280 3735 2347 superest,

2090 2385 2208 2423 non
2239 2364 2765 2435 sublimiorjudex,
2799 2380 2915 2418 non
2939 2362 3052 2418 alia
3083 2378 3278 2434 opera,
3303 2378 3406 2435 per
3435 2379 3560 2434 quae
3584 2363 3739 2435 quis-

2092 2456 2249 2528 piam
2278 2470 2510 2527 poenam
2542 2454 2904 2525 deprecetur,
2941 2468 3079 2521 non,
3128 2450 3535 2507 deficientibus
3591 2450 3737 2507 1am-

2091 2545 2362 2617 padibus,
2422 2542 2641 2611 oleum,
2672 2559 2703 2597 a
2735 2540 3124 2613 prudentibus
3171 2539 3520 2612 virginibus,
3552 2545 3654 2595 aut
3709 2558 3743 2596 a

2088 2632 2476 2690 vendentibus
2508 2637 2812 2704 acceptum
2833 2631 2897 2702 ’³,
2922 2646 3039 2685 non
3064 2630 3262 2685 divitis
3285 2629 3445 2685 illius
3458 2630 3743 2701 poeniten-

2090 2723 2191 2793 tia,
2217 2722 2466 2777 ﬂammae
2499 2721 2760 2777 cruciatu
2792 2719 3173 2791 liquescentis
3204 2719 3268 2789 9",
3301 2735 3365 2775 ac
3398 2720 3745 2791 propinquis

2093 2812 2215 2868 suis
2245 2812 2661 2867 correctionem
2691 2809 3065 2881 requirentis,
3099 2825 3213 2863 non
3248 2808 3499 2879 denique
3516 2810 3742 2880 praasti-

2092 2906 2287 2957 tutum
2312 2902 2443 2956 vitae
2471 2900 2529 2954 in
2564 2900 2777 2955 melius
2809 2898 3231 2954 commutanda:
3262 2901 3497 2968 tempus
3523 2914 3536 2965 ;
3562 2898 3663 2954 sed
3686 2902 3744 2954 et

2092 2990 2307 3058 solum,
2338 2995 2395 3045 et
2418 2994 2803 3062 postremum,
2839 3005 2903 3042 ac
2935 2986 3304 3042 formidabile
3346 2985 3491 3041 illud
3548 2987 3741 3043 tribu-

2091 3078 2187 3135 nal
2209 3079 2337 3147 erit,
2362 3079 2669 3150 magisque
2689 3076 2865 3132 etiam
2876 3077 3109 3147 justum
3130 3091 3308 3147 quam
3330 3074 3701 3131 formidabile
3724 3094 3737 3145 ;

2092 3168 2230 3236 imo,
2264 3171 2329 3223 ut
2363 3166 2577 3222 rectius
2608 3168 2819 3233 dicam,
2853 3165 3069 3220 idcirco
3101 3162 3553 3233 formidabilius,
3605 3165 3742 3237 quia

2090 3258 2316 3329 justum
2339 3256 2366 3311 ?
2395 3258 2515 3322 Quo
2547 3255 2784 3327 quidem
2809 3258 3069 3326 tempore
3101 3254 3296 3309 throni
3317 3259 3738 3326 proponentur,

2091 3350 2148 3402 et
2179 3346 2468 3416 Antiquus
2499 3346 2725 3400 dierum
2749 3343 2994 3413 sedebit,
3043 3347 3100 3400 et
3134 3342 3269 3398 libri
3300 3343 3653 3415 aperientur,
3687 3348 3744 3400 et

2093 3433 2247 3489 306
2277 3434 2486 3506 igneus
2518 3432 2729 3488 ﬂuvius
2772 3430 3054 3497 volvatur,
3109 3434 3167 3486 et
3199 3429 3300 3486 lux
3346 3447 3380 3486 a
3428 3430 3638 3501 fronte,
3688 3437 3744 3488 et

2094 3526 2309 3596 parata:
2337 3523 2589 3578 tenebrae
2612 3522 2693 3577 ’5:
2721 3538 2786 3577 ac
2820 3522 3136 3593 procedent
3152 3520 3252 3592 qui
3274 3521 3427 3576 bona
3455 3521 3742 3589 fecerunt,

2091 3613 2148 3668 in
2180 3612 2664 3669 resurrectionem
2693 3611 2823 3667 vitae
2853 3612 2918 3677 ³⁸,
2951 3627 3107 3665 nunc
3141 3609 3378 3682 quidem
3407 3610 3468 3664 in
3512 3609 3745 3665 Christo

2090 3702 2443 3758 absconditae
2472 3702 2536 3769 ³⁷,
2569 3716 2770 3756 verum
2796 3704 2999 3770 postea
3026 3698 3205 3754 simul
3238 3714 3371 3754 cum
3393 3698 3521 3769 ipso
3554 3698 3741 3753 mani-

2090 3791 2367 3846 festandro
2396 3790 2535 3860 :qui
2557 3794 2752 3844 autem
2785 3788 2939 3843 mala
2987 3791 3233 3857 egerunt
3272 3787 3332 3841 in
3364 3787 3739 3842 resurrectio-

2089 3896 2222 3935 nem
2248 3878 2552 3950 judicii",
2586 3894 2700 3948 quo
2750 3876 2925 3931 etiam
2977 3876 3019 3929 ii
3063 3875 3163 3946 qui
3223 3891 3339 3931 non
3388 3876 3653 3944 credunt,
3706 3893 3739 3931 θ.

2086 3969 2259 4025 verbo
2290 3984 2388 4023 eos
2412 3965 2718 4036 judicante
2762 3966 2885 4035 jam
2918 3964 3291 4019 condemnati
3322 3968 3457 4019 sunt
3488 3980 3499 4018 :
3563 3969 3739 4035 atque

2087 4056 2219 4112 illos
2251 4056 2487 4127 quidem
2518 4054 2618 4108 lux
2648 4053 2806 4108 omni
2842 4069 3109 4108 sermone
3164 4052 3533 4122 praestantior
3587 4054 3738 4110 exci-

2088 4147 2223 4219 piet,
2253 4151 2309 4201 et
2339 4148 2553 4200 sanctae
2613 4143 2900 4216 regiaeque
2945 4141 3250 4198 Trinitatis
3281 4142 3487 4215 purius
3512 4143 3635 4213 jam
3685 4147 3742 4199 et

2086 4234 2304 4292 clarius
2336 4231 2750 4296 illuminantis,
2782 4234 3083 4302 totamque
3116 4246 3178 4286 se
3208 4247 3342 4285 cum
3395 4235 3515 4286 tota
3545 4235 3740 4287 mente

2093 4322 2416 4387 miscentis,
2446 4319 2881 4392 contemplatio,
2915 4319 2976 4374 in
3021 4335 3135 4391 qua
3166 4334 3292 4391 ego,
3323 4318 3410 4374 vel
3442 4319 3567 4375 sola
3595 4336 3739 4392 prae-

327 4411 518 4483 cipue,
550 4426 797 4483 regnum
823 4412 1099 4468 caelorum
1122 4411 1379 4485 positum
1405 4430 1566 4470 essse
1593 4428 1837 4473 censeo:
1870 4412 1978 4469 hos
2005 4416 2224 4477 autem,
2256 4411 2436 4466 simul
2468 4426 2603 4465 cum
2663 4408 2817 4479 aliis,
2848 4408 2938 4463 vel
2978 4407 3175 4480 potius
3225 4412 3360 4463 ante
3416 4408 3549 4479 alia,
3581 4409 3740 4465 istud

326 4500 713 4569 excruciabit,
744 4500 900 4572 quod
932 4518 967 4557 a
997 4503 1111 4557 Deo
1140 4502 1384 4574 projecti
1417 4502 1558 4573 sint,
1589 4506 1765 4575 atque
1795 4501 2057 4558 inustam
2079 4501 2139 4557 in
2162 4499 2520 4559 conscientia
2541 4498 2908 4570 sempiternis
2936 4496 3269 4569 ignominiaa
3294 4501 3493 4554 notam
3511 4502 3739 4570 gerant.

326 4592 546 4647 Verum
577 4589 697 4646 haec
727 4591 1041 4664 posterius.

395 4678 452 4734 I'.
486 4680 591 4732 Νῦν
625 4674 682 4732 δὲ
710 4676 761 4732 τί
803 4680 1130 4752 ποιήσωμεν
1188 4680 1321 4754 (60),
1369 4677 1618 4758 ἀδελφοὶ,
1670 4698 1979 4753 συντετριμ-

330 4763 506 4841 μένοι,
558 4765 650 4820 καὶ
691 4768 1178 4841 τεταπεινωμένοι,
1221 4768 1312 4821 καὶ
1372 4766 1680 4842 μεθύοντες,
1738 4767 1837 4823 ούκ
1872 4766 1978 4821 ἀπὸ

326 4854 529 4930 σίκερα,
563 4852 687 4911 ούδὶ
715 4855 823 4911 ἀπὸ
882 4854 1051 4931 oi’vou,
1100 4862 1198 4913 τοῦ
1249 4859 1385 4935 πρὸς
1437 4856 1624 4936 ὀλίγον
1654 4857 1978 4919 σαλεύοντος

325 4942 416 4998 καὶ
450 4944 816 5019 σκοτίζοντος,
849 4946 977 5002 ἀλλ’
1032 4946 1139 5002 ἀπὸ
1186 4953 1287 5019 τῆς
1343 4946 1568 5025 πληγῆς
1623 4950 1684 5019 ἣν
1734 4946 1979 5024 ἐπήγαγε

2158 4683 2221 4735 Χ.
2255 4679 2423 4735 Nunc
2452 4680 2648 4734 autem
2680 4676 2821 4749 quid
2852 4675 3155 4744 faciemus,
3191 4675 3418 4744 fratres,
3479 4676 3734 4744 contriti,

2087 4772 2144 4825 et
2172 4768 2488 4836 humiliati,
2557 4770 2613 4822 et
2656 4766 2822 4834 ebrii,
2860 4782 2976 4823 non
3002 4782 3035 4821 a
3064 4766 3269 4833 sicera,
3304 4780 3410 4821 nec
3441 4780 3476 4821 a
3505 4764 3638 4821 vino
3669 4766 3733 4834 ’9,

2088 4859 2245 4931 quod
2277 4859 2349 4913 ad
2382 4858 2553 4913 breve
2582 4860 2817 4929 tempus
2848 4856 3115 4911 animum
3147 4854 3347 4927 agitat,
3381 4854 3552 4927 eique
3582 4858 3737 4911 tene-

2087 4947 2224 5003 bras
2254 4946 2521 5016 oﬂ‘undit,
2556 4946 2656 5001 sed
2680 4962 2715 5001 a
2733 4944 2926 5017 plaga,
2943 4959 3123 5016 quam
3153 4942 3438 5000 Dominus
3472 4942 3692 5000 invexit
3720 4960 3734 5012 ;

398 5135 469 5221 ιζ
502 5139 669 5221 Ριξξι]ἰ
691 5155 842 5213 xmx,
871 5142 992 5221 21‘.‘
1018 5143 1063 5180 ³⁸
1089 5143 1293 5221 Matth.
1324 5160 1452 5214 xxv,
1474 5144 1509 5200 8
1539 5160 1669 5221 sqq.
1746 5146 1791 5180 "
1815 5145 1948 5201 Luc.
1981 5160 2003 5199 ι

2116 5149 2208 5207 24.
2287 5151 2332 5185 ³⁵
2361 5149 2506 5207 Dan.
2528 5166 2630 5218 vn,
2654 5150 2689 5205 9
2718 5165 2849 5221 sqq.
2926 5148 2969 5184 ²⁶
2990 5148 3158 5205 Joan.
3190 5163 3244 5219 v,
3272 5148 3362 5206 29.
3440 5148 3485 5184 ³⁷
3516 5147 3735 5207 Coloss.

328 5222 414 5279 nx,
434 5209 490 5267 3.
566 5210 613 5248 ³⁸
639 5213 804 5271 Joan.
826 5209 899 5283 ἐν,
927 5215 1020 5273 29.
1096 5216 1144 5254 ²⁰
1172 5216 1284 5275 Isa.
1314 5209 1507 5289 xxxix,
1534 5211 1591 5273 9.

487 5502 509 5585 )
531 5502 853 5585 -ῌάσχομεν,
884 5502 992 5565 δίο.
1010 5502 1178 5585 Bass.
1194 5550 1208 5575 ,
1233 5502 1543 5585 miqiovta;
1565 5502 1731 5562 εἶπεῖν
1747 5502 1969 5585 ἔχομεν.

531 5574 975 5655 ᾊ-ντξισηκοῦσαν.
1010 5574 1277 5655 Montem,
1319 5574 1754 5655 ἀντεισάγουσαν.

415 5646 510 5715 54)
565 5647 862 5704 Kal.Deest
887 5650 947 5706 in

418 5717 510 5771 55l
558 5718 891 5771 ’Δνοίγονται
902 5765 915 5771 -

417 5718 512 5862 ἓέ

1017 5650 1269 5705 luribus.

558 5718 915 5814 ἰρινοίγονται.
947 5718 1222 5814 Μτρρὶξοη
1284 5718 1669 5814 διανοίγοντατξ.

455 5429 506 5504 1)
539 5430 765 5507 Δπάγει.
799 5433 979 5507 Regg.
1007 5450 1060 5501 α,
1106 5449 1157 5503 o,
1201 5436 1324 5502 bm,
1365 5436 1465 5508 ph,
1498 5436 1595 5493 0r.
1653 5437 1710 5503 2,
1770 5435 1970 5513 ἀπάγῃ.

415 5504 509 5574 52)
538 5502 853 5579 Πάσ-χομεν,
884 5512 992 5565 etc.
1022 5508 1208 5575 Pass.,
1233 5507 1543 5581 πάσγοντας
1565 5506 1731 5562 εἶπεῖν
1747 5506 1969 5585 ἔχομεν.

414 5574 507 5647 53)
531 5580 975 5646 Ἀντισηκοῦσαν.
1010 5582 1277 5647 Montac.,
1319 5573 1754 5655 ἀντεισάγουσαν.

415 5646 510 5715 54)
565 5647 862 5704 Kal.Deest
887 5650 947 5706 in
1017 5650 1269 5705 luribus.

418 5717 512 5862 55)
558 5718 915 5814 ’Δνοίγονται.
947 5667 1222 5806 δῗορῐαοη
1284 5718 1669 5796 διανοίγονται.

417 5789 490 5847 56
551 5794 937 5862 Πορευσονται.
995 5795 1091 5855 Sic
1117 5798 1296 5862 Regg.
1329 5812 1385 5862 a,
1443 5804 1563 5853 bm.
1614 5796 1766 5854 Editi
1819 5814 1970 5862 vero.

551 5794 937 5867 Πορεύσονται.
995 5794 1091 5855 Sic
1117 5798 1296 5868 R033.
1329 5812 1385 5867 a,
1443 5794 1563 5853 b’m.
1614 5796 1766 5854 Editi
1819 5814 1974 5870 vero,

2079 5458 2150 5494 πο
2192 5458 2422 5496 ευονται.

2176 5514 2265 5582 ἴ)7)
2298 5510 2698 5573 Ηιστεύσαντες.
2735 5513 2895 5584 Regg

2153 5458 2266 5656 {58)
2326 5581 2647 5654 Διαδέξεται.
2702 5585 2796 5639 Sic
2853 5587 2895 5639 d‘

2192 5438 2422 5496 εύονται.

2902 5553 2913 5564 .
2949 5526 2996 5581 c,
3024 5508 3119 5579 ph,
3140 5506 3532 5570 πιστεύοοντες.

2326 5581 2647 5654 Διαδέξεται.
2702 5585 2796 5639 Sic
2819 5575 3195 5654 υ(ῙιλοἩοςε.
3254 5586 3317 5637 In
3377 5583 3494 5654 ed.,
3562 5575 3737 5635 διαδε-

2085 5674 2262 5729 χεται.

2160 5729 2271 5799 (59)
2302 5731 2443 5788 Τοῖς.
2486 5734 2641 5799 Bas.,
2661 5725 2811 5786 τούς.

2160 5729 2250 5797 (59
2302 5731 2443 5788 Τοῖς.
2486 5729 2811 5799 Βδε.,τούς.

2159 5729 2271 5874 (60)
2301 5802 2648 5875 Ποιήσωμεν.
2679 5800 2820 5873 Reg.
2855 5798 2954 5871 ph.
2986 5796 3311 5873 ποιήσομεν.
