  <div class='ocr_page' id='page_1' title='image "/cluster/home/n/w/nwhite01/storage/ocr_20150623/35/mdp.39015012934389/481.png"; bbox 0 0 4094 6288; ppageno 0'>
   <div class='ocr_carea' id='block_1_1' title="bbox 358 446 476 508">
    <p class='ocr_par' dir='ltr' id='par_1_1' title="bbox 358 446 476 508">
     <span class='ocr_line' id='line_1_1' title="bbox 358 446 476 508; baseline -0.051 0"><span class='ocrx_word' id='word_1_1' title='bbox 358 446 476 508; x_wconf 65' lang='grc'>947</span> 
     </span>
    </p>
   </div>
   <div class='ocr_carea' id='block_1_2' title="bbox 1569 437 2512 500">
    <p class='ocr_par' dir='ltr' id='par_1_2' title="bbox 1569 437 2512 500">
     <span class='ocr_line' id='line_1_2' title="bbox 1569 437 2512 500; baseline 0.001 -2"><span class='ocrx_word' id='word_1_2' title='bbox 1569 438 1633 498; x_wconf 83' lang='grc'><strong>8.</strong></span> <span class='ocrx_word' id='word_1_3' title='bbox 1683 437 2053 498; x_wconf 84' lang='lat' dir='ltr'>GREGORII</span> <span class='ocrx_word' id='word_1_4' title='bbox 2097 438 2512 500; x_wconf 82' lang='lat' dir='ltr'>THEOLOGI.</span> 
     </span>
    </p>
   </div>
   <div class='ocr_carea' id='block_1_3' title="bbox 3651 444 3772 504">
    <p class='ocr_par' dir='ltr' id='par_1_3' title="bbox 3651 444 3772 504">
     <span class='ocr_line' id='line_1_3' title="bbox 3651 444 3772 504; baseline -0.008 0"><span class='ocrx_word' id='word_1_5' title='bbox 3651 444 3772 504; x_wconf 75' lang='lat'>948</span> 
     </span>
    </p>
   </div>
   <div class='ocr_carea' id='block_1_4' title="bbox 357 567 1998 648">
    <p class='ocr_par' dir='ltr' id='par_1_4' title="bbox 357 570 1998 648">
     <span class='ocr_line' id='line_1_4' title="bbox 357 570 1998 648; baseline -0.005 -15"><span class='ocrx_word' id='word_1_6' title='bbox 357 577 480 643; x_wconf 80' lang='lat' dir='ltr'>ille,</span> <span class='ocrx_word' id='word_1_7' title='bbox 511 577 776 648; x_wconf 89' lang='lat' dir='ltr'>inquam,</span> <span class='ocrx_word' id='word_1_8' title='bbox 829 574 930 646; x_wconf 86' lang='lat' dir='ltr'>qui</span> <span class='ocrx_word' id='word_1_9' title='bbox 961 573 1126 630; x_wconf 84' lang='lat' dir='ltr'>dicit:</span> <span class='ocrx_word' id='word_1_10' title='bbox 1168 578 1234 628; x_wconf 80' lang='lat' dir='ltr'>Et</span> <span class='ocrx_word' id='word_1_11' title='bbox 1261 576 1348 640; x_wconf 94' lang='lat' dir='ltr'>tu,</span> <span class='ocrx_word' id='word_1_12' title='bbox 1381 588 1499 643; x_wconf 89' lang='lat' dir='ltr'>cor,</span> <span class='ocrx_word' id='word_1_13' title='bbox 1523 587 1752 627; x_wconf 84' lang='lat' dir='ltr'>movere</span> <span class='ocrx_word' id='word_1_14' title='bbox 1769 587 1836 626; x_wconf 91' lang='lat' dir='ltr'>ao</span> <span class='ocrx_word' id='word_1_15' title='bbox 1859 570 1998 626; x_wconf 88' lang='lat' dir='ltr'>titu-</span> 
     </span>
    </p>
   </div>
   <div class='ocr_carea' id='block_1_5' title="bbox 2112 567 3772 648">
    <p class='ocr_par' dir='ltr' id='par_1_5' title="bbox 2116 567 3772 647">
     <span class='ocr_line' id='line_1_5' title="bbox 2116 567 3772 647; baseline 0.003 -23"><span class='ocrx_word' id='word_1_16' title='bbox 2116 569 2336 644; x_wconf 82' lang='grc' dir='ltr'>Κύριος,</span> <span class='ocrx_word' id='word_1_17' title='bbox 2369 570 2397 623; x_wconf 83' lang='grc' dir='ltr'>ὁ</span> <span class='ocrx_word' id='word_1_18' title='bbox 2428 567 2628 647; x_wconf 75' lang='grc' dir='ltr'>λέγων.</span> <span class='ocrx_word' id='word_1_19' title='bbox 2687 570 2785 625; x_wconf 85' lang='grc' dir='ltr'>Καὶ</span> <span class='ocrx_word' id='word_1_20' title='bbox 2836 570 2920 640; x_wconf 82' lang='grc' dir='ltr'>σὺ,</span> <span class='ocrx_word' id='word_1_21' title='bbox 2971 569 3184 646; x_wconf 82' lang='grc' dir='ltr'>καρδία,</span> <span class='ocrx_word' id='word_1_22' title='bbox 3243 571 3477 646; x_wconf 77' lang='grc' dir='ltr'>σείσθητι</span> <span class='ocrx_word' id='word_1_23' title='bbox 3537 573 3625 628; x_wconf 82' lang='grc' dir='ltr'>καὶ</span> <span class='ocrx_word' id='word_1_24' title='bbox 3679 596 3772 630; x_wconf 84' lang='grc' dir='ltr'>σα-</span> 
     </span>
    </p>
   </div>
   <div class='ocr_carea' id='block_1_6' title="bbox 360 661 2007 738">
    <p class='ocr_par' dir='ltr' id='par_1_6' title="bbox 360 661 2007 738">
     <span class='ocr_line' id='line_1_6' title="bbox 360 661 2007 738; baseline -0.004 -16"><span class='ocrx_word' id='word_1_25' title='bbox 360 667 437 723; x_wconf 86' lang='lat' dir='ltr'>ha</span> <span class='ocrx_word' id='word_1_26' title='bbox 464 666 546 734; x_wconf 71' lang='lat'>3°;</span> <span class='ocrx_word' id='word_1_27' title='bbox 598 664 818 738; x_wconf 84' lang='lat' dir='ltr'>quique</span> <span class='ocrx_word' id='word_1_28' title='bbox 847 664 1114 720; x_wconf 78' lang='lat' dir='ltr'>maeroris</span> <span class='ocrx_word' id='word_1_29' title='bbox 1162 668 1220 720; x_wconf 89' lang='lat' dir='ltr'>et</span> <span class='ocrx_word' id='word_1_30' title='bbox 1267 661 1738 735; x_wconf 87' lang='lat' dir='ltr'>compunctionis</span> <span class='ocrx_word' id='word_1_31' title='bbox 1796 661 2007 734; x_wconf 83' lang='lat' dir='ltr'>spiritu</span> 
     </span>
    </p>
   </div>
   <div class='ocr_carea' id='block_1_7' title="bbox 361 751 2008 826">
    <p class='ocr_par' dir='ltr' id='par_1_7' title="bbox 361 751 2008 826">
     <span class='ocr_line' id='line_1_7' title="bbox 361 751 2008 826; baseline -0.004 -15"><span class='ocrx_word' id='word_1_32' title='bbox 361 759 790 826; x_wconf 79' lang='lat' dir='ltr'>contemptores</span> <span class='ocrx_word' id='word_1_33' title='bbox 821 755 1070 825; x_wconf 62' lang='lat' dir='ltr'>potat“;</span> <span class='ocrx_word' id='word_1_34' title='bbox 1105 753 1177 808; x_wconf 89' lang='lat' dir='ltr'>ad</span> <span class='ocrx_word' id='word_1_35' title='bbox 1217 769 1365 822; x_wconf 89' lang='lat' dir='ltr'>quos</span> <span class='ocrx_word' id='word_1_36' title='bbox 1396 752 1568 807; x_wconf 89' lang='lat' dir='ltr'>etiam</span> <span class='ocrx_word' id='word_1_37' title='bbox 1601 751 1815 806; x_wconf 89' lang='lat' dir='ltr'>dicitur</span> <span class='ocrx_word' id='word_1_38' title='bbox 1847 769 1859 806; x_wconf 92' lang='lat'>:</span> <span class='ocrx_word' id='word_1_39' title='bbox 1923 752 2008 806; x_wconf 77' lang='lat' dir='ltr'>Vi—</span> 
     </span>
    </p>
   </div>
   <div class='ocr_carea' id='block_1_8' title="bbox 358 841 2012 914">
    <p class='ocr_par' dir='ltr' id='par_1_8' title="bbox 358 841 2012 914">
     <span class='ocr_line' id='line_1_8' title="bbox 358 841 2012 914; baseline -0.003 -13"><span class='ocrx_word' id='word_1_40' title='bbox 358 845 496 913; x_wconf 76' lang='lat' dir='ltr'>dete,</span> <span class='ocrx_word' id='word_1_41' title='bbox 539 847 948 914; x_wconf 78' lang='lat' dir='ltr'>contemptores,</span> <span class='ocrx_word' id='word_1_42' title='bbox 1004 845 1053 898; x_wconf 84' lang='lat' dir='ltr'>et</span> <span class='ocrx_word' id='word_1_43' title='bbox 1107 843 1356 914; x_wconf 77' lang='lat' dir='ltr'>aspicite,</span> <span class='ocrx_word' id='word_1_44' title='bbox 1416 849 1467 896; x_wconf 77' lang='lat' dir='ltr'>et</span> <span class='ocrx_word' id='word_1_45' title='bbox 1522 841 1902 911; x_wconf 73' lang='lat' dir='ltr'>admiremini,</span> <span class='ocrx_word' id='word_1_46' title='bbox 1960 848 2012 896; x_wconf 81' lang='lat' dir='ltr'>et</span> 
     </span>
    </p>
   </div>
   <div class='ocr_carea' id='block_1_9' title="bbox 360 929 2008 1006">
    <p class='ocr_par' dir='ltr' id='par_1_9' title="bbox 360 929 2008 1006">
     <span class='ocr_line' id='line_1_9' title="bbox 360 929 2008 1006; baseline -0.003 -16"><span class='ocrx_word' id='word_1_47' title='bbox 360 931 860 1006; x_wconf 63' lang='lat' dir='ltr'>disperdimim’”?</span> <span class='ocrx_word' id='word_1_48' title='bbox 893 935 1154 998; x_wconf 88' lang='lat' dir='ltr'>Quonam</span> <span class='ocrx_word' id='word_1_49' title='bbox 1184 932 1356 988; x_wconf 90' lang='lat' dir='ltr'>modo</span> <span class='ocrx_word' id='word_1_50' title='bbox 1389 931 1516 1001; x_wconf 88' lang='lat' dir='ltr'>ejus</span> <span class='ocrx_word' id='word_1_51' title='bbox 1568 929 2008 1002; x_wconf 85' lang='lat' dir='ltr'>redargutiones</span> 
     </span>
    </p>
   </div>
   <div class='ocr_carea' id='block_1_10' title="bbox 359 1020 2011 1092">
    <p class='ocr_par' dir='ltr' id='par_1_10' title="bbox 359 1020 2011 1092">
     <span class='ocr_line' id='line_1_10' title="bbox 359 1020 2011 1092; baseline -0.004 -12"><span class='ocrx_word' id='word_1_52' title='bbox 359 1022 660 1080; x_wconf 80' lang='lat' dir='ltr'>feremus?</span> <span class='ocrx_word' id='word_1_53' title='bbox 688 1026 804 1076; x_wconf 85' lang='lat' dir='ltr'>Aut</span> <span class='ocrx_word' id='word_1_54' title='bbox 833 1021 974 1092; x_wconf 92' lang='lat' dir='ltr'>quid</span> <span class='ocrx_word' id='word_1_55' title='bbox 1008 1020 1272 1092; x_wconf 80' lang='lat' dir='ltr'>responsi</span> <span class='ocrx_word' id='word_1_56' title='bbox 1303 1020 1598 1087; x_wconf 83' lang='lat' dir='ltr'>dabimus,</span> <span class='ocrx_word' id='word_1_57' title='bbox 1626 1036 1758 1074; x_wconf 89' lang='lat' dir='ltr'>cum</span> <span class='ocrx_word' id='word_1_58' title='bbox 1802 1024 2011 1091; x_wconf 74' lang='lat' dir='ltr'>praeter</span> 
     </span>
    </p>
   </div>
   <div class='ocr_carea' id='block_1_11' title="bbox 359 1107 2005 1181">
    <p class='ocr_par' dir='ltr' id='par_1_11' title="bbox 359 1107 2005 1181">
     <span class='ocr_line' id='line_1_11' title="bbox 359 1107 2005 1181; baseline -0.004 -13"><span class='ocrx_word' id='word_1_59' title='bbox 359 1112 777 1169; x_wconf 86' lang='lat' dir='ltr'>beneﬁciorum</span> <span class='ocrx_word' id='word_1_60' title='bbox 809 1109 1266 1177; x_wconf 81' lang='lat' dir='ltr'>multitudinem,</span> <span class='ocrx_word' id='word_1_61' title='bbox 1308 1109 1523 1181; x_wconf 85' lang='lat' dir='ltr'>quibus</span> <span class='ocrx_word' id='word_1_62' title='bbox 1584 1108 1859 1179; x_wconf 83' lang='lat' dir='ltr'>acceptis,</span> <span class='ocrx_word' id='word_1_63' title='bbox 1911 1107 2005 1162; x_wconf 92' lang='lat' dir='ltr'>in-</span> 
     </span>
    </p>
   </div>
   <div class='ocr_carea' id='block_1_12' title="bbox 359 1197 2009 1275">
    <p class='ocr_par' dir='ltr' id='par_1_12' title="bbox 359 1197 2009 1275">
     <span class='ocr_line' id='line_1_12' title="bbox 359 1197 2009 1275; baseline -0.002 -19"><span class='ocrx_word' id='word_1_64' title='bbox 359 1202 510 1275; x_wconf 87' lang='lat' dir='ltr'>grati</span> <span class='ocrx_word' id='word_1_65' title='bbox 541 1202 997 1272; x_wconf 87' lang='lat' dir='ltr'>permansimus,</span> <span class='ocrx_word' id='word_1_66' title='bbox 1049 1199 1247 1272; x_wconf 84' lang='lat' dir='ltr'>plagas</span> <span class='ocrx_word' id='word_1_67' title='bbox 1305 1199 1484 1253; x_wconf 83' lang='lat' dir='ltr'>etiam</span> <span class='ocrx_word' id='word_1_68' title='bbox 1541 1198 1784 1268; x_wconf 83' lang='lat' dir='ltr'>insuper</span> <span class='ocrx_word' id='word_1_69' title='bbox 1839 1197 2009 1252; x_wconf 90' lang='lat' dir='ltr'>nobis</span> 
     </span>
    </p>
   </div>
   <div class='ocr_carea' id='block_1_13' title="bbox 358 1285 2007 1363">
    <p class='ocr_par' dir='ltr' id='par_1_13' title="bbox 358 1285 2007 1363">
     <span class='ocr_line' id='line_1_13' title="bbox 358 1285 2007 1363; baseline -0.004 -17"><span class='ocrx_word' id='word_1_70' title='bbox 358 1293 568 1363; x_wconf 89' lang='lat' dir='ltr'>probro</span> <span class='ocrx_word' id='word_1_71' title='bbox 599 1293 801 1358; x_wconf 80' lang='lat' dir='ltr'>vertet,</span> <span class='ocrx_word' id='word_1_72' title='bbox 834 1305 899 1345; x_wconf 90' lang='lat' dir='ltr'>ac</span> <span class='ocrx_word' id='word_1_73' title='bbox 930 1289 1229 1344; x_wconf 66' lang='lat' dir='ltr'>medicinae</span> <span class='ocrx_word' id='word_1_74' title='bbox 1278 1304 1509 1358; x_wconf 82' lang='lat' dir='ltr'>genera,</span> <span class='ocrx_word' id='word_1_75' title='bbox 1543 1287 1760 1358; x_wconf 90' lang='lat' dir='ltr'>quibus</span> <span class='ocrx_word' id='word_1_76' title='bbox 1816 1285 2007 1340; x_wconf 90' lang='lat' dir='ltr'>sanati</span> 
     </span>
    </p>
   </div>
   <div class='ocr_carea' id='block_1_14' title="bbox 358 1375 2004 1450">
    <p class='ocr_par' dir='ltr' id='par_1_14' title="bbox 358 1375 2004 1450">
     <span class='ocr_line' id='line_1_14' title="bbox 358 1375 2004 1450; baseline -0.004 -14"><span class='ocrx_word' id='word_1_77' title='bbox 358 1396 476 1436; x_wconf 88' lang='lat' dir='ltr'>non</span> <span class='ocrx_word' id='word_1_78' title='bbox 508 1396 737 1450; x_wconf 89' lang='lat' dir='ltr'>sumus,</span> <span class='ocrx_word' id='word_1_79' title='bbox 770 1377 1143 1434; x_wconf 84' lang='lat' dir='ltr'>recensebit?</span> <span class='ocrx_word' id='word_1_80' title='bbox 1169 1381 1359 1448; x_wconf 83' lang='lat' dir='ltr'>Atque</span> <span class='ocrx_word' id='word_1_81' title='bbox 1393 1392 1499 1432; x_wconf 90' lang='lat' dir='ltr'>nos</span> <span class='ocrx_word' id='word_1_82' title='bbox 1530 1376 1767 1446; x_wconf 86' lang='lat' dir='ltr'>quidem</span> <span class='ocrx_word' id='word_1_83' title='bbox 1784 1375 2004 1447; x_wconf 88' lang='lat' dir='ltr'>prolem</span> 
     </span>
    </p>
   </div>
   <div class='ocr_carea' id='block_1_15' title="bbox 356 1463 2006 1538">
    <p class='ocr_par' dir='ltr' id='par_1_15' title="bbox 356 1463 2006 1538">
     <span class='ocr_line' id='line_1_15' title="bbox 356 1463 2006 1538; baseline -0.004 -13"><span class='ocrx_word' id='word_1_84' title='bbox 356 1485 594 1535; x_wconf 85' lang='lat' dir='ltr'>vocans,</span> <span class='ocrx_word' id='word_1_85' title='bbox 631 1484 835 1525; x_wconf 90' lang='lat' dir='ltr'>verum</span> <span class='ocrx_word' id='word_1_86' title='bbox 867 1467 1195 1538; x_wconf 89' lang='lat' dir='ltr'>improbam</span> <span class='ocrx_word' id='word_1_87' title='bbox 1227 1467 1292 1534; x_wconf 81' lang='grc'>³³,</span> <span class='ocrx_word' id='word_1_88' title='bbox 1324 1470 1379 1521; x_wconf 91' lang='lat' dir='ltr'>et</span> <span class='ocrx_word' id='word_1_89' title='bbox 1409 1464 1560 1520; x_wconf 87' lang='lat' dir='ltr'>ﬁlios</span> <span class='ocrx_word' id='word_1_90' title='bbox 1590 1463 1846 1535; x_wconf 87' lang='lat' dir='ltr'>quidem,</span> <span class='ocrx_word' id='word_1_91' title='bbox 1905 1465 2006 1520; x_wconf 89' lang='lat' dir='ltr'>sed</span> 
     </span>
    </p>
   </div>
   <div class='ocr_carea' id='block_1_16' title="bbox 357 1555 2004 1625">
    <p class='ocr_par' dir='ltr' id='par_1_16' title="bbox 357 1555 2004 1625">
     <span class='ocr_line' id='line_1_16' title="bbox 357 1555 2004 1625; baseline -0.005 -9"><span class='ocrx_word' id='word_1_92' title='bbox 357 1557 580 1616; x_wconf 84' lang='lat' dir='ltr'>alienos</span> <span class='ocrx_word' id='word_1_93' title='bbox 607 1557 672 1625; x_wconf 76' lang='lat'>“,</span> <span class='ocrx_word' id='word_1_94' title='bbox 705 1561 762 1613; x_wconf 87' lang='lat' dir='ltr'>et</span> <span class='ocrx_word' id='word_1_95' title='bbox 793 1573 827 1612; x_wconf 91' lang='lat' dir='ltr'>a</span> <span class='ocrx_word' id='word_1_96' title='bbox 867 1556 1096 1612; x_wconf 88' lang='lat' dir='ltr'>semitis</span> <span class='ocrx_word' id='word_1_97' title='bbox 1154 1555 1366 1611; x_wconf 85' lang='lat' dir='ltr'>nostris</span> <span class='ocrx_word' id='word_1_98' title='bbox 1425 1555 1496 1610; x_wconf 93' lang='lat' dir='ltr'>ob</span> <span class='ocrx_word' id='word_1_99' title='bbox 1549 1569 1844 1609; x_wconf 90' lang='lat' dir='ltr'>summam</span> <span class='ocrx_word' id='word_1_100' title='bbox 1902 1555 2004 1608; x_wconf 75' lang='lat' dir='ltr'>vise</span> 
     </span>
    </p>
   </div>
   <div class='ocr_carea' id='block_1_17' title="bbox 357 1639 2002 1715">
    <p class='ocr_par' dir='ltr' id='par_1_17' title="bbox 357 1639 2002 1715">
     <span class='ocr_line' id='line_1_17' title="bbox 357 1639 2002 1715; baseline -0.005 -13"><span class='ocrx_word' id='word_1_101' title='bbox 357 1645 763 1702; x_wconf 77' lang='lat' dir='ltr'>difﬁcultatem</span> <span class='ocrx_word' id='word_1_102' title='bbox 793 1648 852 1699; x_wconf 88' lang='lat' dir='ltr'>et</span> <span class='ocrx_word' id='word_1_103' title='bbox 879 1643 1256 1715; x_wconf 83' lang='lat' dir='ltr'>asperitatem</span> <span class='ocrx_word' id='word_1_104' title='bbox 1287 1641 1708 1714; x_wconf 86' lang='lat' dir='ltr'>claudicantes,</span> <span class='ocrx_word' id='word_1_105' title='bbox 1741 1639 1824 1695; x_wconf 89' lang='lat' dir='ltr'>sic</span> <span class='ocrx_word' id='word_1_106' title='bbox 1855 1639 2002 1696; x_wconf 83' lang='lat' dir='ltr'>allo-</span> 
     </span>
    </p>
   </div>
   <div class='ocr_carea' id='block_1_18' title="bbox 359 1729 2004 1808">
    <p class='ocr_par' dir='ltr' id='par_1_18' title="bbox 359 1729 2004 1808">
     <span class='ocr_line' id='line_1_18' title="bbox 359 1729 2004 1808; baseline -0.004 -18"><span class='ocrx_word' id='word_1_107' title='bbox 359 1740 607 1808; x_wconf 89' lang='lat' dir='ltr'>quetur:</span> <span class='ocrx_word' id='word_1_108' title='bbox 668 1736 932 1800; x_wconf 88' lang='lat' dir='ltr'>Quonam</span> <span class='ocrx_word' id='word_1_109' title='bbox 975 1733 1168 1801; x_wconf 88' lang='lat' dir='ltr'>modo,</span> <span class='ocrx_word' id='word_1_110' title='bbox 1227 1735 1284 1787; x_wconf 92' lang='lat' dir='ltr'>et</span> <span class='ocrx_word' id='word_1_111' title='bbox 1313 1746 1566 1802; x_wconf 85' lang='lat' dir='ltr'>quanam</span> <span class='ocrx_word' id='word_1_112' title='bbox 1625 1729 1871 1800; x_wconf 86' lang='lat' dir='ltr'>ratione,</span> <span class='ocrx_word' id='word_1_113' title='bbox 1904 1747 2004 1785; x_wconf 88' lang='lat' dir='ltr'>vos</span> 
     </span>
    </p>
   </div>
   <div class='ocr_carea' id='block_1_19' title="bbox 357 1818 2003 1894">
    <p class='ocr_par' dir='ltr' id='par_1_19' title="bbox 357 1818 2003 1894">
     <span class='ocr_line' id='line_1_19' title="bbox 357 1818 2003 1894; baseline -0.005 -13"><span class='ocrx_word' id='word_1_114' title='bbox 357 1823 918 1894; x_wconf 87' lang='lat' dir='ltr'>erudirioportebat,</span> <span class='ocrx_word' id='word_1_115' title='bbox 941 1838 1058 1894; x_wconf 88' lang='lat' dir='ltr'>qua</span> <span class='ocrx_word' id='word_1_116' title='bbox 1087 1838 1203 1877; x_wconf 90' lang='lat' dir='ltr'>non</span> <span class='ocrx_word' id='word_1_117' title='bbox 1233 1820 1547 1876; x_wconf 87' lang='lat' dir='ltr'>erudierim</span> <span class='ocrx_word' id='word_1_118' title='bbox 1570 1819 1597 1874; x_wconf 68' lang='grc' dir='ltr'><em>Ἰ</em></span> <span class='ocrx_word' id='word_1_119' title='bbox 1615 1820 1702 1874; x_wconf 89' lang='lat' dir='ltr'>An</span> <span class='ocrx_word' id='word_1_120' title='bbox 1725 1835 1828 1890; x_wconf 90' lang='lat' dir='ltr'>per</span> <span class='ocrx_word' id='word_1_121' title='bbox 1855 1818 2003 1874; x_wconf 91' lang='lat' dir='ltr'>mol-</span> 
     </span>
    </p>
   </div>
   <div class='ocr_carea' id='block_1_20' title="bbox 357 1909 2000 1981">
    <p class='ocr_par' dir='ltr' id='par_1_20' title="bbox 357 1909 2000 1981">
     <span class='ocr_line' id='line_1_20' title="bbox 357 1909 2000 1981; baseline -0.004 -12"><span class='ocrx_word' id='word_1_122' title='bbox 357 1914 505 1970; x_wconf 84' lang='lat' dir='ltr'>liora</span> <span class='ocrx_word' id='word_1_123' title='bbox 533 1911 962 1981; x_wconf 86' lang='lat' dir='ltr'>medicamenta</span> <span class='ocrx_word' id='word_1_124' title='bbox 980 1911 1008 1966; x_wconf 86' lang='lat'><strong>?</strong></span> <span class='ocrx_word' id='word_1_125' title='bbox 1036 1913 1108 1966; x_wconf 91' lang='lat' dir='ltr'>At</span> <span class='ocrx_word' id='word_1_126' title='bbox 1136 1926 1204 1966; x_wconf 88' lang='lat' dir='ltr'>ea</span> <span class='ocrx_word' id='word_1_127' title='bbox 1234 1909 1842 1981; x_wconf 65' lang='lat' dir='ltr'>adhibui.zEgyptium</span> <span class='ocrx_word' id='word_1_128' title='bbox 1865 1926 2000 1964; x_wconf 90' lang='lat' dir='ltr'>san-</span> 
     </span>
    </p>
   </div>
   <div class='ocr_carea' id='block_1_21' title="bbox 355 1979 2003 2075">
    <p class='ocr_par' dir='ltr' id='par_1_21' title="bbox 355 1979 2003 2075">
     <span class='ocr_line' id='line_1_21' title="bbox 355 1979 2003 2075; baseline -0.002 -17"><span class='ocrx_word' id='word_1_129' title='bbox 355 2003 595 2075; x_wconf 85' lang='lat' dir='ltr'>guinem</span> <span class='ocrx_word' id='word_1_130' title='bbox 641 2001 707 2067; x_wconf 63' lang='lat'>’5,</span> <span class='ocrx_word' id='word_1_131' title='bbox 760 1979 857 2072; x_wconf 68' lang='lat' dir='ltr'>qni</span> <span class='ocrx_word' id='word_1_132' title='bbox 887 2015 956 2054; x_wconf 85' lang='lat' dir='ltr'>ex</span> <span class='ocrx_word' id='word_1_133' title='bbox 985 1999 1266 2067; x_wconf 88' lang='lat' dir='ltr'>fontibus,</span> <span class='ocrx_word' id='word_1_134' title='bbox 1297 2002 1354 2055; x_wconf 86' lang='lat' dir='ltr'>et</span> <span class='ocrx_word' id='word_1_135' title='bbox 1384 1998 1598 2066; x_wconf 88' lang='lat' dir='ltr'>ﬂuviis,</span> <span class='ocrx_word' id='word_1_136' title='bbox 1631 2003 1692 2053; x_wconf 83' lang='lat' dir='ltr'>et</span> <span class='ocrx_word' id='word_1_137' title='bbox 1719 2015 1787 2054; x_wconf 84' lang='lat' dir='ltr'>ex</span> <span class='ocrx_word' id='word_1_138' title='bbox 1843 1997 2003 2054; x_wconf 89' lang='lat' dir='ltr'>omni</span> 
     </span>
    </p>
   </div>
   <div class='ocr_carea' id='block_1_22' title="bbox 357 2087 2001 2163">
    <p class='ocr_par' dir='ltr' id='par_1_22' title="bbox 357 2087 2001 2163">
     <span class='ocr_line' id='line_1_22' title="bbox 357 2087 2001 2163; baseline -0.004 -15"><span class='ocrx_word' id='word_1_139' title='bbox 357 2107 646 2163; x_wconf 87' lang='lat' dir='ltr'>aquarum</span> <span class='ocrx_word' id='word_1_140' title='bbox 679 2088 1014 2145; x_wconf 87' lang='lat' dir='ltr'>collectione</span> <span class='ocrx_word' id='word_1_141' title='bbox 1064 2089 1396 2155; x_wconf 87' lang='lat' dir='ltr'>bibebatur,</span> <span class='ocrx_word' id='word_1_142' title='bbox 1440 2087 1549 2143; x_wconf 86' lang='lat' dir='ltr'>hoc</span> <span class='ocrx_word' id='word_1_143' title='bbox 1608 2091 1714 2158; x_wconf 84' lang='lat' dir='ltr'>est,</span> <span class='ocrx_word' id='word_1_144' title='bbox 1749 2087 2001 2159; x_wconf 87' lang='lat' dir='ltr'>primam</span> 
     </span>
    </p>
   </div>
   <div class='ocr_carea' id='block_1_23' title="bbox 353 2175 2001 2253">
    <p class='ocr_par' dir='ltr' id='par_1_23' title="bbox 353 2175 2001 2253">
     <span class='ocr_line' id='line_1_23' title="bbox 353 2175 2001 2253; baseline -0.002 -18"><span class='ocrx_word' id='word_1_145' title='bbox 353 2178 612 2253; x_wconf 85' lang='lat' dir='ltr'>plagam,</span> <span class='ocrx_word' id='word_1_146' title='bbox 646 2178 954 2252; x_wconf 66' lang='lat' dir='ltr'>praeterivi.</span> <span class='ocrx_word' id='word_1_147' title='bbox 1003 2178 1195 2233; x_wconf 75' lang='lat' dir='ltr'>Ranae</span> <span class='ocrx_word' id='word_1_148' title='bbox 1249 2177 1444 2248; x_wconf 88' lang='lat' dir='ltr'>etiam,</span> <span class='ocrx_word' id='word_1_149' title='bbox 1476 2181 1534 2232; x_wconf 89' lang='lat' dir='ltr'>et</span> <span class='ocrx_word' id='word_1_150' title='bbox 1590 2175 1876 2248; x_wconf 83' lang='lat' dir='ltr'>ciniphes,</span> <span class='ocrx_word' id='word_1_151' title='bbox 1935 2193 2001 2232; x_wconf 88' lang='lat' dir='ltr'>ac</span> 
     </span>
    </p>
   </div>
   <div class='ocr_carea' id='block_1_24' title="bbox 355 2265 1998 2340">
    <p class='ocr_par' dir='ltr' id='par_1_24' title="bbox 355 2265 1998 2340">
     <span class='ocr_line' id='line_1_24' title="bbox 355 2265 1998 2340; baseline -0.002 -15"><span class='ocrx_word' id='word_1_152' title='bbox 355 2269 728 2340; x_wconf 83' lang='lat' dir='ltr'>coenomyias,</span> <span class='ocrx_word' id='word_1_153' title='bbox 745 2285 871 2339; x_wconf 66' lang='lat' dir='ltr'>quae</span> <span class='ocrx_word' id='word_1_154' title='bbox 893 2267 1169 2339; x_wconf 88' lang='lat' dir='ltr'>deinceps</span> <span class='ocrx_word' id='word_1_155' title='bbox 1191 2267 1608 2338; x_wconf 84' lang='lat' dir='ltr'>sequebantur,</span> <span class='ocrx_word' id='word_1_156' title='bbox 1631 2265 1998 2337; x_wconf 66' lang='lat' dir='ltr'>prastermisi.</span> 
     </span>
    </p>
   </div>
   <div class='ocr_carea' id='block_1_25' title="bbox 350 2354 1999 2430">
    <p class='ocr_par' dir='ltr' id='par_1_25' title="bbox 350 2354 1999 2430">
     <span class='ocr_line' id='line_1_25' title="bbox 350 2354 1999 2430; baseline -0.003 -16"><span class='ocrx_word' id='word_1_157' title='bbox 350 2358 400 2414; x_wconf 77' lang='grc' dir='ltr'><strong>Α</strong></span> <span class='ocrx_word' id='word_1_158' title='bbox 424 2358 648 2430; x_wconf 91' lang='lat' dir='ltr'>quinta,</span> <span class='ocrx_word' id='word_1_159' title='bbox 694 2357 753 2412; x_wconf 92' lang='lat' dir='ltr'>id</span> <span class='ocrx_word' id='word_1_160' title='bbox 784 2360 894 2424; x_wconf 88' lang='lat' dir='ltr'>est,</span> <span class='ocrx_word' id='word_1_161' title='bbox 931 2373 965 2411; x_wconf 87' lang='lat' dir='ltr'>a</span> <span class='ocrx_word' id='word_1_162' title='bbox 988 2356 1296 2426; x_wconf 89' lang='lat' dir='ltr'>jumentis,</span> <span class='ocrx_word' id='word_1_163' title='bbox 1329 2359 1385 2412; x_wconf 88' lang='lat' dir='ltr'>et</span> <span class='ocrx_word' id='word_1_164' title='bbox 1418 2355 1626 2422; x_wconf 89' lang='lat' dir='ltr'>bobus,</span> <span class='ocrx_word' id='word_1_165' title='bbox 1687 2357 1742 2409; x_wconf 88' lang='lat' dir='ltr'>et</span> <span class='ocrx_word' id='word_1_166' title='bbox 1794 2354 1999 2409; x_wconf 89' lang='lat' dir='ltr'>ovibus</span> 
     </span>
    </p>
   </div>
   <div class='ocr_carea' id='block_1_26' title="bbox 350 2442 1997 2518">
    <p class='ocr_par' dir='ltr' id='par_1_26' title="bbox 350 2442 1997 2518">
     <span class='ocr_line' id='line_1_26' title="bbox 350 2442 1997 2518; baseline -0.003 -16"><span class='ocrx_word' id='word_1_167' title='bbox 350 2446 608 2518; x_wconf 70' lang='lat' dir='ltr'>incmpi;</span> <span class='ocrx_word' id='word_1_168' title='bbox 651 2462 718 2501; x_wconf 85' lang='lat' dir='ltr'>ac</span> <span class='ocrx_word' id='word_1_169' title='bbox 775 2445 999 2501; x_wconf 85' lang='lat' dir='ltr'>ratione</span> <span class='ocrx_word' id='word_1_170' title='bbox 1055 2444 1313 2516; x_wconf 78' lang='lat' dir='ltr'>praeditis</span> <span class='ocrx_word' id='word_1_171' title='bbox 1371 2443 1563 2499; x_wconf 84' lang='lat' dir='ltr'>adhuc</span> <span class='ocrx_word' id='word_1_172' title='bbox 1613 2460 1878 2514; x_wconf 87' lang='lat' dir='ltr'>parcens,</span> <span class='ocrx_word' id='word_1_173' title='bbox 1938 2442 1997 2497; x_wconf 92' lang='lat' dir='ltr'>in</span> 
     </span>
    </p>
   </div>
   <div class='ocr_carea' id='block_1_27' title="bbox 351 2531 1996 2606">
    <p class='ocr_par' dir='ltr' id='par_1_27' title="bbox 351 2531 1996 2606">
     <span class='ocr_line' id='line_1_27' title="bbox 351 2531 1996 2606; baseline -0.003 -15"><span class='ocrx_word' id='word_1_174' title='bbox 351 2535 528 2591; x_wconf 87' lang='lat' dir='ltr'>bruta</span> <span class='ocrx_word' id='word_1_175' title='bbox 556 2534 682 2590; x_wconf 90' lang='lat' dir='ltr'>sola</span> <span class='ocrx_word' id='word_1_176' title='bbox 711 2533 1001 2606; x_wconf 90' lang='lat' dir='ltr'>impetum</span> <span class='ocrx_word' id='word_1_177' title='bbox 1058 2533 1183 2588; x_wconf 79' lang='lat' dir='ltr'>feci.</span> <span class='ocrx_word' id='word_1_178' title='bbox 1241 2533 1358 2588; x_wconf 87' lang='lat' dir='ltr'>Vos</span> <span class='ocrx_word' id='word_1_179' title='bbox 1415 2549 1545 2587; x_wconf 87' lang='lat' dir='ltr'>eam</span> <span class='ocrx_word' id='word_1_180' title='bbox 1604 2531 1996 2587; x_wconf 86' lang='lat' dir='ltr'>calamitatem</span> 
     </span>
    </p>
   </div>
   <div class='ocr_carea' id='block_1_28' title="bbox 353 2619 1994 2692">
    <p class='ocr_par' dir='ltr' id='par_1_28' title="bbox 353 2619 1994 2692">
     <span class='ocr_line' id='line_1_28' title="bbox 353 2619 1994 2692; baseline -0.001 -16"><span class='ocrx_word' id='word_1_181' title='bbox 353 2619 501 2678; x_wconf 90' lang='lat' dir='ltr'>nihil</span> <span class='ocrx_word' id='word_1_182' title='bbox 530 2621 781 2676; x_wconf 88' lang='lat' dir='ltr'>curastis</span> <span class='ocrx_word' id='word_1_183' title='bbox 807 2638 820 2689; x_wconf 91' lang='lat'><strong>;</strong></span> <span class='ocrx_word' id='word_1_184' title='bbox 845 2636 1046 2676; x_wconf 90' lang='lat' dir='ltr'>verum</span> <span class='ocrx_word' id='word_1_185' title='bbox 1064 2619 1136 2676; x_wconf 90' lang='lat' dir='ltr'>iis</span> <span class='ocrx_word' id='word_1_186' title='bbox 1162 2619 1362 2689; x_wconf 90' lang='lat' dir='ltr'>etiam,</span> <span class='ocrx_word' id='word_1_187' title='bbox 1387 2636 1513 2690; x_wconf 81' lang='lat' dir='ltr'>quae</span> <span class='ocrx_word' id='word_1_188' title='bbox 1537 2635 1815 2692; x_wconf 89' lang='lat' dir='ltr'>percussa</span> <span class='ocrx_word' id='word_1_189' title='bbox 1837 2625 1994 2687; x_wconf 90' lang='lat' dir='ltr'>sunt,</span> 
     </span>
    </p>
   </div>
   <div class='ocr_carea' id='block_1_29' title="bbox 352 2707 1997 2780">
    <p class='ocr_par' dir='ltr' id='par_1_29' title="bbox 352 2707 1997 2780">
     <span class='ocr_line' id='line_1_29' title="bbox 352 2707 1997 2780; baseline -0.003 -13"><span class='ocrx_word' id='word_1_190' title='bbox 352 2710 684 2768; x_wconf 87' lang='lat' dir='ltr'>stolidiores</span> <span class='ocrx_word' id='word_1_191' title='bbox 715 2713 888 2780; x_wconf 85' lang='lat' dir='ltr'>atque</span> <span class='ocrx_word' id='word_1_192' title='bbox 918 2727 953 2765; x_wconf 89' lang='lat' dir='ltr'>a</span> <span class='ocrx_word' id='word_1_193' title='bbox 981 2709 1204 2765; x_wconf 88' lang='lat' dir='ltr'>ratione</span> <span class='ocrx_word' id='word_1_194' title='bbox 1231 2707 1538 2764; x_wconf 88' lang='lat' dir='ltr'>alieniores</span> <span class='ocrx_word' id='word_1_195' title='bbox 1560 2725 1659 2764; x_wconf 90' lang='lat' dir='ltr'>vos</span> <span class='ocrx_word' id='word_1_196' title='bbox 1690 2708 1818 2780; x_wconf 87' lang='lat' dir='ltr'>ipso</span> <span class='ocrx_word' id='word_1_197' title='bbox 1851 2708 1997 2762; x_wconf 91' lang='lat' dir='ltr'>mihi</span> 
     </span>
    </p>
   </div>
   <div class='ocr_carea' id='block_1_30' title="bbox 350 2797 1998 2873">
    <p class='ocr_par' dir='ltr' id='par_1_30' title="bbox 350 2797 1998 2873">
     <span class='ocr_line' id='line_1_30' title="bbox 350 2797 1998 2873; baseline -0.002 -18"><span class='ocrx_word' id='word_1_198' title='bbox 350 2799 703 2873; x_wconf 69' lang='lat' dir='ltr'>praebuistis.</span> <span class='ocrx_word' id='word_1_199' title='bbox 763 2800 1019 2854; x_wconf 77' lang='lat' dir='ltr'>Pluviam</span> <span class='ocrx_word' id='word_1_200' title='bbox 1062 2815 1096 2854; x_wconf 90' lang='lat' dir='ltr'>a</span> <span class='ocrx_word' id='word_1_201' title='bbox 1144 2798 1292 2854; x_wconf 81' lang='lat' dir='ltr'>vobis</span> <span class='ocrx_word' id='word_1_202' title='bbox 1347 2797 1642 2870; x_wconf 76' lang='lat' dir='ltr'>suspendi:</span> <span class='ocrx_word' id='word_1_203' title='bbox 1698 2814 1831 2869; x_wconf 88' lang='lat' dir='ltr'>pars</span> <span class='ocrx_word' id='word_1_204' title='bbox 1886 2814 1998 2853; x_wconf 88' lang='lat' dir='ltr'>una</span> 
     </span>
    </p>
   </div>
   <div class='ocr_carea' id='block_1_31' title="bbox 347 2888 1994 2961">
    <p class='ocr_par' dir='ltr' id='par_1_31' title="bbox 347 2888 1994 2961">
     <span class='ocr_line' id='line_1_31' title="bbox 347 2888 1994 2961; baseline -0.003 -14"><span class='ocrx_word' id='word_1_205' title='bbox 347 2890 629 2961; x_wconf 79' lang='lat' dir='ltr'>compluta</span> <span class='ocrx_word' id='word_1_206' title='bbox 656 2891 736 2944; x_wconf 82' lang='lat' dir='ltr'>est</span> <span class='ocrx_word' id='word_1_207' title='bbox 766 2906 780 2944; x_wconf 88' lang='lat'>:</span> <span class='ocrx_word' id='word_1_208' title='bbox 811 2904 942 2960; x_wconf 78' lang='lat' dir='ltr'>pars</span> <span class='ocrx_word' id='word_1_209' title='bbox 971 2891 1157 2942; x_wconf 82' lang='lat' dir='ltr'>autem</span> <span class='ocrx_word' id='word_1_210' title='bbox 1193 2903 1278 2957; x_wconf 87' lang='lat' dir='ltr'>ea,</span> <span class='ocrx_word' id='word_1_211' title='bbox 1327 2903 1419 2941; x_wconf 81' lang='lat' dir='ltr'>cuz</span> <span class='ocrx_word' id='word_1_212' title='bbox 1475 2888 1724 2956; x_wconf 80' lang='lat' dir='ltr'>pluviam</span> <span class='ocrx_word' id='word_1_213' title='bbox 1779 2889 1994 2958; x_wconf 81' lang='lat' dir='ltr'>negavi,</span> 
     </span>
    </p>
   </div>
   <div class='ocr_carea' id='block_1_32' title="bbox 346 2976 1993 3048">
    <p class='ocr_par' dir='ltr' id='par_1_32' title="bbox 346 2976 1993 3048">
     <span class='ocr_line' id='line_1_32' title="bbox 346 2976 1993 3048; baseline -0.002 -13"><span class='ocrx_word' id='word_1_214' title='bbox 346 2979 568 3035; x_wconf 76' lang='lat' dir='ltr'>exaruit</span> <span class='ocrx_word' id='word_1_215' title='bbox 626 2978 708 3046; x_wconf 74' lang='lat'>3°;</span> <span class='ocrx_word' id='word_1_216' title='bbox 766 2995 832 3032; x_wconf 82' lang='lat' dir='ltr'>ac</span> <span class='ocrx_word' id='word_1_217' title='bbox 890 2976 1121 3032; x_wconf 83' lang='lat' dir='ltr'>dixistis</span> <span class='ocrx_word' id='word_1_218' title='bbox 1175 2977 1443 3032; x_wconf 75' lang='lat' dir='ltr'>Fortiter:</span> <span class='ocrx_word' id='word_1_219' title='bbox 1475 2993 1574 3032; x_wconf 78' lang='lat' dir='ltr'>nos</span> <span class='ocrx_word' id='word_1_220' title='bbox 1628 2993 1880 3048; x_wconf 71' lang='lat' dir='ltr'>geremus</span> <span class='ocrx_word' id='word_1_221' title='bbox 1929 2978 1993 3032; x_wconf 74' lang='grc'>³⁷.</span> 
     </span>
    </p>
   </div>
   <div class='ocr_carea' id='block_1_33' title="bbox 265 3068 1999 3136">
    <p class='ocr_par' dir='ltr' id='par_1_33' title="bbox 265 3068 1999 3136">
     <span class='ocr_line' id='line_1_33' title="bbox 265 3068 1999 3136; baseline -0.001 -10"><span class='ocrx_word' id='word_1_222' title='bbox 265 3093 273 3108; x_wconf 71' lang='grc' dir='ltr'>τ</span> <span class='ocrx_word' id='word_1_223' title='bbox 344 3069 707 3126; x_wconf 85' lang='lat' dir='ltr'>Grandinem</span> <span class='ocrx_word' id='word_1_224' title='bbox 738 3070 904 3126; x_wconf 89' lang='lat' dir='ltr'>vobis</span> <span class='ocrx_word' id='word_1_225' title='bbox 933 3068 1176 3136; x_wconf 89' lang='lat' dir='ltr'>immisi,</span> <span class='ocrx_word' id='word_1_226' title='bbox 1209 3070 1358 3124; x_wconf 62' lang='grc' dir='ltr'>ποτ</span> <span class='ocrx_word' id='word_1_227' title='bbox 1397 3068 1686 3124; x_wconf 90' lang='lat' dir='ltr'>contraria</span> <span class='ocrx_word' id='word_1_228' title='bbox 1733 3069 1999 3125; x_wconf 87' lang='lat' dir='ltr'>videlicet</span> 
     </span>
    </p>
   </div>
   <div class='ocr_carea' id='block_1_34' title="bbox 2122 659 3774 741">
    <p class='ocr_par' dir='ltr' id='par_1_34' title="bbox 2122 659 3774 741">
     <span class='ocr_line' id='line_1_34' title="bbox 2122 659 3774 741; baseline 0.002 -25"><span class='ocrx_word' id='word_1_229' title='bbox 2122 659 2368 730; x_wconf 69' lang='grc' dir='ltr'>λεῦθητιο</span> <span class='ocrx_word' id='word_1_230' title='bbox 2426 660 2516 714; x_wconf 85' lang='grc' dir='ltr'>καὶ</span> <span class='ocrx_word' id='word_1_231' title='bbox 2573 660 2806 730; x_wconf 78' lang='grc' dir='ltr'>ποτίζων</span> <span class='ocrx_word' id='word_1_232' title='bbox 2880 660 3009 723; x_wconf 80' lang='grc' dir='ltr'>τοὺς</span> <span class='ocrx_word' id='word_1_233' title='bbox 3081 663 3484 741; x_wconf 73' lang='grc' dir='ltr'>καταφρονητάς</span> <span class='ocrx_word' id='word_1_234' title='bbox 3561 668 3774 738; x_wconf 68' lang='grc' dir='ltr'>πνεῦμα</span> 
     </span>
    </p>
   </div>
   <div class='ocr_carea' id='block_1_35' title="bbox 2120 747 3770 829">
    <p class='ocr_par' dir='ltr' id='par_1_35' title="bbox 2120 747 3770 829">
     <span class='ocr_line' id='line_1_35' title="bbox 2120 747 3770 829; baseline 0.003 -25"><span class='ocrx_word' id='word_1_235' title='bbox 2120 747 2296 814; x_wconf 76' lang='grc' dir='ltr'>λύπης</span> <span class='ocrx_word' id='word_1_236' title='bbox 2325 749 2415 803; x_wconf 83' lang='grc' dir='ltr'>καὶ</span> <span class='ocrx_word' id='word_1_237' title='bbox 2445 751 2801 820; x_wconf 72' lang='grc' dir='ltr'>κατανύξεωςο</span> <span class='ocrx_word' id='word_1_238' title='bbox 2835 749 2970 826; x_wconf 76' lang='grc' dir='ltr'>πρὸς</span> <span class='ocrx_word' id='word_1_239' title='bbox 3005 751 3101 813; x_wconf 78' lang='grc' dir='ltr'>οὖς</span> <span class='ocrx_word' id='word_1_240' title='bbox 3151 752 3241 806; x_wconf 82' lang='grc' dir='ltr'>καί</span> <span class='ocrx_word' id='word_1_241' title='bbox 3291 751 3526 827; x_wconf 72' lang='grc' dir='ltr'>λέγεται³</span> <span class='ocrx_word' id='word_1_242' title='bbox 3579 751 3770 829; x_wconf 78' lang='grc' dir='ltr'>Ἴδετε,</span> 
     </span>
    </p>
   </div>
   <div class='ocr_carea' id='block_1_36' title="bbox 2121 835 3769 916">
    <p class='ocr_par' dir='ltr' id='par_1_36' title="bbox 2121 835 3769 916">
     <span class='ocr_line' id='line_1_36' title="bbox 2121 835 3769 916; baseline 0.004 -25"><span class='ocrx_word' id='word_1_243' title='bbox 2121 839 2172 891; x_wconf 76' lang='grc' dir='ltr'>οἳ</span> <span class='ocrx_word' id='word_1_244' title='bbox 2255 839 2681 916; x_wconf 79' lang='grc' dir='ltr'>καταφρονηταὶ,</span> <span class='ocrx_word' id='word_1_245' title='bbox 2773 840 2861 894; x_wconf 84' lang='grc' dir='ltr'>καὶ</span> <span class='ocrx_word' id='word_1_246' title='bbox 2961 835 3310 914; x_wconf 70' lang='grc' dir='ltr'>ἐπιϐλέψατε,</span> <span class='ocrx_word' id='word_1_247' title='bbox 3395 840 3484 896; x_wconf 71' lang='grc' dir='ltr'>καί</span> <span class='ocrx_word' id='word_1_248' title='bbox 3564 843 3769 916; x_wconf 84' lang='grc' dir='ltr'>θαυμά-</span> 
     </span>
    </p>
   </div>
   <div class='ocr_carea' id='block_1_37' title="bbox 2119 928 3773 1006">
    <p class='ocr_par' dir='ltr' id='par_1_37' title="bbox 2119 928 3773 1006">
     <span class='ocr_line' id='line_1_37' title="bbox 2119 928 3773 1006; baseline 0.004 -26"><span class='ocrx_word' id='word_1_249' title='bbox 2119 947 2243 981; x_wconf 92' lang='grc' dir='ltr'>σατε</span> <span class='ocrx_word' id='word_1_250' title='bbox 2272 929 2403 1001; x_wconf 91' lang='grc'>(61),</span> <span class='ocrx_word' id='word_1_251' title='bbox 2437 929 2524 982; x_wconf 89' lang='grc' dir='ltr'>καὶ</span> <span class='ocrx_word' id='word_1_252' title='bbox 2579 928 2942 1006; x_wconf 74' lang='grc' dir='ltr'>ἀφανίσθητες</span> <span class='ocrx_word' id='word_1_253' title='bbox 2995 933 3117 991; x_wconf 83' lang='grc' dir='ltr'>Πῶς</span> <span class='ocrx_word' id='word_1_254' title='bbox 3164 928 3384 1002; x_wconf 51' lang='grc' dir='ltr'>οτίσομεν</span> <span class='ocrx_word' id='word_1_255' title='bbox 3435 931 3598 985; x_wconf 72' lang='grc' dir='ltr'>αὐυοῦ</span> <span class='ocrx_word' id='word_1_256' title='bbox 3644 933 3773 996; x_wconf 78' lang='grc' dir='ltr'>τοὺς</span> 
     </span>
    </p>
   </div>
   <div class='ocr_carea' id='block_1_38' title="bbox 2118 1013 3770 1094">
    <p class='ocr_par' dir='ltr' id='par_1_38' title="bbox 2118 1013 3770 1094">
     <span class='ocr_line' id='line_1_38' title="bbox 2118 1013 3770 1094; baseline 0.004 -24"><span class='ocrx_word' id='word_1_257' title='bbox 2118 1013 2428 1091; x_wconf 77' lang='grc' dir='ltr'>ἐλεγμούς;</span> <span class='ocrx_word' id='word_1_258' title='bbox 2484 1018 2517 1086; x_wconf 72' lang='grc' dir='ltr'>ἢ</span> <span class='ocrx_word' id='word_1_259' title='bbox 2578 1017 2692 1072; x_wconf 83' lang='grc' dir='ltr'>τίνα</span> <span class='ocrx_word' id='word_1_260' title='bbox 2739 1015 2984 1091; x_wconf 82' lang='grc' dir='ltr'>δώσομεν</span> <span class='ocrx_word' id='word_1_261' title='bbox 3033 1020 3130 1087; x_wconf 76' lang='grc' dir='ltr'>τήν</span> <span class='ocrx_word' id='word_1_262' title='bbox 3177 1019 3483 1094; x_wconf 80' lang='grc' dir='ltr'>ἀπόκρισιν,</span> <span class='ocrx_word' id='word_1_263' title='bbox 3526 1018 3648 1075; x_wconf 76' lang='grc' dir='ltr'>ὅταν</span> <span class='ocrx_word' id='word_1_264' title='bbox 3684 1021 3770 1076; x_wconf 75' lang='grc' dir='ltr'>ἐπὶ</span> 
     </span>
    </p>
   </div>
   <div class='ocr_carea' id='block_1_39' title="bbox 2115 1105 3768 1186">
    <p class='ocr_par' dir='ltr' id='par_1_39' title="bbox 2115 1105 3768 1186">
     <span class='ocr_line' id='line_1_39' title="bbox 2115 1105 3768 1186; baseline 0.004 -26"><span class='ocrx_word' id='word_1_265' title='bbox 2115 1110 2193 1176; x_wconf 81' lang='grc' dir='ltr'>τῷ</span> <span class='ocrx_word' id='word_1_266' title='bbox 2223 1105 2424 1178; x_wconf 77' lang='grc' dir='ltr'>πλήθει</span> <span class='ocrx_word' id='word_1_267' title='bbox 2452 1111 2559 1162; x_wconf 90' lang='grc' dir='ltr'>τῶν</span> <span class='ocrx_word' id='word_1_268' title='bbox 2603 1106 2944 1183; x_wconf 81' lang='grc' dir='ltr'>εὐεργεσιῶν,</span> <span class='ocrx_word' id='word_1_269' title='bbox 2995 1107 3073 1186; x_wconf 76' lang='grc' dir='ltr'>ἐφ’</span> <span class='ocrx_word' id='word_1_270' title='bbox 3122 1110 3208 1170; x_wconf 79' lang='grc' dir='ltr'>αἷς</span> <span class='ocrx_word' id='word_1_271' title='bbox 3259 1107 3548 1183; x_wconf 77' lang='grc' dir='ltr'>ἀχάριστοι</span> <span class='ocrx_word' id='word_1_272' title='bbox 3604 1132 3768 1183; x_wconf 75' lang='grc' dir='ltr'>μεμεο</span> 
     </span>
    </p>
   </div>
   <div class='ocr_carea' id='block_1_40' title="bbox 2115 1192 3766 1274">
    <p class='ocr_par' dir='ltr' id='par_1_40' title="bbox 2115 1192 3766 1274">
     <span class='ocr_line' id='line_1_40' title="bbox 2115 1192 3766 1274; baseline 0.004 -25"><span class='ocrx_word' id='word_1_273' title='bbox 2115 1197 2376 1269; x_wconf 67' lang='grc' dir='ltr'>νήκαμεν,</span> <span class='ocrx_word' id='word_1_274' title='bbox 2436 1192 2512 1251; x_wconf 79' lang='grc' dir='ltr'>ἔτι</span> <span class='ocrx_word' id='word_1_275' title='bbox 2570 1197 2660 1250; x_wconf 85' lang='grc' dir='ltr'>καὶ</span> <span class='ocrx_word' id='word_1_276' title='bbox 2715 1198 2810 1258; x_wconf 82' lang='grc' dir='ltr'>τὰς</span> <span class='ocrx_word' id='word_1_277' title='bbox 2864 1196 3080 1274; x_wconf 80' lang='grc' dir='ltr'>πληγὰς</span> <span class='ocrx_word' id='word_1_278' title='bbox 3154 1200 3287 1270; x_wconf 80' lang='grc' dir='ltr'>ἡμῖν</span> <span class='ocrx_word' id='word_1_279' title='bbox 3365 1195 3616 1274; x_wconf 79' lang='grc' dir='ltr'>ὀνειδίζῃ,</span> <span class='ocrx_word' id='word_1_280' title='bbox 3676 1202 3766 1255; x_wconf 85' lang='grc' dir='ltr'>καὶ</span> 
     </span>
    </p>
   </div>
   <div class='ocr_carea' id='block_1_41' title="bbox 2118 1285 3766 1364">
    <p class='ocr_par' dir='ltr' id='par_1_41' title="bbox 2118 1285 3766 1364">
     <span class='ocr_line' id='line_1_41' title="bbox 2118 1285 3766 1364; baseline 0.004 -26"><span class='ocrx_word' id='word_1_281' title='bbox 2118 1285 2490 1359; x_wconf 74' lang='grc' dir='ltr'>ἆπαριθμῆται</span> <span class='ocrx_word' id='word_1_282' title='bbox 2540 1287 2638 1355; x_wconf 72' lang='grc' dir='ltr'>τὴν</span> <span class='ocrx_word' id='word_1_283' title='bbox 2691 1286 2947 1360; x_wconf 75' lang='grc' dir='ltr'>ἰατρείαν,</span> <span class='ocrx_word' id='word_1_284' title='bbox 2997 1285 3046 1359; x_wconf 78' lang='grc' dir='ltr'>ἐξ</span> <span class='ocrx_word' id='word_1_285' title='bbox 3099 1289 3162 1355; x_wconf 75' lang='grc' dir='ltr'>ἧς</span> <span class='ocrx_word' id='word_1_286' title='bbox 3207 1286 3268 1341; x_wconf 80' lang='grc' dir='ltr'>οὐ</span> <span class='ocrx_word' id='word_1_287' title='bbox 3294 1288 3766 1364; x_wconf 75' lang='grc' dir='ltr'>τεθεραπεύμεθα;</span> 
     </span>
    </p>
   </div>
   <div class='ocr_carea' id='block_1_42' title="bbox 2116 1373 3770 1450">
    <p class='ocr_par' dir='ltr' id='par_1_42' title="bbox 2116 1373 3770 1450">
     <span class='ocr_line' id='line_1_42' title="bbox 2116 1373 3770 1450; baseline 0.003 -24"><span class='ocrx_word' id='word_1_288' title='bbox 2116 1373 2213 1427; x_wconf 85' lang='grc' dir='ltr'>Καὶ</span> <span class='ocrx_word' id='word_1_289' title='bbox 2242 1373 2400 1428; x_wconf 74' lang='grc' dir='ltr'>τέκνα</span> <span class='ocrx_word' id='word_1_290' title='bbox 2435 1375 2551 1448; x_wconf 72' lang='grc' dir='ltr'>μὲν,</span> <span class='ocrx_word' id='word_1_291' title='bbox 2586 1373 2730 1431; x_wconf 81' lang='grc' dir='ltr'>ἀλλά</span> <span class='ocrx_word' id='word_1_292' title='bbox 2763 1377 3003 1448; x_wconf 73' lang='grc' dir='ltr'>μωμητὰ</span> <span class='ocrx_word' id='word_1_293' title='bbox 3045 1373 3228 1430; x_wconf 86' lang='grc' dir='ltr'>καλῶν</span> <span class='ocrx_word' id='word_1_294' title='bbox 3277 1375 3434 1450; x_wconf 69' lang='grc' dir='ltr'>λέγῃ,</span> <span class='ocrx_word' id='word_1_295' title='bbox 3479 1378 3568 1431; x_wconf 74' lang='grc' dir='ltr'>καὶ</span> <span class='ocrx_word' id='word_1_296' title='bbox 3619 1377 3770 1440; x_wconf 73' lang='grc' dir='ltr'>υἱοὺς</span> 
     </span>
    </p>
   </div>
   <div class='ocr_carea' id='block_1_43' title="bbox 2119 1462 3764 1541">
    <p class='ocr_par' dir='ltr' id='par_1_43' title="bbox 2119 1462 3764 1541">
     <span class='ocr_line' id='line_1_43' title="bbox 2119 1462 3764 1541; baseline 0.004 -26"><span class='ocrx_word' id='word_1_297' title='bbox 2119 1463 2236 1536; x_wconf 79' lang='grc' dir='ltr'>μὶν,</span> <span class='ocrx_word' id='word_1_298' title='bbox 2266 1462 2395 1518; x_wconf 73' lang='grc' dir='ltr'>ἀλλ’</span> <span class='ocrx_word' id='word_1_299' title='bbox 2424 1462 2752 1540; x_wconf 81' lang='grc' dir='ltr'>ᾁλλοτρίους</span> <span class='ocrx_word' id='word_1_300' title='bbox 2782 1462 3256 1541; x_wconf 11' lang='grc' dir='ltr'>καὶγχωλάναντας</span> <span class='ocrx_word' id='word_1_301' title='bbox 3291 1467 3395 1520; x_wconf 81' lang='grc' dir='ltr'>ἀπὸ</span> <span class='ocrx_word' id='word_1_302' title='bbox 3425 1470 3530 1520; x_wconf 88' lang='grc' dir='ltr'>τῶν</span> <span class='ocrx_word' id='word_1_303' title='bbox 3562 1462 3764 1540; x_wconf 74' lang='grc' dir='ltr'>τρίϐων</span> 
     </span>
    </p>
   </div>
   <div class='ocr_carea' id='block_1_44' title="bbox 2114 1551 3761 1630">
    <p class='ocr_par' dir='ltr' id='par_1_44' title="bbox 2114 1551 3761 1630">
     <span class='ocr_line' id='line_1_44' title="bbox 2114 1551 3761 1630; baseline 0.002 -24"><span class='ocrx_word' id='word_1_304' title='bbox 2114 1551 2287 1606; x_wconf 85' lang='grc' dir='ltr'>αὐτῶν</span> <span class='ocrx_word' id='word_1_305' title='bbox 2324 1555 2432 1626; x_wconf 87' lang='grc'>(62)</span> <span class='ocrx_word' id='word_1_306' title='bbox 2460 1551 2528 1607; x_wconf 88' lang='grc' dir='ltr'>δι’</span> <span class='ocrx_word' id='word_1_307' title='bbox 2559 1551 2773 1608; x_wconf 85' lang='grc' dir='ltr'>ἀνοδίαν</span> <span class='ocrx_word' id='word_1_308' title='bbox 2807 1562 2864 1608; x_wconf 87' lang='grc' dir='ltr'>τε</span> <span class='ocrx_word' id='word_1_309' title='bbox 2905 1553 2993 1608; x_wconf 88' lang='grc' dir='ltr'>καὶ</span> <span class='ocrx_word' id='word_1_310' title='bbox 3047 1554 3386 1630; x_wconf 72' lang='grc' dir='ltr'>τραχύτητα·</span> <span class='ocrx_word' id='word_1_311' title='bbox 3448 1560 3572 1618; x_wconf 85' lang='grc' dir='ltr'>Πῶς</span> <span class='ocrx_word' id='word_1_312' title='bbox 3631 1551 3761 1628; x_wconf 79' lang='grc' dir='ltr'>ἔδει,</span> 
     </span>
    </p>
   </div>
   <div class='ocr_carea' id='block_1_45' title="bbox 2112 1641 3766 1716">
    <p class='ocr_par' dir='ltr' id='par_1_45' title="bbox 2112 1641 3766 1716">
     <span class='ocr_line' id='line_1_45' title="bbox 2112 1641 3766 1716; baseline 0.003 -21"><span class='ocrx_word' id='word_1_313' title='bbox 2112 1642 2202 1696; x_wconf 88' lang='grc' dir='ltr'>καὶ</span> <span class='ocrx_word' id='word_1_314' title='bbox 2249 1642 2409 1697; x_wconf 83' lang='grc' dir='ltr'>πόθεν</span> <span class='ocrx_word' id='word_1_315' title='bbox 2467 1643 2604 1716; x_wconf 82' lang='grc' dir='ltr'>ὑμᾶς</span> <span class='ocrx_word' id='word_1_316' title='bbox 2661 1641 3040 1714; x_wconf 73' lang='grc' dir='ltr'>παιδευθῆναι,</span> <span class='ocrx_word' id='word_1_317' title='bbox 3098 1643 3187 1698; x_wconf 86' lang='grc' dir='ltr'>καὶ</span> <span class='ocrx_word' id='word_1_318' title='bbox 3260 1643 3321 1698; x_wconf 81' lang='grc' dir='ltr'>οὐ</span> <span class='ocrx_word' id='word_1_319' title='bbox 3395 1642 3766 1714; x_wconf 84' lang='grc' dir='ltr'>πεπαίδευκα;</span> 
     </span>
    </p>
   </div>
   <div class='ocr_carea' id='block_1_46' title="bbox 2114 1730 3766 1810">
    <p class='ocr_par' dir='ltr' id='par_1_46' title="bbox 2114 1730 3766 1810">
     <span class='ocr_line' id='line_1_46' title="bbox 2114 1730 3766 1810; baseline 0.002 -25"><span class='ocrx_word' id='word_1_320' title='bbox 2114 1733 2192 1785; x_wconf 88' lang='grc' dir='ltr'>Δι’</span> <span class='ocrx_word' id='word_1_321' title='bbox 2246 1730 2614 1808; x_wconf 79' lang='grc' dir='ltr'>ἀπαλωτέρων</span> <span class='ocrx_word' id='word_1_322' title='bbox 2672 1732 3006 1810; x_wconf 53' lang='lat' dir='ltr'>(capudiwa</span> <span class='ocrx_word' id='word_1_323' title='bbox 3067 1732 3362 1808; x_wconf 74' lang='grc' dir='ltr'>ἐπήγαγον.</span> <span class='ocrx_word' id='word_1_324' title='bbox 3421 1739 3650 1809; x_wconf 80' lang='grc' dir='ltr'>Παρῆκα</span> <span class='ocrx_word' id='word_1_325' title='bbox 3704 1735 3766 1789; x_wconf 86' lang='grc' dir='ltr'>τὸ</span> 
     </span>
    </p>
   </div>
   <div class='ocr_carea' id='block_1_47' title="bbox 2111 1820 3768 1896">
    <p class='ocr_par' dir='ltr' id='par_1_47' title="bbox 2111 1820 3768 1896">
     <span class='ocr_line' id='line_1_47' title="bbox 2111 1820 3768 1896; baseline 0.001 -19"><span class='ocrx_word' id='word_1_326' title='bbox 2111 1820 2406 1896; x_wconf 78' lang='grc' dir='ltr'>Αἰγύπτιον</span> <span class='ocrx_word' id='word_1_327' title='bbox 2459 1823 2594 1894; x_wconf 78' lang='grc' dir='ltr'>αἷμα</span> <span class='ocrx_word' id='word_1_328' title='bbox 2650 1822 2940 1895; x_wconf 86' lang='grc' dir='ltr'>πινόμενον</span> <span class='ocrx_word' id='word_1_329' title='bbox 3003 1821 3062 1876; x_wconf 72' lang='grc' dir='ltr'>ἐκ</span> <span class='ocrx_word' id='word_1_330' title='bbox 3115 1825 3305 1896; x_wconf 80' lang='grc' dir='ltr'>πηγῶν</span> <span class='ocrx_word' id='word_1_331' title='bbox 3355 1822 3445 1876; x_wconf 85' lang='grc' dir='ltr'>καὶ</span> <span class='ocrx_word' id='word_1_332' title='bbox 3506 1827 3768 1896; x_wconf 82' lang='grc' dir='ltr'>ποταμῶν</span> 
     </span>
    </p>
   </div>
   <div class='ocr_carea' id='block_1_48' title="bbox 2032 1907 3760 2017">
    <p class='ocr_par' dir='ltr' id='par_1_48' title="bbox 2032 1907 3760 2017">
     <span class='ocr_line' id='line_1_48' title="bbox 2032 1907 3760 2017; baseline 0.002 -53"><span class='ocrx_word' id='word_1_333' title='bbox 2032 1953 2080 2017; x_wconf 80' lang='grc' dir='ltr'><strong>Β</strong></span> <span class='ocrx_word' id='word_1_334' title='bbox 2110 1909 2200 1964; x_wconf 85' lang='grc' dir='ltr'>καὶ</span> <span class='ocrx_word' id='word_1_335' title='bbox 2247 1907 2425 1981; x_wconf 82' lang='grc' dir='ltr'>πάσης</span> <span class='ocrx_word' id='word_1_336' title='bbox 2471 1919 2789 1986; x_wconf 81' lang='grc' dir='ltr'>συναγωγῆς</span> <span class='ocrx_word' id='word_1_337' title='bbox 2841 1908 3058 1978; x_wconf 78' lang='grc' dir='ltr'>ὕδατος,</span> <span class='ocrx_word' id='word_1_338' title='bbox 3101 1912 3199 1980; x_wconf 80' lang='grc' dir='ltr'>τήν</span> <span class='ocrx_word' id='word_1_339' title='bbox 3241 1911 3463 1986; x_wconf 89' lang='grc' dir='ltr'>πρώτην</span> <span class='ocrx_word' id='word_1_340' title='bbox 3515 1910 3760 1988; x_wconf 78' lang='grc' dir='ltr'>πληγήν.</span> 
     </span>
     <span class='ocr_line' id='line_1_49' title="bbox 2114 1997 3760 2017; baseline 0.001 -2"><span class='ocrx_word' id='word_1_341' title='bbox 2114 2005 2158 2017; x_wconf 64' lang='grc' dir='ltr'><strong>,τ</strong></span> <span class='ocrx_word' id='word_1_342' title='bbox 2239 1997 2335 2017; x_wconf 48' lang='grc' dir='ltr'>-κ,</span> <span class='ocrx_word' id='word_1_343' title='bbox 2503 1999 2514 2015; x_wconf 67' lang='grc' dir='ltr'><strong>ς</strong></span> <span class='ocrx_word' id='word_1_344' title='bbox 2596 2001 2623 2017; x_wconf 67' lang='grc' dir='ltr'>η</span> <span class='ocrx_word' id='word_1_345' title='bbox 2749 2001 2758 2017; x_wconf 64' lang='grc' dir='ltr'>ν</span> <span class='ocrx_word' id='word_1_346' title='bbox 3029 2001 3041 2016; x_wconf 80' lang='lat'>.</span> <span class='ocrx_word' id='word_1_347' title='bbox 3130 2000 3143 2017; x_wconf 63' lang='grc' dir='ltr'>ς</span> <span class='ocrx_word' id='word_1_348' title='bbox 3328 2005 3351 2016; x_wconf 81' lang='grc'>..</span> <span class='ocrx_word' id='word_1_349' title='bbox 3487 2003 3589 2017; x_wconf 61' lang='grc' dir='ltr'><strong>ιη...</strong></span> <span class='ocrx_word' id='word_1_350' title='bbox 3749 1999 3760 2017; x_wconf 65' lang='grc' dir='ltr'>ι</span> 
     </span>
    </p>
   </div>
   <div class='ocr_carea' id='block_1_49' title="bbox 2113 1997 3765 2076">
    <p class='ocr_par' dir='ltr' id='par_1_49' title="bbox 2113 1997 3765 2076">
     <span class='ocr_line' id='line_1_50' title="bbox 2113 1997 3765 2076; baseline 0 -22"><span class='ocrx_word' id='word_1_351' title='bbox 2113 1997 2404 2076; x_wconf 82' lang='grc' dir='ltr'>Παρῆλθον</span> <span class='ocrx_word' id='word_1_352' title='bbox 2435 1999 2561 2062; x_wconf 80' lang='grc' dir='ltr'>τοὺς</span> <span class='ocrx_word' id='word_1_353' title='bbox 2595 2001 2924 2076; x_wconf 83' lang='grc' dir='ltr'>βατράχους,</span> <span class='ocrx_word' id='word_1_354' title='bbox 2955 2001 3044 2054; x_wconf 78' lang='grc' dir='ltr'>καὶ</span> <span class='ocrx_word' id='word_1_355' title='bbox 3090 2000 3182 2054; x_wconf 88' lang='grc' dir='ltr'>τὸν</span> <span class='ocrx_word' id='word_1_356' title='bbox 3232 2005 3427 2055; x_wconf 85' lang='grc' dir='ltr'>σκνῖπα</span> <span class='ocrx_word' id='word_1_357' title='bbox 3483 2003 3617 2076; x_wconf 82' lang='grc'>(63),</span> <span class='ocrx_word' id='word_1_358' title='bbox 3674 1999 3765 2055; x_wconf 85' lang='grc' dir='ltr'>καὶ</span> 
     </span>
    </p>
   </div>
   <div class='ocr_carea' id='block_1_50' title="bbox 2110 2086 3762 2164">
    <p class='ocr_par' dir='ltr' id='par_1_50' title="bbox 2110 2086 3762 2164">
     <span class='ocr_line' id='line_1_51' title="bbox 2110 2086 3762 2164; baseline 0.001 -21"><span class='ocrx_word' id='word_1_359' title='bbox 2110 2089 2209 2156; x_wconf 81' lang='grc' dir='ltr'>τήν</span> <span class='ocrx_word' id='word_1_360' title='bbox 2261 2088 2576 2162; x_wconf 83' lang='grc' dir='ltr'>κυνόμυιαν,</span> <span class='ocrx_word' id='word_1_361' title='bbox 2623 2088 2718 2151; x_wconf 79' lang='grc' dir='ltr'>τὰς</span> <span class='ocrx_word' id='word_1_362' title='bbox 2769 2088 2891 2160; x_wconf 74' lang='grc' dir='ltr'>ἑξῆς</span> <span class='ocrx_word' id='word_1_363' title='bbox 2946 2086 3210 2164; x_wconf 83' lang='grc' dir='ltr'>μάστιγας</span> <span class='ocrx_word' id='word_1_364' title='bbox 3260 2091 3391 2162; x_wconf 86' lang='grc'>(64)·</span> <span class='ocrx_word' id='word_1_365' title='bbox 3425 2089 3531 2144; x_wconf 87' lang='grc' dir='ltr'>ἀπὸ</span> <span class='ocrx_word' id='word_1_366' title='bbox 3565 2087 3621 2144; x_wconf 78' lang='grc' dir='ltr'>δὲ</span> <span class='ocrx_word' id='word_1_367' title='bbox 3652 2094 3762 2145; x_wconf 87' lang='grc' dir='ltr'>τῶν</span> 
     </span>
    </p>
   </div>
   <div class='ocr_carea' id='block_1_51' title="bbox 2109 2172 3764 2254">
    <p class='ocr_par' dir='ltr' id='par_1_51' title="bbox 2109 2172 3764 2254">
     <span class='ocr_line' id='line_1_52' title="bbox 2109 2172 3764 2254; baseline 0.001 -24"><span class='ocrx_word' id='word_1_368' title='bbox 2109 2182 2340 2248; x_wconf 80' lang='grc' dir='ltr'>κτηνῶν,</span> <span class='ocrx_word' id='word_1_369' title='bbox 2373 2177 2461 2232; x_wconf 84' lang='grc' dir='ltr'>καὶ</span> <span class='ocrx_word' id='word_1_370' title='bbox 2492 2181 2599 2232; x_wconf 89' lang='grc' dir='ltr'>τῶν</span> <span class='ocrx_word' id='word_1_371' title='bbox 2637 2178 2804 2254; x_wconf 84' lang='grc' dir='ltr'>βοῶν,</span> <span class='ocrx_word' id='word_1_372' title='bbox 2852 2178 2942 2232; x_wconf 86' lang='grc' dir='ltr'>καὶ</span> <span class='ocrx_word' id='word_1_373' title='bbox 2988 2182 3095 2232; x_wconf 90' lang='grc' dir='ltr'>τῶν</span> <span class='ocrx_word' id='word_1_374' title='bbox 3150 2172 3438 2251; x_wconf 73' lang='grc' dir='ltr'>προϐάτων</span> <span class='ocrx_word' id='word_1_375' title='bbox 3488 2178 3764 2254; x_wconf 72' lang='grc' dir='ltr'>ἠρξάμην,</span> 
     </span>
    </p>
   </div>
   <div class='ocr_carea' id='block_1_52' title="bbox 2107 2265 3764 2343">
    <p class='ocr_par' dir='ltr' id='par_1_52' title="bbox 2107 2265 3764 2343">
     <span class='ocr_line' id='line_1_53' title="bbox 2107 2265 3764 2343; baseline 0 -22"><span class='ocrx_word' id='word_1_376' title='bbox 2107 2269 2207 2335; x_wconf 78' lang='grc' dir='ltr'>τῆς</span> <span class='ocrx_word' id='word_1_377' title='bbox 2237 2266 2492 2340; x_wconf 68' lang='grc' dir='ltr'>πέμπτης</span> <span class='ocrx_word' id='word_1_378' title='bbox 2521 2266 2769 2341; x_wconf 79' lang='grc' dir='ltr'>πληγῆς,</span> <span class='ocrx_word' id='word_1_379' title='bbox 2802 2267 2892 2322; x_wconf 85' lang='grc' dir='ltr'>καὶ</span> <span class='ocrx_word' id='word_1_380' title='bbox 2921 2272 3038 2328; x_wconf 82' lang='grc' dir='ltr'>τοῖς</span> <span class='ocrx_word' id='word_1_381' title='bbox 3078 2265 3297 2343; x_wconf 85' lang='grc' dir='ltr'>ὀλόγοις</span> <span class='ocrx_word' id='word_1_382' title='bbox 3351 2265 3637 2341; x_wconf 70' lang='grc' dir='ltr'>ἆνέσκηψα,</span> <span class='ocrx_word' id='word_1_383' title='bbox 3684 2266 3764 2323; x_wconf 77' lang='grc' dir='ltr'>ἔτι</span> 
     </span>
    </p>
   </div>
   <div class='ocr_carea' id='block_1_53' title="bbox 2107 2353 3762 2434">
    <p class='ocr_par' dir='ltr' id='par_1_53' title="bbox 2107 2353 3762 2434">
     <span class='ocr_line' id='line_1_54' title="bbox 2107 2353 3762 2434; baseline 0 -24"><span class='ocrx_word' id='word_1_384' title='bbox 2107 2359 2215 2410; x_wconf 88' lang='grc' dir='ltr'>τῶν</span> <span class='ocrx_word' id='word_1_385' title='bbox 2250 2354 2483 2432; x_wconf 86' lang='grc' dir='ltr'>λογικῶν</span> <span class='ocrx_word' id='word_1_386' title='bbox 2515 2353 2852 2434; x_wconf 80' lang='grc' dir='ltr'>φειδόμενος.</span> <span class='ocrx_word' id='word_1_387' title='bbox 2889 2354 3057 2414; x_wconf 73' lang='grc' dir='ltr'>Οὐδὲν</span> <span class='ocrx_word' id='word_1_388' title='bbox 3087 2356 3221 2431; x_wconf 86' lang='grc' dir='ltr'>πρὸς</span> <span class='ocrx_word' id='word_1_389' title='bbox 3267 2356 3404 2429; x_wconf 76' lang='grc' dir='ltr'>ὑμᾶς</span> <span class='ocrx_word' id='word_1_390' title='bbox 3452 2358 3487 2426; x_wconf 78' lang='grc' dir='ltr'><strong>ἡ</strong></span> <span class='ocrx_word' id='word_1_391' title='bbox 3524 2357 3762 2432; x_wconf 78' lang='grc' dir='ltr'>Θραῦσις·</span> 
     </span>
    </p>
   </div>
   <div class='ocr_carea' id='block_1_54' title="bbox 2108 2443 3770 2522">
    <p class='ocr_par' dir='ltr' id='par_1_54' title="bbox 2108 2443 3770 2522">
     <span class='ocr_line' id='line_1_55' title="bbox 2108 2443 3770 2522; baseline 0.001 -23"><span class='ocrx_word' id='word_1_392' title='bbox 2108 2444 2255 2500; x_wconf 76' lang='grc' dir='ltr'>ἀλλὰ</span> <span class='ocrx_word' id='word_1_393' title='bbox 2284 2444 2538 2522; x_wconf 84' lang='grc' dir='ltr'>γεγόνατὲ</span> <span class='ocrx_word' id='word_1_394' title='bbox 2591 2467 2681 2518; x_wconf 86' lang='grc' dir='ltr'>μοι</span> <span class='ocrx_word' id='word_1_395' title='bbox 2729 2447 2819 2500; x_wconf 85' lang='grc' dir='ltr'>καὶ</span> <span class='ocrx_word' id='word_1_396' title='bbox 2865 2449 2973 2501; x_wconf 91' lang='grc' dir='ltr'>τῶν</span> <span class='ocrx_word' id='word_1_397' title='bbox 3024 2443 3346 2521; x_wconf 68' lang='grc' dir='ltr'>πληγέντων</span> <span class='ocrx_word' id='word_1_398' title='bbox 3401 2444 3770 2521; x_wconf 76' lang='grc' dir='ltr'>ἀλογώτεροι,</span> 
     </span>
    </p>
   </div>
   <div class='ocr_carea' id='block_1_55' title="bbox 2108 2533 3762 2611">
    <p class='ocr_par' dir='ltr' id='par_1_55' title="bbox 2108 2533 3762 2611">
     <span class='ocr_line' id='line_1_56' title="bbox 2108 2533 3762 2611; baseline 0.001 -23"><span class='ocrx_word' id='word_1_399' title='bbox 2108 2534 2196 2588; x_wconf 85' lang='grc' dir='ltr'>καὶ</span> <span class='ocrx_word' id='word_1_400' title='bbox 2245 2533 2706 2608; x_wconf 84' lang='grc' dir='ltr'>ἀπαιδευτότεροι,</span> <span class='ocrx_word' id='word_1_401' title='bbox 2768 2534 3021 2611; x_wconf 79' lang='grc' dir='ltr'>Ἀνὲσχον</span> <span class='ocrx_word' id='word_1_402' title='bbox 3103 2535 3153 2606; x_wconf 76' lang='grc' dir='ltr'>ἐξ</span> <span class='ocrx_word' id='word_1_403' title='bbox 3232 2536 3384 2608; x_wconf 83' lang='grc' dir='ltr'>ὑμῶν</span> <span class='ocrx_word' id='word_1_404' title='bbox 3438 2534 3528 2588; x_wconf 88' lang='grc' dir='ltr'>τὸν</span> <span class='ocrx_word' id='word_1_405' title='bbox 3591 2535 3762 2590; x_wconf 81' lang='grc' dir='ltr'>ὑετόν·</span> 
     </span>
    </p>
   </div>
   <div class='ocr_carea' id='block_1_56' title="bbox 2113 2618 3766 2702">
    <p class='ocr_par' dir='ltr' id='par_1_56' title="bbox 2113 2618 3766 2702">
     <span class='ocr_line' id='line_1_57' title="bbox 2113 2618 3766 2702; baseline 0.002 -26"><span class='ocrx_word' id='word_1_406' title='bbox 2113 2623 2265 2697; x_wconf 85' lang='grc' dir='ltr'>μερὶς</span> <span class='ocrx_word' id='word_1_407' title='bbox 2332 2623 2426 2697; x_wconf 87' lang='grc' dir='ltr'>μία</span> <span class='ocrx_word' id='word_1_408' title='bbox 2483 2619 2715 2700; x_wconf 75' lang='grc' dir='ltr'>ἐϐράχη-</span> <span class='ocrx_word' id='word_1_409' title='bbox 2777 2624 2866 2678; x_wconf 88' lang='grc' dir='ltr'>καὶ</span> <span class='ocrx_word' id='word_1_410' title='bbox 2928 2624 3079 2699; x_wconf 84' lang='grc' dir='ltr'>μερὶς</span> <span class='ocrx_word' id='word_1_411' title='bbox 3138 2623 3219 2702; x_wconf 78' lang='grc' dir='ltr'>ἐφ’</span> <span class='ocrx_word' id='word_1_412' title='bbox 3275 2625 3336 2693; x_wconf 81' lang='grc' dir='ltr'>ἣν</span> <span class='ocrx_word' id='word_1_413' title='bbox 3401 2622 3500 2678; x_wconf 79' lang='grc' dir='ltr'>οὐκ</span> <span class='ocrx_word' id='word_1_414' title='bbox 3557 2618 3766 2697; x_wconf 75' lang='grc' dir='ltr'>ἕϐρεξα,</span> 
     </span>
    </p>
   </div>
   <div class='ocr_carea' id='block_1_57' title="bbox 2109 2711 3766 2789">
    <p class='ocr_par' dir='ltr' id='par_1_57' title="bbox 2109 2711 3766 2789">
     <span class='ocr_line' id='line_1_58' title="bbox 2109 2711 3766 2789; baseline 0.001 -23"><span class='ocrx_word' id='word_1_415' title='bbox 2109 2711 2392 2786; x_wconf 79' lang='grc' dir='ltr'>ἐξηράνθη·</span> <span class='ocrx_word' id='word_1_416' title='bbox 2470 2714 2560 2767; x_wconf 83' lang='grc' dir='ltr'>καὶ</span> <span class='ocrx_word' id='word_1_417' title='bbox 2658 2712 2860 2769; x_wconf 70' lang='grc' dir='ltr'>εἶ’πατε.</span> <span class='ocrx_word' id='word_1_418' title='bbox 2951 2711 3358 2789; x_wconf 81' lang='grc' dir='ltr'>Ἀνδριούμεθα.</span> <span class='ocrx_word' id='word_1_419' title='bbox 3458 2713 3766 2789; x_wconf 74' lang='grc' dir='ltr'>Ἐπήγαγον</span> 
     </span>
    </p>
   </div>
   <div class='ocr_carea' id='block_1_58' title="bbox 2109 2799 3762 2877">
    <p class='ocr_par' dir='ltr' id='par_1_58' title="bbox 2109 2799 3762 2877">
     <span class='ocr_line' id='line_1_59' title="bbox 2109 2799 3762 2877; baseline 0 -22"><span class='ocrx_word' id='word_1_420' title='bbox 2109 2801 2234 2874; x_wconf 83' lang='grc' dir='ltr'>ὑμῖν</span> <span class='ocrx_word' id='word_1_421' title='bbox 2295 2800 2562 2877; x_wconf 79' lang='grc' dir='ltr'>χάλαζαν,</span> <span class='ocrx_word' id='word_1_422' title='bbox 2619 2806 2686 2876; x_wconf 81' lang='grc' dir='ltr'>τῇ</span> <span class='ocrx_word' id='word_1_423' title='bbox 2773 2800 2984 2876; x_wconf 75' lang='grc' dir='ltr'>ἐναντίᾳ</span> <span class='ocrx_word' id='word_1_424' title='bbox 3040 2803 3154 2876; x_wconf 90' lang='grc'>(65)</span> <span class='ocrx_word' id='word_1_425' title='bbox 3209 2801 3403 2876; x_wconf 80' lang='grc' dir='ltr'>πληγῇ</span> <span class='ocrx_word' id='word_1_426' title='bbox 3462 2799 3762 2874; x_wconf 77' lang='grc' dir='ltr'>παιδεύων,</span> 
     </span>
    </p>
   </div>
   <div class='ocr_carea' id='block_1_59' title="bbox 2109 2887 3766 2966">
    <p class='ocr_par' dir='ltr' id='par_1_59' title="bbox 2109 2887 3766 2966">
     <span class='ocr_line' id='line_1_60' title="bbox 2109 2887 3766 2966; baseline 0.003 -23"><span class='ocrx_word' id='word_1_427' title='bbox 2109 2887 2436 2962; x_wconf 84' lang='grc' dir='ltr'>ἀμπελῶνας</span> <span class='ocrx_word' id='word_1_428' title='bbox 2489 2890 2639 2963; x_wconf 86' lang='grc' dir='ltr'>ὑμῶν</span> <span class='ocrx_word' id='word_1_429' title='bbox 2689 2889 2777 2945; x_wconf 90' lang='grc' dir='ltr'>καὶ</span> <span class='ocrx_word' id='word_1_430' title='bbox 2828 2887 3110 2966; x_wconf 87' lang='grc' dir='ltr'>δρυμῶνας</span> <span class='ocrx_word' id='word_1_431' title='bbox 3159 2890 3248 2944; x_wconf 86' lang='grc' dir='ltr'>καὶ</span> <span class='ocrx_word' id='word_1_432' title='bbox 3287 2893 3593 2966; x_wconf 79' lang='grc' dir='ltr'>γεννήματα</span> <span class='ocrx_word' id='word_1_433' title='bbox 3653 2893 3766 2964; x_wconf 87' lang='grc'>(66)</span> 
     </span>
    </p>
   </div>
   <div class='ocr_carea' id='block_1_60' title="bbox 2110 2977 3764 3053">
    <p class='ocr_par' dir='ltr' id='par_1_60' title="bbox 2110 2977 3764 3053">
     <span class='ocr_line' id='line_1_61' title="bbox 2110 2977 3764 3053; baseline 0.001 -21"><span class='ocrx_word' id='word_1_434' title='bbox 2110 2978 2260 3051; x_wconf 86' lang='grc' dir='ltr'>ὑμῶν</span> <span class='ocrx_word' id='word_1_435' title='bbox 2338 2977 2620 3053; x_wconf 73' lang='grc' dir='ltr'>ἒξεθέρισα·</span> <span class='ocrx_word' id='word_1_436' title='bbox 2699 2981 2787 3034; x_wconf 83' lang='grc' dir='ltr'>καὶ</span> <span class='ocrx_word' id='word_1_437' title='bbox 2860 2981 2960 3048; x_wconf 81' lang='grc' dir='ltr'>τὴν</span> <span class='ocrx_word' id='word_1_438' title='bbox 3036 2977 3222 3033; x_wconf 79' lang='grc' dir='ltr'>κακίαν</span> <span class='ocrx_word' id='word_1_439' title='bbox 3304 2980 3453 3052; x_wconf 82' lang='grc' dir='ltr'>ὑμῶν</span> <span class='ocrx_word' id='word_1_440' title='bbox 3510 2980 3572 3034; x_wconf 81' lang='grc' dir='ltr'>οὗ</span> <span class='ocrx_word' id='word_1_441' title='bbox 3639 3001 3764 3034; x_wconf 91' lang='grc' dir='ltr'>συν-</span> 
     </span>
    </p>
   </div>
   <div class='ocr_carea' id='block_1_61' title="bbox 2108 3066 2317 3142">
    <p class='ocr_par' dir='ltr' id='par_1_61' title="bbox 2108 3066 2317 3142">
     <span class='ocr_line' id='line_1_62' title="bbox 2108 3066 2317 3142; baseline 0.005 -20"><span class='ocrx_word' id='word_1_442' title='bbox 2108 3066 2317 3142; x_wconf 80' lang='grc' dir='ltr'>ἐτριψα.</span> 
     </span>
    </p>
   </div>
   <div class='ocr_carea' id='block_1_62' title="bbox 259 3157 3762 3233">
    <p class='ocr_par' dir='ltr' id='par_1_62' title="bbox 259 3157 3762 3233">
     <span class='ocr_line' id='line_1_63' title="bbox 259 3157 3762 3233; baseline 0.001 -21"><span class='ocrx_word' id='word_1_443' title='bbox 259 3207 262 3212; x_wconf 91' lang='grc'>.</span> <span class='ocrx_word' id='word_1_444' title='bbox 344 3161 518 3233; x_wconf 81' lang='lat' dir='ltr'>plaga</span> <span class='ocrx_word' id='word_1_445' title='bbox 549 3177 649 3216; x_wconf 90' lang='lat' dir='ltr'>vos</span> <span class='ocrx_word' id='word_1_446' title='bbox 673 3161 990 3232; x_wconf 85' lang='lat' dir='ltr'>castigans,</span> <span class='ocrx_word' id='word_1_447' title='bbox 1009 3159 1208 3215; x_wconf 88' lang='lat' dir='ltr'>vineas</span> <span class='ocrx_word' id='word_1_448' title='bbox 1229 3164 1470 3230; x_wconf 87' lang='lat' dir='ltr'>vestras,</span> <span class='ocrx_word' id='word_1_449' title='bbox 1497 3164 1710 3215; x_wconf 82' lang='lat' dir='ltr'>truteta</span> <span class='ocrx_word' id='word_1_450' title='bbox 1726 3159 2059 3231; x_wconf 87' lang='lat' dir='ltr'>etgermina</span> <span class='ocrx_word' id='word_1_451' title='bbox 2079 3158 2374 3215; x_wconf 88' lang='lat' dir='ltr'>demessui</span> <span class='ocrx_word' id='word_1_452' title='bbox 2401 3177 2414 3228; x_wconf 84' lang='lat'><strong>;</strong></span> <span class='ocrx_word' id='word_1_453' title='bbox 2439 3173 2544 3214; x_wconf 89' lang='lat' dir='ltr'>nec</span> <span class='ocrx_word' id='word_1_454' title='bbox 2575 3161 2768 3215; x_wconf 85' lang='lat' dir='ltr'>tamen</span> <span class='ocrx_word' id='word_1_455' title='bbox 2795 3157 3230 3230; x_wconf 87' lang='lat' dir='ltr'>improbitatem</span> <span class='ocrx_word' id='word_1_456' title='bbox 3251 3162 3506 3214; x_wconf 89' lang='lat' dir='ltr'>vestram</span> <span class='ocrx_word' id='word_1_457' title='bbox 3530 3157 3762 3214; x_wconf 88' lang='lat' dir='ltr'>obtrivi.</span> 
     </span>
    </p>
   </div>
   <div class='ocr_carea' id='block_1_63' title="bbox 410 3249 2064 3322">
    <p class='ocr_par' dir='ltr' id='par_1_63' title="bbox 410 3249 2064 3322">
     <span class='ocr_line' id='line_1_64' title="bbox 410 3249 2064 3322; baseline 0 -16"><span class='ocrx_word' id='word_1_458' title='bbox 410 3250 657 3314; x_wconf 81' lang='lat' dir='ltr'>XLQuin</span> <span class='ocrx_word' id='word_1_459' title='bbox 703 3251 880 3306; x_wconf 90' lang='lat' dir='ltr'>etiam</span> <span class='ocrx_word' id='word_1_460' title='bbox 939 3250 1011 3306; x_wconf 88' lang='lat' dir='ltr'>ad</span> <span class='ocrx_word' id='word_1_461' title='bbox 1071 3266 1165 3305; x_wconf 91' lang='lat' dir='ltr'>me</span> <span class='ocrx_word' id='word_1_462' title='bbox 1213 3265 1466 3321; x_wconf 86' lang='lat' dir='ltr'>quoque,</span> <span class='ocrx_word' id='word_1_463' title='bbox 1518 3249 1619 3321; x_wconf 90' lang='lat' dir='ltr'>qui</span> <span class='ocrx_word' id='word_1_464' title='bbox 1675 3266 1746 3305; x_wconf 92' lang='lat' dir='ltr'>ne</span> <span class='ocrx_word' id='word_1_465' title='bbox 1802 3249 1990 3322; x_wconf 85' lang='lat' dir='ltr'>plagis</span> <span class='ocrx_word' id='word_1_466' title='bbox 2022 3252 2064 3319; x_wconf 77' lang='grc' dir='ltr'><strong>ρ</strong></span> 
     </span>
    </p>
   </div>
   <div class='ocr_carea' id='block_1_64' title="bbox 339 3338 1992 3411">
    <p class='ocr_par' dir='ltr' id='par_1_64' title="bbox 339 3338 1992 3411">
     <span class='ocr_line' id='line_1_65' title="bbox 339 3338 1992 3411; baseline 0.001 -18"><span class='ocrx_word' id='word_1_467' title='bbox 339 3339 578 3411; x_wconf 88' lang='lat' dir='ltr'>quidem</span> <span class='ocrx_word' id='word_1_468' title='bbox 614 3339 818 3394; x_wconf 89' lang='lat' dir='ltr'>melior</span> <span class='ocrx_word' id='word_1_469' title='bbox 849 3339 942 3408; x_wconf 84' lang='lat' dir='ltr'>ﬁo,</span> <span class='ocrx_word' id='word_1_470' title='bbox 969 3341 1217 3394; x_wconf 84' lang='lat' dir='ltr'>fortasse</span> <span class='ocrx_word' id='word_1_471' title='bbox 1246 3338 1340 3394; x_wconf 88' lang='lat' dir='ltr'>his</span> <span class='ocrx_word' id='word_1_472' title='bbox 1369 3338 1561 3394; x_wconf 89' lang='lat' dir='ltr'>verbis</span> <span class='ocrx_word' id='word_1_473' title='bbox 1591 3343 1826 3394; x_wconf 86' lang='lat' dir='ltr'>utetur:</span> <span class='ocrx_word' id='word_1_474' title='bbox 1873 3339 1992 3394; x_wconf 82' lang='lat' dir='ltr'>Scio</span> 
     </span>
    </p>
   </div>
   <div class='ocr_carea' id='block_1_65' title="bbox 337 3430 1990 3503">
    <p class='ocr_par' dir='ltr' id='par_1_65' title="bbox 337 3430 1990 3503">
     <span class='ocr_line' id='line_1_66' title="bbox 337 3430 1990 3503; baseline 0 -19"><span class='ocrx_word' id='word_1_475' title='bbox 337 3431 476 3503; x_wconf 77' lang='lat' dir='ltr'>quia</span> <span class='ocrx_word' id='word_1_476' title='bbox 522 3430 699 3485; x_wconf 83' lang='lat' dir='ltr'>durus</span> <span class='ocrx_word' id='word_1_477' title='bbox 742 3445 798 3486; x_wconf 82' lang='lat' dir='ltr'>es</span> <span class='ocrx_word' id='word_1_478' title='bbox 845 3437 927 3498; x_wconf 79' lang='lat' dir='ltr'>tu,</span> <span class='ocrx_word' id='word_1_479' title='bbox 958 3432 1010 3484; x_wconf 84' lang='lat' dir='ltr'>et</span> <span class='ocrx_word' id='word_1_480' title='bbox 1051 3445 1248 3485; x_wconf 84' lang='lat' dir='ltr'>nervus</span> <span class='ocrx_word' id='word_1_481' title='bbox 1303 3431 1518 3499; x_wconf 75' lang='lat' dir='ltr'>ferreus</span> <span class='ocrx_word' id='word_1_482' title='bbox 1561 3433 1746 3484; x_wconf 75' lang='lat' dir='ltr'>cervix</span> <span class='ocrx_word' id='word_1_483' title='bbox 1777 3433 1872 3485; x_wconf 81' lang='lat' dir='ltr'>tua</span> <span class='ocrx_word' id='word_1_484' title='bbox 1926 3430 1990 3484; x_wconf 80' lang='grc'>³⁸.</span> 
     </span>
    </p>
   </div>
   <div class='ocr_carea' id='block_1_66' title="bbox 346 3515 1993 3590">
    <p class='ocr_par' dir='ltr' id='par_1_66' title="bbox 346 3515 1993 3590">
     <span class='ocr_line' id='line_1_67' title="bbox 346 3515 1993 3590; baseline -0.001 -18"><span class='ocrx_word' id='word_1_485' title='bbox 346 3517 456 3582; x_wconf 84' lang='lat' dir='ltr'>Qui</span> <span class='ocrx_word' id='word_1_486' title='bbox 487 3518 821 3590; x_wconf 88' lang='lat' dir='ltr'>spernebat,</span> <span class='ocrx_word' id='word_1_487' title='bbox 853 3517 1108 3588; x_wconf 86' lang='lat' dir='ltr'>spernit;</span> <span class='ocrx_word' id='word_1_488' title='bbox 1143 3517 1244 3588; x_wconf 90' lang='lat' dir='ltr'>qui</span> <span class='ocrx_word' id='word_1_489' title='bbox 1276 3516 1478 3586; x_wconf 90' lang='lat' dir='ltr'>inique</span> <span class='ocrx_word' id='word_1_490' title='bbox 1517 3516 1746 3588; x_wconf 87' lang='lat' dir='ltr'>agebat,</span> <span class='ocrx_word' id='word_1_491' title='bbox 1792 3515 1993 3587; x_wconf 86' lang='lat' dir='ltr'>inique</span> 
     </span>
    </p>
   </div>
   <div class='ocr_carea' id='block_1_67' title="bbox 346 3605 1990 3679">
    <p class='ocr_par' dir='ltr' id='par_1_67' title="bbox 346 3605 1990 3679">
     <span class='ocr_line' id='line_1_68' title="bbox 346 3605 1990 3679; baseline -0.002 -16"><span class='ocrx_word' id='word_1_492' title='bbox 346 3607 470 3679; x_wconf 82' lang='lat' dir='ltr'>agit</span> <span class='ocrx_word' id='word_1_493' title='bbox 501 3623 514 3662; x_wconf 89' lang='lat'>:</span> <span class='ocrx_word' id='word_1_494' title='bbox 541 3606 687 3661; x_wconf 87' lang='lat' dir='ltr'>nihil</span> <span class='ocrx_word' id='word_1_495' title='bbox 717 3622 970 3678; x_wconf 87' lang='lat' dir='ltr'>superna</span> <span class='ocrx_word' id='word_1_496' title='bbox 995 3605 1318 3660; x_wconf 87' lang='lat' dir='ltr'>admonitio</span> <span class='ocrx_word' id='word_1_497' title='bbox 1352 3605 1590 3676; x_wconf 82' lang='lat' dir='ltr'>profuit,</span> <span class='ocrx_word' id='word_1_498' title='bbox 1609 3605 1756 3660; x_wconf 91' lang='lat' dir='ltr'>nihil</span> <span class='ocrx_word' id='word_1_499' title='bbox 1788 3606 1990 3676; x_wconf 88' lang='lat' dir='ltr'>ﬂagra.</span> 
     </span>
    </p>
   </div>
   <div class='ocr_carea' id='block_1_68' title="bbox 349 3693 1993 3766">
    <p class='ocr_par' dir='ltr' id='par_1_68' title="bbox 349 3693 1993 3766">
     <span class='ocr_line' id='line_1_69' title="bbox 349 3693 1993 3766; baseline -0.001 -16"><span class='ocrx_word' id='word_1_500' title='bbox 349 3695 551 3766; x_wconf 77' lang='lat' dir='ltr'>Defeeit</span> <span class='ocrx_word' id='word_1_501' title='bbox 579 3696 972 3766; x_wconf 77' lang='lat' dir='ltr'>sufﬂatorz&#39;um,</span> <span class='ocrx_word' id='word_1_502' title='bbox 1004 3693 1202 3766; x_wconf 83' lang='lat' dir='ltr'>de/ecz&#39;t</span> <span class='ocrx_word' id='word_1_503' title='bbox 1226 3693 1520 3765; x_wconf 83' lang='lat' dir='ltr'>plumbum</span> <span class='ocrx_word' id='word_1_504' title='bbox 1550 3694 1616 3765; x_wconf 67' lang='lat'>39,</span> <span class='ocrx_word' id='word_1_505' title='bbox 1649 3695 1804 3766; x_wconf 89' lang='lat' dir='ltr'>quod</span> <span class='ocrx_word' id='word_1_506' title='bbox 1831 3694 1993 3766; x_wconf 89' lang='lat' dir='ltr'>prius</span> 
     </span>
    </p>
   </div>
   <div class='ocr_carea' id='block_1_69' title="bbox 352 3783 1993 3858">
    <p class='ocr_par' dir='ltr' id='par_1_69' title="bbox 352 3783 1993 3858">
     <span class='ocr_line' id='line_1_70' title="bbox 352 3783 1993 3858; baseline -0.002 -17"><span class='ocrx_word' id='word_1_507' title='bbox 352 3802 587 3858; x_wconf 88' lang='lat' dir='ltr'>quoque</span> <span class='ocrx_word' id='word_1_508' title='bbox 616 3802 720 3857; x_wconf 89' lang='lat' dir='ltr'>per</span> <span class='ocrx_word' id='word_1_509' title='bbox 737 3784 1057 3840; x_wconf 86' lang='lat' dir='ltr'>Jersmiam</span> <span class='ocrx_word' id='word_1_510' title='bbox 1080 3783 1246 3839; x_wconf 89' lang='lat' dir='ltr'>vobis</span> <span class='ocrx_word' id='word_1_511' title='bbox 1267 3784 1608 3855; x_wconf 84' lang='lat' dir='ltr'>exprobravi</span> <span class='ocrx_word' id='word_1_512' title='bbox 1641 3800 1653 3837; x_wconf 90' lang='lat'>:</span> <span class='ocrx_word' id='word_1_513' title='bbox 1689 3783 1993 3840; x_wconf 84' lang='lat' dir='ltr'>Incassum</span> 
     </span>
    </p>
   </div>
   <div class='ocr_carea' id='block_1_70' title="bbox 349 3873 1994 3946">
    <p class='ocr_par' dir='ltr' id='par_1_70' title="bbox 349 3873 1994 3946">
     <span class='ocr_line' id='line_1_71' title="bbox 349 3873 1994 3946; baseline -0.001 -16"><span class='ocrx_word' id='word_1_514' title='bbox 349 3879 658 3946; x_wconf 86' lang='lat' dir='ltr'>argentum</span> <span class='ocrx_word' id='word_1_515' title='bbox 689 3875 903 3930; x_wconf 84' lang='lat' dir='ltr'>confiat</span> <span class='ocrx_word' id='word_1_516' title='bbox 933 3874 1303 3946; x_wconf 81' lang='lat' dir='ltr'>argentarius</span> <span class='ocrx_word' id='word_1_517' title='bbox 1337 3890 1349 3927; x_wconf 75' lang='grc' dir='ltr'>ε</span> <span class='ocrx_word' id='word_1_518' title='bbox 1384 3873 1604 3928; x_wconf 88' lang='lat' dir='ltr'>scelera</span> <span class='ocrx_word' id='word_1_519' title='bbox 1642 3878 1832 3929; x_wconf 86' lang='lat' dir='ltr'>vestra</span> <span class='ocrx_word' id='word_1_520' title='bbox 1879 3890 1994 3928; x_wconf 90' lang='lat' dir='ltr'>non</span> 
     </span>
    </p>
   </div>
   <div class='ocr_carea' id='block_1_71' title="bbox 346 3961 1996 4034">
    <p class='ocr_par' dir='ltr' id='par_1_71' title="bbox 346 3961 1996 4034">
     <span class='ocr_line' id='line_1_72' title="bbox 346 3961 1996 4034; baseline -0.001 -16"><span class='ocrx_word' id='word_1_521' title='bbox 346 3968 490 4019; x_wconf 87' lang='lat' dir='ltr'>sunt</span> <span class='ocrx_word' id='word_1_522' title='bbox 517 3962 829 4034; x_wconf 86' lang='lat' dir='ltr'>liquefacta</span> <span class='ocrx_word' id='word_1_523' title='bbox 861 3964 924 4017; x_wconf 76' lang='lat'>‘0.</span> <span class='ocrx_word' id='word_1_524' title='bbox 960 3964 1108 4019; x_wconf 89' lang='lat' dir='ltr'>Num</span> <span class='ocrx_word' id='word_1_525' title='bbox 1143 3961 1467 4018; x_wconf 87' lang='lat' dir='ltr'>meiratum</span> <span class='ocrx_word' id='word_1_526' title='bbox 1492 3962 1881 4031; x_wconf 89' lang='lat' dir='ltr'>sustinebitis,</span> <span class='ocrx_word' id='word_1_527' title='bbox 1914 3964 1996 4017; x_wconf 89' lang='lat' dir='ltr'>di-</span> 
     </span>
    </p>
   </div>
   <div class='ocr_carea' id='block_1_72' title="bbox 344 4051 1995 4124">
    <p class='ocr_par' dir='ltr' id='par_1_72' title="bbox 344 4051 1995 4124">
     <span class='ocr_line' id='line_1_73' title="bbox 344 4051 1995 4124; baseline 0.001 -18"><span class='ocrx_word' id='word_1_528' title='bbox 344 4051 426 4107; x_wconf 91' lang='lat' dir='ltr'>cit</span> <span class='ocrx_word' id='word_1_529' title='bbox 455 4051 739 4107; x_wconf 83' lang='lat' dir='ltr'>Dominus</span> <span class='ocrx_word' id='word_1_530' title='bbox 759 4053 786 4107; x_wconf 83' lang='lat'><strong>?</strong></span> <span class='ocrx_word' id='word_1_531' title='bbox 814 4055 1021 4107; x_wconf 90' lang='lat' dir='ltr'>Annon</span> <span class='ocrx_word' id='word_1_532' title='bbox 1050 4068 1180 4107; x_wconf 88' lang='lat' dir='ltr'>mea</span> <span class='ocrx_word' id='word_1_533' title='bbox 1211 4069 1422 4108; x_wconf 85' lang='lat' dir='ltr'>manus</span> <span class='ocrx_word' id='word_1_534' title='bbox 1443 4051 1587 4108; x_wconf 86' lang='lat' dir='ltr'>alias</span> <span class='ocrx_word' id='word_1_535' title='bbox 1609 4068 1844 4124; x_wconf 86' lang='lat' dir='ltr'>quoque</span> <span class='ocrx_word' id='word_1_536' title='bbox 1868 4052 1995 4124; x_wconf 90' lang='lat' dir='ltr'>pla-</span> 
     </span>
    </p>
   </div>
   <div class='ocr_carea' id='block_1_73' title="bbox 345 4140 1997 4213">
    <p class='ocr_par' dir='ltr' id='par_1_73' title="bbox 345 4140 1997 4213">
     <span class='ocr_line' id='line_1_74' title="bbox 345 4140 1997 4213; baseline 0 -17"><span class='ocrx_word' id='word_1_537' title='bbox 345 4155 450 4213; x_wconf 85' lang='lat' dir='ltr'>gas</span> <span class='ocrx_word' id='word_1_538' title='bbox 480 4140 694 4196; x_wconf 84' lang='lat' dir='ltr'>inferre</span> <span class='ocrx_word' id='word_1_539' title='bbox 722 4141 954 4212; x_wconf 80' lang='lat' dir='ltr'>potest?</span> <span class='ocrx_word' id='word_1_540' title='bbox 999 4141 1205 4196; x_wconf 87' lang='lat' dir='ltr'>Adhuc</span> <span class='ocrx_word' id='word_1_541' title='bbox 1236 4157 1412 4211; x_wconf 89' lang='lat' dir='ltr'>penes</span> <span class='ocrx_word' id='word_1_542' title='bbox 1465 4157 1558 4196; x_wconf 89' lang='lat' dir='ltr'>me</span> <span class='ocrx_word' id='word_1_543' title='bbox 1605 4141 1806 4197; x_wconf 83' lang='lat' dir='ltr'>vesicae</span> <span class='ocrx_word' id='word_1_544' title='bbox 1856 4146 1997 4197; x_wconf 89' lang='lat' dir='ltr'>sunt</span> 
     </span>
    </p>
   </div>
   <div class='ocr_carea' id='block_1_74' title="bbox 343 4228 1994 4302">
    <p class='ocr_par' dir='ltr' id='par_1_74' title="bbox 343 4228 1994 4302">
     <span class='ocr_line' id='line_1_75' title="bbox 343 4228 1994 4302; baseline 0.001 -16"><span class='ocrx_word' id='word_1_545' title='bbox 343 4228 740 4286; x_wconf 82' lang='lat' dir='ltr'>ebullientela</span> <span class='ocrx_word' id='word_1_546' title='bbox 761 4229 975 4285; x_wconf 90' lang='lat' dir='ltr'>camini</span> <span class='ocrx_word' id='word_1_547' title='bbox 997 4228 1240 4300; x_wconf 78' lang='lat' dir='ltr'>fuligine</span> <span class='ocrx_word' id='word_1_548' title='bbox 1256 4231 1322 4302; x_wconf 67' lang='grc' dir='ltr'>δι,</span> <span class='ocrx_word' id='word_1_549' title='bbox 1347 4247 1524 4301; x_wconf 86' lang='lat' dir='ltr'>quam</span> <span class='ocrx_word' id='word_1_550' title='bbox 1546 4230 1795 4302; x_wconf 84' lang='lat' dir='ltr'>Moyses,</span> <span class='ocrx_word' id='word_1_551' title='bbox 1818 4236 1919 4287; x_wconf 90' lang='lat' dir='ltr'>aut</span> <span class='ocrx_word' id='word_1_552' title='bbox 1943 4231 1994 4287; x_wconf 91' lang='lat' dir='ltr'>si</span> 
     </span>
    </p>
   </div>
   <div class='ocr_carea' id='block_1_75' title="bbox 345 4315 1992 4393">
    <p class='ocr_par' dir='ltr' id='par_1_75' title="bbox 345 4315 1992 4393">
     <span class='ocr_line' id='line_1_76' title="bbox 345 4315 1992 4393; baseline 0.002 -22"><span class='ocrx_word' id='word_1_553' title='bbox 345 4317 479 4389; x_wconf 88' lang='lat' dir='ltr'>quis</span> <span class='ocrx_word' id='word_1_554' title='bbox 510 4315 596 4371; x_wconf 91' lang='lat' dir='ltr'>illi</span> <span class='ocrx_word' id='word_1_555' title='bbox 628 4316 841 4373; x_wconf 87' lang='lat' dir='ltr'>similis</span> <span class='ocrx_word' id='word_1_556' title='bbox 860 4318 959 4371; x_wconf 70' lang='lat' dir='ltr'>irze</span> <span class='ocrx_word' id='word_1_557' title='bbox 976 4318 1184 4372; x_wconf 75' lang='lat' dir='ltr'>divinas</span> <span class='ocrx_word' id='word_1_558' title='bbox 1201 4317 1485 4385; x_wconf 79' lang='lat' dir='ltr'>minister,</span> <span class='ocrx_word' id='word_1_559' title='bbox 1511 4318 1570 4374; x_wconf 93' lang='lat' dir='ltr'>in</span> <span class='ocrx_word' id='word_1_560' title='bbox 1592 4319 1801 4375; x_wconf 85' lang='lat' dir='ltr'>coelum</span> <span class='ocrx_word' id='word_1_561' title='bbox 1829 4337 1992 4393; x_wconf 88' lang='lat' dir='ltr'>spar-</span> 
     </span>
    </p>
   </div>
   <div class='ocr_carea' id='block_1_76' title="bbox 343 4406 1992 4480">
    <p class='ocr_par' dir='ltr' id='par_1_76' title="bbox 343 4406 1992 4480">
     <span class='ocr_line' id='line_1_77' title="bbox 343 4406 1992 4480; baseline 0.002 -18"><span class='ocrx_word' id='word_1_562' title='bbox 343 4423 509 4480; x_wconf 88' lang='lat' dir='ltr'>gens,</span> <span class='ocrx_word' id='word_1_563' title='bbox 533 4406 842 4479; x_wconf 60' lang='lat' dir='ltr'>Egyptum</span> <span class='ocrx_word' id='word_1_564' title='bbox 885 4423 988 4478; x_wconf 89' lang='lat' dir='ltr'>per</span> <span class='ocrx_word' id='word_1_565' title='bbox 1020 4407 1294 4462; x_wconf 90' lang='lat' dir='ltr'>morbum</span> <span class='ocrx_word' id='word_1_566' title='bbox 1341 4409 1611 4480; x_wconf 85' lang='lat' dir='ltr'>castigat.</span> <span class='ocrx_word' id='word_1_567' title='bbox 1659 4409 1864 4464; x_wconf 90' lang='lat' dir='ltr'>Adhuc</span> <span class='ocrx_word' id='word_1_568' title='bbox 1905 4408 1992 4465; x_wconf 85' lang='lat' dir='ltr'>lo-</span> 
     </span>
    </p>
   </div>
   <div class='ocr_carea' id='block_1_77' title="bbox 345 4493 1992 4568">
    <p class='ocr_par' dir='ltr' id='par_1_77' title="bbox 345 4493 1992 4568">
     <span class='ocr_line' id='line_1_78' title="bbox 345 4493 1992 4568; baseline 0.003 -20"><span class='ocrx_word' id='word_1_569' title='bbox 345 4498 532 4561; x_wconf 85' lang='lat' dir='ltr'>custa,</span> <span class='ocrx_word' id='word_1_570' title='bbox 565 4498 622 4548; x_wconf 88' lang='lat' dir='ltr'>et</span> <span class='ocrx_word' id='word_1_571' title='bbox 644 4493 898 4550; x_wconf 65' lang='lat' dir='ltr'>tenebrae</span> <span class='ocrx_word' id='word_1_572' title='bbox 948 4493 1292 4566; x_wconf 87' lang='lat' dir='ltr'>palpabiles,</span> <span class='ocrx_word' id='word_1_573' title='bbox 1324 4499 1380 4550; x_wconf 88' lang='lat' dir='ltr'>et</span> <span class='ocrx_word' id='word_1_574' title='bbox 1411 4495 1582 4568; x_wconf 90' lang='lat' dir='ltr'>plaga</span> <span class='ocrx_word' id='word_1_575' title='bbox 1636 4495 1758 4568; x_wconf 86' lang='lat' dir='ltr'>illa,</span> <span class='ocrx_word' id='word_1_576' title='bbox 1791 4497 1992 4553; x_wconf 89' lang='lat' dir='ltr'>ordine</span> 
     </span>
    </p>
   </div>
   <div class='ocr_carea' id='block_1_78' title="bbox 345 4582 1991 4656">
    <p class='ocr_par' dir='ltr' id='par_1_78' title="bbox 345 4582 1991 4656">
     <span class='ocr_line' id='line_1_79' title="bbox 345 4582 1991 4656; baseline 0.002 -20"><span class='ocrx_word' id='word_1_577' title='bbox 345 4582 585 4655; x_wconf 90' lang='lat' dir='ltr'>quidem</span> <span class='ocrx_word' id='word_1_578' title='bbox 607 4586 924 4654; x_wconf 88' lang='lat' dir='ltr'>postrema,</span> <span class='ocrx_word' id='word_1_579' title='bbox 961 4582 1157 4639; x_wconf 91' lang='lat' dir='ltr'>dolore</span> <span class='ocrx_word' id='word_1_580' title='bbox 1189 4588 1388 4639; x_wconf 84' lang='lat' dir='ltr'>autem</span> <span class='ocrx_word' id='word_1_581' title='bbox 1419 4600 1484 4640; x_wconf 91' lang='lat' dir='ltr'>ac</span> <span class='ocrx_word' id='word_1_582' title='bbox 1502 4584 1756 4656; x_wconf 86' lang='lat' dir='ltr'>potentia</span> <span class='ocrx_word' id='word_1_583' title='bbox 1780 4585 1991 4656; x_wconf 86' lang='lat' dir='ltr'>prima,</span> 
     </span>
    </p>
   </div>
   <div class='ocr_carea' id='block_1_79' title="bbox 341 4671 1988 4745">
    <p class='ocr_par' dir='ltr' id='par_1_79' title="bbox 341 4671 1988 4745">
     <span class='ocr_line' id='line_1_80' title="bbox 341 4671 1988 4745; baseline 0.002 -19"><span class='ocrx_word' id='word_1_584' title='bbox 341 4686 552 4742; x_wconf 86' lang='lat' dir='ltr'>nempe</span> <span class='ocrx_word' id='word_1_585' title='bbox 573 4671 1097 4745; x_wconf 87' lang='lat' dir='ltr'>primogenitorum</span> <span class='ocrx_word' id='word_1_586' title='bbox 1116 4679 1342 4745; x_wconf 85' lang='lat' dir='ltr'>strages</span> <span class='ocrx_word' id='word_1_587' title='bbox 1359 4676 1416 4728; x_wconf 90' lang='lat' dir='ltr'>et</span> <span class='ocrx_word' id='word_1_588' title='bbox 1438 4673 1775 4742; x_wconf 83' lang='lat' dir='ltr'>internecio,</span> <span class='ocrx_word' id='word_1_589' title='bbox 1809 4691 1988 4745; x_wconf 89' lang='lat' dir='ltr'>quam</span> 
     </span>
    </p>
   </div>
   <div class='ocr_carea' id='block_1_80' title="bbox 343 4759 1993 4833">
    <p class='ocr_par' dir='ltr' id='par_1_80' title="bbox 343 4759 1993 4833">
     <span class='ocr_line' id='line_1_81' title="bbox 343 4759 1993 4833; baseline 0.002 -18"><span class='ocrx_word' id='word_1_590' title='bbox 343 4764 409 4816; x_wconf 91' lang='lat' dir='ltr'>ut</span> <span class='ocrx_word' id='word_1_591' title='bbox 447 4759 818 4833; x_wconf 81' lang='lat' dir='ltr'>eﬂ&#39;ugiamus,</span> <span class='ocrx_word' id='word_1_592' title='bbox 853 4766 910 4818; x_wconf 90' lang='lat' dir='ltr'>et</span> <span class='ocrx_word' id='word_1_593' title='bbox 940 4762 1446 4818; x_wconf 88' lang='lat' dir='ltr'>exterminatorem</span> <span class='ocrx_word' id='word_1_594' title='bbox 1480 4777 1513 4816; x_wconf 91' lang='lat' dir='ltr'>a</span> <span class='ocrx_word' id='word_1_595' title='bbox 1543 4761 1711 4818; x_wconf 89' lang='lat' dir='ltr'>nobis</span> <span class='ocrx_word' id='word_1_596' title='bbox 1768 4767 1993 4820; x_wconf 85' lang='lat' dir='ltr'>averta-</span> 
     </span>
    </p>
   </div>
   <div class='ocr_carea' id='block_1_81' title="bbox 341 4849 1987 4924">
    <p class='ocr_par' dir='ltr' id='par_1_81' title="bbox 341 4849 1987 4924">
     <span class='ocr_line' id='line_1_82' title="bbox 341 4849 1987 4924; baseline 0.002 -19"><span class='ocrx_word' id='word_1_597' title='bbox 341 4865 496 4918; x_wconf 90' lang='lat' dir='ltr'>mus,</span> <span class='ocrx_word' id='word_1_598' title='bbox 529 4849 710 4906; x_wconf 87' lang='lat' dir='ltr'>animi</span> <span class='ocrx_word' id='word_1_599' title='bbox 743 4857 960 4922; x_wconf 87' lang='lat' dir='ltr'>postes,</span> <span class='ocrx_word' id='word_1_600' title='bbox 1010 4849 1562 4923; x_wconf 85' lang='lat' dir='ltr'>contemplationem</span> <span class='ocrx_word' id='word_1_601' title='bbox 1594 4855 1652 4908; x_wconf 91' lang='lat' dir='ltr'>et</span> <span class='ocrx_word' id='word_1_602' title='bbox 1680 4854 1987 4924; x_wconf 85' lang='lat' dir='ltr'>actionem,</span> 
     </span>
    </p>
   </div>
   <div class='ocr_carea' id='block_1_82' title="bbox 341 4939 1989 5012">
    <p class='ocr_par' dir='ltr' id='par_1_82' title="bbox 341 4939 1989 5012">
     <span class='ocr_line' id='line_1_83' title="bbox 341 4939 1989 5012; baseline 0.001 -19"><span class='ocrx_word' id='word_1_603' title='bbox 341 4954 554 5010; x_wconf 88' lang='lat' dir='ltr'>magno</span> <span class='ocrx_word' id='word_1_604' title='bbox 574 4940 672 4995; x_wconf 93' lang='lat' dir='ltr'>illo</span> <span class='ocrx_word' id='word_1_605' title='bbox 721 4945 780 4996; x_wconf 91' lang='lat' dir='ltr'>et</span> <span class='ocrx_word' id='word_1_606' title='bbox 837 4941 1079 4996; x_wconf 89' lang='lat' dir='ltr'>salutari</span> <span class='ocrx_word' id='word_1_607' title='bbox 1131 4939 1456 5012; x_wconf 89' lang='lat' dir='ltr'>signaculo,</span> <span class='ocrx_word' id='word_1_608' title='bbox 1518 4940 1800 4996; x_wconf 88' lang='lat' dir='ltr'>nimirum</span> <span class='ocrx_word' id='word_1_609' title='bbox 1849 4941 1989 4997; x_wconf 86' lang='lat' dir='ltr'>Novi</span> 
     </span>
    </p>
   </div>
   <div class='ocr_carea' id='block_1_83' title="bbox 411 5072 1998 5147">
    <p class='ocr_par' dir='ltr' id='par_1_83' title="bbox 411 5072 1998 5147">
     <span class='ocr_line' id='line_1_84' title="bbox 411 5072 1998 5147; baseline 0.003 -20"><span class='ocrx_word' id='word_1_610' title='bbox 411 5072 462 5107; x_wconf 80' lang='grc' dir='ltr'>⁸ο</span> <span class='ocrx_word' id='word_1_611' title='bbox 489 5072 642 5130; x_wconf 89' lang='lat' dir='ltr'>Psal.</span> <span class='ocrx_word' id='word_1_612' title='bbox 676 5090 787 5143; x_wconf 82' lang='lat' dir='ltr'>cvi,</span> <span class='ocrx_word' id='word_1_613' title='bbox 835 5075 923 5129; x_wconf 87' lang='lat'>27.</span> <span class='ocrx_word' id='word_1_614' title='bbox 1001 5075 1043 5109; x_wconf 73' lang='grc'>³1</span> <span class='ocrx_word' id='word_1_615' title='bbox 1084 5073 1236 5131; x_wconf 86' lang='lat' dir='ltr'>Psal.</span> <span class='ocrx_word' id='word_1_616' title='bbox 1269 5091 1404 5147; x_wconf 19' lang='lat' dir='ltr'>ALIX.</span> <span class='ocrx_word' id='word_1_617' title='bbox 1434 5075 1489 5142; x_wconf 87' lang='lat'>5,</span> <span class='ocrx_word' id='word_1_618' title='bbox 1566 5077 1612 5110; x_wconf 77' lang='grc'>⁸³</span> <span class='ocrx_word' id='word_1_619' title='bbox 1641 5077 1768 5132; x_wconf 90' lang='lat' dir='ltr'>Act.</span> <span class='ocrx_word' id='word_1_620' title='bbox 1821 5083 1947 5141; x_wconf 72' lang='grc' dir='ltr'><strong>χιιι,</strong></span> <span class='ocrx_word' id='word_1_621' title='bbox 1979 5077 1998 5132; x_wconf 73' lang='lat'><strong>4</strong></span> 
     </span>
    </p>
   </div>
   <div class='ocr_carea' id='block_1_84' title="bbox 2112 5072 2707 5147">
    <p class='ocr_par' dir='ltr' id='par_1_84' title="bbox 2144 5076 2707 5147">
     <span class='ocr_line' id='line_1_85' title="bbox 2144 5076 2707 5147; baseline -0.002 -14"><span class='ocrx_word' id='word_1_622' title='bbox 2144 5077 2190 5113; x_wconf 78' lang='grc'><strong>³³</strong></span> <span class='ocrx_word' id='word_1_623' title='bbox 2220 5076 2387 5133; x_wconf 87' lang='lat' dir='ltr'>Dent.</span> <span class='ocrx_word' id='word_1_624' title='bbox 2422 5093 2598 5147; x_wconf 68' lang='grc' dir='ltr'><strong>χχχιι,</strong></span> <span class='ocrx_word' id='word_1_625' title='bbox 2653 5077 2707 5132; x_wconf 91' lang='grc'>5.</span> 
     </span>
    </p>
   </div>
   <div class='ocr_carea' id='block_1_85' title="bbox 1184 5145 1998 5224">
    <p class='ocr_par' dir='ltr' id='par_1_85' title="bbox 1184 5145 1998 5218">
     <span class='ocr_line' id='line_1_86' title="bbox 1184 5145 1998 5218; baseline 0.001 -15"><span class='ocrx_word' id='word_1_626' title='bbox 1184 5147 1225 5182; x_wconf 76' lang='grc'>³⁷</span> <span class='ocrx_word' id='word_1_627' title='bbox 1254 5145 1372 5203; x_wconf 89' lang='lat' dir='ltr'>Jer.</span> <span class='ocrx_word' id='word_1_628' title='bbox 1404 5164 1566 5218; x_wconf 80' lang='lat' dir='ltr'>xvm,</span> <span class='ocrx_word' id='word_1_629' title='bbox 1600 5149 1687 5203; x_wconf 84' lang='grc'><strong>12.</strong></span> <span class='ocrx_word' id='word_1_630' title='bbox 1763 5147 1806 5182; x_wconf 81' lang='grc'>³⁸</span> <span class='ocrx_word' id='word_1_631' title='bbox 1838 5149 1949 5204; x_wconf 82' lang='lat' dir='ltr'>Isa-</span> <span class='ocrx_word' id='word_1_632' title='bbox 1982 5167 1998 5204; x_wconf 70' lang='grc' dir='ltr'><strong>ι</strong></span> 
     </span>
    </p>
   </div>
   <div class='ocr_carea' id='block_1_86' title="bbox 2112 5145 3748 5224">
    <p class='ocr_par' dir='ltr' id='par_1_86' title="bbox 2115 5145 3748 5224">
     <span class='ocr_line' id='line_1_87' title="bbox 2115 5145 3748 5224; baseline 0.001 -19"><span class='ocrx_word' id='word_1_633' title='bbox 2115 5166 2178 5217; x_wconf 83' lang='grc' dir='ltr'>ιι,</span> <span class='ocrx_word' id='word_1_634' title='bbox 2201 5151 2256 5205; x_wconf 86' lang='grc'><strong>4.</strong></span> <span class='ocrx_word' id='word_1_635' title='bbox 2330 5150 2375 5184; x_wconf 83' lang='grc'>³⁹</span> <span class='ocrx_word' id='word_1_636' title='bbox 2403 5149 2522 5206; x_wconf 88' lang='lat' dir='ltr'>Jer.</span> <span class='ocrx_word' id='word_1_637' title='bbox 2545 5145 2620 5220; x_wconf 81' lang='lat' dir='ltr'>vi,</span> <span class='ocrx_word' id='word_1_638' title='bbox 2641 5149 2732 5203; x_wconf 87' lang='lat'>29.</span> <span class='ocrx_word' id='word_1_639' title='bbox 2809 5149 2854 5185; x_wconf 81' lang='grc'>⁴⁰</span> <span class='ocrx_word' id='word_1_640' title='bbox 2885 5149 3026 5204; x_wconf 91' lang='lat' dir='ltr'>ibid.</span> <span class='ocrx_word' id='word_1_641' title='bbox 3075 5215 3084 5224; x_wconf 37' lang='grc' dir='ltr'><strong><em>υ</em></strong></span> <span class='ocrx_word' id='word_1_642' title='bbox 3129 5151 3171 5185; x_wconf 77' lang='grc'>⁴¹</span> <span class='ocrx_word' id='word_1_643' title='bbox 3206 5150 3382 5206; x_wconf 79' lang='lat' dir='ltr'>Exod.</span> <span class='ocrx_word' id='word_1_644' title='bbox 3420 5165 3496 5218; x_wconf 86' lang='lat' dir='ltr'>IX,</span> <span class='ocrx_word' id='word_1_645' title='bbox 3522 5149 3590 5204; x_wconf 91' lang='grc'>10</span> <span class='ocrx_word' id='word_1_646' title='bbox 3606 5164 3748 5221; x_wconf 89' lang='lat' dir='ltr'>sqq.</span> 
     </span>
    </p>
   </div>
   <div class='ocr_carea' id='block_1_87' title="bbox 338 5147 1080 5222">
    <p class='ocr_par' dir='ltr' id='par_1_87' title="bbox 338 5147 1080 5222">
     <span class='ocr_line' id='line_1_88' title="bbox 338 5147 1080 5222; baseline -0.004 -18"><span class='ocrx_word' id='word_1_647' title='bbox 338 5163 445 5222; x_wconf 82' lang='lat' dir='ltr'>vn,</span> <span class='ocrx_word' id='word_1_648' title='bbox 473 5150 572 5204; x_wconf 86' lang='lat'>20.</span> <span class='ocrx_word' id='word_1_649' title='bbox 648 5147 692 5183; x_wconf 80' lang='lat'>3°</span> <span class='ocrx_word' id='word_1_650' title='bbox 721 5148 898 5201; x_wconf 87' lang='lat' dir='ltr'>Amos</span> <span class='ocrx_word' id='word_1_651' title='bbox 919 5163 996 5214; x_wconf 85' lang='lat' dir='ltr'>IV,</span> <span class='ocrx_word' id='word_1_652' title='bbox 1025 5147 1080 5201; x_wconf 93' lang='lat'>7.</span> 
     </span>
    </p>
   </div>
   <div class='ocr_carea' id='block_1_88' title="bbox 408 5277 1984 5355">
    <p class='ocr_par' dir='ltr' id='par_1_88' title="bbox 408 5277 1984 5355">
     <span class='ocr_line' id='line_1_89' title="bbox 408 5277 1984 5355; baseline -0.001 -16"><span class='ocrx_word' id='word_1_653' title='bbox 408 5277 888 5355; x_wconf 79' lang='grc' dir='ltr'>(61)Θαυμάσατε.</span> <span class='ocrx_word' id='word_1_654' title='bbox 950 5279 1124 5336; x_wconf 86' lang='lat' dir='ltr'>Cois].</span> <span class='ocrx_word' id='word_1_655' title='bbox 1180 5282 1216 5334; x_wconf 87' lang='lat'><strong>2</strong></span> <span class='ocrx_word' id='word_1_656' title='bbox 1265 5280 1448 5349; x_wconf 81' lang='lat' dir='ltr'>addit,</span> <span class='ocrx_word' id='word_1_657' title='bbox 1498 5277 1790 5353; x_wconf 82' lang='grc' dir='ltr'>θαυμάσίᾳ,</span> <span class='ocrx_word' id='word_1_658' title='bbox 1823 5303 1851 5333; x_wconf 91' lang='grc'>‹‹</span> <span class='ocrx_word' id='word_1_659' title='bbox 1885 5282 1984 5337; x_wconf 82' lang='lat' dir='ltr'>ad-</span> 
     </span>
    </p>
   </div>
   <div class='ocr_carea' id='block_1_89' title="bbox 337 5355 733 5412">
    <p class='ocr_par' dir='ltr' id='par_1_89' title="bbox 337 5355 733 5412">
     <span class='ocr_line' id='line_1_90' title="bbox 337 5355 733 5412; baseline -0.01 0"><span class='ocrx_word' id='word_1_660' title='bbox 337 5355 669 5412; x_wconf 88' lang='lat' dir='ltr'>miratione.</span> <span class='ocrx_word' id='word_1_661' title='bbox 706 5376 733 5402; x_wconf 84' lang='lat'>»</span> 
     </span>
    </p>
   </div>
   <div class='ocr_carea' id='block_1_90' title="bbox 428 5419 1288 5496">
    <p class='ocr_par' dir='ltr' id='par_1_90' title="bbox 428 5419 1288 5496">
     <span class='ocr_line' id='line_1_91' title="bbox 428 5419 1288 5496; baseline -0.006 -14"><span class='ocrx_word' id='word_1_662' title='bbox 428 5428 522 5496; x_wconf 82' lang='lat'>62)</span> <span class='ocrx_word' id='word_1_663' title='bbox 554 5425 767 5480; x_wconf 77' lang='grc' dir='ltr'>Αὐτῶν.</span> <span class='ocrx_word' id='word_1_664' title='bbox 801 5425 1073 5496; x_wconf 63' lang='lat' dir='ltr'>Montem,</span> <span class='ocrx_word' id='word_1_665' title='bbox 1105 5419 1288 5477; x_wconf 76' lang='grc' dir='ltr'>αὐτοῦ.</span> 
     </span>
    </p>
   </div>
   <div class='ocr_carea' id='block_1_91' title="bbox 428 5495 1565 5569">
    <p class='ocr_par' dir='ltr' id='par_1_91' title="bbox 428 5495 1565 5569">
     <span class='ocr_line' id='line_1_92' title="bbox 428 5495 1565 5569; baseline -0.002 -17"><span class='ocrx_word' id='word_1_666' title='bbox 428 5495 522 5567; x_wconf 88' lang='grc'>63)</span> <span class='ocrx_word' id='word_1_667' title='bbox 544 5499 772 5569; x_wconf 79' lang='grc' dir='ltr'>Εκνῖπα.</span> <span class='ocrx_word' id='word_1_668' title='bbox 809 5495 948 5569; x_wconf 81' lang='lat' dir='ltr'>Reg.</span> <span class='ocrx_word' id='word_1_669' title='bbox 975 5498 1119 5569; x_wconf 6' lang='lat' dir='ltr'>a,_get</span> <span class='ocrx_word' id='word_1_670' title='bbox 1147 5499 1291 5558; x_wconf 86' lang='lat' dir='ltr'>Jes.,</span> <span class='ocrx_word' id='word_1_671' title='bbox 1351 5497 1565 5569; x_wconf 54' lang='lat' dir='ltr'>omina.</span> 
     </span>
    </p>
   </div>
   <div class='ocr_carea' id='block_1_92' title="bbox 407 5565 1884 5640">
    <p class='ocr_par' dir='ltr' id='par_1_92' title="bbox 407 5565 1884 5640">
     <span class='ocr_line' id='line_1_93' title="bbox 407 5565 1884 5640; baseline -0.005 -15"><span class='ocrx_word' id='word_1_672' title='bbox 407 5565 519 5640; x_wconf 80' lang='grc'>(64)</span> <span class='ocrx_word' id='word_1_673' title='bbox 553 5565 1005 5640; x_wconf 55' lang='grc' dir='ltr'>Μάστιγας.-Ι)ιιο</span> <span class='ocrx_word' id='word_1_674' title='bbox 1034 5567 1233 5640; x_wconf 73' lang='lat' dir='ltr'>Regg.,</span> <span class='ocrx_word' id='word_1_675' title='bbox 1265 5565 1504 5640; x_wconf 72' lang='grc' dir='ltr'>πληγάς,</span> <span class='ocrx_word' id='word_1_676' title='bbox 1539 5588 1566 5615; x_wconf 89' lang='grc'>‹‹</span> <span class='ocrx_word' id='word_1_677' title='bbox 1600 5565 1820 5639; x_wconf 85' lang='lat' dir='ltr'>plagas.</span> <span class='ocrx_word' id='word_1_678' title='bbox 1857 5589 1884 5617; x_wconf 84' lang='lat'>»</span> 
     </span>
    </p>
   </div>
   <div class='ocr_carea' id='block_1_93' title="bbox 408 5637 1649 5709">
    <p class='ocr_par' dir='ltr' id='par_1_93' title="bbox 408 5637 1649 5709">
     <span class='ocr_line' id='line_1_94' title="bbox 408 5637 1649 5709; baseline -0.006 -14"><span class='ocrx_word' id='word_1_679' title='bbox 408 5637 522 5708; x_wconf 84' lang='lat'>(65)</span> <span class='ocrx_word' id='word_1_680' title='bbox 553 5637 819 5707; x_wconf 76' lang='grc' dir='ltr'>Ἐναντίᾳ.</span> <span class='ocrx_word' id='word_1_681' title='bbox 854 5637 1108 5709; x_wconf 36' lang='grc' dir='ltr'>Βοὶειτὲ,</span> <span class='ocrx_word' id='word_1_682' title='bbox 1146 5637 1322 5709; x_wconf 75' lang='grc' dir='ltr'>ἰνάτῃ,</span> <span class='ocrx_word' id='word_1_683' title='bbox 1356 5637 1649 5693; x_wconf 57' lang='grc' dir='ltr'>αἰλοιιοξυ</span> 
     </span>
    </p>
   </div>
   <div class='ocr_carea' id='block_1_94' title="bbox 342 5708 1988 5831">
    <p class='ocr_par' dir='ltr' id='par_1_94' title="bbox 342 5708 1988 5831">
     <span class='ocr_line' id='line_1_95' title="bbox 342 5708 1988 5831; baseline -0.008 -52"><span class='ocrx_word' id='word_1_684' title='bbox 342 5711 524 5831; x_wconf 43' lang='grc' dir='ltr'>ἠως)</span> <span class='ocrx_word' id='word_1_685' title='bbox 553 5711 889 5783; x_wconf 75' lang='grc' dir='ltr'>Γιννήματα.</span> <span class='ocrx_word' id='word_1_686' title='bbox 944 5729 973 5760; x_wconf 91' lang='grc'><em>‹‹</em></span> <span class='ocrx_word' id='word_1_687' title='bbox 1020 5708 1317 5766; x_wconf 82' lang='lat' dir='ltr'>Germina.</span> <span class='ocrx_word' id='word_1_688' title='bbox 1345 5731 1373 5760; x_wconf 83' lang='lat'><strong>»</strong></span> <span class='ocrx_word' id='word_1_689' title='bbox 1422 5710 1696 5769; x_wconf 85' lang='lat' dir='ltr'>Mallem:</span> <span class='ocrx_word' id='word_1_690' title='bbox 1759 5732 1786 5761; x_wconf 84' lang='lat'><strong>«</strong></span> <span class='ocrx_word' id='word_1_691' title='bbox 1819 5714 1988 5767; x_wconf 86' lang='lat' dir='ltr'>natas</span> 
     </span>
     <span class='ocr_line' id='line_1_96' title="bbox 398 5795 976 5831; baseline -0.005 0"><span class='ocrx_word' id='word_1_692' title='bbox 398 5796 476 5831; x_wconf 64' lang='grc' dir='ltr'>αα</span> <span class='ocrx_word' id='word_1_693' title='bbox 513 5797 562 5831; x_wconf 67' lang='grc' dir='ltr'>Β.</span> <span class='ocrx_word' id='word_1_694' title='bbox 598 5803 622 5831; x_wconf 78' lang='grc' dir='ltr'><strong>Ι</strong></span> <span class='ocrx_word' id='word_1_695' title='bbox 882 5795 889 5802; x_wconf 88' lang='grc'><em>’</em></span> <span class='ocrx_word' id='word_1_696' title='bbox 971 5798 976 5801; x_wconf 68' lang='grc'><em>’</em></span> 
     </span>
    </p>
   </div>
   <div class='ocr_carea' id='block_1_95' title="bbox 366 5795 976 5853">
    <p class='ocr_par' dir='ltr' id='par_1_95' title="bbox 366 5795 976 5853">
     <span class='ocr_line' id='line_1_97' title="bbox 366 5795 976 5853; baseline 0.002 -21"><span class='ocrx_word' id='word_1_697' title='bbox 366 5795 562 5853; x_wconf 76' lang='lat' dir='ltr'>rugos.</span> <span class='ocrx_word' id='word_1_698' title='bbox 598 5803 622 5833; x_wconf 73' lang='grc' dir='ltr'>ι</span> <span class='ocrx_word' id='word_1_699' title='bbox 882 5795 889 5802; x_wconf 93' lang='grc'><em>’</em></span> <span class='ocrx_word' id='word_1_700' title='bbox 971 5798 976 5801; x_wconf 70' lang='grc'><strong>“</strong></span> 
     </span>
    </p>
   </div>
   <div class='ocr_carea' id='block_1_96' title="bbox 2174 3246 3759 3322">
    <p class='ocr_par' dir='ltr' id='par_1_96' title="bbox 2174 3246 3759 3322">
     <span class='ocr_line' id='line_1_98' title="bbox 2174 3246 3759 3322; baseline -0.003 -17"><span class='ocrx_word' id='word_1_701' title='bbox 2174 3249 2277 3305; x_wconf 86' lang='grc' dir='ltr'><strong>ΙΑ’.</strong></span> <span class='ocrx_word' id='word_1_702' title='bbox 2346 3249 2599 3302; x_wconf 86' lang='grc' dir='ltr'>Γινώσκω</span> <span class='ocrx_word' id='word_1_703' title='bbox 2659 3250 2789 3321; x_wconf 88' lang='grc'>(67),</span> <span class='ocrx_word' id='word_1_704' title='bbox 2850 3246 2932 3302; x_wconf 77' lang='grc' dir='ltr'>ὅτι</span> <span class='ocrx_word' id='word_1_705' title='bbox 2992 3246 3234 3322; x_wconf 75' lang='grc' dir='ltr'>σκληρὸς</span> <span class='ocrx_word' id='word_1_706' title='bbox 3295 3247 3361 3317; x_wconf 81' lang='grc' dir='ltr'>εἷ,</span> <span class='ocrx_word' id='word_1_707' title='bbox 3419 3252 3512 3301; x_wconf 84' lang='grc' dir='ltr'>καῖ</span> <span class='ocrx_word' id='word_1_708' title='bbox 3568 3251 3759 3322; x_wconf 78' lang='grc' dir='ltr'>νεῦρον</span> 
     </span>
    </p>
   </div>
   <div class='ocr_carea' id='block_1_97' title="bbox 2102 3335 3762 3413">
    <p class='ocr_par' dir='ltr' id='par_1_97' title="bbox 2102 3335 3762 3413">
     <span class='ocr_line' id='line_1_99' title="bbox 2102 3335 3762 3413; baseline -0.001 -22"><span class='ocrx_word' id='word_1_709' title='bbox 2102 3335 2358 3411; x_wconf 79' lang='grc' dir='ltr'>σιδηροῦν</span> <span class='ocrx_word' id='word_1_710' title='bbox 2409 3338 2437 3392; x_wconf 80' lang='grc' dir='ltr'>ὁ</span> <span class='ocrx_word' id='word_1_711' title='bbox 2484 3335 2770 3412; x_wconf 84' lang='grc' dir='ltr'>τράχηλός</span> <span class='ocrx_word' id='word_1_712' title='bbox 2817 3356 2930 3390; x_wconf 92' lang='grc' dir='ltr'>σου·</span> <span class='ocrx_word' id='word_1_713' title='bbox 2977 3340 3143 3391; x_wconf 79' lang='grc' dir='ltr'>ταῦτα</span> <span class='ocrx_word' id='word_1_714' title='bbox 3207 3337 3374 3412; x_wconf 86' lang='grc' dir='ltr'>τυχὸν</span> <span class='ocrx_word' id='word_1_715' title='bbox 3449 3335 3561 3413; x_wconf 70' lang='grc' dir='ltr'>ἐρεῖ</span> <span class='ocrx_word' id='word_1_716' title='bbox 3621 3337 3762 3412; x_wconf 87' lang='grc' dir='ltr'>πρὸς</span> 
     </span>
    </p>
   </div>
   <div class='ocr_carea' id='block_1_98' title="bbox 2106 3423 3763 3502">
    <p class='ocr_par' dir='ltr' id='par_1_98' title="bbox 2106 3423 3763 3502">
     <span class='ocr_line' id='line_1_100' title="bbox 2106 3423 3763 3502; baseline 0.001 -21"><span class='ocrx_word' id='word_1_717' title='bbox 2106 3426 2223 3499; x_wconf 71' lang='grc' dir='ltr'>ἐμὲ,</span> <span class='ocrx_word' id='word_1_718' title='bbox 2274 3427 2365 3480; x_wconf 90' lang='grc' dir='ltr'>τὸν</span> <span class='ocrx_word' id='word_1_719' title='bbox 2416 3423 2557 3499; x_wconf 77' lang='grc' dir='ltr'>μηδὲ</span> <span class='ocrx_word' id='word_1_720' title='bbox 2601 3431 2719 3488; x_wconf 88' lang='grc' dir='ltr'>ταῖς</span> <span class='ocrx_word' id='word_1_721' title='bbox 2768 3425 3013 3502; x_wconf 85' lang='grc' dir='ltr'>πληγαῖς</span> <span class='ocrx_word' id='word_1_722' title='bbox 3061 3424 3480 3499; x_wconf 75' lang='grc' dir='ltr'>νουθετούμενον</span> <span class='ocrx_word' id='word_1_723' title='bbox 3552 3429 3685 3500; x_wconf 88' lang='grc'>(68)·</span> <span class='ocrx_word' id='word_1_724' title='bbox 3736 3427 3763 3481; x_wconf 87' lang='grc' dir='ltr'>ὁ</span> 
     </span>
    </p>
   </div>
   <div class='ocr_carea' id='block_1_99' title="bbox 2102 3511 3764 3590">
    <p class='ocr_par' dir='ltr' id='par_1_99' title="bbox 2102 3511 3764 3590">
     <span class='ocr_line' id='line_1_101' title="bbox 2102 3511 3764 3590; baseline -0.001 -21"><span class='ocrx_word' id='word_1_725' title='bbox 2102 3514 2301 3569; x_wconf 84' lang='grc' dir='ltr'>ἀθετῶν</span> <span class='ocrx_word' id='word_1_726' title='bbox 2331 3515 2528 3569; x_wconf 83' lang='grc' dir='ltr'>ἀθετεῖ·</span> <span class='ocrx_word' id='word_1_727' title='bbox 2563 3514 2590 3568; x_wconf 88' lang='grc' dir='ltr'><strong>ὁ</strong></span> <span class='ocrx_word' id='word_1_728' title='bbox 2623 3514 2836 3587; x_wconf 84' lang='grc' dir='ltr'>ἀνομῶν</span> <span class='ocrx_word' id='word_1_729' title='bbox 2870 3513 3082 3587; x_wconf 83' lang='grc' dir='ltr'>ἀνομεῖ”</span> <span class='ocrx_word' id='word_1_730' title='bbox 3117 3511 3268 3568; x_wconf 73' lang='grc' dir='ltr'>οὐδὲν</span> <span class='ocrx_word' id='word_1_731' title='bbox 3317 3516 3351 3583; x_wconf 81' lang='grc' dir='ltr'>ἡ</span> <span class='ocrx_word' id='word_1_732' title='bbox 3403 3515 3603 3578; x_wconf 83' lang='grc' dir='ltr'>ἄνωθεν</span> <span class='ocrx_word' id='word_1_733' title='bbox 3650 3516 3764 3590; x_wconf 89' lang='grc'>(69)</span> 
     </span>
    </p>
   </div>
   <div class='ocr_carea' id='block_1_100' title="bbox 2101 3600 3764 3681">
    <p class='ocr_par' dir='ltr' id='par_1_100' title="bbox 2101 3600 3764 3681">
     <span class='ocr_line' id='line_1_102' title="bbox 2101 3600 3764 3681; baseline -0.001 -23"><span class='ocrx_word' id='word_1_734' title='bbox 2101 3604 2365 3658; x_wconf 79' lang='grc' dir='ltr'>νουθεσίαο</span> <span class='ocrx_word' id='word_1_735' title='bbox 2437 3600 2588 3658; x_wconf 72' lang='grc' dir='ltr'>οὐδὲν</span> <span class='ocrx_word' id='word_1_736' title='bbox 2666 3603 2719 3657; x_wconf 78' lang='lat' dir='ltr'>ul.</span> <span class='ocrx_word' id='word_1_737' title='bbox 2809 3604 3086 3678; x_wconf 85' lang='grc' dir='ltr'>μάστιγες.</span> <span class='ocrx_word' id='word_1_738' title='bbox 3166 3601 3413 3675; x_wconf 76' lang='grc' dir='ltr'>Ἐεὲλιπε</span> <span class='ocrx_word' id='word_1_739' title='bbox 3485 3605 3764 3681; x_wconf 80' lang='grc' dir='ltr'>φυσητήρ,</span> 
     </span>
    </p>
   </div>
   <div class='ocr_carea' id='block_1_101' title="bbox 2104 3687 3759 3768">
    <p class='ocr_par' dir='ltr' id='par_1_101' title="bbox 2104 3687 3759 3768">
     <span class='ocr_line' id='line_1_103' title="bbox 2104 3687 3759 3768; baseline 0 -22"><span class='ocrx_word' id='word_1_740' title='bbox 2104 3690 2315 3763; x_wconf 75' lang='grc' dir='ltr'>ἐξέλιπε</span> <span class='ocrx_word' id='word_1_741' title='bbox 2396 3687 2685 3764; x_wconf 80' lang='grc' dir='ltr'>μόλιϐδος,</span> <span class='ocrx_word' id='word_1_742' title='bbox 2760 3691 2792 3746; x_wconf 74' lang='grc' dir='ltr'>ἃ</span> <span class='ocrx_word' id='word_1_743' title='bbox 2861 3691 2950 3747; x_wconf 85' lang='grc' dir='ltr'>καὶ</span> <span class='ocrx_word' id='word_1_744' title='bbox 3025 3688 3112 3745; x_wconf 75' lang='grc' dir='ltr'>διὰ</span> <span class='ocrx_word' id='word_1_745' title='bbox 3171 3691 3433 3768; x_wconf 83' lang='grc' dir='ltr'>Ἰερεμίου</span> <span class='ocrx_word' id='word_1_746' title='bbox 3491 3691 3759 3766; x_wconf 79' lang='grc' dir='ltr'>πρότερον</span> 
     </span>
    </p>
   </div>
   <div class='ocr_carea' id='block_1_102' title="bbox 2105 3779 3758 3857">
    <p class='ocr_par' dir='ltr' id='par_1_102' title="bbox 2105 3779 3758 3857">
     <span class='ocr_line' id='line_1_104' title="bbox 2105 3779 3758 3857; baseline 0 -21"><span class='ocrx_word' id='word_1_747' title='bbox 2105 3782 2230 3854; x_wconf 86' lang='grc' dir='ltr'>ὑμῖν</span> <span class='ocrx_word' id='word_1_748' title='bbox 2282 3779 2550 3838; x_wconf 83' lang='grc' dir='ltr'>ὠνείδισα.</span> <span class='ocrx_word' id='word_1_749' title='bbox 2597 3781 2691 3842; x_wconf 86' lang='grc' dir='ltr'>Εἰς</span> <span class='ocrx_word' id='word_1_750' title='bbox 2738 3782 2889 3835; x_wconf 86' lang='grc' dir='ltr'>κενὸν</span> <span class='ocrx_word' id='word_1_751' title='bbox 2941 3779 3321 3855; x_wconf 83' lang='grc' dir='ltr'>ἀργυροκόπος</span> <span class='ocrx_word' id='word_1_752' title='bbox 3373 3780 3758 3857; x_wconf 71' lang='grc' dir='ltr'>ἀργυροκοπεῖο</span> 
     </span>
    </p>
   </div>
   <div class='ocr_carea' id='block_1_103' title="bbox 2102 3868 3760 3946">
    <p class='ocr_par' dir='ltr' id='par_1_103' title="bbox 2102 3868 3760 3946">
     <span class='ocr_line' id='line_1_105' title="bbox 2102 3868 3760 3946; baseline 0 -21"><span class='ocrx_word' id='word_1_753' title='bbox 2102 3870 2362 3946; x_wconf 88' lang='grc' dir='ltr'>πονηρίαι</span> <span class='ocrx_word' id='word_1_754' title='bbox 2413 3871 2560 3944; x_wconf 84' lang='grc' dir='ltr'>ὑμῶν</span> <span class='ocrx_word' id='word_1_755' title='bbox 2614 3868 2712 3924; x_wconf 80' lang='grc' dir='ltr'>οὐκ</span> <span class='ocrx_word' id='word_1_756' title='bbox 2762 3869 3046 3941; x_wconf 82' lang='grc' dir='ltr'>ἒτάκησαν.</span> <span class='ocrx_word' id='word_1_757' title='bbox 3096 3872 3185 3938; x_wconf 76' lang='grc' dir='ltr'>Μὴ</span> <span class='ocrx_word' id='word_1_758' title='bbox 3249 3869 3345 3943; x_wconf 73' lang='grc' dir='ltr'>ἐμὲ</span> <span class='ocrx_word' id='word_1_759' title='bbox 3414 3870 3760 3942; x_wconf 80' lang='grc' dir='ltr'>ὑπομενεῖτε,</span> 
     </span>
    </p>
   </div>
   <div class='ocr_carea' id='block_1_104' title="bbox 2109 3958 3762 4036">
    <p class='ocr_par' dir='ltr' id='par_1_104' title="bbox 2109 3958 3762 4036">
     <span class='ocr_line' id='line_1_106' title="bbox 2109 3958 3762 4036; baseline -0.002 -20"><span class='ocrx_word' id='word_1_760' title='bbox 2109 3960 2256 4035; x_wconf 78' lang='grc' dir='ltr'>λέγει</span> <span class='ocrx_word' id='word_1_761' title='bbox 2289 3959 2509 4036; x_wconf 80' lang='grc' dir='ltr'>Κύριος,</span> <span class='ocrx_word' id='word_1_762' title='bbox 2544 3958 2917 4035; x_wconf 72' lang='grc' dir='ltr'>ὠργισμένονς</span> <span class='ocrx_word' id='word_1_763' title='bbox 2950 3961 3016 4017; x_wconf 84' lang='grc' dir='ltr'>Ἤ</span> <span class='ocrx_word' id='word_1_764' title='bbox 3052 3958 3151 4014; x_wconf 77' lang='grc' dir='ltr'>οὐκ</span> <span class='ocrx_word' id='word_1_765' title='bbox 3181 3958 3359 4034; x_wconf 72' lang='grc' dir='ltr'>ἰσχύει</span> <span class='ocrx_word' id='word_1_766' title='bbox 3389 3962 3424 4029; x_wconf 77' lang='grc' dir='ltr'>ἡ</span> <span class='ocrx_word' id='word_1_767' title='bbox 3478 3960 3599 4035; x_wconf 77' lang='grc' dir='ltr'>χείρ</span> <span class='ocrx_word' id='word_1_768' title='bbox 3653 3981 3762 4033; x_wconf 89' lang='grc' dir='ltr'>μου</span> 
     </span>
    </p>
   </div>
   <div class='ocr_carea' id='block_1_105' title="bbox 2101 4047 3762 4126">
    <p class='ocr_par' dir='ltr' id='par_1_105' title="bbox 2101 4047 3762 4126">
     <span class='ocr_line' id='line_1_107' title="bbox 2101 4047 3762 4126; baseline -0.002 -22"><span class='ocrx_word' id='word_1_769' title='bbox 2101 4049 2191 4104; x_wconf 70' lang='grc' dir='ltr'>καὶ</span> <span class='ocrx_word' id='word_1_770' title='bbox 2239 4047 2411 4111; x_wconf 79' lang='grc' dir='ltr'>ἄλλας</span> <span class='ocrx_word' id='word_1_771' title='bbox 2473 4047 2771 4126; x_wconf 81' lang='grc' dir='ltr'>ἐπενεγκεῖν</span> <span class='ocrx_word' id='word_1_772' title='bbox 2822 4047 3039 4124; x_wconf 87' lang='grc' dir='ltr'>πληγάς</span> <span class='ocrx_word' id='word_1_773' title='bbox 3088 4051 3240 4121; x_wconf 88' lang='grc'>(70);</span> <span class='ocrx_word' id='word_1_774' title='bbox 3293 4049 3409 4102; x_wconf 86' lang='grc' dir='ltr'>Ἔτι</span> <span class='ocrx_word' id='word_1_775' title='bbox 3457 4049 3585 4124; x_wconf 86' lang='grc' dir='ltr'>παρ’</span> <span class='ocrx_word' id='word_1_776' title='bbox 3634 4047 3762 4120; x_wconf 79' lang='grc' dir='ltr'>ἐμοὶ</span> 
     </span>
    </p>
   </div>
   <div class='ocr_carea' id='block_1_106' title="bbox 2102 4135 3762 4217">
    <p class='ocr_par' dir='ltr' id='par_1_106' title="bbox 2102 4135 3762 4217">
     <span class='ocr_line' id='line_1_108' title="bbox 2102 4135 3762 4217; baseline -0.001 -23"><span class='ocrx_word' id='word_1_777' title='bbox 2102 4139 2189 4194; x_wconf 80' lang='grc' dir='ltr'>καὶ</span> <span class='ocrx_word' id='word_1_778' title='bbox 2222 4136 2508 4217; x_wconf 72' lang='grc' dir='ltr'>φλυκτίδες</span> <span class='ocrx_word' id='word_1_779' title='bbox 2539 4137 2854 4208; x_wconf 77' lang='grc' dir='ltr'>ἀναζέουσαι</span> <span class='ocrx_word' id='word_1_780' title='bbox 2901 4139 3006 4193; x_wconf 83' lang='grc' dir='ltr'>ἀπὸ</span> <span class='ocrx_word' id='word_1_781' title='bbox 3053 4135 3386 4210; x_wconf 83' lang='grc' dir='ltr'>καμινιαίας,</span> <span class='ocrx_word' id='word_1_782' title='bbox 3437 4139 3552 4211; x_wconf 89' lang='grc'>(71)</span> <span class='ocrx_word' id='word_1_783' title='bbox 3605 4137 3762 4200; x_wconf 80' lang='grc' dir='ltr'>αἰθά-</span> 
     </span>
    </p>
   </div>
   <div class='ocr_carea' id='block_1_107' title="bbox 2109 4223 3761 4302">
    <p class='ocr_par' dir='ltr' id='par_1_107' title="bbox 2109 4223 3761 4302">
     <span class='ocr_line' id='line_1_109' title="bbox 2109 4223 3761 4302; baseline -0.001 -20"><span class='ocrx_word' id='word_1_784' title='bbox 2109 4225 2235 4299; x_wconf 86' lang='grc' dir='ltr'>λης,</span> <span class='ocrx_word' id='word_1_785' title='bbox 2294 4229 2354 4296; x_wconf 77' lang='grc' dir='ltr'>ἣν</span> <span class='ocrx_word' id='word_1_786' title='bbox 2395 4229 2614 4282; x_wconf 77' lang='grc' dir='ltr'>πάσσων</span> <span class='ocrx_word' id='word_1_787' title='bbox 2674 4227 2748 4288; x_wconf 85' lang='grc' dir='ltr'>είς</span> <span class='ocrx_word' id='word_1_788' title='bbox 2793 4227 3017 4302; x_wconf 72' lang='grc' dir='ltr'>οὐρανὸν</span> <span class='ocrx_word' id='word_1_789' title='bbox 3067 4233 3326 4296; x_wconf 77' lang='grc' dir='ltr'>Μωϋσῆς,</span> <span class='ocrx_word' id='word_1_790' title='bbox 3375 4227 3410 4295; x_wconf 79' lang='grc' dir='ltr'>ἣ</span> <span class='ocrx_word' id='word_1_791' title='bbox 3453 4223 3613 4289; x_wconf 82' lang='grc' dir='ltr'>εἷ’τις</span> <span class='ocrx_word' id='word_1_792' title='bbox 3642 4228 3761 4281; x_wconf 85' lang='grc' dir='ltr'>κατ’</span> 
     </span>
    </p>
   </div>
   <div class='ocr_carea' id='block_1_108' title="bbox 2103 4313 3759 4392">
    <p class='ocr_par' dir='ltr' id='par_1_108' title="bbox 2103 4313 3759 4392">
     <span class='ocr_line' id='line_1_110' title="bbox 2103 4313 3759 4392; baseline -0.002 -21"><span class='ocrx_word' id='word_1_793' title='bbox 2103 4317 2301 4372; x_wconf 83' lang='grc' dir='ltr'>ἐκεῖνον</span> <span class='ocrx_word' id='word_1_794' title='bbox 2353 4316 2627 4392; x_wconf 74' lang='grc' dir='ltr'>ὑπηρέτης</span> <span class='ocrx_word' id='word_1_795' title='bbox 2678 4319 2811 4372; x_wconf 75' lang='grc' dir='ltr'>Θεοῦ</span> <span class='ocrx_word' id='word_1_796' title='bbox 2860 4319 3150 4388; x_wconf 75' lang='grc' dir='ltr'>κινήσεως,</span> <span class='ocrx_word' id='word_1_797' title='bbox 3199 4313 3443 4370; x_wconf 80' lang='grc' dir='ltr'>παιδεύει</span> <span class='ocrx_word' id='word_1_798' title='bbox 3481 4315 3626 4388; x_wconf 88' lang='grc' dir='ltr'>νόσῳ</span> <span class='ocrx_word' id='word_1_799' title='bbox 3656 4317 3759 4385; x_wconf 73' lang='grc' dir='ltr'>τὴν</span> 
     </span>
    </p>
   </div>
   <div class='ocr_carea' id='block_1_109' title="bbox 2103 4404 3760 4484">
    <p class='ocr_par' dir='ltr' id='par_1_109' title="bbox 2103 4404 3760 4484">
     <span class='ocr_line' id='line_1_111' title="bbox 2103 4404 3760 4484; baseline 0.001 -24"><span class='ocrx_word' id='word_1_800' title='bbox 2103 4404 2397 4482; x_wconf 61' lang='grc' dir='ltr'>Αἴγυπτον.</span> <span class='ocrx_word' id='word_1_801' title='bbox 2455 4406 2571 4460; x_wconf 91' lang='grc' dir='ltr'>Ἒτι</span> <span class='ocrx_word' id='word_1_802' title='bbox 2629 4404 2718 4460; x_wconf 86' lang='grc' dir='ltr'>καὶ</span> <span class='ocrx_word' id='word_1_803' title='bbox 2770 4404 2946 4482; x_wconf 82' lang='grc' dir='ltr'>ἀκρὶς,</span> <span class='ocrx_word' id='word_1_804' title='bbox 2994 4405 3082 4458; x_wconf 88' lang='grc' dir='ltr'>καὶ</span> <span class='ocrx_word' id='word_1_805' title='bbox 3149 4405 3341 4466; x_wconf 84' lang='grc' dir='ltr'>σκότος</span> <span class='ocrx_word' id='word_1_806' title='bbox 3406 4404 3760 4484; x_wconf 78' lang='grc' dir='ltr'>ψηλαφητὸν.</span> 
     </span>
    </p>
   </div>
   <div class='ocr_carea' id='block_1_110' title="bbox 2101 4491 3764 4570">
    <p class='ocr_par' dir='ltr' id='par_1_110' title="bbox 2101 4491 3764 4570">
     <span class='ocr_line' id='line_1_112' title="bbox 2101 4491 3764 4570; baseline -0.001 -21"><span class='ocrx_word' id='word_1_807' title='bbox 2101 4495 2189 4549; x_wconf 84' lang='grc' dir='ltr'>καὶ</span> <span class='ocrx_word' id='word_1_808' title='bbox 2221 4497 2254 4564; x_wconf 83' lang='grc' dir='ltr'>ἡ</span> <span class='ocrx_word' id='word_1_809' title='bbox 2288 4495 2570 4550; x_wconf 85' lang='grc' dir='ltr'>τελευταία</span> <span class='ocrx_word' id='word_1_810' title='bbox 2599 4491 2793 4569; x_wconf 86' lang='grc' dir='ltr'>πληγὴ</span> <span class='ocrx_word' id='word_1_811' title='bbox 2824 4497 2893 4568; x_wconf 79' lang='grc' dir='ltr'>τῇ</span> <span class='ocrx_word' id='word_1_812' title='bbox 2923 4491 3087 4567; x_wconf 80' lang='grc' dir='ltr'>τάξει,</span> <span class='ocrx_word' id='word_1_813' title='bbox 3121 4493 3311 4570; x_wconf 85' lang='grc' dir='ltr'>πρώτη</span> <span class='ocrx_word' id='word_1_814' title='bbox 3368 4491 3427 4549; x_wconf 68' lang='grc' dir='ltr'>δὲ</span> <span class='ocrx_word' id='word_1_815' title='bbox 3480 4498 3560 4566; x_wconf 81' lang='grc' dir='ltr'>τῷ</span> <span class='ocrx_word' id='word_1_816' title='bbox 3605 4494 3764 4566; x_wconf 85' lang='grc' dir='ltr'>πόνῳ</span> 
     </span>
    </p>
   </div>
   <div class='ocr_carea' id='block_1_111' title="bbox 2102 4581 3763 4662">
    <p class='ocr_par' dir='ltr' id='par_1_111' title="bbox 2102 4581 3763 4662">
     <span class='ocr_line' id='line_1_113' title="bbox 2102 4581 3763 4662; baseline 0 -25"><span class='ocrx_word' id='word_1_817' title='bbox 2102 4583 2193 4638; x_wconf 88' lang='grc' dir='ltr'>καὶ</span> <span class='ocrx_word' id='word_1_818' title='bbox 2242 4583 2310 4658; x_wconf 76' lang='grc' dir='ltr'>τῇ</span> <span class='ocrx_word' id='word_1_819' title='bbox 2357 4581 2603 4658; x_wconf 86' lang='grc' dir='ltr'>δυνάμει,</span> <span class='ocrx_word' id='word_1_820' title='bbox 2653 4585 2687 4653; x_wconf 75' lang='grc' dir='ltr'><strong>ἡ</strong></span> <span class='ocrx_word' id='word_1_821' title='bbox 2730 4586 2836 4638; x_wconf 92' lang='grc' dir='ltr'>τῶν</span> <span class='ocrx_word' id='word_1_822' title='bbox 2889 4583 3254 4660; x_wconf 87' lang='grc' dir='ltr'>πρωτοτόκῶν</span> <span class='ocrx_word' id='word_1_823' title='bbox 3306 4582 3482 4662; x_wconf 78' lang='grc' dir='ltr'>φθορᾶ</span> <span class='ocrx_word' id='word_1_824' title='bbox 3522 4585 3636 4657; x_wconf 86' lang='grc'>(72)</span> <span class='ocrx_word' id='word_1_825' title='bbox 3667 4583 3763 4638; x_wconf 84' lang='grc' dir='ltr'>καὶ</span> 
     </span>
    </p>
   </div>
   <div class='ocr_carea' id='block_1_112' title="bbox 2102 4670 3760 4750">
    <p class='ocr_par' dir='ltr' id='par_1_112' title="bbox 2102 4670 3760 4750">
     <span class='ocr_line' id='line_1_114' title="bbox 2102 4670 3760 4750; baseline -0.001 -23"><span class='ocrx_word' id='word_1_826' title='bbox 2102 4670 2370 4745; x_wconf 84' lang='grc' dir='ltr'>ἀπώλεια,</span> <span class='ocrx_word' id='word_1_827' title='bbox 2418 4674 2478 4743; x_wconf 75' lang='grc' dir='ltr'>ἢν</span> <span class='ocrx_word' id='word_1_828' title='bbox 2531 4671 2668 4727; x_wconf 86' lang='grc' dir='ltr'>ὥστε</span> <span class='ocrx_word' id='word_1_829' title='bbox 2712 4677 2921 4750; x_wconf 84' lang='grc' dir='ltr'>φυγεῖν,</span> <span class='ocrx_word' id='word_1_830' title='bbox 2961 4674 3050 4727; x_wconf 90' lang='grc' dir='ltr'>καὶ</span> <span class='ocrx_word' id='word_1_831' title='bbox 3101 4671 3433 4749; x_wconf 73' lang='grc' dir='ltr'>ἀποστρέψαι</span> <span class='ocrx_word' id='word_1_832' title='bbox 3480 4673 3572 4727; x_wconf 87' lang='grc' dir='ltr'>τὸν</span> <span class='ocrx_word' id='word_1_833' title='bbox 3625 4670 3760 4727; x_wconf 85' lang='grc' dir='ltr'>ὁλο-</span> 
     </span>
    </p>
   </div>
   <div class='ocr_carea' id='block_1_113' title="bbox 2102 4761 3758 4840">
    <p class='ocr_par' dir='ltr' id='par_1_113' title="bbox 2102 4761 3758 4840">
     <span class='ocr_line' id='line_1_115' title="bbox 2102 4761 3758 4840; baseline -0.001 -24"><span class='ocrx_word' id='word_1_834' title='bbox 2102 4763 2326 4837; x_wconf 78' lang='grc' dir='ltr'>θρευτήν</span> <span class='ocrx_word' id='word_1_835' title='bbox 2358 4768 2546 4838; x_wconf 75' lang='grc' dir='ltr'>χρῖσαι</span> <span class='ocrx_word' id='word_1_836' title='bbox 2585 4761 2681 4824; x_wconf 77' lang='grc' dir='ltr'>τὰς</span> <span class='ocrx_word' id='word_1_837' title='bbox 2728 4766 2826 4817; x_wconf 81' lang='grc' dir='ltr'>τοῦ</span> <span class='ocrx_word' id='word_1_838' title='bbox 2871 4766 2963 4816; x_wconf 81' lang='grc' dir='ltr'>νοῢ</span> <span class='ocrx_word' id='word_1_839' title='bbox 3011 4761 3174 4840; x_wconf 81' lang='grc' dir='ltr'>φλιὰς</span> <span class='ocrx_word' id='word_1_840' title='bbox 3225 4765 3466 4836; x_wconf 82' lang='grc' dir='ltr'>ἄμεινον,</span> <span class='ocrx_word' id='word_1_841' title='bbox 3527 4762 3758 4838; x_wconf 83' lang='grc' dir='ltr'>θεωρίαν</span> 
     </span>
    </p>
   </div>
   <div class='ocr_carea' id='block_1_114' title="bbox 2097 4848 3762 4928">
    <p class='ocr_par' dir='ltr' id='par_1_114' title="bbox 2097 4848 3762 4928">
     <span class='ocr_line' id='line_1_116' title="bbox 2097 4848 3762 4928; baseline 0 -23"><span class='ocrx_word' id='word_1_842' title='bbox 2097 4850 2188 4905; x_wconf 85' lang='grc' dir='ltr'>καὶ</span> <span class='ocrx_word' id='word_1_843' title='bbox 2235 4855 2448 4927; x_wconf 79' lang='grc' dir='ltr'>πρᾶξιν,</span> <span class='ocrx_word' id='word_1_844' title='bbox 2496 4855 2565 4925; x_wconf 80' lang='grc' dir='ltr'>τῇ</span> <span class='ocrx_word' id='word_1_845' title='bbox 2635 4848 2845 4928; x_wconf 76' lang='grc' dir='ltr'>μεγάλῃ</span> <span class='ocrx_word' id='word_1_846' title='bbox 2895 4851 2984 4906; x_wconf 84' lang='grc' dir='ltr'>καὶ</span> <span class='ocrx_word' id='word_1_847' title='bbox 3031 4851 3288 4927; x_wconf 86' lang='grc' dir='ltr'>σωτηρίῳ</span> <span class='ocrx_word' id='word_1_848' title='bbox 3340 4848 3618 4928; x_wconf 72' lang='grc' dir='ltr'>σφραγῖδι,</span> <span class='ocrx_word' id='word_1_849' title='bbox 3678 4855 3762 4923; x_wconf 79' lang='grc' dir='ltr'>τῷ</span> 
     </span>
    </p>
   </div>
   <div class='ocr_carea' id='block_1_115' title="bbox 2098 4937 3762 5014">
    <p class='ocr_par' dir='ltr' id='par_1_115' title="bbox 2098 4937 3762 5014">
     <span class='ocr_line' id='line_1_117' title="bbox 2098 4937 3762 5014; baseline -0.001 -19"><span class='ocrx_word' id='word_1_850' title='bbox 2098 4947 2196 5010; x_wconf 80' lang='grc' dir='ltr'>τῆς</span> <span class='ocrx_word' id='word_1_851' title='bbox 2238 4947 2440 5010; x_wconf 79' lang='grc' dir='ltr'>Καινῆς</span> <span class='ocrx_word' id='word_1_852' title='bbox 2486 4942 2762 5012; x_wconf 77' lang='grc' dir='ltr'>Διαθήκης</span> <span class='ocrx_word' id='word_1_853' title='bbox 2811 4937 3021 5014; x_wconf 60' lang='grc' dir='ltr'>ατίματι,</span> <span class='ocrx_word' id='word_1_854' title='bbox 3087 4942 3304 5014; x_wconf 86' lang='grc' dir='ltr'>Χριστῷ</span> <span class='ocrx_word' id='word_1_855' title='bbox 3372 4939 3461 4995; x_wconf 83' lang='grc' dir='ltr'>καὶ</span> <span class='ocrx_word' id='word_1_856' title='bbox 3522 4960 3762 4995; x_wconf 88' lang='grc' dir='ltr'>συσταυ-</span> 
     </span>
    </p>
   </div>
   <div class='ocr_carea' id='block_1_116' title="bbox 2785 5075 3758 5145">
    <p class='ocr_par' dir='ltr' id='par_1_116' title="bbox 2785 5075 3758 5145">
     <span class='ocr_line' id='line_1_118' title="bbox 2785 5075 3758 5145; baseline 0.002 -14"><span class='ocrx_word' id='word_1_857' title='bbox 2785 5076 2831 5112; x_wconf 78' lang='grc'>⁸⁴</span> <span class='ocrx_word' id='word_1_858' title='bbox 2859 5075 3012 5133; x_wconf 89' lang='lat' dir='ltr'>Psal.</span> <span class='ocrx_word' id='word_1_859' title='bbox 3074 5094 3213 5145; x_wconf 83' lang='lat' dir='ltr'>xvn,</span> <span class='ocrx_word' id='word_1_860' title='bbox 3291 5077 3381 5132; x_wconf 83' lang='grc'>46.</span> <span class='ocrx_word' id='word_1_861' title='bbox 3483 5077 3529 5112; x_wconf 82' lang='grc'>³⁵</span> <span class='ocrx_word' id='word_1_862' title='bbox 3576 5076 3758 5133; x_wconf 84' lang='lat' dir='ltr'>Exod.</span> 
     </span>
    </p>
   </div>
   <div class='ocr_carea' id='block_1_117' title="bbox 2167 5281 3242 5351">
    <p class='ocr_par' dir='ltr' id='par_1_117' title="bbox 2167 5281 3242 5351">
     <span class='ocr_line' id='line_1_119' title="bbox 2167 5281 3242 5351; baseline -0.002 -13"><span class='ocrx_word' id='word_1_863' title='bbox 2167 5284 2280 5351; x_wconf 89' lang='lat'>(67)</span> <span class='ocrx_word' id='word_1_864' title='bbox 2301 5287 2390 5336; x_wconf 92' lang='grc' dir='ltr'>Γιν</span> <span class='ocrx_word' id='word_1_865' title='bbox 2401 5283 2580 5337; x_wconf 87' lang='grc' dir='ltr'>ώσκω.</span> <span class='ocrx_word' id='word_1_866' title='bbox 2612 5285 2860 5339; x_wconf 86' lang='lat' dir='ltr'>Montac.</span> <span class='ocrx_word' id='word_1_867' title='bbox 2875 5323 2888 5348; x_wconf 92' lang='lat'>,</span> <span class='ocrx_word' id='word_1_868' title='bbox 2936 5281 3216 5351; x_wconf 85' lang='grc' dir='ltr'>γινώσκων</span> <span class='ocrx_word' id='word_1_869' title='bbox 3230 5324 3242 5337; x_wconf 95' lang='grc'>.</span> 
     </span>
    </p>
   </div>
   <div class='ocr_carea' id='block_1_118' title="bbox 2167 5284 3760 5427">
    <p class='ocr_par' dir='ltr' id='par_1_118' title="bbox 2167 5284 3760 5427">
     <span class='ocr_line' id='line_1_120' title="bbox 2167 5284 3242 5351; baseline -0.002 -13"><span class='ocrx_word' id='word_1_870' title='bbox 2167 5285 2259 5351; x_wconf 88' lang='grc'>(67</span> <span class='ocrx_word' id='word_1_871' title='bbox 2301 5284 2580 5337; x_wconf 87' lang='grc' dir='ltr'>Γινώσκω.</span> <span class='ocrx_word' id='word_1_872' title='bbox 2612 5285 2888 5348; x_wconf 85' lang='lat' dir='ltr'>Montac.,</span> <span class='ocrx_word' id='word_1_873' title='bbox 2979 5284 3242 5337; x_wconf 85' lang='grc' dir='ltr'>ινώσκων.</span> 
     </span>
     <span class='ocr_line' id='line_1_121' title="bbox 2167 5284 3760 5427; baseline -0.003 -17"><span class='ocrx_word' id='word_1_874' title='bbox 2167 5284 2289 5427; x_wconf 20' lang='grc'>(68),</span> <span class='ocrx_word' id='word_1_875' title='bbox 2314 5352 2770 5427; x_wconf 76' lang='grc' dir='ltr'>Νουθετούμενον.</span> <span class='ocrx_word' id='word_1_876' title='bbox 2814 5300 2989 5410; x_wconf 61' lang='lat' dir='ltr'>Coisl.</span> <span class='ocrx_word' id='word_1_877' title='bbox 3020 5355 3260 5412; x_wconf 80' lang='lat' dir='ltr'>2addit.</span> <span class='ocrx_word' id='word_1_878' title='bbox 3297 5354 3438 5427; x_wconf 77' lang='grc' dir='ltr'>μήτε</span> <span class='ocrx_word' id='word_1_879' title='bbox 3489 5352 3550 5420; x_wconf 90' lang='grc' dir='ltr'>[Ι.</span> <span class='ocrx_word' id='word_1_880' title='bbox 3587 5348 3760 5425; x_wconf 77' lang='grc' dir='ltr'>μηδὲ]</span> 
     </span>
    </p>
   </div>
   <div class='ocr_carea' id='block_1_119' title="bbox 2095 5422 3032 5491">
    <p class='ocr_par' dir='ltr' id='par_1_119' title="bbox 2095 5422 3032 5491">
     <span class='ocr_line' id='line_1_122' title="bbox 2095 5422 3032 5491; baseline -0.009 -5"><span class='ocrx_word' id='word_1_881' title='bbox 2095 5422 2211 5486; x_wconf 77' lang='grc' dir='ltr'>ταῖς</span> <span class='ocrx_word' id='word_1_882' title='bbox 2263 5422 2544 5491; x_wconf 69' lang='grc' dir='ltr'>ἀπειλαῖς,</span> <span class='ocrx_word' id='word_1_883' title='bbox 2572 5422 2600 5476; x_wconf 69' lang='grc' dir='ltr'>‹ἑ</span> <span class='ocrx_word' id='word_1_884' title='bbox 2634 5442 2740 5482; x_wconf 88' lang='lat' dir='ltr'>nec</span> <span class='ocrx_word' id='word_1_885' title='bbox 2772 5426 2971 5482; x_wconf 89' lang='lat' dir='ltr'>minis.</span> <span class='ocrx_word' id='word_1_886' title='bbox 3004 5446 3032 5478; x_wconf 70' lang='grc' dir='ltr'><strong><em>ι</em></strong></span> 
     </span>
    </p>
   </div>
   <div class='ocr_carea' id='block_1_120' title="bbox 2166 5494 3748 5570">
    <p class='ocr_par' dir='ltr' id='par_1_120' title="bbox 2166 5494 3748 5570">
     <span class='ocr_line' id='line_1_123' title="bbox 2166 5494 3748 5570; baseline -0.001 -18"><span class='ocrx_word' id='word_1_887' title='bbox 2166 5498 2282 5570; x_wconf 83' lang='grc'>(69)</span> <span class='ocrx_word' id='word_1_888' title='bbox 2315 5497 2569 5570; x_wconf 68' lang='lat' dir='ltr'>&quot;Athlev.</span> <span class='ocrx_word' id='word_1_889' title='bbox 2598 5520 2634 5570; x_wconf 81' lang='lat'>_«</span> <span class='ocrx_word' id='word_1_890' title='bbox 2666 5499 3044 5570; x_wconf 84' lang='lat' dir='ltr'>Antecedens,</span> <span class='ocrx_word' id='word_1_891' title='bbox 3077 5497 3345 5570; x_wconf 82' lang='lat' dir='ltr'>superior</span> <span class='ocrx_word' id='word_1_892' title='bbox 3358 5494 3684 5570; x_wconf 38' lang='lat' dir='ltr'>~correctio.</span> <span class='ocrx_word' id='word_1_893' title='bbox 3722 5519 3748 5550; x_wconf 73' lang='grc' dir='ltr'><strong><em>ι</em></strong></span> 
     </span>
    </p>
   </div>
   <div class='ocr_carea' id='block_1_121' title="bbox 2167 5566 3490 5642">
    <p class='ocr_par' dir='ltr' id='par_1_121' title="bbox 2167 5566 3490 5642">
     <span class='ocr_line' id='line_1_124' title="bbox 2167 5566 3490 5642; baseline 0.002 -20"><span class='ocrx_word' id='word_1_894' title='bbox 2167 5566 2281 5642; x_wconf 84' lang='grc'>(70)</span> <span class='ocrx_word' id='word_1_895' title='bbox 2314 5566 2767 5642; x_wconf 18' lang='grc' dir='ltr'>ηληγάς..Οι⁵.ᾃ2,</span> <span class='ocrx_word' id='word_1_896' title='bbox 2805 5567 3093 5642; x_wconf 77' lang='grc' dir='ltr'>μάστιγας,</span> <span class='ocrx_word' id='word_1_897' title='bbox 3118 5566 3431 5642; x_wconf 62' lang='grc' dir='ltr'>«Ἤθεθιὶα.</span> <span class='ocrx_word' id='word_1_898' title='bbox 3465 5591 3490 5642; x_wconf 35' lang='grc' dir='ltr'>,ι</span> 
     </span>
    </p>
   </div>
   <div class='ocr_carea' id='block_1_122' title="bbox 2167 5637 3567 5712">
    <p class='ocr_par' dir='ltr' id='par_1_122' title="bbox 2167 5637 3567 5712">
     <span class='ocr_line' id='line_1_125' title="bbox 2167 5637 3567 5712; baseline -0.002 -18"><span class='ocrx_word' id='word_1_899' title='bbox 2167 5637 2276 5710; x_wconf 85' lang='grc'>(71)</span> <span class='ocrx_word' id='word_1_900' title='bbox 2310 5637 2651 5710; x_wconf 77' lang='grc' dir='ltr'>Καμινιαίας.</span> <span class='ocrx_word' id='word_1_901' title='bbox 2689 5637 2866 5712; x_wconf 66' lang='grc' dir='ltr'>Ριϐςε.</span> <span class='ocrx_word' id='word_1_902' title='bbox 2902 5637 3004 5712; x_wconf 67' lang='lat' dir='ltr'>ph,</span> <span class='ocrx_word' id='word_1_903' title='bbox 3029 5641 3124 5696; x_wconf 89' lang='lat' dir='ltr'>0r.</span> <span class='ocrx_word' id='word_1_904' title='bbox 3165 5643 3219 5697; x_wconf 83' lang='lat'>2.</span> <span class='ocrx_word' id='word_1_905' title='bbox 3255 5637 3567 5712; x_wconf 72' lang='grc' dir='ltr'>καμιναίας.</span> 
     </span>
    </p>
   </div>
   <div class='ocr_carea' id='block_1_123' title="bbox 2167 5657 2914 5787">
    <p class='ocr_par' dir='ltr' id='par_1_123' title="bbox 2167 5657 2914 5787">
     <span class='ocr_line' id='line_1_126' title="bbox 2167 5657 2914 5712; baseline 0 -18"><span class='ocrx_word' id='word_1_906' title='bbox 2167 5657 2276 5710; x_wconf 65' lang='lat'>(/1)</span> <span class='ocrx_word' id='word_1_907' title='bbox 2310 5657 2651 5710; x_wconf 71' lang='grc' dir='ltr'>Ἀαμινιαιας.</span> <span class='ocrx_word' id='word_1_908' title='bbox 2689 5657 2769 5696; x_wconf 73' lang='lat' dir='ltr'>ne</span> <span class='ocrx_word' id='word_1_909' title='bbox 2855 5683 2866 5694; x_wconf 94' lang='lat'>.</span> <span class='ocrx_word' id='word_1_910' title='bbox 2902 5658 2914 5712; x_wconf 83' lang='grc' dir='ltr'>ι</span> 
     </span>
     <span class='ocr_line' id='line_1_127' title="bbox 2167 5657 2914 5787; baseline 0.004 -22"><span class='ocrx_word' id='word_1_911' title='bbox 2167 5713 2280 5785; x_wconf 86' lang='lat'>(72)</span> <span class='ocrx_word' id='word_1_912' title='bbox 2310 5712 2514 5787; x_wconf 82' lang='grc' dir='ltr'>Φθορά.</span> <span class='ocrx_word' id='word_1_913' title='bbox 2548 5713 2645 5769; x_wconf 91' lang='lat' dir='ltr'>0r.</span> <span class='ocrx_word' id='word_1_914' title='bbox 2676 5713 2713 5766; x_wconf 85' lang='lat'>2</span> <span class='ocrx_word' id='word_1_915' title='bbox 2734 5657 2914 5781; x_wconf 59' lang='lat' dir='ltr'>aggit,</span> 
     </span>
    </p>
   </div>
   <div class='ocr_carea' id='block_1_124' title="bbox 2947 5730 3023 5766">
    <p class='ocr_par' dir='ltr' id='par_1_124' title="bbox 2947 5730 3023 5766">
     <span class='ocr_line' id='line_1_128' title="bbox 2947 5730 3023 5766; baseline 0.013 -1"><span class='ocrx_word' id='word_1_916' title='bbox 2947 5730 3023 5766; x_wconf 88' lang='grc' dir='ltr'>τε.</span> 
     </span>
    </p>
   </div>
  </div>
