4094 6288
324 381 444 442 949

1249 374 1540 438 ORATIO
1584 375 1848 439 XVI.-
1877 374 1956 435 IN
2001 376 2327 439 PATREM
2373 379 2820 441 TACEN'I‘EM.

3631 384 3747 449 950

327 507 650 588 ρουμένους,
682 504 772 561 καὶ
821 506 1374 577 συναποθνήσκοντας,
1423 502 1560 561 ὥστε
1605 507 1694 561 καὶ
1754 524 1981 561 συνανα-

2096 510 2449 567 Testamenti
2484 513 2793 585 sanguine,
2826 513 3066 569 unxisse
3105 514 3292 569 satius
3342 516 3537 587 fuerit,
3569 520 3743 591 atque

331 606 541 671 στῆναι,
601 596 692 651 καὶ
752 594 1190 666 σονδοξασθῆναι,
1240 597 1330 649 καὶ
1378 590 1806 669 συμϐασιλεῦσαι
1847 598 1979 669 (73),

327 694 417 743 νῦν
478 708 535 741 τε
591 686 680 741 καὶ
740 686 875 740 κατὰ
928 687 1027 754 τὴν
1075 683 1387 740 τελευταίαν
1447 684 1611 739 αὐτοῦ
1662 685 1982 761 φανὲρωσιν·

328 776 476 833 ἀλλὰ
534 777 608 848 μή
672 777 1016 850 θραυσθῆναι,
1082 772 1223 847 μηδὲ
1270 769 1640 848 συντριϐῆναι,
1687 772 1825 847 μηδὶ
1855 776 1985 847 θρη-

327 874 506 939 νῆσαι,
559 863 903 935 πλήσσοντος
953 866 1102 936 ἡμᾶς
1147 864 1340 939 ἀωρίᾳ,
1402 865 1490 918 καὶ
1536 863 1587 917 ἐν
1615 868 1693 935 τῷ
1726 869 1983 936 σκοτεινῷ

326 958 510 1030 τούτῳ
547 956 650 1032 βίῳ
681 960 776 1010 τοῖ’)
808 955 1081 1031 Πονηροῦ,
1126 954 1216 1010 καὶ
1253 954 1640 1026 ὀλυθρεύοντος
1666 954 1733 1009 τὰ
1765 954 1982 1030 πρωτό-

324 1052 479 1116 τὸκα,
528 1045 619 1101 καὶ
668 1049 783 1118 Θεῷ
820 1043 1193 1120 καθιερωμένα
1223 1046 1335 1118 (74)
1364 1051 1465 1114 τῆς
1500 1049 1642 1114 ζωῆς
1674 1047 1833 1119 ἡμῶν
1866 1064 1980 1121 γεν-

325 1138 545 1210 νήματα
574 1136 663 1190 καὶ
695 1136 994 1209 κινήματα.

398 1316 497 1372 ΙΒ’.
534 1315 621 1383 Μή
678 1334 771 1386 μοι
814 1314 1026 1390 γένοιτο
1077 1314 1209 1386 μετὰ
1254 1316 1360 1367 τῶν
1393 1310 1578 1367 ἄλλων
1608 1310 1859 1388 πληγῶν,
1891 1314 1981 1368 καὶ

325 1409 493 1460 ταῦτα
546 1400 903 1472 ὀνειδισθῆναι
953 1402 1100 1477 παρὰ
1144 1406 1240 1456 τοῦ
1295 1403 1549 1477 Ἀγαθοῦ,
1608 1403 1979 1478 πορευομένου

326 1493 464 1569 πρὸς
498 1492 565 1564 μὶ
613 1494 769 1564 θυμῷ
815 1489 1038 1567 πλαγίῳ
1079 1490 1167 1545 διὰ
1196 1492 1296 1561 τὴν
1328 1490 1465 1564 ἐμὴν
1493 1490 1839 1565 πλαγιότητα
1870 1495 1981 1565 (75)

327 1580 593 1651 Ἐπάταξα
670 1580 811 1653 ὑμᾶς
882 1580 932 1634 ἐν
998 1579 1218 1656 ἷκτὲρῳ,
1279 1579 1368 1635 καὶ
1435 1580 1487 1634 ἐν
1559 1581 1820 1656 πυρώσει,
1891 1582 1981 1635 καὶ

330 1668 686 1749 σφακελισμῷ
944 1668 1033 1723 καὶ
1092 1667 1247 1724 ούδὶν
1305 1667 1495 1726 πλέον.
1556 1670 1788 1740 ’Έξωθεν
1848 1670 1983 1739 ἡτέυ

324 1781 492 1816 νωσεν
574 1760 713 1832 ὑμᾶς
782 1761 1047 1835 μάχαιρα,
1144 1758 1232 1814 καὶ
1302 1757 1414 1813 οὐδ’
1506 1758 1579 1821 ὥς
1656 1758 1981 1835 ἐπεστρέψα-

322 1871 381 1906 τε
414 1852 528 1924 (77)
554 1849 693 1924 πρὸς
737 1848 1025 1960 μὲ,¹Λὲγει
1074 1848 1289 1924 Κύριος.
1341 1849 1433 1917 Μὴ
1493 1847 1755 1924 γενοίμην
1806 1849 1978 1922 ἀμπε-
2014 1894 2061 1960 Β

324 1937 437 1994 λὼν
468 1942 565 1994 τοῦ
596 1936 978 2014 ήγαπημίνου,
1024 1939 1157 2011 μετά
1183 1938 1246 1992 τὸ
1290 1939 1613 2015 φυτευθῆναι
1666 1938 1755 1992 καὶ
1806 1958 1979 2014 χαρα-

326 2028 590 2099 κωθῆναι,
648 2025 736 2081 καὶ
782 2030 1036 2103 φραγμῷ,
1083 2023 1173 2079 καί
1222 2023 1433 2101 πύργῳ,
1484 2025 1573 2079 καὶ
1602 2030 1762 2079 πᾶσιν
1812 2025 1982 2099 ἀσφα-

328 2116 598 2189 λισθῆναι,
640 2115 715 2177 ὡς
765 2114 887 2184 ἐνῆν
960 2112 1213 2188 μάλιστα,
1281 2114 1639 2189 χὶρσομανῶν
1688 2114 1777 2168 καὶ
1830 2113 1984 2169 ἀκαν-

333 2208 603 2283 θοφορῶν,
650 2204 739 2258 καὶ
782 2201 872 2258 διὰ
920 2206 1081 2258 τοῦτο
1130 2202 1656 2281 καταφρονούμενος,
1687 2203 1761 2264 ὡς
1794 2214 1980 2267 καθαι-

333 2297 554 2372 ρεθῆναι
600 2294 691 2349 τὸν
741 2293 971 2368 πύργον,
1021 2292 1109 2346 καὶ
1138 2294 1542 2369 περιαιρεθῆναι
1572 2293 1663 2347 τὸν
1707 2294 1981 2371 φραγμὸν,

334 2384 424 2439 καὶ
486 2386 561 2457 μὴ
611 2389 912 2456 τμηθῆναι,
975 2379 1115 2455 μηδὶ
1181 2389 1468 2460 σκαφῆναι,
1526 2381 1670 2437 ἀλλὰ
1740 2382 1983 2457 γενέσθαι

333 2479 493 2528 πᾶσιν
526 2472 603 2533 εἷς
653 2470 981 2548 διαρπαγὴν,
1020 2470 1109 2525 καὶ
1161 2472 1345 2540 κοινὴν
1397 2466 1575 2547 ὕϐριν,
1624 2472 1713 2525 καὶ
1743 2472 1982 2525 καταπά-

329 2582 499 2635 τημα.
532 2566 707 2615 Ταῦτα
740 2562 831 2635 μὲν
883 2561 911 2614 ὁ
958 2560 1088 2633 ἐμὸς
1133 2554 1301 2636 φόϐος
1345 2560 1433 2614 καὶ
1469 2560 1653 2635 λόγος·
1686 2560 1775 2615 καὶ
1812 2559 1983 2622 οὕτως

335 2651 442 2728 ἐγὼ
474 2649 725 2728 δυσφορῶ
772 2649 908 2725 πρὸς
956 2650 1055 2718 τὴν
1108 2649 1353 2725 πληγὴν,
1401 2649 1490 2704 καὶ
1527 2649 1781 2720 τοιαύτην
1816 2646 1982 2724 εὔχο-

338 2761 431 2814 μαι
476 2742 575 2809 τὴν
627 2739 815 2815 εὐχὴν,
869 2740 935 2809 ἣν
994 2738 1083 2792 καὶ
1134 2741 1431 2813 προσθήσω
1478 2744 1595 2800 τοῖς
1646 2740 1979 2813 εἰρημένοις·

331 2829 697 2903 Ἦμάρτομεν,
764 2830 1142 2901 ἠνομήσαμεν,
1244 2823 1614 2901 ἠσεϐήσαμεν,
1690 2828 1773 2883 ὅτι
1860 2827 1981 2883 ἐπε-

328 2915 604 2991 λαϐόμεθα
652 2920 763 2991 (78)
810 2921 918 2972 τῶν
970 2916 1206 2973 ἐντολῶν
1243 2938 1360 2988 σου,
1408 2919 1496 2971 καὶ
1530 2917 1703 2972 ὀπίσω
1732 2924 1832 2986 τῆς
1866 2915 1982 2971 δια-

327 3004 477 3068 νοίας
528 3008 691 3078 ἡμῶν
736 3012 838 3075 τῆς
884 3012 1135 3082 πονηρᾶς
1179 3006 1569 3081 ἐπορεύθημεν·
1616 3006 1697 3061 ὅτι
1753 3006 1980 3077 ἀναξίως

322 3097 423 3165 τῆς
476 3094 727 3165 κλήσεως
780 3095 867 3151 καὶ
918 3100 1015 3150 τοῦ
1072 3094 1412 3170 Εὐαγγελίου
1470 3092 1563 3150 τοῖ’)
1603 3098 1838 3171 Χριστοῦ
1887 3117 1980 3149 σου

319 3182 787 3257 πεπολιτεύμεθα,
848 3185 938 3239 καὶ
996 3189 1102 3239 τῶν
1163 3184 1326 3261 ἀγίων
1382 3183 1545 3238 αὐτοῦ
1619 3186 1977 3257 παθημάτων,

319 3274 409 3328 καὶ
448 3280 548 3344 τῆς
584 3274 714 3350 ὑπὲρ
764 3276 924 3347 ἡμῶν
974 3275 1279 3335 κενώσεως·
1340 3268 1421 3328 ὅτι
1472 3273 1799 3350 ἐγενήθημεν
1846 3269 1978 3328 ὄνει-

324 3360 415 3424 δος
460 3367 539 3435 τῷ
559 3362 827 3438 ἀγαπητῷ
867 3383 983 3418 σου.
1033 3361 1226 3437 Ἱερεύς
1259 3364 1346 3416 καὶ
1381 3362 1511 3424 λαὸς
1546 3362 1723 3433 ἐξέστη
1738 3383 1829 3435 μεν
1863 3366 1974 3436 (79)

326 3450 413 3507 ἐπὶ
441 3452 505 3506 τὸ
544 3451 693 3507 αὐτό·
752 3450 945 3513 πάντες
994 3450 1361 3524 ἐξεκλίναμεν,
1410 3450 1520 3525 ἅμα
1549 3453 1964 3528 ἠχρειώθημεν,

326 3541 438 3599 Οὐκ
504 3540 613 3597 ἔστι
672 3544 845 3595 ποιῶν
915 3545 1087 3615 κρῖμα
1137 3541 1227 3595 καὶ
1280 3539 1645 3612 δικαιοσύνην,
1687 3541 1786 3596 οὐκ
1832 3538 1970 3596 ἔστιν

323 3628 430 3693 ἕως
488 3629 627 3693 ἑνός.
688 3628 1111 3704 ’Λπεκλείσαμεν
1168 3630 1295 3693 τοὺς
1349 3630 1665 3707 οἰκτιρμούς
1713 3652 1828 3701 σου,
1886 3630 1975 3685 καὶ

324 3722 423 3789 τὴν
476 3718 882 3798 φιλανθρωπίαν
935 3740 1053 3791 σου,
1102 3720 1191 3774 καὶ
1252 3721 1538 3796 πλὲγχνα
1598 3718 1783 3782 ἐλὲους
1843 3724 1975 3774 Θεοῦ

324 3811 508 3881 ἡμῶν,
561 3806 649 3861 διὰ
694 3809 795 3875 τήν
839 3806 1028 3861 κακίαν
1078 3810 1258 3881 ἡμῶν,
1306 3810 1395 3861 καὶ
1438 3811 1536 3875 τὴν
1569 3809 1834 3883 πονηρίαν
1866 3812 1973 3863 τῶν

325 3894 771 3969 ἐπιτηδευμάτων
830 3898 1014 3967 ἡμῶν,
1079 3898 1191 3968 μεθ’
1248 3898 1315 3963 ἧς
1372 3895 1778 3970 ἀνεστράφημεν
1840 3900 1971 3969 (80),

326 3986 400 4041 Σὺ
431 3984 698 4062 χρηστὸς,
730 3980 857 4037 ἀλλ’
883 3986 1048 4057 ἡμεῖς
1078 3985 1455 4057 ἠνομήσαμεν·
1489 3985 1551 4038 σὺ
1603 3985 1973 4057 μακρὸθυμος,

325 4073 452 4129 ἀλλ’
481 4078 645 4147 ἡμεῖς
676 4072 910 4148 πληγῶν
940 4071 1095 4144 ἄξιοι.
1145 4073 1486 4148 Γινώσκομέν
1513 4094 1607 4128 σου
1648 4075 1747 4144 τήν
1783 4074 1976 4149 ἀγαθό-

324 4184 484 4233 τητα,
560 4162 752 4237 καίπερ
824 4163 1219 4224 ἀσυνετοῦντες·
1301 4160 1459 4239 ὀλίγα
1530 4164 1602 4217 ὧν
1656 4162 1975 4238 ἡμάρτομεν

333 4251 812 4325 μεμαστιγώμεθα.
904 4251 979 4304 Σὺ
1048 4246 1303 4328 φοϐερὸς,
1366 4251 1455 4306 καὶ
1524 4252 1606 4314 τίς
1675 4251 1980 4322 ἀντιστήσε-

329 4339 417 4394 ταί
467 4357 590 4407 σοις
634 4339 839 4414 τρόμος
884 4339 1115 4413 λήψεται
1163 4340 1268 4395 ἀπὸ
1318 4346 1413 4395 σοῦ
1457 4337 1582 4416 ὅρη,
1630 4342 1718 4395 καὶ
1773 4340 1980 4417 μεγέθει

337 4427 628 4506 βραχίονός
676 4449 772 4482 σου
817 4427 899 4490 τίς
950 4428 1213 4503 ἀντερίσει
1262 4433 1410 4503 (81);
1463 4432 1582 4485 Ἐὰν
1627 4430 1845 4504 κλείσῃς
1889 4431 1979 4485 τὸν

335 4515 583 4590 οὐρανὸν,
613 4513 696 4577 τίς
730 4515 922 4585 ἀνοίξει
946 4533 960 4584 ;
988 4517 1077 4570 καὶ
1110 4516 1197 4571 ἐὰν
1232 4515 1395 4590 λύσῃς
1431 4517 1557 4580 τοὺς
1613 4517 1981 4594 καταρράκτας

336 4625 453 4675 σου,
486 4602 572 4665 τίς
604 4602 801 4677 συνέξει
834 4606 987 4678 (82);
1022 4609 1232 4677 Κοῢφον
1267 4605 1321 4660 ἐν
1356 4605 1663 4684 ὀφθαλμοῖς
1710 4628 1805 4661 σου
1835 4629 1983 4661 πτω-

2093 616 2211 655 una
2240 616 2372 655 cum
2405 601 2633 657 Christo
2665 602 2949 674 cruciﬁgi,
2983 620 3047 658 ac
3079 608 3323 660 mortem
3357 606 3535 671 obire,
3566 611 3629 662 ut
3660 610 3743 663 si-

2093 688 2214 744 mul
2246 706 2475 760 quoque
2509 706 2641 745 cum
2670 707 2755 757 eo,
2783 696 2840 746 et
2869 709 3023 747 nunc
3056 698 3110 747 et
3136 692 3193 747 in
3230 697 3525 763 postrema
3555 696 3741 766 ipsius

2094 779 2455 849 apparitione
2487 786 2960 851 resurgamus,et
2992 781 3176 853 gloria
3208 782 3555 854 efﬁciamur,
3576 790 3631 840 et
3661 787 3739 841 si-

2093 867 2216 921 mul
2249 884 2592 939 regnemus;
2630 886 2743 925 non
2777 875 2971 925 autem
3018 872 3469 944 perfringamur,
3493 877 3549 929 et
3578 876 3739 930 obte-

2092 973 2310 1023 ramur,
2335 974 2401 1013 ac
2446 958 2773 1030 lugeamus,
2807 976 2939 1014 cum
2973 962 3189 1016 Pravus
3239 961 3354 1030 ille,
3389 963 3741 1036 intempesta

2092 1051 2278 1113 nocte,
2304 1050 2360 1101 et
2386 1046 2443 1101 in
2477 1046 2799 1119 caliginosa
2826 1048 2964 1111 vita,
2998 1066 3103 1104 nos
3135 1051 3508 1121 percusserit,
3531 1069 3595 1108 ac
3627 1054 3742 1125 pri—

2092 1136 2439 1206 mogenitos,
2473 1141 2530 1191 et
2565 1138 2674 1192 Deo
2724 1143 3095 1194 consecratos
3138 1139 3268 1195 vitae
3318 1145 3530 1197 nostra:
3589 1142 3738 1199 fetus

2093 1227 2406 1293 motusque
2446 1222 2742 1279 deleverit.

2162 1310 2280 1367 XII.
2316 1312 2500 1379 Absit,
2532 1316 2596 1368 ut
2626 1330 2741 1368 una
2782 1330 2913 1369 cum
2962 1314 3091 1369 aliis
3125 1315 3331 1387 plagis,
3358 1317 3475 1372 haec
3507 1332 3739 1390 quoque

2091 1416 2125 1455 a
2156 1400 2313 1455 Bono
2354 1400 2472 1469 illo,
2508 1402 2579 1457 ob
2624 1419 2813 1458 meam
2860 1403 3266 1475 obliquitatem
3299 1406 3357 1461 in
3390 1406 3477 1461 ira
3504 1407 3740 1478 obliqua

2091 1490 2399 1545 adversum
2431 1506 2524 1545 me
2565 1492 2883 1562 gradiente,
2917 1493 3060 1547 mihi
3108 1496 3525 1565 exprobrentur
3558 1513 3570 1552 :
3606 1500 3738 1552 Per-

2089 1581 2239 1633 cussi
2272 1595 2367 1635 vos
2412 1582 2691 1651 aurigine,
2723 1586 2775 1636 et
2819 1583 3279 1654 inﬂammatione,
3311 1588 3364 1639 rt
3403 1587 3737 1656 putredine;

2088 1683 2188 1723 nec
2217 1670 2517 1740 quidquam
2544 1671 2772 1742 profeci.
2808 1673 3059 1727 Exteme
3099 1672 3231 1732 ﬁliis
3260 1690 3349 1728 vos
3379 1676 3591 1730 orbavit
3614 1677 3734 1744 gla-

2089 1757 2251 1825 dius;
2280 1774 2378 1813 nec
2418 1763 2497 1814 sic
2524 1765 2712 1815 tamen
2750 1760 2820 1815 ad
2866 1777 2954 1817 me
2998 1764 3246 1817 conversi
3284 1764 3437 1831 estis,
3468 1763 3599 1818 dicit
3631 1768 3737 1819 Do-

2091 1849 2285 1903 minus
2305 1848 2368 1902 ⁴².
2400 1849 2569 1904 Absit
2600 1853 2664 1904 ut
2712 1849 2906 1905 dilecti
2956 1849 3115 1906 illius
3164 1850 3331 1906 vinea
3379 1851 3493 1907 sim
3514 1853 3577 1920 ‘3,
3610 1870 3735 1925 qua)

2093 1940 2472 2009 posteaquam
2506 1938 2769 2010 plantata
2817 1939 2947 2006 fuit,
2978 1943 3034 1994 et
3061 1939 3213 1995 vallo
3262 1941 3514 2010 munita,
3546 1958 3739 1997 mace—

2094 2026 2294 2097 riaque
2352 2026 2503 2081 308
2560 2032 2618 2082 et
2675 2028 2843 2093 turri,
2903 2028 3243 2098 caeterisque
3302 2030 3497 2097 rebus,
3546 2032 3736 2101 quoad

2093 2115 2220 2185 ejus
2250 2115 2373 2171 fieri
2406 2117 2615 2188 potuit,
2636 2116 2888 2186 firmata,
2914 2117 3181 2173 vastitate
3204 2122 3404 2189 postea
3430 2118 3737 2187 horrescit,

2092 2209 2149 2259 et
2177 2204 2378 2276 spinas
2405 2206 2645 2276 profert,
2678 2206 2749 2260 ob
2781 2222 3025 2275 eamque
3046 2222 3285 2261 causam
3317 2206 3376 2261 in
3406 2206 3462 2261 id
3486 2213 3740 2263 contem-

2092 2297 2229 2365 ptus
2260 2294 2434 2361 venit,
2470 2299 2535 2349 ut
2586 2298 2641 2349 et
2678 2295 2859 2350 turris
2886 2295 3212 2366 dejiciatur,
3244 2302 3301 2351 et
3347 2298 3600 2353 maceria
3648 2299 3735 2353 di-

2092 2386 2316 2453 ruatur,
2342 2398 2446 2438 nec
2472 2383 2597 2453 jam
2622 2388 2859 2456 putetur
2882 2394 3053 2456 atque
3076 2384 3350 2451 fodiatur,
3372 2387 3473 2441 sed
3496 2386 3597 2441 ﬁat
3618 2404 3737 2444 om-

2094 2472 2268 2527 nibus
2296 2472 2355 2526 in
2388 2472 2797 2544 direptionem,
2830 2478 2886 2528 et
2914 2490 3283 2529 communem
3317 2476 3731 2532 contumeliam

2091 2565 2149 2617 et
2178 2560 2695 2617 conculcationem.
2720 2563 2821 2618 Hic
2852 2580 3019 2618 meus
3048 2563 3223 2618 timor
3245 2568 3353 2631 est,
3379 2564 3473 2619 hic
3503 2582 3694 2621 sermo
3720 2583 3733 2621 :

2091 2651 2175 2705 sic
2206 2652 2277 2706 ad
2326 2652 2475 2707 hanc
2505 2651 2737 2723 plagam
2771 2652 3113 2720 discrucior,
3146 2656 3320 2724 atque
3374 2654 3481 2709 has
3531 2671 3730 2725 preces

2093 2739 2361 2804 adhiheo,
2388 2757 2532 2811 quas
2582 2740 2756 2795 etiam
2800 2741 2867 2795 ad
2902 2756 2988 2811 ea,
3023 2758 3148 2812 quae
3182 2758 3212 2797 a
3246 2758 3337 2796 me
3369 2742 3524 2797 dicta
3571 2748 3731 2813 sunt,

2092 2829 2412 2899 adjungam
2447 2845 2458 2882 :
2496 2831 2861 2900 Peccavimus,
2898 2831 3085 2902 inique
3124 2832 3354 2901 egimus,
3400 2833 3735 2902 impietatem

2089 2919 2316 2987 fecimus
2336 2918 2402 2983 “,
2430 2918 2705 2988 quoniam
2737 2917 2900 2972 obliti
2932 2935 3138 2973 sumus
3168 2918 3581 2973 mandatorum
3610 2922 3734 2975 tuo-

2091 3022 2243 3075 rum,
2278 3011 2335 3061 et
2363 3011 2493 3077 post
2544 3006 2923 3077 cogitationes
2970 3012 3200 3061 nostras
3231 3023 3440 3079 pravas
3471 3007 3734 3063 ambula-

2089 3095 2280 3149 vimus
2301 3095 2373 3161 ‘5;
2408 3095 2684 3166 quoniam
2729 3111 2863 3165 non,
2900 3098 2964 3149 ut
2992 3095 3202 3151 Christi
3234 3095 3320 3150 tui
3350 3095 3647 3151 vocatione
3678 3102 3736 3152 et

2090 3183 2401 3255 Evangelia
2434 3183 2673 3255 dignum
2716 3188 2859 3249 erat,
2894 3185 3227 3255 sanctisque
3273 3184 3461 3255 ipsius
3509 3187 3733 3240 crucia-

2007 3258 2049 3325 C
2085 3273 2266 3341 tibus,
2299 3278 2355 3327 et
2384 3290 2451 3329 ea
2481 3272 2888 3343 exinanitione,
2925 3290 3101 3344 quam
3148 3278 3347 3329 nostra
3386 3291 3565 3330 causa
3593 3276 3729 3331 sub-

2087 3363 2186 3433 iit,
2242 3362 2372 3418 vitzc
2432 3366 2643 3418 nostras
2701 3363 2957 3418 rationes
3015 3362 3316 3418 institutas
3373 3362 3727 3432 habuimus;

2085 3453 2365 3525 quoniam
2397 3452 2604 3507 dilecto
2654 3457 2753 3507 tuo
2811 3453 3023 3524 probro
3072 3469 3137 3507 ac
3184 3452 3449 3508 dedecori
3509 3454 3728 3508 exstiti-

2085 3560 2246 3611 mus;
2281 3544 2552 3598 sacerdos
2601 3542 2778 3597 simul
2809 3547 2865 3598 et
2903 3540 3154 3614 populus
3188 3559 3221 3597 a
3251 3546 3306 3597 te
3353 3542 3727 3609 descivimus,

2086 3649 2286 3689 omnes
2318 3631 2769 3698 declinavimus,
2802 3631 2978 3687 simul
3022 3630 3260 3687 inutiles
3311 3632 3444 3686 facti
3477 3646 3678 3686 sumus
3710 3651 3724 3689 :

2086 3740 2198 3777 non
2231 3726 2317 3777 est
2366 3723 2463 3792 qui
2508 3722 2797 3792 judicium
2834 3725 2889 3775 et
2911 3720 3204 3790 justitiam
3254 3719 3445 3787 faciat,
3477 3736 3591 3776 non
3639 3725 3730 3777 est

2085 3827 2270 3881 usque
2316 3811 2385 3864 ad
2439 3825 2617 3864 unum
2641 3811 2702 3863 ⁸⁸.
2740 3809 3143 3864 Miserationes
3191 3812 3347 3874 tuas,
3375 3812 3432 3863 et
3478 3808 3728 3865 clemen-

2084 3898 2225 3952 tiam
2278 3902 2460 3965 tuam,
2495 3901 2553 3951 et
2582 3898 2803 3951 viscera
2843 3896 3254 3950 misericordiae
3286 3896 3386 3950 Dei
3420 3897 3625 3961 nostri,
3657 3899 3730 3953 ob

2088 3985 2521 4057 improbitatem
2570 3988 2853 4051 nostram,
2886 3987 2942 4039 et
2971 3982 3346 4039 consiliorum
3396 3988 3732 4040 nostrorum

2086 4073 2542 4145 perversitatem,
2576 4088 2690 4143 quo
2740 4076 2894 4126 retro
2947 4071 3183 4142 ivimus,
3216 4072 3387 4127 nobis
3436 4072 3733 4144 praeclusi-

2088 4179 2242 4217 mus.
2277 4163 2361 4218 Tu
2394 4162 2604 4230 bonus,
2638 4164 2698 4217 at
2729 4178 2835 4216 nos
2865 4160 3065 4231 inique
3092 4161 3340 4232 egimus.
3367 4162 3453 4215 Tu
3484 4161 3653 4233 lenis,
3679 4167 3737 4218 at

2089 4268 2195 4307 nos
2227 4250 2562 4305 verberibus
2590 4249 2770 4321 digni.
2800 4250 3125 4304 Bonitatem
3148 4252 3310 4304 tuam
3337 4251 3733 4321 agnoscimus,

2087 4341 2320 4396 tametsi
2355 4340 2718 4410 insipientes,
2747 4338 2947 4394 Paucis
2977 4354 3080 4410 pro
3112 4343 3481 4409 peccatorum
3518 4344 3738 4395 nostro-

2090 4446 2221 4484 rum
2254 4429 2555 4483 atrocitate
2574 4427 3003 4499 vapulavimus.
3030 4427 3102 4481 Tu
3122 4427 3410 4493 terribilis,
3436 4430 3633 4499 etquis
3661 4445 3743 4483 re-

2090 4521 2242 4573 sistet
2272 4518 2377 4572 tibi
2397 4516 2481 4571 ”?
2523 4518 2563 4572 A
2594 4517 2803 4571 timore
2832 4520 2932 4571 tuo
2964 4518 3193 4571 montes
3241 4516 3691 4572 contremiscent
3723 4535 3736 4573 :

2094 4612 2149 4663 et
2182 4606 2572 4678 magnitudini
2619 4604 2841 4661 brachii
2893 4605 2977 4659 tui
3012 4604 3145 4676 quis
3203 4605 3477 4660 resistet?
3521 4605 3579 4659 Si
3628 4622 3740 4660 cce-

405 4704 449 4739 "
476 4706 674 4760 Amos.
708 4720 784 4775 1v,
815 4703 850 4757 9
875 4721 1007 4777 sqq.
1084 4706 1130 4740 ‘3
1159 4706 1271 4763 Isa.
1301 4724 1357 4762 v.
1393 4708 1442 4762 1.
1520 4708 1565 4741 “
1595 4707 1838 4763 Baruch.
1870 4724 1930 4778 ιι,
1965 4707 2051 4762 12.
2127 4707 2172 4740 ⁸⁵
2204 4707 2315 4760 Isa.
2356 4722 2479 4773 va,
2508 4708 2563 4758 2.
2642 4704 2683 4738 ιθ
2717 4703 2871 4759 Psal.
2904 4719 3028 4767 xm,
3060 4703 3112 4757 3.
3190 4704 3231 4737 ‘7
3263 4702 3417 4759 Psal.
3451 4720 3608 4772 Lxxv,
3639 4705 3693 4759 8.

406 4802 522 4873 (73)
541 4799 649 4878 _Kai
678 4796 1158 4878 _cop6aci7uiiaat.
1214 4806 1305 4860 Sic
1353 4805 1530 4862 Coisl.
1577 4808 1629 4878 1,
1676 4813 1729 4862 et
1778 4806 1873 4862 Or.
1932 4807 1986 4861 2.

2098 4800 2305 4878 haud).
2341 4804 2402 4859 Id
2444 4821 2476 4859 a
2518 4803 2792 4878 Gregorio
2844 4801 3331 4878 additumverbis
3377 4804 3572 4878 ᾼωοε.
3609 4803 3741 4878 Plu-

336 4874 509 4930 Deest
537 4874 598 4927 in
627 4873 719 4929 ed.

406 4946 462 5018 (7
466 4946 520 5018 4)
551 4949 793 5018 Καθιερω

408 4946 520 5018 (74)
551 4949 711 5005 Καθιε
750 4945 954 5018 ωμένα.
986 4947 1081 5003 0r.
1114 4948 1169 5015 2,
1200 4944 1607 5020 καθιερούμενα.

408 5017 522 5085 (75)
554 5014 653 5069 Διὸ.
677 4963 776 5085 τςν
828 5015 965 5085 ἐμὴν
1013 5012 1381 5085 πλαγιὸτητα.
1412 5042 1433 5070 ι
1468 5020 1552 5076 Ob
1600 5038 1607 5074 ι

750 5012 1433 5093 ν’ἐμὴνςπλαγιὸτηταεὲι
1460 5012 1552 5093 ’01)
1600 5036 1791 5075 meam
1841 5020 1984 5075 obli-

339 5088 644 5174 quitatem.
673 5110 701 5137 »
732 5088 906 5172 Juxta
936 5088 1197 5174 Billinm,
1231 5114 1260 5142 ‹‹
1280 5088 1608 5174 ὀθέἰίιυίιειε
1642 5115 1668 5141 ››
1700 5096 1789 5148 est
1828 5108 1987 5174 aver—

338 5161 424 5215 sio
457 5176 490 5214 a
519 5162 679 5215 recta
734 5161 827 5216 via
881 5163 1292 5219 mandatorum
1352 5161 1471 5218 Dei.
1507 5187 1533 5213 «
1576 5164 1668 5219 Ira
1715 5186 1744 5214 »
1795 5172 1987 5220 autem

338 5252 368 5283 κ
408 5229 650 5307 obliqua
679 5252 707 5307 ξ)
738 5234 1254 5307 est_vehementior
1282 5252 1471 5307 poena.
1500 5234 1685 5303 Unde,
1716 5236 1814 5305 qui
1842 5234 1985 5290 obli-

339 5318 456 5377 quo
488 5302 648 5359 ensis
678 5302 797 5359 ictu
829 5304 1067 5374 feriunt,
1096 5302 1301 5363 acrius
1322 5307 1629 5363 vulnerant
1655 5324 1667 5363 :
1693 5302 1750 5362 et
1778 5308 1868 5364 leo
1898 5308 1988 5361 fu-

342 5391 472 5431 rore
502 5391 825 5431 succensus
865 5378 1095 5448 oblique
1143 5379 1425 5450 impetum
1480 5379 1637 5435 facit.
1672 5379 1764 5434 Sic
1814 5380 1989 5443 Deus,

344 5463 618 5523 cumnos
660 5464 702 5523 a_
741 5454 899 5505 recta
929 5450 1336 5505 mandatorum
1394 5451 1580 5523 ipsius
1630 5453 1839 5507 semita
1890 5452 1992 5505 de-

344 5518 657 5592 ﬂectimur,
688 5519 815 5592 ipse
844 5536 1076 5592 quoque
1112 5537 1173 5576 se
1211 5518 1440 5590 avertit,
1473 5527 1530 5578 et
1560 5524 1618 5577 in
1650 5540 1757 5578 nos
1788 5523 1994 5578 visita-

348 5590 540 5666 tionis
572 5590 810 5647 oculum
844 5590 1073 5663 oblique
1115 5598 1379 5665 torquet;
1412 5596 1565 5666 quod
1616 5594 1994 5651 irascentium

346 5662 653 5735 proprium
680 5667 790 5735 est.

424 5730 538 5807 (76)
599 5732 697 5787 Καὶ
764 5730 1141 5815 σφακελισμῷ.
1209 5736 1305 5795 Or.
1369 5738 1439 5808 2,
1508 5734 1595 5791 καὶ
1674 5736 1726 5793 ἰν
1808 5754 2001 5815 σφακε-

2095 4872 2348 5003 amne
2378 4892 2443 4931 eo
2474 4872 2676 4931 morbo
2708 4891 2775 4931 ex
2807 4874 3050 4929 medicis
3080 4877 3134 4929 et
3168 4872 3353 4929 Plinio
3382 4873 3658 4946 leguntur
3685 4875 3743 4929 in

2170 4963 2350 5003 esaur.

2096 4949 2350 5003 Thesaur.

2166 5020 2295 5144 (77),
2336 5013 2461 5071 Οὐδ’
2520 5013 2593 5077 ὥς
2650 5014 3021 5143 ἐπεπρὲιῇῗτε.
3083 5014 3259 5097 Coisl.
3318 5017 3355 5070 2
3409 5019 3467 5071 et
3532 5016 3629 5073 Or.
3690 5019 3744 5084 2,

2200 5092 2211 5110 ’
2245 5108 2416 5144 ουτως
2462 5087 2833 5144 ἐπεστρέψατε.
2947 5091 3281 5144 ontacutlus
3332 5088 3584 5144 praefert.
3620 5088 3744 5141 ὑπε-

2098 5087 2213 5163 ούδξ
2245 5087 2416 5150 ουτως
2462 5087 2833 5163 ἐπεστρέψατε.
2887 5087 3281 5145 Montaoutius
3332 5088 3584 5159 praefert,
3620 5088 3745 5141 ὑπε-

2098 5162 2384 5217 ποὲὠατο.

2165 5182 2743 5305 ῧέἷξὲπελαθόμεθα.
2772 5232 2866 5287 Sic
2898 5232 3012 5286 duo
3047 5230 3225 5301 Regg.
3251 5233 3308 5285 et
3331 5229 3425 5285 0r.
3450 5231 3504 5285 2.
3534 5231 3600 5286 In
3630 5232 3747 5300 ed.,

2099 5304 2503 5364 ἀπελαθόμεθα.

2178 5325 2339 5358 εΛαῠο
2393 5325 2414 5358 ε
2452 5325 2503 5357 α.

2174 5378 2283 5447 ('79)
2314 5325 2525 5444 ’ἐξὲἳηη
2540 5394 2655 5447 μεν.
2689 5397 2716 5423 ‹‹
2752 5371 3371 5447 Praevaricatisumus.
3398 5392 3426 5420 »

2175 5442 2444 5526 ('80)_M=§0’
2472 5442 2548 5513 ἧς’
2586 5446 3013 5526 ἀνεστράφημεν.
3046 5470 3062 5490 υ
3103 5446 3225 5510 Qua
3272 5442 3595 5526 cpnversati
3640 5459 3749 5526 Asu-

2104 5515 2348 5586 mus,'in
2392 5515 2753 5573 contrarium
2798 5515 2907 5571 acti
2958 5532 3235 5571 sumus.»
3275 5515 3403 5571 Haec
3451 5516 3523 5571 ab
3572 5515 3749 5572 inter-

2104 5591 2531 5664 preteomissa.

2200 5663 2289 5734 81)
2321 5662 2631 5734 ’Δντερίσει.
2666 5659 2835 5734 Cois].
2866 5661 2987 5734 2__et
3014 5660 3133 5734 Jes.
3164 5656 3477 5734 ἀντερεισει.

2200 5664 2262 5717 81
2321 5663 2631 5734 ’Δντερίσει.
2666 5663 2835 5716 Cois].
2866 5663 2901 5714 2
2932 5663 2987 5713 et
3014 5663 3133 5715 Jes.
3164 5663 3477 5732 ἀντερεισει.

2178 5663 2294 5807 (82)
2326 5734 2423 5789 Καὶ
2457 5733 2614 5792 ἐὰν...
2648 5731 2864 5802 συνέξει.
2900 5731 3027 5790 Haec
3064 5732 3277 5790 desunt
3304 5730 3366 5791 in
3395 5734 3491 5792 Or.
3520 5731 3575 5793 2.
