4094 6288
368 425 485 486 951

1611 417 1675 478 S.
1724 416 2093 478 GREGOBII
2136 416 2533 478 THEOLOGI

3656 426 3779 487 952

361 557 486 615 lum
519 553 820 621 clauseris,
847 553 982 622 quis
1013 551 1267 623 aperiet?
1296 551 1355 606 Si
1382 554 1702 606 cataractas
1733 554 1866 605 tuas
1898 547 2006 604 sol-

2125 545 2278 623 χίσαι
2305 549 2396 602 καὶ
2425 545 2738 620 πλουτίσαι,
2774 554 2987 618 ζωῶσαι
3033 550 3122 606 καί
3174 556 3494 627 θανατῶσαι,
3546 557 3778 630 πατάξαι

363 645 536 710 veris,
586 642 719 714 quis
766 640 1102 697 cohibebit?
1152 639 1342 697 Facile
1393 644 1483 695 est
1538 640 1597 694 in
1653 638 1838 694 oculis
1894 638 2013 693 tuis

361 748 675 806 pauperem
710 731 896 786 facere
927 734 983 785 et
1014 729 1221 795 ditare,
1246 729 1597 784 mortiﬁcare
1623 732 1679 782 et
1698 727 2010 793 viviﬁcare,

364 826 668 895 percutere
727 824 785 875 et
843 836 1077 887 sanare;
1138 823 1358 889 tuaque
1414 818 1705 887 voluntas,
1760 817 2014 888 perfecta

363 915 454 968 est
484 910 653 965 actio.
691 912 761 964 Tu
808 910 985 964 iratus
1030 925 1104 975 es,
1137 914 1193 963 et
1245 925 1343 963 nos
1386 910 1725 979 peccavimus
1744 907 1808 974 ιδ,
1834 906 1915 960 ait
1945 920 2013 959 ex

360 1001 655 1058 veteribus
689 999 949 1070 quidam,
983 998 1287 1054 confitens.
1329 999 1400 1051 At
1438 998 1565 1067 jam
1612 1000 1846 1066 tempus
1898 997 2009 1062 est,

364 1097 431 1147 ut
459 1106 566 1162 ego
598 1089 656 1144 in
690 1087 1047 1144 contrarium
1098 1086 1290 1141 dicam
1326 1104 1338 1140 :
1372 1085 1488 1140 Nos
1537 1085 1926 1156 peccavimus,
1958 1090 2011 1137 el

359 1184 421 1235 tu
453 1180 639 1234 iratus
671 1194 753 1233 es.
786 1176 1007 1232 Idcirco
1038 1174 1243 1230 vicinis
1276 1174 1493 1230 nostris
1524 1174 1902 1245 opprobrium
1933 1172 2011 1227 fa-

364 1269 438 1325 cti
488 1285 714 1323 sumus.
743 1265 1015 1321 Avertisti
1078 1264 1283 1319 faciem
1342 1268 1527 1328 tuam,
1575 1268 1633 1317 et
1687 1262 2012 1334 ignominia

360 1357 578 1430 oppleti
606 1373 813 1413 sumus
833 1356 897 1409 ‘9.
920 1354 1136 1409 Verum
1170 1352 1426 1424 quiesce,
1458 1352 1722 1417 Domine,
1757 1354 2007 1419 remitte,

357 1447 622 1516 Domine,
653 1443 944 1517 propitius
993 1447 1140 1509 esto,
1175 1442 1415 1497 Domine
1448 1457 1460 1495 :
1495 1456 1565 1496 ne
1620 1457 1727 1495 nos
1776 1444 2013 1511 propter

360 1536 706 1609 iniquitates
739 1536 970 1589 nostras
1000 1532 1058 1586 in
1092 1535 1435 1603 perpetuum
1464 1531 1695 1597 tradas;
1730 1546 1833 1584 nec
1863 1528 2010 1584 alios

361 1642 466 1699 per
494 1623 785 1697 supplicia
806 1626 1007 1678 nostra
1032 1621 1286 1689 erudias,
1313 1636 1446 1674 cum
1479 1637 1584 1675 nos
1607 1618 1855 1674 aliorum
1890 1635 2008 1689 pm-

357 1716 451 1771 nis
498 1712 798 1769 emendari
858 1712 1050 1766 liceat.
1099 1712 1359 1775 Quorum
1417 1708 1681 1765 scilicet?
1711 1707 2009 1777 Gentium,

358 1821 485 1877 quas
516 1808 571 1859 te
594 1820 707 1858 non
736 1804 1041 1870 noverunt,
1064 1803 1122 1856 et
1151 1815 1467 1871 regnorum
1488 1799 1640 1855 309
1666 1815 1791 1868 quas
1825 1798 2009 1869 impe-

356 1894 443 1949 rio
473 1896 573 1947 tuo
606 1890 849 1947 minime
870 1890 1132 1961 subjecta
1162 1892 1320 1944 sunt.
1343 1890 1411 1943 At
1431 1906 1536 1944 nos
1570 1886 1825 1960 populus
1845 1891 2008 1956 tuus,

360 1982 625 2053 Domine,
657 1985 713 2037 et
742 1980 906 2052 virga
934 1977 1290 2034 haereditatis
1328 1981 1439 2032 tuae
1461 1977 1524 2032 ⁵ο.
1557 1976 1806 2032 Proinde
1837 1976 2008 2031 casti-

357 2086 433 2144 ga
462 2088 589 2139 nos,
614 2085 814 2125 verum
847 2068 906 2121 in
938 2066 1410 2132 mansuetudine,
1435 2083 1499 2121 ac
1530 2083 1644 2121 non
1673 2064 1734 2120 in
1767 2065 1855 2121 ira
1882 2068 2006 2135 tua,

352 2177 425 2216 ne
451 2159 840 2231 paucissimos
869 2173 973 2213 nos
1004 2155 1208 2224 facias,
1229 2159 1286 2211 et
1318 2154 1857 2227 contemptissimos
1882 2171 2006 2211 om-

352 2250 520 2306 nium
556 2249 655 2321 qui
686 2246 954 2303 habitant
983 2250 1201 2301 terram
1228 2245 1291 2300 εί.

422 2340 573 2395 ΧΙΙΙ.
606 2338 709 2394 His
738 2352 844 2408 ego
886 2336 1258 2391 sermonibus
1307 2334 1772 2390 misericordiam
1818 2337 2003 2404 capto.

358 2428 522 2496 Quod
547 2427 597 2483 si
618 2424 978 2482 holocaustis
1000 2425 1175 2480 etiam
1200 2427 1300 2479 aut
1322 2424 1625 2479 sacriﬁciis
1652 2424 1795 2478 iram
1819 2424 2008 2494 ipsius

357 2517 590 2591 placare
633 2515 852 2585 liceret,
885 2530 957 2569 ne
1000 2513 1093 2568 his
1154 2514 1389 2584 quidem
1451 2514 1861 2584 pepercissem.
1891 2513 2008 2568 Vos

358 2622 514 2674 vero,
554 2604 668 2676 ipsi
700 2619 933 2674 quoque
972 2601 1245 2658 timidum
1280 2602 1642 2657 sacerdotem
1670 2601 2004 2657 imitemini.

360 2696 449 2753 Ita
482 2691 885 2764 facits,dilecti
918 2690 1052 2758 filii;
1082 2691 1180 2757 ita,
1215 2689 1479 2762 inquam,
1514 2690 1683 2746 facite
1712 2707 1834 2761 vos,
1860 2706 2007 2761 quos

357 2782 567 2841 divinae
587 2779 1003 2853 increpationis
1021 2783 1077 2835 et
1092 2779 1471 2852 benignitatis
1489 2780 1678 2835 socios
1695 2783 1751 2835 et
1767 2796 2008 2836 consor-

356 2876 447 2929 tes
477 2872 684 2927 habeo.
722 2872 784 2924 In
830 2868 1106 2941 lacrymis
1152 2867 1380 2924 animas
1410 2872 1635 2925 vestras
1693 2869 2005 2941 possidete,

359 2961 620 3017 divinam
654 2961 799 3014 iram
823 2959 1042 3026 sedate,
1065 2960 1259 3013 vestra
1277 2957 1410 3012 vitae
1433 2957 1632 3013 studia
1652 2961 1709 3012 et
1740 2958 2009 3013 instituta

353 3051 415 3108 in
450 3050 663 3106 melius
693 3051 1145 3104 commutantes.
1179 3047 1523 3117 Sanctiﬁcate
1552 3046 1851 3118 jejunium,
1874 3062 2005 3117 pro-

355 3142 594 3199 clamate
650 3139 1020 3203 curationem;
1075 3137 1576 3208 quemadmodum
1616 3152 1718 3191 vos
1777 3152 2007 3191 mecum

358 3231 565 3287 beatus
617 3230 742 3284 Joel
792 3228 1129 3284 cohortatur
1148 3228 1215 3299 ⁵³,
1250 3226 1582 3297 Congregate
1626 3227 1884 3294 seniores,
1918 3228 2006 3281 in-

2122 636 2212 691 καὶ
2264 636 2544 700 ίάσατθαι’
2595 638 2684 693 καὶ
2736 639 2797 693 τὸ
2846 638 3069 710 θελῆσαί
3118 643 3231 714 (83)
3281 663 3398 711 σου,
3438 644 3632 720 πρᾶξίς
3664 645 3776 701 ἐστι

2123 724 2596 798 συντετελεσμένη.
2641 726 2715 781 Σὺ
2769 728 3066 803 ὠργίσθης,
3117 731 3206 785 καὶ
3234 734 3397 804 ἡμεῖς
3427 735 3774 807 ἡμάρτομεν,

2122 810 2267 889 λέγει
2296 834 2378 875 τις
2407 819 2515 868 τῶν
2560 813 2729 870 πάλαι
2780 815 3341 894 ἀνθομολογούμενος.
3392 822 3551 894 Ἐμοὶ
3598 820 3655 877 δὲ
3684 825 3775 878 καὶ

2118 902 2180 956 τὸ
2213 901 2448 958 ἐναντίον
2495 905 2681 980 καιρὸς
2733 905 2922 962 εἰπεῖν.
2971 908 3158 980 Ἡμεῖς
3208 911 3529 984 ἡμάρτομεν
3560 913 3651 966 καὶ
3710 913 3773 967 σὺ

2120 991 2414 1067 ὠργίσθης·
2451 990 2539 1047 διὰ
2568 998 2725 1048 τοῦτο
2758 994 3083 1069 ἐγενήθημεν
3114 994 3322 1061 ὄνειδος
3370 1006 3486 1062 τοῖς
3536 1000 3772 1076 γείτοσιν

2119 1081 2304 1152 ἡμῶν.
2366 1082 2731 1156 Ἀπέστρεψας
2787 1083 2849 1138 τὸ
2907 1082 3198 1159 πρόσωπόν
3251 1108 3367 1155 σου,
3414 1089 3503 1142 καὶ
3554 1090 3773 1163 ἀτιμίας

2120 1167 2489 1242 έπλήσθημεν.
2552 1170 2725 1227 Ἀλλὰ
2779 1172 3037 1243 κόπασον,
3112 1174 3290 1250 Κύριε·
3367 1178 3505 1246 ἄνες,
3586 1178 3769 1254 Κύριε·

2117 1256 2395 1327 ίλάσθητι,
2451 1260 2647 1335 Κύριε’
2704 1262 2777 1333 μὴ
2826 1264 2938 1334 (84)
2990 1261 3245 1337 παραδῴς
3296 1266 3408 1337 (85)
3475 1267 3623 1339 ἡμᾶς
3694 1267 3771 1330 είς

2117 1347 2277 1409 τέλος
2308 1346 2397 1402 διὰ
2441 1348 2535 1409 τὰς
2582 1348 2811 1422 ἀνομίας
2853 1353 3036 1423 ἡμῶν,
3075 1350 3214 1424 μηδὲ
3246 1350 3335 1407 διὰ
3353 1358 3460 1409 τῶν
3487 1355 3769 1428 ἡμετέρων

2117 1434 2415 1511 παιδεύσῃς
2448 1434 2653 1500 ἄλλους
2709 1439 3003 1516 μαστίγων,
3050 1439 3165 1496 ἐνὸν
3196 1444 3346 1515 ἡμᾶς
3376 1440 3465 1497 διὰ
3510 1450 3609 1514 τῆς
3660 1444 3773 1500 ἐτέ-

2120 1545 2227 1600 ρων
2261 1525 2493 1601 βασάνου
2543 1531 3017 1605 σωφρονισθῆναν
3066 1530 3224 1585 τίνων
3272 1530 3519 1603 τούτων;
3568 1538 3769 1598 Ἐθνῶν

2116 1615 2239 1697 τῶν,
2277 1615 2337 1669 ού
2383 1617 2499 1690 (86)
2551 1617 2930 1691 γινωσκόντων
2975 1640 3052 1692 σε,
3091 1621 3180 1675 καὶ
3211 1619 3521 1696 βασιλειῶν,
3580 1621 3637 1677 οἱί
3690 1622 3771 1697 τῷ

2116 1709 2196 1777 σῷ
2254 1704 2434 1781 κράτει
2493 1706 2601 1781 οὐχ
2662 1706 3022 1783 ὑπετάγήσαν.
3079 1711 3271 1783 Ἡμεῖς
3339 1708 3397 1765 δὲ
3454 1708 3588 1774 λαός
3646 1733 3769 1783 σου,

2116 1792 2299 1870 Κύριε,
2347 1794 2437 1849 καὶ
2488 1790 2685 1871 ῥάϐδος
2733 1794 3105 1872 κληρονομίας
3155 1820 3269 1855 σου.
3324 1801 3421 1854 Διὰ
3447 1805 3613 1855 τοῦτο
3642 1801 3772 1855 παί-

2120 1876 2305 1935 δευσον
2352 1883 2524 1955 ἡμᾶς,
2574 1881 2720 1951 πλὴν
2750 1882 2799 1936 ἐν
2834 1886 3198 1959 χρηστότητι,
3229 1887 3317 1941 καὶ
3354 1888 3428 1961 μὴ
3465 1886 3517 1942 ἐν
3547 1893 3626 1960 τῷ

2118 1972 2273 2044 θυμῷ
2303 1990 2398 2025 σου
2423 1989 2435 2002 °
2464 1969 2554 2025 'tva
2586 1972 2662 2045 μὴ
2697 1969 3016 2049 ὀλιγοστοὺς
3046 1976 3194 2049 ἡμᾶς
3225 1977 3481 2050 ποιήσῃς,
3530 1976 3619 2031 καὶ
3667 1998 3773 2031 πα-

2119 2059 2186 2137 ρὰ
2238 2059 2437 2124 πάντας
2496 2061 2622 2123 τοὺς
2677 2067 3061 2127 κατοικοῦντας
3130 2065 3228 2135 τὴν
3278 2072 3403 2142 γῆν,
3479 2063 3775 2137 ἐξουδένω-

2121 2171 2194 2224 μα
2225 2151 2360 2224 (88)-

2190 2330 2288 2385 II".
2338 2327 2559 2390 Τούτοις
2608 2327 2712 2405 ἐγὼ
2756 2336 2876 2393 τοῖς
2919 2328 3110 2407 λόγοις
3157 2328 3305 2388 ἵλκω
3346 2333 3437 2389 τὸν
3488 2333 3662 2390 ἔλεον·
3726 2336 3773 2389 εἱ

2118 2414 2175 2473 δὶ
2203 2418 2291 2472 καὶ
2324 2417 2770 2493 ὁλοκαυτώμασιν
2802 2421 2836 2490 ἢ
2888 2420 3094 2483 θυσίαις
3141 2422 3207 2490 ἦν
3258 2422 3597 2493 ἐξιλάσασθαι
3644 2423 3773 2500 περί

2114 2513 2216 2577 τῆς
2270 2507 2465 2583 ὀργῆς,
2518 2508 2643 2563 οὐδὲ
2686 2508 2894 2565 τούτων
2961 2510 3021 2565 ἂν
3084 2510 3404 2589 ἐφεισάμην.
3471 2514 3653 2587 Ὑμεῖς
3713 2510 3771 2569 δὲ

2115 2596 2205 2652 καὶ
2237 2597 2389 2651 αὐτοὶ
2425 2598 2739 2670 μιμήσασθε
2770 2596 2952 2655 δειλὸν
2979 2599 3146 2675 ἱερέαο
3192 2599 3301 2673 ναὶ,
3349 2602 3506 2657 τέκνα
3555 2602 3767 2678 ἀγαπη-

2115 2684 2331 2755 τὰ,ναῖ,
2366 2682 2507 2749 θείας
2565 2687 2821 2742 κοινωνοὶ
2866 2686 2955 2743 καὶ
2998 2688 3277 2752 νουθεσίας
3326 2690 3416 2744 καὶ
3466 2690 3773 2767 φιλανθρω-

2116 2774 2260 2837 πίας.
2301 2777 2575 2846 Κτήσασθε
2616 2778 2712 2839 τὰς
2760 2777 2943 2851 ψυχὰς
2995 2777 3145 2850 ὑμῶν
3198 2777 3249 2833 ἐν
3305 2776 3567 2855 δάκρυσι’
3639 2781 3771 2851 στή-

2117 2885 2241 2920 σατε
2296 2867 2393 2935 τήν
2446 2868 2639 2942 ὀργὴν,
2693 2863 2943 2943 βελτίονα
2987 2869 3313 2939 ποιήσαντες
3362 2870 3429 2924 τὰ
3483 2867 3777 2940 ἐπιτηδεύ-

2120 2974 2261 3028 ματα
2340 2955 2513 3029 ὑμῶν.
2588 2954 2874 3031 Ἀγιάσατε
2946 2956 3209 3026 νηστείαν,
3284 2957 3551 3034 κηρύξατε
3616 2960 3774 3031 θερα-

2116 3044 2289 3099 πείαν·
2353 3046 2498 3100 ταῦθ’
2556 3045 2682 3118 ὑμῖν
2745 3042 3109 3101 διακελεύεται
3173 3048 3286 3120 μεθ’
3335 3049 3494 3120 ἡμῶν
3541 3046 3710 3117 Ἱωὴλ
3745 3049 3773 3103 ὁ

2121 3134 2408 3210 μακάριος.
2496 3133 2831 3211 Συναγάγετε
2911 3130 3305 3211 πρεσϐυτέρους
3410 3138 3580 3207 νήπια
3677 3139 3777 3207 θη-

2118 3220 2349 3292 λάζοντα
2430 3223 2683 3295 μαστοὺς,
2760 3221 2977 3292 ἡλικίαν
3056 3221 3315 3295 ἐλεεινὴν,
3366 3224 3453 3278 καὶ
3540 3223 3779 3299 μάλιστα

357 3322 538 3393 fantes
574 3321 741 3373 ubera.
786 3326 1052 3389 sugentes,
1085 3320 1315 3373 aetatem
1347 3315 1767 3384 miserabilem,
1798 3334 1862 3371 ac
1904 3316 2003 3371 Dei

2122 3319 2217 3381 τῆς
2260 3310 2357 3366 τοῦ
2406 3292 2538 3367 Θεοῦ
2587 3310 2993 3390 φιλανθρωπίας
3038 3311 3209 3383 ἀξίαν.
3243 3292 3379 3369 Οἶδα
3410 3310 3485 3383 δὶ,
3541 3292 3775 3387 ίὶκάμοὶ

358 3406 760 3464 misericordia
788 3407 1082 3478 imprimis
1114 3405 1373 3477 dignam.
1407 3406 1522 3461 Nec
1551 3421 1685 3461 vero
1720 3420 1811 3460 me
1838 3405 2005 3475 fugit,

359 3513 626 3569 quaenam
662 3495 806 3550 mihi
853 3512 1109 3567 quoque,
1141 3494 1371 3549 Domini
1415 3494 1707 3564 ministro,
1739 3498 1795 3548 et
1821 3494 2007 3559 vobis,

358 3585 461 3659 qui
491 3585 762 3641 eumdem
811 3583 1094 3639 honorem
1127 3583 1427 3638 consecuti
1475 3581 1635 3650 estis,
1672 3582 2006 3653 praecipiat;

358 3674 641 3732 nimirum
671 3677 736 3728 ut
765 3688 899 3727 cum
931 3671 1138 3727 ciliciis
1175 3670 1463 3742 templum
1498 3670 1919 3743 ingrediamur,
1943 3686 2008 3725 ac

358 3764 459 3820 diu
491 3766 780 3833 noctuque
810 3761 963 3817 inter
991 3760 1210 3833 gradus
1240 3764 1297 3815 et
1326 3759 1507 3815 altare
1537 3764 1767 3832 pectora
1792 3760 2009 3814 tunda-

357 3870 514 3920 mus,
559 3856 727 3924 gestu
789 3851 914 3923 ipso
974 3867 1039 3906 ac
1098 3849 1291 3922 specie
1347 3848 1734 3915 miserabiles,
1766 3849 2009 3905 vocibus

359 3940 849 4008 miserabiliores;
883 3944 1012 3995 tum
1047 3944 1264 4007 nostra,
1299 3943 1424 3994 tum
1459 3938 1657 4010 populi
1688 3954 1886 4007 causa,
1917 3940 2007 3994 in-

354 4035 513 4087 tente
561 4046 626 4086 ac
682 4029 903 4102 prolixe
936 4029 1277 4096 clamantes,
1311 4046 1427 4085 non
1477 4028 1682 4097 labori,
1718 4044 1833 4083 non
1883 4045 2004 4084 ser-

357 4119 539 4187 moni,
574 4136 691 4174 non
723 4118 859 4174 ullis
901 4119 1033 4175 aliis
1078 4119 1253 4174 rebus
1302 4122 1627 4189 parcentes,
1661 4118 1876 4188 quibus
1907 4118 2005 4173 Dei

354 4207 677 4279 indignatio
726 4209 979 4273 sedatur,
1033 4208 1289 4263 dicentes
1324 4226 1337 4262 :
1369 4209 1555 4278 Parce,
1611 4209 1860 4275 Domine,
1906 4223 2003 4278 po-

350 4298 485 4370 pulo
514 4302 631 4364 tuo,
663 4313 736 4351 ne
765 4296 853 4352 des
885 4295 1263 4353 heeredz'tatem
1290 4300 1447 4352 tuam
1476 4298 1537 4351 in
1566 4298 1917 4368 opprobrium
1937 4296 2001 4367 ⁵³,

355 4394 413 4441 et
444 4402 570 4457 qum
604 4385 663 4439 in
696 4402 764 4440 ea
793 4385 1056 4441 oratione
1099 4390 1303 4459 postea
1332 4390 1692 4457 sequuntur;
1725 4390 2003 4458 tantoque

356 4474 644 4545 majorem
675 4472 1007 4530 afﬂictionis
1038 4479 1263 4547 partem
1294 4475 1633 4544 sentientes,
1664 4479 1881 4547 quanto
1911 4475 2003 4529 di-

353 4563 576 4636 gnitate
607 4562 941 4633 superiores
980 4581 1210 4634 sumus,
1242 4569 1442 4621 nostro
1472 4564 1735 4637 exemplo
1774 4564 2001 4637 plebem

2111 3402 2193 3472 τῷ
2244 3400 2547 3476 λειτουργῷ
2596 3400 2794 3475 Κυρίου
2841 3399 2932 3454 καὶ
2983 3401 3109 3473 ὑμῖν
3151 3399 3456 3456 ἐντέλλεται
3488 3402 3624 3474 (89),
3658 3406 3776 3463 τοῖς

2115 3495 2215 3559 τῆς
2242 3490 2408 3558 αὐτῆς
2442 3487 2601 3562 δὸξης
2633 3490 2982 3562 ἠξιωμένοις,
3016 3488 3276 3554 εἰσελθεῖν
3324 3488 3373 3544 ἐν
3409 3488 3628 3553 σάκκοις

2118 3576 2208 3632 καὶ
2254 3578 2539 3633 κόπτεσθαι
2594 3578 2784 3640 νυκτὸς
2814 3575 2903 3632 καί
2947 3576 3155 3653 ἡμέρας
3187 3578 3285 3632 ἀνὰ
3317 3577 3477 3650 μέσον
3507 3581 3620 3652 (91)
3676 3586 3777 3648 τῆς

2116 3665 2387 3743 κρηπῖδος
2446 3666 2534 3721 καὶ
2590 3671 2687 3721 τοῦ
2746 3666 3151 3743 θυσιαστηρίου,
3211 3666 3483 3730 ἐλεεινοὺς
3512 3667 3593 3741 τῷ
3636 3670 3777 3743 σχή-

2126 3777 2276 3828 ματι,
2311 3755 2703 3832 ἐλεεινοτέρους
2758 3761 2875 3818 ταῖς
2932 3761 3159 3834 φωναῖς,
3236 3758 3475 3833 βοῶντας
3549 3757 3775 3820 ἐκτενῶς

2119 3845 2250 3920 ὑπὲρ
2307 3867 2365 3900 τε
2421 3846 2621 3901 ἑαυτῶν
2666 3845 2756 3900 καὶ
2802 3850 2899 3900 τοῦ
2938 3844 3095 3918 λαοῦ,
3129 3844 3478 3924 φειδομένους
3511 3844 3771 3920 μηδενὸς.

2124 3936 2198 4007 μή
2231 3935 2425 4007 κόπου,
2464 3936 2537 4008 μή
2574 3934 2839 4011 ῥήματος,
2873 3936 2953 3997 οἷς
2986 3936 3113 3997 Θεὸς
3154 3934 3513 4007 έξιλάσκεται·
3555 3941 3770 4007 Φεῖσαι,

2118 4024 2299 4097 Κύριε,
2348 4028 2443 4080 τοῦ
2493 4022 2628 4078 λαοῦ
2694 4044 2809 4095 σου,
2880 4023 3156 4100 λέγοντας,
3214 4025 3304 4080 καὶ
3366 4027 3441 4098 μὴ
3503 4022 3609 4097 δῷς
3667 4026 3769 4093 τὴν

2113 4112 2487 4187 κληρονομίαν
2549 4135 2642 4167 σου
2702 4112 2777 4176 εἰς
2854 4108 3084 4181 ὄνειδος,
3159 4113 3249 4168 καὶ
3326 4112 3425 4169 ὅσα
3482 4115 3605 4187 ἑξῆς
3663 4122 3767 4184 τῆς

2116 4201 2371 4275 δεήσεως
2422 4207 2680 4258 τοσοῦτον
2728 4201 2893 4259 πλέον
2928 4200 3155 4280 ἔχοντας
3183 4210 3283 4273 τῆς
3326 4203 3589 4277 θλίψεως,
3641 4205 3767 4260 ’ὅσον

2111 4295 2201 4349 καὶ
2246 4299 2348 4363 τῆς
2391 4292 2558 4365 ἀξίας,
2615 4290 2684 4348 δι’
2734 4292 2934 4347 ἑαυτῶν
2974 4290 3325 4356 παιδεύοντας
3351 4294 3442 4348 τὸν
3472 4291 3603 4349 λαὸν
3632 4295 3769 4369 πρὸς

2111 4384 2408 4456 κατάνυξιν,
2464 4382 2554 4437 καὶ
2611 4389 2712 4452 τῆς
2764 4382 2952 4445 κακίας
3013 4380 3319 4458 διόρθωσιν,
3376 4383 3466 4439 καὶ
3510 4384 3611 4451 τὴν
3644 4382 3769 4437 ἕπο-

2116 4474 2280 4547 μένην
2308 4470 2522 4534 τούτοις
2549 4475 2647 4527 τοῦ
2678 4476 2811 4527 Θεοῦ
2845 4470 3245 4547 μακροθυμίαν,
3278 4470 3368 4527 καὶ
3428 4472 3637 4547 ἀνοχὴν
3666 4478 3769 4543 τῆς

2118 4582 2394 4638 μαστιγος.

352 4653 423 4709 ad
457 4652 989 4724 compunctionem,
1020 4653 1416 4727 improbasque
1447 4654 1577 4711 vitae
1609 4654 2047 4721 correctionem,
2081 4670 2260 4726 quam
2291 4653 2492 4725 utique
2534 4653 2637 4710 Dei
2674 4652 2885 4709 lenitas
2914 4653 3204 4726 virgasque
3235 4651 3549 4726 suspensio
3582 4651 3766 4709 comi-

348 4745 529 4810 tatur,
560 4741 914 4799 enudientes.

424 4829 563 4886 XIV.
599 4830 779 4887 Venite
834 4831 1016 4905 igitur
1071 4849 1297 4901 omnes,
1329 4850 1361 4889 ο
1408 4833 1637 4905 fratres,
1687 4833 1994 4904 adoremus,

350 4927 403 4975 et
431 4920 800 4990 procidamus,
831 4925 883 4976 et
929 4923 1208 4992 ploremus
1255 4939 1443 4979 coram
1502 4925 1750 4992 Domino,
1791 4926 1889 4996 qni
1914 4926 1996 4995 fe-

422 5113 465 5150 “
492 5114 603 5171 Isa.
638 5133 786 5185 LXIV,
817 5117 871 5172 5.
949 5119 993 5154 ⁴⁹
1018 5118 1171 5176 Psal.
1207 5136 1436 5194 Lxxvm,
1468 5124 1521 5178 4.
1598 5122 1642 5157 ⁵ο
1671 5119 1823 5179 Ibid.
1852 5119 1906 5191 6,
1939 5119 2006 5176 13

2122 5123 2146 5157 ηί
2177 5120 2297 5177 Jer.
2329 5136 2384 5191 x,
2418 5120 2507 5188 24,
2537 5120 2627 5175 25.
2705 5119 2750 5156 ⁶²
2778 5117 2905 5176 Joel
2935 5134 2974 5188 1,
3010 5119 3096 5173 14.

418 5328 530 5469 (83)
559 5328 627 5380 Τὸ
659 5325 904 5412 θελῆσαι.
938 5332 1110 5389 Cois].
1145 5336 1197 5401 1,
1244 5334 1307 5387 τὸ
1339 5332 1577 5407 Θέλημα.

418 5400 507 5465 (84
560 5401 671 5469 Μή.
707 5402 881 5469 Cmsl.
914 5405 962 5469 1,
997 5406 1092 5460 Or.
1126 5407 1179 5469 2,
1213 5405 1300 5459 καὶ
1337 5409 1435 5469 μή.

416 5400 530 5475 (ει)
560 5401 671 5469 Μή.
707 5402 962 5475 ᾳοίεω,
997 5406 1092 5460 Or.
1126 5400 1187 5473 2,’
1213 5405 1435 5475 mimi.

436 5468 525 5551 ac
557 5468 839 5551 causa,
874 5468 1045 5551 Coisl-
1082 5478 1131 5548 ι,
1163 5468 1481 5551 suam.

437 5541 996 5617 εο>οάξυν;2,μή.
1116 5541 1130 5548 '
1243 5541 1251 5551 '
1362 5541 1425 5548 "
1803 5595 1810 5603 .

418 5613 504 5675 (87
561 5616 644 5667 Ἐν
676 5619 776 5671 τ“.
809 5613 980 5673 Deest
1011 5618 1068 5672 in
1098 5620 1271 5691 Regg.
1306 5637 1359 5686 a,
1394 5636 1443 5685 c,
1477 5624 1533 5675 et
1562 5622 1619 5675 in
1653 5621 1747 5676 Or.
1780 5624 1833 5676 2.

559 5637 952 5752 ’EEbu‘gikua.
1013 5690 1213 5747 Plures
1273 5690 1450 5752 Rem.
1502 5696 1559 5750 et
1604 5693 1778 5751 Cois].
1816 5696 1833 5749 1

349 5680 952 5805 ουδῗῗ)ἒὲῑξουδὲνωμα.
1013 5680 1250 5747 Plures"
1273 5680 1450 5764 Regg'.
1502 5696 1559 5750 et
1604 5693 1778 5751 Ccisl.
1816 5696 1866 5763 1,
1909 5692 1987 5761 ἐξ·

472 5772 641 5827 νημαι.

2106 4918 2195 4976 καὶ
2268 4920 2558 4997 προσπέσω
2567 4942 2659 4995 μεν

2176 4837 2269 4889 ΙΔ’.
2337 4834 2495 4887 Δεῦτε
2552 4831 2641 4886 οῦν
2696 4828 2911 4903 πάντες,
2971 4828 3217 4909 ἀδελφοὶ,
3269 4832 3763 4908 προσκυνήσωμεν,

2739 4924 2871 4995 (92),
2948 4919 3038 4975 καὶ
3113 4917 3437 4993 κλαύσωμεν
3526 4918 3764 4975 ἐναντίον

3172 5118 3217 5153 ⁸³
3244 5115 3366 5175 Joel
3397 5134 3458 5187 ιι,
3495 5118 3581 5174 17.

2178 5338 2289 5409 (89)
2324 5332 2686 5409 Έντέλλεται.
2731 5335 2869 5406 Reg.
2899 5333 3001 5405 ph,
3038 5328 3379 5409 twituktat,
3432 5354 3483 5409 ‹‹Δ
3515 5333 3763 5409 manda-

2102 5403 2202 5465 vit.
2234 5403 2498 5475 n'Mont.,
2532 5403 2856 5475 ἐντέτακταῖ,
2893 5403 2921 5457 (ἱ
2954 5406 3263 5462 ordinavit.
3298 5403 3627 5462 constituit.
3659 5426 3687 5456 κ

2195 5482 2284 5553 90)
2317 5480 2403 5553 Ἑν
2424 5476 2805 5553 ,σάκκοιςᾎοικ
2840 5480 2891 5543 2,
2911 5475 2974 5553 -έν
3015 5476 3219 5553 σάκκῳ.

2194 5546 2284 5617 91)
2317 5550 2444 5604 Ἀνὰ
2479 5548 2658 5621 μέσον.
2695 5550 2834 5621 Reg.
2871 5550 2948 5621 ph
2980 5546 3682 5621 conjunctim,7&vauécov.

2315 5619 2737 5711 Ilpqcrtécwpev.
2766 5619 2936 5678 Coiél.
2974 5623 3025 5689 1,
3056 5619 3151 5678 Or.
3185 5626 3240 5690 2,
3272 5626 3329 5678 et
3370 5620 3618 5676 Montac.
3654 5619 3759 5675 ad-

2102 5695 2270 5765 dunt,
2306 5695 2470 5762 αὐτῷ.
