4094 6288
325 407 445 470 953

1251 407 1540 469 ORATIO
1585 403 1948 469 XVI.—IN
1995 400 2319 464 PATREM
2362 400 2814 463 TACENTEM.

3617 402 3737 463 954

328 536 531 614 Κυρίου
584 540 682 591 τοῦ
743 538 1077 608 ποιήσαντος
1149 540 1320 611 ἡμᾶς.
1387 537 1724 611 Στησώμεθα
1795 535 1975 590 κοινὸν

2087 533 2369 591 cunas“.
2403 533 2509 590 Pro
2559 535 2795 588 aetatum
2828 546 2892 588 ac
2920 547 3200 605 generum
3250 531 3474 588 ratione
3522 531 3740 589 distin-
3841 541 3844 544 ’

327 628 540 695 πένθος,
589 625 725 682 κατά
769 647 828 680 τε
875 625 1096 696 ἡλικίας
1149 629 1256 700 (93)
1304 627 1392 681 καὶ
1425 625 1552 702 γένη
1589 623 1965 699 διαιρεθέντες.

321 716 652 789 Ὑψώσωμεν
701 717 798 783 τὴν
860 718 1044 794 φωνὴν
1102 723 1202 786 τῆς
1262 715 1462 777 ἱκεσίας
1523 717 1654 788 (94)·
1716 711 1831 769 ἀντὶ
1877 719 1976 782 τῆς

333 805 669 878 μισουμένης
719 803 864 878 αὐτῴ
922 812 1184 882 κραυγῆς,
1240 804 1440 876 ταύτην
1500 805 1574 866 εἷς
1622 805 1689 858 τὰ
1735 805 1846 858 ὦτα
1877 809 1978 857 Κυ-

328 892 448 970 ρίου
503 889 732 949 Σαϐαὼθ
780 893 1148 970 ἀνενέγκωμεν
1215 897 1348 968 (95)⁶
1419 895 1824 971 Προφθάσωμεν
1881 891 1974 947 αὐ-

321 985 419 1036 τοῦ
478 983 576 1052 τήν
636 982 804 1057 ὀργὴν
867 981 919 1037 ἐν
979 982 1392 1058 ἐξομολογήσει.
1470 983 1832 1056 Βουληθῶμεν
1883 981 1976 1034 αύο

325 1072 416 1127 τὸν
478 1068 633 1138 ἰδεῖν,
707 1071 886 1148 ὣσπερ
950 1072 1309 1149 ὠργισμένον,
1362 1072 1503 1128 οὕτω
1555 1073 1644 1127 καὶ
1702 1069 1976 1145 μετατιθέ-

327 1180 504 1234 μενον.
566 1160 666 1222 Τίς
726 1158 860 1231 οἶδε,
922 1160 1106 1241 φησὶν,
1167 1162 1212 1217 εἰ
1281 1162 1610 1240 ἐπιστρέψει,
1673 1160 1762 1216 καὶ
1817 1180 1978 1235 μετα-

323 1251 509 1321 νοήσει
561 1252 696 1324 (96),
745 1252 834 1306 καὶ
893 1249 1243 1326 ὑπολείψεται
1298 1255 1413 1327 (97)
1478 1250 1774 1326 εὐλογίαν;
1847 1247 1979 1303 Οἶδα

323 1343 486 1393 τοῦτο
518 1343 699 1416 σαρῶς
734 1338 838 1416 ἐγὼ
883 1348 983 1410 τῆς
1029 1346 1124 1394 τοῦ
1169 1345 1301 1396 Θεοῦ
1346 1339 1754 1418 φιλανθρωπίας
1783 1337 1975 1415 ἐγγυη-

323 1429 446 1499 τής.
499 1428 596 1484 Καὶ
645 1427 675 1483 ὅ
718 1430 864 1506 παρὰ
893 1429 1048 1508 φύσιν
1082 1430 1222 1486 ἐστὶν
1271 1431 1436 1503 αὐτῷ,
1467 1437 1567 1500 τῆς
1601 1429 1768 1506 ὀργῆς
1801 1427 1974 1507 ἀφεὶς,

323 1515 410 1572 ἐπὶ
441 1518 504 1572 τὸ
551 1519 685 1573 κατὰ
736 1517 889 1595 φύσιν
951 1522 1218 1596 χωρήσει,
1266 1522 1355 1574 τὸν
1418 1517 1591 1576 ἔλεον.
1650 1519 1745 1581 Εἷς
1803 1519 1975 1573 έκεῖνο

327 1607 422 1681 μὲν
451 1607 553 1682 γὰρ
585 1608 671 1686 ὑφ’
699 1609 859 1681 ἡμῶν
906 1609 1165 1684 βιάζεται·
1216 1609 1354 1687 πρὸς
1404 1607 1461 1664 δὲ
1508 1614 1666 1664 τοῦτο
1721 1609 1820 1678 τὴν
1882 1608 1974 1683 ὁρ-

326 1697 433 1770 μὴν
506 1694 644 1772 ἔχει.
719 1697 814 1752 Καὶ
885 1697 933 1752 εἷ’
985 1698 1239 1754 πατάσσει
1300 1698 1642 1774 βιαζόμενος,
1699 1701 1816 1759 πῶς
1877 1695 1975 1750 οὐκ

321 1782 506 1856 ἅνήσει
540 1786 650 1860 (98)
681 1790 749 1861 τῇ
783 1785 932 1864 φύσει
978 1789 1304 1864 χρώμενοςς
1355 1789 1530 1844 Μόνον
1580 1790 1726 1860 ἡμᾶς
1776 1783 1970 1848 αὐτοὺς

320 1870 658 1948 ἐλεήσωμεν,
691 1881 808 1938 τοῖς
841 1873 1070 1939 δικαίοις
1101 1882 1196 1932 τοῦ
1231 1877 1440 1953 Πατρὸς
1473 1879 1582 1951 (99)
1632 1875 1970 1952 σπλάγχνοις
2000 1913 2049 1978 Β

320 1959 444 2017 ὁδὸν
491 1965 567 2037 (1)
616 1963 936 2035 ἀνοίξαντες.
992 1965 1309 2042 Σπείρωμεν
1360 1965 1410 2021 ἐν
1473 1964 1748 2040 δάκρυσιν,
1800 1963 1874 2019 θίν’
1916 1963 1965 2020 ἐν

318 2049 639 2128 ἀγαλλιάσει
693 2053 1014 2128 θερίσωμεν.
1067 2055 1354 2128 Γενώμεθα
1401 2055 1686 2124 Νινευῖται,
1742 2055 1817 2128 μή
1862 2060 1966 2108 Σο-

323 2136 545 2213 δομῖται
569 2160 582 2173 ·
617 2140 1027 2215 όεραπεύσωμεν
1057 2145 1154 2212 τήν
1195 2142 1410 2212 κακίαν,
1443 2145 1518 2216 μὴ
1551 2147 1618 2218 τῇ
1648 2142 1809 2214 κακίᾳ
1853 2164 1970 2197 συν-

318 2228 674 2302 τελεσθῶμεν.
745 2229 1090 2304 Ἀκούσωμεν
1176 2233 1333 2287 Ἰωνᾶ
1421 2233 1808 2306 κηρύσσοντος,
1891 2232 1966 2304 μὴ

319 2317 450 2391 πυρὶ
505 2318 596 2372 καὶ
652 2318 778 2392 θείῳ
833 2319 1313 2394 κατακλυσθῶμεν.
1374 2322 1476 2376 Κᾶν
1538 2321 1838 2394 ἐξέλθωμεν
1890 2324 1966 2394 (2)

321 2403 566 2480 Σόδομα,
599 2403 926 2484 προσϐῶμεν
954 2413 1032 2480 τῷ
1058 2406 1195 2485 ὄρει,
1235 2409 1630 2489 καταφύγωμεν
1657 2409 1732 2473 εἷς
1782 2410 1966 2486 Σεγὼρ

318 2497 722 2580 (3),Νᾲνίσχοντι
756 2497 1178 2572 συνεισέλθωμεν
1209 2503 1285 2572 (4)
1312 2505 1391 2572 τῷ
1420 2499 1586 2574 ἡλίῳ.
1617 2506 1703 2570 Μὴ
1752 2505 1965 2573 στῶμεν

315 2584 366 2641 ἰν
400 2575 543 2660 πάσῃ
571 2585 641 2661 τῇ
671 2589 992 2664 περιχώρῳο
1031 2589 1106 2662 μὴ
1139 2584 1598 2665 περιϐλεψώμεθα
1625 2593 1727 2664 (5),
1764 2592 1838 2662 μὴ
1870 2610 1968 2643 πα-

316 2675 498 2751 γῶμεν
532 2675 607 2738 εἷς
637 2674 846 2748 στήλην
881 2676 1034 2748 ἀλὸς,
1069 2678 1277 2750 στήλην
1328 2675 1498 2742 ὄντως
1547 2679 1823 2754 ἀθάνατον,
1876 2681 1967 2735 καὶ

315 2765 644 2841 κατηγορίαν
677 2766 864 2842 ψυχῆς
889 2765 964 2830 είς
995 2767 1181 2824 κακίαν
1214 2768 1660 2847 έπιστρεφούσης.

391 2943 493 2997 ΙΕ’.
527 2946 770 3015 Γνῶμεν,
802 2942 885 2998 ὅτι
914 2946 976 3000 τὸ
1011 2947 1105 3018 μὲν
1144 2943 1310 3018 μηδὲν
1363 2948 1618 3022 ἁμαρτεῖν
1654 2950 1750 3018 (6),
1799 2941 1969 3008 ὅντως

319 3027 454 3104 ὐπὶρ
487 3030 787 3106 ἄνθρωπον,
837 3034 925 3087 καὶ
979 3034 1144 3106 μόνου
1194 3039 1346 3091 Θεοῦ·
1391 3034 1462 3089 ἐῶ
1510 3036 1614 3111 γὰρ
1652 3035 1774 3111 περὶ
1803 3035 1964 3111 ἀγγέ-

317 3115 430 3172 λων
488 3139 540 3172 τι
601 3118 800 3195 λέγειν,
866 3123 940 3196 μὴ
1003 3120 1182 3197 δῶμεν
1238 3123 1424 3200 καιρὸν
1480 3130 1596 3185 τοῖς
1636 3124 1844 3194 πάθεσι,
1877 3125 1966 3179 καὶ

313 3203 476 3282 θύραν
509 3210 585 3281 (7)
617 3216 884 3280 πονηραῖς
917 3211 1282 3289 ἀντιῤῥήσεσι·
1326 3212 1388 3267 τό
1440 3210 1496 3268 δὲ
1544 3216 1619 3286 (8)
1670 3213 1964 3288 ἀθεράπευ-

2086 626 2185 695 cti,
2239 622 2685 696 supplicationis
2734 638 2932 678 vocem
2991 621 3358 689 attollamus;
3393 638 3496 694 pro
3545 622 3733 678 inviso

2084 713 2199 784 ipsi
2230 712 2480 768 clamore
2513 713 2668 768 hunc
2694 713 2766 767 ad
2797 727 2966 766 aures
2992 711 3219 766 Domini
3249 709 3500 766 Sabaoth
3531 711 3736 767 eveha-

2088 818 2220 855 mus
2255 817 2268 855 :
2305 803 2451 856 Iram
2495 801 2651 856 illius
2700 802 2756 854 in
2804 801 3142 871 confessione
3178 814 3620 870 prmoccupemus
3643 799 3687 833 ⁵⁸
3719 816 3731 855 :

2085 889 2279 960 ipsum
2329 889 2601 960 denique,
2636 893 2699 943 ut
2727 888 2964 959 iratum,
2997 890 3079 944 ita
3124 889 3301 944 etiam
3353 891 3646 944 mutatum
3679 891 3734 944 et

2086 979 2357 1034 sedatum
2405 978 2618 1033 intueri
2648 977 2918 1034 velimus.
2953 979 3093 1050 Quis
3122 980 3243 1043 scit,
3277 977 3473 1050 inquit
3508 977 3626 1046 ille,
3659 993 3734 1034 an

2085 1074 2434 1124 convertetur
2461 1076 2512 1122 et
2538 1069 2864 1136 paenitentia
2905 1068 3152 1136 ducetur,
3187 1083 3251 1123 ac
3301 1067 3733 1124 benedictionem

2085 1158 2402 1230 relinquet?
2432 1157 2546 1228 Ego
2577 1173 2708 1212 vero
2746 1157 2804 1211 id
2853 1157 3023 1228 plane
3073 1157 3213 1228 scio,
3245 1173 3352 1229 ego
3380 1157 3588 1213 divina;
3619 1157 3732 1213 mi-

2087 1247 2415 1303 sericordiae
2438 1263 2705 1318 sponsor.
2730 1247 2873 1301 Nam
2901 1249 3054 1302 certe
3077 1247 3261 1302 missa
3292 1246 3444 1302 facta
3471 1247 3580 1316 ira,
3604 1264 3731 1320 quae

2085 1335 2276 1408 ipsius
2319 1340 2541 1391 naturae
2589 1339 2895 1408 repugnat,
2947 1335 3018 1391 ad
3068 1335 3550 1403 misericordiam,
3605 1351 3730 1408 quaa

2083 1425 2272 1497 ipsius
2320 1430 2540 1481 natura:
2593 1429 2986 1480 consentanea
3014 1425 3169 1480 310
3200 1429 3308 1491 est,
3342 1442 3404 1480 se
3450 1425 3728 1482 conferet.

2085 1515 2172 1570 Ad
2203 1513 2347 1570 illud
2379 1514 2535 1570 enim
2585 1531 2618 1569 a
2665 1514 2833 1569 nobis
2860 1514 2916 1569 vi
2946 1513 3220 1586 adigitur,
3254 1514 3325 1569 ad
3374 1513 3484 1570 hoc
3532 1519 3730 1571 autem

2084 1607 2290 1677 suapte
2310 1609 2521 1660 natura
2541 1604 2743 1658 fertur.
2760 1603 2922 1669 Quod
2946 1602 2994 1659 si
3021 1603 3072 1658 vi
3094 1605 3166 1659 ad
3186 1603 3245 1659 id
3269 1605 3511 1660 adactus
3533 1620 3734 1676 percu-

2082 1695 2173 1763 tit,
2191 1694 2482 1766 quomodo
2504 1693 2956 1765 prOpensionem
2978 1697 3216 1749 secutus
3241 1709 3357 1748 non
3380 1693 3732 1750 remittet“?

2081 1785 2336 1840 Tantum
2366 1799 2473 1838 nos
2503 1783 2664 1856 ipsos
2694 1782 3233 1851 commisereamur,
3257 1782 3372 1854 piis
3402 1783 3590 1839 Patris
3610 1782 3730 1838 vis-

2081 1873 2314 1929 ceribus
2339 1873 2496 1929 viam
2544 1871 2889 1945 aperientes.
2923 1873 2987 1927 In
3019 1872 3295 1945 lacrymis
3344 1872 3730 1940 seminsmu,

2080 1968 2145 2020 ut
2175 1964 2235 2019 in
2265 1962 2651 2019 exsultatione
2677 1967 2970 2018 metamus
2993 1962 3055 2018 ⁵⁷.
3084 1962 3374 2018 Ninivitas
3407 1961 3729 2031 imitemur,

2080 2069 2196 2107 non
2238 2051 2590 2107 Sodomitas.
2632 2050 3002 2122 Improbitati
3053 2050 3404 2106 medicinam
3453 2050 3729 2108 adhibea-

2079 2157 2235 2209 mus,
2260 2156 2331 2196 ne
2352 2157 2485 2195 cum
2510 2139 2884 2211 improbitate
2902 2155 3340 2195 consumamur.
3363 2139 3574 2195 Jonam
3599 2156 3733 2196 con-

2080 2231 2410 2286 cionantem
2430 2229 2764 2295 audiamus,
2779 2246 2852 2284 ne
2868 2229 3002 2300 igne
3017 2237 3070 2283 et
3087 2228 3370 2301 sulphure
3384 2228 3544 2284 velut
3558 2229 3728 2301 aquis

2080 2320 2418 2375 obruamur.
2467 2319 2630 2384 Quod
2682 2319 2732 2374 si
2782 2336 2812 2374 e
2857 2318 3129 2374 Sodomis
3175 2317 3621 2389 excesserimus,
3655 2319 3727 2374 ad

2079 2413 2336 2464 montem
2367 2408 2777 2478 ascendamus,
2801 2408 2873 2463 ad
2902 2406 3184 2479 oppidum
3217 2408 3398 2478 Segor
3425 2406 3728 2480 confugia-

2081 2515 2236 2566 mus,
2270 2498 2342 2553 ad
2395 2496 2537 2552 solis
2585 2501 2781 2552 ortum
2831 2496 2972 2552 illuc
3022 2496 3422 2568 ingrediamur
3441 2496 3504 2551 ⁸⁸.
3537 2495 3619 2552 Ne
3666 2495 3726 2550 in

2079 2587 2200 2643 ulla
2229 2587 2429 2644 vicina;
2463 2587 2715 2659 regionis
2765 2589 2928 2658 parte
2960 2587 3165 2659 pedem
3197 2586 3480 2658 ﬁgamus;
3509 2601 3580 2641 ne
3610 2584 3724 2641 cir-

2075 2677 2557 2750 cumspiciamus,
2593 2691 2664 2732 ne
2693 2675 2912 2748 alioqui
2943 2675 3004 2730 in
3044 2675 3187 2733 salis
3217 2675 3554 2731 columnam
3584 2691 3728 2731 con-

2077 2783 2432 2834 crescamus,
2465 2764 2822 2835 columnam,
2853 2765 3119 2836 inquam,
3143 2780 3274 2819 vere
3306 2763 3723 2836 immortalem,

2077 2856 2403 2928 animaeque
2433 2855 2493 2910 in
2522 2855 2734 2910 vitium
2766 2853 3081 2910 relabentis
3110 2853 3550 2909 accusatricem.

2147 2945 2265 2999 XV.
2297 2945 2444 2999 Illud
2490 2943 2790 3014 cognitum
2833 2943 3178 3010 habeamus,
3211 2942 3366 3014 quod
3395 2941 3557 2998 omni
3585 2939 3723 2997 vitio

2077 3050 2294 3100 carere,
2325 3050 2457 3088 vere
2486 3033 2742 3088 hominis
2794 3031 3099 3087 modulum
3148 3030 3392 3097 excedit,
3425 3029 3723 3101 soliusque

2077 3123 2178 3179 Dei
2212 3126 2320 3178 est.
2361 3121 2517 3176 Nihil
2577 3121 2734 3177 enim
2784 3121 2855 3175 de
2903 3119 3126 3192 angelis
3175 3119 3325 3189 dico,
3366 3135 3439 3174 ne
3494 3118 3722 3175 vitiosis

2077 3210 2482 3267 affectionibus
2530 3209 2892 3266 occasionem
2941 3209 3170 3276 demus,
3215 3211 3391 3279 atque
3438 3207 3723 3279 improbis

310 3315 426 3368 τον,
476 3303 576 3367 τῆς
625 3306 870 3374 πονηρᾶς
921 3298 1009 3355 καί
1065 3303 1440 3375 ἀντικειμένης
1480 3301 1590 3357 ἐστι
1621 3304 1696 3376 (9)
1729 3302 1958 3380 φύσεως,

2083 3299 2552 3358 contentionibus
2591 3299 2840 3370 januam
2870 3297 3225 3369 aperiamus.
3250 3296 3478 3352 Perdite
3526 3301 3718 3352 autem

309 3385 401 3438 καὶ
448 3389 555 3440 τῶν
612 3386 702 3442 ὐπ’
760 3387 964 3460 ἐκείνης
1023 3389 1442 3467 ἐνεργουμένων.
1492 3393 1561 3447 Τὸ
1617 3389 1673 3446 δὲ
1724 3390 1963 3466 ἁμαρτά-

307 3494 497 3537 νοντας
552 3474 902 3555 ἑριστρέφειν,
977 3479 1274 3555 ἀνθρώπων
1333 3482 1452 3554 μὲν,
1505 3480 1631 3537 ἀλλ’
1688 3479 1960 3554 ἐπιεικῶν,

305 3562 394 3617 καὶ
439 3571 540 3632 τῆς
587 3567 903 3639 σωζομένης
953 3569 1065 3642 (10)
1116 3568 1356 3643 μερίδος.
1397 3570 1460 3625 Et
1492 3573 1595 3646 γὰρ
1625 3571 1770 3625 καὶὸ
1824 3574 1961 3645 χοῦς

305 3650 612 3728 ἐπισύρεταί
642 3674 693 3708 τι
723 3662 823 3726 τῆς
875 3657 1085 3726 κακίας,
1133 3658 1223 3714 καὶ
1269 3660 1331 3713 τὸ
1378 3657 1578 3735 γεῶδες
1609 3667 1804 3729 σκῆνος
1841 3659 1962 3735 βρί-

306 3751 387 3804 θει
416 3743 508 3796 τὸν
560 3747 685 3798 νοῦν
745 3741 855 3798 ἄνω
913 3747 1230 3823 φερόμενον,
1281 3750 1315 3818 ἣ
1376 3747 1486 3804 ἄνω
1518 3751 1767 3824 φέρεσθαι
1800 3745 1960 3818 δεδη-

309 3833 734 3906 μιουργημένον·
784 3831 910 3888 ἀλλ’
959 3837 994 3902 ἡ
1045 3837 1157 3908 (11)
1205 3835 1364 3890 εἰκὼν
1414 3837 1814 3911 ἀνακαθαιρέτω
1855 3839 1954 3906 τήν

305 3917 451 3989 ἰλὺν,
499 3920 590 3974 καὶ
657 3919 768 3975 ἅνω
822 3923 1017 3985 τιθέτω
1057 3925 1168 3996 (12)
1200 3925 1296 3992 τήν
1325 3926 1593 4000 ὁμόζυγον
1619 3928 1808 4001 σάρκα,
1839 3930 1958 3986 τοῖς

302 4013 400 4062 τοῦ
460 4004 632 4085 λόγου
674 4016 910 4086 πτεροῖς
964 4011 1280 4089 κουφίουσα.
1345 4013 1446 4070 Καὶ
1527 4017 1639 4088 (13)
1714 4018 1956 4089 κρεῖττον

309 4097 426 4169 μὶν,
481 4101 620 4170 μήτε
667 4097 924 4170 δεηθῆναι
969 4100 1228 4172 τοιαύτης
1270 4101 1600 4179 καθάρσεως,
1655 4104 1794 4176 μήτε
1823 4103 1952 4156 καθ-

303 4187 553 4259 αρθῆναι,
619 4191 717 4242 τοῦ
790 4190 1012 4265 πρώτου
1083 4189 1336 4263 μένοντος
1409 4194 1543 4266 ἡμῖν
1622 4193 1950 4265 ἀξιώματος,

2073 3395 2129 3448 et
2157 3389 2561 3446 incurabiliter
2603 3393 2901 3461 aegrotare,
2936 3403 3124 3458 pravae
3170 3385 3331 3441 illius
3360 3390 3418 3442 et
3447 3387 3719 3442 adversa-

2074 3480 2170 3536 τίω
2202 3483 2421 3535 natura:
2454 3482 2562 3546 est,
2596 3483 2770 3549 atque
2817 3493 3042 3544 eorum,
3075 3476 3172 3546 qui
3221 3476 3292 3531 ab
3324 3491 3391 3531 ea
3421 3476 3718 3531 afﬂantur.

2070 3572 2144 3625 At
2171 3587 2304 3625 vero
2345 3571 2476 3641 post
2519 3571 2821 3640 peccatum
2849 3566 2918 3621 ad
2955 3564 3255 3621 meliorem
3306 3568 3561 3621 mentem
3592 3565 3719 3620 red-

2071 3658 2176 3729 ire,
2208 3658 2515 3714 hominum
2546 3671 2695 3724 esse,
2729 3671 2928 3710 verum
2960 3655 3301 3727 proborum,
3333 3657 3391 3709 et
3420 3652 3519 3724 qui
3553 3669 3624 3708 ex
3653 3669 3720 3708 ea

2069 3747 2256 3804 classe
2299 3747 2440 3816 sint,
2489 3763 2617 3817 quas
2667 3745 2917 3800 salutem
2966 3741 3357 3814 consequitur.
3410 3741 3556 3796 Nam
3607 3741 3718 3797 etsi

2068 3836 2259 3909 pulvis
2298 3836 2392 3890 hic
2444 3834 2840 3906 improbitatis
2886 3831 3106 3904 aliquid
3156 3847 3360 3886 secum
3419 3829 3615 3901 trahit,
3649 3847 3716 3886 ac

2066 3929 2364 3980 terrenum
2396 3924 2503 3978 hoc
2533 3921 2981 3978 tabernaculum
3027 3924 3283 3975 mentem
3316 3935 3554 3974 sursum
3585 3923 3712 3974 ten-

2065 4014 2322 4079 dentem,
2357 4016 2458 4068 aut
2487 4016 2638 4067 certe
2665 4011 2737 4065 ad
2769 4009 2877 4064 hoc
2908 4013 3181 4079 creatam,
3215 4013 3280 4063 ut
3313 4025 3552 4064 sursum
3585 4013 3711 4063 ten-

2064 4102 2185 4169 dat,
2219 4100 2494 4173 deprimit
2527 4117 2540 4154 :
2575 4104 2635 4154 at
2675 4100 2869 4170 imago
2917 4104 3112 4154 tamen
3159 4097 3365 4154 limum
3415 4101 3709 4170 repurgat,

2065 4207 2130 4246 ac
2161 4189 2364 4246 sociali
2406 4191 2552 4262 jugo
2585 4190 2955 4260 conjunctam
2987 4202 3246 4259 carnem,
3279 4187 3523 4244 rationis
3569 4203 3710 4260 pen-

375 4320 420 4356 “
449 4320 604 4377 Psal.
635 4339 784 4394 χειν,
815 4324 870 4380 6.
946 4324 991 4360 ⁵⁵
1023 4325 1168 4381 Ibid.
1201 4327 1257 4381 7.
1332 4328 1376 4362 ⁸⁸
1403 4327 1550 4383 Joel.
1582 4345 1646 4395 ιι,
1684 4328 1769 4382 14.
1845 4328 1888 4362 ⁵⁷
1920 4326 1983 4382 Ρε

2104 4341 2267 4396 cxxv,
2297 4325 2352 4380 5.
2428 4324 2471 4359 ⁸⁸
2503 4324 2642 4380 Gen.
2673 4340 2787 4391 nx,
2823 4323 2910 4392 17,
2941 4323 3031 4378 23.

373 4467 478 4554 (91))
511 4466 656 4554 Καττά
708 4485 767 4554 τε
821 4465 1064 4552 ἡλικίας.
1101 4469 1280 4554 Regg.
1335 4489 1387 4544 a,
1437 4473 1557 4542 bm,
1609 4473 1711 4544 ph,
1758 4477 1948 4544 Pass.,
1982 4474 2028 4539 D

298 4534 540 4605 ἠλικίαν.
574 4539 746 4595 Deest
771 4534 918 4596 rein
951 4534 1274 4599 nonnullis.

392 4610 483 4685 94)
509 4608 749 4685 ξῐκεσίας.
777 4611 870 4670 Or.
902 4615 956 4680 2,
991 4619 1046 4668 et
1077 4613 1197 4685 alii,
1229 4611 1479 4685 ἰκετείας.

515 4681 931 4762 ᾉνενέγκωμεν.
966 4685 1106 4762 Reg.
1140 4681 1192 4754 α,
1225 4684 1600 4762 εἰσενέγκωμε.

392 4753 484 4826 96)
514 4753 878 4834 Ἐπιῗτίοέψέι,
917 4755 1006 4810 καὶ
1054 4753 1585 4829 ᾗιτάνοήσειδδθέη
1635 4756 1947 4834 ἐπιστρέψῶ

303 4827 390 4899 καί
401 4827 753 4899 μετανοήσῃ.

373 4896 493 4992 (ἐξ),
525 4896 923 4992 Ὑπολείὲίεται.
979 4899 1118 4992 Reg.
1161 4899 1269 4992 ph,
1324 4898 1729 4992 ὑσττολξίιιῖμηταξ.Ι
1761 4903 1946 4992 Ραεεζ,

305 4961 713 5054 ὑπολείπηται...
738 4961 1017 5039 Montac.,
1052 4961 1395 5057 δ’πολίπεται.
1449 4961 1944 5099 [ῐ.⁶ύπολίπητα(ἐί

305 5034 474 5092 Com].
526 5042 576 5099 1.
619 5042 831 5099 alimus
884 5043 1176 5099 nonnulli.
1209 5042 1559 5099 ὑπολείὼεται
1619 5043 1794 5099 enim
1854 5066 1886 5099 α
1925 5077 1944 5088 -

301 5034 474 5121 Coisl.
526 5034 576 5107 1,
619 5041 831 5114 aliique
884 5034 1176 5111 nonnulli,
1209 5034 1559 5118 ὑπολείψὲται
1619 5034 1806 5100 enim;
1854 5034 1947 5100 αύ-

297 5126 418 5162 του.

369 5179 482 5264 (98)
512 5183 636 5264 Πῶς
681 5181 780 5264 οὐκ
822 5182 1034 5264 ῥνήσει,
1065 5190 1173 5264 etc.
1208 5187 1416 5264 Billius
1449 5206 1517 5264 :_«
1549 5189 1700 5255 Quid
1755 5189 1948 5245 all‘srri

293 5255 508 5377 potest,
533 5255 670 5334 quin
700 5256 846 5338 boni.
869 5262 1081 5314 natura
1101 5263 1294 5331 utens,
1320 5259 1724 5333 indulgentem
1754 5277 1817 5318 se
1847 5277 1948 5317 no-

337 5339 386 5377 is
419 5326 770 5377 praebiturus
801 5332 878 5377 ait
896 5329 924 5377 ‘2
945 5351 974 5377 »

337 5326 386 5378 is
419 5326 770 5394 prmbiturus
801 5328 924 5383 sit?
945 5351 974 5378 ››

363 5395 610 5474 ξΓιρῖύ
633 5397 862 5474 Πατρός.
895 5399 989 5474 Οζ.
1022 5401 1077 5466 2,
1109 5402 1206 5454 τοῦ
1233 5404 1387 5473 Θεοῦ,
1425 5423 1454 5453 ιι
1482 5402 1604 5460 Dei.
1632 5425 1662 5455 ››

364 5462 653 5546 (Ξὶῖρξᾷγι
685 5462 779 5526 01‘-
811 5472 866 5538 2.
901 5462 1087 5546 θύρενὶ
1123 5462 1440 5546 «januar'n.
1472 5497 1499 5523 »

365 5536 442 5610 (2)
475 5536 834 5614 Ἐξέλθωμεν.
856 5536 1129 5616 Βίοᾟεις.
1162 5536 1284 5612 bm,
1317 5536 1500 5613 Or.'2,
1534 5547 1692 5603 Pass.
1731 5548 1796 5603 In
1828 5548 1943 5620 ed.,

293 5605 611 5677 έξέλθημεν.

457 5630 611 5680 ημεν.

475 5682 848 5761 ξεγώρλῼιιο
879 5685 1058 5761 Regg.
1090 5689 1148 5761 ξι
1177 5685 1270 5743 Or.
1305 5689 1615 5761 2,_}._‘.n‘{wp.

390 5692 442 5746 3)
476 5692 690 5758 Σεγὼρ.
723 5692 848 5741 Duo
879 5692 958 5743 ΗΘ
1001 5700 1058 5758 g.
1090 5692 1148 5744 et
1177 5692 1270 5743 Ur.
1305 5692 1342 5742 2
1395 5692 1610 5761 Σηγωρ.

367 5692 445 5826 (4)
474 5752 936 5831 Συνεισέλθωμεν.
961 5701 1066 5817 ἓν.
1094 5758 1151 5830 2,
1183 5731 1610 5832 συνανέλθωμεν.

2129 4470 2206 4542 (5)
2238 4462 2722 4543 Περιϐλεψώμεθα.
2757 4467 2928 4526 Coisl.
2972 4469 2999 4523 1
3053 4467 3235 4537 addit,
3267 4467 3343 4530 εἷς
3391 4467 3459 4522 τὰ
3508 4465 3702 4526 ὀπίσω.

2059 4540 2282 4609 Comb.,
2315 4540 2394 4602 εἷς
2422 4540 2688 4596 τοῦπίσω.

2129 4615 2207 4686 (6)
2238 4609 2418 4686 una.
2453 4613 2876 4686 dqmprs't'vhetc.
2905 4631 2933 4661 «
2958 4610 3152 4686 Solius
3181 4610 3282 4686 Dei
3314 4613 3403 4667 est
3431 4627 3548 4668 non
3579 4627 3708 4686 pec-

2059 4683 2209 4757 care.
2236 4707 2264 4736 »
2299 4683 2501 4756 Solon,
2546 4683 2701 4757 apud
2749 4683 3048 4757 Demosth.
3080 4701 3166 4757 or.
3199 4685 3273 4757 De
3321 4699 3540 4751 corona,
3573 4683 3656 4739 ait
3687 4698 3701 4741 :

2056 4754 2240 4826 Μηδὲν
2300 4754 2558 4830 ἁμαρτεῖν
2584 4754 2724 4830 Ἔστι
2791 4755 2949 4823 θεῶν,
3007 4754 3096 4809 καὶ
3150 4755 3330 4830 ’πάνταΔ
3375 4757 3701 4830 κατορθοῦψ

2059 4826 2372 4885 «Deorum
2417 4826 2515 4885 est
2532 4827 3122 4900 __nihilpsccare,iet
3174 4826 3374 4884 omnia
3429 4826 3705 4900 praaclare

2058 4917 2246 4974 agere.
2273 4923 2303 4974 »_
2333 4893 2699 4974 Βϐθξῐγόντως
2731 4893 2790 4955 ili
2815 4899 2963 4974 _Reg.
2997 4893 3095 4970 ph.

2128 4974 2204 5046 (7)
2235 4971 2429 5046 Θύραν.
2464 4971 2671 5046 Billius
2705 4987 2718 5027 :
2745 4994 2773 5022 «
2806 4968 3141 5046 fenestram.
3167 4969 3486 5046 n_Combef.
3519 4968 3703 5046 addit,

2128 4974 2204 5114 (7)
2235 4974 2429 5046 Θύραν.
2464 4974 2671 5028 Billius
2705 4987 2718 5027 :
2745 4994 2773 5022 «
2806 4974 3141 5026 fenestram.
3167 4989 3194 5022 π
3231 4974 3486 5026 Combet'.
3519 4974 3702 5035 addit,

2057 5043 2174 5098 ἀνοί
2211 5064 2376 5116 ωμεν,
2435 5063 2457 5093 ι
2508 5044 2726 5100 ostium
2775 5042 3125 5116 aperiamus.
3152 5064 3182 5093 »
3212 5043 3372 5111 Ruﬁ,
3403 5064 3431 5093 «
3478 5042 3702 5099 aditum

2056 5133 2388 5174 reseramus
2399 5159 2407 5171 .
2432 5136 2454 5170 I

2109 5189 2204 5278 ’(8)
2232 5187 2303 5242 Τὸ
2335 5184 2411 5244 δέ.
2447 5187 2540 5244 Siu
2601 5187 2780 5259 Regg.
2813 5186 2936 5253 bm,
2985 5186 3085 5258 ph,
3117 5186 3214 5242 0r.
3262 5188 3317 5241 2.
3368 5186 3430 5242 In
3477 5187 3593 5251 ed.,
3640 5182 3703 5238 τὸ

2103 5279 2200 5404 ε(9)
2235 5328 2399 5384 Ἐστι.
2431 5329 2525 5385 Sic
2554 5329 2715 5404 0r._2
2738 5332 2801 5404 et
2829 5327 3031 5404 Gomb.
3065 5328 3239 5404 Deest
3268 5328 3329 5386 in
3361 5330 3453 5385 sd.

2152 5399 2240 5473 19)
2272 5404 2624 5472 Σωζομένης.
2653 5399 2827 5457 Coisl.
2862 5402 2913 5469 1,
2949 5399 3291 5473 σωζομένων.

2152 5405 2218 5458 10
2272 5404 2624 5472 Σωζομένης.
2653 5404 2827 5457 Coisl.
2862 5404 2913 5469 1,
2949 5404 3291 5473 σωζομένων.

2125 5404 2240 5546 (11)
2268 5473 2352 5529 Ἥ.
2403 5474 2492 5528 Sic
2540 5474 2717 5546 Regg.
2752 5490 2803 5544 a,
2837 5473 2958 5540 bm,
2991 5473 3092 5545 ph,
3125 5477 3184 5529 et
3211 5473 3306 5529 Or.
3333 5471 3386 5528 2.
3421 5473 3595 5529 Deest
3640 5471 3700 5526 in

2057 5547 2234 5688 ϐἀ(12)
2267 5617 2415 5668 ’Δνω
2444 5615 2942 5688 τιθέτωκΜρΠῑθο.
2977 5613 3284 5670 ἀνατιθέτω.

2126 5684 2239 5761 (13)
2271 5689 2630 5765 Κου-φιζρυσοι.
2657 5685 2780 5744 Καί.
2804 5689 2869 5743 In
2900 5688 3279 5760 quibusdam,
3311 5684 3702 5764 κοφιζομένην.

2055 5758 2229 5819 Deest
2256 5758 2346 5813 καί
2374 5758 2434 5816 i'n
2463 5760 2558 5816 Or.
2591 5760 2645 5813 2.
