4094 6288
385 433 504 495 955

1623 431 1690 492 S.
1739 431 2111 493 GREGORII
2154 431 2552 494 THEOLOGI

3680 433 3804 496 956

388 566 479 621 nis
510 565 897 631 sublevatam,
919 563 977 618 in
1002 562 1240 619 sublimi
1274 562 1535 619 collocet.
1560 563 1767 619 Melius
1799 564 2035 637 quidem

2157 563 2227 626 εἷς
2278 561 2307 617 ὅ
2349 562 2437 617 καὶ
2489 561 2905 643 σπεύδομενθῦι
2949 565 3047 632 τῆς
3099 562 3323 618 ἰνταῦθα
3359 565 3472 635 (14)
3520 560 3808 640 παιδαγω-

388 656 693 709 nobiscum
746 657 1033 725 ageretur,
1070 652 1119 707 si
1150 669 1253 708 nec
1302 653 1642 724 huiusmodi
1694 655 2040 725 purgatione

386 760 532 815 opus
577 744 953 810 haberemus,
987 758 1091 797 nec
1140 743 1378 798 omnino
1412 744 1639 815 purgati
1695 744 2036 815 fuissemus,

385 834 614 905 integra
643 833 912 889 videlicet
934 837 1107 904 atque
1140 832 1417 888 incolumi
1448 832 1617 888 nobis
1651 838 1921 889 manente
1953 833 2039 888 di-

387 923 606 996 gnitate
646 921 767 990 illa,
801 922 873 977 ad
924 938 1099 993 quam
1134 921 1309 977 etiam
1342 939 1442 991 per
1478 923 1719 993 hujusce
1744 923 1869 978 vitze
1919 924 2037 978 dis-

386 1012 666 1084 ciplinam
726 1028 1143 1083 properamus;
1181 1029 1285 1067 nec
1337 1029 1438 1085 per
1494 1029 1761 1067 amarum
1820 1012 2040 1084 peccati

386 1105 627 1173 gustum
659 1101 846 1156 avitae
897 1101 1056 1173 ligno
1110 1101 1556 1157 excidissemus.
1593 1104 1661 1157 At
1705 1102 1848 1156 illud
1898 1102 2039 1158 item

389 1189 601 1245 melius
634 1206 698 1245 ac
743 1190 1120 1262 praestantius
1169 1195 1275 1257 est,
1309 1194 1394 1261 ut,
1427 1207 1562 1246 cum
1612 1208 1944 1264 peccamus,
1978 1192 2037 1246 in

388 1295 495 1334 nos
529 1280 676 1334 311
715 1280 1430 1352 animadvertatur,quam
1466 1283 1530 1335 ut
1570 1281 1831 1336 labentes
1864 1280 2038 1335 mini-

274 1416 279 1437 ,
390 1384 483 1423 me
512 1367 891 1439 castigemur.
926 1372 1109 1435 Quem
1148 1368 1304 1424 enim
1337 1374 1497 1425 amat
1530 1370 1834 1437 Dominus,
1870 1370 2042 1425 casti-

389 1462 487 1530 gat
508 1458 572 1523 59,
608 1461 979 1528 paternmque
1030 1459 1441 1514 benevolentiae
1491 1464 1905 1529 argumentum
1958 1463 2046 1514 est

390 1546 711 1619 increpatio
736 1562 748 1600 :
778 1552 980 1603 contra
1002 1547 1195 1603 omnis
1219 1548 1437 1614 anima,
1464 1564 1592 1621 quae
1623 1548 2043 1605 admonitionis

389 1642 444 1691 et
475 1636 878 1708 castigationis
910 1653 1111 1707 expers
1143 1642 1251 1707 est,
1286 1638 1628 1692 incurabilis
1657 1641 1871 1693 manet.
1898 1637 2046 1701 Quo-

390 1726 545 1782 circa
575 1743 689 1781 non
740 1742 913 1798 grave
944 1730 1030 1782 est
1062 1726 1249 1799 plagis
1279 1727 1452 1795 afﬁci,
1487 1728 1587 1782 sed
1639 1726 1811 1799 plaga
1840 1727 2044 1783 melio-

391 1832 513 1872 rem
547 1833 660 1870 non
695 1814 818 1870 ﬁeri
860 1816 1279 1886 gravissimum
1330 1821 1385 1871 et
1435 1817 1887 1872 acerbissimum
1937 1822 2043 1872 est.

389 1907 579 1977 Atque
609 1922 673 1960 eo
705 1905 940 1961 nomine
985 1905 1266 1977 prOpheta
1300 1906 1539 1978 quidam
1572 1907 1641 1963 de
1673 1906 1817 1962 duro
1850 1906 1948 1961 illo
1981 1923 2046 1962 ac

2149 655 2291 730 γίας,
2356 651 2495 727 μηδὶ
2555 656 2665 727 (15)
2724 656 2820 707 τοῦ
2870 652 3033 723 ξύλου
3079 659 3181 722 τῆς
3234 658 3377 722 ζωῆς
3429 651 3672 708 έκπεσειν
3734 656 3805 728 τῇ

2148 749 2315 819 πικρᾷ
2345 744 2525 818 γεύσει
2574 751 2674 812 τῆς
2726 743 3012 819 ἁμαρτίαςο
3048 746 3293 818 κρεῖσσον
3327 739 3405 811 δὲ,
3435 746 3531 797 τοῦ
3567 744 3641 815 μὴ
3689 745 3805 815 (16)

2148 830 2490 887 παιδεύεσθαι
2538 832 2849 899 πταίοντας,
2896 832 2958 886 τὸ
3030 830 3429 906 ἁμαρτάνοντας
3498 830 3812 908 ἐπιστρέφε-

2149 925 2289 978 σθαι.
2342 926 2436 977 Ὃν
2492 922 2584 995 μὶν
2636 921 2738 997 γὰρ
2790 922 2972 995 ἀγαπᾷ
3018 920 3216 996 Κύριος
3264 919 3528 993 παιδεύει,
3578 920 3668 975 καὶ
3701 942 3807 975 πα-

2149 1011 2332 1087 τρικὸν
2373 1012 2435 1065 τὸ
2486 1018 2585 1080 τῆς
2617 1008 3009 1083 ἐπιτιμήσεως’
3044 1011 3198 1084 ψυχὴ
3232 1007 3289 1064 δὶ
3340 1014 3485 1064 πᾶσα
3515 1011 3805 1081 ἀνουθέτη-

2149 1122 2264 1169 τος,
2343 1098 2722 1177 ἀθεράπευτος,
2800 1098 3002 1153 Οὐκοῦν
3084 1098 3145 1153 ού
3212 1096 3497 1173 πληγῆναι
3562 1098 3809 1173 χαλεπὸν

2153 1188 2299 1245 ἀλλά
2327 1192 2400 1263 μὴ
2438 1196 2871 1267 σωφρονισθῆναι
2914 1189 3024 1262 (17)
3053 1187 3121 1263 τῇ
3152 1188 3345 1263 πληγῇ
3395 1187 3811 1265 χαλεπώτερον.

2155 1278 2300 1350 Φησί
2341 1300 2423 1341 τις
2472 1284 2578 1334 τῶν
2630 1282 2947 1357 προφητῶν,
2996 1277 3121 1353 περὶ
3166 1282 3265 1332 τοῦ
3313 1278 3533 1354 Ἰσραὴλ
3605 1278 3811 1354 λέγων,

2151 1374 2248 1424 τοῦ
2291 1368 2536 1445 σκληροῦ
2580 1369 2670 1423 καὶ
2717 1369 3095 1443 ἀπεριτμήτου
3147 1368 3243 1434 τήν
3311 1364 3559 1443 καρδίαν⁸
3621 1367 3808 1441 Κύριε,

2156 1458 2526 1535 ἒμαστίγωσας
2560 1456 2777 1526 αὐτοὺς,
2808 1457 2895 1511 καὶ
2928 1456 3027 1511 οὐκ
3058 1456 3331 1511 έπόνεσαψ
3378 1454 3693 1519 ἐπαίδευσας
3726 1458 3819 1513 αὖ·

2152 1548 2298 1613 τοὺς,
2331 1548 2419 1603 καὶ
2452 1547 2554 1602 οὐκ
2583 1546 2858 1617 ἠθέλησαν
2893 1543 3140 1617 δέξασθαι
3169 1542 3435 1601 παιδείαν·
3477 1546 3567 1601 καὶ
3619 1543 3810 1619 πάλιν,

2157 1638 2319 1695 Καὶὸ
2372 1635 2505 1699 λαὸς
2556 1636 2656 1691 οὐκ
2698 1635 3002 1713 ἐπεστράφη
3053 1637 3189 1709 (18),
3240 1631 3344 1697 ἕως
3394 1633 3634 1710 ἐπλήγη·
3695 1635 3810 1709 καὶ,

2154 1726 2214 1781 Τί
2266 1729 2377 1800 (19)
2428 1727 2511 1781 ὅτι
2562 1727 2872 1803 ἀπεστράφη
2909 1726 2937 1779 ὁ
2974 1723 3107 1787 λαός
3169 1745 3271 1797 μου
3331 1723 3681 1803 ἀποστροφὴν
3711 1745 3814 1779 πο-

2154 1816 2344 1890 νηρᾶν,
2397 1815 2448 1887 ἐξ
2494 1819 2559 1884 ἧς
2605 1812 2794 1870 τέλεον
2849 1808 3280 1890 συντριϐήσεται,
3329 1814 3418 1869 καὶ
3466 1815 3814 1891 καταφθαρή.

2159 1926 2303 1960 σεται
2338 1924 2351 1975 ;

395 1995 567 2050 corde
618 1994 1026 2050 incircumciso
1081 1995 1293 2050 Israele
1341 1996 1517 2051 verba
1562 1997 1801 2062 faciens,
1835 1996 1915 2051 ita
1969 1997 2360 2067 loquebatur:
2406 1997 2656 2061 Domine,
2683 1994 3003 2066 percussisti
3044 2008 3151 2061 eos,
3201 2000 3253 2048 et
3300 2008 3411 2047 non
3468 1992 3821 2049 doluerunt:

392 2084 717 2154 corripuisti
746 2098 852 2152 eos,
884 2091 938 2138 et
969 2088 1273 2139 renuerunt
1317 2087 1565 2156 accipere
1611 2085 1971 2157 disciplinam
1996 2088 2060 2153 ⁸ο,
2093 2103 2158 2142 ac
2190 2102 2418 2155 rursus,
2449 2088 2511 2140 Et
2556 2086 2791 2157 populus
2835 2099 2947 2138 non
2994 2090 3071 2138 est
3118 2098 3431 2150 conversus,
3463 2083 3641 2155 quoad
3687 2099 3815 2155 per-

393 2189 578 2228 cussus
609 2173 784 2239 est“;
820 2178 877 2227 et
905 2173 1016 2228 alio
1048 2172 1194 2242 loco,
1228 2178 1413 2244 Quare
1460 2192 1693 2231 aversus
1722 2185 1800 2231 est
1823 2176 2058 2247 populus
2094 2193 2250 2231 meus
2283 2176 2568 2231 aversione
2596 2190 2770 2246 prava
2793 2174 2858 2241 ⁵³,
2891 2173 2964 2229 ob
2996 2188 3174 2245 quam
3222 2188 3466 2244 prorsus
3512 2172 3818 2228 obteretur

400 2266 456 2317 et
485 2261 893 2333 exstinguetur
914 2262 942 2316 ?

467 2350 610 2407 XVI.
644 2352 1011 2407 Horrendum
1042 2356 1149 2418 est,
1175 2353 1406 2423 fratres,
1431 2354 1490 2409 in
1526 2354 1622 2409 Dei
1651 2354 1902 2410 viventis
1930 2371 2045 2410 ma-

2229 2353 2319 2421 1ζ’.
2376 2346 2618 2426 Φοϐερὸν
2681 2351 2772 2423 μὶν
2850 2347 2965 2420 οῦν,
3034 2346 3285 2427 ἀδελφοὶ,
3336 2348 3399 2403 τὸ
3430 2347 3679 2421 ἐμπεσεῖν
3735 2347 3816 2411 εἷς

394 2457 506 2496 nus
538 2440 791 2496 incidere
811 2442 875 2495 ⁵³.
899 2440 1235 2497 Horrendus
1265 2442 1462 2499 vultus
1494 2444 1721 2500 Domini
1755 2461 1931 2516 super
1960 2445 2039 2500 fa-

396 2530 616 2585 cientes
649 2529 804 2584 mala
824 2530 887 2597 ⁸⁸,
912 2531 1234 2603 vitiumque
1264 2532 1531 2588 funditus
1562 2538 1824 2590 evertens
1849 2551 1915 2589 ac
1946 2535 2033 2589 de-

391 2618 540 2674 lens.
565 2617 863 2673 Horrenda
893 2618 1053 2674 auris
1083 2619 1337 2687 Domini,
1360 2622 1545 2677 Abelis
1568 2640 1765 2678 vocem
1787 2624 1831 2657 ⁸⁸
1861 2623 2037 2679 etiam

394 2707 751 2779 pertacitum
767 2724 1029 2763 cruorem
1045 2710 1612 2765 sentiens.Horrendi
1627 2712 2042 2785 pedes,impro-

394 2796 634 2851 bitatem
657 2812 831 2851 cursu
866 2802 1265 2869 assequentes.
1288 2798 1583 2855 Horrenda
1606 2801 1859 2856 universi
1883 2802 2041 2857 orbis

396 2885 678 2957 impletio.
694 2886 851 2941 itaut
868 2886 1089 2955 nemini
1108 2904 1358 2958 usquam
1378 2889 1477 2944 Dei
1497 2891 1949 2946 commotionem
1967 2891 2044 2947 ef-

395 2974 595 3046 fugere
616 2974 786 3029 liceat
801 2976 873 3042 65;
896 2992 1011 3030 non
1029 2977 1077 3031 si
1123 2976 1179 3031 in
1202 2976 1410 3032 coelum
1430 2978 1761 3047 avolaverit,
1777 2997 1891 3035 non
1911 2980 1960 3035 si
1984 2980 2041 3034 in

395 3063 691 3118 infernum
715 3081 777 3119 se
799 3064 1133 3133 contulerit,
1158 3084 1272 3121 non
1300 3069 1348 3121 si
1373 3068 1443 3122 ad
1467 3068 1749 3124 orientem
1772 3071 2042 3142 profuge-

396 3154 491 3217 rit,
518 3170 632 3207 non
666 3153 714 3208 si
747 3153 804 3207 in
839 3155 1159 3225 profundos
1203 3160 1259 3209 et
1308 3161 1597 3212 extremos
1645 3158 1826 3214 maris
1880 3160 2044 3215 sinus

397 3257 525 3297 sese
546 3242 835 3297 abdiderit
854 3245 917 3297 ⁸⁷.
939 3245 1087 3307 Quin
1110 3245 1284 3299 etiarn
1308 3252 1443 3301 ante
1466 3263 1558 3302 me
1578 3246 1808 3302 Nahum
1831 3248 1927 3304 ille
1952 3248 2045 3303 El-

397 3345 614 3385 cesaaus
628 3330 1014 3387 Ninivitarum
1031 3350 1179 3389 onus
1199 3336 1519 3406 praedicans
1532 3337 1822 3403 “3,zeloten
1838 3338 2044 3407 Deum,

397 3423 453 3475 et
477 3419 789 3475 Dominum
823 3437 956 3476 cum
977 3421 1170 3478 furore
1199 3425 1559 3481 adversarios
1591 3444 1728 3481 suos
1760 3426 2045 3482 ulciscen-

396 3512 536 3577 tem,
556 3512 897 3581 tantamque
920 3511 1249 3568 severitatis
1274 3514 1737 3585 magnitudinem
1764 3516 2044 3572 adhiben-

397 3602 515 3654 tem
548 3598 959 3671 perhorrescit,
981 3604 1046 3655 ut
1068 3618 1138 3657 ne
1164 3604 1481 3658 secundam
1508 3604 1742 3675 quidem
1767 3607 2047 3662 adversus

397 3686 714 3743 sceleratos
746 3687 1025 3743 ultionem
1058 3689 1168 3744 sibi
1201 3690 1483 3763 reliquam
1516 3693 1706 3749 faciat.
1730 3695 1876 3750 Nam
1908 3711 2042 3750 cum

398 3777 609 3833 Isaiam
668 3778 842 3833 audio
891 3778 1274 3836 Sodomorum
1331 3781 1545 3852 populo
1595 3799 1659 3837 ac
1708 3783 2042 3839 Gomorrhee

399 3866 761 3939 principibus
795 3868 1184 3936 minitantem,
1214 3874 1269 3925 et
1296 3871 1585 3927 dicentem
1620 3890 1632 3927 :
1671 3874 1866 3944 thuz'd
1892 3873 2047 3929 ultra

392 3959 803 4029 percutiemim‘,
824 3958 1075 4013 addentes
1095 3962 1609 4030 prxuarz'catz'onem
1631 3963 1712 4016 09‘?
1734 3962 2047 4018 minimum

402 4047 583 4113 abest,
605 4046 745 4117 quin
768 4050 888 4101 toto
913 4064 1152 4117 corpore
1175 4050 1640 4120 contremiscam,
1656 4051 2049 4124 lacrymisque

402 4134 740 4206 perfundar.
786 4135 1057 4206 Sceleris,
1096 4138 1307 4209 inquit,
1344 4140 1661 4196 accessioni
1716 4141 1878 4197 nulla
1922 4144 2049 4212 jam

406 4240 589 4295 paena:
639 4225 893 4280 accessio
950 4227 1260 4297 excogitari
1291 4232 1481 4299 potest
1514 4248 1525 4285 :
1561 4229 1640 4285 ita
1699 4248 1801 4302 per
1857 4230 2053 4286 omnia

405 4312 655 4383 grassati
686 4312 844 4381 estis,
882 4318 1054 4385 atque
1085 4332 1256 4371 omne
1287 4316 1593 4389 plagarum
1625 4335 1811 4390 genus
1842 4321 2055 4375 exhau-

407 4401 593 4469 sistis,
635 4418 843 4457 novam
892 4404 1140 4459 subinde
1188 4422 1416 4476 poenam
1468 4425 1571 4479 per
1616 4409 2052 4481 improbitatem

406 4494 659 4547 vestram
692 4498 1076 4549 acccrsentes.
1102 4497 1221 4550 Non
1255 4502 1334 4551 est
1360 4497 1574 4569 vulnus,
1606 4516 1720 4553 non
1751 4500 1913 4567 livor,
1943 4517 2052 4556 non

404 4581 573 4651 plaga
609 4588 819 4635 tumens
849 4600 871 4635 ,ο
901 4586 1005 4638 toto
1052 4599 1293 4655 corpore,
1327 4585 1535 4657 inquit,
1568 4591 1698 4659 fusa
1742 4592 1821 4644 est
1862 4590 2052 4659 plaga,

400 4686 738 4741 pronusque
768 4672 1115 4727 incurabilic.
1144 4674 1263 4729 Non
1295 4678 1445 4730 enim
1473 4679 1749 4748 malagma
1779 4681 2056 4749 imponere

406 4767 506 4829 est,
538 4775 653 4814 non
704 4760 904 4828 oleum,
939 4777 1047 4817 non
1094 4763 1546 4832 alligaturam'm.
1582 4771 1681 4834 Ac,
1717 4783 1842 4838 quis
1893 4767 2056 4821 dein-

407 4864 544 4920 ceps
574 4848 634 4902 in
666 4864 734 4903 ea
770 4850 1224 4907 comminatione
1273 4858 1621 4925 sequuntur,
1656 4860 1952 4927 praetereo,
1985 4872 2058 4912 ne

406 4938 681 5009 praesenti
714 4937 887 5011 plaga
914 4940 1078 4995 vobis
1111 4941 1373 4997 acerbior
1401 4944 1701 5000 exsistam.

2148 2446 2338 2518 γεῖρας
2371 2444 2504 2495 Θεοῦ
2540 2443 2755 2508 ζῶντος·
2793 2433 3021 2517 φοϐερὸν
3058 2435 3114 2493 δὲ
3161 2438 3221 2492 τὸ
3270 2436 3563 2513 πρόσωπον
3609 2436 3809 2512 Κυρίου

2149 2532 2235 2587 ἐπὶ
2302 2534 2589 2591 ποιοῦντας
2657 2530 2813 2600 κακὰ,
2891 2528 2980 2582 καὶ
3061 2526 3406 2604 πανωλεθρίᾳ
3456 2527 3557 2595 τὴν
3614 2526 3806 2581 κακίαν

2146 2619 2457 2699 ἰξαφανίζον
2483 2629 2497 2652 ⁸
2532 2613 2736 2696 φοϐερὰ
2764 2618 2874 2692 (20)
2908 2614 2965 2672 δὲ
2995 2618 3129 2685 ἀκοή
3159 2620 3313 2689 Θεοῦ,
3356 2615 3444 2671 καὶ
3475 2622 3574 2686 τῆς
3624 2610 3796 2671 ’Ἅϐελ

2150 2717 2331 2789 φωνῆς
2372 2708 2732 2781 αἰσθανομένη
2787 2705 2875 2761 διὰ
2921 2711 3017 2762 τοῦ
3050 2710 3314 2782 σιγῶν-τος
3344 2704 3596 2779 αἳματος·
3631 2699 3795 2781 φοϐε-

2153 2799 2241 2877 ροὶ
2274 2797 2330 2853 δὶ
2360 2795 2523 2859 πόδες
2580 2797 2846 2873 πονηρίαν
2898 2790 3428 2869 καταλαμϐάνοντες·
3480 2789 3687 2871 φοϐερὰ
3741 2791 3799 2848 δὲ

2149 2894 2246 2944 τοῦ
2278 2888 2479 2949 παντὸς
2507 2885 2794 2963 πλήρωσις
2828 2888 2960 2959 (21),
2993 2887 3066 2947 ὡς
3102 2887 3176 2959 μὴ
3210 2885 3340 2940 εἶναι
3396 2882 3655 2957 μηδαμοῦ
3700 2904 3802 2961 φυ-

2151 2982 2261 3054 γεῖν
2294 2982 2427 3033 Θεοῦ
2455 2976 2692 3047 κίνησιν,
2729 2977 2803 3049 μὴ
2839 2975 2915 3037 εἰς
2946 2974 3170 3050 οὐρανὸν
3218 2975 3541 3045 ἀναπτάντα,
3602 2974 3677 3045 μὴ
3729 2971 3839 3033 εἶς’

2153 3066 2285 3139 ᾅδου
2316 3068 2663 3143 χωρήσαντα,
2700 3066 2775 3139 μὴ
2807 3066 2943 3141 πρὸς
2992 3067 3107 3137 (22)
3159 3061 3424 3125 ἀνατολὰς
3474 3060 3809 3138 ἀποδράντα,

2158 3158 2234 3231 μὴ
2268 3156 2540 3226 θαλάσσης
2570 3149 3000 3231 ἐναποκρυόέντα
3034 3154 3218 3229 βυθοῖς
3250 3153 3285 3221 ἢ
3336 3153 3551 3225 πέρασι.
3607 3144 3812 3205 (b0631-

2154 3269 2239 3302 ται
2295 3244 2351 3301 δὲ
2406 3246 2512 3321 πρὸ
2561 3246 2696 3318 ἐμοῦ
2739 3242 2828 3298 καῖ
2877 3243 3070 3315 Ναοὺμ
3100 3244 3127 3297 ὁ
3159 3240 3493 3311 Ἑλκεσαῖος,
3527 3239 3577 3295 έν
3611 3241 3691 3301 οἷς
3749 3240 3813 3293 τὸ

2154 3338 2291 3392 κατὰ
2346 3333 2527 3390 Νινευί
2584 3336 2696 3407 (23)
2754 3331 2958 3406 λῆμμα
3011 3330 3351 3405 δημοσιεύει,
3408 3330 3499 3384 τὸν
3556 3328 3809 3399 ζηλωτὴν

2156 3427 2308 3497 Θεὸν,
2340 3424 2428 3480 καὶ
2460 3422 2774 3480 ἐκδικοῦντα
2814 3421 3009 3498 Κύριον
3068 3423 3201 3495 μετά
3251 3423 3425 3494 θυμοῦ
3472 3416 3602 3481 τοὺς
3650 3418 3811 3473 ὑπεν-

2156 3516 2393 3584 αντίους,
2433 3514 2521 3568 καὶ
2559 3512 2791 3587 τοσαύτῃ
2820 3512 3110 3587 χρώμενον
3155 3508 3455 3583 ἀποτομίας
3505 3507 3807 3584 περιουσίᾳ,

2156 3606 2231 3667 ὡς
2279 3602 2419 3677 μηδὶ
2467 3600 2713 3677 δευτέραν
2776 3598 3161 3656 ὑπολείπεσθαι
3209 3600 3346 3654 κατὰ
3391 3602 3497 3653 τῶν
3548 3601 3807 3672 πονηρῶν

2156 3691 2447 3764 ἐκδίκησιν.
2499 3689 2719 3746 Ἠσαίου
2773 3690 2865 3764 μὶν
2924 3689 3027 3764 γὰρ
3087 3688 3238 3759 ὅταν,
3296 3686 3531 3759 ἀκούσω,
3580 3690 3659 3757 τῷ
3692 3684 3813 3758 λαῷ

2156 3781 2419 3856 Σοδόμων
2469 3783 2558 3836 καὶ
2600 3786 2718 3843 τοῖς
2774 3777 3002 3855 ἄρχουσι
3069 3776 3351 3854 Γομόρρας
3428 3772 3809 3844 ἀπειλοῦντος,

2155 3873 2244 3927 καὶ
2303 3871 2577 3946 λέγοντος·
2638 3869 2699 3923 Τί
2761 3868 2836 3923 ἔτι
2894 3866 3146 3944 πληγῆτε
3221 3869 3355 3939 (24),
3430 3862 3810 3941 προστιθέντες

2158 3962 2423 4034 ἀνομίαν;
2474 3963 2669 4035 μικροῦ
2717 3956 2806 4013 καί
2863 3957 3060 4035 φρίκης
3125 3955 3469 4029 πληροῦμαι,
3530 3953 3621 4007 καὶ
3679 3973 3807 4027 συγ-

2157 4050 2357 4126 χέομαι
2400 4046 2672 4125 δάκρυσιν.
2723 4046 2834 4101 Οὐκ
2879 4044 3012 4119 ἔστι,
3068 4045 3222 4122 φησὶ,
3270 4048 3338 4118 τῇ
3370 4044 3654 4118 προσθήκῃ
3708 4044 3810 4109 τῆς

2159 4140 2423 4213 ἁμαρτίας
2472 4138 2780 4213 κροσθήκην
2840 4134 3061 4210 πληγῆς
3121 4132 3385 4208 ἰξευρεῖν’
3448 4129 3592 4185 οὕτω
3641 4129 3817 4184 πάντα

2161 4224 2707 4298 διεξεληλύθατε,καὶ
2755 4229 2857 4279 πᾶν
2892 4220 3032 4285 εῖδος
3089 4220 3313 4298 πληγῆς
3365 4220 3679 4292 ἐκενώσατε,
3734 4218 3815 4273 ἀεί

2158 4339 2275 4374 τινα
2300 4318 2612 4387 καινοτέραν
2646 4312 2734 4369 διὰ
2761 4321 2861 4383 τῆς
2901 4312 3090 4375 κακίας
3135 4318 3237 4381 τῆς
3430 4311 3631 4365 ἑαυτῶν
3678 4328 3816 4381 προ-

2159 4407 2511 4480 καλούμενοι.
2538 4405 2652 4463 Ούκ
2681 4403 2789 4460 ἔστι
2814 4408 3051 4479 τραῦμα,
3085 4399 3209 4457 οὐδὲ
3243 4398 3481 4475 μώλωψ,
3513 4395 3635 4454 οὔτε
3663 4396 3815 4469 πλη-

2160 4500 2227 4575 γὴ
2264 4495 2687 4575 φλεγμαίνουσαι
2726 4492 3106 4565 ὀλοσώματος,
3140 4490 3324 4569 φησὶν,
3356 4491 3391 4559 ἡ
3425 4488 3642 4564 πληγὴ,
3665 4485 3814 4543 ἀλλὰ

2162 4588 2250 4642 καὶ
2282 4584 2659 4661 ἀθεράπευτος.
2691 4583 2763 4637 Οὐ
2794 4584 2898 4658 γὰρ
2929 4578 3041 4638 ἔστι
3078 4579 3344 4654 μάλαγμα
3372 4577 3656 4648 ἐπιθεῖναι,
3689 4576 3812 4631 οὕτε

2164 4674 2369 4747 ἔλαιον,
2423 4670 2545 4730 οὔτε
2590 4671 2979 4743 καταδέσμους.
3014 4669 3112 4724 Καὶ
3144 4668 3382 4744 παρίημι
3426 4668 3491 4722 τὰ
3539 4666 3664 4737 ἑξῆς
3709 4672 3808 4734 τῆς

2164 4762 2421 4833 ἀπειλῆς,
2483 4761 2575 4817 *ίνα
2634 4764 2710 4836 μὴ
2770 4768 2870 4831 τῆς
2928 4757 3207 4835 παρούσης
3239 4757 3366 4832 ὑμῖν
3583 4752 3813 4829 πληγῆς

2170 4853 2462 4931 βαρύτερος
2520 4853 2763 4930 γένωμα.

476 5038 522 5115 ⁵2
549 5041 716 5093 Prov.
774 5054 857 5115 ιιι,
910 5040 1039 5115 12-
1072 5040 1117 5075 ⁸ο
1144 5041 1260 5095 Jer.
1292 5059 1348 5109 v,
1381 5044 1433 5098 3.
1510 5045 1553 5081 ⁸³
1588 5046 1698 5101 Isa.
1760 5063 1836 5112 ιχ,
1900 5047 1985 5101 13.

2157 5049 2252 5102 ter.
2302 5061 2423 5115 vm,
2481 5044 2537 5099 5.
2613 5044 2659 5078 ⁸³
2685 5041 2859 5099 Hebr.
2888 5058 2978 5115 Αχ,
3016 5040 3106 5096 31.
3175 5036 3410 5115 f‘Psal.
3463 5051 3666 5115 χχχιιι,
3725 5036 3817 5091 17.

406 5107 451 5143 ⁸⁸
481 5109 623 5164 Gen.
661 5125 737 5178 ιν,
772 5110 858 5163 10.
934 5111 977 5145 ⁸⁸
1007 5111 1124 5167 Jer.
1158 5107 1439 5183 χχιιι,’24.
1515 5116 1557 5150 ⁸⁷
1592 5116 1742 5173 Psal.
1776 5107 2041 5188 αχχχνιιι,

2157 5134 2268 5190 qu.
2343 5118 2388 5153 ⁸⁸
2411 5107 2649 5171 Nahum
2680 5131 2720 5186 ι,
2756 5115 2805 5169 1.
2882 5112 2927 5148 ⁸⁸
2953 5107 3069 5168 Isa.
3102 5126 3141 5181 ι,
3171 5110 3228 5167 5.
3304 5110 3349 5145 ⁷ο
3377 5109 3490 5166 Isa.
3523 5124 3565 5179 ι,
3594 5108 3649 5163 6.

622 5215 897 5291 Ἐνταῦθα.
933 5217 1109 5275 Coisl.
1148 5222 1198 5290 1,
1234 5225 1289 5275 et
1320 5221 1415 5276 Or.
1449 5223 1502 5291 2,
1536 5221 1787 5280 ἐντεῦθεν.

502 5282 585 5363 15)
618 5282 801 5363 Μηδέἐ
834 5288 982 5363 Reg.
1006 5292 1125 5363 bm,
1162 5282 1342 5363 μήτε..

504 5360 591 5426 16)
623 5358 735 5427 Μή.
768 5358 943 5415 Deest
971 5361 1028 5416 in
1060 5358 1243 5417 one;

508 5432 599 5569 1ῖέ
628 5433 1091 5563 Σὲφρονισθῆναι.
1124 5434 1303 5507 Regg.
1351 5437 1469 5505 bm,
1505 5436 1604 5508 ph,
1638 5437 1913 5511 Montac.,
1940 5454 2055 5495 ’σω-

508 5523 564 5553 Νι
603 5522 659 5555 εσ
695 5522 768 5557 αι.

452 5520 768 5557 εονιιεσθαι.

409 5522 987 5709 φμξῖθίῖεῗὲῗέέστράφη.
1023 5578 1082 5630 In
1118 5577 1493 5647 quibusdam,
1529 5579 1861 5660 ἀπεστράφη.

510 5646 594 5709 19)
624 5650 701 5698 Τι.
743 5647 908 5702 Deest
939 5665 996 5701 1n
1030 5649 1167 5709 Reg.
1202 5667 1255 5709 a.
1287 5656 1345 5705 et
1375 5652 1470 5706 Or.
1501 5653 1555 5707 2.

510 5646 594 5720 19)
624 5643 913 5720 ᾜί.Α[)θεε1,’
939 5649 996 5701 in
1030 5643 1167 5720 Reg.
1196 5667 1255 5720 a,
1287 5656 1345 5705 et
1375 5643 1555 5707 Or.l2.

485 5709 595 5795 (ξφ)
625 5709 862 5795 ἓοδερά·
895 5723 1081 5795 Paean
1113 5709 1366 5795 $0596»-

489 5736 595 5858 μυ)
628 5736 862 5845 Ψοοερα.
895 5736 1081 5788 ναδεη
1114 5736 1366 5806 φοοερον.
1565 5795 1598 5807 η
2018 5797 2030 5810 .

489 5785 568 5859 (21
624 5790 765 5842 Παντ
806 5809 829 5854 ς
866 5786 1176 5867 πλήρωσις.
1209 5794 1384 5856 Coul.
1415 5796 1470 5868 2,
1503 5794 1721 5869 aliique
1761 5797 2057 5871 nonnulli,

576 5648 595 5858 ἔ

2166 5223 2361 5286 παντὸς
2392 5222 2611 5297 κόσμου-
2629 5217 3052 5297 συμπλήρωσις.

2258 5299 2348 5369 22)
2381 5291 2557 5369 Πρός..
2580 5295 2673 5350 0r.
2698 5291 2757 5369 ;2,
2789 5291 2888 5369 εἷς’.

2258 5362 2348 5437 23)
2380 5362 2582 5437 Νίνευί.
2616 5366 2758 5421 Reh.
2794 5365 2892 5437 ph,
2927 5362 3144 5431 Νινευή.

2259 5430 2347 5507 24')
2382 5436 2664 5513 Πληγῆτε.
2697 5430 2812 5494 εἰς’
2842 5430 3019 5508 Regg.
3071 5430 3124 5501 a,
3165 5449 3216 5502 ο,
3267 5431 3371 5505 ph,
3416 5431 3536 5488 Jes.
3584 5430 3649 5487 In
3697 5430 3818 5501 ed.,

2163 5508 2354 5655 πλόέέ)
2554 5580 2647 5636 Sic
2696 5578 2894 5653 plures
2944 5578 3124 5649 Regg.
3173 5579 3233 5632 et
3273 5575 3370 5631 0r.
3419 5576 3474 5630 2.
3524 5574 3698 5631 Deest
3753 5571 3818 5627 in

2163 5656 2665 5816 ϐᾶ(26)[1‹ιιί>λ‹›ύσης
2723 5721 2873 5799 ὑμῖν,
2921 5723 3049 5809 etc.
3089 5718 3184 5780 Sic
3236 5719 3417 5792 Regg.
3469 5734 3525 5786 ε,
3582 5734 3633 5788 ο,
3688 5715 3817 5786 bm,

2236 5298 2253 5512 ἓ
