4094 6288
333 358 450 420 957

1258 357 1549 417 ORATIO
1590 355 1752 417 XVI.
1776 384 1852 399 α·-
1879 353 1960 415 IN
2005 351 2328 415 PATREM
2367 352 2817 414 TACENTEM.

3623 353 3743 414 958

407 489 500 546 ΙΖ’.
534 486 687 555 Πλὴν
721 486 1024 563 ἐπιγνῶμεν
1056 491 1151 542 τοῦ
1192 491 1361 542 κακοῦ
1405 488 1506 557 τήν
1555 487 1824 543 ὑποθεσιν.
1878 484 1982 539 Πό-

2171 487 2322 543 312
2355 485 2523 542 XVII.
2575 486 2686 542 Sed
2733 489 2928 541 tamen
2977 485 3158 557 hujus
3205 483 3555 542 calamitatis
3603 501 3741 542 oau-

335 586 418 640 θεν
468 573 834 650 ἐξηράνθησαν
881 575 1139 650 γεωργίαι
1196 577 1326 648 (27),
1386 574 1730 649 ᾐσχύνθησαν
1778 573 1987 641 ἀποθῆ-

331 687 443 732 και,
484 665 573 719 καὶ
621 665 766 738 νομὴ
813 664 1086 737 ποιμνίων
1138 661 1400 734 ἐξέλιπεν,
1451 663 1714 737 ὠλιγώθη
1767 664 1875 735 (28)
1921 662 1987 715 τὰ

333 754 508 830 ὡραῖα
536 761 636 823 τῆς
665 757 787 828 γῆς,
823 753 922 807 οὐκ
963 751 1213 823 ἐπλήσθη
1246 752 1311 807 τὰ
1340 750 1500 806 πεδία
1525 753 1807 822 πιότητος,
1840 749 1987 805 ἀλλὰ

330 843 646 922 κατηφείας
701 845 800 897 οὐκ
848 840 1157 912 ἐπλήθυναν
1209 843 1263 896 αἱ
1319 840 1574 904 κοιλάδες
1622 847 1790 910 σῖτον,
1858 838 1982 894 ἀλλ’

330 930 721 1001 ἐκλαόσοησαν·
775 930 874 985 οὐκ
919 929 1170 1001 ἐστάλαξε
1219 933 1331 1003 (29)
1379 933 1446 985 τὰ
1491 927 1591 1006 ὅρη
1642 929 1981 1006 γλυκασμὸν,

329 1021 405 1084 ὡς
436 1020 652 1096 ὕστερον
700 1025 815 1082 τοῖς
861 1019 1112 1088 δικαίοις,
1144 1017 1269 1075 ἀλλ’
1318 1021 1672 1094 ἀπεκοσμήθη
1724 1020 1812 1074 καὶ
1861 1021 1982 1089 ἠτι-

332 1111 534 1184 μάσθη,
591 1110 681 1164 καὶ
724 1111 822 1178 τὴν
870 1104 1107 1164 Γελϐουὲ
1153 1109 1386 1186 κατάραν
1436 1109 1496 1164 ἐκ
1553 1114 1660 1163 τῶν
1729 1108 1978 1164 ἐναντίων

329 1196 579 1268 ἐδέξατο;
633 1200 856 1274 Γέγονεν
911 1198 986 1261 ὡς
1034 1200 1096 1253 τὸ
1147 1201 1233 1253 ἀπ’
1280 1198 1458 1275 ἀρχῆς
1489 1203 1629 1260 πᾶςα
1658 1201 1692 1268 ἡ
1725 1206 1821 1273 γῆ,
1853 1199 1978 1274 πρὶν

329 1291 674 1362 κοσμηθῆναι
724 1294 838 1350 τοῖς
890 1289 1084 1357 ἑαυτῆς
1145 1286 1427 1345 κάλλεσιν.
1511 1288 1820 1361 Ἐπεσκέψω
1885 1289 1977 1361 μὲν

323 1378 422 1445 τήν
500 1384 625 1452 γῆν,
693 1378 782 1431 καὶ
870 1377 1125 1450 ἐμέθυσας
1218 1376 1404 1445 ανίτὴν,
1481 1376 1608 1433 ἀλλ’
1683 1376 1980 1446 ἐπισκοπὴν

324 1467 564 1543 πονηρὰν
597 1466 685 1520 καὶ
726 1467 894 1539 μὲθην
932 1465 1206 1544 ὀλέθιριον.
1261 1471 1370 1521 Φεῦ
1415 1465 1508 1521 τοῦ
1563 1466 1863 1540 θεάματοςί
1924 1466 1974 1521 ἐν

321 1553 544 1629 καλάμῃ
571 1554 638 1608 τὰ
664 1561 766 1625 τῆς
798 1553 1053 1632 εὖφορίας
1092 1559 1253 1630 ἡμῖν,
1305 1557 1392 1611 καὶ
1430 1561 1646 1633 μικροῖς
1698 1554 1974 1630 λειψάνοις

321 1647 356 1714 ἡ
400 1647 575 1720 σπορά
629 1644 968 1720 γνωρίζεται,
1019 1645 1108 1699 καὶ
1164 1643 1327 1718 μόλις
1377 1646 1626 1721 ἀπαρχὰς
1675 1645 1857 1721 Κυρίῳ
1912 1645 1974 1700 τὸ

321 1733 478 1808 θέρος
508 1735 668 1806 ἡμῶν
723 1739 1078 1810 καρποφορεῖ,
1135 1734 1267 1807 μησὶ
1327 1733 1536 1807 μᾶλλον
1588 1737 1699 1809 (30)
1759 1735 1792 1804 ἢ
1847 1732 1973 1809 δρά-

319 1843 490 1897 γμασι
549 1817 1126 1896 καταλαμϐανόμενον.
1178 1828 1432 1884 Τοιοῦτος
1499 1824 1527 1877 ὁ
1576 1822 1816 1885 πλοῦτος
1862 1828 1970 1878 τῶν
2003 1865 2050 1930 Β

328 1911 342 1930 3
418 1906 483 1930 ριν
732 1916 757 1927 ν
928 1913 942 1930 \
1040 1917 1067 1927 ιν
1265 1917 1292 1926 ὐ
1536 1912 1548 1930 Ι
1800 1914 1810 1930 Ι

319 1906 549 1984 ἀσεϐῶν,
607 1916 830 1967 τοιαῦτα
885 1913 951 1966 τὰ
1003 1917 1110 1966 τῶν
1156 1917 1332 1974 κακῶς
1363 1912 1687 1989 σπειρόντων
1713 1914 1970 1990 γεώργιαο

318 1995 630 2075 ἐπιϐλέψαι,
693 2002 767 2064 ὡς
824 2003 859 2071 ἡ
910 1999 1118 2056 παλαιὰ
1157 2003 1382 2078 κατάρα,
1434 2001 1682 2071 πλείονα,
1731 2002 1821 2056 καὶ
1868 2002 1972 2056 εἰσ-

319 2095 546 2166 ενεγκεῖν
607 2089 791 2166 ὀλίγα·
841 2096 1075 2167 σπεῖραι,
1124 2090 1213 2145 καὶ
1264 2092 1337 2164 μή
1407 2093 1634 2164 ἀμῆσαι·
1693 2096 1967 2166 φυτεῦσαι,

317 2179 406 2233 καὶ
467 2181 544 2252 μὴ
608 2178 883 2254 ἐκθλίψαι·
957 2178 1018 2233 οὗ
1075 2179 1340 2255 ἐργῶνται
1397 2177 1523 2235 δέκα
1575 2179 1738 2254 ζεύγη
1801 2181 1966 2255 βοῶν,

315 2270 536 2337 ποιῆσαι
593 2267 852 2344 κεράμιον
905 2265 981 2322 ἓν·
1032 2268 1120 2322 καὶ
1173 2269 1300 2345 παρ’
1365 2265 1560 2330 ἄλλοις
1604 2268 1815 2323 ἀκούειν
1864 2270 1964 2337 τὴν

314 2355 625 2433 εὐκαρπίαν,
685 2357 880 2419 αὐτοὺς
930 2355 1104 2429 ἐνδείᾳ
1169 2360 1280 2430 (31)
1345 2357 1721 2431 πιεζομένους.
1799 2357 1966 2421 Πόθεν

309 2451 497 2514 ταῦτα,
559 2445 645 2500 καὶ
704 2446 784 2508 τίς
837 2449 870 2516 ἡ
933 2446 1079 2500 αἰτία
1133 2451 1230 2501 τοῦ
1261 2446 1640 2523 θραύσματος;
1702 2447 1789 2516 Μή
1844 2447 1967 2500 ἀνα-

315 2533 585 2608 μείνωμεν
621 2535 707 2589 ὑπ’
739 2534 926 2591 ἄλλων
953 2534 1311 2611 ἐλεγχθῆναι·
1357 2537 1518 2609 ἡμῶν
1572 2536 1741 2591 αὐτῶν
1790 2537 1962 2606 ἐξετα-

308 2625 425 2679 σταὶ
475 2626 772 2700 γενώμεθα.
825 2624 974 2700 Μέγα
1020 2625 1210 2687 κακίας
1261 2627 1565 2704 φάρμακον,
1615 2624 1703 2680 καὶ
1753 2623 1964 2698 ὁμολο-

305 2711 418 2788 γία,
468 2714 558 2767 καὶ
608 2716 747 2791 φυγῆ
801 2719 897 2768 τοῦ
943 2714 1302 2789 πταίσματος.
1345 2716 1484 2791 Ἐγὼ
1513 2719 1749 2790 πρῶτος,
1782 2709 1961 2788 ὥσπερ

310 2800 610 2876 ἀνήγγειλα
659 2806 777 2874 (32)
816 2808 894 2874 τῷ
947 2803 1064 2875 λαῷ
1109 2825 1212 2877 μου
1244 2801 1467 2874 ἄνωθεν,
1500 2805 1589 2860 καὶ
1617 2806 1679 2859 τὸ
1707 2808 1804 2858 τοῦ
1836 2825 1961 2859 σκο-

310 2894 416 2943 ποῦ
447 2887 602 2966 ἔργον
634 2891 993 2963 πεπλήρωκα,
1029 2896 1141 2967 (33)
1173 2892 1257 2966 (οὐ
1289 2894 1392 2969 γὰρ
1425 2893 1630 2969 ἔκρυψα
1664 2895 1762 2962 τήν
1795 2893 1963 2969 ἐρχο-

315 2980 481 3052 μένην
540 2978 828 3057 ῥομφαίαν,
881 2978 970 3035 τίνα
1023 2983 1110 3036 καὶ
1162 2983 1261 3051 τὴν
1322 2981 1557 3056 ἐμαυτοῦ
1616 2983 1823 3058 ψυχὴν,
1871 2981 1961 3036 καὶ

308 3069 404 3129 τὰς
435 3073 539 3122 τῶν
574 3068 878 3124 ἀκουόντων
917 3073 1407 3148 περιποιήσωμαι)’
1460 3071 1630 3134 οὕτως
1672 3071 1960 3146 ἀναγγελῶ

306 3156 522 3211 καὶτοῦ
571 3157 705 3213 λαοῦ
757 3180 862 3231 μου
891 3161 989 3228 τὴν
1031 3159 1320 3232 ἀπείθειαν,
1363 3160 1597 3235 ἐμαυτοῦ
1642 3161 1710 3215 τὰ
1757 3161 1958 3215 ἐκείνου

2097 590 2220 630 sam
2253 591 2664 647 agnoscamus.
2697 575 2811 631 Cur
2857 580 3081 647 segetes
3112 578 3484 639 exaruerunt,
3533 574 3742 630 horrea

2095 666 2336 721 confusa
2368 669 2524 727 sunt,
2553 681 2771 737 pascua
2800 665 2993 720 ovium
3025 664 3383 729 defecerunt,
3433 666 3740 720 extenuata

2095 757 2234 809 sunt
2261 754 2524 825 speciosa
2574 757 2756 820 terrae,
2804 754 2996 825 campi
3046 769 3165 809 non
3214 752 3589 825 pinguedine,
3636 753 3738 810 sed

2093 859 2338 898 moerere
2370 843 2588 914 perfusi
2631 847 2805 911 sunt;
2855 842 3033 898 valles
3067 859 3181 897 non
3230 842 3523 897 frumento
3554 841 3738 896 abun-

2093 933 2326 996 darunt,
2360 933 2460 986 sed
2496 931 2804 1002 deploratis
2837 935 3011 1000 sunt;
3047 935 3273 987 montes
3313 931 3500 998 nobis,
3533 947 3738 1002 quem-

2094 1021 2412 1076 admodum
2440 1025 2640 1092 postea
2662 1021 2842 1091 justis
2871 1021 3031 1092 viris,
3065 1021 3432 1076 dulcedinem
3467 1036 3578 1076 non
3615 1021 3739 1075 stil-

2090 1109 2306 1180 larunt,
2341 1110 2439 1165 sed
2473 1113 2744 1165 ornatum
2774 1126 2945 1165 suum
2978 1115 3280 1177 exuerunt,
3303 1109 3741 1182 ignominiaque

2091 1200 2281 1254 affecti
2330 1203 2490 1266 sunt,
2543 1215 2607 1254 ac
2664 1199 2953 1254 montium
3006 1199 3220 1255 Gelboe
3268 1199 3738 1255 maledictionem

2089 1289 2382 1343 contrario
2414 1289 2584 1344 modo
2635 1289 3092 1360 acceperunt"?
3123 1289 3292 1344 Facta
3340 1293 3429 1344 est
3466 1289 3740 1345 universa

2088 1381 2246 1432 terra
2276 1381 2402 1432 uta
2451 1377 2758 1449 principio,
2809 1394 2942 1432 cum
2996 1377 3257 1433 nondum
3302 1377 3738 1449 pulchritudine

2088 1483 2196 1521 sua
2227 1471 2505 1522 exornata
2561 1470 2736 1522 esset.
2795 1467 3043 1522 Visitasti
3097 1470 3304 1521 terram
3348 1471 3401 1521 et
3446 1467 3738 1522 inebriasti

2083 1556 2308 1623 eam";
2343 1557 2442 1611 sed
2501 1555 2834 1611 visitatione
2895 1555 3069 1624 mala,
3117 1561 3173 1612 et
3223 1556 3496 1628 pestifera
3543 1556 3734 1612 ebrie-

2082 1648 2219 1701 tate.
2254 1645 2405 1700 Proh
2436 1645 2602 1701 triste
2651 1645 3084 1717 spectaculuml
3128 1645 3186 1699 in
3239 1645 3430 1701 culmo
3462 1645 3732 1702 fertilitas

2085 1733 2252 1789 nobis
2282 1738 2389 1802 est,
2425 1738 2481 1789 et
2511 1735 2791 1790 sementis
2818 1750 2884 1788 ex
2931 1733 3124 1806 parvis
3157 1733 3421 1807 reliquiis
3465 1734 3731 1805 agnosci-

2083 1829 2200 1891 tur,
2235 1840 2299 1879 ac
2328 1824 2423 1877 vix
2471 1821 2758 1896 primitias
2809 1823 3056 1879 Domino
3102 1825 3313 1879 messis
3360 1827 3561 1879 nostra
3589 1822 3728 1892 edit,

2081 1917 2256 1986 atque
2285 1929 2352 1968 ex
2379 1912 2683 1968 mensibus
2715 1912 2907 1984 potius
2939 1929 3116 1984 quam
3148 1928 3216 1967 ex
3252 1911 3571 1983 manipulis
3601 1927 3730 1984 per-

2081 2003 2314 2075 cipitur.
2349 2001 2520 2057 Tales
2561 2001 2880 2073 impiorum
2930 2001 3144 2057 divitiae
3192 2005 3349 2072 sunt,
3399 2000 3547 2057 tales
3581 2001 3732 2057 male

2081 2091 2502 2148 seminantium
2561 2107 2822 2145 messes:
2884 2090 3186 2156 nimirum,
3252 2091 3421 2161 juxta
3477 2094 3727 2147 veterem

2081 2179 2572 2249 maledictionem,
2607 2179 2894 2251 respicere
2924 2180 2995 2235 ad
3028 2178 3232 2250 multa,
3256 2183 3313 2234 et
3343 2195 3530 2251 pauca
3556 2179 3728 2234 infer-

2078 2285 2138 2323 re
2165 2271 2208 2307 73
2237 2285 2250 2323 :
2286 2268 2596 2335 seminare,
2631 2271 2688 2324 et
2735 2284 2850 2323 non
2901 2273 3152 2336 metere;
3187 2267 3470 2339 plantare,
3521 2271 3580 2322 et
3607 2284 3723 2323 non

2077 2358 2398 2428 exprimere
2418 2358 2498 2413 πε
2532 2356 2629 2411 ubi
2663 2357 2862 2411 decem
2889 2357 3035 2429 juga
3064 2357 3241 2412 boum
3271 2359 3607 2428 operantur,
3641 2355 3726 2412 la-

2075 2447 2393 2519 gunculam
2428 2463 2606 2502 unam
2627 2447 2813 2500 facere
2833 2446 2905 2512 7";
2931 2450 3106 2517 atque
3133 2447 3287 2517 apud
3307 2445 3451 2501 alios
3483 2445 3720 2517 frugum

2073 2540 2399 2592 ubertatem
2432 2534 2654 2601 audire,
2688 2550 2821 2589 cum
2853 2533 3082 2589 interim
3111 2533 3222 2605 ipsi
3251 2550 3443 2588 rerum
3476 2532 3722 2606 penuria

2075 2629 2433 2698 premantur.
2467 2625 2627 2680 Unde
2657 2623 2777 2679 haic
2825 2623 3086 2687 tandem,
3135 2627 3191 2677 et
3237 2639 3364 2694 ques
3413 2621 3582 2678 nobis
3613 2622 3720 2677 hu-

2065 2716 2236 2787 jusce
2264 2714 2614 2770 calamitatis
2634 2731 2812 2770 causa
2832 2717 2920 2768 est
2943 2713 2970 2766 ?
2994 2717 3073 2768 Ne
3103 2715 3531 2784 exspectemus,
3561 2715 3626 2766 ut
3647 2711 3721 2766 ab

2073 2805 2204 2860 aliis
2235 2819 2657 2875 coarguamur:
2687 2802 2926 2874 ipsimet
2949 2802 3008 2856 in
3041 2818 3147 2856 nos
3169 2801 3562 2872 inquiramus.
3595 2800 3722 2856 Ma-

2071 2909 2187 2966 gna
2210 2894 2330 2948 vitii
2357 2892 2646 2948 medicina
2664 2897 2753 2947 est
2774 2891 3082 2960 confessio,
3107 2897 3164 2946 et
3184 2891 3400 2962 peccati
3428 2890 3582 2962 fuga.
3605 2889 3724 2944 Pri-

2073 3000 2207 3039 mus
2230 2999 2354 3055 ego,
2381 2983 2532 3037 sicut
2556 2980 2769 3053 populo
2793 2997 2920 3036 meo
2946 2985 3080 3036 ante
3129 2978 3486 3044 denuntiavi,
3505 2995 3571 3033 ac
3596 2995 3722 3051 spe-

2071 3072 2344 3128 culatoris
2395 3087 2636 3126 munere
2684 3071 2920 3125 functus
2963 3070 3262 3125 sum.Non
3282 3068 3438 3124 enim
3477 3068 3718 3124 venien-

2068 3164 2185 3216 tem
2210 3160 2471 3232 gladium
2503 3160 2678 3215 celavi
2701 3160 2768 3228 79,
2800 3163 2864 3213 ut
2893 3162 2950 3214 et
2981 3175 3169 3214 meam
3196 3157 3406 3230 ipsius,
3432 3162 3489 3213 et
3516 3175 3718 3214 eorum

305 3245 656 3318 ποιούμενος”
704 3244 757 3302 εἷ’
797 3268 914 3310 πως
953 3245 1014 3302 ἂν
1044 3247 1186 3303 οὕτω
1213 3248 1446 3324 τύχοιμί
1469 3269 1614 3311 τινος
1649 3247 1958 3328 φιλανθρω-

2081 3251 2172 3322 qui
2206 3249 2472 3315 audiunt,
2522 3249 2747 3304 animas
2795 3248 3104 3303 elucrarer.
3154 3248 3248 3304 Sic
3301 3264 3457 3302 nunc
3487 3264 3719 3320 quoque

305 3333 431 3396 πίας
460 3335 549 3389 καὶ
581 3334 639 3389 ἀν
649 3335 907 3409 αψύξεως.

2066 3338 2264 3412 populi
2299 3338 2409 3394 mei
2440 3337 2898 3393 inobedientiam
2937 3353 3244 3409 exponam,
3295 3341 3530 3408 peccata
3561 3336 3718 3392 illius

304 3441 410 3497 pro
469 3427 615 3482 meis
674 3427 916 3484 ducens.
951 3427 1047 3484 Sic
1103 3428 1261 3485 enim
1322 3429 1567 3487 fortasse
1624 3430 1890 3486 futurum
1950 3432 2059 3501 est,
2083 3432 2149 3484 ut
2177 3427 2640 3485 misericordiam
2664 3427 2922 3499 aliquam
2953 3430 3012 3482 et
3043 3442 3317 3482 (erumnas
3361 3425 3718 3482 levationem

311 3530 652 3588 consequar.

377 3605 568 3662 ΙΗ’.Ὁ
631 3605 724 3678 μέν
778 3626 864 3667 τις
911 3606 1070 3678 ἡμῶν
1118 3604 1362 3681 ἐξὲθλιψε
1430 3609 1543 3681 (34)
1611 3610 1813 3678 πένητα
1869 3606 1957 3662 καὶ

308 3697 499 3766 μοῖραν
549 3701 650 3768 γῆς
702 3696 1104 3770 παρεσπάσατο,
1154 3695 1243 3750 καὶ
1295 3696 1441 3770 δριον
1495 3693 1728 3772 ὑπερέϐη
1757 3702 1955 3767 κακῶς,

301 3778 338 3846 ἢ
389 3776 614 3851 κλέψας,
667 3781 700 3848 ἢ
748 3783 1104 3852 τυραννήσας,
1159 3781 1246 3836 καὶ
1301 3787 1530 3856 συνῆψεν
1593 3784 1761 3838 οἶκίαν
1822 3786 1958 3859 πρὸς

306 3865 498 3939 οἰκίαν,
545 3867 633 3921 καὶ
686 3868 852 3944 ἀγρὸν
902 3870 1036 3944 πρὸς
1089 3869 1278 3945 ἀγρὸν,
1323 3869 1413 3924 ἵνα
1470 3892 1520 3924 τι
1565 3876 1662 3925 τοῦ
1724 3870 1954 3941 κλησίον

303 3955 591 4032 ἀφέληταιο
624 3957 713 4011 καὶ
746 3955 952 4030 μηδένα
984 3954 1127 4033 ἔχειν
1175 3956 1545 4035 ἐφιλονείκησε
1592 3958 1829 4033 γείτονα,
1881 3960 1957 4023 ὡς

304 4044 464 4115 μόνος
515 4045 754 4116 οἰκήσων
802 4045 888 4100 ἐπὶ
935 4053 1036 4116 τῆς
1089 4054 1214 4122 γῆς.
1264 4053 1319 4101 Ὁ
1352 4046 1408 4102 δὲ
1437 4048 1617 4110 τόκοις
1647 4050 1736 4102 καὶ
1787 4064 1952 4103 πλεο-

298 4140 528 4205 νασμοῖς
579 4136 676 4203 τὴν
725 4142 827 4210 γῆν
879 4134 1063 4208 ἐμίανε
1111 4138 1243 4210 (35),
1295 4137 1382 4190 καὶ
1432 4137 1675 4211 συνάγων
1710 4135 1825 4192 ὅθεν
1859 4137 1956 4193 οὐκ

300 4217 531 4298 ἔσπειρε,
566 4222 654 4277 καὶ
687 4223 911 4300 θερίζων
956 4222 1093 4279 ὅπου
1147 4227 1221 4299 μὴ
1273 4223 1645 4301 διεσκόρπισεο
1697 4230 1951 4302 γεωργῶν

298 4310 360 4365 οὐ
407 4313 506 4381 τὴν
552 4319 672 4388 γῆν,
717 4311 862 4368 ἀλλὰ
912 4315 1012 4383 τὴν
1057 4314 1244 4390 χρείαν
1292 4319 1398 4368 τῶν
1449 4312 1739 4388 δεομένων.
1802 4321 1841 4369 Ο
1898 4313 1954 4370 δὲ

297 4401 550 4476 ἀπαρχὰς
601 4401 809 4465 ἅλωνος
857 4401 944 4456 καὶ
997 4402 1168 4472 ληνοῦ
1196 4404 1287 4458 τὸν
1315 4405 1488 4457 πάντα
1520 4401 1793 4458 δεδωκότα
1823 4405 1950 4459 Θεὸν

2139 3608 2340 3664 XVIII.
2401 3607 2562 3664 Alius
2619 3611 2887 3662 nostrum
2937 3621 3251 3678 pauperem
3301 3605 3611 3677 oppressit,
3653 3622 3717 3661 ac

2066 3701 2232 3752 terrae
2245 3703 2466 3770 partem
2482 3697 2595 3768 ipsi
2607 3693 3296 3767 abstraxit,maleque,vel
3314 3709 3415 3766 per
3429 3694 3689 3749 fraudem
3702 3740 3716 3765 ,

2067 3786 2152 3841 vel
2185 3802 2288 3858 per
2317 3786 2456 3854 vim,
2483 3785 2798 3839 terminum
2833 3789 3240 3856 transgressus
3265 3787 3372 3848 est,
3397 3787 3450 3837 et
3473 3783 3713 3838 domum

2070 3875 2137 3928 ad
2174 3875 2413 3928 domum
2445 3873 2768 3944 conjunxit,
2801 3878 2857 3926 et
2888 3888 3094 3943 agrum
3139 3887 3277 3941 agro
3309 3870 3618 3942 copulavit,
3653 3877 3718 3927 ut

2069 3962 2329 4034 proximo
2364 3962 2583 4032 aliquid
2615 3961 2900 4031 eriperet:
2951 3977 3016 4014 ac
3064 3959 3319 4014 vicinum
3353 3959 3580 4015 nullum
3613 3961 3713 4016 ha-

2068 4051 2200 4106 bere
2233 4050 2480 4116 studuit,
2513 4049 2752 4122 perinde
2801 4065 2865 4104 ac
2897 4048 3058 4104 solus
3102 4047 3477 4110 habitaturus
3508 4049 3566 4103 in
3598 4053 3714 4105 ter-

2065 4156 2148 4195 ra.
2184 4139 2349 4194 Alius
2381 4139 2579 4194 usuris
2602 4142 2657 4192 et
2688 4139 3008 4193 faenoribus
3031 4142 3242 4193 terram
3275 4139 3712 4210 contaminavit,

2064 4227 2343 4300 colligens
2374 4227 2476 4282 ubi
2524 4244 2639 4282 non
2682 4227 3026 4296 seminarat,
3083 4243 3150 4282 ac
3181 4231 3406 4283 metens
3463 4227 3562 4284 ubi
3595 4246 3710 4285 non

2064 4321 2396 4389 sparserat;
2429 4333 2545 4371 non
2576 4333 2646 4372 ex
2696 4321 2861 4371 terrae
2900 4318 3085 4384 cultu,
3135 4317 3234 4372 sed
3286 4332 3355 4371 ex
3383 4333 3708 4389 pauperum

2063 4406 2260 4478 inopia
2290 4410 2347 4461 et
2378 4405 2642 4476 penuria,
2675 4405 2980 4462 commoda
3009 4423 3116 4461 sua
3156 4407 3309 4461 318
3340 4422 3704 4478 comparans.

297 4489 645 4565 ἀπεστέρησε,
697 4491 786 4546 καὶ
845 4493 1064 4566 γέγονεν
1146 4491 1440 4568 ἀχάριστός
1514 4513 1573 4547 τε
1647 4493 1788 4566 ὁμοῦ
1863 4510 1951 4564 καὶ

2081 4495 2227 4551 ilius
2259 4512 2403 4551 areae
2434 4511 2497 4550 ac
2528 4495 2838 4551 torcularis
2862 4494 3139 4567 primitiis
3162 4500 3364 4564 Deum,
3391 4494 3493 4567 qui
3513 4495 3711 4551 omnia

294 4577 543 4649 ἀνόητος·
580 4577 702 4633 οὔτε
732 4579 865 4655 ὐπὲρ
910 4581 981 4634 ὧν
1034 4579 1189 4656 ἔσχεν
1252 4581 1670 4656 εὐχαριστήσας,
1721 4581 1843 4636 οὒτε
1888 4583 1950 4636 τὸ

300 4666 504 4739 μέλλον
564 4671 699 4742 (36),
751 4668 796 4724 εί
849 4670 924 4742 μή
975 4690 1026 4724 τι
1077 4669 1240 4740 ἄλλο,
1283 4667 1372 4725 διὰ
1399 4678 1500 4740 τῆς
1533 4670 1949 4747 εὐγνωμοσύνης

2061 4586 2401 4651 donaverat,
2435 4584 2742 4646 fraudavit.
2770 4584 3087 4655 simulque,
3120 4585 3495 4657 etingratum
3527 4589 3584 4640 et
3611 4585 3710 4641 de-

2062 4678 2319 4729 mentem
2351 4691 2413 4729 se
2443 4673 2730 4745 praebuit;
2766 4679 2831 4728 ut
2878 4674 3003 4745 qui,
3032 4690 3138 4728 nec
3186 4689 3288 4744 pro
3322 4673 3416 4738 iis,
3447 4690 3574 4743 quaa
3609 4673 3709 4728 ha-

371 4851 410 4886 ⁷¹
452 4851 501 4908 Il
535 4853 674 4926 Reg.
708 4870 747 4925 ι,
779 4853 869 4909 21.
948 4854 994 4892 ⁷³
1051 4853 1202 4910 Psal.
1235 4870 1381 4925 LxIv,
1415 4855 1500 4910 10.
1562 4855 1608 4891 ⁷³
1659 4859 1808 4929 Agg.
1841 4867 1881 4928 1,
1907 4857 1961 4910 9.

2109 4854 2288 4927 Soph.
2322 4872 2362 4926 ι,
2397 4855 2482 4911 13.
2542 4855 2587 4889 ⁷⁸
2642 4856 2840 4924 Isa.v,
2895 4855 2980 4910 10.
3039 4855 3084 4890 ⁷⁸
3140 4853 3341 4910 Ezech.
3392 4869 3593 4923 χχχιιι,
3625 4855 3677 4909 3.

292 5045 633 5171 $31.35;”
690 5049 808 5118 ⁶ί¹ον
857 5047 1138 5125 παρούσης
1185 5046 1412 5125 πληγῆς
1473 5050 1768 5126 βαρύτερος
1823 5052 1951 5126 ὀμῖν

290 5137 803 5312 γείιὲίθαῖεωργίαι.
863 5171 1005 5264 Βθε.
1065 5210 1118 5260 ἃ,
1180 5191 1354 5268 ἀγροί·
1417 5193 1557 5266 Reg'
1619 5210 1731 5264 cm’
1777 5213 1947 5270 stP-

290 5280 351 5312 ΥΟ
385 5299 397 5312 ο

287 5280 472 5420 γοξξξ)
503 5329 808 5420 ςὲὶλιγιὺθνη.
840 5338 965 5420 Quo
997 5334 1184 5406 Colh.,
1219 5332 1597 5420 ᾦλιχώθησαν.

503 5401 809 5478 Ἐστᾴλαξε.
842 5411 1018 5478 Regg.
1053 5424 1105 5474 a,
1139 5401 1189 5475 ο,
1223 5401 1535 5477 ἐστάλαξαν.

360 5473 650 5552 (30)_1_\I‘qc'l
687 5473 1099 5547 μᾶλλον,’ἷηοζ
1147 5473 1282 5552 ιεἘιι
1331 5473 1636 5536 mensibus
1665 5481 1880 5552 potius,
1915 5501 1942 5529 »

289 5551 402 5601 etc.
431 5547 530 5621 ;id
563 5555 672 5618 est,
709 5568 737 5600 ιι
767 5566 882 5604 non
914 5565 983 5604 ex
1008 5549 1445 5620 manipulorum
1477 5547 1717 5621 acervis,
1745 5553 1845 5608 sed
1877 5569 1945 5608 ex

287 5619 588 5694 mensium
621 5621 868 5694 ratione,
891 5621 1113 5694 messis
1143 5619 1649 5694 dignospipotest.
1681 5619 1708 5675 ἡ

361 5691 610 5764 (31)-Τήν
675 5685 988 5768 εὐκαρπίαν,
1047 5685 1242 5754 αὖτοὺς
1299 5685 1486 5767 ἐνδείᾷ.
1538 5693 1710 5773 Gpisl.
1769 5695 1820 5768 1,
1867 5695 1946 5756 ,τὰ

2057 5057 2158 5120 τῆς
2191 5048 2484 5123 εὐκαρπίας
2513 5047 2707 5112 αὐτοὺς
2739 5049 2790 5105 ἐν
2822 5047 3014 5121 ἐνδείᾳ.

2128 5124 2240 5178 (32)
2272 5119 2622 5178 Ἀνήγγειλα.
2656 5123 2795 5178 Reg.
2830 5141 2883 5178 ιι.
2916 5121 3189 5178 ἀπήγγειλ

2150 5125 2240 5267 32)
2272 5123 2622 5198 Ἀνήγγειλα.
2656 5123 2795 5250 Re}?
2830 5141 2883 5190 a,
2916 5123 3246 5199 ἀπήγγειλα.

2123 5124 2663 5320 (ᾖξόοωὲιεπλήρωκα.
2775 5212 2902 5270 egg.
2965 5213 3018 5265 a,
3079 5213 3130 5263 c,
3180 5196 3300 5266 bm,
3347 5195 3448 5268 ph,
3499 5195 3595 5252 0r.
3651 5196 3708 5266 2,

2053 5266 2370 5340 ἐπλήρωσα.

2146 5335 2236 5409 34)
2272 5335 2570 5409 Ἐξὲίθλιψε.
2597 5359 2625 5387 ‹‹
2658 5338 2896 5405 Afﬂixit,
2925 5338 3170 5394 vexavit.
3207 5359 3236 5388 »

2147 5408 2236 5480 35)
2266 5408 2525 5482 Έμίανεί
2543 5409 2820 5480 Sequitur
2866 5410 2925 5465 in
2957 5413 3050 5466 ed.
3081 5409 3191 5481 καί,
3241 5409 3396 5480 quod
3435 5409 3702 5464 codicum

2055 5481 2404 5538 auctoritate
2439 5481 2781 5536 delevimus.

2125 5555 2240 5625 (3Q)
2265 5552 2334 5604 Τὸ
2369 5549 2594 5625 μέλλον.
2642 5558 2707 5606 In
2732 5552 2911 5625 καρῖδι,
2965 5555 2987 5606 1
3025 5553 3312 5625 sequitur,
3356 5548 3504 5611 ὅπως
3533 5548 3701 5625 ἀσφα-

2055 5621 2167 5686 λῶς
2198 5621 2625 5702 ἓξῃ-φροντίσας,
2659 5621 2845 5702 καὶ-εἷ,
2872 5629 3005 5702 etc.,
3030 5649 3056 5675 «
3087 5621 3192 5681 nec
3215 5626 3412 5696 postea
3433 5621 3705 5697 cogitavit

2056 5695 2584 5769 quomodo'secure
2613 5695 2962 5767 possideret.
2999 5718 3029 5748 »
