4094 6288
403 388 524 451 959

1646 385 1711 446 S.
1759 384 2135 447 GREGORII
2178 383 2574 448 THEOLOGI

3700 378 3823 443 960

401 521 551 588 buit,
583 520 802 592 gratias
851 521 1055 593 egerit,
1106 537 1233 588 nec,
1284 520 1333 577 si
1390 520 1538 577 nihil
1569 520 1749 590 aliud,
1783 521 2051 577 futurum

2169 516 2735 596 πραγματευσάμενος.
2791 517 2850 575 Ὀ
2910 514 2967 572 Si
3038 516 3218 593 χήραν
3279 515 3369 571 καὶ
3428 514 3661 593 ὀρφανὸν
3720 512 3822 571 οὐκ

403 615 576 675 certe,
610 627 713 682 per
740 609 908 683 probi
938 614 994 665 et
1042 610 1191 682 grati
1235 610 1417 666 animi
1465 610 1747 681 ofﬁcium,
1800 611 1911 666 sibi
1942 610 2055 682 ipsi

402 700 747 771 procurarit.
780 700 949 755 Alius
981 717 1085 754 nec
1113 700 1352 755 viduam
1387 716 1491 755 nec
1523 700 1852 771 orphanum
1884 700 2057 756 mise-

403 791 565 844 ratus
594 792 703 855 est,
738 805 840 844 nec
875 805 1086 859 panem
1120 793 1177 844 et
1208 789 1484 861 exiguum
1528 789 1877 845 alimentum
1908 807 2051 861 pau-

402 878 547 951 peri,
580 877 669 933 vel
700 877 927 933 Christo
961 877 1177 948 potius,
1212 878 1314 949 qui
1362 895 1463 950 per
1493 878 1627 935 illos
1674 878 1849 934 etiam
1883 894 2055 951 parce

402 967 656 1023 nutritos
689 966 886 1035 alitur,
937 967 1254 1038 impertiit;
1297 971 1354 1022 et
1407 968 1645 1038 quidem
1693 985 1827 1023 cum
1869 968 2056 1024 multa

403 1056 653 1112 fortasse
684 1056 913 1125 habeat,
948 1073 1014 1111 ac
1045 1061 1254 1127 praeter
1285 1074 1448 1128 spem
1481 1058 1638 1129 (nam
1670 1057 1780 1113 hoc
1814 1058 2052 1113 demum

402 1142 843 1214 iniquissimum
867 1144 997 1214 est),
1022 1148 1198 1215 atque
1219 1144 1276 1198 in
1302 1145 1505 1200 multis
1532 1145 1755 1201 horreis
1780 1146 2057 1217 angustia

399 1230 643 1303 laboret,
676 1249 855 1304 eaque
887 1233 1099 1304 partim
1150 1234 1412 1306 impleat,
1470 1236 1684 1306 partim
1723 1239 1959 1303 evertat,
1992 1239 2057 1290 ut

402 1323 474 1379 ad
531 1324 758 1378 luturos
803 1324 1026 1378 fructus
1083 1324 1418 1379 condendos
1478 1324 1763 1395 ampliora
1804 1328 2051 1395 extruat,

399 1412 545 1467 illud
577 1412 857 1485 ignorans
888 1412 1028 1481 fore,
1062 1417 1127 1467 ut
1152 1412 1498 1484 priusquam
1517 1415 1640 1485 spei
1673 1430 1793 1469 suae
1815 1430 2054 1485 compos

402 1502 523 1570 ﬂat,
557 1508 743 1558 morte
774 1502 1117 1573 abripiatur,
1137 1502 1539 1574 rationemque
1570 1504 1925 1558 reddendam
1957 1503 2056 1558 ha-

400 1592 553 1657 beat,
586 1595 713 1646 tum
745 1608 923 1663 opum
954 1590 1167 1661 quibus
1198 1591 1291 1645 hic
1323 1592 1659 1660 abundavit,
1688 1596 1816 1647 tum
1850 1607 2053 1647 earum

398 1695 598 1736 rerum
632 1696 779 1752 quas
835 1679 1029 1734 animo
1078 1683 1135 1735 et
1193 1680 1545 1753 cogitatione
1602 1680 1713 1736 sibi
1763 1681 1950 1749 ﬁnxit,
1990 1685 2056 1736 ut

400 1770 502 1842 qui
532 1767 723 1825 aliena
776 1769 931 1823 bona
982 1769 1131 1824 male
1191 1770 1641 1825 administrarit.
1676 1769 1842 1825 Alius
1899 1770 2051 1825 viam

398 1856 716 1915 humilium
746 1857 1057 1913 declinavit
1086 1859 1150 1926 ⁷⁷,
1184 1861 1242 1914 et
1266 1860 1494 1929 justum
1545 1860 1625 1930 inj
1637 1860 1783 1915 ustis
1813 1859 2053 1915 rationi-

399 1947 512 2003 bus
543 1946 926 2002 circumvenit
952 1947 1016 2002 ⁷⁸.
1071 1946 1239 2001 Alius
1298 1947 1705 2018 corripientem
1756 1949 1815 2003 in
1868 1948 2054 2019 portis

398 2035 531 2091 odio
589 2034 815 2105 habuit,
868 2050 932 2089 ac
975 2040 1243 2090 sanctum
1303 2052 1633 2092 sermonem
1682 2038 2056 2094 abominatus

398 2128 490 2180 est
530 2125 594 2179 7°.
656 2122 822 2178 Alius
872 2124 979 2179 reti
1039 2141 1146 2180 suo
1197 2125 1384 2180 multa
1440 2126 1736 2198 colligenti
1784 2127 2054 2183 immola-

396 2212 478 2269 vit
507 2213 572 2281 ⁸ο,
604 2229 671 2268 ac
712 2214 988 2285 pauperis
1038 2215 1292 2286 praedam
1339 2216 1495 2270 domi
1545 2215 1789 2279 habens,
1824 2221 1926 2272 aut
1956 2216 2054 2272 Dei

398 2302 743 2359 memoriam
777 2318 845 2357 ex
892 2303 1089 2358 animo
1132 2304 1318 2373 ejecit,
1370 2310 1471 2359 aut
1514 2309 1669 2360 certe
1715 2304 1876 2361 illius
1907 2305 2057 2362 male

398 2393 740 2447 recordatus
771 2394 879 2460 est,
913 2392 1113 2448 dicens
1142 2409 1155 2447 :
1189 2392 1542 2449 Benedictus
1574 2394 1878 2464 Dominus,
1911 2412 2055 2466 quo-

400 2480 560 2535 niam
595 2480 804 2535 divites
837 2482 972 2535 facti
1007 2498 1214 2537 sumus
1235 2483 1279 2518 ⁸¹
1312 2500 1324 2549 ;
1361 2486 1418 2537 et
1462 2483 1832 2554 iniquitatem
1863 2484 2056 2555 suspi-

2163 608 2419 681 ἠλέησεν,
2470 606 2595 663 οὐδὲ
2657 604 2952 681 μετέδωκεν
3015 607 3180 681 ἄρτου
3231 604 3319 660 καὶ
3378 610 3584 683 τροφῆς
3620 602 3820 679 ὀλίγης

2162 704 2239 769 τῷ
2270 696 2538 771 δεομένῳ,
2593 695 2806 769 μᾶλλον
2854 692 2911 751 δὲ
2955 696 3172 770 Χριστῷ
3226 698 3306 767 τῷ
3355 692 3675 772 τρεφομένῳ
3707 694 3819 767 (37)

2164 785 2254 842 διὰ
2289 791 2396 841 τῶν
2447 787 2537 841 καὶ
2588 790 2799 862 μικρῶς
2845 783 3211 863 τρεφομένων·
3267 783 3294 837 ὁ
3342 783 3410 838 τὰ
3452 780 3639 837 πολλὰ
3670 779 3815 858 ἔχων

2163 874 2316 949 ἴσως,
2348 878 2436 931 καὶ
2466 877 2593 951 παρ’
2623 873 2838 945 ἐλπίδα,
2872 879 3053 947 (τοῦτο
3075 873 3178 951 γὰρ
3208 870 3317 944 ἤδη
3350 872 3411 928 τὸ
3441 869 3769 927 ἀδικώτατον
3781 874 3824 948 ,>

2161 966 2250 1021 καὶ
2307 971 2425 1028 ταῖς
2483 963 2722 1027 πολλαῖς
2776 964 3080 1034 ἀποθήκαις
3137 961 3674 1038 στενοχωρούμενος,
3724 960 3815 1016 καὶ

2161 1056 2253 1116 τὰς
2290 1055 2383 1128 μὲν
2416 1054 2666 1125 πληρῶν,
2711 1054 2805 1116 τὰς
2854 1050 2911 1107 Si
2957 1054 3253 1127 καθαιρῶν,
3281 1048 3372 1106 ’ίνα
3399 1054 3515 1113 τοῖς
3549 1047 3817 1123 μέλλουσι

2161 1149 2393 1220 καρποῖς
2426 1140 2768 1216 οἷκοδομήσῃ
2801 1141 3070 1216 μείζονας,
3103 1140 3338 1215 ἀγνοῶν,
3371 1139 3454 1195 ὅτι
3499 1143 3612 1194 τῶυ
3662 1137 3817 1195 ἐλπί-

2164 1232 2269 1288 δων
2319 1234 2813 1309 προαναρπάζεται,
2860 1230 2949 1286 καὶ
2990 1230 3154 1306 λόγον
3200 1229 3378 1308 ύφέξει
3423 1234 3523 1299 τῆς
3592 1227 3819 1283 ἐνταῦθα

2162 1321 2415 1399 εὐπορίας
2445 1324 2557 1395 (38)
2588 1321 2677 1375 καὶ
2720 1322 2819 1390 τῆς
2869 1322 2982 1394 (39)
3031 1318 3335 1397 φαντασίας,
3386 1318 3549 1381 κακὸς
3600 1313 3817 1372 οἰκονό-

2165 1433 2267 1485 μος
2297 1411 2508 1487 ἀγαθῶν
2539 1408 2846 1485 ἀλλοτρίων
2877 1408 3191 1485 γενόμενος.
3238 1412 3294 1462 Ὀ
3344 1404 3403 1463 δὶ
3452 1404 3578 1462 ὁδὸν
3625 1426 3815 1464 ταπει-

2160 1505 2267 1557 νῶν
2322 1498 2576 1573 ἐξέκλινε,
2626 1498 2715 1554 καὶ
2763 1496 3084 1575 ἰπλαγίασεν
3134 1496 3186 1552 ἐν
3237 1494 3446 1559 ἀδίκοις
3493 1492 3725 1553 δίκαιον.
3755 1497 3817 1554 Ὁ

2164 1589 2221 1645 δὲ
2269 1589 2521 1663 ἐμίσησεν
2569 1588 2621 1645 ἐν
2669 1586 2869 1650 πύλαις
2928 1586 3249 1663 ἐλέγχοντα,
3296 1587 3387 1642 καὶ
3432 1584 3598 1661 λόγον
3665 1582 3816 1641 ὅσιον

2163 1673 2511 1749 ἒϐλελύξατο.
2564 1679 2624 1735 Ὀ
2682 1675 2739 1732 δὶ
2797 1676 2948 1732 ἔθυσε
3001 1675 3071 1751 τῇ
3132 1676 3324 1731 ἐαυτοῦ
3379 1676 3586 1752 σαγήνῃ
3631 1672 3822 1731 πολλὰ

2162 1766 2461 1844 συναγούσῃ
2508 1768 2642 1841 (40),
2698 1765 2789 1821 καὶ
2847 1767 2946 1835 τὴν
3007 1766 3256 1842 ἁρπαγὴν
3310 1767 3408 1819 τοῦ
3486 1768 3715 1840 πτωχοῦ
3763 1763 3817 1818 ἐν

2159 1864 2276 1920 τοῖς
2310 1854 2479 1919 οἴκοις
2512 1853 2680 1933 ἔχων,
2710 1856 2746 1926 ἢ
2776 1854 2873 1910 οὐκ
2904 1854 3149 1928 ἐμνήσθη
3184 1857 3338 1924 Θεοῦ,
3368 1853 3404 1923 ἢ
3436 1856 3616 1914 κακῶς
3648 1851 3820 1924 έμνή-

2162 1959 2287 2019 σθη,
2339 1945 2656 2022 Εὐλογητὸς
2704 1943 2920 2020 Κύριος,
2974 1944 3162 2014 εἰπὼν,
3215 1942 3299 1998 ὅτι
3331 1940 3816 2013 πεπλουτήκαμεν·

2164 2036 2253 2092 καὶ
2301 2030 2567 2091 ὑπέλαϐεν
2634 2036 2748 2108 (44)
2812 2032 3063 2107 ἀνομίαν,
3136 2032 3211 2095 ὡς
3260 2033 3386 2107 παρ’
3438 2031 3605 2086 αὐτοῦ
3651 2033 3822 2085 ταῦτα

2165 2124 2333 2202 ἔχων,
2381 2124 2431 2198 ἐξ
2489 2123 2551 2179 οὗ
2604 2123 3020 2195 κολασθήσεται·
3080 2123 3178 2177 Διὰ
3231 2125 3398 2177 ταῦτα
3455 2119 3560 2197 γὰρ
3593 2117 3826 2195 ἔρχεται

2165 2217 2199 2285 ἠ
2236 2214 2373 2289 ὀργὴ
2406 2217 2502 2269 τοῦ
2534 2217 2667 2269 Θεοῦ
2717 2212 2804 2267 ἐπὶ
2833 2213 2964 2275 τοὺς
3014 2211 3164 2274 υἱοὺς
3214 2212 3327 2285 (42)
3375 2216 3476 2280 τῆς
3526 2208 3823 2272 ἀπειθείας*

2169 2300 2258 2358 διὰ
2306 2306 2493 2371 ταῦτα,
2552 2303 2587 2372 ἢ
2632 2299 2870 2357 κλείεται
2918 2301 3168 2376 οὐρανὸς,
3223 2302 3259 2371 ἢ
3300 2303 3479 2362 κακῶς
3512 2298 3826 2375 ἀνοίγεται·

2166 2391 2255 2447 καὶ
2284 2390 2479 2463 πολλῷ
2514 2390 2745 2465 μᾶλλον,
2778 2389 2822 2445 εἷ
2858 2388 2999 2463 μηδὲ
3026 2389 3327 2466 πληγέντες
3350 2386 3829 2468 ἂπιστρεφοίμεθα,

2166 2481 2255 2536 καὶ
2284 2480 2364 2554 τῷ
2386 2480 2655 2557 ἐγγίζοντι
2686 2483 2925 2558 φυσικῶς
2957 2479 3379 2553 πλησιάζοιμεν.

401 2572 568 2625 catus
603 2573 711 2635 est,
744 2568 906 2625 velut
930 2586 1069 2643 opes
1103 2569 1233 2626 illas
1264 2571 1455 2643 ipsius
1487 2573 1768 2629 beneﬁcio
1800 2573 2145 2644 possideret,
2203 2590 2238 2628 a
2284 2589 2398 2643 quo
2456 2590 2626 2645 pmna
2679 2571 2985 2629 afﬁcietur.
3017 2572 3101 2628 Ob
3162 2571 3285 2628 haec
3333 2569 3491 2627 enim
3548 2569 3707 2626 venit
3734 2568 3826 2625 ira

402 2657 502 2713 Dei
558 2658 619 2712 in
650 2657 800 2713 ﬁlios
832 2658 1266 2715 difﬁdentiae”.
1329 2661 1412 2716 0b
1470 2660 1607 2732 haec,
1664 2662 1753 2717 vel
1811 2662 2104 2719 clauditur
2160 2662 2393 2731 ccslum,
2453 2663 2538 2718 vel
2591 2662 2743 2718 male
2771 2661 3067 2734 aperitur;
3114 2676 3299 2733 eoque
3352 2659 3562 2733 magis,
3626 2659 3696 2731 si,
3750 2674 3826 2714 ne

405 2747 671 2819 percussi
704 2748 964 2819 quidem,
999 2749 1441 2821 resipiscamus,
1470 2755 1646 2822 atque
1676 2752 1746 2807 ad
1781 2768 1937 2823 eum,
1971 2753 2072 2824 qui
2104 2756 2314 2810 natura
2346 2769 2454 2808 sua
2482 2768 2513 2808 e
2540 2752 2729 2807 vicino
2761 2755 2869 2821 est,
2901 2751 3272 2807 accedamus.

476 2835 618 2892 XIX.
654 2836 798 2903 Quid
836 2838 905 2893 ad
938 2837 1060 2893 haec
1085 2839 1373 2907 dicemus,
1402 2839 1502 2911 qui
1534 2839 1893 2896 frumentum
1921 2842 2062 2896 emi-

403 2940 535 2980 mus
568 2929 626 2980 et
654 2926 987 2993 vendimus,
1020 2942 1087 2983 ac
1107 2930 1439 2999 temporum
1470 2928 1844 2985 difﬁcultates
1867 2930 2062 2986 obser-

400 3030 631 3083 vamus,
662 3019 729 3070 ut
757 3032 896 3087 opes
946 3016 1117 3072 nobis
1170 3033 1603 3089 comparemus,
1646 3024 1704 3075 et
1759 3019 1818 3074 in
1849 3020 2057 3077 alienis

2238 2841 2336 2897 19'.
2369 2839 2433 2895 Τί
2462 2839 2599 2916 πρὸς
2644 2843 2813 2894 ταῦτα
2868 2838 3120 2915 ἐροῦμεν,
3181 2838 3232 2894 οἱ
3273 2839 3387 2912 (43)
3433 2840 3673 2908 σιτῶναι,
3727 2822 3829 2891 κοι³

2168 2928 2552 3001 σιτοκάπηλοι,
2601 2928 2691 2984 καὶ
2742 2932 3035 3002 τηροῦντες
3082 2929 3178 2989 τὰς
3222 2930 3327 2982 τῶν
3377 2931 3580 3000 καιρῶν
3627 2922 3825 2981 δυσκο-

2166 3016 2308 3091 λίας,
2336 3016 2407 3074 ἵν’
2442 3018 2856 3094 εὐπορήσωμεν,
2886 3016 2977 3073 καὶ
3007 3022 3124 3079 ταῖς
3159 3014 3478 3092 ἀλλοτρίαις
3528 3016 3643 3089 (44)
3682 3035 3827 3088 συμ-

404 3104 839 3161 calamitatibus
888 3105 1126 3162 delicias
1174 3107 1499 3179 capiamus,
1552 3112 1728 3179 atque
1775 3126 1964 3181 neque
1995 3115 2055 3167 ut

2169 3113 2364 3188 φοραῖς
2390 3107 2827 3186 ἔντρυφήσωμεν,
2860 3108 2951 3163 καὶ
2981 3107 3323 3180 κτηνώμεθα,
3373 3107 3450 3179 μὴ
3500 3104 3574 3167 ὡς
3622 3105 3822 3180 Ἰωσὴρ

401 3194 620 3265 Joseph
644 3196 1047 3267 Egyptiorum
1080 3196 1383 3253 facultates
1405 3198 1449 3232 ⁸³
1483 3199 1719 3269 majoris
1752 3199 2054 3271 dispensa-

400 3283 579 3339 tionis
611 3300 785 3339 causa
840 3288 1177 3356 (utrumque
1225 3287 1382 3342 enim
1441 3294 1629 3354 norat,
1679 3289 1956 3345 nimirum
2000 3294 2057 3346 et

402 3375 556 3427 recte
588 3371 877 3443 colligere,
911 3378 967 3429 et
1014 3379 1165 3430 recte
1197 3392 1490 3432 annonam
1538 3377 1816 3446 tribuere,
1850 3394 2054 3449 quem-

2163 3200 2231 3255 τὰ
2259 3203 2366 3253 τῶν
2398 3198 2731 3274 Αἰγυπτίων,
2766 3197 2846 3253 ἐπ’
2877 3196 3164 3270 οἰκονομίᾳ
3197 3194 3402 3269 μείζονι
3446 3195 3675 3269 (ἐκεῖνος
3719 3195 3824 3270 γὰρ

2164 3285 2285 3357 ⁴ἔςδει
2333 3288 2423 3342 καὶ
2481 3292 2796 3364 συναγαγεῖν
2851 3286 2941 3341 καὶ
2990 3283 3335 3354 σιτοδοτῆσαι
3379 3282 3586 3355 καλῶς,
3635 3280 3821 3358 ὥσπερ

2163 3378 2254 3431 καὶ
2311 3380 2614 3453 προγνῶναι
2670 3378 2761 3431 τὸν
2821 3375 3008 3448 λιμὸν,
3066 3375 3155 3429 καὶ
3214 3380 3405 3444 στῆναι
3460 3372 3599 3450 πρὸς
3655 3371 3818 3427 αὐτὸν

405 3462 723 3517 admodum
755 3463 952 3529 etiam,
985 3468 1043 3519 et
1089 3465 1302 3520 famem
1350 3467 1703 3538 prospicere,
1736 3472 1792 3524 et
1820 3468 2053 3525 eminus

2169 3464 2443 3542 πόρρωθεν
2493 3468 2627 3540 (45),
2659 3463 2783 3521 ἀλλ’
2815 3466 2889 3527 ὡς
2922 3465 3226 3541 παράνομοι
3257 3464 3324 3518 τὰ
3351 3466 3458 3518 τῶν
3484 3460 3817 3563 ρμζοφύλων,

403 3551 455 3606 ei
487 3550 815 3619 obsistere),
847 3552 970 3618 sed,
1003 3557 1068 3608 ut
1089 3553 1276 3624 iniqui
1309 3559 1364 3609 et
1387 3556 1786 3625 conscelerati,
1811 3557 2053 3628 popula-

401 3639 557 3696 rium
590 3643 926 3697 nostrorum
975 3658 1115 3713 opes
1162 3646 1561 3715 acquiramus,
1604 3645 1704 3717 qui
1754 3646 2048 3704 dicimus:

404 3729 627 3799 Quando
656 3730 918 3785 transibit
967 3733 1187 3801 mensis,
1219 3738 1280 3787 ut
1307 3734 1640 3797 vendamus;
1697 3744 1750 3790 et
1793 3736 2048 3804 Sabbata,

400 3822 459 3875 ut
489 3821 702 3876 aeraria
732 3820 1078 3875 recludamus
1111 3822 1204 3878 δὀἱ)
1235 3823 1335 3894 qui
1378 3824 1713 3895 duplicibus
1762 3826 2053 3882 mensuris

400 3913 457 3965 et
487 3909 721 3966 stataria
743 3910 1040 3980 justitiam
1065 3913 1499 3984 corrumpimus
1529 3914 1595 3982 ⁸⁸,
1622 3930 1688 3969 ac
1712 3913 2049 3986 plumbeam

402 3998 734 4069 iniquitatis
766 4014 1103 4056 mensuram
1133 4001 1190 4055 in
1241 4019 1346 4057 nos
1386 4002 1546 4073 ipsos
1578 4002 1933 4060 inclinamus
1961 4003 2053 4059 3‘?

405 4087 553 4151 Quid
586 4088 655 4141 ad
692 4088 847 4144 314
875 4088 994 4144 haec
1044 4089 1328 4158 dicemus,
1352 4091 1449 4161 qui
1494 4090 1722 4147 nullum
1756 4093 2051 4165 augenda-

405 4192 536 4231 rum
561 4192 738 4247 opum
762 4178 937 4233 ﬁnem
962 4179 1231 4235 novimus
1258 4205 1271 4247 ;
1296 4181 1395 4252 qui
1419 4198 1626 4236 aurum
1649 4186 1706 4237 et
1722 4186 2051 4253 argentum,

404 4280 519 4320 non
566 4281 736 4322 secus
794 4272 968 4339 atque
1008 4267 1095 4323 illi
1152 4268 1292 4324 olim
1344 4270 1479 4325 Baal
1540 4275 1596 4325 et
1642 4275 1937 4341 Astarten,
1998 4275 2053 4327 et

404 4356 825 4410 exsecrandum
858 4355 1017 4411 illum
1056 4356 1308 4413 Chamos
1337 4358 1381 4392 ⁸⁷
1428 4359 1777 4429 adoramus;
1830 4361 1932 4433 qui
1963 4361 2052 4417 la-

404 4440 609 4513 pidum
640 4442 813 4500 luxus
839 4448 897 4501 et
926 4444 1267 4517 splendores
1291 4451 1715 4522 consectamur,
1746 4454 2055 4522 vestesque

2165 3556 2220 3610 o't
2263 3554 2528 3631 λέγοντες·
2592 3553 2730 3609 Πότε
2776 3551 3104 3609 διελεύσεται
3155 3552 3183 3607 ὁ
3234 3553 3361 3625 μὴν,
3410 3551 3501 3606 καὶ
3553 3548 3823 3624 ἰμπωλή-

2162 3666 2324 3719 σομεν
2371 3646 2531 3719 [46])·
2588 3643 2677 3698 καὶ
2750 3643 2818 3698 τὰ
2886 3637 3159 3712 Σάϐϐατα,
3235 3640 3325 3697 καὶ
3382 3640 3664 3713 ἀνοίξομεν
3718 3651 3821 3711 θη-

2162 3732 2431 3809 σαυρούς;
2466 3734 2517 3788 οἱ
2572 3736 2690 3795 τοῖς
2756 3728 2962 3793 δισσοῖς
3033 3729 3249 3807 μέτροις
3298 3729 3387 3784 καὶ
3418 3728 3702 3802 σταθμίοις
3750 3730 3820 3784 τὸ

2163 3821 2369 3877 δίκαιον
2400 3820 2822 3899 διαφθείροντες,
2870 3818 2960 3875 καὶ
2990 3820 3053 3874 τὸ
3096 3813 3394 3893 μολιϐδοῦν
3447 3820 3560 3893 (47)
3612 3818 3813 3894 μέτρον

2159 3920 2257 3981 τῆς
2288 3910 2516 3985 ἀνομίας
2574 3911 2654 3989 ἐφ’
2709 3910 2930 3971 ἑαυτοὺς
2986 3908 3303 3978 κλίνοντες;
3362 3908 3423 3963 Τί
3477 3908 3611 3984 πρὸς
3640 3912 3817 3965 ταῦτα

2160 4001 2406 4075 ἰροῦμεν,
2468 4002 2520 4054 οἱ
2578 3997 2746 4073 μηδὲν
2804 3998 2971 4075 πέρας
3026 4000 3139 4072 (48)
3200 3994 3404 4059 εἰδότες
3451 3999 3715 4069 κτήσεως
3760 3998 3819 4052 οἱ

2160 4093 2581 4165 προσκυνοῦντες
2627 4091 2717 4143 τὸν
2765 4090 2967 4165 χρυσὸν
3013 4088 3104 4143 καὶ
3153 4088 3242 4142 τὸν
3301 4085 3558 4162 ἄργυρον,
3630 4085 3818 4163 ὥσπερ

2161 4181 2260 4249 τὴν
2308 4178 2459 4237 Βάαλ
2500 4180 2552 4234 οἱ
2597 4177 2791 4251 πάλαι,
2834 4176 2924 4233 καὶ
2964 4180 3063 4247 τὴν
3111 4175 3429 4253 Ἀστάρτην,
3478 4176 3569 4231 καὶ
3611 4176 3674 4231 τὸ
3705 4176 3821 4234 Χα-

2168 4270 2282 4343 μὼς
2318 4268 2621 4346 βλέλυγμα’
2657 4269 2710 4323 οἱ
2739 4268 3086 4345 περιέποντες
3116 4270 3222 4323 τῶν
3260 4264 3429 4331 λίθων
3454 4266 3551 4329 τὰς
3580 4263 3821 4321 πολυτε-

2163 4358 2313 4422 λείας
2371 4362 2460 4415 mi
2518 4356 2815 4435 διαυγείας,
2873 4357 2962 4414 καὶ
3020 4360 3117 4427 τῆς
3168 4355 3394 4426 ἐσθῆτος
3432 4356 3531 4427 τὴν
3564 4353 3824 4430 μαλακήν

2159 4469 2218 4505 τε
2273 4448 2363 4504 καὶ
2411 4447 2819 4527 περιρρέουσαν,
2877 4450 3055 4518 σητῶν
3115 4444 3377 4520 δαπάνην,
3434 4444 3526 4503 καὶ
3574 4443 3818 4521 λῃστῶν,

478 4655 723 4733 "_"Amos
755 4656 901 4733 ιτα.
980 4655 1024 4691 ⁷⁸
1064 4659 1197 4733 Ιεοη
1237 4675 1394 4729 xxxx,
1442 4662 1532 4717 21.
1564 4663 1609 4698 7°
1662 4664 1837 4718 Amos
1890 4679 1947 4731 v,
2010 4664 2055 4718 1(

2174 4663 2219 4699 ⁸ο
2273 4662 2489 4719 Habac.
2540 4679 2581 4730 ι,
2612 4663 2701 4731 15,
2776 4662 2821 4700 εί
2854 4660 3025 4717 Zach.
3056 4676 3135 4731 xx,
3166 4659 3223 4715 5.
3257 4731 3270 4733 _
3296 4659 3345 4733 F’
3370 4658 3587 4733 Ephes,
3637 4673 3699 4729 v,
3755 4660 3813 4714 6.

398 4724 445 4761 ⁸³
477 4727 616 4783 Gen.
644 4743 755 4793 xu,
816 4727 885 4782 39
916 4744 1040 4800 sqq.
1090 4730 1136 4764 εδ
1172 4732 1348 4788 Amos
1379 4724 1498 4803 vm,
1529 4734 1583 4789 5.
1661 4734 1706 4770 ⁸⁵
1739 4736 1906 4791 Deut.
1933 4724 2066 4804 κεν,
2089 4734 2178 4792 l3.
2240 4735 2285 4772 ⁸⁸
2338 4735 2509 4793 Zach.
2542 4724 2599 4802 v,
2620 4724 2697 4791 7.’
2734 4733 2780 4771 ⁸³⁷
2820 4734 2918 4790 ΙΙΙ.
2949 4737 3088 4806 Reg,
3121 4724 3218 4802 'xx,
3249 4731 3338 4789 33.

471 4949 687 5034 (3Ῑ)Τιῖ›
713 4951 1051 5038 τρεφομένῳ,
1098 4958 1206 5040 etc.
1248 4956 1525 5014 Nonnulli
1576 4960 1696 5033 Reg
1747 5002 1755 5015 .
1789 4963 1846 5016 et
1875 4959 2047 5016 Coisl.
2081 4963 2128 5029 D

488 5040 566 5088 τῳ
593 5041 683 5074 και
716 5018 803 5076 διὰ
844 5046 949 5079 των
991 5047 1196 5088 μικρῶν
1239 5028 1580 5088 τρεφομένῳ.
1613 5056 1641 5084 ‹‹
1692 4976 1921 5088 ἕὴῐὶεῐο
1950 5033 2053 5088 aui

405 5022 455 5109 4,
593 5018 683 5074 καὶ
716 5018 1196 5109 δὶάἱ’τῶν“μὶκρῶν
1239 5028 1580 5105 τρεφομένῳ,
1613 5056 1641 5084 ‹‹

405 5096 463 5148 et
493 5108 597 5165 per
624 5095 898 5165 parvulos
929 5094 1124 5155 alitur.
1158 5122 1187 5149 »
1274 5094 1283 5103 ’
1347 5094 1358 5105 ⁸

493 5109 597 5217 ger
624 5109 898 5181 parvulos
929 5109 1124 5155 alitur.
1158 5122 1187 5149 »

472 5164 585 5253 (αξ)
614 5167 919 5253 Eyﬁogiac.
949 5172 1296 5253 _Reg.nbm.
1344 5176 1414 5253 et
1471 5174 1744 5253 Montac.,
1777 5173 2050 5253 εὐφορίας.

470 5235 583 5378 (39)
614 5241 745 5305 Τῆς.
781 5235 875 5296 Sic
906 5235 1102 5313 plures
1135 5244 1248 5317 Reg
1296 5286 1307 5300 .
1344 5246 1517 5302 Deest
1545 5246 1605 5301 in
1637 5238 1729 5301 ed.

496 5307 586 5378 40)
620 5310 954 5378 Συναγούσῃ.
1000 5315 1205 5372 Plures
1252 5263 1436 5378 ἰθεῖα.
1488 5322 1545 5371 et
1591 5319 1687 5378 Or.

494 5263 583 5362 23/
623 5263 745 5305 ιης.
781 5263 875 5331 mp
907 5263 1102 5313 plures
1135 5263 1307 5373 [τοεῇ
1344 5263 1517 5302 ueest
1545 5264 1605 5301 in
1637 5263 1729 5301 ea.

490 5376 504 5396 Ι
569 5307 954 5385 )Συναγουσῃ,
1000 5315 1205 5372 Plures
1310 5333 1436 5389 egg.
1488 5322 1545 5371 et
1591 5319 1687 5389 Or,
1732 5318 1786 5389 2,
1821 5336 2049 5392 συναγα-

447 5397 602 5436 ουση.

406 5397 711 5544 Ϊζᾷἷῐςαὶ
749 5449 1035 5525 ὑπέλαϐεν,
1086 5462 1193 5544 etc.
1252 5458 1474 5542 Binius,
1515 5481 1543 5508 ‹‹
1577 5476 1833 5544 opesque
1862 5460 2051 5544 ipsius

398 5519 697 5648 beneﬁciot
752 5542 813 5581 se
888 5519 1267 5583 consecutum
1342 5519 1543 5601 inique
1608 5519 1955 5590 exstimavit.
2018 5551 2051 5589 a

404 5606 541 5648 αυο.
580 5616 605 5641 ι)
641 5611 671 5648 θ
702 5612 748 5648 C.

404 5606 541 5660 quo,
580 5616 605 5641 ι)
641 5606 748 5649 etc.

645 5664 762 5719 Ἐπὶ
822 5664 946 5728 τοὺς
1003 5668 1429 5752 υλίρρςκϐοἱειε.
1482 5673 1526 5752 1Δ
1570 5672 1649 5752 ἐφ’

405 5728 580 5804 υἱούς)
616 5754 644 5786 ‹‹
675 5752 853 5811 super
880 5756 987 5800 nos
1015 5728 1169 5803 ﬁlios
1198 5728 1620 5807 inobedientesi
1654 5768 1685 5801 ι)

1780 5032 1921 5088 risto
1950 5033 2053 5104 qui

1715 5677 1864 5751 ἡμᾶς
1920 5675 2048 5739 τοὺς
2156 5671 2269 5751 τού.
2316 5671 2378 5751 ξδ’

2374 4958 2467 5051 p‘t.‘
2486 4958 2585 5051 βία
2615 4957 2947 5051 I'teggkhmcz
2974 4954 3251 5051 plhxklesr
3284 4952 3445 5051 Pass.
3494 4953 3560 5012 In
3590 4954 3709 5027 ed.,
3741 4954 3816 5011 εὶ.

2238 5024 2335 5086 ’44
2377 5024 2771 5103 Ἀλλοτρίαιξῗ
2780 5031 2880 5087 Or.
2912 5024 3345 5112 2ξάλλστρίων..

2233 5034 2671 5183 ἷρβί-.ηασπερ-π
2732 5099 3038 5183 «eam»
3087 5100 3197 5183 εις.
3250 5096 3539 5183 εξοιειέ..ι.ο
3599 5098 3822 5183 suam

2162 5168 2487 5259 codd,'_Haac
2514 5168 2585 5232 in'
2627 5168 2853 5233 Graecis
2887 5172 3129 5244 omissa,
3159 5169 3296 5228 licet
3336 5186 3372 5227 a
3398 5168 3570 5227 Billio
3609 5168 3820 5229 Latine

2160 5249 2837 5390 ὲϐῗὲἐῖἓὲμπωλήσομεν.
2864 5314 3029 5390 _Reg.
3078 5313 3178 5387 ph,
3238 5316 3299 5371 et
3342 5313 3496 5383 Par.,
3546 5330 3817 5388 απεμπω·

2162 5384 2427 5461 λήσομεν.
2442 5384 2451 5390 ’
2464 5390 2592 5461 Bap:
2604 5430 2617 5444 .
2635 5384 3065 5461 ἐὔπωλήσομῖεψ

2231 5452 2709 5547 (4⁸7)ΜοΛιϐδοῦν.
2766 5452 3116 5531 Βθεςξοω,
3173 5457 3274 5530 ph,
3333 5460 3393 5515 et
3444 5457 3600 5530 Bas.,
3658 5452 3819 5531 μολι-

2161 5526 2579 5675 6O(Zé)_,Mn§_ty
2624 5599 2806 5675 πέρας.
2869 5601 3030 5657 Idem
3080 5599 3581 5675 scripsit_S_olon:
3629 5598 3821 5655 Πλού-

2451 5671 2603 5731 οὗδὶν
2678 5668 3256 5751 τέρμα-..πεφασμένον
3309 5668 3553 5751 Διῖινδράσι
3609 5676 3808 5731 κεῖτοι.

2158 5769 2192 5803 α
2220 5747 2433 5811 Nullus
2462 5763 2643 5825 opum
2673 5742 3023 5815 motuum
3051 5742 3205 5807 ﬂius
3233 5746 3327 5806 est
3354 5742 3547 5805 limes.
3575 5763 3609 5800 ιο
