4094 6288
261 311 375 372 961
1182 309 1473 373 ORATIO
1514 309 1672 373 XVI.
1698 344 1778 355 —
1809 310 1891 371 IN
1933 307 2259 372 PATREM
2297 311 2745 374 TACENTEM.

3550 321 3669 382 962

262 442 352 496 καὶ
380 437 677 516 τυράννων,
709 439 799 493 καὶ
828 435 1076 494 κλεπτῶν
1133 439 1559 516 θησαυρίσματα*
1617 442 1669 495 οἱ
1710 439 1912 511 πλήθει

2033 442 2234 499 molles
2266 448 2323 498 et
2350 442 2705 501 difﬂuentes.
2740 460 2869 515 quae
2899 463 2933 501 a
2960 445 3134 501 tineis
3163 448 3578 518 absumuntur,
3612 456 3669 509 et

260 533 587 607 γαυριῶντες
659 524 1007 603 ἀνδραπόδων
1085 529 1175 584 καὶ
1243 527 1611 606 τετραπόδων“
1683 530 1733 584 οἱ
1802 535 1916 591 τοῖς

2033 532 2417 603 praedonibus,
2452 549 2517 587 ac
2536 535 2825 605 tyrannis,
2860 534 3214 607 furibusque
3244 539 3668 609 reconduntur,

257 616 469 680 πεδίοις
526 616 1002 693 ἰμπλατυνόμενοι
1057 618 1147 673 καὶ
1204 625 1322 681 τοῖς
1380 614 1549 694 ὄρεσι,
1579 619 1669 674 καὶ
1724 620 1790 674 τὰ
1823 619 1915 692 μὶν

2033 622 2124 692 qui
2152 622 2223 677 ob
2250 638 2552 677 servorum
2585 628 2642 678 et
2673 624 3122 696 quadrupedum
3141 642 3342 698 greges
3363 627 3666 685 insolesci-

261 706 502 785 ἔχοντες,
558 708 627 763 τὰ
666 705 723 762 δὲ
787 702 1322 783 προσλαμϐάνοντες,
1368 709 1437 762 τὰ
1486 705 1544 763 δὲ
1597 707 1914 782 μίλλοντες,

258 798 393 853 κατᾶ
420 805 520 867 τὴν
573 794 973 871 Σολομόντειον
1026 795 1260 872 βδέλλαν
1305 796 1689 869 ἐμπλησθῆναι
1724 800 1798 871 μή
1835 796 1921 852 δυ-

260 886 521 961 ναμένην,
582 885 793 960 ὁμοίως
843 885 966 961 ᾃδῃ,
1015 886 1105 942 καὶ
1160 890 1255 962 γῇ,
1300 888 1389 942 καὶ
1432 887 1586 962 πυρὶ,
1619 887 1708 943 καὶ
1740 884 1913 961 ὕδατι,

257 977 349 1034 καὶ
397 980 685 1049 ζητοῦντες
737 976 1065 1050 οἰκουμένην
1119 976 1301 1052 ἰτὶραν
1332 976 1407 1040 εἷς
1438 984 1649 1049 κτῆσιν,
1680 978 1771 1032 καὶ
1798 982 1915 1039 τοῖς

256 1070 355 1124 τοῦ
412 1070 543 1124 Θεοῦ
600 1066 773 1143 ὁρίοις
822 1066 1308 1141 καταμεμφόμενοι
1366 1067 1439 1129 ὡς
1487 1068 1830 1143 μικροτέροις
1878 1066 1915 1135 ἢ

256 1155 394 1211 κατὰ
468 1156 569 1225 τὴν
646 1156 847 1211 ὶαυτῶν
924 1154 1211 1228 ἰπιθυμίαν
1287 1155 1377 1210 καὶ
1454 1153 1797 1225 ἀπληστίανς
1855 1153 1915 1208 Τί

259 1243 348 1300 δαὶ
409 1246 542 1318 (49),
599 1244 650 1299 οἱ
708 1249 824 1307 τοῖς
885 1242 1124 1319 ὑψηλοῖς
1190 1244 1403 1318 θρόνοις
1478 1244 1913 1319 ἐγκαθεζόμενοι,

259 1334 352 1389 καὶ
405 1334 506 1403 τὴν
563 1332 800 1409 ἀρχικήν
859 1334 1060 1404 σκηνὴν
1115 1330 1381 1409 αἶ’ροντες,
1438 1334 1529 1389 καὶ
1583 1335 1684 1403 τήν
1747 1332 1914 1411 ὀφρὺν

257 1426 368 1478 τῶν
417 1423 653 1499 θεάτρων
720 1420 1086 1498 ὑψηλοτέραν,
1142 1422 1233 1478 καὶ
1300 1425 1375 1497 μὴ
1426 1418 1775 1498 λογιζόμενοι
1822 1422 1912 1478 τὸν

2026 727 2159 766 mus
2196 728 2210 779 ;
2243 711 2341 782 qui
2363 712 2422 766 in
2454 712 2678 784 campis
2711 718 2766 768 et
2799 714 3098 769 montibus
3119 715 3459 787 dilatamur,
3494 722 3670 790 atque

2026 798 2277 871 aliajam
2312 800 2615 872 habemus,
2650 802 2765 857 alia
2787 803 3186 875 adjungimus,
3246 805 3471 877 aliaque
3516 809 3671 879 jam-

2018 890 2144 961 jam
2175 890 2443 961 adepturi
2475 908 2703 960 sumus,
2738 891 2923 948 instar
2953 893 3111 949 illius
3142 896 3539 969 sanguisuga,
3569 914 3671 953 cu-

2019 980 2121 1050 jus
2138 980 2407 1035 meminit
2440 980 2711 1036 Salomon
2734 982 2797 1047 ⁸⁸,
2824 999 2949 1053 quae
2972 983 3188 1055 expleri
3219 986 3445 1057 nequit,
3470 1004 3673 1059 quem-

2026 1069 2345 1123 admodum
2377 1085 2477 1124 nec
2509 1070 2796 1141 infernus,
2830 1086 2933 1127 nec
2963 1076 3139 1140 terra,
3172 1091 3277 1131 nec
3334 1074 3513 1147 ignis,
3564 1093 3670 1133 nec

2026 1174 2217 1229 aqua;
2252 1174 2581 1229 novumque
2610 1160 2832 1231 orbem,
2858 1177 3031 1232 quem
3062 1163 3493 1235 possideamus,
3514 1183 3671 1237 quaa-

2025 1248 2232 1316 rimus,
2266 1264 2332 1302 ac
2362 1248 2461 1302 Dei
2492 1248 2783 1319 terminis,
2817 1254 2881 1304 ut
2936 1250 3309 1308 insaturabili
3343 1258 3542 1310 nostra
3575 1272 3675 1310 cu-

2024 1337 2267 1409 piditate
2322 1336 2672 1404 minoribus,
2704 1345 3167 1397 succensemus?
3208 1342 3358 1407 Quid
3396 1360 3530 1399 vero
3559 1342 3672 1412 illi,

2026 1426 2127 1498 qui
2157 1426 2216 1481 in
2248 1425 2693 1483 sublimioribus
2722 1427 2951 1483 thronis
2972 1431 3198 1498 sedent,
3232 1435 3408 1503 atque
3438 1432 3671 1505 imperii

261 1509 350 1567 ἰπὶ
379 1517 509 1567 πᾶσι
557 1512 707 1585 Θεὸν,
750 1512 842 1568 καὶ
895 1512 957 1567 τὸ
1005 1511 1294 1589 ἀπρόσιτον
1328 1512 1465 1586 ὕψος
1492 1518 1589 1583 τῆς
1647 1512 1914 1581 ἀληθινῆς

2033 1532 2261 1572 scenam
2292 1514 2589 1585 attollunt,
2621 1532 2687 1571 ac
2718 1517 3096 1588 supercilium
3129 1519 3375 1576 theatris
3405 1520 3552 1593 ipsis
3583 1522 3669 1579 al-

262 1598 564 1677 βασιλείας,
609 1599 683 1656 ἵν’
731 1601 809 1664 ὡς
839 1598 1163 1675 ὁμοδούλων
1192 1606 1307 1658 τῶν
1341 1600 1595 1673 ὑπηκόων
1648 1599 1912 1677 ἄρχωσιν,

2033 1604 2181 1672 tius;
2215 1620 2319 1660 nec
2352 1609 2554 1675 Deum,
2588 1605 2689 1676 qui
2720 1622 2895 1677 super
2924 1608 3121 1663 omnia
3149 1615 3255 1676 est,
3289 1610 3671 1666 necinacces-

258 1691 311 1745 οἱ
340 1698 439 1761 τῆς
488 1687 613 1760 ἴσης
660 1688 910 1763 δεόμενοι
959 1689 1411 1769 φιλανθρωπίαςς
1468 1687 1758 1745 Σκόπειδὲ
1819 1710 1911 1763 μοι

2033 1692 2191 1749 sibile
2222 1692 2366 1748 illud
2389 1695 2506 1749 veri
2532 1694 2692 1765 regni
2714 1695 3012 1767 fastigium
3035 1697 3427 1769 considerant,
3447 1700 3667 1755 utsub-

264 1781 355 1836 καὶ
384 1779 515 1843 τοὺς
562 1778 1090 1843 κατασπαταλῶντας
1137 1780 1225 1835 ἐπὶ
1274 1780 1475 1835 κλινῶν
1526 1779 1911 1857 ἐλεφαντίνων,

2033 1784 2181 1854 ditis,
2215 1788 2501 1855 tanquam
2531 1784 2848 1848 conservis,
2882 1785 3191 1857 imperent,
3224 1787 3324 1859 qui
3348 1789 3551 1844 eadem
3574 1790 3670 1844 be-

260 1870 335 1925 ῶν
395 1869 579 1933 καλῶς
634 1870 661 1923 ὁ
709 1871 850 1932 θεῖος
903 1871 1085 1943 Ἀμὼς
1135 1870 1483 1937 καθάπτεται,
1513 1869 1698 1923 καὶτὰ
1726 1873 1916 1944 πρῶτα

2033 1873 2311 1945 nignitate
2372 1890 2519 1944 opus
2576 1873 2840 1929 habent?
2890 1875 3023 1930 Jam
3054 1892 3151 1931 eos
3183 1893 3414 1949 quoque
3437 1882 3665 1949 spectes

265 1956 409 2035 μύρα
436 1960 791 2035 χριομένους,
822 1958 910 2013 καὶ
940 1962 1008 2032 τῇ
1041 1962 1191 2036 φωνῇ
1239 1963 1347 2013 τῶν
1400 1958 1638 2035 ὀργάνων
1692 1958 1912 2034 ἐπικρο-

2033 1963 2219 2031 velim,
2273 1980 2420 2034 quos
2451 1962 2685 2018 divinus
2714 1965 2887 2018 Amos
2917 1964 3157 2035 pulchre
3181 1967 3540 2038 perstringit,
3566 1968 3669 2037 qui

255 2052 503 2121 τοῦντας,
553 2047 642 2102 καὶ
689 2052 797 2103 τῶν
853 2046 1157 2123 φευγόντων
1205 2048 1279 2109 ὡς
1326 2047 1628 2121 ἱσταμένων
1678 2047 1908 2123 ἐξηρτη-

2033 2053 2081 2108 in
2113 2051 2387 2108 eburneis
2411 2050 2576 2106 lectis
2597 2050 2927 2123 lasciviunt,
2964 2053 3525 2126 pretiosissimisque
3556 2072 3670 2111 un-

266 2138 479 2211 μὲνους’
538 2135 685 2191 ἀλλὰ
751 2138 825 2210 μὴ
880 2136 951 2210 τῇ
1002 2132 1262 2211 συντριϐῇ
1316 2142 1413 2191 τοῦ
1458 2138 1659 2214 Ἰωσὴφ
1718 2136 1910 2191 συναλ-

2033 2142 2251 2214 ςυοηῐὶε
2283 2141 2737 2212 perfunduntur,
2763 2146 2938 2213 atque
2954 2144 3023 2196 ad
3057 2144 3416 2199 musicorum
3450 2145 3669 2200 instru-

256 2227 483 2303 γοῦντάς
538 2246 598 2281 τε
652 2227 740 2280 καὶ
800 2225 1241 2300 συμπάσχοντας·
1304 2223 1421 2280 δίον
1465 2225 1742 2301 χρηστοὺς
1777 2226 1908 2280 εἶναι

2033 2234 2355 2285 mentorum
2369 2246 2543 2284 sonos
2562 2229 2945 2301 applaudunt,
2970 2231 3263 2302 rebusque
3287 2232 3665 2304 fugientibus,

255 2319 374 2377 τοῖς
402 2319 855 2392 ίπροεμπεσοῦσι,
909 2314 998 2369 καὶ
1041 2319 1120 2386 τῷ
1165 2312 1303 2387 ἐλέῳ
1344 2319 1567 2379 κτᾶσθαι
1616 2316 1708 2370 τὸν
1738 2312 1907 2371 ἔλεον

2033 2323 2087 2374 ut
2115 2318 2301 2374 ﬁrmis
2330 2322 2386 2374 et
2416 2318 2750 2385 stabilibus,
2778 2319 2991 2374 addicti
3019 2324 3159 2376 sunt
3182 2341 3196 2391 ς
3222 2338 3337 2376 non
3366 2325 3562 2377 autem
3594 2322 3666 2377 ob

261 2402 548 2474 ὀλολύζειν
577 2404 754 2478 πίτυν,
786 2401 868 2459 ὅτι
918 2404 1169 2459 πέπτωκε
1214 2400 1432 2480 κέδρος,
1490 2403 1580 2458 καὶ
1624 2406 1737 2478 (50)
1786 2425 1911 2459 νου-

2033 2407 2260 2480 losephi
2289 2407 2692 2463 contritionem
2727 2407 2987 2465 dolorem
3013 2426 3079 2465 ac
3110 2409 3438 2467 molestiam
3476 2410 3667 2467 conci-

261 2495 523 2551 θετεῖσθαι
597 2497 668 2568 τῇ
738 2498 846 2549 τῶν
921 2491 1172 2564 πλησίων
1240 2492 1452 2569 πληγῇ,
1511 2492 1600 2549 καὶ
1661 2491 1751 2548 διὰ
1806 2498 1909 2549 τῶν

2033 2498 2192 2570 piunt
2218 2498 2284 2552 3°.
2316 2497 2493 2569 Atqui
2525 2498 2847 2569 oportebat,
2900 2502 2964 2553 ut
3014 2514 3133 2568 eos,
3196 2500 3296 2571 qui
3355 2500 3578 2572 priores
3607 2500 3670 2556 in

258 2583 567 2660 ἀλλοτρίων
619 2588 799 2639 κακῶν
851 2582 919 2638 τὰ
973 2582 1149 2638 οἰκεῖα
1204 2580 1260 2636 εὗ
1323 2582 1579 2654 τίθεσθαι,
1655 2587 1914 2638 τοσοῦτον

2033 2588 2417 2643 :alamitatem
2448 2587 2797 2658 inciderant,
2830 2588 3187 2660 benignitate
3209 2589 3670 2661 complecteren-

257 2670 425 2729 πλέον
467 2671 694 2749 ἔχοντας
750 2677 859 2729 τῶν
917 2670 1359 2750 προειληφότων,
1409 2671 1533 2727 ’ὀσον
1593 2669 1785 2733 αὐτοὺς
1844 2669 1915 2727 δι’

2033 2681 2142 2743 tur,
2157 2693 2223 2732 ac
2242 2675 2640 2732 misericordia
2653 2675 3115 2733 misericordiam
3130 2678 3242 2734 sibi
3265 2678 3662 2736 conciliarent:

258 2762 476 2817 ἐκείνων
509 2768 749 2832 σωθῆναι
782 2763 916 2837 (51),
950 2760 1096 2818 ἀλλά
1129 2762 1205 2836 μὴ
1256 2759 1326 2816 δι’
1354 2760 1527 2817 αὐτῶν
1560 2761 1774 2837 ἑτέρους
1807 2782 1913 2816 σω-

2033 2766 2348 2838 oportebat,
2380 2766 2644 2837 inquam,
2688 2767 2937 2822 abietem
2987 2766 3234 2837 ululare,
3269 2767 3409 2840 quia
3464 2768 3673 2823 cecidit

260 2860 635 2930 φρονισθῆναι.

2033 2855 2235 2910 cedrus
2256 2856 2321 2921 9°,
2353 2872 2419 2910 ac
2476 2855 2806 2910 vicinorum
2866 2855 3035 2928 plaga
3088 2857 3329 2923 erudiri,
3362 2861 3539 2928 atque
3571 2873 3673 2928 per

266 2943 459 2999 aliena
510 2944 667 3001 mala
722 2944 898 3001 rebus
941 2945 1066 3001 suis
1120 2944 1300 3016 probe
1357 2943 1703 3011 consulere;
1753 2946 1819 2999 ut
1875 2943 1975 3015 qui
2006 2943 2115 2998 hoc
2148 2944 2351 3015 utique
2379 2943 2615 2999 nomine
2647 2944 2857 3015 potiori
2881 2944 3211 3001 conditione
3234 2950 3455 3013 essent,
3486 2962 3666 3016 quam

262 3034 324 3100 ii,
360 3032 460 3104 qui
495 3038 936 3106 praecesserunt,
970 3034 1129 3105 quod
1155 3033 1267 3106 ipsi
1302 3050 1404 3105 per
1433 3032 1579 3089 alios
1630 3032 1881 3089 salutem
1913 3033 2189 3105 consequi
2216 3032 2529 3105 potuerint,
2564 3049 2677 3088 non
2711 3038 2906 3089 autem
2940 3033 3037 3089 alii
3070 3052 3172 3107 per
3216 3036 3376 3107 ipsos
3431 3034 3667 3090 eruditi.

334 3124 413 3181 K'.
447 3126 630 3182 Ταῦτα
683 3121 1171 3200 συμφιλοσόφησον
1230 3123 1389 3195 ἡμῖν,
1436 3122 1481 3175 ὦ
1530 3120 1647 3185 θεία
1674 3120 1763 3176 καὶ
1794 3121 1914 3197 ἰερὰ

2096 3122 2212 3179 XX.
2248 3123 2377 3178 Haec
2408 3122 2716 3178 nobiscum
2750 3122 3183 3195 philosophare,
3218 3124 3303 3179 vir
3362 3124 3554 3182 divine
3612 3128 3671 3181 et

260 3212 493 3290 κεφαλὴ,
528 3212 617 3267 καὶ
648 3209 867 3282 πολλὴν
898 3210 1181 3286 ἐμπειρίαν
1211 3215 1290 3282 τῷ
1324 3214 1514 3285 μακρῷ
1563 3212 1675 3283 (52)
1724 3209 1913 3287 χρόνῳ

2033 3216 2416 3281 sacrosancte,
2449 3212 2665 3284 quippe
2696 3211 2869 3284 longo
2923 3213 3204 3285 temporis
3244 3214 3434 3285 spatio
3464 3214 3671 3287 ingen-

260 3299 656 3375 συλλεξαμὲνη,
715 3299 764 3374 ἐξ
812 3301 881 3370 ἦς
928 3300 1087 3378 σοφία
1137 3299 1362 3375 γίνεται.
1393 3298 1616 3361 Τούτοις
1660 3298 1751 3354 τὸν
1782 3298 1912 3354 λαόν

2033 3305 2141 3357 tem
2171 3317 2369 3357 rerum
2399 3318 2600 3369 usum,
2633 3318 2701 3357 ex
2723 3318 2839 3373 quo
2864 3302 3155 3374 sapientia
3182 3303 3466 3371 nascitur,
3495 3303 3671 3360 colle-

262 3411 358 3447 σου
414 3392 744 3469 κατάρτισαι.
824 3388 1041 3462 Δίδαξον
1119 3387 1459 3466 διαθρύπτειν
1518 3393 1743 3444 πεινῶσι
1800 3392 1915 3460 (53)

259 3481 351 3535 τὸν
408 3482 587 3557 ἄρτον,
648 3479 737 3535 καὶ
794 3479 1053 3556 πτωχοὺς
1129 3478 1383 3557 ἀστὲγους
1460 3479 1705 3556 συνάγειν
1781 3480 1913 3552 (54),

259 3572 350 3626 καὶ
398 3571 713 3646 γυμνότητσ
760 3569 1161 3647 περιστίλλειν,
1208 3570 1297 3625 καὶ
1351 3572 1425 3644 μὴ
1476 3574 1732 3645 περιορᾷν
1786 3567 1912 3630 τοὺς

261 3659 351 3739 ἀφ’
379 3657 630 3735 α’ίματοςι
666 3660 755 3715 καὶ
784 3664 875 3717 νῦν
914 3658 1172 3735 μάλιστα,
1197 3658 1271 3715 ’ίν’
1392 3660 1454 3714 τὸ
1511 3658 1710 3735 ἀγαθὸν
1757 3660 1918 3730 ἡμῶν

258 3748 320 3804 ἑκ
373 3751 474 3819 τῆς
532 3749 743 3826 χρείας,
810 3751 884 3822 μὴ
942 3754 1039 3804 τοῦ
1098 3748 1548 3824 περισσεύματος·
1601 3747 1637 3823 ᾖ
1701 3746 1915 3820 μᾶλλον

259 3838 605 3914 καρποφορίᾳ
667 3837 794 3898 Θεὸς
869 3835 1226 3914 εὐφραίνεται,
1393 3834 1595 3905 πλήθει
1652 3842 1755 3905 τῆς
1816 3834 1919 3889 εἷσ-

261 3931 431 4004 φορᾶς
464 3924 553 3979 καὶ
591 3925 804 4000 μεγέθει
834 3931 936 3994 τῆς
984 3920 1298 3981 ἐπιδόσεως.
1360 3924 1482 3980 Ἐπὶ
1532 3922 1770 3991 τούτοις,
1828 3922 1917 3977 καὶ

260 4014 369 4087 πρὸ
422 4013 649 4083 τούτων,
708 4016 869 4089 γενοῦ⁹
932 4033 1024 4085 μοι
1083 4018 1309 4081 Μωσῆς,
1353 4012 1389 4079 ἢ
1441 4012 1626 4073 Φινεὲς
1656 4013 1915 4086 σήμερον.

267 4107 436 4171 Στῆθι
466 4102 589 4178 περὶ
620 4104 780 4175 ἡμῶν
814 4104 944 4174 (55),
979 4100 1067 4156 καὶ
1100 4098 1361 4171 ἐξίλασαιο
1391 4099 1481 4154 καὶ
1533 4101 1823 4155 κοπασάτω
1880 4100 1915 4169 ἡ

265 4190 502 4264 θραῦσις,
552 4188 659 4245 εἷ’τε
707 4187 796 4245 διὰ
844 4189 1029 4251 θυσίας
1076 4195 1451 4262 πνευματικῆς
1503 4191 1636 4263 (56),
1696 4185 1802 4243 εἷ’τε
1851 4187 1921 4243 δι’

262 4278 433 4354 εὐχῆς
502 4279 593 4335 καὶ
672 4276 905 4356 λογικῆς
982 4280 1270 4352 ἐντεύξεως
1324 4285 1459 4355 (57).
1518 4280 1775 4356 Ἐπίσχες
1820 4281 1920 4349 τὴν

265 4367 433 4445 ὀργὴν
487 4367 687 4445 Κυρίου
733 4373 801 4443 τῇ
856 4370 1095 4445 μεσιτείᾳ
1310 4376 1507 4441 στῆσον
1550 4371 1649 4439 τὴν
1681 4367 1919 4425 ἀκολου-

262 4457 379 4522 θίαν
436 4465 535 4529 τῆς
595 4458 872 4536 μάστιγος.
932 4457 1088 4518 Οἶδεν
1140 4457 1399 4515 αἰδεῖσθαι
1456 4461 1660 4536 πατρὸς
1716 4456 1917 4514 πολιὰν

264 4546 396 4623 ὑπὲρ
439 4547 639 4605 τέκνων
697 4543 1120 4623 πρεσϐεύουσαν.
1171 4551 1408 4620 Δεήθητι
1452 4549 1577 4625 περὶ
1632 4554 1734 4617 τῆς
1790 4567 1923 4623 παρ-

263 4632 531 4707 ελθούσης
578 4635 789 4700 κακίας·
840 4636 902 4693 τὸ
972 4634 1177 4711 μίλλον
1247 4636 1533 4713 ἰγγύησαι.
1602 4636 1922 4713 Προσάγαγε

2026 3391 2182 3463 gisti.
2215 3392 2319 3446 His
2349 3390 2633 3463 populum
2662 3394 2832 3448 tuum
2865 3391 3106 3448 instrue.
3132 3398 3279 3449 Doce
3302 3409 3513 3465 panem
3535 3409 3669 3449 esu-

2024 3480 2197 3537 rienti
2221 3482 2487 3553 frangere
2518 3482 2586 3548 91,
2616 3485 2675 3536 et
2703 3497 2991 3554 pauperes
3039 3486 3191 3538 tecto
3222 3487 3485 3539 carentes
3508 3481 3670 3537 colli-

2026 3587 2180 3643 gere,
2204 3576 2262 3626 et
2283 3571 2607 3627 nuditatem
2628 3576 2836 3641 tegere,
2865 3588 2969 3626 nec
2986 3572 3453 3644 consanguineos
3476 3572 3670 3643 despi-

2026 3676 2190 3728 cere;
2225 3676 2289 3715 ac
2321 3677 2477 3716 nunc
2532 3661 2879 3731 praesertim,
2913 3666 2978 3715 ut
3032 3662 3254 3716 bonum
3287 3665 3554 3717 nostrum
3605 3677 3675 3715 ex

2027 3749 2274 3821 penuria
2302 3750 2398 3817 sit,
2432 3767 2546 3804 non
2578 3766 2647 3804 ex
2677 3750 3038 3805 abundantia
3062 3768 3075 3805 :
3096 3768 3211 3821 quo
3236 3766 3476 3805 munere
3498 3750 3675 3819 Deus,

2028 3838 2216 3909 magis
2247 3838 2396 3895 315
2434 3854 2612 3908 quam
2648 3838 2849 3893 multis
2881 3838 3278 3894 oblationibus
3331 3838 3680 3909 magnisque

2029 3925 2463 3997 largitionibus,
2489 3925 2831 3981 delectatur.
2873 3925 3011 3981 Post
3041 3925 3181 3994 haec,
3218 3926 3338 3981 imo
3371 3930 3505 3981 ante
3539 3926 3679 3997 haec,

2028 4020 2154 4070 esto
2186 4013 2333 4068 mihi
2364 4013 2647 4068 hodierno
2707 4014 2801 4069 die
2851 4014 3080 4083 Moyses
3129 4018 3186 4069 et
3212 4013 3464 4069 Phinees
3481 4015 3548 4068 ’9.
3582 4014 3683 4069 Sta

2030 4120 2132 4175 pro
2160 4102 2350 4168 nobis,
2384 4106 2440 4158 et
2470 4101 2639 4173 placa
2667 4127 2680 4170 ;
2712 4107 2770 4158 et
2791 4108 2977 4159 cesset
3008 4104 3305 4173 quassatio
3328 4104 3394 4174 93,
3427 4104 3548 4159 sive
3578 4119 3683 4175 per

2028 4190 2336 4263 spirituale
2356 4191 2737 4259 sacriﬁcium,
2761 4191 2881 4247 sive
2912 4208 3014 4263 per
3044 4192 3367 4248 orationem
3399 4209 3465 4247 ac
3505 4192 3679 4247 ratio-

2029 4280 2221 4336 nalem
2254 4280 2759 4336 intercessionem.
2812 4280 3045 4336 Domini
3096 4281 3459 4337 iracundiam
3508 4281 3684 4337 inter-

2026 4374 2203 4426 ventu
2222 4374 2323 4425 tuo
2347 4368 2599 4441 reprime
2622 4387 2636 4437 ;
2664 4369 2867 4442 plagas
2891 4370 3164 4443 deinceps
3185 4374 3499 4443 sequentes
3522 4385 3680 4425 com-

2028 4475 2220 4531 pesce.
2252 4459 2442 4515 Patris
2465 4458 2676 4515 canitie
2708 4476 2811 4531 pro
2843 4458 2983 4515 filiis
3038 4460 3400 4516 obsecrantis
3450 4476 3682 4531 permo-

2027 4549 2147 4605 veri
2174 4548 2342 4605 solet.
2394 4548 2502 4604 Pro
2535 4548 2828 4620 praeterita
2858 4549 3231 4621 improbitate
3275 4567 3412 4617 ora;
3440 4549 3682 4605 meliora

2031 4640 2091 4695 in
2124 4642 2425 4712 posterum
2457 4637 2528 4695 de
2563 4637 2732 4695 nobis
2762 4637 3052 4710 pollicere.
3084 4639 3239 4695 Ot'fer
3268 4638 3552 4712 populum
3583 4654 3680 4695 cu-

330 4780 375 4818 ”
406 4782 570 4838 Prov.
602 4780 852 4851 xxx,15.
928 4781 974 4818 ⁸ο
1011 4783 1189 4839 Amos
1216 4797 1296 4854 vr,
1346 4782 1380 4839 4
1426 4797 1556 4854 sqq.
1634 4782 1680 4818 9°
1732 4782 1906 4840 Zach.
1966 4798 2045 4849 xx,
2081 4786 2135 4837 2.
2188 4783 2230 4819 θι
2292 4783 2405 4838 Isa.
2438 4798 2596 4853 LvuI,
2628 4782 2683 4838 7.
2762 4783 2807 4819 ’9
2840 4782 3016 4839 Exod.
3068 4800 3247 4852 xxxn,
3281 4785 3370 4843 11.
3446 4784 3491 4823 ³³
3522 4784 3677 4842 Psal.

266 4885 356 4938 ον,
383 4870 476 4938 23,
507 4871 598 4925 30.

336 5009 451 5089 (ﬁt?)
476 5009 589 5089 Aut.
626 5014 805 5087 Regg.
838 5017 960 5081 bm,
987 5017 1065 5089 ph

336 5085 449 5225 (50)
484 5084 601 5156 Καί,
636 5084 805 5144 Deest
832 5089 891 5170 in
930 5084 1109 5162 Regg.
1143 5106 1197 5158 a,
1229 5103 1280 5155 ο,
1312 5087 1431 5153 bm,
1456 5086 1584 5169 ph,.
1616 5091 1675 5143 et
1731 5087 1828 5143 Or.
1860 5090 1915 5143 2.

356 5157 450 5225 51)
481 5160 753 5225 Σωθῆναιι.
806 5160 1010 5216 Billius
1051 5179 1064 5217 :
1121 5183 1149 5211 «
1180 5163 1479 5216 consecuti
1537 5162 1677 5213 sint.
1714 5181 1744 5209 »
1792 5160 1915 5214 Non

356 5157 753 5225 51)Σωθῆνεκι.
806 5157 1082 5217 ΒίΙΙίυεΓῖ
1121 5157 1479 5216 «Consecuti
1537 5158 1744 5213 sint.»
1792 5160 1918 5214 Non

266 5231 460 5302 recte:
498 5228 750 5287 salutem
784 5232 939 5288 enim
972 5250 1087 5288 non
1130 5236 1268 5287 sunt
1298 5230 1616 5298 consecuti,
1650 5231 1751 5285 sed
1783 5248 1919 5302 per-

266 5298 519 5378 niciem;
546 5318 659 5378 pec
691 5320 769 5378 ex_
788 5303 1034 5361 aliorum
1058 5304 1246 5378 poenis
1260 5303 1475 5361 eruditi
1508 5306 1669 5373 sunt,
1702 5306 1765 5358 ut
1784 5298 1921 5359 mox

267 5372 504 5448 exponit
536 5373 870 5448 Gregorius.

379 5388 504 5427 onlt
536 5388 870 5448 uregorlus.

338 5388 450 5585 {52)
484 5449 708 5533 Maxpf'p.
744 5448 881 5531 Reg.
910 5449 1032 5519 bm,
1062 5443 1280 5517 πολλῷ.

362 5516 454 5585 53)
485 5521 741 5575 Ηεινωσι.
778 5520 873 5576 Sic
897 5524 991 5577 Or.
1021 5521 1075 5575 2.
1110 5524 1175 5574 In
1208 5518 1277 5574 ed

338 5585 433 5654 (ει

339 5656 433 5732 (55

485 5518 741 5575 Ηεινῶσι.
778 5518 873 5576 Sic
897 5524 991 5577 Or.
1018 5518 1075 5575 2.
1110 5524 1175 5574 In
1208 5518 1323 5585 ed.,
1356 5519 1632 5574 πεινῶντι.

479 5589 758 5666 Σὶινάγειν.
780 5597 849 5666 In
877 5593 1259 5666 quibusdam,
1291 5593 1631 5666 συναγαγεῖν.

502 5634 645 5740 ἥξει
659 5634 851 5738 ita:
876 5634 1259 5739 sagitta?
1285 5634 1469 5736 ἧξιέἐζ

434 5517 454 5731 ξ

2292 5012 2397 5089 Διὰ,
2450 5009 3148 5089 θυσίαςῌπνευματικῆς.
3229 5040 3257 5067 ‹‹
3332 5021 3471 5089 Ρθιγ
3518 5016 3685 5089 spiri-

2027 5085 2591 5164 tualesacriﬁcium.
2626 5108 2654 5136 »
2685 5085 3173 5164 Nicetasexponit
3204 5107 3304 5161 per
3331 5089 3427 5157 τὴν
3462 5085 3682 5164 ιερδυρ-

2027 5158 2258 5234 γίανὶηἰίί
2290 5164 2400 5221 est,
2438 5178 2465 5206 «
2498 5157 3117 5234 missasusacrilicium.
3153 5184 3180 5210 ››

2098 5232 2210 5302 (57)
2273 5234 2514 5303 Λογικῇς
2558 5226 2869 5303 ἐντεύξεως.
2932 5232 3022 5286 Sic
3082 5231 3681 5303 passim_Gregor_ius

2028 5299 2218 5377 mutat
2250 5299 2403 5377 quod
2436 5300 2673 5377 Paulus,
2706 5301 2873 5377 Rom.
2906 5319 3005 5377 xii,
3042 5299 3293 5377 1,7vocat
3326 5299 3551 5377 λογικῆς
3585 5299 3680 5355 λαο

2025 5372 2229 5457 τρείας.
2255 5368 2542 5457 Caeterum
2572 5370 2773 5457 λογική
2808 5368 3037 5443 ἔντευξις
3065 5368 3296 5457 videtur
3325 5368 3453 5457 esse
3494 5368 3522 5457 «ι
3551 5391 3679 5429 ora-

2027 5445 2129 5515 tio,
2164 5469 2192 5528 ξ)
2225 5462 2352 5516 quas
2379 5445 2443 5499 fit
2472 5445 2647 5501 verbo
2696 5462 2763 5499 ac
2802 5452 3015 5517 mente,
3059 5469 3088 5498 «
3119 5447 3473 5521 deprecatio,
3498 5447 3677 5502 inter-

2030 5535 2235 5574 cessio.
2272 5540 2298 5565 υ

2100 5591 2212 5673 (ᾷβ)
2242 5590 2317 5659 Τῇ
2355 5584 2614 5673 μεσιτείᾳ.
2647 5587 2739 5643 Sic
2770 5587 2949 5661 Regg.
2995 5607 3048 5659 a,
3111 5607 3162 5663 ο,
3224 5594 3380 5661 Par.,
3440 5593 3551 5648 etc.
3615 5590 3682 5647 In

2030 5656 2227 5734 editis,
2265 5656 2538 5736 μεσιταία.
