4094 6288
439 337 558 395 963
1680 328 1745 388 S.
1793 327 2163 389 GREGORII
2208 327 2601 389 THEOLOGI
2951 402 2958 410 _
3732 330 3853 389 96‘

436 466 698 523 lamitate
732 480 795 518 ac
818 465 978 518 metu
1000 465 1336 532 purgatum.
1360 460 1708 531 Corpoream
1740 459 2053 515 alimoniam

2236 458 2325 511 αὸν
2382 457 2569 534 πληγῇ
2629 459 2740 531 (59)
2798 457 2887 511 καὶ
2946 453 3102 535 φόϐῳ
3159 456 3578 533 κεκαθαρμένον.
3613 457 3849 529 Αἷτησαι

436 561 563 627 pete
591 571 605 622 ;
638 552 963 624 angelicam
994 550 1171 606 etiam
1203 566 1232 605 e
1262 548 1404 604 caelo
1437 551 1887 606 descendentem
1917 550 2044 622 priu

2229 548 2285 615 ὴν
2346 548 2661 620 σωματικὴν
2729 549 2951 624 τροφήν·
3021 544 3235 617 αἶίεησαι
3304 547 3408 620 πρὸ
3483 546 3688 616 ταύτης
3756 547 3846 602 καὶ

434 650 584 715 pete.
620 644 735 698 Hoc
768 641 813 696 si
849 640 1075 705 feceris,
1110 645 1288 693 Deum
1349 639 1515 693 nobis
1571 639 1931 710 conciliabis,
1964 658 2047 695 cce

2228 636 2284 703 ὴν
2336 634 2626 711 ἀγγελικὴν
2675 635 2725 705 ἐξ
2774 635 3003 706 οὺρανοῦ
3059 630 3504 691 καταϐαίνουσαν.
3556 641 3650 689 Ἀν
3683 640 3845 691 τοῦτο

432 732 556 787 lum
589 730 909 802 mitigabis,
932 728 1280 783 matutinain
1308 732 1359 781 et
1392 729 1709 783 serotinam
1742 729 2001 800 pluviam
2032 731 2049 763 ⁹

2230 726 2442 798 οιήσῃς,
2501 725 2799 786 οἷκειώσεις
2860 724 2984 778 Θεὸν
3049 726 3183 799 (60),
3232 724 3539 799 ἡμερὼσεις
3590 723 3844 798 οὐρρινὸν⁸

431 822 660 878 reddes.
688 821 950 875 Dominus
978 818 1129 873 dabit
1170 818 1578 887 benignitatem,
1625 823 1676 874 et
1707 823 1859 873 terra
1889 824 2048 874 ηοδιη

2224 811 2486 876 ποδωσεις
2547 814 2695 868 ὑετὸν
2746 813 2998 890 πριῦιμόν
3048 835 3107 868 τε.
3153 814 3241 868 καὶ
3289 812 3513 887 δψιμον,
3558 818 3611 866 ⁴Ο
3645 813 3841 889 Κύριος

428 903 579 958 dabit
632 904 875 972 fructum
932 916 1096 954 suum
1143 898 1224 952 πί
1290 896 1435 965 haac,
1494 898 1759 969 inquam,
1812 899 2045 954 inferior

2221 905 2345 958 ὡσεί
2377 903 2747 979 χρηστότητα,
2800 902 2887 958 καὶ
2938 907 2971 973 ἡ
3023 910 3094 978 γῆ
3138 905 3298 976 ἡμῶν
3327 901 3484 957 δώσει
3516 902 3605 957 τὸν
3636 904 3838 978 καρπὸν

431 991 873 1065 quotidianum;
906 987 1100 1043 carnis
1158 990 1353 1041 autem
1406 992 1616 1042 nostrae
1651 993 1823 1059 terra,
1856 989 2044 1060 sempi

2221 992 2371 1064 ὐτῆς,
2423 995 2456 1062 ἡ
2510 993 2655 1047 κάτω
2704 1014 2783 1068 γε,
2833 994 2921 1047 τὸν
2973 991 3269 1070 ἐφήμερον,
3322 993 3409 1046 καὶ
3444 993 3471 1046 ὁ
3504 996 3639 1067 χοῦς
3676 995 3838 1065 ἡμῶν

429 1090 686 1148 ternum,
722 1096 896 1150 quem
920 1077 1132 1133 divinis
1154 1076 1377 1132 horreis
1399 1092 1502 1148 per
1532 1082 1606 1143 te,
1634 1082 1690 1133 et
1722 1095 1827 1133 nos
1858 1082 1916 1133 et
1945 1095 2042 1133 mu

2226 1083 2271 1135 ὃν
2306 1082 2548 1154 αἰώνιον,
2583 1081 2639 1136 ὅν
2671 1086 2788 1145 ταῖς
2817 1081 2984 1144 θείαις
3034 1081 3225 1151 ληνοῖς
3274 1080 3723 1153 ἐναποθςσόμεθα
3756 1078 3843 1135 διὰ

430 1189 569 1227 nera
615 1173 814 1225 nostra
869 1167 1229 1234 offerentem,
1292 1166 1685 1237 imponemus,
1736 1168 1794 1221 in
1846 1168 2047 1224 ΟὺΓῘΒὶι

2221 1175 2298 1239 οὗ,
2360 1170 2722 1247 προσάγοντος
2775 1173 2885 1245 (61)
2930 1174 3077 1244 ἡμᾶς
3126 1191 3183 1225 τε
3232 1168 3320 1224 καὶ
3369 1169 3435 1224 τὰ
3492 1170 3755 1244 ἡμέτερα,
3788 1170 3838 1223 ἐν

423 1262 560 1317 Jesu
623 1259 867 1315 Domino
914 1260 1140 1325 nostro,
1199 1255 1292 1310 cui
1354 1256 1430 1311 sit
1481 1256 1663 1327 gloria
1719 1256 1777 1311 in
1838 1257 2040 1313 saecula

2220 1261 2400 1333 ξριστῴ
2431 1261 2608 1330 Ἰησοῦ
2638 1264 2716 1331 τῷ
2750 1258 2930 1335 Κυρίῳ
2961 1260 3195 1333 ἡμῶν,ᾤ
3237 1261 3270 1327 ἡ
3306 1256 3430 1328 δόξα
3460 1259 3572 1331 (62)
3606 1258 3681 1319 εἷς
3708 1258 3837 1320 τοὺς

422 1351 628 1406 Amen.

2181 1347 2406 1410 αἰῶνας.
2438 1350 2617 1421 Αμήν.

495 1466 539 1500 ⁸⁸
567 1462 691 1520 Joel
722 1479 785 1531 ιι,
818 1461 906 1515 23.
970 1461 1012 1495 ⁸⁵
1056 1459 1212 1515 Psal.
1248 1476 1469 1527 Lxxxw,
1496 1460 1584 1514 13.

496 1572 616 1652 (ῷ9),
630 1565 851 1652 Illi-111.15.
876 1567 1166 1652 Sic‘Regg.
1194 1567 1315 1631 bm,
1341 1566 1440 1637 ph,
1465 1566 1636 1621 Coisl.
1670 1567 1722 1634 4,
1755 1570 1849 1622 Or.
1881 1569 1935 1634 2,
1961 1573 2071 1624 etc.

2260 1571 2395 1652 (62)-
2434 1570 2589 1652 Δόξα.
2650 1577 2787 1652 ptio.
2826 1573 3031 1652 Re‘ggZ
3066 1571 3311 1652 addunt,
3369 1568 3459 1652 κριὶ
3517 1570 3588 1652 τὸ*
3637 1571 3843 1652 κράτος

430 1636 662 1717 Malein
695 1636 887 1717 editis,
921 1636 1168 1717 πληγῆς.
1197 1711 1224 1717 _
1346 1636 1357 1637 ί

2224 1636 2299 1717 μοι
2353 1636 2530 1717 Πατρῖ
2577 1642 2665 1696 καὶ
2699 1643 2839 1716 ἁγίῳ
2898 1636 3169 1713 Πξεύμστι
3230 1640 3306 1701 εἰς
3332 1640 3460 1701 τοὺς
3501 1636 3699 1702 ιιῖὡναζς
3731 1646 3841 1694 τῶν

499 1716 605 1790 (€39)
640 1710 789 1790 θὲάν-
815 1712 954 1790 Βθὲι
989 1710 1088 1781 Ph-
1123 1711 1256 1790 ξ’ἓῖρ·
1556 1781 1593 1790 ..
1937 1780 1946 1790 .

2227 1710 2609 1790 ἱώνωνλνὰμομὶ
2646 1710 2833 1790 gloria
2861 1720 2929 1790 et
2956 1710 3215 1790 potestas
3249 1730 3367 1768 una
3418 1730 3552 1769 cum
3585 1715 3755 1771 Patre
3785 1718 3844 1771 et

499 1720 588 1785 (60
640 1720 789 1766 Θεόν.
817 1720 954 1782 tteg.
989 1720 1088 1781 ph.
1123 1720 1256 1778 Θεῳ.

494 1720 609 1857 (61)
664 1781 1060 1860 ῃροσάγοντος.
1134 1778 1412 1837 Nonnulli
1469 1781 1721 1851 codices,
1777 1780 2071 1856 προσάγον-

2187 1720 2423 1785 αἱώνων,
2458 1739 2484 1765 ‹‹
2520 1720 2609 1770 cui
2646 1720 2833 1787 gloria
2861 1720 2916 1769 et
2956 1720 3215 1786 potestas
3249 1730 3367 1768 una
3418 1730 3440 1769 c

1823 1780 2071 1856 ροσάγον-
2185 1790 2387 1842 sancto
2415 1786 2635 1860 Spiritu
2670 1788 2728 1842 in
2763 1786 2973 1843 saecula
3005 1784 3372 1842 saeculorum.
3413 1806 3440 1834 »

421 1876 530 1917 τες.
567 1856 596 1907 (ξ
630 1856 958 1911 offerentes.
998 1876 1017 1903 ι

1118 2093 1272 2148 ³³⁸
1331 2105 1887 2192 MONI'I‘UM
1942 2107 2056 2194 IN
2113 2109 2805 2199 ORATIONEM
2860 2110 3140 2196 XVII.

497 2370 547 2430 1.
612 2366 903 2428 Nazianzi
960 2365 1177 2425 habita
1232 2369 1322 2423 est
1383 2363 1516 2422 haec
1573 2364 1805 2437 oratio,
1868 2366 2033 2425 circa
2090 2367 2275 2427 ﬁnem
2332 2368 2481 2428 anni
2534 2371 2674 2429 373.
2735 2370 2802 2429 In
2861 2367 3040 2445 cujus
3098 2367 3187 2426 rei
3244 2364 3829 2437 conﬁrmationem,

415 2451 638 2511 iisdem
695 2446 1088 2529 rationibus,
1166 2445 1392 2523 quibus
1448 2446 1511 2503 in
1569 2445 1947 2529 prfecedenti
2006 2449 2243 2508 monito
2304 2449 2468 2529 (63),
2549 2451 2805 2509 utimur.
2882 2448 3157 2529 Vivebat,
3218 2446 3425 2505 adhuc
3494 2445 3832 2529 Gregorius

417 2531 647 2601 senior,
707 2535 769 2587 et
823 2528 1182 2602 ’l‘heologus
1238 2531 1447 2583 uoster
1502 2526 1846 2603 episcopali
1893 2528 2029 2601 jam
2087 2526 2573 2589 unctione'erat
2632 2534 3051 2590 consecratus.
3114 2528 3289 2585 Hanc
3346 2526 3695 2585 orationem
3766 2527 3829 2583 in

415 2612 573 2671 duas
633 2607 823 2667 veluti
880 2613 1089 2684 partes
1148 2604 1370 2685 dividit
1426 2614 1660 2664 orator.
1728 2606 1934 2666 Prima
1994 2626 2135 2685 pars
2192 2611 2273 2669 ad
2333 2611 2775 2682 Nazianzenus,
2830 2608 3102 2669 secunda
3151 2606 3232 2667 ad
3283 2606 3683 2683 magistratus
3734 2604 3827 2663 di—

415 2692 662 2769 rigitur.
723 2687 1021 2769 Quaenam
1080 2693 1291 2769 autem
1350 2684 1536 2769 fuerit
1584 2687 2112 2769 Nazianzenorum
2174 2691 2380 2769 culpa,
2434 2710 2561 2751 non
2620 2691 2768 2751 satis
2827 2690 2890 2749 in
2938 2688 3057 2748 hac
3106 2686 3390 2769 oratione
3438 2685 3822 2769 declaratur.

414 2765 683 2849 Conjicit
710 2767 929 2849 Billius
960 2766 1380 2828 Nazianzenos
1410 2765 1613 2849 edicto
1666 2767 1965 2849 quodam,
2017 2775 2126 2829 aut
2172 2765 2550 2831 tributorum
2599 2778 2659 2831 et
2708 2768 3132 2849 vectigalium,
3161 2768 3467 2849 gravitate
3526 2766 3819 2849 oﬁ'ensos,

412 2845 939 2929 signaquaedam
1012 2848 1364 2929 animorum
1425 2845 1503 2904 ad
1579 2846 1969 2929 seditionem,
2024 2852 2440 2927 spectantium
2497 2851 2762 2911 dedisse.
2821 2845 2898 2910 At
2957 2845 3455 2929 verisimile__est
3532 2865 3685 2929 non
3732 2846 3824 2906 ita

410 2924 602 3011 gr'ave
658 2924 845 2989 fuisse
904 2927 1431 3011 Nazianzenorum
1512 2926 1742 2986 crimen
1803 2946 1815 2999 ;
1874 2924 2172 3011 alioquin
2250 2933 2446 2993 multo
2507 2933 2809 2992 acriorem
2887 2931 2963 2990 ad
3002 2948 3137 3011 eos
3220 2924 3821 3011 hgabiturus‘fuisset

407 3007 758 3073 orationem
820 3008 1192 3087 Gregorius,
1273 3007 1322 3066 si
1383 3025 1503 3067 non
1564 3013 1807 3067 tantum
1870 3008 1935 3067 in
1993 3009 2203 3070 animo
2278 3012 2686 3084 habuissent,
2769 3011 2877 3071 sed
2934 3010 3123 3069 etiam
3180 3008 3385 3085 reipsa
3445 3007 3815 3067 seditionem

406 3094 799 3153 excitassent.
862 3091 930 3149 In
992 3090 1109 3149 hac
1166 3088 1671 3170 enimioratione
1730 3090 2098 3167 neutiquam
2149 3094 2570 3153 Nazianzenos
2612 3093 2896 3170 increpat
2944 3096 3207 3170 orator;
3270 3089 3377 3170 sed
3426 3106 3532 3145 eos
3580 3087 3818 3170 blande

405 3172 788 3239 consolatur,
836 3177 913 3230 et
968 3170 1045 3229 ad
1106 3169 1472 3247 patientiam
1536 3176 1808 3228 revocat.
1862 3173 2160 3231 Hortatur
2216 3174 2401 3232 etiam
2464 3181 2531 3232 ut
2587 3175 2695 3233 Dei
2759 3167 3063 3231 memores
3119 3168 3261 3236 sint.
3325 3169 3375 3227 si
3433 3167 3814 3227 consolatio-

405 3272 548 3314 nem
606 3258 668 3311 et
723 3250 1203 3310 delectationem
1260 3250 1324 3307 in
1388 3248 1567 3308 malis
1624 3251 1920 3326 consequi
1977 3253 2217 3326 velint;
2279 3272 2393 3312 nec
2450 3254 2899 3313 obliviscantur
2954 3250 3242 3311 homines
3297 3266 3462 3326 sazpe
3524 3270 3555 3303 ‹‹
3595 3266 3633 3307 a
3684 3247 3813 3306 Deo

404 3352 518 3413 per
575 3331 890 3391 contraria
946 3330 1179 3413 erudiri
1236 3330 1323 3404 (ιι.
1384 3333 1468 3407 4),
1508 3353 1535 3383 ››
1595 3348 1699 3413 διοᾷ
1728 3331 1987 3413 proinde
2046 3335 2192 3403 Deo,
2256 3334 2383 3393 sive
2438 3334 2791 3405 beneﬁciat,
2851 3334 2978 3392 sive
3034 3330 3355 3413 corripiat,
3413 3328 3546 3406 pari
3602 3328 3811 3387 studio

405 3410 479 3474 ac
535 3415 860 3472 voluntate
917 3410 1357 3491 subjiciendus,
1411 3428 1615 3491 neque
1673 3411 1800 3468 Deo
1858 3411 2085 3482 solum,
2139 3414 2247 3472 sed
2303 3414 2378 3473 iis
2436 3415 2622 3474 etiam
2681 3415 2788 3491 qui
2842 3411 3175 3491 imperium
3232 3411 3297 3468 in
3347 3416 3513 3491 terra
3560 3414 3811 3485 gerunt.

403 3493 542 3553 Alia
600 3491 969 3569 hujusmodi
1036 3490 1347 3569 plurima,
1430 3508 1500 3549 ac
1557 3489 1747 3566 digna
1806 3510 1945 3567 quae
2017 3493 2344 3570 legantur,
2422 3489 2781 3573 'l‘heologus
2836 3489 2951 3552 ad'
2990 3491 3293 3572 populum
3353 3489 3815 3550 Nazianzenum

405 3574 837 3635 concionatur.

480 3655 565 3715 ll.‘
622 3654 692 3712 In
752 3650 1022 3733 secunda
1083 3655 1259 3733 parte
1320 3648 1720 3726 magistratus
1778 3649 2155 3729 alloquitur,
2230 3659 2289 3713 et
2348 3654 2661 3732 praecipue
2721 3654 3132 3733 praefectum;
3197 3669 3333 3733 non,
3380 3648 3636 3733 quidem
3689 3650 3804 3733 Ju-

399 3734 642 3794 lianum
689 3731 1066 3793 tributorum
1117 3731 1424 3789 duntaxat
1470 3734 1957 3807 cxsequatorem,
2011 3739 2076 3793 ut
2126 3729 2469 3794 arbitratur
2520 3729 2787 3809 Nicetas,
2834 3734 2941 3793 sed
2985 3733 3179 3793 alium
3227 3731 3416 3791 totius
3465 3729 3803 3808 provincia:

403 3819 901 3895 procuratorem,
963 3830 1069 3895 seu
1128 3811 1515 3895 praefectum,
1567 3814 1971 3895 utpote‘quii
2009 3837 2037 3868 «
2070 3832 2107 3873 a
2155 3817 2282 3874 Deo
2331 3815 2607 3891 gladium
2661 3820 2986 3893 acceperat
3035 3812 3125 3890 (η.
3172 3812 3261 3893 9).
3293 3834 3335 3895 χ
3374 3812 3552 3869 Hunc
3601 3810 3807 3869 modis

401 3892 693 3956 omnibus
752 3892 1117 3971 aggreditur
1174 3892 1530 3967 Gregorius,
1587 3898 1651 3950 ut
1706 3892 1903 3969 ipsius
1960 3894 2188 3954 iratum
2249 3898 2527 3955 animum
2587 3896 2757 3956 sedet
2816 3914 2887 3954 ac
2945 3895 3157 3953 leniat.
3220 3892 3255 3949 ί(
3291 3893 3411 3951 Vos
3458 3908 3802 3968 quoque,»

400 3976 606 4054 inquit
661 3974 876 4055 (ibid),
957 3996 985 4027 cx
1038 3972 1304 4055 imperio
1367 3990 1502 4031 meo
1551 3991 1633 4055 jac
1692 3972 1923 4033 throno
1980 3974 2081 4033 lex
2139 3976 2368 4035 Christi
2424 3976 2695 4051 subjicit.
2757 3975 3093 4052 Imperium
3158 3973 3321 4032 enim
3386 3990 3499 4055 nos
3554 3989 3810 4055 quoque

404 4051 715 4134 gerimus,
776 4055 940 4135 addo
998 4054 1183 4113 etiam
1244 4053 1644 4135 praestantius
1700 4070 1772 4112 ac
1828 4055 2235 4132 perfectius...
2298 4075 2411 4115 nec
2464 4057 2684 4115 dubito
2743 4051 3131 4135 (praefectum
3187 4052 3596 4135 compellans)
3652 4051 3809 4135 quin

398 4130 561 4195 hanc
617 4136 866 4193 dicendi
922 4134 1274 4193 libertatem
1331 4134 1395 4190 in
1454 4134 1757 4214 optimam
1816 4130 2059 4212 partem
2118 4144 2489 4214 accepturus
2547 4137 2649 4207 sis,
2704 4130 2917 4214 utpote
2975 4152 3151 4195 sacra
3201 4132 3359 4214 sacri
3421 4130 3541 4191 mei
3597 4130 3809 4208 gregis

397 4216 630 4275 ovis....
688 4217 738 4273 A
795 4214 1041 4273 Christo
1101 4214 1378 4295 gladium
1442 4213 1773 4295 accepisti,
1814 4234 1939 4274 non
2001 4222 2127 4275 tam
2188 4212 2384 4276 ut_eo
2447 4218 2661 4289 utaris,
2719 4212 2907 4295 quam
2966 4224 3034 4275 ut
3091 4212 3342 4295 mineris
3423 4219 3483 4272 et
3540 4216 3800 4295 teneas.

398 4297 614 4371 Imago
696 4294 805 4374 Dei
861 4312 966 4374 es,
1046 4293 1156 4374 Dei
1213 4311 1465 4374 quoque
1518 4293 1781 4370 imagini
1855 4296 2256 4374 imperas.....
2325 4297 2566 4357 Flectat
2623 4304 2682 4358 te
2739 4291 2981 4357 naturae
3039 4294 3351 4371 cognatio,
3412 4316 3439 4347 ι)
3517 4297 3635 4351 etc.
3697 4291 3807 4351 His

396 4377 659 4453 aliisque
714 4373 1001 4454 pluribus
1058 4372 1476 4454 admonitum!
1514 4374 1704 4433 ofﬁcii
1772 4372 2136 4453 praelectum
2198 4377 2276 4436 ad
2335 4378 2732 4439 clementiam
2787 4384 2848 4437 et
2904 4374 3449 4454 mansuetudinem
3511 4389 3809 4454 revocare

396 4451 659 4517 conatur
714 4451 1061 4531 Gregorius.
1125 4452 1361 4512 Deinde
1420 4452 1515 4514 his
1571 4451 2107 4517 etiam—canitiem
2166 4459 2393 4532 Patris,
2454 4458 2602 4519 cieri
2659 4458 3098 4528 reverentiam,
3149 4456 3275 4515 imo
3325 4453 3519 4532 ipsius
3574 4451 3806 4510 Christi

391 4538 455 4597 in
508 4552 704 4617 carne
761 4533 1334 4617 dispensationem,
1410 4541 1471 4594 et
1524 4553 1766 4617 sacram
1827 4556 2105 4597 mensam
2164 4538 2556 4617 adjungens,
2635 4539 2794 4598 mira
2850 4543 2982 4598 arte
3055 4536 3374 4595 hominem
3430 4538 3650 4609 urget,
3733 4538 3803 4591 ut

397 4614 1001 4698 lenitatem_tcrrori
1055 4614 1432 4686 admisceat,
1491 4621 1559 4698 ut
1615 4616 1819 4698 minas
1872 4636 1980 4696 spe
2037 4614 2391 4698 temperet,
2439 4626 2508 4679 ut
2563 4620 2829 4696 denique
2887 4617 3084 4692 nihil,
3162 4634 3276 4698 nec
3339 4638 3370 4698 _«
3419 4620 3711 4698 tempus.
3766 4636 3793 4667 ι)

393 4716 508 4758 nec
591 4720 620 4755 «
670 4696 993 4779 princeps,
1036 4717 1064 4749 »
1144 4713 1257 4755 nec
1334 4719 1357 4748 ι
1398 4696 1725 4779 majorum
1788 4694 2187 4775 dignitatum
2226 4719 2365 4779 spes
2416 4722 2444 4758 η
2526 4719 2561 4759 a
2613 4694 3039 4759 misericordia
3098 4703 3159 4756 et
3212 4694 3596 4772 benignitate
3655 4709 3798 4752 eum

394 4783 767 4851 remoretur,
830 4795 903 4837 ac
959 4776 1333 4855 detorqueat
1390 4775 1471 4857 (n.
1533 4776 1656 4856 10).

466 4912 579 4983 (63)
611 4911 811 4967 Monit.
849 4909 941 4964 ad.
976 4925 1057 4963 or.
1092 4926 1206 4976 xvx,
1240 4925 1298 4962 n.
1326 4909 1379 4962 2.

393 5034 3803 5063 W

772 5140 1234 5238 ORATIO
1318 5139 1582 5234 XVII
1606 5152 1660 5232 ³.
2066 5236 2115 5300 Β

2066 5236 2115 5300 Β
2644 5171 3044 5269 ΛΟΓΟΣ
3147 5170 3293 5263 ΙΖ.

392 5310 543 5367 317
578 5308 657 5365 Ad
698 5309 839 5365 cives
894 5303 1457 5385 Nazianzenosgravi
1489 5303 2009 5385 _ti1noreperculsos

2184 5306 2291 5383 [ρὸς
2322 5307 2447 5370 τοὺς
2488 5307 2969 5385 πολιτερομὲνους.
3020 5309 3317 5385 Ναζξανζοξ)
3375 5302 3488 5374 (64)
3519 5297 3801 5373 ἀγωνιῶν-

815 5386 868 5437 et
900 5381 1227 5451 pra/cetum
1264 5377 1607 5430 irascentem.
1732 5374 1745 5375 ί
2200 5374 2210 5383 “

2200 5374 2210 5383 ’
2457 5401 2575 5449 τας,
2607 5379 2695 5435 καὶ
2725 5374 2813 5435 τῦν
2849 5380 3087 5456 ἄρχοντα
3120 5374 3495 5453 ὀργιζόμενον.

460 5492 507 5547 Ι.
544 5490 791 5547 Ventrem
818 5504 1023 5555 meum,
1048 5492 1288 5541 ventrem
1317 5498 1502 5537 meum
1550 5481 1723 5553 doleo,
1751 5488 1804 5539 et
1848 5501 2039 5542 sensus

2218 5488 2294 5539 A'.
2355 5483 2460 5551 Τὴν
2536 5484 2748 5539 κοιλίαν
2829 5505 2952 5558 μο),
3026 5485 3127 5552 τὴν
3197 5478 3411 5537 κοιλίαν
3480 5496 3584 5551 μου
3643 5473 3802 5551 ἀλγῶ

387 5616 536 5746 3⁵7(ζα)
567 5616 726 5674 Alias
765 5620 823 5672 et
854 5630 1008 5671 nunc
1041 5613 1126 5669 17.
1164 5641 1229 5653 -
1261 5606 1472 5667 Habita
1501 5607 1653 5667 circa
1683 5609 1861 5671 ﬁnem
1897 5629 2004 5673 ann

1785 5627 1861 5669 3m
1897 5612 2037 5673 anni
2216 5609 2328 5685 (64)
2359 5612 2679 5681 Ναζιανζοῦ.
2714 5615 2885 5669 Deest
2918 5611 2980 5669 in
3006 5610 3101 5668 0r.
3133 5610 3169 5666 2
3191 5614 3247 5668 et
3270 5611 3402 5665 Par.
