4094 6288
276 305 395 366 965

1142 300 1449 387 ‘O‘BATIO
1491 297 1677 362 XVII.
1702 326 1780 344 -—
1810 298 1915 358 AD
1959 297 2183 361 ΟἰνΕὸ
2232 298 2803 363 NAZIANZENOS.

3567 305 3683 368 966

273 430 365 487 καὶ
444 428 511 485 τὰ
590 426 917 503 αἲσθητήρια
999 432 1099 495 τῆς
1179 425 1399 503 καρδίας
1486 446 1589 499 μου
1677 424 1918 499 μαιμάσ-

2043 428 2210 483 cordis
2238 428 2347 484 mei
2376 429 2579 484 turbati
2608 437 2735 483 sunt
2782 431 2843 483 in
2874 446 2978 497 me,
3029 430 3109 484 ait
3158 432 3410 502 quodam
3460 450 3681 491 sermo-

277 542 357 577 σει
407 520 539 594 (65),
591 516 723 596 φησί
771 538 875 571 που
922 521 1027 572 τῶν
1089 518 1279 572 ἑαυτοῦ
1327 515 1509 590 λόγων
1556 514 1834 589 Ἱερεμίας,
1896 516 1924 569 ὁ

274 615 382 666 τῶν
428 614 724 688 προφητῶν
784 608 1245 682 συμπαθὲστατος,
1305 602 1738 678 ἀποκλαιὸμενος
1814 608 1925 679 (66)

273 701 362 755 τὸν
392 697 612 773 Ἰσραὴλ
662 699 1003 767 ἀπειθοῦντα,
1055 697 1144 752 καὶ
1192 699 1289 766 τῆς
1320 700 1416 751 τοῖ’)
1447 699 1581 751 Θεοῦ
1616 692 1924 773 φιλανθρω-

274 789 400 852 πίας
449 787 942 865 ἀλλοτριούμενον,
1000 786 1213 842 κοιλίαν
1279 787 1371 859 μὶν
1411 788 1523 859 (67)
1578 786 1675 854 τὴν
1736 785 1925 839 ἑαυτοῦ

274 879 459 954 ψυχὴν
492 878 797 952 ὀνομάζων,
856 877 991 932 κατᾶ
1036 874 1163 938 τοὺς
1209 882 1308 945 τῆς
1339 881 1547 946 τροπῆς
1578 873 1797 947 νόμους.
1832 873 1929 927 Οὕ-

274 989 352 1023 τω
546 969 649 1044 γὰρ
704 966 935 1041 εὑρίσκω
980 964 1272 1040 πολλαχοῦ
1317 972 1416 1035 τῆς
1448 970 1686 1041 Γραφῆς,
1721 963 1824 1018 εἶ’τε
1852 963 1927 1024 ὡς

279 1057 587 1135 ἀπόκρυφον
634 1056 722 1111 καὶ
771 1050 998 1131 ἀὸρατον
1050 1056 1133 1129 (τὸ
1183 1055 1286 1129 γὰρ
1322 1052 1448 1108 αὐτὸ
1479 1054 1568 1107 καὶ
1600 1056 1782 1129 ψυγῆς
1838 1052 1927 1106 καὶ

276 1148 506 1223 γαστρὸς
533 1146 596 1200 τὸ
642 1145 1010 1221 κρύπτεσθαι).
1061 1140 1166 1199 εἶξε
1210 1144 1283 1205 ὡς
1328 1144 1650 1218 χωρητικὴν
1682 1141 1771 1196 καὶ
1802 1142 1927 1195 ἀνα-

281 1233 523 1307 δοτικὴν,
549 1233 623 1288 ’ἶν’
655 1234 825 1297 οὕτως
879 1231 1039 1303 εἷίπω,
1081 1237 1187 1288 τῶν
1239 1231 1298 1287 ἐκ
1343 1236 1440 1287 τοῦ
1473 1228 1643 1307 Αὸγου
1670 1235 1884 1309 τροφῶν
1914 1250 1926 1263 ο

280 1324 311 1379 ὅ
338 1326 438 1402 γάρ
472 1324 609 1379 ἐστιν
640 1323 690 1379 ἐν
720 1325 934 1398 σώματι
966 1324 1079 1397 (69)
1132 1323 1328 1400 τροφὴ,
1359 1325 1519 1377 τοῦτο
1561 1320 1611 1376 ἐν
1645 1325 1797 1397 ψυχῇ
1830 1314 1927 1375 λὸ-

280 1436 398 1489 γος.
430 1413 771 1488 Αίσθητήρια
800 1410 858 1468 δὶ
887 1412 1031 1488 τάχα
1064 1412 1157 1485 μὶν
1190 1412 1257 1466 τὰ
1310 1417 1411 1481 τῆς
1443 1414 1627 1485 ψυχῆς
1655 1412 1930 1482 κινήματα

280 1501 367 1559 καί
409 1499 773 1576 διανοήματα,
804 1502 894 1557 καὶ
922 1500 1129 1557 τούτων
1166 1498 1422 1574 μάλιστα,
1456 1498 1553 1554 ὅσα
1611 1499 1670 1553 ἐκ
1715 1505 1815 1569 τῆς
1848 1498 1928 1552 αἷ-

278 1594 539 1665 σθήσεως,
590 1592 671 1655 οἷς
720 1593 749 1647 ὁ
795 1589 1003 1654 δίκαιος
1054 1591 1432 1665 σπαράσσεται,
1491 1588 1581 1643 καὶ
1642 1587 1930 1663 θερμαίνε-

278 1703 389 1753 ται,
417 1684 506 1737 καὶ
537 1682 856 1757 ὁρμητικῶς
903 1679 1040 1758 ἔχει,
1096 1679 1186 1735 καὶ
1236 1677 1360 1734 οὐδὲ
1397 1677 1652 1740 καθεκτός
1675 1677 1783 1732 ἐστι
1843 1674 1931 1731 διὰ

276 1772 376 1840 τὴν
426 1773 563 1840 ζέσιν
612 1775 709 1825 τοῦ
755 1769 1098 1843 Πνεύματος’
1148 1773 1309 1824 τοῦτο
1354 1768 1454 1845 γὰρ
1484 1769 1545 1823 τὸ
1583 1767 1930 1840 μαιμάσσειν,

281 1860 392 1916 οἷον
442 1858 720 1936 προθυμία
771 1881 855 1922 τις
906 1861 1063 1932 θυμῷ
1111 1854 1427 1935 σύγκρατος.
1468 1857 1532 1912 El
1585 1855 1641 1911 δὲ
1670 1855 1759 1911 καί
1816 1858 1923 1909 τῶν

281 1953 605 2023 σωματικῶν
664 1944 803 2004 ἔστιν
864 1948 895 2003 ἃ
942 1943 1213 2021 λαμϐάνοι
1252 1969 1335 2009 τις
1369 1945 1735 2021 αἰσθητηρίων
1794 1947 1929 2017 (70),

282 2039 381 2094 οὐκ
411 2039 515 2094 ἀπὸ
565 2043 769 2093 σκοποῦ
821 2035 1093 2111 λήψεται·
1137 2036 1228 2091 καὶ
1280 2034 1600 2114 ὀφθαλμῶν,
1633 2036 1721 2089 καὶ
1753 2032 1930 2101 ὢτων,

281 2128 343 2183 οὗ
407 2129 566 2201 μόνον
622 2128 939 2203 ἀχθομίνων
997 2130 1117 2188 τοῖς
1166 2125 1378 2201 χείροσι
1435 2125 1525 2178 καὶ
1574 2125 1800 2195 θεάμασι
1844 2122 1931 2177 καὶ

280 2218 635 2291 ἀκούσμασιν,
670 2215 815 2272 ἀλλὰ
843 2218 933 2271 καὶ
975 2215 1043 2271 τὰ
1084 2214 1282 2289 βελτίω
1329 2213 1634 2268 ποθούντων
1676 2213 1765 2267 καὶ
1798 2210 1930 2266 ἰδεῖν

280 2307 370 2363 καὶ
400 2308 623 2362 ἀκοῦσαι
653 2304 742 2361 διὰ
768 2308 831 2361 τὸ
862 2304 1263 2381 εὕσπλαγχνον.
1317 2304 1470 2373 Πλὴν
1503 2302 1651 2365 ὅπως
1684 2302 1742 2357 ἂν
1802 2309 1931 2371 νοῆ-

276 2419 365 2452 ται
393 2401 583 2467 ταῦτα,
614 2398 640 2451 ὁ
674 2393 881 2458 δίκαιος
929 2393 1090 2470 ἀλγεῖ
1134 2393 1222 2449 καὶ
1278 2393 1592 2467 μαιμάσσει,
1623 2391 1712 2446 καὶ
1742 2390 1804 2445 ού
1838 2412 1931 2463 με·

276 2486 444 2562 τρίως
504 2485 651 2564 φέρει
707 2484 775 2539 τὰ
820 2482 965 2555 πάθη
1017 2488 1113 2538 τοῦ
1149 2481 1391 2559 Ἰσραὴλ,
1433 2480 1708 2557 ὁποτέρως
1746 2479 1932 2556 βούλει

277 2580 445 2630 ταῦτα
473 2580 611 2630 νοεῖν
640 2594 652 2608 ⁸
718 2572 823 2629 εἷίεε
876 2574 943 2628 τὰ
998 2574 1303 2645 σωματικὰ,
1362 2571 1576 2626 καὶτοῦ
1606 2575 1929 2643 σωματικῶς

279 2665 584 2741 ὁρωμένου,
637 2662 743 2719 εἷ’τε
796 2664 863 2719 τὰ
916 2663 1274 2736 πνευματικὰ,
1324 2662 1413 2716 καὶ
1471 2665 1575 2732 ⁸τοῦ
1636 2661 1932 2733 νοουμένου

280 2757 399 2826 (71)
431 2757 829 2827 πνευματικῶς.
864 2753 1013 2807 Ἐπεὶ
1039 2752 1127 2807 καὶ
1156 2752 1344 2827 πηγὴν
1396 2748 1641 2826 δακρῦων
1701 2751 1728 2805 ὁ
1772 2748 1931 2811 αὐτὸς

278 2846 567 2921 προφήτης
595 2843 859 2913 ἐπιζητεῖ,
890 2842 981 2896 καὶ
1013 2842 1249 2914 σταθμὸν
1286 2837 1513 2917 ἔσχατον
1547 2839 1813 2907 ὶπιποθεῖ,
1841 2843 1931 2892 καί

283 2932 513 3007 ἐρημίαν
549 2933 859 3004 ἀσπάζεται,
888 2929 981 2986 ’ίνα
1009 2932 1217 3005 κενώσῃ
1258 2929 1322 2983 τὸ
1377 2929 1522 2984 πολὺ
1567 2936 1668 2998 τῆς
1727 2927 1930 2998 λύπης,

281 3021 372 3075 καὶ
420 3023 683 3098 κουφισθῇ
742 3042 858 3083 πως
918 3023 1015 3091 τῆς
1064 3017 1212 3075 ἔνδον
1244 3018 1491 3096 πληγῆς,
1549 3024 1665 3084 καθ’
1695 3016 1930 3092 ἡσυχίαν

282 3111 551 3185 θρηνήσας
581 3110 672 3164 τὸν
707 3108 947 3187 Ἰσραήλ.

2037 534 2178 572 num
2210 534 2453 573 suorum
2506 517 2632 572 loco
2678 517 2963 574 Jeremias
2994 519 3057 589 ⁸⁸,
3093 519 3510 591 prophetarum
3558 540 3682 579 om-

2036 606 2198 661 nium
2231 608 2300 661 ad
2333 607 2901 665 commiserationem
2934 610 3683 683 propensissimus,contu-

2038 712 2261 751 macem
2296 696 2589 765 Israelem,
2625 702 2797 767 atque
2830 715 2862 752 a
2893 697 2992 753 Dei
3039 699 3397 771 benignitate
3429 718 3489 756 se
3523 718 3684 757 aver-

2036 788 2253 840 tentem
2287 785 2690 854 deplorans,et
2714 803 2880 841 suam
2915 787 3149 858 quidem
3183 789 3370 859 ipsius
3400 790 3683 860 animam,

2030 875 2199 945 juxta
2228 874 2515 945 allegorias
2548 874 2725 946 leges,
2753 880 3012 931 ventrem
3046 877 3503 935 nominans.Hoc
3526 880 3683 937 enim

2041 980 2212 1019 sensu
2248 980 2500 1035 persaepe
2528 964 2678 1019 hanc
2708 982 2907 1020 vocem
2939 966 2998 1021 in
3030 967 3347 1039 Scripturis
3387 973 3685 1041 acceptam

2039 1053 2260 1124 reperio
2288 1079 2300 1119 ;
2332 1054 2420 1108 vel
2453 1055 2605 1124 quod
2640 1054 2841 1110 abdita
2871 1056 2966 1122 sit,
2988 1060 3161 1128 atque
3191 1057 3493 1114 oculorum
3517 1060 3685 1115 obtu-

2036 1147 2158 1198 tum
2190 1142 2376 1215 iugiat
2405 1142 2481 1212 (id
2514 1143 2669 1198 enim
2702 1143 2875 1199 habet
2897 1144 3095 1200 anima
3116 1163 3249 1202 cum
3299 1152 3495 1205 ventre
3527 1165 3685 1205 com-

2040 1236 2259 1303 mune),
2292 1230 2382 1286 vel
2414 1233 2567 1302 qnod
2602 1237 2889 1289 sermonis
2937 1234 3216 1291 alimenta
3247 1238 3457 1308 capiat,
3490 1241 3683 1309 atque,

2040 1326 2105 1376 ut
2133 1322 2216 1377 sic
2256 1321 2483 1392 loquar,
2536 1322 2780 1393 digerat.
2829 1323 2991 1387 Quod
3040 1324 3196 1380 enim
3246 1327 3472 1397 corpori
3520 1327 3686 1383 cibus

2039 1415 2147 1477 est,
2178 1411 2287 1465 hoc
2335 1411 2391 1466 in
2439 1412 2635 1466 animo
2684 1416 2772 1467 est
2818 1429 3030 1467 sermo.
3067 1414 3169 1469 Per
3216 1432 3427 1472 sensus
3466 1421 3685 1489 autem,

2041 1500 2290 1556 fortasse
2319 1500 2705 1572 impulsiones
2731 1501 2958 1573 animae,
2994 1502 3493 1577 cogitationesque
3516 1505 3686 1562 intel-

2039 1586 2188 1660 ligit,
2222 1605 2438 1660 easque
2489 1588 2888 1661 potissimum,
2922 1608 3048 1661 quae
3093 1608 3125 1646 a
3157 1593 3428 1651 sensibus
3458 1595 3688 1665 proﬁci-

2042 1683 2306 1747 scuntur,
2328 1679 2541 1749 quibus
2566 1679 2769 1749 justus
2802 1679 3140 1751 percellitur
3170 1686 3226 1737 et
3252 1681 3578 1755 incalescit,
3600 1689 3688 1740 at-

2041 1784 2153 1838 que
2183 1768 2409 1839 impetu
2442 1768 2643 1835 fertur,
2679 1785 2783 1824 nec
2822 1769 2951 1839 jam
2980 1786 3094 1840 prae
3128 1771 3381 1842 Spiritus
3421 1777 3565 1829 aestu
3596 1790 3690 1830 co-

2037 1856 2223 1911 hiberi
2253 1860 2444 1928 potest
2471 1883 2483 1923 ;
2516 1856 2625 1912 hoc
2656 1857 2812 1911 enim
2844 1858 3085 1913 verbum
3134 1858 3453 1931 μαιμάσσειν
3494 1878 3690 1934 prom-

2043 1946 2392 2018 ptitudinem
2415 1947 2732 2017 quamdam
2755 1947 3060 2001 iracundia
3084 1950 3423 2019 permietam
3449 1951 3688 2007 indicat.

2042 2035 2203 2100 Quod
2238 2035 2285 2090 si
2319 2035 2451 2106 quis
2484 2035 2604 2090 haec
2636 2035 2706 2090 ad
2742 2035 2931 2104 ipsius
2978 2035 3150 2092 etiam
3183 2040 3443 2110 corporis
3475 2058 3686 2097 sensus

2042 2125 2275 2195 referat,
2328 2142 2360 2179 a
2407 2142 2581 2196 scopo
2636 2142 2750 2179 non
2800 2126 3096 2181 aberrabit
3146 2143 3157 2181 :
3211 2130 3688 2201 quandoquidem

2042 2213 2193 2270 oculi
2224 2218 2280 2269 et
2297 2231 2613 2282 aures,non
2637 2215 2807 2270 modo
2830 2216 2984 2270 tristi
3007 2216 3133 2272 visu
3158 2220 3212 2272 et
3243 2218 3445 2273 auditu
3469 2219 3692 2275 discru-

2043 2302 2294 2373 ciantur,
2322 2320 2528 2359 verum
2559 2305 2735 2359 etiam
2768 2305 2839 2359 ob
2873 2305 3443 2363 commiserationem
3465 2308 3689 2365 laetiora

2039 2392 2233 2447 videre
2265 2396 2443 2464 atque
2469 2393 2673 2448 audire
2703 2393 3145 2465 concupiscunt.
3176 2396 3533 2468 Quocunque
3554 2415 3685 2454 vero

2043 2498 2218 2537 sensu
2251 2482 2372 2537 haec
2402 2483 2785 2554 accipiantur,
2802 2483 3177 2555 perspicuum
3210 2490 3300 2541 est
3330 2487 3532 2558 utique
3554 2504 3685 2559 pro-

2042 2571 2277 2642 phetam
2310 2572 2469 2643 gravi
2501 2572 2697 2627 dolore
2716 2572 2961 2641 afﬁci,et
2984 2574 3427 2647 incitari,atque
3456 2576 3688 2632 lsraelis

2042 2660 2405 2717 calamitates
2458 2661 2873 2718 molestissime
2900 2663 3084 2734 ferre;
3118 2664 3237 2720 sive
3281 2682 3589 2737 corporeae
3619 2666 3687 2721 il-

2040 2749 2128 2805 las
2160 2750 2476 2823 intelligas,
2526 2752 2790 2823 ejusque,
2823 2753 2919 2824 qui
2970 2769 3243 2824 corporeo
3282 2755 3453 2809 modo
3500 2755 3687 2811 cerni-

2041 2843 2156 2907 tur,
2190 2839 2307 2895 sive
2334 2839 2693 2911 spirituales,
2736 2842 3002 2913 ejusque,
3037 2842 3137 2914 qui
3186 2842 3480 2914 spirituali
3515 2845 3686 2901 modo

2042 2929 2380 3001 percipitur.
2406 2930 2553 2985 Nam
2586 2935 2642 2985 et
2672 2930 2786 2986 alio
2818 2930 2942 2987 loco
2975 2931 3365 3001 lacrymarum
3397 2934 3614 2990 fontem
3646 2934 3689 2969 '7

2043 3018 2196 3073 idem
2230 3019 2515 3089 propheta
2545 3020 2993 3091 requirit,atque
3025 3025 3349 3077 extremum
3373 3024 3689 3093 quemdam

2042 3123 2335 3167 recessum
2384 3112 2633 3179 exoptat,
2665 3108 3159 3181 solitudinemque
3199 3111 3591 3184 amplectitur,
3625 3118 3693 3169 ut

284 3217 557 3273 magnam
593 3200 857 3257 mmroris
882 3200 972 3257 sui
1005 3203 1232 3272 partem
1282 3198 1606 3266 exhauriat,
1636 3202 1831 3270 atque,
1865 3199 2249 3268 posteaquam
2300 3195 2570 3252 Israelem
2602 3197 2662 3252 in
2695 3197 2925 3254 silentio
2973 3199 3309 3271 deplorarit,
3343 3202 3413 3257 ab
3458 3201 3691 3260 interna

284 3290 453 3362 plaga
482 3290 911 3361 quodammodo
940 3289 1182 3346 levetur.

357 3378 431 3433 B'.
458 3378 527 3431 Τὸ
559 3374 602 3431 δ’
632 3378 761 3433 αὐτὸ
790 3378 880 3432 καὶ
912 3379 939 3433 ὁ
971 3378 1112 3440 θεῖος
1146 3372 1333 3445 Δκόὶδ,
1374 3374 1436 3430 ού
1485 3374 1676 3451 μικρὸν
1727 3373 1931 3447 ἐμπρο-

2117 3375 2186 3429 ΙΙ.
2220 3373 2595 3430 Consimilem
2628 3374 2687 3429 in
2715 3376 2956 3432 modum
3007 3376 3238 3434 divinus
3286 3378 3461 3435 etiam
3510 3380 3692 3437 David

284 3478 400 3530 σου
463 3464 549 3521 ἐπὶ
607 3472 722 3529 τοῖς
780 3468 893 3522 καθ’
948 3466 1133 3522 ἑαυτὸν
1191 3464 1581 3541 δυσχεραίνων,
1625 3464 1715 3526 Τίς
1772 3460 1933 3518 δώσει

284 3574 400 3625 μοι,
461 3552 613 3630 φησὶ,
666 3553 931 3630 πτέρογας
1010 3554 1135 3609 ὡσεὶ
1206 3558 1544 3630 περιστερᾶς,
1624 3551 1711 3606 καὶ
1770 3573 1929 3607 πετα-

280 3643 570 3715 σθήσομαι,
658 3644 745 3698 καὶ
825 3643 1201 3714 καταπαύσω;
1280 3647 1601 3721 Περιπερᾶς
1682 3641 1927 3713 ὶπιζητεῖ

277 3732 563 3807 πτέρυγας,
616 3730 720 3787 εἷ’τε
767 3732 841 3795 ὡς
890 3733 1219 3809 κουφοτέρας
1278 3733 1366 3787 καὶ
1413 3734 1753 3808 ταχτυέρας·
1810 3752 1925 3786 τοι·

278 3824 435 3881 οὗτος
466 3822 568 3895 γὰρ
602 3819 740 3883 ’ἁπας
777 3818 985 3883 δίκαιος
1008 3840 1020 3853 ·
1057 3819 1163 3875 εἴτε
1193 3821 1268 3882 ὡς
1296 3823 1357 3875 τὸ
1406 3826 1622 3892 Πνεῦμα
1671 3840 1924 3896 σκιαγρα-

277 3908 478 3985 φούσας
511 3910 641 3981 (72),
691 3909 736 3979 ᾧ
790 3904 940 3981 μόνῳ
984 3910 1051 3963 τὰ
1081 3906 1225 3963 δεινὰ
1254 3910 1543 3986 φεύγομεν,
1570 3907 1644 3962 τίν’
1675 3909 1747 3969 ὡς
1793 3908 1927 3983 ποῤ⁸

279 3996 503 4072 ῥωτάτω
550 3998 766 4072 γένηται
818 3998 922 4052 ἀπὸ
970 3998 1251 4072 παρόντων
1293 4000 1405 4070 (73)
1458 4002 1655 4053 κακῶν.
1706 3998 1837 4051 Εἶτα
1867 3997 1932 4051 τὰ

281 4084 332 4138 ἐν
382 4091 499 4148 τοῖς
556 4092 758 4147 στενοῖς
815 4086 1117 4163 φάρμακον,
1168 4089 1202 4155 ἡ
1253 4084 1429 4149 ἐλπίς·
1482 4083 1927 4162 Προσεδεχόμην,

282 4174 438 4248 φησὶ,
494 4175 585 4228 τὸν
647 4176 774 4229 Θεὸν
824 4177 915 4230 τὸν
975 4172 1217 4244 σώζοντά
1268 4197 1333 4249 με
1382 4175 1486 4230 ἀπὸ
1559 4174 1927 4250 ὀλιγοψυχίας

280 4262 368 4315 καὶ
420 4263 523 4316 ἀπὸ
570 4260 907 4338 καταιγίδος.
954 4266 1120 4338 Ὅπερ
1170 4264 1261 4317 οὗν
1310 4266 1401 4319 καὶ
1454 4262 1708 4339 ἀλλαχοῦ
1756 4268 1927 4317 ποιῶν

282 4351 546 4427 φαίνεται,
605 4350 838 4429 τάχιστα
891 4358 969 4425 τῷ
1025 4352 1285 4408 λυποῦντι
1342 4353 1405 4408 τὰ
1438 4351 1573 4427 ἶάμα
1602 4354 1930 4428 προστιθεῖς,

280 4440 370 4494 καὶ
400 4440 597 4515 ἀγαθὸν
628 4444 764 4514 ἡμῖν
812 4442 1067 4518 παρέχων
1099 4442 1372 4517 παίδευμα
1414 4442 1502 4498 καὶ
1543 4442 1693 4519 λόγῳ
1723 4444 1811 4497 καὶ
1845 4442 1931 4519 ἕρ-

280 4552 363 4605 γω
415 4537 515 4600 τῆς
573 4532 707 4606 πρὸς
757 4531 823 4586 τὰ
874 4528 1021 4587 δεινὰ
1082 4531 1516 4609 μεγαλοψυχίας·
1568 4534 1932 4603 ’Δπηνήνατο,

280 4620 411 4695 φησὶ
461 4623 594 4695 (74),
636 4621 1052 4695 παρακληθῆναι
1103 4624 1138 4692 ἡ
1188 4624 1339 4698 ψυχή
1395 4644 1518 4696 μου.
1576 4623 1731 4697 Ὀρᾷς
1800 4622 1933 4693 ἀκη-

2041 3462 2201 3519 haud
2231 3464 2405 3535 paulo
2459 3468 2593 3520 ante
2624 3464 2984 3522 calamitates
3035 3484 3174 3524 suas
3206 3470 3409 3524 acerbe
3448 3470 3639 3526 ferens
3674 3487 3687 3525 :

2044 3554 2198 3621 Quis,
2238 3553 2450 3624 inquit,
2498 3554 2643 3608 mihi
2688 3554 2836 3610 dabit
2882 3573 3090 3627 pennas
3140 3560 3281 3613 sicut
3327 3559 3607 3627 columbae,
3640 3564 3693 3614 et

2034 3642 2241 3710 volabo,
2267 3650 2320 3697 et
2349 3644 2684 3714 requiescam
2717 3645 2802 3699 99?
2836 3646 2985 3701 318
3018 3647 3307 3702 Columbae
3343 3665 3563 3719 pennas
3593 3663 3687 3703 ex-

2039 3733 2185 3803 petit
2232 3732 2343 3803 (vel
2394 3735 2545 3804 quod
2590 3733 2833 3789 leviores
2883 3752 2948 3790 ac
3001 3735 3316 3791 velociores
3364 3737 3501 3805 sint,
3553 3737 3689 3793 talis

2039 3823 2192 3878 enim
2225 3825 2311 3875 est
2344 3822 2613 3892 quisquis
2652 3823 2949 3892 justitiam
2984 3823 3142 3889 colit,
3174 3824 3261 3878 vel
3313 3826 3467 3895 quod
3502 3826 3689 3897 Spiri-

2039 3914 2166 3964 tum
2194 3910 2565 3977 adumbrent,
2595 3910 2765 3980 cujus
2798 3912 2973 3967 unius
3005 3910 3221 3967 auxilio
3254 3913 3515 3984 pericula
3547 3915 3693 3986 fugi-

2043 3999 2221 4068 mus),
2257 4002 2318 4052 ut
2349 4014 2521 4067 quam
2552 3998 2897 4069 longissime
2945 4018 3006 4056 se
3037 4019 3071 4056 a
3099 4002 3486 4073 praesentibus
3518 4004 3692 4061 malis

2044 4091 2357 4141 removeat.
2391 4086 2664 4157 Sequitur
2694 4088 2901 4144 deinde
2932 4106 3086 4161 spes,
3120 4090 3179 4145 in
3213 4093 3481 4163 angustis
3516 4094 3693 4149 rebus

2047 4176 2338 4231 medicina
2369 4193 2381 4231 :
2416 4177 2832 4247 Exspectabam,
2864 4177 3077 4250 inquit,
3126 4179 3315 4249 Deum,
3349 4184 3447 4252 qui
3473 4182 3694 4239 salvum

2046 4282 2131 4321 me
2176 4267 2308 4335 fecit
2354 4284 2387 4321 a
2430 4266 2905 4338 pusillanimz'tate
2949 4273 3001 4322 et
3050 4274 3365 4340 tempestate
3412 4272 3474 4328 ’9.
3527 4273 3692 4336 Quod

2045 4354 2220 4411 etiam
2253 4355 2445 4427 ipsum
2498 4356 2611 4412 alia
2639 4356 2765 4412 loco
2796 4357 2984 4413 facere
3013 4359 3384 4430 perspicitur,
3420 4360 3517 4416 ubi
3556 4378 3693 4417 con-

2046 4444 2239 4499 festim
2265 4444 2450 4499 dolori
2473 4446 2797 4501 remedium
2818 4446 3480 4521 adjungit,probumque
3500 4451 3692 4520 nobis,

2045 4537 2102 4589 et
2132 4534 2303 4589 verbo
2334 4536 2390 4589 et
2420 4550 2612 4605 opere,
2634 4535 3061 4607 magnitudinis
3094 4538 3276 4594 animi
3304 4539 3581 4595 adversus
3602 4558 3695 4595 res

2046 4639 2250 4696 graves
2280 4627 2337 4678 et
2367 4623 2726 4695 periculosas
2760 4624 3183 4682 documentum
3213 4629 3455 4700 praebet:
3475 4629 3694 4698 Remu't,

351 4741 394 4775 9°
425 4740 542 4797 Jer.
578 4758 655 4808 ιν,
689 4742 774 4796 19.
852 4742 894 4777 ⁸⁷
926 4745 1043 4798 Jer.
1074 4758 1152 4809 Ix,
1183 4741 1235 4797 4.
1312 4742 1356 4778 ⁸⁸
1387 4742 1540 4800 Psal.
1574 4758 1685 4810 Liv;
1715 4742 1773 4797 7.
1848 4742 1893 4777 9°
1921 4740 2062 4796 ibid.
2097 4741 2151 4795 9.

354 4854 833 4931 (θ5)Μαιμάσσει.
880 4855 1070 4931 schol.
1110 4873 1122 4913 :
1184 4860 1359 4931 φυσεῖ,
1409 4858 1703 4931 προθυμεῖ)
1761 4851 1930 4929 πηδᾷ,

284 4924 569 5001 καχλάζει,
602 4924 732 5001 qua!
761 4932 901 5001 sunt
932 4927 1111 4999 hujus
1139 4924 1296 4984 vocis
1325 4924 1860 5001 interpretationes.

358 4995 469 5072 (ὃὸ)
502 4995 988 5072 ’Ᾱπᾷκλαιόμενοα
1010 4995 1200 5072 Ἠθςς.
1235 5001 1357 5067 bm,
1389 4995 1502 5068 hu,"
1524 4996 1859 5054 ἀποκλαίων.

358 5017 469 5069 (ου)
502 5017 988 5069 ’ΔποκΛαιομενος.
1027 5017 1200 5126 uegg.
1237 5017 1357 5067 om,
1391 5017 1490 5068 nu,
1524 5017 1859 5081 αποκΛαιων.

355 5070 464 5151 (67)
517 5068 899 5152 Κοιλίαγμὲν,
940 5078 1064 5152 etc._
1085 5078 1143 5125 Βι
1175 5073 1288 5152 lius
1319 5090 1337 5152 :_
1367 5077 1667 5152 (Lyentris
1696 5074 1931 5152 quidem

286 5144 524 5196 nomine
554 5158 722 5216 suam
756 5143 941 5215 ipsius
973 5143 1590 5216 animamintelligit.»
1620 5143 1809 5216 Verba
1840 5160 1937 5198 au-

282 5216 425 5288 tem,
474 5211 609 5265 κατὰ
636 5211 891 5288 τυῦξτῆς
916 5221 1147 5288 ,τροπῆς
1186 5214 1409 5287 νόμους,
1446 5211 1668 5288 ιῖλυγχῐθ,
1716 5215 1933 5287 allego-

283 5282 380 5369 riae
410 5282 587 5369 leges,
626 5307 655 5335 »
684 5286 771 5342 vel
804 5302 837 5342 a
867 5282 1033 5345 Bill'io
1065 5282 1180 5344 non
1212 5282 1459 5360 reddita,
1490 5282 1577 5344 vel
1608 5305 1641 5343 a
1673 5282 1936 5361 typogra-

280 5354 397 5427 pho
430 5354 672 5413 omissa.

492 5426 671 5502 Οὕτω.
705 5430 841 5502 Reg.
870 5429 993 5501 bm,
1026 5432 1205 5502 τοῦτο.

352 5498 461 5577 (69)
491 5498 579 5556 Ἐν
615 5498 986 5577 σώμαῖιεείο
1008 5501 1206 5574 plures
1239 5502 1637 5577 Regg.,Coisl.
1674 5504 1727 5575 1,
1760 5503 1858 5561 Or.
1876 5503 1931 5573 2,

279 5572 392 5627 etc.
425 5572 593 5631 Deest
625 5573 676 5627 ἒν
710 5574 769 5629 in
800 5574 892 5630 ed.

352 5641 466 5719 (70)
491 5642 556 5701 El
587 5641 645 5701 δὶ
688 5644 780 5701 καῖ
807 5647 914 5702 τῶν
944 5646 1270 5720 σωματικῶν
1316 5640 1455 5704 ἔστιν
1490 5645 1521 5703 ἂ
1550 5640 1936 5725 λαμϐάνοιτις

2044 4851 2430 4947 ᾕῖσθητηιρίτων.
2468 4857 2561 4947 §ic
2607 4857 2820 4947 ltelggq'
2854 4874 2909 4947 εἴ,
2960 4858 3233 4947 bm,‘tres
3252 4860 3463 4945 _Colb.,
3512 4861 3694 4947 Or.

2043 4928 2198 4997 Palu,
2231 4925 2288 4983 et
2315 4928 2433 4984 Jes.
2468 4929 2531 4983 In
2580 4925 2822 4997 θᾱίῐῖξεί
2850 4925 2907 4983 δὶ
2949 4929 3039 4983 καὶ
3069 4925 3172 4983 ’ἐπὶ
3214 4934 3320 4985 τῶν
3371 4925 3696 5005 σωματικῶν

2045 4998 2408 5085 αἰσθητηρίων
2442 4994 2725 5085 βλαμϐάνοι
2766 5021 2867 5061 τις.
2919 5002 3216 5070 Nonnulli,
3252 5021 3356 5075 pro
3400 4999 3697 5077 λαμϐάνοι,

2045 5065 2288 5138 habent,
2320 5065 2609 5142 λαμϐάνει.

2262 5143 2596 5213 Νοουμὲνου.
2633 5144 2770 5218 Reg.
2807 5144 3185 5218 a,6p<op.tvou.

2140 5214 2229 5285 72)
2298 5214 2770 5291 Σκιαγραφούσας.
2842 5214 3078 5289 Ite-gitis,
3145 5218 3265 5286 bm,
3334 5216 3698 5294 σκιαγραφού-

2050 5305 2399 5434 έηδΒᾜΑᾼπὸ
2452 5354 2750 5434 παρόντων,
2809 5363 2977 5434 Deest
3033 5357 3136 5413 ἀπό
3193 5359 3253 5416 in
3314 5361 3493 5434 Hegg.
3552 5379 3586 5417 a
3644 5365 3699 5416 et

2045 5428 2331 5512 bm.‘Alii,
2385 5428 2616 5485 sublato
2648 5428 2774 5501 ἀπό,
2810 5431 3043 5499 habent,
3095 5434 3203 5485 τῶν
3234 5428 3518 5507 παρόνὶἷον
3554 5435 3697 5503 [me-

2265 5571 2625 5641 Ἀπηνήνατο,
2658 5570 2812 5649 φησί.
2866 5574 2959 5629 Sic
2990 5573 3186 5646 plures
3218 5576 3393 5650 Regg.
3428 5580 3486 5635 et
3514 5576 3699 5648 C01b.,

2049 5644 2144 5704 0r.
2174 5647 2228 5704 2.
2264 5647 2372 5701 etc.
2406 5643 2579 5704 Deest
2609 5643 2742 5704 φησί
2772 5644 2834 5702 in
2863 5646 2955 5703 ed.

2098 5663 2144 5702 r.
2174 5660 2228 5718 κ,
2264 5660 2372 5701 etc.
2406 5660 2579 5704 ueest
2609 5660 2741 5723 φησι
2772 5662 2834 5723 in
2863 5660 2955 5703 ea.
