4094 6288
391 337 510 398 96⁵7

1631 330 1697 391 S.
1745 328 2117 390 GREGORII
2167 329 2564 391 THEOLOGI

3683 330 3805 391 968

391 471 601 541 inquit,
632 468 906 524 consolari
950 468 1137 521 anima
1184 481 1305 520 mea
1338 468 1378 517 ¹.
1420 464 1681 518 Andisne
1725 462 2016 518 anxietati:

2149 458 2264 522 δίας
2299 460 2515 536 ματα
2547 464 2665 535 (75)
2692 459 2779 515 καὶ
2826 460 3222 537 ἀπογνώσεως
3273 461 3396 535 Ἆρ’
3445 459 3543 514 οὐκ
3592 455 3800 525 ἔδεισας

389 564 449 616 et
477 557 900 629 desperationis
929 556 1105 611 verba
1126 556 1152 609 ?
1181 555 1333 610 Num
1366 554 1497 625 quis
1528 558 1585 609 te
1603 550 1842 609 Davidis
1862 568 2045 607 causa

386 650 564 705 timur
592 646 825 717 invasit,
876 645 1042 717 quasi
1078 644 1389 700 incurabili
1441 644 1644 698 morbo
1697 639 2040 697 laboraret?

388 740 536 805 Quid
570 738 655 793 ais
676 737 702 791 ?
732 736 857 791 Non
888 734 1152 790 admittis
1184 732 1640 787 consolationem
1665 736 1686 787 ?
1710 730 1897 803 Negas
1930 729 2038 784 tibi

387 827 580 885 solatii
609 841 772 898 spem
823 824 1005 878 ullam
1038 821 1414 893 superstitem
1462 837 1589 876 esse
1609 820 1636 874 ?
1666 818 1901 876 Nihilne
1930 818 2036 873 tibi

385 915 764 973 medebitur?
795 913 917 969 Non
971 928 1183 979 sermo,
1217 928 1332 966 non
1366 909 1611 979 amicus,
1648 925 1761 964 non
1795 908 2033 980 propin-

385 1024 559 1079 quus,
593 1022 708 1061 non
763 1002 1035 1070 monitor,
1072 1018 1186 1056 non
1234 999 1451 1055 doloris
1500 999 1723 1054 socium
1774 1014 1836 1053 se
1883 1014 2029 1069 prae-

382 1098 549 1163 bens,
583 1112 698 1150 non
730 1110 823 1148 res
854 1108 993 1148 suas
1024 1091 1298 1145 adversas
1330 1104 1650 1159 exponens,
1684 1104 1799 1142 non
1840 1092 2032 1142 vetera

382 1199 1005 1249 commemorans,non
1038 1178 1346 1252 praesentia
1375 1195 1509 1233 cum
1542 1176 1657 1232 illis
1682 1192 2028 1247 comparans

378 1278 552 1346 atque
600 1272 935 1341 ostendens,
969 1285 1145 1341 quam
1194 1266 1363 1323 multi
1416 1266 1686 1321 homines
1735 1265 1909 1320 etiam
1960 1281 2027 1319 ex

377 1362 763 1420 atrocioribus
820 1359 994 1415 malis
1068 1355 1428 1413 evaserint?
1486 1355 1710 1411 Siccine
1768 1356 2027 1426 projecta

378 1457 535 1525 sunt,
580 1451 950 1515 interierunt,
1002 1448 1235 1503 concisa
1284 1450 1426 1500 sunt
1472 1445 1669 1500 omnia
1709 1444 1737 1498 ?
1802 1444 2024 1499 Siccine

373 1560 508 1615 spes
540 1541 733 1597 omnis
782 1538 1000 1611 periit?
1028 1537 1142 1591 Nec
1173 1534 1493 1607 quidquam
1527 1533 1685 1589 aliud
1730 1536 2020 1604 superest,

372 1648 549 1704 quam
583 1635 649 1685 ut
689 1630 949 1700 jacentes
1000 1630 1055 1681 et
1102 1623 1298 1696 supini
1346 1622 1522 1678 ﬁnem
1569 1623 2023 1693 exspectemus?

370 1723 500 1777 Haec
532 1735 784 1790 magnus
834 1715 931 1771 ille
965 1714 1160 1782 David,
1198 1713 1297 1784 qui
1346 1710 1563 1782 alioqui
1594 1712 1655 1766 in
1686 1710 2015 1765 tribulatio-

2154 550 2231 613 ὡς
2260 551 2382 626 περὶ
2416 550 2775 626 ἀθεραπεύτου
2806 556 2901 604 τοῦ
2946 544 3148 619 Δαϐίδ;
3192 548 3252 602 Τί
3301 547 3519 623 λέγεις;
3560 549 3633 604 Ού
3667 547 3801 625 δέχῃ

2150 638 2534 714 παράκλησιν;
2587 638 2902 709 ἀπελπίζεις
2958 638 3341 714 παραμυθίαν;
3410 635 3589 699 οὐδεὶς
3647 650 3801 715 θερα-

2147 730 2331 784 πεύσει
2363 733 2476 803 (76)
2526 750 2619 798 σε;
2668 730 2730 784 ού
2782 729 2969 804 λόγος,
3012 729 3074 783 οὐ
3106 730 3287 807 φίλος,
3322 729 3383 783 ού
3416 730 3700 805 συγγενὴς,
3734 729 3795 784 οὐ

2146 816 2558 894 συμϐουλεύων,
2617 820 2678 875 οὐ
2734 820 3038 895 συναλγῶν,
3095 821 3156 875 οὐ
3214 820 3281 875 τὰ
3331 822 3448 875 καθ’
3498 821 3682 876 ὶαυτὸν
3713 819 3794 875 δι-

2144 911 2466 985 ηγούμενος,
2518 910 2579 964 ού
2629 910 2696 965 τὰ
2738 910 2942 986 ἀρχαῖα
2987 909 3177 985 λέγων,
3226 910 3287 964 οὐ
3343 912 3408 964 τὰ
3438 915 3529 964 νῦν
3557 931 3793 985 παρατι-

2141 999 2270 1068 θεὶς,
2305 999 2421 1053 ὅσοι
2452 1001 2540 1053 καὶ
2580 999 2685 1053 ἀπὸ
2736 999 3136 1075 χαλεπωτέρων
3191 1004 3367 1054 κακῶν
3421 997 3789 1069 διεσώθησαν;

2141 1088 2428 1164 Ἔῤῥιπται
2476 1090 2680 1159 πάντα;
2734 1086 2981 1163 οἷ’χεται;
3034 1090 3455 1164 περικέκοπται;
3528 1088 3791 1144 ἀπόλωλε

2137 1184 2282 1232 πᾶσα
2324 1177 2518 1247 ἐλπίς;
2564 1184 2769 1242 κεῖσθαι
2826 1177 2907 1233 δεῖ
2962 1178 3146 1252 μόνον,
3194 1180 3255 1233 τὸ
3302 1179 3460 1239 τέλος
3489 1175 3787 1254 ἐκδεχομέ-

2136 1286 2298 1336 νους;
2332 1272 2505 1323 Ταῦτα
2536 1270 2563 1322 6
2598 1270 2759 1342 μέγας
2791 1263 2979 1338 Δαϐὶδ,
3013 1269 3039 1321 6
3073 1267 3122 1322 ἐν
3174 1266 3389 1342 Θλίψεσι
3439 1267 3784 1341 πλατυνόμε-

2134 1375 2263 1417 νος’
2300 1359 2326 1411 6
2356 1357 2445 1411 καὶ
2484 1363 2635 1419 σκιᾶς
2690 1356 2917 1420 θανάτου
2966 1356 3277 1427 κυκλούσης
3329 1356 3461 1431 μετὰ
3507 1362 3603 1411 τοῦ
3652 1362 3787 1412 Θεοῦ

2132 1445 2663 1519 κατεξανιστάμενος.
2712 1446 2771 1499 Τί
2822 1446 2911 1499 οὖν
2966 1445 3074 1520 ἐγὼ
3146 1447 3321 1517 πάθω,
3387 1446 3415 1499 ὁ
3482 1447 3699 1521 μικρὸς,
3759 1446 3787 1499 6

2132 1533 2380 1604 ἀσθενὴς,
2438 1536 2465 1589 6
2516 1538 2723 1610 γήϊνος,
2776 1536 2803 1588 6
2840 1536 2915 1607 μὴ
2948 1539 3207 1596 τοσοῦτος
3238 1535 3316 1606 τῷ
3347 1534 3648 1607 πνεύματι;
3684 1543 3786 1588 Δα-

2132 1618 2220 1675 ϐὶδ
2254 1622 2486 1699 ἷλιγγιᾷ,
2546 1623 2634 1677 καὶ
2666 1624 2747 1685 τίς
2807 1624 3071 1692 σώζεται;
3122 1623 3249 1678 Τίνα
3301 1624 3550 1698 βοήθειαν
3603 1623 3786 1699 εὕροι-

2133 1732 2191 1784 μι
2239 1715 2345 1783 (77)
2395 1714 2741 1783 κακοπαθῶν,
2802 1714 2834 1780 ἢ
2888 1713 3009 1767 τίνα
3056 1711 3431 1789 παράκλησιν;
3491 1713 3629 1789 πρὸς
3658 1712 3784 1767 τίνα

373 1811 549 1867 nibus
602 1808 886 1862 dilatatur
910 1806 967 1872 ²;
1001 1806 1120 1876 qui,
1152 1801 1240 1857 vel
1272 1801 1479 1856 mortis
1507 1801 1716 1855 umbra
1763 1799 2016 1854 circum-

2132 1800 2415 1878 καταφύγω
2485 1800 3035 1876 στενοχωρούμενος;
3100 1802 3476 1875 Ἀποκρίνεταί
3532 1823 3615 1856 σοι
3677 1812 3780 1857 Δα-

2139 1885 2225 1907 ﬁo“
2283 1892 2295 1907 ε
2405 1892 2415 1907 1
2572 1892 2595 1907 Λ
2847 1893 2860 1907 \
2986 1892 2997 1907 ρ
3125 1892 3139 1907 \
3284 1891 3297 1907 l
3368 1892 3377 1907 1
3712 1895 3738 1904 ~

373 1900 541 1954 fusus
580 1898 621 1967 3,
685 1896 782 1951 Dei
839 1899 1035 1949 tamen
1084 1907 1190 1963 ope
1241 1891 1509 1955 obnixus,
1556 1890 1832 1944 adversus
1889 1905 2017 1943 eam

374 1986 652 2058 exsurgit.
708 1984 997 2048 Quidnam
1029 1982 1205 2053 igitur
1253 1997 1347 2036 me
1397 1980 1582 2034 facere
1634 1996 1737 2050 par
1785 1985 1892 2045 est,
1926 1993 2018 2032 me

373 2092 614 2149 parvum
660 2079 716 2130 et
760 2071 1131 2138 imbecillem,
1191 2087 1285 2125 me
1326 2074 1648 2132 terrenum,
1706 2084 1810 2123 nec
1856 2072 2020 2122 tanta

369 2167 611 2238 spiritus
644 2162 919 2219 facultate
950 2160 1304 2233 praeditum?
1336 2159 1512 2215 David
1564 2162 1792 2225 aestuat,
1828 2172 2019 2228 neque

364 2255 541 2309 habet
571 2270 684 2325 quo
726 2269 787 2308 se
813 2256 1019 2321 vertat,
1054 2255 1113 2305 et
1155 2250 1288 2322 quis
1340 2250 1537 2303 salvus
1587 2264 1716 2303 esse
1763 2246 2020 2318 poterit?

365 2346 499 2410 Quae
528 2360 622 2399 res
651 2342 797 2397 mihi
842 2339 1153 2407 laboranti,
1204 2338 1291 2394 vel
1343 2337 1633 2405 subsidio,
1666 2336 1754 2391 vel
1808 2335 2016 2392 solatio

368 2433 566 2487 futura
595 2430 818 2487 est?Ad
851 2445 1025 2501 quem
1048 2429 1109 2482 in
1132 2427 1435 2498 angustias
1467 2426 1736 2480 redactus
1758 2424 2019 2497 fugiam?

369 2520 498 2576 Tibi
529 2536 875 2591 responsum
900 2518 1114 2590 praebet
1132 2517 1591 2586 David,magnus
1614 2513 1710 2569 ille
1733 2513 2014 2581 medicus,

372 2627 437 2666 ac
468 2609 654 2664 malos
684 2610 856 2663 etiam
887 2607 1130 2678 spiritus
1164 2622 1263 2677 per
1284 2604 1563 2676 Spiritum
1594 2603 1653 2657 in
1685 2604 1812 2674 ipso
1848 2602 2019 2657 habi-

370 2705 590 2755 tantem
622 2698 930 2753 incantans
960 2696 1089 2749 ‘.Ad
1121 2711 1295 2765 quem
1328 2692 1628 2763 confugies
1659 2707 1726 2745 ex
1757 2707 1848 2745 me
1871 2690 2017 2746 scire

369 2789 556 2861 cupis,
591 2804 695 2843 nec
725 2804 828 2858 per
858 2791 910 2841 te
940 2785 1066 2857 ipse
1094 2782 1374 2854 intelligis
1395 2783 1421 2837 ?
1452 2782 1591 2845 Quis
1621 2786 1730 2848 est,
1765 2780 1864 2851 qui
1895 2780 2017 2836 lan-

364 2878 574 2951 guidas
606 2879 817 2931 manus
872 2875 1126 2943 roborat,
1160 2877 1216 2928 et
1267 2888 1457 2943 genua
1487 2870 1773 2926 dissoluta
1803 2870 2012 2924 confir-

364 2971 489 3022 mat
518 2967 557 3037 δ,
591 2970 649 3021 et
676 2982 779 3036 per
830 2964 1024 3035 ignem
1058 2962 1245 3029 ducit,
1279 2965 1334 3015 et
1364 2977 1466 3032 per
1513 2977 1725 3032 aquam
1762 2958 2012 3013 salutem

365 3056 581 3112 affert?
613 3053 790 3120 Nihil,
842 3053 1056 3124 inquit,
1088 3051 1380 3106 instructa
1410 3049 1533 3104 acie
1576 3066 1722 3120 opus
1754 3053 1862 3114 est,
1895 3065 2010 3102 non

366 3145 565 3213 armis,
599 3161 715 3199 non
749 3141 1086 3213 sagittariis,
1122 3157 1235 3194 non
1268 3138 1588 3211 equitibus,
1631 3155 1745 3192 non
1778 3136 2013 3192 consul-

2138 1885 2225 1944 ϐἰδ
2276 1892 2303 1944 6
2357 1892 2522 1965 μέγας
2571 1892 2921 1967 θεραπευτής,
2978 1892 3005 1945 ὁ
3053 1892 3140 1944 καὶ
3172 1891 3491 1964 πνεύμάτων
3523 1895 3779 1966 πονηρῶν

2127 1977 2440 2050 κατεπᾴδων
2501 1977 2589 2033 διὰ
2642 1985 2738 2033 τοῦ
2789 1980 2837 2034 ἐν
2889 1979 3034 2051 αὐτῷ
3086 1979 3413 2053 Πνεύματος.
3468 1980 3611 2055 Πρὸς
3660 1980 3782 2034 τίνα

2127 2068 2426 2146 καταφεύξῃ
2474 2072 2584 2141 (78)
2637 2072 2765 2144 παρ’
2812 2068 2946 2143 ἐμοῦ
2996 2068 3179 2143 βούλει
3235 2075 3444 2142 μαθεῖν,
3502 2070 3661 2131 αὐτὸς
3723 2067 3781 2123 δὲ

2130 2158 2229 2213 οὐκ
2276 2157 2593 2226 ἐπίστασαι;
2642 2158 2733 2220 Τίς
2783 2159 2809 2212 6
2852 2159 2947 2220 τὰς
2995 2160 3322 2234 παρειμένας
3377 2157 3636 2234 ἐνισχύων
3665 2163 3783 2235 χεῖ-

2131 2267 2246 2322 ρας,
2296 2248 2385 2301 καὶ
2436 2247 2634 2323 γόνατα
2681 2245 3103 2323 παραλελυμένα
3149 2248 3476 2323 παρακαλῶν
3523 2252 3655 2322 (79),
3689 2249 3778 2303 καὶ

2130 2334 2219 2391 διὰ
2239 2338 2408 2412 πυρὸς
2440 2334 2609 2411 ἄγων,
2640 2335 2730 2391 καί
2762 2338 2949 2406 σώζων
2983 2334 3051 2391 δι’
3085 2336 3313 2407 ὕδατος;
3368 2336 3529 2392 Οὐδὲν
3583 2335 3666 2393 δεῖ
3692 2360 3777 2394 σοι

2128 2427 2491 2501 παρατάξεως,
2526 2427 2706 2503 φησὶν,
2754 2426 2860 2500 οὐχ
2903 2425 3111 2498 ὅπλων,
3162 2426 3222 2481 οὐ
3267 2428 3522 2498 τοξοτῶν,
3557 2427 3665 2502 οὐχ
3694 2428 3783 2483 ἱπ-

2126 2514 2291 2583 πέων,
2325 2515 2385 2569 οὐ
2418 2510 2765 2588 συμϐούλων,
2798 2514 2859 2570 οὗ
2905 2515 3103 2589 φίλων,
3166 2516 3262 2570 οὐκ
3312 2516 3620 2592 ἐπικουρίας
3680 2520 3780 2587 τῆς

2127 2600 2341 2674 ἔξωθεν.
2402 2611 2590 2680 Ἔχεις
2641 2605 2693 2659 ὲν
2737 2609 2943 2677 σεαυτῷ
2989 2606 3086 2674 τὴν
3141 2604 3479 2681 συμμαχίαν,
3528 2607 3589 2670 ἣν
3622 2607 3777 2680 κάγὼ

2124 2693 2214 2748 καὶ
2267 2700 2372 2755 πᾶς
2420 2693 2449 2747 6'
2502 2693 2856 2769 βουλόμενος.
2911 2692 3144 2763 Θελῆσαι
3197 2692 3279 2748 δεῖ
3318 2694 3502 2767 μόνον,
3534 2696 3777 2770 ὁρμῆσαι

2130 2782 2311 2855 μόνον.
2362 2782 2552 2858 Ἐγγὺς
2599 2786 2633 2851 ἡ
2677 2781 3038 2859 παρακλησις,
3081 2783 3131 2837 ἐν
3163 2788 3243 2855 τῷ
3276 2783 3503 2856 στόματί
3535 2806 3651 2854 σου,
3682 2785 3773 2839 καὶ

2124 2872 2175 2926 ἐν
2220 2876 2287 2946 τῇ
2337 2872 2497 2948 καρίᾳ
2576 2893 2708 2926 σου·
2761 2874 3068 2944 Ἐμνήσθην
3119 2877 3215 2926 τοῦ
3266 2878 3418 2945 Θεοῦ,
3471 2874 3624 2950 φησί,
3682 2877 3773 2929 καὶ

2124 2960 2443 3039 εὐφράνθην.
2488 2961 2547 3014 Τί
2609 2963 2833 3035 μνήμης
2884 2961 3262 3037 ἑτοιμότερος
3332 2965 3615 3033 Μνήσθητι
3683 2963 3774 3018 καὶ

2124 3050 2208 3118 σὺ,
2239 3052 2328 3105 καὶ
2377 3051 2699 3127 εύφράνθην.
2750 3052 2813 3104 Ὢ.
2853 3056 2949 3104 τοῦ
3008 3051 3332 3126 εύποριστου
3361 3056 3459 3121 τῆς
3493 3052 3729 3126 ἰατρείας
3760 3056 3771 3109 l

2123 3139 2167 3193 ὣ
2225 3145 2321 3193 τοῦ
2367 3139 2571 3215 τάχους
2618 3144 2714 3209 τῆς
2766 3140 3083 3214 Θεραπείαςί
3137 3138 3180 3194 ὢ
3225 3145 3321 3195 τοῦ
3356 3140 3618 3216 μεγέθους
3674 3146 3775 3211 τῆς

366 3235 616 3302 toribus,
646 3250 762 3288 non
809 3231 1038 3297 amicis,
1070 3246 1185 3284 non
1216 3232 1454 3283 externo
1498 3226 1782 3282 subsidio.
1831 3226 2005 3281 Auxi-

2132 3226 2357 3304 Ξωρεᾶςί
2410 3230 2485 3285 Ού
2542 3229 2780 3301 κοιμίζει
2840 3229 3002 3301 μόνον
3060 3229 3420 3305 ὀλιγοψνχίαν
3468 3230 3557 3285 καὶ
3589 3229 3770 3302 λύπην

365 3324 538 3379 liares
569 3322 765 3393 capias
797 3320 855 3375 in
887 3320 1072 3391 teipso
1103 3318 1305 3383 habes,
1340 3334 1488 3388 quae,
1509 3322 1565 3371 et
1592 3316 1719 3383 tibi,
1754 3320 1810 3371 et
1842 3316 2008 3382 mihi,

2132 3318 2517 3390 μνημονευθεὶς
2567 3320 2594 3372 ὁ
2644 3321 2755 3393 (80)
2804 3318 2957 3389 Θεὸς,
3007 3317 3152 3375 ἀλλὰ
3197 3319 3286 3374 καὶ
3320 3319 3651 3397 εὐφροσύνην
3686 3320 3773 3397 ἐρ-

367 3417 424 3468 et
455 3412 638 3468 cuivis
670 3411 728 3465 in
778 3413 1050 3481 promptu
1082 3412 1238 3462 sunt.
1288 3405 1447 3461 Velle
1477 3409 1707 3460 tantum
1760 3410 2008 3477 oportet,
2119 3402 2356 3481 γάζεται.

363 3502 661 3572 animique
690 3500 974 3570 impetum
1007 3498 1231 3553 afferre.
1266 3497 1327 3550 In
1360 3495 1685 3567 propinquo
1717 3498 1805 3549 est
1853 3496 2194 3565 consolatio,
2226 3497 2285 3551 in
2319 3515 2415 3553 ore
2464 3502 2584 3566 tuo,
2617 3502 2674 3553 et
2701 3497 2760 3552 in
2792 3500 2962 3554 corde
3016 3503 3132 3556 tuo.
3170 3504 3381 3555 Memor
3406 3502 3497 3570 fui
3526 3501 3643 3566 Dei,
3674 3499 3767 3555 in-

359 3591 507 3664 quit,
539 3594 588 3645 et
617 3590 907 3646 delectatus
953 3604 1072 3642 sum
1101 3588 1142 3640 ‘.
1176 3586 1324 3651 Quid
1358 3585 1639 3640 memoria
1666 3584 1927 3655 paratius
1948 3586 1974 3638 ‘?
1999 3587 2150 3641 319
2184 3588 2269 3641 Tu
2305 3604 2536 3658 quoque
2588 3604 2813 3642 memor
2842 3593 2982 3655 esto,
3013 3593 3070 3643 et
3118 3589 3423 3644 delectare.
3458 3588 3502 3643 Ο
3533 3589 3762 3645 facilem

357 3679 745 3736 medicinam!
782 3677 824 3732 Ο
853 3676 1097 3731 celerem
1129 3674 1372 3729 curandi
1404 3673 1687 3729 rationem
1718 3675 1727 3728 !
1764 3673 1805 3727 Ο
1838 3673 2135 3743 ingentem
2167 3674 2431 3729 beneficii
2464 3676 2932 3748 magnitudinem
2959 3676 2971 3730 l
3002 3677 3125 3732 Non
3160 3678 3332 3733 modo
3361 3677 3543 3732 animi
3576 3678 3763 3734 imbe-

356 3770 658 3825 cillitatem
691 3765 1146 3836 maestitiamque
1178 3764 1342 3819 sedat
1370 3762 1471 3817 Dei
1502 3762 1840 3831 recordatio,
1874 3764 1975 3817 sed
2005 3766 2061 3818 et
2084 3763 2524 3819 delectationem
2554 3766 2726 3836 parit.

436 3857 640 3915 IlI.Vis
672 3855 786 3911 alia
814 3855 1055 3926 insuper
1075 3853 1283 3908 divinae
1303 3868 1440 3923 erga
1470 3852 1796 3905 humanum
1820 3868 2006 3923 genus

362 3946 779 4004 benevolentiae
810 3942 1145 3999 testimonia
1175 3942 1493 4013 producam
1514 3940 1541 3993 ?
1569 3940 2006 4010 Si,inquit,c0n-

361 4054 549 4093 versu:
578 4037 651 4091 ad
703 4036 1006 4090 Dominum
1052 4032 1397 4102 ingemuerz's,
1431 4039 1558 4084 tunc
1604 4030 1787 4083 salvus
1824 4030 1935 4085 eris
1963 4031 2003 4083 ⁷.

360 4126 681 4191 Videtisne,
716 4123 1216 4196 quemadmodum
1263 4119 1423 4175 salus
1454 4136 1586 4174 cum
1620 4118 1839 4190 gemitu
1870 4135 2004 4173 con-

351 4216 561 4286 juncta
591 4214 715 4269 sit‘?
746 4215 815 4268 Et
862 4212 1051 4267 adhuc
1082 4215 1139 4265 te
1188 4208 1463 4280 loquente
1516 4208 1664 4261 dicet
1699 4225 1711 4263 ε
1746 4210 1878 4262 Ecce
1908 4208 2004 4262 ad-

356 4322 480 4359 sum
508 4304 528 4337 ⁸
554 4322 566 4373 ;
602 4306 659 4358 et
686 4303 961 4374 loquetur
989 4301 1196 4375 animae
1230 4304 1370 4353 tuae:
1405 4296 1568 4351 Salus
1598 4305 1691 4351 tua
1718 4313 1814 4366 ego
1842 4314 1965 4351 sum
1985 4298 2005 4331 θ

357 4392 515 4447 Nihil
549 4393 700 4448 inter
750 4391 1091 4463 petitionem
1139 4393 1196 4443 et
1243 4387 1714 4457 impetrationem
1760 4387 2002 4441 interce-

359 4482 482 4551 dit;
518 4500 632 4538 non
664 4498 895 4551 aurum,
928 4497 1043 4535 non
1076 4481 1403 4549 argentum,
1440 4493 1553 4531 non
1600 4474 1916 4548 splendidae
1948 4480 2005 4532 et

358 4572 580 4628 eximias
612 4588 878 4644 gemmae,
900 4586 1010 4624 non
1045 4572 1251 4622 caetera
1281 4565 1496 4637 quibus
1525 4564 1821 4621 hominem
1846 4583 2005 4621 men-

357 4665 445 4718 tes
476 4663 547 4717 ad
592 4661 891 4716 lenitatem
923 4662 979 4713 et
1008 4656 1379 4712 clementiam
1410 4655 1808 4710 inflectuntur.
1845 4656 2003 4710 Post-

356 4767 537 4823 quam
580 4749 725 4805 dixit
769 4746 1118 4820 SOphonias,
1172 4750 1452 4818 tanquam
1504 4760 1572 4799 ex
1625 4744 1722 4800 Dei
1770 4744 1901 4799 irati
1951 4748 2007 4801 et

1004 4929 1026 4962 ²
1058 4926 1208 4982 Psal.
1260 4942 1334 4994 IV,
1365 4925 1419 4979 2.
1498 4924 1517 4957 ³
1551 4923 1703 4993 Psal,
1751 4940 1889 4993 χχιι,
1923 4925 1975 4980 4.

426 4935 442 4969 ί
474 4929 623 4987 Psal.
659 4947 841 4995 LXXVI,
874 4929 926 4985 3.
1004 4929 1026 4962 ²
1058 4929 1208 4982 Psal.
1260 4942 1334 4994 IV,
1365 4929 1419 4979 2.
1498 4929 1517 4957 ³
1551 4929 1703 4993 Psal,
1751 4940 1841 4979 xx:

426 5019 467 5058 ι.
499 5020 629 5064 xxx,
665 5003 750 5058 15.
827 5002 847 5036 ⁸
878 5000 988 5056 Isa.
1021 5016 1182 5064 Lvm,
1211 4998 1265 5052 9.
1342 4998 1363 5031 9
1396 4995 1544 5052 Psal.
1577 5012 1765 5064 xxxxv,
1795 4997 1847 5050 3.

353 5002 467 5060 Isa.
499 5020 629 5072 xxx,
665 5003 750 5058 15.
827 5002 847 5036 ⁸
878 5000 988 5056 Isa.
1021 5016 1182 5070 Lvm,
1211 4998 1265 5052 9.

431 5186 544 5261 (75)
572 5185 836 5261 Ῥήματα.
871 5185 963 5242 Sic
995 5185 1132 5256 Reg.
1166 5182 1268 5237 hu.
1316 5181 1413 5235 Or.
1445 5180 1500 5247 2,
1533 5180 1686 5245 Par.,
1718 5179 1862 5249 Jes.,
1895 5184 2006 5237 etc.

361 5261 536 5318 Deest
567 5260 623 5313 in
658 5261 749 5314 ed.

430 5334 541 5424 (’76)
602 5326 945 5405 Θεραπεύσει.
1006 5332 1144 5397 Reg.
1202 5341 1256 5389 a,
1315 5326 1372 5378 et
1427 5326 1543 5377 tres
1617 5320 1799 5390 Colb.,
1860 5321 2009 5395 Θερα-

358 5423 539 5548 ﬂigi.)
572 5472 826 5549 Εὕροιμι.
880 5472 1020 5543 Reg.
1054 5470 1115 5535 h,
1165 5466 1412 5523 Golbert.
1456 5468 1515 5534 2,
1547 5465 1703 5521 Orat.
1736 5469 1789 5535 2,
1835 5463 2002 5540 εὕρω-

366 5567 532 5703 Piiiis)
567 5614 896 5703 Κατριφεύξῃ.
947 5614 1040 5703 Sic
1058 5612 1333 5703 jReg:_‘a,
1368 5614 1425 5666 et
1471 5607 1643 5666 Coisl.
1698 5611 1748 5666 1.
1797 5611 1863 5667 In
1909 5611 2002 5668 ed.

355 5684 605 5765 aliisque
633 5684 905 5763 pluribus
934 5684 1104 5744 codd.
1139 5684 1323 5739 deest.

2112 3960 2256 4009 των;
2329 3944 2451 3997 Ἐὰν
2527 3941 2891 4019 ἐπιστραφεὶς,

2116 4031 2383 4104 στενάξῃς,
2436 4030 2557 4084 τότε
2625 4032 2859 4104 σωθήσῃ.
2927 4037 3111 4106 Ὁρᾶτε
3159 4036 3236 4103 τῷ
3310 4037 3592 4107 στεναγμῷ
3665 4032 3767 4101 τήν

2116 4120 2385 4193 σωτηρίαν
2464 4120 2919 4195 συνεζευγμὲνην;
2992 4118 3088 4173 Καὶ
3155 4116 3231 4175 ἔτι
3291 4117 3590 4181 λαλοῦντός
3645 4141 3764 4188 σου,

2115 4209 2258 4283 ἐρεῖ·
2317 4206 2457 4265 Ἰδοὺ
2507 4208 2754 4283 πάρειμι·
2816 4209 2904 4262 καὶ
2951 4207 3230 4283 φθέγξεται
3278 4207 3348 4283 τῇ
3410 4212 3562 4283 ψυχῇ
3619 4228 3713 4263 σου
3752 4227 3767 4244 ⁸

2035 4612 2082 4677 D

2055 4924 2077 4960 ⁴
2105 4928 2130 4979 Ι
2161 4925 2301 4996 Reg.
2350 4941 2465 4991 XVI,
2508 4924 2599 4979 23.

2186 3852 2256 3910 1".
2285 3851 2480 3908 Βούλει
2512 3852 2599 3906 καὶ
2631 3851 2816 3907 ἄλλων
2862 3852 3084 3907 ἀκοῦσαι
3135 3851 3544 3931 φιλανθρωπίας
3576 3852 3763 3929 ῥημά-

2979 3943 3130 4019 φησὶ,
3207 3943 3342 4018 πρὸς
3401 3942 3595 4019 Κύριον
3649 3945 3762 4017 (81)

2116 4298 2368 4369 Σωτηρία
2417 4318 2511 4351 σου
2561 4297 2675 4369 εἰμὶ
2723 4296 2849 4370 ἐγώ.
2912 4294 3072 4351 Οὐδὲν
3128 4297 3286 4370 μὲσον
3344 4305 3445 4367 τῆς
3492 4297 3762 4367 αἲτήσεως

2112 4386 2201 4441 καὶ
2232 4394 2330 4456 τῆς
2364 4386 2680 4459 ἐπιτεύξεως
2704 4407 2715 4419 ·
2769 4385 2830 4440 ού
2892 4387 3117 4462 χρυσὸς,
3146 4386 3244 4441 οὐκ
3273 4384 3525 4462 ἄργυρος,
3559 4385 3621 4440 ού
3670 4383 3760 4438 λί-

2112 4477 2194 4530 Θοι
2242 4480 2348 4529 τῶν
2406 4472 2673 4552 διαιρανῶν
2734 4476 2822 4529 καὶ
2873 4476 3094 4549 τιμίων,
3145 4474 3252 4550 οὐχ
3300 4474 3449 4537 ὅσοις
3481 4474 3760 4551 ἄνθρωποι

2111 4566 2445 4638 κάμπτονται
2493 4567 2628 4638 πρὸς
2653 4566 2715 4619 τὸ
2762 4566 2985 4640 ἥμερον.
3032 4566 3190 4620 Ὅταν
3244 4564 3367 4639 εἴπῃ
3415 4567 3524 4639 (82)
3578 4570 3766 4641 Σοφο-

2113 4654 2248 4723 νίας,
2282 4653 2358 4715 ὡς
2388 4653 2532 4729 παρὰ
2561 4658 2657 4710 τοῦ
2689 4658 2822 4708 Θευῦ
2855 4652 3026 4729 λέγων
3059 4653 3404 4729 ὠργισμένου
3461 4654 3551 4707 καὶ
3595 4650 3765 4727 χαλε-

2114 4743 2417 4799 παίνοντος.
2474 4742 2835 4819 Ἐξερημώσω
2897 4742 2991 4804 τὰς
3058 4740 3215 4805 ὁδοὺς
3282 4742 3452 4797 αὐτῶν
3524 4742 3586 4796 τὸ
3659 4740 3765 4796 πά-

2676 4924 2696 4959 ⁵
2728 4925 2841 4981 Isa.
2889 4942 3055 4992 xxxv,
3087 4926 3139 4979 3.
3217 4925 3237 4960 °
3281 4923 3433 4981 Psal.
3483 4940 3670 4995 LXXVI,
3703 4923 3757 4979 4.

2188 5180 2301 5253 (79)
2334 5177 2695 5251 Παρακαλῶν.
2737 5204 2766 5231 ‹‹
2800 5180 3163 5252 Consolatur,
3201 5205 3224 5233 ι»
3256 5180 3411 5253 quod
3443 5179 3649 5237 durius
3680 5178 3767 5237 vi-

2119 5253 2289 5307 detur
2319 5254 2387 5307 ad
2425 5253 2847 5323 metaphoram.

2189 5326 2298 5397 (80)
2330 5324 2385 5375 '0
2417 5325 2589 5397 Deest
2622 5325 2679 5379 in
2711 5329 2887 5397 Regg.
2922 5343 2975 5380 a.
3007 5326 3129 5380 bm.

2186 5393 2297 5465 (81)
2330 5393 2473 5466 Πρὸς
2505 5393 2724 5466 Κύριον.
2760 5393 2995 5453 ΙΙΞἸΑΧΧ
3024 5399 3205 5454 deest.

2181 5463 2482 5549 (82)"'(2'tav
2536 5463 2677 5549 ιῖξεῃ,
2728 5479 2833 5523 elo.
2884 5470 3181 5549 Rillius,_«
3211 5472 3524 5549 postquam
3573 5468 3759 5549 iratus

2115 5539 2563 5620 atqueinfensus
2584 5539 2861 5620 Deusﬂper
2879 5539 3233 5620 Sophoniam
3257 5542 3340 5620 sic
3361 5539 3594 5620 locutus
3614 5545 3761 5597 est.»

2112 5609 2219 5664 Hic
2249 5609 2414 5667 nulla
2442 5610 2665 5669 ratione
2719 5609 2979 5686 Gregorii
3012 5614 3278 5689 phrasim
3310 5613 3550 5671 invertit
3578 5613 3765 5669 inter-

2155 5697 2270 5739 res.
