4094 6288
301 453 420 514 969

1194 447 1488 509 ORATIO
1531 445 1723 509 XVII.
1758 446 1967 506 —AD
2014 445 2242 509 CIVES
2288 449 2863 511 NAZIANZENOS.

3594 451 3714 512 970

305 585 502 657 ράπαν,
575 585 674 636 τοῦ
735 581 810 652 μή
875 577 1157 634 διοδεύειν.
1223 577 1509 649 Ἐξὲλιπον
1570 578 1684 648 (83)
1744 577 1800 632 αἱ
1851 575 1948 630 πό-

2067 578 2428 650 indignantis
2485 599 2735 654 persona
2791 582 3041 654 loquens
3064 583 3107 618 ¹⁰
3139 599 3151 637 :
3186 583 3412 637 Penitus
3468 581 3712 642 desertas

304 671 417 732 λεις
478 669 650 724 αὐτῶν
713 666 803 723 διὰ
866 669 928 723 τὸ
994 670 1069 740 μὴ
1129 668 1412 741 ὑπάρχειν,
1487 663 1630 738 μηδὲ
1685 669 1954 720 κατοικεῖ-

301 762 458 813 σθαι·
512 757 636 813 ὅταν
688 756 960 830 ἀπειλήοῃ
1007 758 1073 811 τὰ
1129 752 1556 832 φρικωδέστατα,
1609 753 1733 808 ὅταν
1789 775 1951 810 κατα-

302 843 445 921 ϐάλῃ
477 852 543 920 τῇ
577 846 779 919 ἀθυμίᾳ
807 848 941 918 (84),
977 844 1101 898 ὅτυν
1153 844 1312 920 ζόφον
1359 841 1652 918 ἐργάσηται
1700 844 1812 916 (85)
1863 839 1952 896 διὰ

300 942 400 1004 τῆς
451 933 702 1004 ἀπειλῆς,
757 933 910 995 εὐθὺς
959 932 1146 1006 ἐπάγει
1191 931 1281 986 καὶ
1327 932 1390 986 τὸ
1437 938 1536 1000 τῆς
1572 931 1948 1006 χρηστοτέρας

301 1021 529 1085 ἐλπίδος
561 1028 699 1101 φῶς,
730 1023 816 1077 καὶ
848 1021 1137 1077 ἀνακτᾶταί
1169 1023 1279 1094 (86)
1315 1041 1380 1093 με
1417 1019 1634 1081 τούτοις
1682 1025 1800 1082 τοῖς
1853 1019 1948 1096 ῥή-

305 1131 480 1186 μασι·
536 1111 688 1182 Πλὴν
733 1115 893 1166 εἶπα·
943 1107 1208 1166 Φοϐεῖσθὲ
1261 1131 1346 1183 με,
1407 1109 1495 1163 καὶ
1551 1107 1767 1181 δέξασθε
1826 1130 1948 1163 παι-

302 1200 468 1272 δέίαν,
518 1203 606 1256 καὶ
657 1201 717 1256 οὐ
771 1202 846 1273 μὴ
899 1199 1319 1275 ἐξολοθρευθῆτε
1385 1197 1436 1268 ἐξ
1495 1197 1793 1276 ὀφθαλμῶν
1852 1197 1946 1252 αὐ-

298 1299 399 1361 τῆς
425 1313 438 1325 ο
471 1291 559 1345 καὶ
590 1287 666 1345 ἔτι
699 1287 1073 1366 φαιδροτέροις
1125 1288 1317 1364 μικρὸν
1361 1289 1570 1363 προϊὼν
1612 1289 1700 1342 καὶ
1751 1283 1944 1362 φιλαν-

303 1381 689 1456 θρωποτέροις’
742 1380 828 1433 Ἐν
881 1383 961 1449 τῷ
1014 1381 1188 1452 καιρῷ
1261 1376 1449 1448 ἐκείνῳ
1518 1377 1630 1451 ipsi
1704 1375 1941 1448 Κύριος·

302 1471 514 1545 Θάρσει,
593 1468 758 1539 Σιὼν,
839 1469 912 1538 μή
991 1465 1359 1541 παρείσθωσαν
1431 1465 1486 1519 αἱ
1563 1463 1744 1538 χεῖρές
1825 1484 1941 1536 σου,

300 1558 498 1632 Κύριος
542 1557 570 1611 ὁ
619 1555 750 1618 Θεός
803 1576 898 1610 σου
949 1554 999 1610 ἐν
1047 1555 1153 1624 σοὶ,
1204 1552 1420 1615 δυνθνὸς
1478 1553 1645 1607 σῶσαί
1694 1555 1806 1625 (87)
1863 1569 1940 1606 σε’

297 1645 385 1700 καὶ
458 1646 636 1715 ἐπάξει
712 1644 800 1698 ἐπὶ
872 1645 930 1698 σὲ
995 1642 1353 1720 εὐφροσύνην,
1427 1642 1517 1697 xui
1575 1645 1770 1696 καινιεῖ
1827 1643 1942 1714 (88)

297 1755 355 1788 σε
420 1733 472 1788 ἐν
525 1737 593 1806 τῇ
650 1732 919 1808 ἀγαπήσει
983 1731 1166 1803 αὐτοῦ,
1225 1731 1313 1785 xui
1373 1730 1578 1800 συνάξει
1633 1728 1758 1790 τοὺς
1819 1749 1940 1782 συν-

295 1821 710 1899 τετριμμένους,
796 1821 885 1875 καὶ
975 1821 1134 1874 σώσει
1233 1819 1360 1880 τοὺς
1465 1818 1938 1891 ἒκπεπιεσμένους,

2057 669 2262 736 faciam
2291 671 2410 725 vias
2434 686 2645 737 eorum,
2689 675 2751 725 ut
2781 687 2893 725 non
2914 673 2986 726 sit
3005 672 3105 742 qui
3131 669 3508 742 ingrediatur.
3546 672 3710 737 Defe-

2056 760 2249 811 cerunt
2275 760 2520 815 civitates
2549 774 2762 825 eorum,
2803 769 2862 815 eo
2901 760 3047 830 quad
3076 759 3274 814 nullus
3320 759 3581 829 supersit,
3617 774 3714 814 nec

2057 844 2480 914 inhabitentur;
2509 853 2820 920 postquam
2853 848 3228 903 acerbissima
3248 861 3494 920 quisque
3533 847 3715 903 mina-

2057 937 2155 989 tus
2187 938 2292 1005 est,
2326 940 2636 1007 postquam
2691 952 2923 992 summo
2990 952 3234 992 mmrore
3294 935 3522 991 animos
3575 951 3710 991 con-

2056 1024 2356 1090 sternavit,
2388 1041 2454 1080 ac
2484 1024 2776 1080 minarum
2811 1025 3120 1098 caliginem
3172 1025 3400 1094 offudit,
3431 1023 3554 1095 spei
3588 1040 3708 1079 me-

2054 1109 2217 1167 lioris
2242 1111 2441 1168 lumen
2473 1115 2675 1168 statim
2701 1113 2944 1180 inducit,
2966 1127 3173 1184 meque
3204 1112 3545 1183 bujusmodi
3586 1129 3711 1169 ora-

2053 1199 2211 1254 tione
2243 1205 2465 1256 recreat
2519 1207 2575 1256 et
2598 1202 2822 1258 reficit:
2865 1204 3244 1258 Verumtamen
3264 1201 3387 1256 dixi
3424 1219 3436 1257 :
3501 1203 3711 1258 Timete

2055 1304 2158 1352 me,
2189 1299 2244 1346 et
2273 1291 2501 1360 accipite
2531 1291 2917 1362 disciplinam,
2963 1301 3014 1346 et
3044 1307 3154 1347 non
3207 1291 3602 1362 disperdemini
3647 1290 3713 1348 de

2052 1377 2224 1431 oculis
2275 1379 2478 1448 ejus“.
2541 1379 2968 1450 Aliquantoque
3038 1379 3280 1435 ulterius
3335 1396 3710 1450 progressus,

2053 1464 2376 1558 laetioribus
2407 1467 2602 1558 adhuc
2655 1468 3220 1540 humanioribusque
3265 1467 3456 1524 verbis
3501 1468 3708 1558 utitur,

2055 1555 2116 1608 In
2143 1558 2383 1626 tempore
2438 1555 2541 1611 illo
2570 1557 2711 1611 dicet
2759 1559 3031 1612 Dominus
3071 1573 3090 1610 :
3131 1559 3275 1612 Bono
3306 1559 3502 1612 animo
3547 1560 3658 1613 esto
3692 1555 3705 1614 ξ

2051 1642 2197 1706 Sion,
2225 1660 2292 1699 ne
2323 1646 2679 1712 languescant
2705 1661 2901 1700 manus
2934 1653 3058 1700 tuw.
3093 1647 3354 1701 Dominus
3401 1647 3542 1701 Deus
3581 1651 3711 1702 tuus

2055 1733 2112 1786 in
2144 1736 2194 1787 te
2223 1737 2322 1798 est,
2355 1734 2451 1803 qui
2476 1737 2525 1788 te
2552 1734 2765 1788 salvam
2792 1735 2972 1804 facere
3014 1737 3218 1804 potest:
3249 1736 3299 1788 et
3347 1733 3567 1788 inducet
3614 1750 3706 1789 su-

2050 1837 2150 1889 per
2177 1829 2230 1876 te
2252 1821 2674 1890 iucunditatem.
2699 1831 2752 1878 et
2783 1823 3067 1878 innovabit
3127 1830 3179 1877 te
3204 1838 3304 1893 per
3361 1821 3708 1877 dilectionem

297 1912 387 1967 xui
469 1910 593 1966 τοὺς
671 1911 1027 1983 ἀπωσμὲνους
1106 1906 1412 1979 εἰσδὲξεται.
1495 1913 1671 1962 Ταῦτα
1744 1908 1831 1962 xui
1888 1909 1940 1962 οἱ

2067 1926 2222 1977 ἀαηι,
2254 1915 2308 1966 et
2363 1913 2627 1967 contritas
2683 1911 2928 1981 colliget,
2961 1915 3012 1968 et
3042 1927 3320 1983 oppressos
3351 1910 3607 1979 servabit,
3657 1919 3710 1967 et

299 2001 441 2076 ἅγιοι
474 2000 562 2054 xui
595 2000 648 2054 oi
687 1999 951 2073 λογισμοὶ
987 1997 1299 2073 βούλονται,
1348 1996 1435 2050 καὶ
1469 1998 1496 2051 ὁ
1548 1996 1679 2069 ἐμὸς
1728 1997 1941 2052 ἀπαιτεῖ

302 2087 486 2163 λόγος.
524 2086 699 2144 Ἀλλά
730 2085 943 2159 δέξασθε
976 2086 1176 2159 λόγους
1209 2088 1542 2163 φρονήσεως,
1575 2085 1649 2146 ὥς
1680 2088 1789 2158 (89)
1835 2107 1940 2162 φη·

301 2197 381 2230 σιν
435 2179 462 2230 ὁ
503 2179 646 2237 θεῖος
700 2175 992 2247 Σολομὼν,
1041 2172 1132 2228 ’ίνα
1185 2176 1260 2247 μὴ
1303 2173 1626 2246 ἐμπεσόντες
1657 2173 1732 2234 εἷς
1764 2178 1940 2228 κακῶν

307 2266 466 2338 βάθος
504 2265 951 2340 καταφρονήσητε
1001 2266 1132 2335 (90),
1185 2261 1325 2334 μηδὲ
1369 2263 1472 2316 ὑπὸ
1500 2269 1601 2331 τῆς
1637 2259 1772 2323 ἷ’δίας
1805 2263 1943 2333 ἀμα-

301 2353 414 2414 θίας
443 2354 556 2426 (91)
591 2349 804 2425 μᾶλλον
833 2351 868 2420 ἢ
899 2358 1000 2420 τῆς
1039 2349 1378 2425 κατεχούσης
1417 2347 1733 2426 δυσχερείας
1783 2370 1944 2404 κατα-

299 2449 526 2511 ποθῆτε.

371 2620 442 2675 Δ’.
520 2617 730 2680 Κύκλος
804 2616 885 2680 τίς
968 2616 1131 2690 ἐστιν,
1202 2614 1449 2695 ἀδελφοὶ,
1507 2621 1614 2672 τῶν
1675 2615 1944 2693 ἀνθρωπί-

297 2729 400 2762 νων
431 2709 545 2781 (92)
592 2708 955 2782 πραγμάτων,
1007 2707 1097 2762 xui
1145 2704 1388 2762 παιδεύει
1430 2704 1519 2761 διὰ
1549 2711 1656 2761 τῶν
1691 2705 1943 2760 ἐναντίων

300 2800 450 2870 ἡμᾶς
500 2799 528 2850 ὁ
569 2796 738 2858 Θεός·
790 2795 971 2871 ὥσπερ
1029 2799 1388 2867 συνεστήσατο
1433 2797 1501 2852 τὰ
1548 2795 1720 2851 πάντα
1767 2799 1946 2872 σοφῶς

302 2885 391 2939 καὶ
440 2882 750 2953 συνέδησεν,
800 2883 942 2938 οὕτω
986 2889 1166 2961 σοφῶς
1197 2884 1258 2937 τὸ
1289 2890 1390 2938 πᾶν
1425 2882 1682 2956 διεξάγων
1733 2882 1821 2936 καὶ
1853 2903 1945 2936 κυ-

303 2968 506 3048 ϐερνῶν
538 2978 654 3035 τοῖς
684 2972 986 3049 ἀνιφίκτοις
1017 2975 1129 3046 (93)
1170 2972 1334 3027 αὐτοῦ
1382 2973 1471 3027 καὶ
1523 2971 1944 3047 ἀνεξιχνιάστοις

304 3061 582 3136 κρίμασιν,
632 3060 682 3114 ἐν
745 3058 803 3115 δὲ
860 3066 974 3122 τοῖς
1022 3066 1150 3114 πᾶσι
1183 3060 1271 3114 καὶ
1301 3061 1368 3114 τὰ
1419 3062 1679 3134 ἡμέτερα.
1713 3059 1945 3114 Κίνεῖται

303 3150 405 3226 γὰρ
456 3153 585 3223 (94),
631 3147 705 3203 ’ίν’
752 3149 924 3211 οὕτως
975 3147 1111 3203 εἷ’πω
1161 3150 1221 3202 τὸ
1259 3155 1361 3202 πᾶν
1392 3149 1515 3224 περὶ
1545 3149 1635 3202 τὸν
1669 3150 1945 3219 ἀκίνητον,

306 3240 392 3294 καὶ
427 3238 735 3307 σαλεύεται,
767 3238 921 3312 λόγῳ
956 3238 1048 3310 μὲν
1082 3235 1337 3310 οὐδαμῶς
1383 3238 1492 3310 (95)
1543 3238 1593 3309 (ὁ
1643 3238 1743 3312 γὰρ
1791 3235 1947 3297 αὐτὸς

2051 2000 2244 2068 eiectos
2274 2000 2520 2056 admittet
2543 2001 2603 2055 ¹².
2637 2001 2765 2055 Haec
2793 2001 2983 2056 sancti
3017 2000 3146 2069 viri,
3184 2001 3301 2056 haec
3328 2001 3581 2056 rationes
3605 2017 3707 2056 vo-

2050 2086 2200 2155 lunt,
2228 2088 2348 2143 haec
2380 2106 2508 2144 mea
2541 2089 2798 2160 postulat
2828 2089 3032 2144 oratio.
3060 2089 3172 2144 Vos
3196 2095 3394 2144 autem
3422 2090 3706 2155 suscipite

2053 2192 2353 2232 sermones
2385 2178 2726 2247 prudentius,
2751 2183 2816 2232 ut
2846 2183 2935 2232 est
2956 2179 3110 2248 apud
3143 2178 3511 2232 Salomonem
3541 2182 3602 2244 ιδ,
3631 2192 3703 2232 ne

2053 2265 2287 2319 tandem
2319 2265 2377 2318 in
2411 2266 2766 2336 profundum
2821 2266 3110 2320 malorum
3143 2266 3422 2337 prolapsi,
3449 2272 3704 2320 eontem-

2055 2353 2229 2421 natis,
2264 2357 2438 2425 atque
2470 2355 2541 2409 ab
2570 2354 2864 2425 imperitia
2883 2359 3077 2409 vestra
3099 2355 3294 2425 potius
3317 2371 3493 2424 quam
3517 2371 3550 2410 a
3578 2370 3702 2409 mo-

2054 2440 2223 2497 lestia
2252 2445 2311 2498 et
2363 2441 2731 2509 difficultate,
2762 2442 2822 2498 in
2857 2460 2975 2516 qua
3003 2459 3162 2499 nunc
3193 2442 3357 2508 estis,
3389 2443 3702 2499 absorbea-

2057 2531 2223 2586 mini.

2129 2619 2221 2675 IV.
2256 2620 2367 2676 Res
2398 2620 2691 2685 humanas,
2711 2621 2872 2678 velut
2891 2621 3050 2678 orbis
3072 2621 3334 2694 quidam,
3374 2620 3708 2690 volvuntur,

2055 2707 2287 2776 fratres,
2340 2726 2406 2764 ac
2437 2709 2590 2765 Deus
2623 2726 2722 2780 per
2753 2710 3042 2766 contraria
3085 2727 3190 2766 nos
3248 2710 3441 2766 erudit
3473 2727 3486 2766 :
3518 2714 3581 2764 ut
3615 2727 3707 2765 sa-

2057 2797 2281 2868 pienter
2337 2797 2536 2853 omnia
2589 2799 3033 2870 coagmentavit,
3095 2803 3152 2854 et
3227 2799 3396 2869 quasi
3457 2798 3709 2854 vinculis

2056 2886 2346 2950 astrinxit,
2398 2886 2449 2942 si
2506 2904 2620 2942 non
2653 2889 2865 2943 minori
2915 2888 3225 2960 sapientia,
3284 2886 3601 2943 inaccessis
3651 2891 3710 2942 et

2055 2975 2538 3031 inserutabilibus
2561 2977 2715 3032 320
2736 2977 3000 3046 judiciis,
3025 2983 3150 3031 tum
3177 2977 3478 3032 univesam
3503 2992 3698 3031 rerum

2057 3064 2413 3130 machinam,
2437 3069 2563 3118 tum
2598 3081 2690 3120 res
2716 3081 2949 3136 quoque
2972 3071 3202 3120 nostras
3229 3066 3374 3135 regit
3395 3083 3461 3120 ac
3491 3065 3701 3136 guber-

2059 3158 2176 3207 nat.
2214 3154 2477 3208 Movetur
2501 3153 2680 3218 enim,
2715 3158 2778 3208 ut
2809 3155 2892 3208 sic
2924 3154 3138 3216 dicam,
3171 3171 3236 3208 ac
3295 3159 3535 3208 fluctuat
3566 3153 3698 3208 uni-

2061 3242 2308 3296 versitas
2368 3259 2562 3297 rerum
2622 3242 2776 3298 circa
2832 3242 3219 3305 immobilem,
3264 3243 3416 3296 haud
3461 3245 3700 3314 quidem

307 3327 358 3382 iv
392 3335 548 3383 πᾶσιν
582 3327 748 3390 ἑστὼς
779 3327 869 3382 καὶ
898 3327 1172 3395 ἀκίνητος,
1201 3326 1296 3380 κᾶν
1353 3323 1615 3404 διαφεύγῃ
1660 3327 1758 3394 τὴν
1805 3327 1944 3398 ἡμε-

2067 3334 2349 3402 quantum
2383 3331 2453 3385 ad
2513 3331 2796 3386 rationem
2830 3333 2988 3401 (nam
3043 3347 3110 3386 ea
3164 3331 3294 3402 ipsa
3325 3331 3477 3386 inter
3505 3332 3705 3386 omnia

303 3417 458 3492 τέραν
512 3418 780 3472 ἀσθένειαν
840 3418 997 3490 (96]),
1046 3422 1160 3477 τοῖς
1211 3413 1270 3470 δὲ
1316 3416 1431 3470 καθ’
1481 3414 1706 3484 ἑκάστην
1739 3414 1948 3489 ἡμέραν

314 3505 586 3561 ἀπαντῶσί
639 3526 698 3560 τε
748 3505 837 3560 καὶ
886 3503 1305 3578 συμπίπτουσιν.
1354 3504 1452 3558 Καὶ
1501 3504 1661 3558 τοῦτό
1702 3502 1812 3558 ἐστι
1861 3500 1951 3558 δό-

304 3617 419 3671 γμα
499 3600 632 3650 Θεοῦ
712 3593 943 3650 παλαιόν
1017 3615 1076 3649 τε
1149 3593 1240 3648 καὶ
1298 3594 1518 3669 πάγιον,
1577 3593 1766 3654 σκότος
1819 3594 1949 3647 εἶναι

305 3683 626 3761 ἀποκρυφήν
675 3685 838 3738 αὐτοῦ
882 3685 988 3760 πρὸ
1035 3688 1144 3738 τῶν
1179 3683 1462 3758 ἡμετέρων
1509 3681 1808 3760 ὀφθαλμῶν
1837 3683 1949 3755 (97)

303 3775 604 3849 κεχυμένον
634 3793 646 3804 ·
692 3773 782 3826 καὶ
828 3773 896 3827 τὰ
940 3771 1124 3826 πολλά
1167 3773 1241 3842 μὴ
1273 3774 1601 3846 καθορᾶσθαι
1629 3778 1729 3839 τῆς
1786 3770 1951 3826 αὐτοῦ

309 3857 652 3933 διοικήσεως,
713 3859 858 3928 πλὴν
919 3859 1041 3914 ὅσον
1099 3860 1150 3912 ἐν
1210 3857 1474 3932 ἀμυδροῖς
1532 3859 1807 3932 αἰνίγμασι
1861 3861 1950 3914 xui

309 3951 676 4028 φαντάσμασιν
702 3968 714 3981 ⁶
769 3949 875 4002 εῗ’τε
918 3949 1009 4003 τὸν
1053 3952 1219 4025 τῦφον
1248 3950 1409 4021 ἡμῶν
1442 3946 1852 4019 συστέλλοντος,
1881 3948 1950 4002 ’ἶν’

310 4037 540 4112 εἰδῶμεν
589 4040 652 4092 τὸ
703 4034 871 4110 μηδὲν
923 4032 1068 4098 ὄντες
1109 4037 1243 4109 πρὸς
1287 4037 1385 4104 τήν
1439 4034 1701 4106 ἀληθινὴν
1761 4036 1948 4111 σοφίαν

309 4127 397 4180 καὶ
430 4127 672 4200 πρώτην,
709 4125 854 4180 ἀλλὰ
884 4126 1019 4199 πρὸς
1051 4124 1208 4179 αὐτὸν
1241 4124 1480 4197 νεύωμεν
1519 4124 1706 4198 μόνον,
1738 4125 1828 4178 καὶ
1861 4131 1951 4196 ζη-

307 4219 487 4287 τῶμεν
538 4214 618 4269 ἀεὶ
661 4219 778 4275 ταῖς
826 4213 1022 4268 ἐκεῖθεν
1076 4213 1264 4289 αὐγαῖς
1313 4213 1757 4290 ἐναστράπτεσθαι
1786 4235 1797 4247 ·
1845 4212 1949 4271 εἷίτε

310 4299 398 4357 διὰ
442 4309 542 4371 τῆς
590 4301 906 4375 ἀνωμαλίας
952 4306 1059 4357 τῶν
1109 4302 1404 4377 ὁρωμένων
1435 4303 1524 4357 καὶ
1556 4303 1947 4379 περιτρεπομέ-

306 4414 410 4447 νων
475 4394 795 4468 μετάγοντος
847 4394 995 4464 ἡμᾶς
1059 4391 1147 4446 ἐπὶ
1203 4392 1270 4445 τὰ
1326 4391 1531 4447 ἑστῶτα
1572 4392 1661 4446 καὶ
1698 4394 1946 4464 μένοντα.

307 4481 459 4550 Πλὴν
514 4479 666 4536 οὐδὲν
709 4479 987 4551 ἀκίνητον,
1037 4481 1167 4553 ὅπερ
1221 4477 1372 4557 ἔφην,
1405 4479 1530 4536 οὐδὲ
1561 4478 1792 4554 ὁμαλὸν,
1825 4480 1949 4538 οὐδὲ

304 4569 586 4646 αὔταρκες,
633 4567 758 4623 οὐδὲ
801 4568 876 4630 είς
927 4566 1084 4630 τέλος
1135 4563 1351 4641 ὅμοιον,
1398 4568 1520 4624 οὕτε
1562 4569 1626 4623 τὸ
1674 4569 1945 4643 εὐθυμεῖν,

2060 3417 2232 3475 ﬁrma
2263 3423 2320 3475 et
2348 3418 2670 3476 immobilis
2720 3423 2854 3485 stat,
2887 3420 3116 3474 etiamsi
3152 3426 3413 3475 nostram
3450 3420 3701 3476 inﬁrmi-

2059 3512 2239 3564 tatem
2273 3513 2450 3580 atque
2480 3508 2810 3564 animorum
2841 3508 3260 3564 hebetudinem
3292 3509 3577 3581 effugiat),
3609 3526 3703 3565 ve-

2063 3615 2191 3652 rum
2224 3603 2511 3668 quantum
2571 3598 2642 3652 ad
2699 3614 2766 3653 ea
2813 3615 2938 3668 quas
2997 3597 3247 3668 singulis
3281 3598 3484 3652 diebus
3536 3598 3705 3652 nobis

2062 3691 2380 3741 occurrunt
2407 3691 2464 3740 et
2492 3686 2785 3741 eveniunt.
2819 3688 3006 3756 Atque
3039 3687 3144 3740 hoc
3199 3689 3364 3740 vetus
3409 3686 3706 3757 ﬁxumque

2062 3775 2161 3830 Dei
2191 3775 2490 3831 decretum
2522 3780 2631 3838 est,
2665 3776 2935 3830 tenebras
2967 3774 3154 3829 oculis
3187 3774 3401 3828 nostris
3446 3774 3708 3845 undique

2061 3864 2299 3929 affusus,
2360 3863 2548 3934 ipsius
2605 3861 2916 3917 latibulum
2980 3878 3155 3917 esse:
3193 3863 3604 3933 permultaque
3645 3863 3706 3918 in

2059 3951 2248 4023 ipsius
2278 3951 2699 4023 gubernatione
2747 3952 2893 4006 hanc
2951 3951 3233 4006 rationem
3289 3951 3522 4018 habere,
3587 3957 3710 4007 uta

2062 4040 2249 4105 nobis,
2276 4039 2391 4094 nisi
2423 4038 2481 4093 in
2532 4038 2798 4094 obscuris
2827 4038 3236 4109 aanigmatibus
3267 4055 3332 4093 ac
3363 4038 3538 4093 veluti
3572 4056 3706 4112 spe-

2060 4129 2198 4183 ctris
2220 4128 2469 4200 perspici
2494 4131 2820 4199 nequeant;
2845 4127 2966 4182 sive
2987 4127 3094 4182 hac
3118 4127 3339 4182 ratione
3364 4128 3581 4183 fastum
3608 4146 3707 4185 no-

2063 4221 2249 4273 strum
2282 4221 2339 4271 et
2367 4216 2761 4289 arrogantiam
2792 4231 3055 4272 coercere
3087 4216 3242 4282 velit,
3302 4220 3365 4270 ut
3413 4215 3706 4289 intelliga-

2065 4321 2194 4361 mus
2222 4323 2328 4362 nos
2368 4305 2514 4360 nihil
2547 4322 2696 4373 esse,
2729 4305 2778 4361 si
2811 4322 2945 4361 eum
2978 4305 3170 4377 prima
3228 4304 3327 4360 illa
3353 4309 3409 4361 et
3441 4321 3575 4363 vera
3606 4325 3699 4365 sa-

2061 4395 2279 4465 pientia
2291 4396 2688 4464 conferamur;
2706 4411 2952 4467 eamque
2970 4396 3042 4451 ob
3059 4412 3182 4450 rem
3207 4395 3277 4450 ad
3302 4395 3496 4466 ipsum
3519 4413 3702 4453 unum

2058 4485 2392 4554 tendamus,
2411 4501 2513 4540 nec
2537 4485 2862 4556 quidquam
2885 4485 3044 4540 aliud
3062 4502 3414 4556 quaeramus,
3441 4503 3618 4557 quam
3643 4490 3710 4542 ut

2060 4574 2552 4645 promanantibus
2579 4573 2740 4628 illinc
2771 4574 2953 4629 radiis
2984 4572 3402 4630 collustremur
3425 4592 3438 4637 ;
3463 4575 3582 4630 sive
3609 4591 3711 4646 per

303 4659 426 4716 οὕτε
456 4661 517 4714 τὸ
566 4659 812 4731 ἀθυμεῖν,
864 4657 926 4712 οὐ
972 4655 1237 4726 πλοῦτος,
1289 4657 1350 4711 οὐ
1392 4657 1568 4727 πενία,
1602 4657 1663 4711 οὐ
1695 4655 1948 4731 δύναμνς,

2067 4678 2264 4717 sarum
2296 4678 2516 4730 rerum,
2551 4678 2675 4733 quas
2697 4661 2886 4718 oculis
2917 4667 3260 4730 cernuntur,
3285 4679 3350 4718 ac
3367 4664 3711 4718 conversoni

377 4821 418 4860 ¹ο
447 4819 702 4891 Sophon.
735 4835 820 4886 III,
852 4820 907 4874 6.
940 4819 982 4855 ¹¹
1017 4818 1160 4874 ibid.
1192 4818 1246 4873 7.
1282 4820 1327 4854 ⁸2
1357 4818 1500 4874 ibid.
1531 4818 1602 4874 46
1632 4835 1720 4890 sq.
1746 4819 1790 4855 ¹³
1824 4820 1985 4878 Prov.
2022 4839 2061 4890 1,
2093 4823 2146 4876 3.

382 4977 496 5048 (83)
524 4974 833 5048 Ἐζὲλιπον,
865 4981 974 5032 etc.
1035 4977 1279 5032 Billius:
1315 4999 1343 5027 «
1395 4981 1717 5048 Postquam
1770 4979 1956 5036 iratus

313 5055 483 5120 atque
515 5049 781 5120 infensus
805 5055 955 5104 Deus
978 5065 1080 5120 per
1106 5049 1464 5120 Sophoniam
1491 5050 1575 5104 sic
1592 5049 1822 5106 locutus
1845 5057 1953 5106 est.

313 5141 341 5169 «
375 5119 480 5174 Hie
510 5119 672 5174 nulla
701 5121 924 5176 ratione
956 5119 1217 5192 Gregorii
1237 5120 1499 5192 phrasim
1523 5121 1762 5178 invertit
1782 5122 1958 5179 inter-

352 5207 462 5246 1‘05.

311 5209 496 5334 Ρΐῗὲὐ)
629 5258 849 5334 ἀθυμίᾳ.
887 5265 949 5318 In
981 5261 1433 5334 pluribus,_1u‘ic
1465 5261 1738 5334 ἀθυμίαις.

523 5329 876 5419 ςιξργάσηται,
906 5329 1239 5419 rgo—Inbequ
1259 5329 1547 5419 είρζίάςατο
1573 5329 1952 5419 [perperam].

380 5406 493 5474 (86)
523 5404 868 5457 Ἀνάκτᾶται.
905 5405 1044 5476 Reg.
1068 5405 1172 5470 hu,
1201 5404 1384 5472 OrX2,
1417 5405 1514 5460 ἀνα
1546 5404 1810 5463 καλεῖται.

386 5475 496 5546 (87)
529 5479 728 5530 Σιὶεαι.
794 5478 932 5548 Reg.
968 5477 1070 5548 h_u,
1104 5476 1199 5530 Or.
1231 5479 1285 5545 2,
1321 5477 1501 5532 σώσει.

380 5548 490 5613 (88)
524 5551 744 5601 Καινιεῖ.
781 5546 962 5612 012⁷2,
995 5546 1312 5601 ἀνακαινιεῖ.

383 5619 492 5687 (89)
523 5620 639 5678 Ὣς.
677 5619 851 5674 Deest
879 5619 940 5674 in
975 5621 1145 5690 Regg.
1181 5637 1236 5685 a,
1270 5620 1390 5685 bm,
1423 5619 1518 5674 Or.
1551 5625 1605 5683 2,
1641 5629 1748 5675 etc.

525 5692 1017 5768 liutufppovﬁq‘qtm
1042 5690 1221 5768 Regg.
1248 5690 1506 5768 bm_,__hu,
1562 5694 1956 5768 xu-rucppovﬁfts.

381 5762 494 5834 (91)
525 5760 806 5834 Ἀμασίας.
862 5762 1117 5818 Combef.
1151 5760 1280 5832 post
1325 5760 1511 5817 Eliam
1545 5760 1797 5834 praefert,
1828 5763 1956 5817 ἀθυ-

592 5891 858 5953 ΡΑτειοῐ..
890 5890 1002 5952 Gn.
1045 5888 1286 5954 XXXV.

2071 4978 2218 5052 μίας,
2246 4980 2600 5052 (ιωοιθεῐίιι,
2634 4981 2816 5036 animi
2851 4981 3112 5052 dejectio.
3149 5003 3178 5031 »

2282 5051 2683 5130 :Av‘tipgnnlvwv.
2744 5054 2806 5108 In
2837 5051 3212 5130 quibusdam,
3248 5054 3550 5130 ἡμετέρων.

2137 5126 2251 5196 (93)
2283 5123 2760 5196 ξΙξοῖςάνεφικτοις,
2819 5123 2929 5180 etc.
2989 5125 3224 5180 Dillius:
3287 5149 3313 5175 «
3353 5123 3715 5184 Ut'inaeessa

2067 5202 2207 5272 sunt
2259 5195 2421 5272 illius
2438 5195 2684 5266 judicia,
2704 5196 3061 5268 minimeque
3086 5197 3349 5254 humana
3377 5205 3570 5256 mente
3591 5216 3718 5272 per-

2065 5267 2339 5340 vestigari
2370 5275 2637 5340 possunt,
2674 5273 2843 5340 nete.

2285 5339 2521 5415 Ιςινεῖται
2554 5339 2677 5415 γάρ.
2711 5338 3181 5415 Inuquibusdam,
3213 5343 3439 5392 κινεῖται
3476 5341 3570 5415 μὲν
3595 5341 3715 5415 γάρ.

2138 5411 2250 5482 (95)
2282 5406 2576 5483 Οὐδαμῶς(
2601 5406 2724 5483 Duo
2773 5406 3008 5483 Coislin.
3044 5406 3288 5483 addunt,
3318 5406 3516 5482 τῷκαθ’

2285 5479 2552 5556 Δια-φεύγῃ
2606 5481 2712 5556 τὴν
2760 5480 3053 5556 ᾗμετὲραν-
3115 5479 3412 5541 ἀςεένίιςιν,
3471 5485 3534 5540 In
3569 5479 3715 5556 "qui-

2066 5548 2338 5627 bu'sdam,
2371 5548 2624 5627 διαφύγῃ.
2676 5548 3210 5627 Οοίεὶ.1,ἀῗ’σθησιν,
3251 5580 3269 5603 ι
3307 5573 3547 5627 sensum
3580 5548 3714 5612 οόδ-

2069 5630 2225 5678 trum
2258 5625 2533 5696 effugiat;
2571 5647 2596 5672 ››
2630 5641 2755 5696 quae
2789 5626 2982 5696 forsan
3017 5627 3271 5696 genuina
3296 5632 3384 5682 est
3412 5626 3605 5683 lectio.

2137 5691 2528 5771 (9η11ρὸξτῶν
2563 5691 2844 5771 ἡμετέρων
2897 5691 3216 5771 ὀφθαλμῶν.
3267 5698 3360 5754 Sic
3418 5699 3556 5771 Reg.
3591 5699 3713 5755 bm.

2070 5769 2130 5822 In
2164 5769 2282 5836 ed.,
2311 5765 2421 5840 πρὸ
2447 5770 2555 5821 τῶν
2582 5765 2876 5844 ὀφθαλμῶν
2907 5765 3014 5820 τῶν
3054 5765 3358 5841 ἡμετέρων.

3358 5900 3429 5960 31
