4094 6288
422 444 534 504 971

1674 442 1741 503 8.
1789 437 2158 505 GREGORII
2209 445 2605 508 THEOLOGI

3726 454 3849 514 972

421 577 696 647 subjectae
726 580 883 641 sunt,
934 574 1416 642 inconstantiam,
1468 575 1538 629 ad
1573 589 1639 630 ea
1672 591 1797 647 quae
1841 575 2066 630 stabilia

2189 574 2288 631 οὐκ
2334 576 2598 649 ἀσθένεια,
2657 578 2718 632 οὗ
2772 579 3121 649 ταπεινότης,
3182 579 3244 635 οὗ
3310 579 3611 653 δυναστεία,
3664 582 3727 637 οὐ
3786 585 3847 637 τὸ

423 671 481 721 et
514 671 727 721 aeterna
757 668 915 735 sunt,
948 680 1235 719 revocare.
1270 667 1552 721 Caeterum
1585 663 1734 720 nihil
1757 664 2073 720 immotum

424 759 535 827 est,
563 759 629 811 ut
650 754 930 822 diximus,
963 753 1106 809 nihil
1153 754 1397 827 planum
1451 759 1506 810 et
1564 754 1867 825 aequabile,
1899 760 2076 826 atque

423 847 483 902 in
511 846 685 902 finem
717 862 901 917 usque
933 845 1047 899 sibi
1072 844 1283 912 simile,
1321 862 1435 900 non
1457 844 1746 913 hilaritas,
1784 862 1897 899 non
1934 861 2075 899 mo:-

425 936 608 1007 stitia,
644 952 757 991 non
818 951 977 1006 opes,
1039 951 1153 989 non
1187 938 1521 1006 paupertas,
1553 951 1671 989 non
1742 932 1918 998 vires,
1958 950 2073 988 non

422 1022 1355 1093 infirmitas,nonhumilitas,non
1382 1024 1658 1094 potentia,
1684 1038 1796 1076 non
1821 1038 2076 1092 praesens

421 1116 677 1185 tempus,
705 1131 818 1169 non
852 1113 1138 1180 futurum,
1171 1128 1285 1166 non
1319 1128 1411 1166 res
1444 1116 1678 1175 nostrae,
1699 1126 1812 1165 non
1848 1109 2069 1176 alienis,

422 1220 539 1259 non
572 1219 837 1275 parvum,
898 1218 1012 1257 non
1072 1204 1288 1271 majus,
1347 1216 1453 1254 nec
1485 1200 1739 1270 denique
1780 1199 2067 1269 quidquid

420 1292 611 1347 dicere
644 1290 940 1363 quispiam
973 1290 1179 1361 possit.
1240 1291 1428 1358 Atque
1469 1288 1575 1341 hoc
1617 1304 1801 1341 unum
1847 1286 2073 1358 aequale

420 1379 850 1453 inaequabilitas
879 1380 1073 1446 habet,
1111 1394 1321 1449 nempe
1350 1376 1407 1430 in
1442 1377 1718 1431 omnibus
1747 1376 1920 1430 rebus
1946 1392 2072 1429 mu-

419 1471 720 1525 tationem.
753 1468 963 1525 Omnia
992 1467 1147 1523 enim
1182 1467 1348 1521 facile
1405 1466 1463 1520 in
1524 1465 1723 1520 orbem
1778 1464 2065 1531 feruntur,

2187 666 2378 739 παρὸν,
2432 665 2492 719 οὐ
2540 667 2601 721 τὸ
2656 664 2885 739 μέλλον,
2936 665 2997 721 οἷ)
3029 668 3093 723 τὸ
3123 669 3412 745 ἡμέτερον,
3447 669 3509 724 οὐ
3557 671 3619 725 τὸ
3663 670 3841 726 ἀλλό-

2184 773 2353 825 τριοι,
2390 754 2450 807 οὐ
2486 758 2700 831 μικρὸν,
2735 756 2795 811 οὐ
2832 763 3038 829 μεῖζον,
3064 757 3169 835 οὐχ
3200 758 3230 813 ὅ
3253 780 3304 813 τι
3340 760 3397 812 ἂν
3428 758 3571 813 εἶ’ποι
3604 781 3708 822 τις.
3744 763 3845 816 Καὶ

2184 846 2343 896 τοῦτο
2378 840 2547 912 ἴσονὴ
2580 845 2830 911 ἀνισότης
2870 844 3007 921 ἔχει,
3054 848 3152 915 τὴν
3207 848 3330 921 περὶ
3383 849 3558 902 πάντα
3615 845 3850 922 μεταϐο-

2186 928 2309 1000 λήν.
2372 937 2687 1007 Περιχωρεῖ
2743 935 2846 1009 γὰρ
2886 935 2952 988 τὰ
2982 936 3154 989 πάντα
3187 932 3411 1010 ῥᾳδίως,
3461 936 3549 990 καὶ
3588 958 3847 1013 μεταχω-

2186 1025 2287 1090 ρεῖ,
2338 1021 2426 1073 καὶ
2474 1022 2905 1077 ἀντικαθίσταται
2931 1043 2943 1054 ·
2996 1024 3069 1085 ὡς
3120 1022 3308 1099 αὔραις
3340 1027 3470 1079 εἴναι
3504 1025 3715 1097 μᾶλλον
3749 1048 3840 1081 πι-

2183 1108 2386 1163 στεύειν
2431 1109 2519 1164 καί
2564 1111 2850 1185 γράμμασι
2903 1114 3019 1174 τοῖς
3067 1115 3183 1167 καθ’
3227 1112 3445 1178 ὕδατος,
3475 1115 3511 1183 ἢ
3541 1116 3838 1189 ἀνθρώπων

2184 1198 2469 1271 εὐημερίᾳ.
2523 1200 2619 1253 Καὶ
2668 1200 2860 1276 φθόνος
2916 1202 3009 1273 μὶν
3068 1201 3387 1276 εὐπραξίαν,
3454 1204 3733 1281 συμφορὰν
3792 1202 3850 1259 δὲ

2180 1284 2333 1348 ἔλεος
2384 1284 2634 1355 ἵστησιν·
2688 1291 2777 1343 καὶ
2826 1295 2986 1345 τοῦτο
3043 1295 3243 1368 σοφῶς,
3295 1291 3429 1347 κατᾶ
3480 1313 3540 1367 γε
3583 1292 3675 1347 τὸν
3710 1289 3840 1365 έμόν

2182 1372 2363 1450 λόγον,
2394 1377 2482 1429 καὶ
2516 1378 2849 1450 θαυμασίως,
2876 1376 2969 1433 ἵνα
3019 1381 3158 1451 μήτε
3204 1380 3266 1433 τὸ
3315 1379 3496 1456 ἀλγεῖν
3549 1381 3839 1456 ἀπαραμῦ-

2180 1465 2345 1534 θητον
2378 1463 2432 1537 ᾖ,
2470 1467 2608 1537 μήτε
2636 1467 2698 1521 τὸ
2730 1464 2785 1519 εὖ
2816 1469 3066 1542 πράττειν
3097 1465 3580 1544 ἀπαιδαγώγητον.

417 1564 592 1631 atque
622 1558 682 1613 in
714 1560 1012 1613 diversum
1047 1558 1319 1628 migrant,
1352 1554 1584 1625 sibique
1614 1553 1861 1607 invicem
1896 1554 2319 1620 adversantur;
2355 1559 2419 1609 ut
2443 1557 2628 1611 ventis
2653 1556 2858 1627 tutius,
2909 1562 3013 1612 aut
3062 1557 3271 1613 litteris
3318 1560 3376 1613 in
3409 1576 3561 1630 aqua
3599 1560 3840 1630 scriptis

417 1647 562 1703 fides
587 1647 786 1703 haberi
821 1662 991 1717 posse
1020 1644 1303 1699 videatur.
1338 1644 1519 1713 quue
1551 1658 1678 1697 meo
1712 1641 1946 1712 quidem
1969 1641 2195 1712 judicio
2227 1643 2526 1714 sapienter
2563 1649 2619 1699 et
2650 1644 3016 1713 admirande,
3068 1663 3139 1702 ne
3188 1646 3275 1702 vel
3327 1648 3650 1705 adversitas
3682 1648 3841 1705 sola-

418 1736 523 1802 tio,
555 1736 643 1791 vel
677 1735 1030 1808 prosperitas
1064 1735 1225 1789 freno
1258 1736 1314 1787 et
1344 1730 1657 1802 disciplina
1687 1735 1902 1785 careat.

492 1824 557 1879 V.
597 1824 920 1878 Prudenter
947 1840 1082 1877 vero
1116 1821 1198 1875 illi
1232 1820 1476 1887 faciunt,
1511 1820 1611 1889 qui
1642 1818 2066 1873 calamitatibus

2259 1819 2331 1873 E'.
2368 1818 2671 1895 Σωφρόνων
2720 1817 2777 1873 δὲ
2820 1818 3049 1892 ἀνδρῶν,
3105 1819 3294 1882 οἵτινες
3342 1819 3689 1876 παιδεύονται
3718 1828 3843 1885 ταῖς

417 1912 1015 1979 erudiuntur,acdum
1030 1909 1411 1977 illis,velutau
1423 1924 1549 1962 rum
1569 1908 2020 1978 igne,purgantu
2032 1925 2078 1974 r,

420 2002 759 2058 Davidicum
795 2001 940 2055 illud
974 2000 1032 2053 in
1064 2015 1162 2054 ore
1196 1999 1450 2052 habent:
1487 2001 1705 2051 Bonum
1738 1997 1894 2061 mihi,
1946 1997 2079 2065 quia

418 2092 733 2145 humiliain
761 2106 865 2154 me,
899 2092 959 2143 ut
988 2087 1652 2157 discamjustiﬁcationes
1680 2090 1804 2139 tuas
1827 2086 1887 2138 ιδ.
1914 2083 2076 2148 Quod

418 2179 688 2235 videlicet
745 2196 812 2234 ea
872 2192 963 2232 res
994 2176 1489 2248 justiﬁcationum
1553 2174 1646 2229 Dei
1680 2173 2075 2246 cognitionem

411 2270 621 2341 pariat,
655 2268 872 2339 quique
906 2270 1138 2321 Petrum
1163 2265 1496 2333 imitantur,
1527 2263 1846 2318 Salvatoris
1878 2278 2072 2333 opem,

414 2374 546 2413 cum
573 2358 697 2431 jam
732 2372 875 2427 pene
906 2354 1349 2427 mergeretur",
1372 2352 1809 2423 implorantem:
1846 2351 1943 2421 qui
1976 2351 2072 2405 de-

414 2447 589 2517 nique
621 2446 692 2500 ob
721 2444 980 2499 dolorem
1014 2444 1083 2498 ad
1119 2443 1302 2497 Deum
1339 2457 1467 2497 sese
1492 2440 1679 2511 magis
1711 2440 2070 2511 adjungunt,

417 2536 564 2590 32!
602 2552 667 2589 ac
698 2534 1114 2588 beneliciorum
1144 2531 1407 2586 omnium
1465 2534 1762 2584 auctorem
1798 2546 1898 2599 per
1922 2528 2071 2582 afﬂi-

419 2625 670 2680 ctionem
687 2623 795 2676 sibi
819 2620 1153 2676 conciliant.
1179 2619 1461 2689 Quandoq
1475 2620 1671 2673 uidem
1697 2634 1849 2687 aegra
1877 2618 2074 2672 anima

422 2712 536 2767 Deo
572 2711 903 2782 propinqua
932 2716 1057 2769 est;
1093 2726 1157 2763 ac
1209 2708 1456 2778 penuria
1514 2707 1642 2777 ipsa
1672 2706 1869 2773 el'ﬂcit,
1906 2711 1968 2759 ut
1997 2707 2067 2760 ad

422 2801 629 2869 Deum,
666 2801 758 2869 qui
781 2799 1066 2869 largiendi
1089 2801 1435 2868 potestatem
1458 2796 1649 2859 habet,
1674 2795 2069 2865 nosmetipsos

423 2888 931 2959 conferamus,qui
966 2887 1183 2957 alioqui
1208 2886 1459 2939 fortasse
1484 2885 1556 2937 ob
1579 2885 1822 2938 effusam
1856 2883 2067 2938 libera-

423 2978 644 3034 litatem
689 2976 1102 3032 contemnitur.
1159 2973 1456 3038 Quocirca.
1521 2973 1746 3042 fratres,
1782 2972 2066 3027 oculosin

422 3066 631 3122 coelum
663 3072 885 3121 erectos
918 3064 1261 3130 habeamus,
1295 3062 1353 3115 in
1389 3062 1546 3116 omni
1601 3066 1861 3133 tempore
1892 3066 2069 3132 atque

420 3156 579 3211 omni
612 3156 853 3210 adverso
886 3171 1081 3209 rerum
1115 3156 1320 3207 eventu
1352 3153 1563 3206 bonum
1599 3167 1759 3221 spem
1792 3152 2059 3221 praefera-

419 3261 769 3315 mus,neque
799 3244 882 3298 vel
917 3244 974 3297 in
1007 3241 1298 3314 prosperis
1350 3242 1523 3295 rebus
1555 3241 1846 3305 timorem,
1881 3238 1968 3295 vel
1999 3241 2058 3294 in

417 3333 676 3388 adversis
710 3350 871 3405 spem
933 3332 1300 3402 abjiciamus.
1358 3331 1641 3384 Memores
1693 3329 1902 3393 simus,
1935 3334 2060 3383 tum

416 3426 783 3494 tempestatis
814 3423 872 3475 in
903 3419 1347 3491 tranquillitate,
1408 3423 1533 3471 tum
1567 3418 1975 3489 gubernatoris
2002 3418 2059 3471 in

412 3518 881 3585 tempestateznec
900 3512 954 3564 in
973 3509 1388 3565 afﬂictionibus
1402 3506 1742 3577 frangamur
1759 3506 1972 3560 animis
1995 3523 2062 3561 ac

422 3603 820 3668 debilitemur,
846 3615 949 3654 nec
992 3598 1293 3668 improbos
1351 3612 1549 3651 servos
1608 3595 1929 3656 imitemur,
1959 3598 2061 3666 qui

416 3692 769 3748 conﬁtentur
782 3688 1019 3760 quidem
1040 3687 1281 3740 nomino
1296 3700 1429 3739 cum
1449 3683 2061 3751 benefaciteis,verum

416 3781 604 3837 eidem
638 3777 970 3850 corripienti
1006 3790 1374 3845 nequaquam
1408 3773 1532 3844 pari
1566 3772 1759 3825 studio
1782 3776 1834 3826 et
1855 3770 2059 3826 volun-

416 3874 536 3925 tate
562 3869 999 3940 adjunguntur:
1034 3881 1167 3920 cum
1187 3868 1383 3918 tamen
1406 3862 1701 3916 interdum
1727 3861 1973 3927 accidat,
2000 3864 2065 3915 ut

2188 1913 2512 1982 συμφοραῖς,
2572 1908 2659 1960 xui
2713 1909 2787 1969 ὡς
2855 1911 3055 1983 χρυσὸς
3106 1912 3237 1985 πυρὶ
3293 1910 3680 1985 καθαιρόμενοι
3729 1914 3847 1985 (98)

2190 1995 2480 2069 λέγουσιν·
2540 1996 2770 2069 Ἀγαθόν
2822 2018 2934 2069 μοι,
2986 1996 3067 2051 ὅτι
3119 1998 3481 2061 έταπείνωσάς
3542 2021 3628 2072 με,
3691 2000 3845 2062 ὅπως

2188 2082 2247 2137 ἂν
2305 2084 2458 2155 μάθω
2506 2085 2572 2138 τὰ
2629 2083 2972 2157 δικαιώματά
3030 2108 3124 2140 σου
3410 2088 3484 2149 ὡς
3549 2090 3846 2157 τικτούσης

2183 2178 2284 2240 τῆς
2347 2174 2719 2233 ταπεινώσεως
2766 2175 2829 2228 τὸ
2873 2178 3153 2249 γινώσκειν
3201 2177 3266 2230 τὰ
3315 2174 3677 2249 δικαιώματα.
3738 2178 3841 2231 Καὶ

2182 2261 2243 2314 τὸ
2290 2260 2387 2315 τοὺ
2434 2260 2639 2335 Πέτρου
2707 2262 3008 2338 πάσχουσιν
3070 2267 3163 2337 (Ι),
3216 2264 3676 2338 ἐπικαλεσαμένου
3727 2267 3831 2334 τὴν

2186 2350 2455 2425 σωτηρίαν
2490 2349 2541 2404 ἐν
2574 2356 2650 2421 τῷ
2679 2350 2902 2423 μέλλειν
2931 2350 3282 2417 καταδύεσθαι
3311 2374 3322 2385 ’
3385 2354 3472 2408 καὶ
3518 2353 3729 2427 μᾶλλόν
3776 2376 3832 2410 τι

2184 2443 2578 2514 προσχωροῦσι
2601 2444 2715 2511 Θεῷ
2736 2442 2814 2512 (2)
2846 2437 2934 2494 διὰ
2964 2441 3024 2495 τὸ
3054 2439 3260 2517 ἀλγεῖν,
3292 2442 3381 2497 καὶ
3412 2444 3500 2497 τὸν
3536 2443 3833 2518 εὐεργέτην

2183 2526 2502 2582 οἷκειοῦνται
2554 2532 2629 2598 (3)
2684 2526 2771 2582 διὰ
2816 2532 2913 2598 τῆς
2965 2528 3225 2603 θλίψεως.
3283 2530 3502 2599 Ἐπειδή
3552 2534 3833 2605 κάμνουσα

2182 2621 2334 2691 ψυχὴ
2391 2618 2548 2693 ἐγγύς
2604 2618 2714 2673 ἐστι
2762 2625 2917 2692 Θεοῦ,
2950 2621 3037 2674 xui
3065 2622 3128 2675 τὸ
3160 2621 3385 2695 χρῄζειν
3417 2625 3494 2694 (4)
3526 2621 3837 2700 ἐπιστρέφει

2180 2708 2318 2779 πρὸς
2373 2706 2462 2759 τὸν
2507 2704 2690 2761 δοῦναι
2740 2706 3060 2781 δυνάμενον,
3110 2714 3187 2781 τῷ
3235 2711 3455 2787 ἀφθόνῳ
3495 2714 3592 2779 τῆς
3623 2709 3836 2786 δωρεᾶς

2179 2793 2347 2867 τυχὸν
2424 2795 2512 2847 καὶ
2577 2796 3100 2872 καταφρονούμενον.
3149 2800 3245 2852 Διὰ
3291 2804 3451 2853 τοῦτο
3503 2797 3612 2853 ἅνω
3660 2802 3833 2854 νεύω-

2185 2903 2277 2953 μεν
2337 2886 2434 2955 (5),
2496 2881 2742 2960 ἀδελφοὶ,
2802 2884 2851 2937 ἐν
2911 2886 3069 2939 παντί
3128 2892 3301 2963 καιρῷ
3369 2889 3458 2941 καὶ
3516 2890 3828 2963 περιστάσει

2178 2970 2320 3043 πάσῃ
2366 2967 2774 3046 προϐαλώμεθα
2821 2976 2898 3045 (6)
2956 2976 3053 3042 τὴν
3108 2973 3280 3043 καλὴν
3341 2974 3556 3049 ἐλπιδα,
3604 2979 3742 3049 μήτε
3776 2977 3833 3032 έν

2177 3065 2293 3121 ταῖς
2338 3059 2615 3131 εὐθυμίαις
2650 3057 3020 3135 ἀποϐάλωμεν
3075 3064 3164 3118 τὸν
3199 3060 3385 3139 φόϐον,
3442 3068 3580 3137 μήτε
3610 3065 3660 3119 ἐν
3706 3073 3829 3130 τοῖς

2179 3147 2450 3224 λυπηροῖς
2479 3150 2541 3203 τὸ
2590 3146 2797 3206 εὔελπι.
2829 3153 3169 3224 Μνησθῶμεν
3202 3155 3291 3207 καὶ
3334 3153 3385 3208 ἐν
3421 3152 3571 3225 εὐδίᾳ
3600 3162 3695 3222 τῆς
3731 3157 3825 3224 ζά-

2172 3234 2296 3305 λης,
2347 3236 2436 3291 καὶ
2485 3237 2536 3291 έν
2587 3243 2822 3312 χειμῶνι
2869 3244 2966 3294 τοῦ
3008 3237 3375 3315 κυϐερνήτου·
3411 3240 3556 3297 ἀλλὰ
3590 3244 3664 3314 μὴ
3696 3250 3823 3306 ταῖς

2170 3325 2414 3397 θλίψεσιν
2449 3326 2857 3401 ἐκκακήσωμεν,
2896 3327 3034 3401 μηδὲ
3064 3332 3346 3404 γενώμεθα
3376 3334 3449 3404 (7)
3485 3328 3673 3386 δοῦλοι
3721 3354 3821 3386 xu-

2170 3416 2279 3481 xoi,
2334 3414 2651 3489 ἀγαθύνοντι
2715 3417 2808 3488 μὲν
2863 3417 3356 3494 ἐξομολογούμενοι
3421 3425 3501 3491 τῷ
3554 3421 3819 3494 Δεσπότῃ,

2170 3502 2482 3559 παιδεύοντι
2533 3502 2589 3559 δὲ
2642 3507 2715 3577 μή
2767 3510 3218 3580 προστιθέμενον
3272 3509 3449 3563 καίτοι
3481 3510 3611 3563 ποτὶ
3640 3510 3825 3584 κρείσ-

2172 3613 2278 3645 σων
2316 3592 2517 3666 ὑγιείας
2554 3597 2627 3663 (8)
2658 3593 2823 3655 πόνος
2856 3598 2953 3668 (9),
3012 3596 3104 3650 καὶ
3136 3596 3387 3669 ὑπομονὴ
3420 3600 3534 3670 (10)
3565 3599 3826 3667 ἀνέσεως,

2170 3680 2260 3735 καὶ
2293 3681 2566 3754 ἐπίσκεψις
2600 3681 2877 3753 ἀμελείας,
2910 3685 2998 3737 καὶ
3048 3684 3345 3763 ἐπιστροφή
3391 3688 3824 3763 συγχωρήσεως.

2173 3767 2326 3826 Εἴπω
2375 3770 2680 3843 συντόμως,
2734 3774 2873 3843 μήτε
2924 3770 3011 3827 διὰ
3057 3776 3154 3835 τὰς
3196 3776 3477 3851 συμφορὰς
3508 3775 3824 3849 πίπτωμεν,

2178 3861 2315 3931 μήτε
2346 3857 2435 3913 διὰ
2464 3860 2552 3913 τὸν
2582 3860 2741 3935 κόρον
2778 3855 3104 3935 ὑϐρίζωμεν.

416 3960 579 4014 dolor
608 3956 877 4021 sanitate,
910 3959 966 4010 et
1014 3953 1294 4025 patientia
1325 3951 1672 4006 remissione
1713 3955 1886 4021 atque
1945 3949 2336 4021 indulgentia,
2398 3956 2454 4005 et
2525 3950 2785 4006 visitatio
2844 3952 3135 4023 neglectu,
3182 3958 3237 4009 et
3288 3954 3596 4026 castigatio
3653 3955 3832 4010 venia

418 4046 626 4102 melior
646 4046 721 4102 sit
751 4049 807 4101 et
832 4041 1234 4116 praestabilior.
1268 4045 1476 4112 Atque,
1512 4044 1574 4093 ut
1601 4054 1721 4094 rem
1751 4038 1807 4091 in
1841 4055 2025 4110 pauca
2054 4039 2370 4107 conferam,
2417 4039 2502 4095 sic
2535 4056 2639 4095 nos
2670 4041 3071 4109 instituamus,
3130 4048 3195 4097 ut
3262 4060 3363 4098 nec
3395 4049 3631 4115 propter
3661 4046 3827 4099 cala-

414 4135 647 4190 mitates
676 4134 1076 4199 concidamus,
1109 4148 1213 4185 nec
1247 4133 1479 4201 propter
1509 4129 1881 4182 saturitatem
1915 4126 2228 4183 insolentia
2256 4129 2586 4183 elferamur.

488 4223 582 4278 VI.
615 4222 1047 4278 Submittamus
1081 4236 1207 4287 nos,
1241 4226 1366 4272 tum
1402 4217 1531 4280 Deo,
1587 4220 1715 4269 tum
1765 4215 1864 4269 alii
1896 4216 2049 4286 aliis,
2081 4219 2127 4282 D

414 4316 542 4369 tum
574 4310 646 4366 iis
677 4310 776 4381 qui
811 4309 1121 4379 imperium
1178 4305 1239 4360 in
1298 4312 1452 4359 terra
1510 4309 1754 4375 gerunt:
1789 4304 1903 4358 Deo
1926 4305 2055 4375 qui-

412 4402 567 4468 dem,
600 4399 878 4455 omnibus
926 4398 997 4451 de
1027 4395 1241 4450 causis-
1273 4393 1371 4447 alii
1399 4398 1591 4447 autem
1620 4393 1771 4459 aliis,
1823 4399 2059 4463 propter

481 4581 528 4617 ¹⁴
562 4576 709 4634 Psal.
743 4592 937 4642 cxvm,
967 4574 1057 4627 74.
1094 4571 1137 4607 ¹⁸
1164 4571 1366 4627 Matth.
1399 4588 1513 4638 xw,
1548 4571 1636 4625 30.

480 4766 591 4837 (98)
622 4762 1038 4839 Καθαιρόμενοι.
1100 4761 1192 4818 Sic
1252 4759 1426 4815 Coisl.
1462 4761 1511 4827 1,
1547 4760 1781 4830 aliique.
1844 4760 1907 4815 In
1940 4761 2057 4826 ed.,

408 4836 817 4911 καθαιρόμεναι.

484 4899 827 4992 (θέλίοῑτως,
867 4904 956 4992 δὶνῄ
1015 4904 1175 4992 Mf”.
1250 4902 1318 4992 τδξ
1373 4899 1717 4972 δικαιώματά
1776 4922 1891 4957 σου·
1962 4902 2055 4958 Sic

411 4975 588 5036 Coisli
611 4982 659 5044 1,
693 4981 747 5047 2,
782 4983 889 5033 ctc.
916 4975 1137 5032 Desunt
1162 4976 1221 5029 in
1254 4975 1345 5029 ed.

483 5052 562 5122 (1)
596 5044 922 5123 Πάσχουσιν.
957 5050 1045 5103 Sic
1076 5049 1258 5119 Regg.
1328 5062 1381 5110 a,
1418 5046 1536 5106 bm,
1572 5044 1745 5098 Coisl.
1794 5046 1847 5110 3,
1908 5045 2052 5112 Jes.,

411 5126 519 5178 etc.
545 5120 618 5176 'ln
651 5120 767 5194 edi,
798 5120 1101 5194 πάσχωσιν.

478 5195 555 5265 (2)
587 5193 684 5246 Καὶ
719 5186 946 5264 μᾶλλόν
979 5212 1029 5245 τι
1088 5189 1474 5265 προσχωροῦσι
1534 5188 1668 5265 Θεῷ.
1731 5186 1823 5240 Sic
1874 5187 2052 5265 Regg.

407 5254 794 5333 a,‘h'u,Coi'sl'
828 5267 880 5333 3,
911 5265 1053 5332 Jes.,
1108 5254 1334 5315 etc.'ln'
1377 5258 1491 5326 ed.,
1546 5254 1635 5309 xui
1684 5254 2053 5331 προσχωρῶσι

410 5334 677 5408 μᾶλλόντι
712 5336 848 5405 Θεῷ.

472 5409 548 5479 ,3)
575 5397 933 5479 Οἷκειοῦἶιται,
967 5405 1055 5457 Sic
1092 5403 1266 5471 Regg.
1304 5400 1403 5468 hu,
1459 5397 1633 5453 Coisl.
1669 5402 1721 5468 2,
1755 5401 1896 5466 Jcs.,
1930 5407 2043 5455 etc.

401 5482 466 5533 In
501 5478 616 5545 ed.,
646 5478 972 5531 οἰκειῶνται.

578 5541 648 5623 "Ife
693 5550 943 5623 χρῄζειν.
980 5548 1060 5599 lta
1107 5546 1244 5615 Reg.
1282 5560 1333 5608 a,
1372 5543 1487 5603 bm,
1522 5541 1664 5610 Jes.,
1699 5548 1805 5597 etc.
1845 5550 1901 5597 In
1936 5544 2049 5610 ed.,

438 5551 546 5627 ..(4)

394 5619 1015 5760 ’νεόωμεψ
1050 5694 1185 5758 Reg.
1214 5686 1341 5760 rbm,
1375 5680 1731 5760 ἀνανεύωμεν.

489 5749 543 5828 6)
578 5749 1007 5834 Προϐαλώμεθσι.
1037 5749 1174 5830 Reg.
1212 5749 1334 5827 bm,
1379 5749 1845 5828 προϐαλλώμεοα,
1880 5779 1907 5808 ‹‹
1946 5757 2049 5812 b0-

2234 4217 2293 4284 ζ’.
2352 4217 2804 4288 Ὑποτασσώμεθα
2877 4218 2966 4271 καὶ
3036 4223 3151 4289 Θεῷ
3225 4219 3314 4273 καὶ
3388 4216 3831 4289 ἀλλήλοις,καὶ

2164 4310 2284 4358 τοῖς
2318 4304 2403 4357 ἐπὶ
2436 4307 2538 4377 γῆς
2570 4304 2834 4379 ἄρχουσιν
2862 4324 2875 4337 ·
2910 4311 3024 4377 Θεῷ
3054 4304 3142 4360 διὰ
3184 4306 3375 4375 πάντα,
3430 4304 3517 4361 διὰ
3562 4309 3662 4375 τήν
3697 4307 3831 4385 φιλ-

2166 4390 2425 4469 αδελφίαν
2473 4390 2769 4465 ἀλλήλοις,
2803 4392 2871 4448 δι’
2916 4394 3156 4465 εὐταξίαν
3202 4400 3321 4457 τοῖς
3370 4394 3630 4472 ἄρχουσιν
3660 4415 3673 4428 °
3733 4398 3832 4452 xui

2172 4776 2309 4847 nam
2341 4776 2505 4831 spem
2539 4761 2934 4847 praeferamus.
2963 4786 2990 4813 ››
3014 4767 3145 4829 Quae
3169 4767 3343 4847 verba
3364 4764 3701 4847 ostendunt,
3722 4780 3823 4820 vo-

2170 4848 2263 4886 ces
2298 4832 2424 4897 has,
2458 4832 2763 4907 περιστάσει
2806 4834 2980 4907 πάσῃ,
3012 4853 3127 4891 non
3186 4840 3258 4892 de
3292 4858 3319 4887 «
3351 4837 3573 4907 opibus
3594 4840 3651 4890 et
3676 4832 3816 4906 pau-

2171 4908 2411 4979 pertate,
2447 4926 2473 4950 »
2507 4904 2583 4979 de
2609 4926 2635 4952 ‹‹
2670 4904 2856 4979 gloria
2876 4904 3300 4979 etignominia,
3339 4930 3365 4957 ››
3390 4904 3464 4962 ut
3484 4906 3608 4961 vult
3631 4904 3810 4975 Elias,

2169 4976 2267 5029 sed
2304 4978 2373 5028 de
2406 4997 2431 5022 α
2466 4976 2772 5047 quibusvis
2804 4976 3039 5033 casibus
3072 4976 3353 5047 adversis,
3392 5003 3419 5028 ››
3451 4996 3579 5033 esse
3606 4980 3820 5033 intelli-

2168 5048 2407 5122 gendas.
2429 5046 2519 5122 Sic
2538 5049 2692 5122 apud
2707 5048 3190 5122 Chrysostomum
3204 5054 3478 5121 frequens
3501 5049 3622 5104 haec
3638 5050 3815 5122 phra-

2167 5116 2268 5195 sis,
2290 5122 2405 5195 τοῖς
2425 5120 2536 5176 τοῖς
2633 5116 2965 5195 πειστάσεσιν
2987 5121 3103 5175 οὖσι
3132 5116 3512 5195 παρίστασθαι,
3561 5144 3589 5170 ‹‹
3620 5116 3693 5177 iis
3712 5122 3816 5193 qui

2167 5190 2424 5266 adversis
2454 5190 3129 5266 casibus_conflictantur
3157 5190 3369 5266 praesto
3401 5210 3549 5249 esse.
3586 5215 3611 5240 ››

2237 5262 2312 5339 (ἶ)
2341 5259 2666 5339 Γενώμεθαεκ
2681 5262 2817 5339 Ηθεἶ
2848 5266 2993 5339 bm._,
3028 5259 3325 5339 γινώμεθα.

2340 5330 2595 5415 Ὲγιείας,
2631 5330 2924 5415 Ηεξζίξιω,
2960 5330 3135 5415 ὗγέίας

2236 5404 2311 5478 (9)
2350 5404 2537 5478 Πόνος.
2578 5404 2644 5478 In
2673 5406 2962 5478 pluribus,
2995 5404 3174 5473 νόσος,
3211 5432 3237 5457 ‹‹
3273 5407 3534 5461 morbus.
3576 5427 3601 5453 ››

2238 5474 2669 5554 (10)-’Υποξογῄ
2706 5499 2733 5554 ς
2766 5474 3056 5554 Malorum
3093 5477 3759 5554 tolerantia,‘patientia.
3791 5498 3823 5529 ι

2165 5545 2301 5625 Beg.
2343 5545 2668 5625 bm,_Qoisl.
2704 5548 2763 5625 2,
2795 5555 2851 5603 et
2878 5550 3366 5625 hminem-quiq.
3544 5549 3829 5625 videntur

2163 5616 2374 5696 legisse
2405 5616 2611 5696 Billius
2643 5625 2701 5672 et
2727 5616 3179 5696 _L_euvenklaius,
3214 5616 3315 5694 qui
3348 5621 3623 5691 reddunt,
3653 5641 3682 5670 «
3715 5623 3823 5676 ad-

2164 5688 2428 5755 monitio,
2462 5688 2843 5747 submonitio.
2883 5716 2904 5742 ι
