4094 6288
374 430 492 493 973

1257 426 1547 488 ORATIO
1591 422 2004 487 XVll.—AD
2048 422 2275 485 CIVES
2322 422 2900 488 NAZIANZENOS.

3663 432 3783 492 974

374 561 620 633 τοσούτῳ
673 559 911 633 μᾶλλον,
956 560 1167 635 ὅσῳπερ
1232 560 1291 613 ἂν
1355 560 1483 612 ὦσιν
1533 558 1876 631 ἡμερώτεροι
1934 557 2063 643 καὶ,

2162 557 2437 613 :haritatis
2470 558 2578 614 fmd
2591 576 2658 614 us
2674 578 2687 627 ;
2706 559 3069 632 principibus
3092 562 3364 633 denique,
3383 568 3615 634 propter
3633 567 3789 620 ordi-

376 650 739 726 χρηστότεροι
791 652 925 722 (11).
986 650 1165 703 Δεινὸν
1236 648 1522 703 ἐπιείκειαν
1588 644 1889 715 δαπανῆσαι
1948 649 2025 715 τῷ

377 744 596 814 συνεχεῖ
624 746 721 808 τῆς
772 738 1118 813 συγγνώμης,
1162 736 1253 792 τίνα
1286 738 1360 810 μὴ
1393 738 1481 791 καὶ
1506 744 1607 806 τῆς
1637 735 1852 790 ἐκείνων
1901 754 2027 807 τρα-

379 827 620 903 χύτητος
682 829 793 899 (12)
856 827 1009 881 αὐτοὶ
1068 824 1214 887 δίκας
1292 826 1699 897 ἀπαιτηθῶμεν,
1776 821 2024 898 γαλήνην

379 915 645 989 πνεύματι
698 915 974 981 λύσαντες,
1024 916 1111 969 καὶ
1163 914 1301 992 φωτὶ
1362 914 1522 991 ζόφον
1566 912 1879 988 ἕπάγοντες,
1939 908 2027 965 καί

388 1004 566 1078 μέλιτι
612 1005 1035 1079 καταμιγνύντες
1093 1006 1362 1078 ἀψινθιον.
1420 1006 1572 1058 Ἐστι
1618 1005 1707 1058 καὶ
1757 1002 1911 1062 οὗτος
1953 1000 2027 1062 εἷς

381 1099 488 1149 τῶν
521 1094 801 1170 ἡμετέρων
842 1094 1047 1166 νόμων,
1106 1093 1195 1147 καὶ
1244 1094 1404 1155 οὗτος
1451 1097 1556 1147 τῶν
1604 1092 2032 1163 ἐπαινουμένων,

384 1184 473 1238 καὶ
504 1182 775 1239 κάλλιστα
806 1181 1238 1257 διατεταγμένων
1290 1187 1367 1252 τῷ
1414 1181 1707 1254 Ηνεύματι,
1759 1181 1822 1235 τὸ
1872 1177 2029 1234 δυνα-

384 1274 473 1327 τὸν
514 1274 645 1346 μετά
692 1278 787 1327 τοῦ
838 1270 1011 1327 καλοῦ
1056 1268 1430 1344 δοκιμάσαντι,
1462 1272 1551 1325 καὶ
1583 1272 2030 1343 νομοθετήσαντι,

388 1361 566 1437 ὥσπερ
629 1359 859 1423 δούλους
914 1361 1198 1415 ὑπακούειν
1259 1357 1565 1429 δεσπόταις,
1622 1360 1711 1414 καὶ
1776 1364 2031 1433 γυναῖκας

388 1449 630 1527 ἀνδράσι,
688 1451 777 1504 καὶ
836 1450 1016 1523 Κυρίῳ
1070 1450 1168 1517 τὴν
1232 1447 1582 1519 Ἐκκλησίαν,
1640 1447 1729 1502 καὶ
1791 1447 2033 1519 μαθητὰς

387 1541 610 1612 ποιμέσι
656 1539 745 1593 καὶ
794 1535 1143 1599 διδασκάλοις
1171 1557 1182 1570 ·
1235 1537 1377 1592 οὕτω
1428 1534 1484 1591 δὲ
1528 1537 1617 1591 καὶ
1662 1538 1857 1596 πάσαις
1888 1534 2034 1605 ἐξου-

389 1628 527 1689 σίαις
561 1627 951 1702 ὑπερεχούσαις
1000 1626 1409 1697 ὑποτάσσεσθαι,
1462 1625 1523 1680 οὑ
1567 1625 1727 1698 μόνον
1789 1622 1878 1679 διὰ
1934 1626 2033 1693 τὴν

388 1718 573 1793 ὀργὴν,
625 1714 771 1771 ἀλλά
818 1717 906 1769 καὶ
970 1712 1059 1769 διὰ
1108 1717 1206 1784 τὴν
1256 1712 1584 1785 συνείδησιν,
1632 1715 1707 1775 ὡς
1755 1710 2036 1773 ὑποτελεῖς

391 1806 559 1885 φόρου
590 1804 962 1879 τυγχάνοντας
989 1824 1001 1836 ·
1035 1804 1123 1859 καὶ
1160 1806 1234 1877 μὴ
1266 1808 1695 1864 κακοποιοῦττας
1738 1807 1911 1874 μισεῖν
1943 1802 2034 1856 τὸν

389 1896 577 1967 νόμον,
633 1891 772 1966 μηδὲ
824 1894 1102 1966 ἀναμένειν
1145 1894 1243 1961 τὴν
1278 1892 1573 1966 μάχαιραν,
1605 1890 1750 1946 ἀλλά
1779 1895 1857 1961 τῷ
1882 1885 2038 1967 φόϐῳ

391 1984 816 2058 καθαιρομένους
849 1982 1173 2035 ἐπαινεῖσθαι
1210 1982 1312 2035 ὑπὸ
1340 1988 1441 2050 τῆς
1481 1980 1742 2050 ἐξουσίας.

2067 1944 2115 2009 Β

2136 662 2269 700 nem
2303 647 2663 719 publicaeque
2693 649 3013 721 disciplinae
3053 652 3335 706 rationem
3368 677 3381 718 ;
3415 652 3590 722 idque
3622 658 3784 711 tanto

2135 736 2312 789 etiam
2349 736 2555 806 magis,
2588 742 2807 808 quanto
2845 738 3202 795 facilioribus
3237 740 3352 795 illis
3384 758 3448 796 ac
3482 742 3783 814 benignio-

2138 823 2301 878 ribus
2334 825 2575 880 utimur.
2599 826 2782 883 Grave
2806 845 2869 882 ac
2897 829 3289 899 periculosum
3313 835 3420 897 est,
3444 832 3785 903 ignoscendi

2138 913 2485 968 assiduitate
2516 914 2888 972 clementiam
2920 918 3247 985 exhaurire,
3302 937 3373 975 ne
3405 919 3625 991 alioqui
3659 922 3785 977 illo-

2140 1017 2271 1055 rum
2304 1003 2642 1059 acerbitatis
2673 1022 2853 1076 posnae
2879 1023 2913 1061 a
2959 1008 3130 1063 nobis
3164 1012 3529 1079 expetantur,
3589 1015 3653 1065 ut
3683 1014 3783 1083 qui

2142 1091 2328 1146 ventis
2378 1091 2621 1147 invectis
2690 1094 3175 1164 tranquillitatem
3227 1098 3665 1166 sustulerimus,
3728 1104 3786 1156 et

2141 1178 2257 1233 luci
2290 1177 2599 1250 caliginem
2632 1182 3055 1251 induxerimus,
3110 1184 3385 1256 mellique
3416 1186 3781 1243 absinthium

2142 1269 2654 1326 admiscuerimus.
2704 1274 2833 1326 Jam
2867 1289 3000 1327 vero
3060 1274 3213 1329 inter
3260 1282 3498 1331 caeteras
3573 1282 3783 1333 nostra:

2144 1356 2420 1412 doctrinm
2453 1359 2625 1427 leges,
2658 1358 2809 1414 hanc
2840 1377 3073 1433 quoque
3121 1362 3406 1419 habemus
3437 1366 3786 1437 cumprimis

2142 1445 2520 1517 laudandam,
2564 1452 2619 1502 et
2672 1464 2704 1503 a
2752 1449 2993 1521 Spiritu,
3044 1451 3143 1523 qui
3192 1452 3270 1519 id,
3328 1456 3480 1525 quod
3514 1459 3788 1526 praestare

2145 1551 2482 1606 possumus,
2507 1552 2641 1590 cum
2665 1553 2730 1591 eo
2753 1539 2904 1609 quod
2933 1538 3241 1610 pulchrum
3270 1551 3323 1597 et
3342 1542 3655 1599 honestum
3681 1552 3788 1613 est,

2145 1622 2483 1695 exploravit,
2517 1623 2760 1696 legeque
2801 1628 3012 1695 sanxit,
3067 1629 3339 1699 praeclare
3369 1633 3788 1702 constitutam;

2148 1729 2283 1783 qua,
2318 1716 2383 1767 ut
2413 1714 2562 1768 servi
2595 1713 2749 1769 heris
2783 1715 2908 1771 suis
2941 1717 3003 1783 “,
3059 1722 3115 1773 et
3166 1736 3371 1774 uxores
3400 1720 3564 1787 viris,
3596 1727 3654 1776 et
3688 1728 3788 1777 Ec-

2148 1801 2327 1857 clesia
2355 1802 2605 1871 Christo,
2639 1809 2695 1858 et
2723 1804 2993 1874 discipuli
3028 1807 3329 1877 magistris
3361 1826 3428 1863 ac
3458 1812 3792 1880 pastoribus

2148 1891 2551 1962 obtemperare
2572 1894 2859 1962 jubentur
2883 1895 2946 1959 ιτ,
2966 1895 3046 1949 ita
3067 1897 3237 1952 nobis
3266 1899 3439 1952 etiam
3464 1901 3793 1970 praescribi-

2146 1984 2261 2047 tur,
2298 1985 2361 2034 ut
2392 1980 2838 2036 sublimioribus
2871 1984 3259 2053 potestatibus
3309 2003 3643 2058 pareamus,
3677 2007 3793 2047 non

394 2074 581 2129 solum
614 2079 850 2145 propter
898 2073 1067 2140 iram,
1129 2073 1230 2127 sed
1290 2072 1466 2127 etiam
1517 2080 1751 2143 propter
1806 2068 2223 2125 conscientiam
2284 2070 2345 2136 ¹⁸,
2382 2074 2444 2124 ut
2501 2070 2597 2138 qui
2649 2072 2954 2141 pendendo
3003 2072 3220 2128 tributo
3275 2075 3464 2132 simus
3521 2079 3793 2150 obnoxii;

395 2179 501 2218 nec
531 2162 988 2228 committamus,
1023 2165 1086 2215 ut
1116 2162 1189 2215 ob
1222 2160 1440 2215 scelera
1470 2164 1670 2214 nostra
1716 2159 1903 2230 legem
1953 2158 2083 2214 odio
2131 2158 2459 2213 habeamus
2489 2159 2553 2225 ¹⁹,
2605 2175 2670 2213 ac
2712 2159 3002 2215 vindicem
3041 2160 3302 2233 gladium
3351 2172 3794 2240 exspectemus;

395 2250 534 2320 quin
558 2250 750 2321 potius
782 2248 836 2302 id
873 2264 1139 2319 agamus,
1174 2252 1238 2302 ut
1264 2263 1366 2318 per
1394 2249 1663 2302 timorem
1698 2247 1952 2317 purgati,
1984 2246 2215 2302 laudem
2253 2262 2286 2299 a
2308 2249 2595 2316 potestate
2617 2262 3071 2318 consequamur.

467 2340 534 2391 Z'.
571 2337 678 2392 Μία
706 2337 794 2391 καὶ
826 2338 859 2405 ἡ
894 2335 1028 2402 αὐτὴ
1062 2336 1271 2406 στάθμη
1299 2352 1311 2365 ·
1343 2331 1487 2388 ἀλλά
1526 2331 1757 2388 φείδεται
1798 2334 1890 2406 μὲν
1942 2337 2038 2387 τοῦ

397 2426 583 2503 ὀρθοῦ,
633 2424 944 2500 περικόπτει
1001 2421 1058 2477 δὲ
1114 2423 1174 2477 τὸ
1222 2421 1614 2497 περιττόν.Εἶς
1645 2420 1844 2491 ἢλιος’
1896 2420 2043 2476 ἀλλά

399 2515 619 2593 φωτίζει
673 2514 767 2587 μὲν
812 2514 911 2582 τὴν
967 2510 1305 2589 ὑγιαίνουσαν
1353 2505 1499 2585 ὄψιν,
1552 2510 1788 2586 ὀμαυροῖ
1840 2508 1897 2565 δὲ
1941 2511 2040 2578 τὴν

398 2606 738 2669 ἀσθενοῦσαν.
806 2601 997 2657 Βούλει
1044 2624 1095 2655 τι
1146 2600 1235 2655 καὶ
1279 2605 1387 2655 τῶν
1433 2601 1714 2676 ἡμετέρων
1747 2597 1882 2654 εἶ’πω
1914 2598 2042 2675 θαρ-

403 2693 569 2770 ρήσας
596 2712 609 2761 ;
646 2693 733 2753 Εἷς
764 2690 991 2765 Χριστός
1021 2711 1031 2721 ·
1065 2689 1191 2745 ἀλλ’
1240 2689 1314 2752 εἷς
1360 2694 1561 2744 πτῶσιν
1594 2694 1763 2744 κεῖται
1795 2689 1885 2743 καὶ
1918 2689 2043 2742 ἀνά-

404 2803 584 2837 στασιν
635 2783 786 2855 (13)·
840 2785 1043 2835 πτῶσιν
1109 2781 1202 2851 μὲν
1257 2784 1372 2840 τοῖς
1433 2779 1699 2849 ἀπίστοις,
1759 2779 2041 2832 ἀνάστασιν

405 2869 462 2926 δὶ
503 2875 620 2932 τοῖς
670 2868 1017 2924 πιστεύουσι·
1072 2868 1159 2923 καὶ
1202 2874 1317 2929 τοῖς
1366 2869 1461 2941 μὶν
1495 2866 1604 2920 ἔστι
1657 2867 1825 2941 πέτρα
1872 2887 2045 2942 προσ-

405 2959 711 3033 κόμματος,
765 2959 853 3013 καὶ
937 2959 1107 3032 πέτρα
1181 2960 1292 3029 (14)
1370 2954 1695 3028 σκανδάλου,
1770 2955 1888 3010 ὅσοι
1970 2956 2044 3028 μὴ

406 3045 663 3124 ἔγνωσαν,
711 3046 835 3101 οὐδὲ
877 3053 1132 3118 συνῆκαν,
1185 3045 1311 3100 ἀλλ’
1356 3046 1408 3101 ἐν
1468 3046 1643 3099 σκότει
1695 3042 2044 3119 διαπορεύον-

404 3158 513 3207 ται,
576 3133 681 3191 εἷίιε
739 3134 990 3198 εἰδώλοις
1050 3134 1460 3209 θρησκεύοντες,
1536 3131 1641 3188 siit:
1722 3135 1885 3209 μέχρι
1950 3137 2048 3187 τοῦ

405 3228 726 3304 γράμματος
760 3220 1166 3291 διαϐλὲποντες,
1198 3223 1286 3277 καὶ
1330 3224 1458 3297 ὑπὲρ
1507 3227 1668 3277 τοῦτο
1717 3221 2046 3297 αὑγασθῆναι

410 3318 548 3389 μήτε
596 3315 845 3376 θέλοντες
892 3315 1025 3387 (15),
1080 3315 1218 3386 μήτε
1268 3312 1589 3387 ἰσχύοντες·
1639 3316 1756 3373 τοῖς
1805 3308 1861 3366 δὲ
1896 3310 2047 3373 λίθος

2221 2334 2373 2390 ωσι
2405 2334 2521 2389 νιι.
2556 2334 2681 2391 Una
2712 2341 2884 2406 atque
2937 2338 3140 2393 eadem
3202 2346 3291 2395 est
3346 2342 3548 2413 regula
3584 2362 3597 2412 ;
3629 2348 3685 2399 et
3718 2350 3800 2401 ta-

2152 2440 2285 2478 men
2318 2429 2471 2479 recto
2507 2424 2711 2496 parcit,
2746 2426 2897 2497 quod
2931 2431 3126 2483 autem
3158 2429 3525 2502 superﬂuum
3568 2438 3674 2503 est,
3708 2450 3797 2489 re-

2153 2515 2327 2567 secat.
2360 2511 2524 2568 Unus
2549 2513 2749 2569 itidem
2784 2514 2871 2569 sol
2907 2532 2919 2570 :
2954 2520 3013 2570 et
3061 2520 3280 2588 tamen,
3313 2524 3379 2574 ut
3429 2520 3588 2576 sanis
3615 2522 3799 2578 oculis

2152 2599 2521 2672 splendorem
2554 2603 2741 2668 affert,
2764 2602 2845 2658 ita
2866 2620 3049 2675 aegros
3069 2610 3127 2661 et
3149 2605 3472 2663 imbecilles
3502 2609 3798 2667 obscurat.

2156 2690 2256 2744 Vis
2286 2707 2354 2744 ex
2386 2696 2586 2746 nostra
2630 2692 2895 2746 doctrina
2943 2694 3245 2764 quidpiam
3299 2699 3575 2752 audacter
3604 2701 3797 2769 prole-

2155 2795 2279 2833 ram
2308 2781 2330 2832 Ρ
2360 2778 2522 2834 Unus
2553 2785 2643 2835 est
2664 2781 2930 2837 Christus
2965 2782 3154 2837 :idem
3187 2788 3384 2840 tamen
3408 2786 3464 2839 in
3495 2787 3725 2843 ruinam
3745 2794 3801 2845 et

2156 2867 2637 2923 resurrectionem
2672 2870 2899 2939 positus
2928 2876 3017 2925 est
3043 2872 3126 2939 ’0;
3159 2872 3217 2926 in
3251 2872 3482 2929 ruinam
3520 2875 3797 2932 nimirum

2156 2956 2495 3023 incredulis,
2531 2958 2585 3011 in
2612 2960 3095 3015 resurrectionem
3126 2965 3319 3016 autem
3344 2964 3757 3021 credentibbus
3783 2981 3796 3020 :

2157 3049 2214 3100 et
2244 3044 2373 3100 aliis
2407 3045 2643 3117 quidem
2677 3050 2840 3117 petra
2870 3048 3207 3104 offensionis
3228 3055 3335 3121 est,
3368 3051 3598 3123 aclapis
3629 3070 3799 3109 sean-

2158 3132 2276 3188 dali
2306 3134 2373 3201 ²¹,
2408 3134 2478 3189 iis
2511 3150 2736 3204 nempe,
2770 3135 2870 3206 qui
2904 3137 3236 3192 nescierunt
3266 3154 3453 3209 neque
3506 3142 3800 3197 intellexe-

2159 3227 2317 3290 runt,
2346 3240 2547 3278 verum
2582 3223 2641 3277 in
2680 3224 2939 3280 tenebris
2987 3225 3295 3282 ambulant
3347 3228 3429 3296 ’2;
3463 3229 3665 3301 quales
3717 3230 3803 3287 illi

2160 3315 2319 3378 sunt,
2353 3311 2455 3382 qui
2485 3311 2572 3366 vel
2606 3312 2778 3368 idolis
2809 3313 3035 3369 cultum
3069 3315 3372 3387 adhibent,
3406 3318 3493 3373 vel
3544 3320 3613 3374 ad
3646 3321 3799 3375 litte-

405 3406 820 3481 ἀκρογωνιαῖος,
892 3402 981 3457 καὶ
1052 3402 1220 3478 πέτρα
1296 3401 1678 3474 ἐπαινουμένη,
1753 3399 1869 3455 ὅσοι
1925 3421 2045 3454 συν-

2162 3417 2282 3456 ram
2331 3417 2515 3471 usque
2564 3401 2847 3457 duntaxat
2896 3404 3284 3475 prospiciunt,
3340 3423 3441 3460 nec
3483 3408 3804 3477 quidquam

407 3491 730 3567 δεσμοῦνται
787 3493 866 3564 τῷ
926 3490 1101 3566 λόγῳ,
1159 3492 1247 3546 καὶ
1296 3491 1375 3545 ἐπ’
1406 3490 1574 3560 αὐτῆς
1630 3486 1920 3566 βεϐήκασιν
1956 3508 1969 3520 ·
2006 3489 2051 3543 εἷ

414 3582 602 3658 βούλει
634 3579 709 3653 δὲ,
745 3582 771 3635 ὁ
807 3581 1145 3656 μαργαρίτης
1179 3580 1404 3651 ἐκεῖνος,
1448 3580 1503 3634 ὅν
1545 3582 1758 3633 πάντων
1813 3580 1883 3631 ὧν
1939 3576 2052 3653 ἔχει

411 3672 626 3726 ὠνεῖται
673 3672 699 3725 ὁ
748 3670 917 3732 καλὸς
967 3669 1230 3745 ἔμπορος.
1283 3672 1469 3741 Ἡμεῖς
1513 3668 1569 3722 δὲ
1597 3668 1840 3722 τοιοῦτόν
1874 3689 1924 3721 τι
1958 3668 2055 3720 πά-

410 3780 639 3834 σχομεν,
684 3756 931 3833 ἀδελφοί,
986 3761 1059 3830 μὴ
1109 3760 1175 3812 τά
1227 3759 1427 3810 ἑαυτῶν
1471 3759 1874 3830 κατορθοῦντες,
1911 3754 2056 3808 ἀλλὰ

412 3851 546 3921 πρὸς
596 3850 695 3914 τήν
743 3847 978 3919 ἐξουσίαν
1030 3845 1503 3921 δυσχεραίνοντες·
1558 3844 1737 3917 ὥσπερ
1793 3844 1849 3896 ἂν
1898 3840 2051 3903 εἶ’τις

409 3938 632 4007 αἰτιῷτο
664 3937 777 4007 (16)
806 3935 895 3989 τὸν
930 3935 1269 4008 ἀγωνοθέτην
1305 3933 1377 3993 ὡς
1415 3933 1716 4006 μοχθηρὸν,
1767 3931 1926 3991 αὐτὸς
1978 3930 2057 3984 ἐκ·

409 4024 657 4080 παλαίων
686 4041 698 4053 ·
849 4025 939 4077 τὸν
994 4022 1171 4098 ἶάτρὸν
1228 4022 1301 4082 ὡς
1348 4024 1461 4094 (17)
1509 4020 1691 4091 ἀμαθῆ
1738 4020 1825 4073 καὶ
1860 4019 2052 4093 θρασὺν

409 4120 527 4175 ταῖς
557 4117 753 4183 τομαῖς
786 4112 874 4165 καὶ
904 4116 1020 4172 ταῖς
1061 4109 1274 4164 καύσεσι
1325 4108 1668 4183 κεχρημένον
1721 4108 1853 4179 (18),
1902 4107 2057 4168 αὐτὸς

412 4204 667 4275 πονήρως
698 4197 1061 4271 διακείμενος,
1112 4197 1199 4252 καὶ
1249 4202 1353 4251 τῶν
1407 4196 1816 4270 αὑστηροτέρων
1867 4193 2054 4268 δεόμε-

411 4312 504 4351 νος
536 4289 855 4365 φαρμάκιον,
890 4287 1069 4343 Ταῦτά
1104 4307 1196 4358 μοι
1228 4285 1364 4361 πρὸς
1403 4285 1536 4350 ,τοὺς
1588 4285 1927 4359 ἀρχομένους
1957 4306 2058 4338 πα-

416 4375 649 4450 ραμυθία
678 4396 735 4428 τε
765 4374 879 4446 ’ἁμα
908 4374 996 4428 καὶ
1028 4374 1270 4428 νουθεσία
1295 4393 1305 4405 ·
1353 4378 1522 4428 ταῦτα
1551 4374 1578 4426 ὁ
1626 4372 1885 4446 πενιχρὸς
1935 4394 2030 4426 ποι

422 4467 526 4537 μὴν
560 4463 889 4537 καταρτίζων
920 4466 982 4518 τὸ
1018 4464 1208 4539 μικρὸν
1242 4484 1522 4535 ποιμνιον,
1556 4463 1600 4533 ᾧ
1640 4461 1888 4535 χαίροντι
1941 4482 2060 4514 συν-

419 4555 690 4625 ευθυμεῖν,
760 4552 847 4607 καὶ
893 4551 1330 4626 σκυθρωπάζοντι
1387 4554 1501 4625 (19)
1551 4549 1901 4620 συστενάζειν,
1960 4557 2061 4612 τῆς

420 4641 559 4715 ἰμῆς
589 4648 954 4714 ποιμαντικῆς
988 4642 1015 4695 ὁ
1190 4641 1376 4715 νόμος.

2164 3497 2439 3560 praeterea
2471 3489 2798 3560 splendoris
2833 3491 3066 3547 haurire
3098 3493 3183 3546 vel
3233 3495 3495 3563 cupiunt,
3551 3498 3633 3550 vel
3675 3515 3805 3565 pos-

2164 3586 2303 3632 sunt
2336 3597 2348 3645 ;
2382 3579 2510 3633 aliis
2541 3585 2765 3645 contra,
2802 3580 2950 3651 lapis
2982 3582 3282 3651 angularis
3314 3586 3380 3649 ’3,
3414 3593 3469 3638 et
3497 3593 3655 3655 petra
3689 3587 3806 3640 lau-

2164 3670 2317 3732 data,
2353 3668 2422 3721 iis
2458 3668 2721 3722 videlicet
2751 3671 2847 3738 qui
2880 3671 3031 3723 verbi
3058 3673 3233 3725 divini
3262 3673 3494 3727 vinculo
3517 3679 3802 3730 constrin-

2164 3762 2400 3825 guntur,
2453 3756 2622 3826 eique
2666 3757 2953 3822 insident;
2990 3765 3109 3819 aut.
3143 3761 3189 3812 si
3245 3762 3443 3822 mavis,
3490 3765 3804 3831 margarita

2165 3844 2283 3911 illa,
2317 3860 2489 3913 quam
2526 3845 2712 3899 bonus
2746 3846 3068 3915 negotiator
3097 3850 3372 3902 omnibus
3405 3851 3523 3904 suis
3561 3852 3798 3906 faculta-

2162 3932 2321 3986 tibus
2350 3939 2676 3986 emereatur
2705 3934 2768 3985 2⁸.
2802 3936 2872 3987 At
2922 3951 3045 3997 nos,
3098 3937 3324 4003 fratres,
3360 3939 3495 3992 dum
3545 3942 3800 3996 officium

2164 4019 2275 4089 ipsi
2309 4020 2660 4086 deserentes,
2698 4022 3073 4091 magistratus
3100 4030 3440 4093 potestatem
3466 4028 3668 4099 iniquo
3688 4031 3807 4084 ani-

2168 4124 2262 4161 mo
2296 4108 2559 4175 ferimus,
2613 4109 2853 4179 perinde
2908 4110 3106 4181 utique
3159 4114 3427 4183 facimus,
3482 4134 3547 4171 ac
3596 4118 3809 4188 siquis

2167 4197 2502 4250 certaminis
2535 4198 2838 4267 praesidem
2890 4205 2953 4253 ut
3002 4201 3336 4271 improbum
3369 4211 3624 4269 accuset,
3675 4224 3809 4261 cum

2168 4286 2295 4357 ipse
2328 4286 2382 4338 in
2419 4286 2681 4356 palestrte
2716 4286 2870 4358 leges
2904 4297 3118 4357 peccet,
3152 4298 3253 4345 aut
3300 4295 3593 4349 medicum
3632 4302 3693 4349 ut
3724 4298 3813 4350 in-

2170 4374 2405 4428 doctum
2438 4381 2494 4429 et
2524 4376 2827 4446 audacem,
2861 4379 3013 4447 quod
3051 4381 3408 4437 sectionibus
3439 4389 3496 4437 et
3540 4385 3816 4439 cauteriis

2171 4467 2389 4529 utatur,
2425 4481 2558 4517 cum
2594 4464 2715 4534 ipse
2754 4465 2914 4535 gravi
2965 4469 3167 4523 morbo
3213 4470 3454 4537 laboret,
3506 4473 3817 4543 asperiori-

2172 4553 2399 4622 busque
2422 4552 2694 4607 remediis
2711 4553 2989 4625 indigeat.
3014 4560 3205 4628 Atque
3224 4558 3342 4614 haec
3366 4560 3506 4615 mihi
3526 4562 3595 4616 ad
3621 4562 3820 4616 subdi-

2094 4625 2141 4689 D
2172 4645 2280 4709 tos,
2319 4641 2529 4712 partim
2562 4643 2860 4712 monendi,
2894 4625 3471 4714 partim—consolandi
3493 4652 3704 4721 gratia,
3734 4651 3821 4705 di-

420 4738 510 4788 cta
544 4733 664 4787 sint
690 4748 703 4785 :
730 4732 895 4803 mihi,
918 4732 1178 4803 inquam,
1212 4730 1454 4803 pauperi
1477 4730 1718 4801 pastori,
1745 4730 1844 4801 qui
1872 4746 2114 4802 parvum
2139 4730 2291 4785 hunc
2312 4745 2544 4802 gregem
2568 4747 2852 4803 compono
2890 4751 2955 4788 ac
2978 4734 3368 4803 instruo,cum
3393 4756 3507 4810 quo
3533 4742 3825 4811 gaudente

420 4822 696 4893 gaudere,
729 4825 785 4876 et
819 4825 1092 4877 moerente
1123 4820 1526 4893 ingemiscere,
1562 4818 1872 4891 pastoralis
1904 4835 2047 4874 mea;
2076 4819 2223 4891 legis
2253 4818 2591 4891 praescripto
2614 4819 2846 4890 jubeor.

495 4982 538 5017 ¹⁶
568 4981 873 5053 Εριιοε.νι,
902 4984 935 5036 5
958 4998 971 5048 ;
996 4981 1116 5047 Col,
1150 4998 1233 5048 ιιι,
1255 4982 1344 5035 22.
1390 5052 1395 5053 γ
1425 4981 1467 5053 ¹ξ¹
1490 4980 1661 5035 Hebr.
1693 4996 1817 5053 xui,
1850 4982 1936 5053 17.

427 5069 488 5121 ιι,
521 5054 575 5107 8.
616 5052 632 5053 ί
676 5054 723 5087 ²²
750 5052 901 5109 Psal.
939 5070 1120 5120 Lxxxi,
1150 5053 1203 5108 5.
1282 5054 1329 5087 ³³
1361 5052 1569 5123 Ephes.
1603 5067 1668 5117 11,
1693 5052 1782 5105 20.

647 5230 747 5308 Kﬂai
777 5230 1162 5308 xeno-rorem}.
1190 5234 1321 5308 Haec
1354 5233 1567 5308 desunt
1596 5230 1654 5308 ip
1688 5229 1844 5308 Reg._
1861 5229 1983 5308 bm2

507 5297 619 5374 (12)
667 5297 1064 5385 Τρῄζὶξτητοςξ
1104 5305 1343 5361 Coislin.
1398 5306 1449 5371 1,
1495 5307 1553 5359 et
1611 5297 1802 5372 Par.,'
1822 5297 2084 5375 θρασύτη-

434 5392 551 5441 τος,
584 5396 611 5423 ‹‹
647 5375 922 5431 andaciie.
957 5400 984 5427 n

511 5445 613 5516 (13)
656 5444 750 5499 Καὶ
820 5447 1121 5502 ἀναστάσιν.
1187 5448 1326 5520 Reg.
1397 5447 1497 5501 bm
1565 5443 1653 5498 καὶ
1720 5442 1796 5505 εἷς
1864 5442 2089 5497 ἀνάστα-

440 5536 549 5571 σιν.

531 5588 619 5662 14)
647 5586 840 5662 Πέτρα.
878 5590 1054 5662 Regg.
1088 5608 1145 5659 a,
1175 5592 1296 5657 bm,
1332 5587 1521 5662 λίθος,
1545 5610 1572 5638 ‹‹
1605 5586 1777 5662 lapis.
1816 5609 1841 5662 ξ)

531 5589 619 5660 14)
647 5589 750 5642 Πὲτ
790 5609 840 5644 α.
878 5590 1054 5662 Regg.
1088 5608 1145 5659 a,

509 5589 619 5731 (15)
676 5608 829 5731 Μιξτε
883 5658 1151 5724 θέλοντες.

439 5748 548 5793 τες.

2017 4980 2060 5014 ¹³
2092 4980 2257 5035 Rom.
2275 4996 2397 5046 xm,
2424 4981 2473 5035 1.

1888 5052 1936 5086 ²⁴
1965 5050 2173 5108 Matth.
2203 5068 2329 5119 xm,
2363 5053 2450 5107 46.

1238 5655 1453 5734 Regius
1510 5660 1632 5715 bm.
1667 5655 1831 5730 “μήτ’
1886 5655 2095 5722 ἐθέλον-

2554 4981 2596 5015 ¹⁷
2628 4986 2808 5037 Amos
2836 4998 2892 5053 v,
2914 4984 3000 5038 10.
3080 4984 3126 5019 ²⁰
3158 4986 3459 5057 Luc.n,34.
3536 4989 3578 5022 ²¹
3618 4989 3641 5043 Ι
3676 4989 3833 5045 Petr.

2267 5231 2377 5357 (16)
2409 5229 2666 5300 Αἰτιῷτο,
2700 5230 2792 5315 sic
2834 5232 3013 5306 Regg.
3046 5251 3100 5303 a,
3150 5236 3272 5307 bm,
3322 5239 3497 5296 Coisl.
3551 5240 3602 5310 1,
3635 5243 3693 5295 et
3722 5243 3841 5295 tres

2267 5328 2270 5350 ι
2301 5305 2352 5357 b.
2392 5304 2452 5357 In
2488 5303 2602 5357 ed..
2634 5301 2811 5357 αἰτιω.

2197 5301 2352 5358 Colb.
2392 5304 2452 5358 In
2488 5303 2602 5366 ed..
2634 5301 2811 5372 αἰτιῷ.

2297 5376 2382 5445 17)
2413 5375 2522 5434 Ὠς.
2557 5375 2815 5446 81071188.
2848 5374 2968 5430 bm.
3005 5381 3176 5434 Deest
3206 5380 3262 5435 in
3296 5383 3387 5438 ed.

2415 5451 2593 5525 Ιξεχρη
2607 5445 2786 5525 μένονῖ
2825 5450 2992 5525 Deest
3022 5451 3081 5525 in
3114 5451 3290 5525 Regg.
3325 5473 3358 5509 a
3389 5464 3441 5510 el
3475 5458 3593 5509 lim.

2299 5519 2386 5589 19)
2416 5516 2890 5644 Σκύθίωπάζοντι.
2924 5519 3018 5575 Sic
3050 5516 3313 5593 Reggjva,
3348 5528 3463 5593 bm,
3524 5527 3638 5582 duo
3671 5522 3846 5580 Coisl.

2313 5593 2434 5644 tres
2466 5590 2559 5644 Col
2610 5630 2623 5643 .
2656 5594 2721 5643 In
2746 5590 2868 5644 ed..
2899 5591 3305 5644 σκυθρωπάζον-

2204 5592 2264 5643 et
2284 5593 2434 5664 __tres
2466 5590 2623 5664 Colb.
2656 5594 2721 5664 In
2746 5590 2868 5664 ed.,
2889 5590 3305 5664 σκυθρωπὲἀζον.

2207 5730 2249 5788 ι.
2275 5661 2388 5733 (20)
2419 5661 2490 5716 Ὁ.
2528 5663 2619 5718 Sic
2668 5660 2839 5718 Coisl.
2876 5661 2930 5731 1,
2990 5660 3047 5720 et
3076 5660 3382 5725 tresVColb.
3437 5669 3611 5726 Deest
3640 5667 3701 5725 in
3732 5664 3854 5723 edi-

2235 5748 2305 5788 ιε.

2235 5748 2305 5789 18.

2272 5375 2289 5588 ἓ
