2047 3144
162 199 220 229 915

781 199 815 230 S.
838 198 1025 231 GREGORII
1047 199 1244 237 TEEOLOGI

1804 201 1865 234 970

195 265 245 293 III.
261 264 335 299 Quid
351 266 447 293 autem
468 274 530 301 vos,
554 265 701 302 principes
722 267 751 294 et
768 266 897 302 praefecti
911 265 925 293 ?
938 266 980 294 Ad

1073 266 1113 294 Η’.
1126 264 1155 293 Τί
1180 264 1208 294 δὶ
1232 266 1319 303 ὑμεῖς,
1345 266 1372 294 οἱ
1393 265 1518 294 δυνάσται
1543 266 1587 294 καὶ
1610 265 1758 305 ἄρχοντες
1791 266 1862 303 Ἤδη

158 317 210 339 vos
225 309 305 338 enim
316 310 380 346 jam
402 312 504 339 nostra
518 319 549 339 se
564 311 707 340 convertit
732 311 825 340 oratio
838 320 845 346 ;
862 319 898 339 ne
912 310 982 339 alio.

161 356 211 393 qui
226 356 327 393 inique
340 357 461 385 omnino
476 357 570 385 facere
585 357 745 391 videamur,
756 361 843 393 atque
857 357 905 385 his
919 357 982 392 qui-

160 401 237 429 dem.
255 409 319 437 qua
333 401 465 437 ipsorum
479 402 568 429 cilicii
583 404 664 435 sunt,
675 402 808 435 suadere,
819 404 921 429 vestras
932 409 983 429 au-

159 447 217 473 tem
234 445 368 481 dignitati
385 448 414 474 et
428 445 562 481 potentias
580 446 691 480 cedere,
708 446 792 480 quasi
806 445 850 473 vel
862 446 983 481 pudore,

158 489 202 517 vel
218 492 308 524 metu,
321 489 421 523 libere,
438 493 471 518 ut
484 490 684 518 Christianum
710 491 802 523 decet,
830 490 907 525 loqui
925 498 982 517 non

158 534 340 568 audeamus;
357 537 409 563 aut
423 534 541 562 illorum
559 535 677 571 quidem
699 534 862 562 commodis
877 543 982 562 consu-

157 578 226 614 lere,
242 587 293 608 vos
303 581 402 607 autem
417 579 575 615 negligere,
603 587 728 616 quorum
756 587 856 607 curam
873 587 904 606 eo
921 587 983 607 ma-

156 624 251 660 jorem
267 631 367 660 gerere
381 632 434 660 par
449 626 503 659 est,
515 624 591 660 quod
603 632 637 652 ea
648 633 693 652 res
706 623 771 660 plus
785 624 815 651 in
828 626 984 659 utramque

159 671 271 704 partem
287 668 429 697 momenti
452 669 569 702 habeat,
600 670 752 704 majorque
778 668 844 696 inde
872 667 982 696 utilitas

158 715 323 750 promanet,
340 713 365 742 si
379 713 529 749 negotium
546 722 683 750 prospere
708 713 891 741 successerit.
909 712 982 740 Con-

159 759 285 786 trartum
301 758 391 791 enim,
407 760 470 786 tum
485 766 502 786 a
517 758 603 786 nobis
617 758 704 792 obsit,
720 760 782 785 tum
801 758 837 785 ab
853 757 984 785 oratione

160 805 270 836 nostra,
286 803 360 835 Quid
377 803 467 839 igitur
485 803 583 830 dicitis
593 802 607 829 ?
621 803 678 830 Aut
687 802 757 837 quid
769 801 844 829 inter
855 810 907 829 nos
917 809 983 829 con-

159 846 256 875 venit?
269 850 311 874 An
323 855 369 875 me
380 847 470 875 libere
478 847 646 883 loquentem
658 854 740 882 aequo
751 846 850 873 animo
861 845 960 873 feretis
969 845 983 872 ‘I

159 891 232 919 Nam
248 899 299 919 vos
313 899 429 926 quoque
444 891 566 926 imperio
583 898 647 918 meo
663 898 696 918 ac
715 889 860 918 thonolex
874 889 983 917 Christi

160 935 290 970 subjicit.
317 936 475 971 Imperium
499 935 576 963 enim
590 936 667 963 828
692 944 745 962 nos
769 943 884 970 quoque
907 933 984 970 geri-

162 988 246 1013 mus;
261 980 335 1008 addo
351 980 438 1008 etiarr.
462 980 647 1016 praestantius
673 988 705 1007 uc
730 979 886 1015 perfectius
905 987 910 1006 :
927 978 983 1006 nisi

162 1033 228 1052 vero
244 1032 361 1060 aequum
378 1024 416 1052 sit
430 1024 564 1060 spiritum
577 1024 667 1059 carni,
683 1026 711 1051 et
722 1023 849 1052 coelestia
861 1023 983 1051 terrenis

160 1069 272 1096 cedere.
292 1069 369 1096 Hanc
384 1068 498 1096 dicendi
510 1068 711 1096 libertatemin
722 1070 863 1104 optimam
871 1071 982 1104 partem

161 1113 294 1149 accipies,
311 1116 389 1141 certo
405 1114 475 1146 scio,
494 1116 592 1149 utpote
607 1121 691 1141 sacra
714 1113 789 1141 sacri
815 1113 870 1140 mei
887 1113 983 1149 gregis

160 1157 231 1189 ovis.
241 1158 398 1194 magnique
413 1157 542 1185 Pastoris
551 1157 824 1193 alumnarecteque
835 1159 898 1193 jam
913 1158 983 1185 olim

159 1210 177 1229 ιι
191 1201 301 1237 Spiritu
317 1202 404 1230 ducta
415 1205 443 1229 et
451 1202 597 1235 institute,
610 1204 776 1237 sanctusque
784 1204 813 1229 et
823 1202 913 1230 beata:
921 1201 984 1229 Tri-

160 1245 262 1274 nitatis
276 1245 399 1280 lumine,
414 1254 494 1281 usque
509 1254 542 1274 ac
552 1254 606 1274 nos
616 1246 684 1281 ipsi,
695 1246 874 1274 collustrata.
888 1246 986 1274 Proin-

161 1290 197 1318 de
212 1290 308 1318 brevis
326 1290 397 1318 mihi
413 1291 450 1318 ad
466 1293 494 1318 te
510 1291 565 1318 erit
579 1290 682 1318 oratio.

199 1335 245 1362 IX.
263 1335 333 1363 Cum
356 1335 646 1371 Christo’imperium
672 1335 760 1371 geris,
776 1343 842 1363 cum
870 1335 984 1363 Christo

161 1388 271 1408 munus
287 1380 340 1408 hoc
356 1380 559 1409 administras.
576 1381 618 1408 Ab
630 1381 679 1409 illo
690 1381 820 1417 gladium
835 1380 983 1417 accepisti,

161 1432 218 1452 non
234 1425 300 1452 tam
312 1426 345 1452 ut
355 1433 388 1452 eo
405 1425 507 1460 utaris,
525 1434 614 1461 quam
631 1428 662 1453 ut
678 1425 799 1453 mineris
815 1433 848 1453 ac
864 1427 982 1454 terreas.

159 1469 253 1502 Quare
267 1468 320 1496 tibi
336 1469 494 1497 videndum
510 1473 565 1502 est,
583 1472 615 1497 ut
629 1469 724 1505 illum,
736 1472 876 1505 tanquam
893 1471 983 1498 done-

160 1513 236 1541 rium
253 1513 380 1549 qoddam
405 1523 510 1550 purum
536 1517 565 1542 et
586 1514 744 1550 integrum,
767 1514 804 1549 ei,
827 1516 877 1550 qui
893 1515 982 1550 dedit,

159 1565 266 1586 serves.
283 1558 382 1594 Imago
398 1558 449 1586 Dei
463 1567 495 1586 es
513 1568 519 1586 :
536 1567 636 1586 verum
652 1559 702 1586 Dei
730 1567 846 1594 quoque
863 1558 983 1595 imagini

158 1601 306 1636 imperas;
322 1611 385 1638 quae
401 1603 520 1638 quidem
537 1604 583 1630 hic
599 1606 677 1630 certa
693 1603 911 1638 dispensatione
925 1611 982 1638 gu-

157 1645 308 1680 bernatur,
322 1647 358 1674 ad
375 1647 460 1674 aliam
477 1649 575 1675 autem
591 1649 679 1675 vitam
697 1647 812 1683 migrat,
839 1647 875 1674 ad
892 1655 981 1682 quam

160 1699 262 1719 omnes
277 1699 392 1727 quoque
404 1691 842 1727 concedemus,posteuquamin
854 1691 908 1719 hoc
919 1691 982 1719 vitia

159 1743 285 1768 carcere,
295 1735 339 1763 vel
348 1736 453 1769 stadio,
465 1735 509 1763 vel
522 1735 757 1772 prmeignatione,
769 1735 812 1762 Vel
824 1735 981 1763 adumbra-

159 1780 248 1815 tione,
269 1780 664 1816 aliquantisperluscrimus.
692 1780 803 1808 Flectat
829 1782 856 1807 te
871 1782 982 1808 naturae

161 1825 287 1861 cognitio
304 1835 311 1858 ;
330 1827 442 1853 moveat
456 1828 484 1853 te
499 1826 647 1861 exemplar
664 1827 747 1853 tuum
762 1834 768 1859 ;
786 1825 821 1852 ad
846 1825 938 1853 Deum
954 1827 982 1853 te

160 1870 297 1905 adjunge,
311 1879 367 1897 nr-n
385 1871 420 1898 ad
437 1870 539 1897 mundi
563 1870 743 1905 principem;
761 1870 796 1897 ad
821 1869 981 1905 benignum

159 1914 328 1950 Dominum,
342 1923 398 1942 non
411 1915 447 1942 ad
458 1915 595 1942 acerbum
605 1917 771 1950 tyrannum.
784 1914 836 1942 Ille
846 1914 982 1942 homicida

161 1963 220 1987 erat
234 1960 268 1987 ab
283 1960 365 1987 initio
381 1960 413 1977 ⁸⁸·
431 1959 492 1993 Ille,
509 1962 537 1987 et
552 1959 646 1995 primo
658 1959 769 1986 homini
786 1967 836 1994 per
851 1959 981 1987 mandati

160 2005 422 2039 transgressionem
438 2005 545 2031 vulnus
560 2004 674 2038 inﬂixit,
689 2006 717 2030 et
732 2011 926 2031 aerumnosam
942 2005 981 2031 vi-

160 2050 220 2074 tam
236 2048 353 2081 invexit,
369 2052 397 2075 et
411 2051 475 2075 tum
488 2048 656 2079 inferendae,
667 2050 728 2074 tum
746 2048 906 2075 subeunda?
922 2057 980 2083 pce-

159 2100 202 2118 nas
219 2090 311 2126 legem
328 2100 379 2127 per
390 2095 538 2127 peccatum
550 2091 665 2119 induxit
681 2092 711 2118 ’⁸.
729 2092 794 2119 Tibi
805 2091 980 2123 vero.homo

157 2135 219 2170 Dei,
236 2135 265 2162 in
283 2138 407 2163 mentem
424 2136 530 2169 veniat,
541 2136 608 2171 quis
623 2139 650 2163 te
664 2135 787 2170 finxerit,
803 2145 860 2172 quo
870 2137 980 2164 voceris

156 2181 228 2215 quot
242 2182 410 2216 quantaque
426 2181 546 2213 habens,
559 2183 629 2216 quot
640 2180 809 2207 nominibus
821 2181 979 2209 obstrictus

155 2224 208 2258 sis,
222 2232 238 2252 a
255 2233 312 2260 quo
328 2225 482 2260 rationem,
500 2224 604 2261 legem,
623 2224 779 2260 prophetas
795 2225 950 2261 acceperis,
963 2234 980 2253 a

154 2276 212 2304 quo
227 2268 281 2296 hoc
296 2269 391 2304 ipsum
408 2270 487 2305 quod
498 2269 590 2297 Deum
601 2270 764 2304 cognoscis,
775 2270 852 2304 quod
865 2270 977 2297 bonain

1037 310 1087 348 γὰρ
1112 310 1180 348 πρὸς
1204 311 1274 346 ὑμᾶς
1300 311 1313 339 ὃ
1337 310 1423 349 λόγος
1451 310 1580 347 μέτεισιν,
1602 310 1648 340 ’ίνα
1670 312 1708 348 μὴ
1738 310 1861 347 δόξωμεν

1037 354 1124 388 πάντη
1150 355 1293 393 τυγχάνειν
1317 353 1417 388 ἄνισοι,
1441 355 1485 383 καὶ
1510 357 1568 387 τοῖς
1590 356 1637 392 μὲν
1651 356 1685 383 τὰ
1699 355 1791 383 εἰκότα
1805 357 1863 392 (24)

1037 401 1189 436 παραινεῖν,
1206 399 1280 435 ὑμῶν
1305 397 1335 426 δὶ
1348 399 1383 436 τῇ
1400 398 1540 435 δυναστείᾳ
1557 403 1747 437 παραχωρεῖν,
1771 399 1862 437 ὥσπερ

1037 442 1110 471 αῐὸοἶ
1130 444 1179 478 τὴν
1205 444 1272 471 κατὰ
1295 445 1408 481 Χριστὸν
1433 445 1512 480 ἡμῶν
1528 444 1692 482 ἐλευθερίαν,
1708 445 1725 479 ἢ
1743 443 1796 473 δέει
1819 444 1862 472 ἐκ·

1036 487 1174 519 κλίνοντες
1190 489 1262 525 (22)·
1278 488 1295 522 ἢ
1311 489 1430 525 τῶνέμὶν
1452 487 1581 524 κήδεσθαι
1601 488 1719 525 μᾶλλον,
1746 489 1821 526 ὑμῶν
1838 488 1862 517 δ’

1037 531 1160 568 ἀμελεῖν,
1175 532 1210 559 ὢν
1228 531 1271 559 καὶ
1289 531 1395 568 μᾶλλον
1413 532 1561 571 φροντίζειν
1577 532 1660 568 ἄξιον,
1676 532 1732 569 ὅσῳ
1755 533 1800 560 καὶ
1824 532 1866 564 εἷς

1039 576 1122 613 μείζω
1147 576 1263 615 φέρουσα
1287 578 1304 611 ἡ
1331 576 1402 615 ῥοπὴ
1419 577 1556 614 ὁποτέρως
1572 577 1601 604 ἂν
1616 575 1677 615 ἔχῃ,
1694 576 1737 604 καὶ
1765 577 1860 605 πλεῖον

1036 622 1067 648 τὸ
1090 621 1307 659 κατορθούμενον
1321 630 1327 636 ·
1355 622 1386 649 τὸ
1410 621 1461 659 γάρ
1488 621 1604 648 ἐναντίον
1631 622 1711 657 ἀπείη
1734 623 1800 658 (23),
1815 622 1860 649 καὶ

1037 667 1128 702 ἡμῶν,
1153 665 1197 693 καὶ
1220 668 1267 693 τοῦ
1290 665 1386 703 λόγου.
1411 666 1440 693 Τί
1465 666 1509 693 οὖν
1527 676 1610 705 cura;
1627 666 1671 694 καὶ
1686 666 1711 694 τί
1727 665 1860 703 διομολο-

1036 710 1157 748 γούμεθα
1180 711 1248 747 πρὸς
1274 709 1433 745 ἀλλήλους,
1458 711 1529 747 Ἀρα
1553 709 1657 747 δέξεσθε
1680 711 1726 738 σὺν
1753 710 1860 748 παῤῥη-

1036 754 1081 790 σίᾳ
1093 755 1138 782 τὸν
1156 754 1259 792 λόγον;
1277 754 1325 782 Καὶ
1341 755 1355 781 ὁ
1378 757 1426 782 τοῦ
1452 755 1567 792 Χριστοῦ
1589 755 1674 791 νόμος
1701 754 1858 790 ὑποτίθησιν

1038 799 1108 835 ὑμᾶς
1122 801 1156 836 τῇ
1172 798 1225 835 ἐμῇ
1242 798 1382 834 δυναστείᾳ
1401 799 1446 826 καὶ
1470 801 1509 835 τῷ
1535 798 1593 836 ἰμῷ
1620 800 1735 837 βήματι.
1760 802 1860 837 Ἀρχο-

1039 854 1085 880 μεν
1101 844 1153 881 γὰρ
1168 843 1212 871 καὶ
1228 843 1304 871 αὐτοί
1318 853 1324 860 ’
1338 844 1485 881 προσθήσω
1501 842 1541 878 δὶ,
1557 843 1598 871 ὅτι
1614 844 1658 871 καί
1683 845 1732 878 τὴν
1750 844 1861 881 μείζονα

1036 888 1081 915 καὶ
1097 887 1260 924 τελεωτέραν
1275 889 1364 925 ἀρχήν
1380 898 1386 904 ·
1403 889 1419 922 ἢ
1437 887 1479 915 δεῖ
1490 888 1523 915 τὸ
1538 887 1643 925 πνεῦμα
1667 890 1724 925 (24)
1745 889 1858 926 ὑποχω-

1039 935 1118 970 ρῆσαι
1141 934 1176 968 τῇ
1201 932 1289 969 σαρκὶ,
1314 932 1359 958 καὶ
1382 935 1440 963 τοῖς
1456 932 1563 969 γηίνοις
1576 933 1610 959 τὰ
1625 932 1780 969 ἐπουράνια.
1810 933 1859 960 Δέ-

1039 978 1070 1014 ξῃ
1098 978 1147 1011 τὴν
1177 976 1338 1014 παρρησίαν,
1368 975 1429 1011 οἷδ’,
1459 977 1500 1004 ὃτι
1525 974 1661 1015 πρόϐατον
1685 977 1710 1004 εἶ
1808 981 1859 1012 τῆς

1038 1022 1105 1058 ἐμῆς
1128 1021 1259 1057 ποίμνης,
1283 1025 1332 1055 τῆς
1355 1021 1430 1059 ἱερᾶς
1453 1021 1537 1059 ἱερὸν,
1563 1022 1607 1049 καὶ
1624 1021 1732 1059 θρέμμα
1747 1024 1794 1049 τοῦ
1811 1033 1859 1059 με-

1038 1066 1127 1104 γάλου
1143 1066 1275 1102 Ποιμὲνος
1291 1067 1357 1102 (26),
1373 1065 1418 1093 καί
1432 1065 1524 1096 καλῶς
1540 1064 1639 1097 ἄνωθεν
1663 1066 1784 1104 ἡγμὲνου
1809 1066 1860 1094 ὑπὸ

1037 1114 1086 1139 τοῦ
1113 1110 1278 1147 Πνεΰματος,
1303 1110 1347 1138 καί
1360 1111 1400 1146 τῷ
1416 1111 1485 1149 φωτὶ
1500 1114 1550 1145 τῆς
1567 1110 1643 1148 ἁγίας
1657 1111 1702 1138 καὶ
1727 1111 1861 1149 μακαρίας

1038 1157 1093 1192 (27)
1111 1155 1227 1192 Τριάδυς
1244 1155 1347 1191 ὁμοίως
1362 1156 1430 1191 ἡμῖν
1457 1154 1678 1191 ίλλαμτιόμενον.
1706 1155 1756 1182 Διὰ
1779 1155 1861 1183 τοῦτό

1041 1211 1087 1237 μοι
1103 1200 1147 1227 καί
1165 1200 1269 1238 βραχὺς
1285 1200 1299 1227 ὁ
1314 1200 1382 1237 πρὸς
1398 1200 1426 1226 ce
1441 1198 1525 1237 λόγος
1540 1199 1585 1226 καὶ
1610 1199 1752 1236 σύντομος.

1075 1334 1111 1361 6'.
1128 1333 1235 1371 Χριστῷ
1251 1331 1403 1370 συνάρχεις,
1419 1333 1527 1369 Χριστῷ
1546 1331 1590 1359 καί
1678 1331 1839 1364 συνδιοικεῖς
1854 1343 1861 1349 ·

1038 1379 1101 1416 παρ’
1126 1377 1227 1405 ἐκείνου
1252 1387 1294 1404 σοι
1317 1377 1347 1404 τὸ
1372 1377 1458 1415 ξίφος,
1483 1376 1532 1404 οὐκ
1558 1377 1596 1408 είς
1621 1376 1711 1415 ἔργον,
1743 1376 1805 1405 ἀλλ’
1821 1377 1860 1408 εἲς

1039 1421 1153 1457 ἀπειλήν
1169 1431 1174 1437 ·
1191 1421 1206 1448 ὅ
1221 1421 1333 1458 καθαρὸν
1350 1421 1476 1457 ἀνάθημα
1498 1423 1537 1456 τῷ
1561 1420 1689 1449 δεδωκότι
1714 1420 1862 1460 φυλάσσοι-

1038 1478 1078 1495 το.
1105 1466 1190 1494 Είκὼν
1217 1467 1240 1493 εἴ
1262 1468 1310 1493 τοῦ
1334 1467 1390 1503 (29)
1416 1468 1504 1493 Θεοῦ·
1528 1465 1573 1492 καὶ
1596 1466 1685 1493 εἰκόνα
1700 1465 1744 1493 διὰ
1765 1467 1860 1504 χειρός

1038 1512 1111 1549 ἄγεις
1136 1512 1203 1548 (30),
1230 1510 1341 1537 ἐνταῦθα
1365 1509 1614 1547 οἰκονομουμένην,
1637 1510 1681 1538 καὶ
1705 1511 1773 1548 πρὸς
1799 1511 1860 1548 βίον

1038 1555 1123 1584 ἄλλον
1160 1554 1364 1592 μεθισταμὲνην,
1395 1554 1433 1586 εἷς
1458 1554 1486 1582 ὅν
1511 1565 1608 1586 παντες
1639 1553 1860 1591 μεταϐησόμεθα,

1041 1601 1124 1638 μικρὰ
1150 1600 1287 1636 παίξαντες
1312 1599 1337 1626 ἐν
1360 1602 1398 1635 τῷ
1414 1602 1464 1633 τῆς
1482 1602 1554 1634 ζωῆς
1568 1599 1668 1635 τούτῳ,
1684 1598 1737 1626 sifts
1752 1597 1861 1636 δεσμω-

1037 1643 1137 1680 τηρίῳ,
1163 1642 1215 1670 εἷίιε
1239 1641 1348 1678 σταδίῳ,
1372 1641 1425 1669 εἴτε
1460 1642 1682 1680 προχαράγματι,
1711 1642 1763 1670 εἴτε
1783 1643 1862 1670 σκιά·

1039 1699 1132 1724 σματι.
1147 1687 1268 1724 Τίμησον
1284 1687 1337 1721 τῆκ
1364 1686 1499 1725 συμφυίαν
1511 1696 1517 1702 ·
1543 1685 1681 1722 αἶ’δὲσθητι
1695 1688 1726 1715 τὸ
1742 1686 1862 1725 ἀρχέτυ-

1037 1743 1087 1760 πον
1101 1742 1107 1748 '
1133 1734 1212 1770 γενοῦ
1238 1731 1304 1768 μετὰ
1327 1733 1376 1759 τοῦ
1400 1733 1478 1767 Θεοῦ,
1502 1732 1539 1767 μὴ
1556 1734 1603 1759 τοῦ
1618 1731 1859 1770 κοσμοκράτορος·

1040 1777 1106 1814 μετᾶ
1128 1779 1176 1804 τοῦ
1201 1778 1324 1814 χρηστοῦ
1349 1777 1406 1812 (31)
1431 1774 1578 1811 Δεσπότου,
1610 1776 1647 1812 μή
1681 1779 1730 1803 τοῦ
1760 1779 1861 1813 πικροῦ

1036 1822 1177 1860 τυράννου.
1213 1821 1329 1851 Ἐκεῖνος
1364 1820 1584 1858 ἀνθρωποκτόνος
1612 1822 1644 1855 ἦν
1676 1820 1722 1848 ἀπ’
1747 1820 1858 1858 ἀρχῆς·

1037 1867 1138 1897 ἐκεῖνος
1158 1865 1201 1893 καὶ
1225 1865 1271 1892 τὸν
1296 1866 1403 1902 πρῶτον
1425 1864 1565 1902 ἄνθρωπον
1583 1863 1627 1892 διὰ
1649 1868 1699 1899 τῆς
1715 1868 1860 1902 παρακοῆς

1037 1911 1147 1948 ἔπληξε,
1172 1910 1216 1937 καὶ
1240 1910 1289 1944 τήν
1317 1909 1467 1947 ἐπίμοχθον
1507 1909 1578 1944 ζωὴν
1612 1908 1784 1947 ἐπεισήγαγε,
1811 1909 1859 1937 καὶ

1035 1957 1066 1984 τὸ
1090 1955 1225 1991 κολάζειν,
1250 1954 1294 1981 καὶ
1317 1954 1348 1981 τὸ
1379 1953 1541 1988 κολάζεσθαι
1566 1952 1610 1980 διὰ
1640 1953 1692 1988 τὴν
1724 1953 1857 1991 ἁμαρτίαν

1036 2001 1225 2037 ἐνομοθὲτησε.
1258 1998 1294 2025 Σὺ
1323 1997 1361 2034 δὲ,
1384 1999 1509 2035 ἄνθρωπε
1531 2000 1579 2025 τοῦ
1605 2000 1681 2032 Θεοῦ,
1723 1999 1860 2034 μνήσθητι

1035 2045 1108 2076 τίνος
1124 2046 1148 2072 εἴ
1162 2044 1280 2079 ποίημα,
1296 2042 1340 2070 καὶ
1356 2045 1408 2069 ποῦ
1433 2041 1517 2079 καλῇ,
1539 2041 1583 2069 καὶ
1607 2042 1677 2069 πόσα
1701 2041 1785 2079 ἔχεις,
1812 2042 1860 2070 καὶ

1035 2090 1118 2117 πόσον
1144 2087 1274 2127 ὀφείλεις,
1298 2087 1371 2124 παρὰ
1391 2086 1465 2117 τίνος
1490 2097 1531 2113 σοι
1558 2085 1653 2123 λόγος,
1678 2086 1763 2123 νόμος
1790 2087 1860 2123 (32),

1035 2135 1183 2173 προφῆται,
1209 2132 1273 2159 αὐτὸ
1298 2131 1329 2158 τὸ
1352 2129 1447 2158 εἰδέναι
1474 2130 1537 2158 Θεὸν
1566 2131 1598 2157 τὸ
1630 2131 1667 2167 μὴ
1697 2130 1859 2166 ἀπελπίζειν

1034 2180 1067 2206 τὰ
1091 2177 1312 2216 προσδοκώμενα.
1338 2176 1460 2212 Μίμησαι
1487 2174 1531 2202 διὰ
1557 2177 1641 2202 ταῦτα
1665 2177 1731 2203 Θεοῦ
1761 2184 1860 2213 φιΛαν-

1035 2223 1164 2260 θρωπίαν.
1188 2224 1272 2249 Τοῦτο
1296 2219 1354 2258 ἔχει
1463 2218 1581 2256 μάλιστα
1610 2222 1680 2251 θεῖον
1703 2220 1859 2257 ἄνθρωπος,

1032 2267 1063 2295 τὸ
1086 2267 1113 2294 εὖ
1137 2269 1235 2293 ποιεῖν.
1259 2264 1364 2301 Ἔξεστί
1380 2275 1422 2291 σοι
1438 2264 1502 2291 Θεὸν
1517 2263 1639 2302 γενέσθαι
1656 2262 1740 2300 μηδὲν
1771 2265 1858 2300 πονή-

153 2314 370 2349 exspectaticne
387 2313 483 2350 posita
507 2322 565 2341 non
594 2313 742 2348 desperas.
769 2313 909 2345 Quocirca
924 2313 974 2342 Dei

1040 2322 1104 2339 παντί
1119 2313 1175 2348 (34)
1187 2321 1193 2326 ·
1212 2311 1249 2347 μή
1267 2309 1337 2347 πρόῃ
1350 2309 1396 2336 τὸν
1410 2308 1503 2346 καιρὸν
1519 2312 1569 2343 τῆς
1595 2308 1728 2340 θεώσιως,

187 2385 211 2402 ³⁵
220 2385 304 2413 Joan.
321 2393 382 2419 νιιι,
398 2385 442 2413 44.
481 2385 504 2402 ²⁶
515 2385 585 2413 Gen.
602 2393 644 2418 ιιι,
660 2385 672 2412 1
689 2393 753 2421 sqq.

187 2443 243 2479 (21)
267 2443 303 2469 Τὰ
325 2443 424 2471 εἰκότα.
450 2443 577 2471 Billius:
597 2454 611 2469 ‹‹
627 2452 691 2479 qua:
720 2444 749 2470 in
787 2452 847 2471 rem
878 2445 976 2472 futura

150 2479 221 2507 sint.
237 2490 251 2503 ι)
268 2482 321 2507 etc.

196 2498 464 2549 ῗέκκλίνοπες.
507 2515 576 2550 Reg.
607 2523 634 2547 ιλ,
664 2512 814 2547 κλίνοντες,
849 2526 863 2540 «
886 2515 971 2542 inﬂe-

149 2552 270 2578 ctentes.
287 2562 297 2577 ι
317 2551 418 2578 Billius
435 2559 440 2578 :
459 2562 471 2575 ‹‹
487 2550 683 2578 Christianam
709 2554 838 2579 nostram
854 2551 970 2578 liberta-

147 2588 206 2614 tem
223 2586 419 2614 demittentes.
438 2598 449 2612 r

193 2621 240 2656 23)
256 2621 359 2656 Ἀπείη.
377 2621 464 2649 Coisl.
483 2622 506 2656 1,
523 2621 607 2648 ἀπίει.

193 2622 229 2649 23
256 2622 359 2656 Ἀπείη.
377 2622 464 2649 Coisl.
483 2622 506 2656 1,
523 2622 607 2648 ἀπίει.

182 2622 240 2693 (24)
254 2657 287 2684 "ll
305 2655 384 2684 δεῖτὸ
413 2659 528 2692 πνεῦμα.
557 2659 611 2685 etr'.
641 2657 729 2684 Cois].
759 2658 783 2684 1.
813 2656 835 2683 εί
863 2655 904 2683 δεῖ
930 2658 969 2691 τῷ

145 2693 278 2731 πνεύματι
295 2694 475 2731 ὑποχωρῆσαι
498 2694 547 2727 τὴν
574 2693 667 2729 σάρκα,
683 2692 727 2719 καὶ
756 2692 789 2719 τὰ
816 2693 894 2730 γήινκ
910 2695 968 2722 τοῖς

145 2726 326 2770 ἐπουρανίοις,
344 2726 588 2770 ‹ἱ“εἱ(]ιιί()ειιιι⁷1ριιιε
602 2726 647 2756 est
671 2731 702 2756 ut
726 2736 793 2756 caro
809 2726 892 2756 cedat
907 2729 968 2764 spi-

145 2763 226 2798 ritui,
242 2767 271 2792 et
283 2763 398 2794 terrena
410 2763 595 2797 cmlestibus.
616 2776 625 2788 υ

179 2800 237 2837 (25)
251 2800 291 2837 εἴ.
308 2801 395 2830 Deest
408 2801 437 2828 in
454 2801 523 2836 Reg.
535 2801 601 2837 _hm.

171 2834 302 2898 Ιῗὲἒιτοῦ
318 2837 440 2874 μεγάλου
456 2834 601 2872 Ποῖμὲνος.
629 2846 639 2859 ι
654 2835 767 2863 Patrem
792 2843 880 2863 suum
897 2846 911 2860 υ
926 2835 968 2862 in-

154 2877 257 2907 cingit.

1068 2443 1123 2476 (27)
1141 2440 1188 2467 Καὶ
1206 2440 1419 2477 μακαρίας.ΗᾶΞο
1435 2439 1541 2477 desunt
1551 2439 1580 2467 in
1597 2439 1767 2475 Reg.bm,et
1782 2439 1853 2468 0r2.

1064 2475 1118 2513 (28)
1135 2476 1195 2504 Καί.
1211 2475 1296 2513 Deest
1310 2476 1340 2513 in
1355 2478 1424 2513 lieg.
1442 2475 1502 2502 bm.

1062 2510 1118 2548 (29)
1134 2513 1199 2540 Τοῦ.
1217 2512 1303 2540 Deest
1319 2512 1348 2548 in
1365 2510 1454 2547 Regg.
1471 2519 1498 2543 a,
1512 2510 1573 2538 bm.

1061 2546 1118 2584 (30)
1135 2548 1183 2585 ᾼιᾲ
1207 2547 1301 2585 χειρὸς
1327 2546 1417 2583 ἅγειςζ
1440 2558 1450 2571 σι
1481 2549 1514 2573 In
1531 2554 1632 2580 manu,
1654 2546 1683 2573 in
1710 2548 1856 2582 potestate

1026 2584 1117 2612 habes
1133 2584 1184 2612 Dei
1198 2584 1369 2619 imaginem.
1389 2594 1402 2606 »

1061 2620 1117 2656 (31)
1134 2616 1276 2656 Χρηστοῦῗ
1289 2619 1335 2646 Sic
1351 2619 1409 2656 duo
1425 2616 1525 2656 _Coisl.,
1550 2618 1610 2645 tres
1631 2617 1726 2652 Co‘b.,
1750 2620 1779 2646 et
1802 2617 1852 2646 0r.

1025 2656 1050 2682 2.
1065 2653 1177 2689 ’Μ’Θάί,
1194 2656 1319 2689 Χριστοῦ.
1341 2663 1351 2677 α
1368 2653 1528 2680 Christum.
1546 2664 1559 2677 »

1071 2692 1116 2732 se)
1133 2683 1231 2728 16,05,
1247 2689 1340 2726 νύμος.
1357 2689 1405 2716 Sic
1422 2690 1488 2724 neg.
1506 2689 1566 2723 bm,
1583 2690 1612 2716 et
1636 2688 1683 2717 Or.
1699 2690 1716 2717 2
1731 2701 1745 2714 ‹‹
1763 2688 1853 2717 Evan-

1043 2735 1144 2755 ellum.
1162 2738 1176 2751 »

1024 2735 1213 2797 ΗΘ(ἓὲῗῶοέτο
1229 2759 1298 2798 ἔχει,
1315 2763 1368 2789 etc.
1385 2772 1403 2798 «γ
1426 2759 1511 2798 Nulla
1532 2767 1568 2798 re_
1587 2760 1709 2796 propius
1734 2760 1848 2788 accedit

1022 2795 1110 2826 homo
1125 2798 1160 2825 ad
1175 2795 1278 2829 Deum,
1291 2795 1383 2833 quam
1396 2795 1599 2833 beneficentia.
1619 2807 1629 2833 ιι

1057 2834 1116 2868 (34)
1135 2830 1363 2868 ΠονήσαντιῘδίῦ
1387 2832 1445 2860 duo
1469 2830 1588 2859 Coislin.
1627 2831 1658 2859 Ia
1683 2831 1741 2867 ed.,
1757 2831 1845 2866 ποιή-

1022 2878 1094 2896 σαντι
1101 2890 1107 2898 .
