4094 6288
405 380 524 441 ιητ

1288 380 1583 444 ORATIO
1629 381 2041 444 XVll.—AD
2087 380 2311 442 CIVES
2357 378 2931 441 NAZIANZENOS.

3695 371 3817 436 978

410 511 838 568 humanitatem
870 516 925 569 et
946 512 1402 569 misericordiam
1439 513 1729 569 simulare.
1764 512 1917 567 Nihil
1949 516 2068 568 tam
2099 512 2364 568 divinum
2398 512 2570 566 homo
2601 510 2797 577 habet,
2829 525 3004 579 quam
3037 506 3457 580 benignitatem
3500 522 3565 561 ac
3595 505 3813 562 beneﬂ-

411 600 686 656 centiam.
720 601 877 657 Licet
906 602 1011 656 tibi
1045 600 1205 656 nullo
1238 604 1434 656 labore
1469 602 1648 655 Deum
1682 601 1841 655 ﬁeri:
1879 601 1994 655 noii
2026 601 2349 656 divinitatis
2383 600 2805 671 consequendaa
2838 600 3195 653 occasionem
3250 596 3517 665 abjicere.

483 688 551 743 P'.
612 685 815 742 ’Δλλοι
870 690 1133 764 χρήματα
1188 692 1451 753 κενοῦσιν,
1517 686 1680 743 ἄλλοι
1725 688 1922 763 σάρκας
1978 692 2057 759 τῷ

2247 690 2311 744 Χ.
2345 689 2453 744 Alii
2487 706 2626 761 opes
2656 706 2794 743 suas
2827 688 3153 756 effundunt,
3188 685 3283 741 alii
3316 685 3658 740 exhaustam
3697 702 3817 739 car-

406 775 694 848 πνεύματι,
748 776 837 831 καὶ
891 782 1204 851 νεκροῦνται
1254 782 1475 853 Χριστῷ
1527 780 1658 851 (35),
1709 777 1798 831 καὶ
1848 772 2057 850 κόσμου

2172 796 2301 834 nem
2336 777 2961 849 spirituimancipant,
3014 792 3078 830 ac
3095 773 3817 846 PropterChristumemo-

402 864 688 927 παντελῶς
745 865 1169 920 ἀπανίστανται’
1223 864 1388 921 ’ἄλλοι
1448 868 1755 942 καθιεροῦσι
1822 870 1937 937 Θεῷ
1992 867 2059 921 τὰ

2169 869 2425 931 riuntur,
2450 873 2627 939 atque
2656 867 2893 923 omnino
2927 883 2959 921 a
2989 865 3211 919 mundo
3240 880 3301 919 se
3332 866 3650 918 removent.
3703 863 3812 917 Alii

405 952 657 1031 φίλτατα.
712 953 808 1010 Καὶ
856 956 955 1024 τὴν
998 949 1249 1029 Ἀϐραὰμ
1297 953 1480 1009 θυσίαν
1527 956 1739 1017 πάντως
1780 954 2055 1025 ἀκήκοας·

404 1042 462 1105 ὅς
512 1042 918 1118 προθυμότερον
982 1041 1151 1099 ἔδωκε
1204 1042 1286 1116 τῷ
1336 1045 1452 1116 Θεῷ
1492 1046 1582 1098 τὸν
1638 1050 1929 1118 μονογενῆ,
1962 1045 2054 1098 τὸν

408 1131 466 1187 ἐκ
494 1139 591 1202 τῆς
641 1132 989 1209 ἰπαγγελίας,
1040 1134 1127 1188 καὶ
1178 1134 1252 1195 εἷς
1305 1133 1360 1187 δν
1411 1136 1445 1203 ἡ
1498 1132 1817 1209 ἐπαγγελία,
1849 1136 1884 1203 ἢ

404 1223 551 1295 παρὰ
604 1226 739 1277 Θεοῦ
780 1223 843 1276 τὸ
887 1222 977 1275 ἀπ’
1029 1223 1209 1297 ἀρχῆς
1260 1221 1570 1294 ἐκομίσατο.
1626 1224 1696 1276 Σὲ
1744 1220 1801 1276 δὲ
1847 1223 2053 1277 τούτων

410 1308 561 1365 οὐδὲν
614 1310 869 1382 αἰτοῦμεν
896 1330 908 1343 ·
968 1310 1025 1365 ἓν
1078 1311 1191 1365 ἀντὶ
1223 1313 1435 1365 πάντων
1468 1310 1749 1386 εἰσένεγκε,
1781 1312 1880 1379 τὴν
1936 1309 2058 1387 φιλ-

407 1399 751 1474 ανθρωπίαν·
883 1399 1065 1475 χαίρει
1115 1399 1246 1461 Θεὸς
1309 1398 1540 1472 μᾶλλον,
1600 1401 1635 1467 ἢ
1699 1404 1853 1453 πᾶσιν
1915 1400 2055 1471 ὁμοῦ

403 1492 522 1549 τοῖς
553 1486 747 1548 ἄλλοις
772 1506 784 1520 ⁸
840 1485 1015 1562 δῶρον
1058 1486 1218 1559 ἴδιον,
1267 1485 1441 1563 δῶρον
1471 1487 1726 1561 ἄμωμον,
1762 1486 1935 1564 δῶρον
1966 1510 2053 1565 φι-

405 1574 661 1649 λοτιμίαν
709 1581 843 1631 Θεοῦ
900 1577 1343 1651 προκαλούμενον
1405 1580 1533 1647 (37).
1594 1578 1762 1648 Μῖξον
1792 1582 1870 1649 ’ιῷ
1900 1572 2055 1654 φόϐᾠ

403 1666 503 1735 τήν
534 1665 819 1721 ἐπιείκειαν
846 1684 860 1698 ⁸
895 1665 1116 1743 κέρασον
1146 1666 1212 1741 τῇ
1242 1666 1441 1741 ἀπειλῇ
1470 1668 1569 1735 τήν
1616 1664 1828 1722 ἐλπίδα.
1863 1664 2055 1720 Πολλὰ

405 1755 495 1810 καὶ
536 1754 891 1830 ’χρηστότητα
936 1757 1301 1831 κατορθοῦσαν
1354 1758 1462 1828 (38)
1515 1753 1655 1827 οἶδα,
1703 1753 2050 1809 δυσωποῦσαν

409 1843 486 1905 είς
544 1842 905 1921 ὀφειλομένην
972 1841 1258 1913 ἀντίδοσιν,
1333 1844 1456 1897 ὅταν
1538 1843 1810 1918 βιάζεσθαι
1885 1844 2054 1911 παρὸν

410 1935 881 2008 συγχωρήσαντες,
933 1930 1341 2004 δυσωπήσωμεν
1400 1932 1581 2003 εὐνοίᾳ
1626 1933 1716 1987 τὸν
1796 1930 2052 2004 ἐλεούμε-

407 2041 521 2077 νον.
581 2018 761 2090 Μηδὲν
824 2020 957 2074 εἷναί
1024 2042 1082 2075 σε
1134 2020 1365 2084 πειθὲτω
1419 2028 1521 2089 τῆς
1578 2021 1756 2095 ἀρχῆς
1804 2021 2049 2090 ἀνάξιον·

408 2106 577 2181 μηδὲν
611 2108 949 2163 ἀποκλειὲτω
978 2110 1068 2163 τὸν
1120 2108 1298 2163 οἶκτον
1346 2109 1434 2163 καὶ
1464 2112 1561 2177 τήν
1595 2105 1932 2183 ἡμερότητα,
1971 2112 2044 2181 μὴ

401 2198 607 2271 καιρὸς,
646 2199 720 2271 μή
756 2195 1044 2269 δυνάστης,
1082 2199 1157 2270 μή
1190 2192 1377 2272 φόϐος,
1417 2200 1491 2271 μὴ
1547 2199 1809 2270 μειζόνων
1862 2199 2047 2273 ἀρχῶν

402 2284 560 2347 ἐλπὶς
590 2289 724 2360 (39),
762 2288 836 2359 μὴ
873 2287 1141 2361 θρασύτης
1165 2288 1278 2361 (40)
1304 2288 1365 2341 τὸ
1395 2286 1561 2341 πλέον
1596 2285 1814 2362 ἔχουσα.
1842 2294 2044 2356 Κτῆσαι

390 2375 489 2442 τήν
522 2372 729 2428 εὔνοιαν
764 2374 816 2429 ἐν
848 2380 965 2437 τοῖς
997 2374 1302 2451 ἀναγκαίοις
1333 2380 1543 2451 καιροῖς
1577 2378 1709 2449 (41),
1757 2377 1856 2445 την
1912 2373 2040 2430 ἅνω·

393 2465 600 2538 χρήσον
661 2468 775 2535 Θεῷ
823 2464 914 2518 τὸν
963 2460 1135 2521 ἔλεον.
1188 2461 1379 2526 Οὐδεὶς
1433 2463 1670 2540 μετέγνω
1716 2468 1823 2518 τῶν
1849 2470 1963 2536 Θεῷ
1991 2486 2043 2519 τι

388 2552 907 2628 προεισενεγκάντων
940 2555 1073 2627 (42).
1118 2552 1303 2616 Πολύς
1337 2553 1475 2608 ἐστιν
1510 2553 1583 2614 εἷς
1615 2550 1901 2623 ἀντίδοσιν,
1938 2556 2039 2626 μά-

389 2638 547 2694 λιστα
583 2643 676 2714 μὶν
708 2647 825 2704 τοῖς
858 2640 1056 2706 ἐκεῖθεν
1104 2644 1324 2719 ἀγαθοῖς
1356 2637 1719 2715 ἀμειϐόμενος
1750 2641 1876 2704 τοὺς
1907 2664 2040 2717 προ-

390 2724 797 2793 καταϐαλόντας
825 2752 900 2798 τι,
948 2731 1037 2785 καὶ
1087 2734 1510 2808 προχρήσαντας
1536 2750 1548 2762 ·
1583 2730 1693 2786 ἔστι
1727 2728 1785 2785 δὲ
1815 2730 1903 2786 ὅτε
1952 2732 2041 2785 καὶ

390 2824 508 2880 τοῖς
538 2817 761 2873 ἐνταῦθα
790 2820 925 2893 πρὸς
954 2820 1131 2875 πίστιν
1158 2826 1264 2875 τῶν
1300 2820 1541 2896 ὕστερον.

2168 956 2518 1012 charissima
2566 972 2813 1027 quaeque
2873 955 2983 1011 sibi
3032 954 3277 1025 pignora
3305 957 3417 1007 Deo
3448 958 3811 1007 consecrant.

2165 1045 2278 1100 Nec
2308 1062 2439 1099 vero
2471 1045 2833 1100 tibiAbrahaa
2852 1043 3205 1099 sacrificium
3236 1042 3571 1097 inauditum
3598 1041 3811 1111 est,qui

2170 1136 2411 1189 unicum
2454 1134 2661 1199 ﬁlium,
2722 1132 3122 1202 divinitusque
3178 1130 3558 1201 promissum,
3590 1129 3708 1185 imo
3740 1130 3809 1184 ad

2168 1240 2343 1294 quem
2376 1224 2503 1295 ipsa
2527 1222 2839 1294 promissio
2870 1221 3249 1285 referebatur,
3281 1220 3396 1275 Deo
3416 1218 3696 1274 libentius
3718 1220 3813 1273 ob-

2166 1311 2300 1366 tulit
2332 1313 2396 1374 '7,
2431 1327 2608 1382 quam
2643 1312 2713 1365 ab
2746 1326 2812 1365 eo
2843 1311 3098 1381 primum
3131 1310 3287 1365 324
3344 1312 3662 1380 acceperat.
3696 1307 3813 1363 Ho-

2165 1417 2297 1454 rum
2332 1399 2476 1454 nihil
2500 1417 2532 1455 a
2553 1404 2608 1454 te
2640 1398 3045 1471 postulamus:
3072 1414 3173 1468 pro
3205 1396 3480 1453 omnibus
3498 1396 3609 1452 hoc
3627 1413 3812 1452 unum

2165 1489 2326 1556 offer,
2360 1504 2571 1559 nempe
2601 1488 3049 1559 benignitatem,
3083 1502 3197 1559 qua
3224 1486 3379 1541 Deus
3406 1485 3809 1557 magis,quam

2165 1577 2393 1633 cunctis
2421 1576 2551 1631 aliis
2608 1578 2781 1632 rebus
2814 1577 2872 1630 in
2923 1592 3107 1630 unum
3164 1574 3413 1642 collatis,
3447 1574 3805 1643 delectatur;

2165 1666 2385 1720 donum
2420 1665 2741 1737 preprium,
2774 1665 2995 1720 donum
3034 1664 3195 1720 omni
3223 1663 3354 1719 labe
3404 1680 3675 1730 vacuum,
3708 1664 3809 1719 do-

2165 1771 2307 1809 num
2340 1755 2439 1809 Dei
2473 1753 2883 1809 liberalitatem
2939 1758 2997 1808 et
3037 1752 3499 1808 munificentiam
3530 1752 3805 1808 invitans.

2168 1842 2485 1898 Lenitatem
2544 1843 2751 1898 terrori
2810 1842 3107 1897 admisce:
3169 1842 3362 1896 minas
3392 1857 3495 1913 spe
3524 1844 3803 1913 tempera.

2167 1930 2352 1986 Multa
2370 1947 2603 2002 quoque
2616 1931 2982 1986 humanitate
3000 1946 3065 1985 ac
3082 1930 3441 2001 benignitate
3456 1929 3652 2001 perﬁci
3667 1929 3807 1997 scio,

2165 2025 2227 2074 ut
2258 2036 2385 2090 quae
2416 2021 2485 2074 ad
2507 2020 2761 2074 debitam
2785 2019 3035 2090 gratiam
3068 2019 3425 2073 referendam
3443 2018 3807 2089 pudoreipso

2159 2108 2509 2179 compellat;
2562 2125 2694 2163 cum
2755 2108 3021 2162 videlicet
3060 2107 3253 2162 oblata
3284 2106 3602 2161 ulciscendi
3632 2112 3806 2176 atque

2157 2197 2654 2252 animadvertendi
2688 2199 2971 2267 potestate
3003 2212 3213 2250 noxam
3265 2196 3685 2258 condonantes,
3730 2195 3802 2260 ei,

2156 2286 2247 2342 cui
2274 2286 2736 2341 misericordiam
2764 2284 3154 2356 impertimur,
3178 2282 3581 2338 benevolentia
3601 2286 3803 2339 nostra

2155 2375 2436 2446 pudorem
2470 2374 2815 2429 incutimus.
2840 2373 2996 2428 Nihil
3017 2373 3125 2427 tibi
3157 2373 3305 2428 tanti
3332 2371 3427 2439 sit,
3458 2376 3523 2427 ut
3543 2376 3802 2444 propter-

2152 2481 2221 2519 ea
2251 2464 2499 2520 inducas
2528 2464 2587 2518 in
2622 2463 2887 2518 animum
2921 2462 3143 2532 aliquid
3194 2461 3523 2530 admittere,
3557 2461 3713 2533 quod
3747 2465 3801 2515 te

2153 2554 2502 2624 magistratu
2549 2552 2858 2624 indignum
2893 2551 3119 2606 reddat.
3151 2550 3306 2605 Nihil
3338 2549 3801 2605 misericordiam

2152 2647 2210 2697 et
2264 2642 2779 2697 mansuetudinem
2838 2640 3126 2705 excludat,
3187 2655 3303 2695 non
3356 2642 3621 2711 tempus,
3684 2655 3799 2694 non

2153 2734 2446 2807 princeps,
2478 2751 2593 2789 non
2657 2738 2869 2799 metus,
2927 2749 3043 2787 non
3100 2733 3390 2801 majorum
3440 2730 3798 2803 dignitatum

2153 2840 2307 2895 spes,
2343 2840 2459 2879 non
2482 2823 2779 2878 temeritas
2810 2839 2936 2893 quae
2970 2821 3059 2876 sui
3080 2821 3237 2891 juris
3286 2819 3535 2875 nimium
3564 2820 3796 2877 retinet.

392 2911 474 2962 Ad
511 2910 839 2965 necessaria
888 2915 1156 2982 tempora
1201 2927 1467 2983 supernas
1514 2910 1928 2966 benevolentiae
1958 2912 2063 2966 tibi
2115 2912 2449 2983 praesidium
2484 2928 2660 2983 para;
2693 2909 3155 2966 misericordiam
3192 2910 3302 2965 Deo
3332 2909 3658 2965 commoda.
3682 2908 3793 2964 Ne-

399 2998 615 3052 minem
649 3014 909 3069 unquam
942 2998 1056 3054 Deo
1099 2998 1320 3069 aliquid
1378 2998 1540 3069 prius
1598 2998 1881 3054 obtulisse
1913 3000 2205 3071 pcenituit.
2241 3005 2302 3054 In
2338 3000 2612 3056 beneficis
2644 3000 2945 3055 referendo
2978 2998 3251 3070 copiosus
3272 3002 3380 3068 est,
3414 2997 3667 3053 maxime
3698 2996 3797 3053 ille

397 3085 631 3157 quidem
665 3087 922 3143 calestia
951 3087 1125 3153 bona,
1157 3088 1251 3153 iis,
1285 3104 1317 3141 a
1349 3088 1563 3158 quibus
1619 3088 1731 3159 ipsi
1790 3092 1923 3143 ante
1955 3089 2255 3160 quidpiam
2288 3088 2565 3144 collatum
2599 3093 2921 3160 mutuoque
2953 3089 3156 3143 datum
3192 3087 3385 3155 fuerit,
3423 3086 3744 3159 rependens
3778 3104 3791 3157 ;

391 3192 817 3248 nonnunquam
851 3180 1045 3232 autem
1078 3176 1257 3247 hujus
1288 3193 1520 3248 quoque
1550 3178 1676 3231 vitae
1708 3179 2017 3233 commoda
2047 3179 2383 3247 refundens,
2419 3183 2484 3233 ut
2514 3179 2585 3234 de
2616 3177 2829 3232 futuris
2861 3177 3034 3232 ﬁdem
3068 3176 3259 3232 faciat.

461 3265 560 3321 IA'.
612 3269 732 3318 Ἔτι
784 3265 998 3339 μικρὸν,
1044 3263 1133 3317 καὶ
1183 3264 1210 3317 ὁ
1271 3263 1479 3336 κόσμος
1529 3263 1880 3339 παρέρχεται,
1942 3265 2031 3319 καὶ

2215 3267 2307 3322 XI.
2343 3267 2547 3322 Adhuc
2568 3265 2898 3336 paululum,
2932 3271 2989 3321 et
3012 3266 3271 3321 mundus
3302 3265 3664 3333 transibit,et
3682 3265 3793 3323 hoc

386 3353 420 3420 ἠ
484 3354 657 3424 σκηνή
732 3355 846 3426 (43)
924 3350 1269 3408 καταλύεται.

381 3441 606 3517 καιρόν·
665 3447 781 3503 τοῖς
834 3442 940 3517 οὐχ
990 3441 1179 3496 ἑστῶσι
1235 3443 1303 3495 τὰ
1373 3440 1602 3514 μένοντα
1666 3442 2027 3515 ὠνησώμεθα.

381 3533 644 3593 Ἕκαστος
674 3533 835 3603 ἡμῶν
867 3532 1005 3586 ἐστιν
1040 3530 1091 3585 ἐν
1124 3529 1545 3604 ἐπιτιμίοις·καῖ
1579 3533 1606 3585 ὁ
1658 3536 1793 3606 χοῦς
1844 3530 2029 3586 πολλὰ

384 3621 530 3696 φέρει
562 3620 629 3674 τὰ
661 3619 803 3697 ὀφλή
817 3642 976 3692 ματα.
1012 3623 1497 3696 Συγχωρήσωμευ,
1524 3620 1615 3674 ’ίνα
1647 3623 2027 3697 συγχωρηθῶ-

391 3729 504 3781 μεν·
554 3710 798 3787 ἀφῶμεν,
853 3707 941 3764 ’ίνα
992 3709 1301 3780 αἷτήσωμεν
1363 3709 1568 3786 ἄφεσιν.
1627 3711 1791 3785 Ὁρᾷς
1850 3709 1900 3763 ἐν
1950 3712 2027 3781 τῷ

388 3797 708 3872 Εὐαγγελίῳ
732 3817 745 3831 ’
782 3796 1193 3874 Χρεωφειλὲτης
1230 3799 1497 3869 εἰσάγεται
1527 3800 1640 3871 (44)
1689 3820 1772 3859 τις
1802 3797 2025 3852 πολλῶν

387 3887 690 3957 ταλάντων,
721 3885 810 3941 καὶ
862 3885 1073 3963 ἀφίεται
1118 3890 1215 3939 τοῦ
1266 3886 1496 3959 χρέους·
1546 3886 1867 3960 προσάγεται
1925 3888 2026 3960 γὰρ

386 3976 566 4051 ἀγαθῷ
618 3972 869 4047 δεσπότῃ.
924 3972 1023 4027 Καὶ
1077 3979 1443 4047 συγχωρεῖται
1492 3972 1607 4044 μὲν,
1658 3973 1720 4027 οὐ
1752 3979 2031 4048 συγχωρεῖ

383 4061 475 4117 δέ·
514 4060 713 4124 δοῦλος
769 4060 868 4138 γάρ
922 4060 1031 4115 ἔστι
1080 4061 1170 4115 καὶ
1212 4062 1311 4130 τήν
1358 4062 1670 4137 προαίρεσιν
1724 4064 1872 4136 (45)·
1903 4061 2028 4117 ἀλλ’

379 4152 446 4220 ἧς
495 4150 653 4227 ἔτυχε
712 4148 1120 4227 φιλανθρωπίας
1173 4148 1297 4225 περὶ
1350 4150 1411 4204 τὸ
1460 4148 1669 4222 πλεῖον,
1719 4150 1919 4220 ταύτης
1966 4149 2027 4205 οὐ

384 4237 709 4311 μεταδίδωσι
755 4243 833 4310 τῷ
884 4235 1183 4311 ὁμοδούλῳ
1230 4238 1353 4313 περὶ
1406 4240 1465 4293 τὸ
1496 4238 1742 4312 ἔλαττον,
1784 4237 1928 4311 οὐδὲ,
1982 4240 2025 4295 εἰ

383 4329 457 4399 μή
488 4348 593 4382 τινι
624 4324 799 4399 ἄλλῳ,
849 4325 927 4398 τῷ
971 4334 1072 4395 τῆς
1126 4325 1539 4403 μεγαλοψυχίας
1587 4327 1850 4401 ἑπόμενος
1896 4329 2025 4382 ὑπο-

381 4413 633 4489 δείγματι
662 4415 785 4490 περὶ
834 4416 896 4470 τὸ
944 4413 1237 4490 ἀλλότριον
1261 4435 1272 4447 ·
1323 4416 1414 4471 καὶ
1463 4419 1491 4471 ὁ
1524 4414 1791 4486 δεσπότης
1825 4418 2025 4492 ἀγανα-

378 4509 514 4561 κτεῖ.
548 4503 646 4559 Καὶ
675 4503 738 4558 τὸ
769 4504 892 4577 ἑξῆς
921 4504 1294 4577 σιωπήσομαιο
1320 4504 1466 4573 πλὴν
1500 4506 1719 4579 ἄμεινον
1742 4511 1822 4578 τῷ
1842 4508 2024 4577 παντὶ,

1348 3358 1501 3427 Πραγ
1510 3354 1755 3425 ματευσώ
1765 3354 1897 3426 μεθα
1939 3354 2027 3407 τὸν

451 4708 494 4742 ³³⁷
521 4706 663 4764 Gen.
692 4722 830 4776 nn,
852 4706 890 4760 2
916 4721 1050 4778 sqq.
1126 4706 1171 4741 ³⁸
1193 4706 1400 4763 Matth.
1432 4723 1592 4775 mu,
1630 4708 1702 4764 23
1732 4724 1861 4782 sqq.

2141 3356 2583 3412 tabernaculum
2631 3353 3003 3410 dissolvetur.
3038 3354 3346 3427 Temporis
3378 3354 3792 3412 commoditate

2140 3446 2209 3499 ad
2240 3450 2530 3515 quaestum
2585 3448 2858 3509 utamur;
2921 3443 3095 3498 ﬂuxis
3127 3448 3185 3498 et
3238 3443 3545 3516 fragilibus
3576 3450 3791 3500 interna

2139 3550 2497 3589 coemamus.
2533 3533 2947 3604 Unusquisque
2996 3536 3263 3588 nostrum
3321 3534 3378 3586 in
3429 3533 3791 3605 correptione

2139 3628 2261 3689 est;
2297 3640 2362 3679 ac
2394 3622 2552 3677 lutea
2603 3622 2725 3677 haec
2786 3639 2978 3677 massa
3035 3622 3357 3694 plurimum
3417 3622 3547 3677 aeris
3595 3621 3785 3677 aliena

2139 3728 2337 3767 secum
2396 3711 2753 3767 circumfert.
2816 3711 3033 3766 Alienis
3078 3727 3213 3782 ergo
3273 3711 3523 3782 peccatis
3554 3711 3783 3766 veniam

2141 3801 2370 3867 demus,
2406 3804 2469 3854 ut
2500 3800 2714 3853 nostris
2748 3799 3161 3869 impetremus;
3192 3798 3583 3864 remittamus,
3611 3804 3674 3854 ut
3701 3799 3783 3853 vi-

2140 3887 2339 3942 cissim
2366 3887 2535 3942 nobis
2552 3887 2768 3942 remitti
2794 3886 3179 3957 postulemus.
3195 3886 3371 3941 Vides
3393 3887 3451 3941 in
3475 3887 3784 3960 Evangelio

2139 3976 2636 4047 quemadmodum
2658 3975 2899 4045 quidam
2920 3973 3241 4029 multorum
3258 3974 3610 4031 talentorum
3633 3976 3787 4032 debi-

2138 4068 2229 4117 tor
2260 4064 2607 4130 adducatur,
2655 4080 2719 4117 ac
2779 4062 2972 4117 debito
3003 4061 3282 4118 liberetur
3302 4064 3381 4131 ’8;
3431 4065 3502 4119 ad
3565 4064 3784 4120 bonum

2138 4152 2296 4208 enim
2330 4156 2387 4206 et
2418 4151 2646 4206 facilem
2670 4151 2977 4206 dominum
3010 4156 3355 4207 accesserat.
3389 4156 3461 4208 At
3483 4170 3619 4225 non,
3653 4158 3717 4209 ut
3736 4153 3787 4210 ei

2140 4242 2403 4297 debitum
2428 4242 2741 4296 remissum
2769 4240 2977 4307 fuerat,
2996 4241 3076 4295 ita
3096 4241 3218 4312 ipse
3246 4258 3475 4312 quoque
3505 4243 3783 4311 remittit;

2139 4347 2275 4385 nam
2309 4330 2489 4385 animi
2522 4330 2700 4385 etiam
2726 4330 3021 4401 proposito
3053 4345 3257 4384 servus
3287 4335 3449 4399 erat;
3483 4348 3589 4387 nec
3612 4332 3785 4387 mise-

2138 4419 2471 4486 ricordiam,
2501 4435 2680 4490 quam
2715 4419 2772 4472 in
2806 4418 3011 4488 majori
3047 4418 3300 4489 pecuniae
3331 4435 3565 4475 summa
3589 4436 3788 4476 conse-

2136 4512 2308 4564 cutus
2329 4509 2538 4574 fuerat,
2559 4508 2617 4562 in
2642 4506 2857 4562 minori
2871 4505 3119 4579 pecunia
3150 4523 3421 4563 conservo
3444 4525 3549 4564 suo
3571 4508 3785 4581 imper-

456 4908 565 4978 (35)
598 4905 835 4978 {terg-Ei».
866 4902 1043 4978 Regg.
1077 4921 1131 4972 a,
1174 4905 1293 4972 bm,
1329 4905 1444 4961 duo
1474 4904 1671 4975 Coisl.,
1703 4910 1821 4961 tres
1846 4906 2030 4973 Colb.,
2063 4909 2109 4973 D
2144 4903 2337 4978 klaio:
2372 4927 2415 4978 «_
2432 4904 2558 4961 Non
2589 4904 2833 4978 audacia
2864 4902 3088 4978 meliori
3132 4919 3340 4978 rerum
3386 4922 3626 4963 suarum
3657 4924 3790 4966 con-

386 4972 480 5036 0r.
511 4972 567 5043 2,
600 4972 689 5049 διᾷ
710 4972 963 5049 Χριστόν,

458 5050 569 5120 (36)
599 5047 691 5102 "H.
724 5044 901 5120 C'oisl.
936 5048 989 5113 1,
1020 5044 1109 5113 ἤν.

599 5115 1095 5201 ,Πρίοκαλοῦμεγοψ
1134 5118 1249 5201 ,8ἰο
1276 5119 1443 5201 ‘Reg.
1504 5120 1651 5201 brp,_
1682 5123 1802 5175 tres
1845 5118 2028 5188 Colb.,

378 5188 554 5249 Coisl.
592 5191 643 5259 1,
668 5188 861 5263 Ὀι·.2,
893 5188 951 5246 et
977 5190 1093 5263 Jes_.
1132 5191 1192 5245 in
1223 5190 1342 5257 ed.,
1372 5188 1779 5263 προκαλοῦμιν.

446 5264 560 5335 (38)
594 5262 985 5337 Κατορθοῦσαν.
1052 5261 1230 5334 Regg.
1292 5279 1346 5328 a,
1399 5261 1518 5334 bm,
1553 5264 1710 5318 Orat.
1743 5266 1799 5327 2,
1831 5280 2031 5335 κατορ-

388 5345 569 5478 θοῗέθ)
617 5402 894 5489 ,Μειζόνων
958 5401 1375 5509 ἀρχῶνέλπίς.
1439 5404 1533 5459 Sic
1590 5404 1769 5475 Rogg.
1823 5421 1876 5471 a,
1910 5405 2031 5486 bu},

389 5481 504 5509 .1..-
535 5476 683 5509 ρηςαι
768 5482 823 5509 At
874 5477 950 5509 η..
1028 5484 1040 5498 ι
1125 5482 1225 5509 Anu
1273 5480 1537 5509 ..Δοιηοηι
1596 5476 1852 5509 ....r.i.......
1912 5476 2006 5509 ..i..

389 5474 505 5535 duo
535 5474 707 5533 (ἷοὶει.
768 5482 827 5532 et
874 5477 968 5531 Or.
995 5474 1003 5479 ⁷
1117 5474 1226 5546 Aiii
1273 5480 1557 5543 resecant,
1596 5474 1878 5546 μειζόνων,
1911 5476 2034 5540 alii,

392 5550 700 5626 ἀρχῷνηῐῐ)
728 5549 819 5626 ed.
855 5549 1018 5626 deest
1053 5544 1235 5626 ἐλπίς,

489 5618 578 5691 40)
609 5620 699 5688 Μὴ
731 5618 1016 5695 Θρασύτης,
1058 5625 1165 5674 etc.
1201 5641 1228 5667 α
1282 5618 1404 5695 Non
1437 5619 1735 5695 temeritas
1764 5618 1897 5695 plus
1927 5618 2036 5673 sibi

395 5689 687 5763 tribuens,
721 5689 847 5763 qua;
875 5690 1116 5748 modum
1147 5689 1391 5747 excedit.
1424 5710 1453 5741 »
1485 5690 1579 5745 Vel
1610 5706 1745 5747 cum
1765 5689 2037 5747 Leuven-

2143 4975 2363 5051 ditione
2396 4976 2562 5051 freta.
2599 4998 2626 5025 ››
2660 4975 2865 5051 Billius
2895 4993 2908 5051 ς
2941 4998 2968 5025 ‹‹
2993 4975 3118 5030 Non
3137 4976 3385 5032 audacia
3413 4982 3470 5034 et
3499 4980 3786 5051 importu-

2141 5049 2295 5103 nitas
2328 5050 2557 5119 potiora
2586 5048 2784 5102 omnia
2818 5048 3060 5102 habens.
3097 5068 3125 5095 ››

2236 5118 2596 5194 44)“Καιροῖς.
2632 5120 2805 5194 Deest
2860 5119 2921 5173 in
2972 5120 3107 5189 Reg.
3166 5118 3387 5194 bm,_et
3415 5119 3606 5178 tribus
3628 5121 3787 5179 Colb.

2235 5192 2323 5257 42)
2356 5189 2905 5266 Προεισενεγκάντων.
2966 5194 3142 5263 Regg.
3200 5207 3253 5261 a,
3304 5189 3423 5257 bm,
3465 5198 3521 5248 et
3576 5194 3674 5251 Or.
3732 5196 3788 5263 2,

2142 5280 2247 5335 προ
2255 5262 2608 5335 σενεγκόντων
2619 5306 2631 5318 .

2214 5283 2370 5316 ηοσενε
2442 5283 2631 5318 οντων.

2365 5283 2459 5455 ἔζὶ
2493 5337 2526 5403 ἡ
2553 5336 2745 5403 σκηνή,
2781 5337 2890 5388 etc.
2926 5331 3170 5387 Billius:
3206 5356 3234 5382 (ί
3270 5338 3349 5389 Ac
3380 5350 3555 5391 scena
3584 5336 3793 5392 dissol-

2144 5420 2328 5459 VOIUP.
2367 5429 2392 5455 io

2214 5479 2323 5543 (44)
2358 5476 2662 5551 Εἰσάγεται.
2700 5478 2837 5551 Reg.
2872 5474 3360 5551 bm,_tres_Colb.,
3394 5478 3489 5533 Or.
3522 5477 3577 5551 2,
3618 5498 3791 5551 προσ⁶

2147 5547 2352 5618 άγεται.
2395 5571 2414 5595 σι
2447 5546 2675 5604 Jiidicio
2700 5548 2927 5603 sistitur
2947 5546 3019 5618 ad
3044 5547 3397 5602 reddendam
3433 5546 3741 5605 rationem.
3766 5577 3787 5601 ι

2218 5621 2329 5690 (45)
2364 5622 2476 5688 Τὴν
2537 5623 2865 5693 προαίρεσιν.
2920 5617 3164 5674 Billius:
3204 5640 3231 5671 α
3262 5621 3456 5674 Animi
3500 5620 3792 5679 inductio-

2148 5706 2240 5747 ne.
2266 5714 2296 5742 υ
