4094 6288
265 342 386 403 979
1505 347 1567 408 S.
1620 346 1993 409 GREGORII
2038 348 2434 411 THEOLOGI
3552 350 3674 414 980

263 474 430 542 titur,
463 489 588 543 nec,
623 476 671 530 si
706 475 849 530 nihi‘
877 476 1439 549 aliud,propositum
1457 479 1563 534 sib"
1592 478 1909 534 certelibe-
1941 542 1942 545 η

2062 480 2395 557 ’ροεισφὲρειν
2426 485 2521 535 τοῦ
2553 481 2722 536 ἐκεῖσε
2751 479 2922 555 λόγου
2955 482 3066 554 (46)
3093 482 3190 549 τήν
3246 478 3479 545 ἐντεῦθεν
3528 501 3673 557 χρη-

268 563 405 616 ralis
438 580 575 635 erga
596 564 742 619 alios
765 565 943 619 animi
967 568 1303 637 exemplum
1330 569 1619 639 sequitur.
1646 572 1827 636 Quam
1843 569 1915 624 ob
2027 567 2277 639 στότητα.

269 670 507 708 causam
540 653 818 710 dominus
849 655 935 711 ira
966 662 1385 713 commovetur.
1414 660 1561 715 Nam
1592 676 1717 730 quae
1748 663 1948 731 postea
1979 666 2318 730 sequuntur,
2378 662 2610 716 silentio
2670 661 2996 733 praeteribo.
3031 661 3281 715 Tantum
3317 660 3425 715 hoc
3456 661 3677 726 dicam,

269 742 699 798 conducibilius
732 744 970 799 omnino
1002 762 1152 811 esse,
1183 752 1244 800 ut
1274 748 1619 817 priusquam
1650 747 1709 801 in
1743 748 1920 802 altero
1949 748 2159 802 smculo
2189 750 2316 803 vitae
2347 751 2599 806 rationes
2630 756 2972 819 referamus,
3008 750 3186 819 hujus
3237 750 3367 804 vitae
3414 750 3677 823 benigni—

269 840 450 892 tatem
481 834 914 904 impendamus.

353 926 502 981 325
538 925 655 978 Xll.
692 925 839 988 Quid
872 924 955 979 ais
977 924 1173 980 ?Num
1207 931 1262 981 te
1295 928 1386 981 his
1425 928 1795 983 sermonibus
1828 944 1919 982 ca-

2106 926 2201 980 lB'.
2232 924 2291 977 Τί
2340 927 2479 1002 φής;
2533 927 2776 1001 Ἔχομὲν
2834 948 2891 980 σε
2933 932 3048 989 τοῖς
3098 921 3290 1000 λόγοις
3337 925 3574 994 τούτοις,
3608 926 3682 979 ὧν

2034 1013 2261 1089 ἐραστὴς
2292 1015 2425 1068 εἶναι
2456 1013 2725 1077 πολλάκις
2775 1014 3273 1089 καθωμολόγησας.
3328 1016 3371 1068 ὦ
3421 1012 3683 1069 κάλλιστε

2035 1102 2340 1177 ἀρχόντων,
2404 1101 2484 1174 εἶή
2547 1102 2603 1159 δὲ
2656 1106 2963 1179 προσθεῖναι
3016 1107 3149 1177 (47),
3197 1103 3285 1158 xui
3319 1104 3681 1179 ἡμερώτατε;

2035 1193 2105 1247 ’Ἠ
2138 1188 2239 1261 δεῖ,
2272 1191 2359 1245 xui
2390 1194 2488 1261 τὴν
2518 1193 2713 1249 πολιάν
2760 1195 2869 1267 (48)
2917 1215 2999 1247 σοι
3034 1193 3234 1262 ταύτην
3267 1192 3379 1247 ἀνθ’
3408 1191 3687 1267 ἱκετηρίας

288 1281 573 1353 supplicis
604 1282 912 1352 cujusdam
943 1282 1124 1338 libelli
1158 1283 1281 1339 loco
1326 1284 1569 1341 canities
1620 1286 1740 1340 haec
1792 1287 1927 1341 offe-

2062 1286 2421 1355 προσαγαγεῖν,
2470 1283 2559 1337 xui
2613 1284 2703 1337 τὸν
2763 1287 2869 1336 τῶν
2927 1282 3057 1336 ἑτῶν
3116 1281 3369 1355 ἀριθμὸν,
3441 1282 3529 1335 καὶ
3584 1282 3683 1350 τὴν

287 1372 468 1427 renda
488 1370 618 1441 erit,
638 1376 811 1442 atque
833 1389 1122 1428 annorum
1145 1392 1450 1440 numerus,
1466 1376 1932 1446 diuturnumque

2062 1371 2249 1443 ιακρὰν
2298 1370 2595 1445 ἱερωσύνην
2634 1372 2723 1424 καὶ
2772 1369 2998 1425 ἄσπιλον
3049 1370 3273 1440 ταύτην,
3324 1371 3384 1438 ἢν
3414 1367 3688 1423 αἰδοῦνται

293 1463 350 1516 et
381 1459 532 1516 labis
563 1478 766 1532 expers
798 1461 905 1516 hoc
934 1464 1348 1527 sacerdotium,
1383 1467 1535 1535 quod
1558 1465 1671 1536 ipsi
1703 1482 1933 1536 quoque

2062 1458 2208 1532 ;υχὸν
2256 1458 2344 1512 καὶ
2395 1458 2647 1534 ἄγγελοι,
2716 1464 2963 1534 καθαρῶς
3020 1480 3101 1531 τῳ
3159 1456 3528 1534 καθαρωτάτῳ
3588 1458 3688 1513 λα-

293 1549 506 1621 angeli,
541 1550 670 1620 puri
703 1550 1003 1621 purissimi
1033 1552 1132 1607 Dei
1166 1553 1439 1619 cultores,
1474 1559 1755 1625 tanquam
1778 1554 1935 1625 ipso-

2062 1545 2339 1619 τρεύοντες,
2391 1548 2465 1608 ὡς
2522 1555 2624 1617 τῆς
2691 1550 2890 1602 ἑαυτῶν
2959 1546 3209 1622 Λατρείας
3286 1546 3453 1620 ἀξίαν.
3513 1548 3691 1601 Πείθει

298 1656 427 1692 rum
485 1639 670 1693 cultui
730 1639 972 1695 minime
1030 1640 1239 1712 impar,
1274 1642 1520 1697 fortasse
1568 1644 1936 1698 veneratione

2062 1639 2212 1689 ταῦτα
2234 1654 2248 1704 ;
2271 1636 2305 1704 ἢ
2335 1657 2384 1689 τι
2406 1634 2675 1709 τολμήσω
2697 1642 2879 1709 μεῖζον
2906 1638 3015 1709 (49)
3037 1656 3050 1706 ;
3073 1635 3355 1710 τολμηρὸν
3379 1633 3436 1690 δέ
3461 1657 3526 1709 με
3547 1640 3698 1691 ποιεῖ

300 1732 757 1798 prosequuntur.
790 1733 939 1783 Num
975 1729 1096 1784 haec
1130 1736 1185 1786 te
1217 1732 1599 1802 permovent?
1625 1734 1709 1786 An
1745 1733 1937 1803 majus

2062 1725 2106 1778 τὸ
2140 1723 2340 1800 ἀλγεῖν.
2375 1726 2599 1801 Χριστὸν
2634 1727 2893 1801 προσάγω
2925 1746 3007 1778 σοι
3041 1727 3174 1798 (50),
3209 1724 3298 1779 καὶ
3327 1726 3426 1794 τὴν
3452 1728 3695 1800 Χριστοῦ

300 1817 517 1887 aliquid
555 1818 889 1871 audendum
930 1818 1039 1872 erit
1060 1818 1087 1873 ‘I
1116 1820 1409 1875 Audacem
1445 1826 1639 1875 autem
1664 1837 1757 1876 me
1780 1820 1941 1876 dolor

2062 1814 2269 1868 ιένωσιν
2327 1815 2425 1883 τὴν
2480 1815 2609 1890 ὑπὶρ
2658 1816 2841 1886 ἡμῶν,
2886 1813 3072 1868 καὶτὰ
3109 1818 3205 1868 τοῦ
3235 1814 3472 1876 ἀπαθοῦς
3521 1813 3693 1883 πάθη,

298 1906 495 1961 efﬁcit.
529 1906 826 1961 Christum
842 1907 1186 1975 tibiofferro,
1211 1909 1421 1963 Christi
1440 1926 1541 1981 pro
1562 1910 1729 1965 nobis
1751 1910 1940 1964 inani-

2062 1902 2137 1956 ιαὶ
2163 1903 2252 1956 τὸν
2287 1903 2535 1979 σταυρὸν,
2567 1903 2657 1957 καὶ
2686 1904 2811 1965 τοὺς
2843 1902 3038 1977 ἥλους,
3082 1904 3161 1964 οἷς
3208 1900 3405 1973 ἐλύθην
3442 1902 3545 1979 ἐγὼ
3593 1909 3695 1971 τῆς

309 1997 549 2061 tionem,
584 2000 641 2050 et
669 1997 1013 2067 impatibilis
1044 1997 1368 2069 passiones,
1400 2003 1456 2053 et
1476 2016 1729 2067 crucem,
1762 2004 1818 2055 et
1838 1999 1942 2055 cla-

2062 1990 2356 2067 ἀμαρτίας’
2412 2008 2500 2046 και
2546 1992 2609 2047 τὸ
2668 1994 2825 2065 αἷμα,
2885 1991 2973 2045 καὶ
3032 1991 3131 2059 τὴν
3208 1992 3405 2068 ταφὴν,
3459 1991 3550 2045 καὶ
3596 1992 3697 2059 τήν

285 1020 450 1087 ptum
483 1019 772 1082 tenemus,
798 1031 1047 1085 quorum
1073 1020 1127 1070 te
1160 1032 1354 1072 amore
1386 1018 1738 1072 inﬂammari
1775 1034 1925 1089 saepe

283 1104 588 1159 confessus
619 1118 700 1167 es,
763 1104 1168 1174 praefectorum
1200 1106 1438 1177 optime,
1472 1111 1666 1177 atque,
1698 1107 1923 1162 utinam

284 1193 497 1248 addere
529 1191 718 1259 liceat,
776 1192 1276 1249 clementissime?
1332 1195 1484 1249 Num
1517 1196 1620 1251 tibi
1653 1202 1930 1268 praeterea

308 2101 431 2155 vos,
466 2088 678 2158 quibus
700 2091 932 2159 peccato
963 2086 1191 2143 solutus
1221 2103 1375 2155 sum,
1408 2090 1464 2141 et
1493 2087 1863 2158 sanguinem,
1894 2089 1951 2143 et

308 2175 693 2247 sepulturam,
752 2180 808 2231 et
863 2175 1367 2243 resurrectionem,
1411 2181 1468 2231 et
1521 2176 1946 2240 ascensionem,

306 2269 481 2337 atque
513 2267 657 2320 adeo
688 2281 955 2320 mensam
1005 2265 1177 2331 hanc,
1240 2267 1310 2320 ad
1344 2283 1522 2337 quam
1557 2265 1948 2321 communiter

300 2354 656 2421 accedimus,
688 2354 1015 2426 salutisque
1048 2371 1190 2409 meae
1216 2360 1406 2426 typos,
1439 2371 1587 2425 quos
1621 2355 1823 2409 eodem
1849 2370 1947 2408 ore

299 2459 536 2514 perago,
570 2460 686 2514 quo
719 2444 866 2497 hanc
900 2444 970 2497 ad
1003 2446 1060 2497 te
1120 2444 1584 2513 deprecationem
1618 2444 1781 2509 obeo,
1814 2443 1942 2508 hoc,

295 2533 563 2602 inquam,
587 2535 1025 2586 sacrosanctum
1044 2534 1220 2602 atque
1241 2532 1299 2585 in
1324 2532 1532 2586 cmlum
1558 2548 1663 2586 nos
1694 2531 1944 2586 evehens

298 2621 665 2693 mysterium.

368 2709 513 2765 XIII.
548 2710 710 2774 Quod
746 2709 796 2765 si
828 2727 941 2765 non
973 2714 1212 2781 propter
1244 2727 1425 2765 unum
1470 2728 1539 2766 ex
1569 2711 1681 2776 his,
1736 2711 1943 2767 saltem

298 2802 533 2871 propter
563 2799 782 2870 omnia,
817 2800 890 2854 da
922 2800 1072 2854 hanc
1104 2802 1376 2872 gratiam,
1410 2804 1466 2855 et
1499 2800 1687 2867 nobis,
1729 2805 1787 2855 et
1840 2801 1942 2855 tibi

297 2878 429 2949 ipsi,
458 2883 513 2934 et
543 2879 879 2935 domesticis
895 2879 1165 2935 Ecclesiae
1189 2884 1322 2950 tuas,
1346 2884 1522 2953 atque
1545 2881 1678 2936 huic
1698 2881 1943 2953 pulchro

300 2967 511 3023 Christi
547 2969 720 3023 cmtui
757 2987 769 3036 ;
802 2970 873 3024 de
904 2986 1019 3041 quo
1049 2970 1130 3024 ita
1148 2968 1321 3024 velim
1355 2969 1812 3035 existimes,eum
1839 2972 1943 3025 tibi

291 3056 597 3114 nobiscum
630 3058 956 3129 supplicem
979 3074 1127 3126 esse,
1151 3058 1384 3113 tametsi
1413 3058 1692 3114 obeundae
1714 3059 1948 3131 legatio-

297 3147 389 3201 nis
424 3163 665 3201 munere
696 3146 866 3201 nobis
898 3147 1086 3214 cedat,
1121 3150 1185 3200 ut
1242 3148 1525 3217 majorem
1574 3151 1727 3219 apud
1762 3154 1836 3213 te,
1871 3150 1942 3204 ob

299 3234 608 3289 sacerdotii
639 3234 1008 3306 dignitatern,
1042 3252 1159 3306 qua
1180 3252 1213 3289 a
1235 3240 1347 3290 Deo
1371 3236 1558 3290 ornati
1594 3254 1822 3303 sumus,
1848 3256 1945 3293 au-

294 3320 623 3377 ctoritatem
648 3322 940 3378 habituris
962 3342 975 3390 ;
994 3341 1065 3378 ne
1082 3323 1223 3379 illud
1238 3324 1413 3379 etiam
1434 3325 1807 3397 dicam,quod
1832 3327 1941 3381 im-

294 3411 437 3483 perii
470 3410 594 3481 lege
623 3411 985 3480 prohibetur.
1016 3416 1133 3466 Hac
1164 3429 1280 3466 una
1303 3429 1361 3467 re
1383 3413 1625 3483 pulchre
1648 3416 1900 3470 vincaris
1926 3434 1938 3482 ;

296 3499 657 3571 benignitate
688 3516 793 3553 nos
825 3517 1057 3571 supera.
1092 3502 1174 3553 En
1208 3501 1336 3569 tibi,
1369 3518 1563 3556 coram
1599 3508 1731 3569 Deo,
1756 3508 1811 3557 et
1838 3521 1941 3559 an-

296 3586 463 3658 gelis,
520 3591 575 3642 et
634 3604 810 3659 regno
869 3588 1172 3654 caelorum,
1205 3588 1483 3661 illiusque
1508 3590 1634 3645 vitae
1668 3592 1939 3662 praemiis,

296 3676 590 3748 supplices
622 3693 783 3732 meos
815 3677 1010 3732 oﬂ‘ero.
1048 3677 1240 3732 Fidem
1267 3695 1458 3734 meam
1493 3680 1729 3747 honora,
1763 3698 1940 3752 quam

301 3764 445 3821 mihi
476 3766 856 3821 commissam
890 3765 1021 3821 aliis
1052 3768 1318 3821 commisi
1346 3784 1358 3821 :
1402 3768 1484 3823 ita
1515 3768 1633 3834 ﬁet,
1668 3775 1729 3825 ut
1757 3774 1813 3825 et
1841 3775 1943 3827 tua

300 3893 484 4021 d.(46)
534 3889 735 3966 Λόγου.
802 3892 962 3948 Unus
1024 3893 1259 3964 Regius,
1321 3889 1499 3964 ἆλέου,
1565 3914 1585 3943 ι
1622 3896 1950 3953 misericor-

338 3982 426 4020 ιω.
465 3988 484 4014 ιι

338 3982 426 4020 Ῑω.
465 3988 484 4014 Ι

510 4034 845 4121 ρροσθεῖναι.
882 4035 975 4090 Or.
1009 4036 1044 4089 2
1094 4036 1277 4121 addit,
1308 4036 1412 4092 ὃτι.

375 4103 484 4177 (48)
515 4103 620 4173 Τῆν
665 4103 883 4176 πολίαν,
945 4130 970 4155 ‹‹
1006 4103 1300 4177 canitiem,
1334 4130 1361 4158 ››
1424 4114 1531 4164 etc.
1597 4109 1697 4165 His
1753 4111 1947 4166 verbis

300 4204 326 4229 ‹‹
364 4185 586 4250 patrem
620 4195 801 4250 suum
829 4200 855 4227 »
891 4178 1113 4233 indicat
1146 4180 1482 4250 Gregorius.

320 4300 323 4301 ,
371 4250 482 4318 (49)
516 4249 737 4315 Μεῖζον.
773 4248 868 4304 Or.
903 4250 956 4315 2,
989 4250 1076 4303 καὶ
1100 4248 1303 4318 μεῖζον.

392 4319 481 4391 50)
532 4319 809 4395 ᾉΠροσάγω
869 4339 974 4395 σοι.
1036 4323 1129 4395 Sic
1185 4326 1303 4376 tres
1334 4320 1520 4395 Colb.,
1553 4322 1727 4379 Coisl.
1765 4324 1815 4388 1,
1847 4323 1941 4379 Or.

300 4394 354 4460 2,
390 4396 497 4465 etc.
532 4391 604 4465 In:
620 4391 1076 4465 ed._,'1_tpoaa'zywct
1110 4392 1481 4465 [perperam].

374 4464 482 4536 (51)
541 4463 647 4531 Τὴν
697 4461 1002 4517 ἀνάστασιν.
1061 4461 1289 4533 Billius,
1352 4486 1378 4513 ‹‹
1424 4461 1674 4520 reditum
1736 4467 1806 4521 ad
1860 4465 1946 4518 vi-

307 4540 451 4590 tam.
497 4557 524 4583 »

374 4607 487 4678 (52)
536 4603 633 4678 Καί
684 4603 811 4678 τοὺς
869 4602 1284 4678 τόπουςποίοη
1348 4626 1369 4653 ι
1434 4610 1490 4661 et
1544 4607 1753 4662 salutis
1808 4624 1946 4662 mea?

306 4676 495 4748 typos.
528 4701 549 4729 ι
587 4676 829 4731 Nullum
890 4676 1236 4748 scrupulum
1297 4694 1526 4733 movere
1584 4680 1797 4734 debent
1831 4680 1947 4734 haec

303 4751 496 4804 verba.
531 4771 557 4797 ‹‹
591 4750 730 4820 'lypi
756 4771 784 4797 »
810 4748 1046 4825 quidem
1078 4756 1220 4825 sunt
1248 4755 1303 4803 et
1327 4772 1353 4798 ι(
1379 4749 1584 4825 signa;
1620 4773 1647 4825 )3
1681 4752 1780 4805 sed
1814 4775 1839 4799 α
1864 4751 1944 4825 si—
1976 4761 2022 4825 D

303 4838 421 4946 lgna
447 4842 475 4870 ››
501 4836 694 4875 rerum
727 4820 1122 4903 praesentium.
1162 4823 1259 4904 Hic
1282 4822 1520 4901 vocibus
1554 4822 1941 4905 usi-sunt.SS.

349 4900 524 4946 atres.
557 4896 613 4946 et
640 4912 667 4940 ‹‹
692 4892 837 4946 ηιὴιι
868 4893 1023 4946 aliud
1059 4894 1413 4946 Intelligunt.
1438 4914 1463 4940 ››
1498 4899 1690 4946 Induit
1720 4894 1941 4946 Billius.

349 4900 524 4957 atres,
557 4896 613 4946 et
640 4912 667 4940 ‹‹
692 4892 837 4946 nihil
868 4893 1023 4948 aliud
1059 4893 1463 4963 intelligunt,»
1498 4893 1690 4962 inquit
1720 4894 1943 4963 Billius,

308 4987 333 5012 ‹‹
368 4970 804 5044 quam‘partem
837 4964 1196 5044 sacramenti-
1236 4982 1360 5044 quas
1390 4966 1447 5018 in
1482 4966 1946 5044 oculorum-sen-

303 5053 435 5108 sum
469 5034 644 5089 cadit.
680 5057 707 5085 «
738 5035 829 5090 Sic
860 5037 917 5090 in
951 5034 1338 5108 Eucharist’ia,
1398 5037 1623 5108 species
1683 5037 1849 5108 panis
1890 5042 1945 5108 et

300 5106 425 5180 vini»
450 5109 590 5180 sunt
612 5107 785 5180 «typi
812 5129 839 5155 ››
863 5125 962 5163 seu
989 5131 1015 5157 «
1038 5107 1258 5180 signa»
1275 5106 1534 5180 corporis
1557 5115 1613 5163 et
1639 5106 1945 5180 sanguinis

299 5177 510 5251 Christi
543 5177 776 5251 realiter
832 5184 886 5234 et
929 5177 1396 5236 substantialiter
1445 5177 1775 5251 praesentis.
1801 5179 1942 5251 Item

297 5249 408 5325 alia
438 5249 637 5325 omnia
666 5255 1033 5325 sacramenta
1056 5250 1133 5325 ita
1163 5259 1302 5325 sunt
1334 5276 1359 5302 ‹‹
1395 5249 1513 5325 ιῩρί
1533 5274 1579 5325 -››Α
1601 5250 1686 5305 vel
1715 5274 1743 5299 ‹‹
1776 5250 1944 5322 signa

302 5322 532 5395 salutis,
563 5326 631 5395 ut
660 5337 797 5395 eam)
817 5321 991 5395 simul
1024 5322 1280 5378 efficiant
1310 5328 1365 5378 et
1395 5321 1744 5395 signiﬁcent.
1773 5343 1799 5395 ξ)

369 5393 483 5463 (53)
515 5390 578 5444 Εἰ
608 5392 695 5445 xui
733 5392 808 5463 μὴ
843 5394 910 5445 δι’
940 5388 1017 5459 ἓν,
1053 5399 1161 5449 etc.
1212 5396 1412 5450 Billius
1437 5388 1515 5449 ;ν‹‹
1547 5395 1708 5458 Quod
1742 5393 1787 5448 si
1823 5392 1943 5446 haec

300 5463 534 5586 sirigula
565 5466 761 5519 minus
810 5466 961 5536 apud
996 5471 1050 5519 te
1110 5467 1321 5533 valent,
1356 5471 1413 5520 at
1464 5467 1736 5520 universa
1793 5470 1945 5519 certe

301 5550 370 5586 va
398 5542 549 5586 eant.
596 5558 623 5584 ››

301 5542 549 5590 valeant.
596 5558 623 5584 »

372 5607 484 5680 (54)
514 5602 638 5660 Οὖν.
671 5606 845 5680 Deest
874 5608 932 5680 in
966 5612 1141 5680 Regg.
1177 5625 1230 5676 a,
1266 5609 1385 5675 bm,
1410 5613 1465 5663 et
1495 5607 1589 5663 0r.
1622 5611 1673 5662 2.

375 5625 484 5673 (οίι)
514 5625 638 5660 υυν.
671 5625 845 5662 ueesr.
874 5625 932 5662 in
966 5625 1083 5680 ueg
1130 5649 1141 5662 .
1177 5625 1230 5676 a,
1266 5625 1385 5675 nm,
1410 5625 1465 5663 οι
1495 5625 1533 5663 υ

375 5676 483 5747 (55)
510 5680 717 5748 Σαυτῷ.
751 5678 845 5734 Sic
875 5679 970 5734 Or.
1002 5683 1055 5735 2.
1087 5625 1153 5735 in
1187 5680 1303 5746 ed.,
1335 5683 1533 5751 σαυτῷ.

2056 2080 2336 2135 ἀνάστασιν
2384 2083 2517 2155 (51),
2576 2082 2664 2135 xui
2712 2082 2810 2149 τὴν
2862 2078 3072 2145 ἄνοδον,
3114 2080 3148 2149 ἢ
3183 2079 3271 2135 καὶ
3300 2081 3399 2149 τὴν
3430 2081 3698 2154 τράπεζαν

2054 2169 2277 2243 ναύτην,
2373 2174 2527 2244 κοινῇ
2558 2170 2820 2247 πρόσιμεν
2848 2190 2859 2202 ·
2893 2170 2982 2225 xui
3014 2169 3141 2231 τοὺς
3190 2167 3391 2231 τύπους
3437 2172 3549 2242 (52)
3596 2176 3699 2237 τῆς

2048 2259 2194 2331 ’ἐμῆς
2242 2259 2536 2334 σωτηρίας,
2596 2260 2693 2321 οῦς
2737 2258 2841 2313 ἀπὸ
2888 2264 2984 2313 τοῦ
3032 2255 3195 2312 αὐτοῦ
3232 2256 3377 2312 τελῶ
3408 2256 3698 2329 στόματος,

2056 2349 2146 2425 ἀφ’
2202 2348 2263 2402 οὗ
2309 2353 2475 2402 ταῦτα
2523 2349 2656 2424 πρὸς
2707 2350 2762 2402 σέ
2810 2342 3111 2422 πρεσϐεύω,
3159 2348 3259 2415 τὴν
3293 2347 3438 2418 ἱερὰν
3466 2347 3556 2400 καὶ
3588 2347 3699 2401 ἄνω

2055 2435 2316 2512 φέρουσαν
2351 2439 2385 2504 ἡ
2397 2442 2500 2509 μᾶς
2536 2436 2918 2510 μυσταγωγίαν
2932 2478 2942 2492 .

2127 2706 2223 2758 Il".
2257 2702 2320 2757 Εἰ
2350 2703 2439 2757 καὶ
2493 2704 2568 2775 μή
2620 2700 2688 2756 δι’
2735 2699 2789 2756 (ἐν
2839 2702 2953 2774 (53)
3003 2700 3238 2770 τούτοιν,
3289 2698 3414 2755 ἀλλ’
3444 2698 3535 2752 οῦν
3587 2700 3701 2772 (54)

2056 2790 2143 2846 διὰ
2174 2793 2363 2859 πάντα,
2399 2788 2491 2853 δὸς
2521 2788 2609 2845 καί
2649 2792 2784 2863 ἡμῖν
2828 2788 2915 2843 καὶ
2968 2791 3175 2859 σεαυτῷ
3206 2789 3318 2861 (55)
3366 2787 3464 2855 τὴν
3514 2784 3697 2861 χάριν,

2052 2881 2140 2934 καὶ
2187 2884 2256 2953 τῇ
2474 2881 2589 2935 κατ’
2642 2878 2789 2934 οἶκόν
2839 2899 2933 2931 σου
2971 2875 3288 2947 Ἐκκλησία,
3320 2875 3518 2946 καὶτῷ
3547 2872 3700 2946 καλῷ

2052 2968 2230 3040 τούτῳ
2292 2972 2523 3043 Χριστοῦ
2584 2967 2957 3039 πληρώματι·
3011 2964 3041 3019 ὅ
3097 2964 3319 3037 νόμισον
3375 2965 3511 3034 ἡμῖν
3562 2983 3698 3034 συμ-

2052 3052 2386 3131 πρεσϐεόειν,
2448 3057 2493 3111 εἰ
2549 3055 2639 3111 καὶ
2690 3059 2823 3129 ἡμῖν
2876 3059 3200 3131 παραχωρεῖ
3241 3059 3340 3122 τῆς
3390 3046 3697 3127 πρεσϐείας,

2055 3147 2128 3208 ὡς
2178 3144 2620 3221 αἰδεσιμωτέροις
2682 3148 2791 3218 (57)
2839 3143 2926 3199 διὰ
2971 3145 3062 3198 τὸν
3097 3146 3418 3215 τιμήσαντα,
3466 3140 3555 3194 καὶ
3585 3139 3700 3212 ἃμα

2050 3240 2130 3307 τῷ
2177 3241 2277 3304 τῆς
2327 3236 2506 3310 ἀρχῆς
2557 3237 2668 3308 (58)
2716 3234 2872 3307 νόμῳ
2902 3232 3259 3307 κατείργεται.
3293 3233 3387 3284 Ἕν
3418 3232 3578 3284 τοῦτο
3609 3249 3701 3282 κα-

2055 3323 2168 3385 λῶς
2225 3326 2530 3393 ἡττήθητι·
2609 3323 2828 3394 νίκησον
2892 3325 3039 3394 ἡμᾶς
3100 3318 3496 3398 φιλανθρωπίᾳ.
3558 3315 3696 3372 Ἰδοὺ

2052 3413 2312 3489 προσάγω
2371 3433 2455 3466 σοι
2506 3412 2633 3474 τοὺς
2694 3411 2858 3485 ἐμοὺς
2907 3410 3092 3471 ἱκάτας
3126 3408 3360 3463 ἐναντίον
3394 3411 3548 3477 Θεοῦ,
3607 3405 3698 3460 καὶ

2051 3501 2325 3577 ἀγγέλων,
2384 3503 2474 3555 καὶ
2532 3500 2810 3577 βασιλείας
2872 3500 3138 3575 οὐρανῶν,
3197 3496 3286 3552 καὶ
3343 3502 3441 3565 τῆς
3499 3494 3696 3550 ἐκεῖθεν

2051 3589 2482 3652 ἀνταποδόσεως.
2541 3588 2788 3663 Τίμησον
2863 3590 2963 3657 τήν
3022 3588 3159 3660 ἐμὴν
3213 3586 3393 3640 πίστιν
3448 3586 3583 3658 (59),
3630 3582 3696 3653 ἤν

2052 3680 2364 3750 ἐπιστεύθην
2425 3700 2485 3733 τε
2524 3679 2613 3733 καὶ
2664 3678 2976 3733 ἐπίστευσα·
3041 3677 3113 3739 ὡς
3171 3676 3229 3730 ἂν
3275 3675 3365 3729 καὶ

2049 3770 2308 3841 τιμηθείη
2359 3768 2481 3841 περὶ
2539 3768 2605 3822 τὰ
2663 3768 2831 3841 μείζω
2890 3767 2978 3822 xui
3020 3765 3344 3840 τελεώτερα.
3396 3758 3696 3838 Κεφάλαιον

2128 3897 2240 3967 (56)
2286 3893 2383 3948 Καὶ
2413 3898 2504 3968 τῇ,
2540 3900 2646 3951 etc.
2677 3896 2771 3950 Sic
2801 3894 3051 3968 codd.:-_u
3116 3888 3537 3968 etdomesticaa
3591 3887 3701 3942 Ec-

2057 3964 2245 4023 clesiae
2276 3973 2410 4043 tuae.
2448 3964 2474 4016 ἡ
2524 3969 2640 4043 Hic
2660 3967 2973 4043 praefecti_«
3010 3964 3566 4043 familiam,_»_quae,_
3591 3976 3700 4043 nu-

2057 4056 2217 4095 mero
2250 4044 2306 4094 et
2338 4040 2568 4111 pietate,
2602 4033 2865 4094 Ecclesiae
2900 4039 3163 4111 formam
3185 4033 3700 4111 exhibebansig’ni-

2058 4114 2230 4166 tieare
2260 4103 2489 4166 videtur
2514 4110 2846 4181 Gregorius,
2889 4126 3005 4164 non
3056 4106 3537 4181 ciciNaziangenam
3598 4103 3700 4157 Eo-

2060 4182 2322 4247 clesiam,
2357 4205 2385 4232 »
2419 4189 2483 4236 ut
2513 4176 2679 4252 putat
2710 4176 2877 4252 Elius.
2912 4180 3213 4252 Siquidem
3248 4180 3303 4252 i_n
3335 4176 3427 4230 his
3457 4190 3703 4252 sequen-

2055 4256 2215 4328 tibus
2273 4243 2604 4328 verbis,_xui
2682 4248 2943 4328 nme
2994 4243 3196 4328 Erexi-rm
3260 4249 3496 4328 Χριστοῦ
3542 4243 3703 4328 πλη-

2059 4326 2355 4403 ρώματιμι
2418 4325 2639 4403 et_hu_ic
2690 4319 2929 4403 pulchro
2988 4319 3501 4403 Ghristi'ccetu‘i3u
3575 4319 3704 4403 ipsa

2057 4391 2401 4468 designatur
2458 4391 2823 4451 Nazianiena
2877 4394 3157 4450 Ecclesia.
3220 4392 3281 4447 In
3350 4391 3546 4457 editis,
3601 4391 3700 4454 τὴν

2055 4472 2146 4534 τῇ,
2183 4475 2290 4523 etc.

2090 4491 2358 4610 “(5:30:94
2416 4533 2879 4611 αἷδεσιμωτέροις,
2932 4540 3040 4611 etc.
3102 4534 3226 4589 Non
3269 4532 3433 4611 bene
3473 4528 3700 4595 Billius,

2062 4633 2087 4660 ‹‹
2122 4601 2182 4665 ut
2208 4601 2482 4680 majorem
2518 4601 2671 4679 apud
2698 4601 2771 4674 le',
2798 4601 2966 4679 aquo
2997 4606 3216 4680 honore
3245 4601 3436 4680 aﬂ‘e‘cti
3469 4617 3699 4667 sumus,

2059 4675 2458 4737 auctoritatem
2495 4675 2803 4735 habituris.
2836 4675 3154 4733 )fAscribit
3210 4675 3501 4747 siquidem
3554 4689 3697 4744 pras-

2055 4755 2198 4809 fecto
2228 4753 2307 4818 id,
2340 4753 2492 4823 quod
2519 4751 2829 4823 Gregorius
2864 4748 3234 4823 Deotribuit.

2128 4826 2238 4895 (58)
2262 4813 2474 4897 Τ’ῷ’τῆς
2513 4813 2734 4897 αρχῆς.
2773 4828 2903 4897 etc.
2964 4820 3207 4897 Vetabat
3260 4816 3351 4871 lex
3408 4813 3695 4897 pratoria,

2059 4892 2141 4950 ne
2164 4918 2190 4945 ‹‹
2223 4892 2474 4965 populus
2513 4892 2818 4967 legationis
2866 4908 3116 4967 munere
3168 4892 3529 4967 fungeretur,
3559 4892 3701 4967 quia

2054 4985 2167 5022 non
2225 4957 3699 5036 erniittebatfninquitElias,uutquisquamordinis

2054 5039 2144 5091 sui
2180 4985 2323 5091 i‘ines
2354 5037 2692 5091 transiliret.
2728 5059 2755 5086 ν

2054 5056 2144 5094 Βυὶ
2180 5054 2323 5093 lines
2354 5054 2692 5091 ῙιῐῚΠΙΒΙΙΙΓΘῐι.
2728 5059 2755 5086 )ῖ

2128 5111 2236 5180 (59)
2293 5108 2534 5179 Τίμησον
2592 5109 2688 5175 τήν
2747 5106 2882 5177 ἐμὴν
2939 5104 3182 5180 πίστιν,⁸
3216 5107 3325 5158 etc.
3359 5102 3699 5180 icﬂonoi‘ﬁ

2054 5170 2231 5235 ﬁdem
2258 5170 2445 5236 meam
2473 5199 2485 5249 ;
2517 5170 2851 5235 secundum)
2872 5195 3073 5249 quam,
3108 5198 3135 5225 »
3159 5176 3330 5249 juxta
3359 5170 3601 5239 Eliam,¢
3632 5170 3695 5223 ﬁ-

2053 5252 2200 5307 delis
2223 5270 2288 5307 ac
2317 5247 2487 5307 verax
2515 5268 2643 5307 esse
2672 5251 2807 5306 huic
2840 5247 3053 5320 populo
3085 5247 3341 5303 creditus
3374 5259 3529 5308 sum,
3563 5257 3694 5296 cum

2053 5324 2302 5379 dicerem
2337 5324 2575 5378 omnino
2605 5328 2660 5377 te
2682 5322 2849 5376 nobis
2880 5321 3440 5390 obtemperaturum,
3462 5329 3699 5390 quaque

2053 5396 2166 5450 fide
2197 5396 2416 5450 credidi
2450 5401 2506 5449 te
2559 5410 2664 5448 nos
2724 5385 3157 5459 exauditurum,
3190 5396 3255 5444 ut
3284 5393 3338 5444 et
3388 5391 3491 5442 tua
3547 5385 3696 5459 ﬁdes

2053 5467 2515 5535 honoretur,qua
2554 5464 2827 5519 ﬁduciam
2847 5457 3186 5535 concepisti,
3211 5463 3433 5529 majora
3460 5461 3517 5511 te
3546 5457 3701 5510 bona

2053 5542 2505 5593 consecuturum
2552 5539 2811 5591 credens.
2846 5558 2872 5584 ››

2127 5610 2236 5681 (60)
2266 5609 2327 5663 Ἠ
2358 5609 2447 5677 σή.
2482 5607 2592 5681 δίο,
2632 5608 2777 5681 Reg.
2813 5607 2934 5675 bm,
2966 5604 3142 5663 Coisl.
3182 5604 3205 5660 l
3251 5608 3307 5661 et
3342 5603 3396 5673 2,
3430 5600 3524 5657 Or.
3553 5600 3607 5668 2,
3640 5600 3697 5654 et

2053 5679 2181 5736 Par.
2214 5679 2387 5737 Deest
2414 5681 2475 5735 in
2505 5679 2700 5737 editis.
