4094 6288
388 311 501 376 981
1297 314 1591 376 ORATIO
1636 315 1857 377 XVIII.
1890 349 1968 359 —
1999 314 2384 379 FUNEBRIS
2430 315 2510 376 IN
2554 313 2902 375 PATREM.
3687 302 3811 367 982

388 442 445 499 δέ
474 447 585 514 (61)
613 448 709 498 τοῦ
742 442 937 518 λόγου,
970 463 1115 518 εχεις
1147 444 1232 497 καὶ
1267 443 1425 507 αὑτὸς
1456 444 1507 498 ἐν
1551 445 1764 520 οὐρανῷ
1814 446 2004 520 Κύριον

2192 466 2383 520 uoque
2410 449 2485 515 ,in
2532 448 2852 519 majoribus
2887 451 2943 499 et
2976 445 3416 515 perfectioribus
3465 443 3804 499 honoretur.

386 534 639 591 τοιούτου
667 533 860 609 τύχοις
902 536 1025 609 περὶ
1058 536 1273 588 σεαυτὸν
1306 539 1401 588 τοῦ
1432 540 1642 610 κριτοῦ,
1675 535 1894 611 οἷόσπερ
1928 540 2003 607 (6'2

2185 546 2361 611 itque,
2396 544 2459 593 ut
2518 555 2631 592 uno
2683 538 2855 591 verbo
2915 554 3035 590 rem
3086 534 3457 605 complectar,
3493 533 3802 587 Dominum

390 624 449 678 ἂιο
482 622 639 684 αὐτὸς
668 621 794 698 γένῃ
824 625 942 683 τοῖς
989 623 1340 699 ἀρχομένοις.
1391 622 1665 699 Τύχοιμεν
1718 621 1774 677 δὲ
1825 623 2007 685 πάντες

2190 645 2277 699 pse
2311 644 2542 698 quoque
2576 627 2632 681 in
2657 626 2799 681 omlo
2832 626 3030 680 habes.
3056 625 3221 679 Hunc
3245 623 3350 678 tibi
3376 622 3553 677 talem
3585 638 3722 693 erga
3753 630 3807 676 te

385 716 475 768 καὶ
526 718 635 768 τῶν
689 712 927 777 ἐντεῦθεν
979 719 1254 788 χρηστῶν,
1305 713 1393 767 καὶ
1448 718 1553 768 τῶν
1602 715 1795 769 ἐκεῖθεν
1831 715 2002 768 ἀνεκτι

2187 716 2405 770 udicem
2439 715 2687 787 experiri
2718 715 3041 786 contingat,
3064 714 3296 784 qualem
3324 718 3381 766 te
3410 711 3503 766 his
3534 712 3688 767 326
3708 710 3804 780 qui

390 802 582 879 τέρων,
619 802 669 855 ἰν
704 804 921 877 Χριστῷ
954 803 1135 871 Ἰησοῦ
1172 801 1252 872 τῷ
1303 802 1485 875 Κυρίῳ
1530 806 1713 875 ἡμῶν,
1761 805 1805 874 ᾧ
1846 806 1879 871 ἡ
1915 798 2005 873 δόξ

2187 805 2394 875 :nperio
2448 810 2551 859 tuo
2600 805 2875 871 subsunt,
2921 801 3284 874 praestiteris.
3320 800 3555 855 Utinam
3609 804 3804 854 autem

384 894 496 966 (63)
550 891 639 945 καὶ
699 890 760 945 τὰ
818 892 1037 962 κράτος,
1096 888 1140 961 ᾤ
1188 892 1324 963 τιμὴ
1376 889 1463 944 καί
1524 891 1791 965 βασιλεία,
1842 891 1931 945 σὺν
1963 914 2001 946 τε

2194 895 2341 961 obis,
2368 899 2423 948 et
2468 894 2526 947 in
2560 893 2668 947 hac
2700 892 2819 947 vita
2851 891 3017 946 mitia
3045 896 3099 945 et
3132 891 3386 961 benigna
3435 893 3646 943 cuncta
3676 904 3808 942 con-

389 980 559 1055 Πατρὶ
589 980 677 1034 καὶ
711 984 788 1051 τῷ
824 979 963 1053 ἁγίῳ
1000 980 1289 1052 Πνεύματι,
1342 979 1522 1056 ὣσπερ
1574 983 1659 1049 ἢν,
1702 983 1791 1035 καὶ
1842 988 2006 1057 προῆι

2183 984 2401 1054 ingant,
2429 985 2484 1036 et
2513 982 2573 1035 in
2606 981 2785 1035 altero
2819 978 3033 1035 saeculo
3064 978 3303 1046 leviora,
3327 979 3385 1031 in
3407 978 3633 1032 Christo
3664 976 3800 1031 Jesu

387 1068 476 1124 καὶ
511 1064 678 1139 ἔσται,
712 1067 801 1121 καὶ
833 1072 924 1121 νῦν
958 1070 1091 1140 (64),
1125 1068 1214 1121 καὶ
1247 1068 1321 1129 εἷς
1348 1070 1475 1130 τοὺς
1505 1069 1702 1130 αἰῶνας
1745 1073 1852 1123 τῶν
1903 1069 2004 1123 aid;

2186 1071 2395 1125 Domino
2423 1075 2643 1135 nostro,
2668 1068 2761 1123 cui
2783 1068 2969 1140 gloria
2998 1073 3054 1124 et
3086 1067 3418 1139 imperium,
3440 1070 3495 1121 et
3517 1065 3723 1131 honor,
3747 1070 3803 1119 et

390 1179 520 1213 νων.
559 1158 755 1230 Ἀμήν.
2152 1176 2419 1231 regnum,
2448 1175 2583 1213 cum
2615 1162 2785 1213 Patre
2815 1161 2871 1212 et
2901 1161 3101 1212 sancto
3131 1156 3374 1228 Spiritu,
3397 1154 3550 1210 sicut
3578 1158 3720 1221 erat,
3746 1163 3801 1211 et

2150 1247 2276 1315 erit,
2310 1253 2367 1303 et
2398 1264 2553 1302 nunc
2583 1252 2692 1315 est,
2726 1247 2785 1300 in
2817 1245 3031 1301 sacula
3060 1244 3427 1300 seculorum.
3460 1245 3668 1297 Amen.

462 1369 988 1449 (@1)9é-.Deest_ie
1020 1371 1259 1449 052--
1406 1443 1438 1449 -
1485 1442 1546 1449 _.
1607 1444 1631 1449 -
1699 1446 1718 1449 _
1885 1445 1917 1449 _

2199 1372 2332 1449 ,(63)
2362 1372 2503 1449 ᾯ·ἠ
2528 1366 2701 1449 Αδόεᾳ,
2727 1374 2856 1449 _etc'
2907 1373 3046 1441 Reg.
3080 1386 3132 1439 a,
3164 1374 3221 1425 et
3252 1368 3348 1423 Or.
3379 1368 3435 1433 2,
3484 1366 3530 1436 ᾧ
3575 1363 3792 1440 κράτος,

466 1439 575 1515 (62)
608 1439 862 1515 Οἵόσπςρ.
891 1442 1008 1515 __Sio
1061 1443 1197 1515 Reg.
1246 1443 1367 1509 bm,
1400 1442 1572 1499 Coisl.
1604 1444 1658 1514 2,
1691 1446 1833 1511 δοες..
1884 1445 2038 1514 Par.,

1246 1443 1367 1509 bm,
1400 1442 1572 1499 Coisl.
1604 1444 1658 1514 2,
1691 1446 1833 1511 Jes.,
1884 1445 2038 1514 Par.,
2150 1439 2486 1513 δόξα,’τιμὴ,
2525 1439 2814 1515 βασιλείαν

388 1508 497 1570 etc.
527 1508 590 1570 1h
622 1514 737 1581 ed.,
773 1508 851 1574 οἷς
885 1509 943 1574 ες
976 1532 1097 1587 περ.
1145 1508 1176 1515 ⁷
1356 1508 1359 1509 ν
1644 1508 1655 1514 ⁷
1825 1508 1831 1511 ⁷

2221 1508 2329 1587 (64)
2362 1508 2465 1570 Καὶ
2495 1508 2609 1569 νῦν.
2642 1515 2760 1570 J88.
2793 1512 2976 1580 addit,
3007 1508 3096 1563 καὶ
3137 1508 3241 1579 ἀεί,
3273 1515 3330 1565 et
3359 1532 3386 1559 (ί
3419 1525 3666 1581 semper.
3698 1530 3725 1558 n

1074 1765 1223 1821 ³⁰⁷
1289 1776 1844 1865 MONI'I‘UM
1901 1779 2012 1864 ΙΝ
2070 1778 2761 1867 ()RATIONEM
2816 1776 3139 1862 XVIII.

477 2062 525 2122 Ι.
594 2062 724 2120 Hac
782 2059 1089 2132 oratione,
1140 2083 1171 2115 »
1248 2061 1454 2139 inquit
1516 2061 1755 2137 Billius,
1836 2086 1864 2116 «
1918 2062 2189 2140 primum
2246 2062 2545 2123 Basiliu-m
2602 2062 2902 2139 Magnum
2962 2059 3326 2140 alloquitur,
3385 2061 3568 2139 eique
3627 2060 3799 2121 velut

392 2145 835 2222 argumentum
897 2140 1215 2222 quoddam
1275 2141 1578 2201 orationis
1634 2142 2090 2204 subministrat.
2163 2143 2398 2204 Deinde
2469 2149 2743 2222 paternae
2814 2142 2957 2201 vitae
3036 2140 3361 2222 historiam
3420 2141 3790 2222 exordiens,

387 2220 671 2302 ostendit
717 2220 1298 2302 quemadmodum,
1376 2226 1742 2300 portentosa
1796 2222 2068 2301 quadam
2125 2230 2314 2302 atque
2388 2220 2584 2302 impia
2640 2222 3078 2301 superstitione
3136 2220 3420 2302 abjecta,
3487 2221 3786 2302 Christia-

390 2318 534 2360 nam
593 2301 778 2360 ﬁdem
838 2301 1166 2380 amplexus
1221 2300 1332 2375 sit,
1389 2302 1577 2379 idque
1636 2300 1829 2363 miris,
1867 2305 2066 2363 modis
2123 2300 2421 2375 exornat,
2479 2300 2551 2363 ac
2606 2300 2793 2363 simul
2848 2306 3102 2377 captata
3156 2301 3483 2361 occasione
3538 2300 3784 2361 laudem

390 2381 604 2441 matris
662 2382 959 2440 annectit.
1038 2383 1196 2441 Tum
1274 2382 1353 2441 ad
1423 2382 1725 2443 orationis
1799 2384 2151 2444 institutum
2212 2384 2500 2456 rediens,
2580 2382 2882 2443 miracula
2939 2381 3227 2460 quaedam
3315 2386 3569 2455 narrat,
3647 2400 3787 2458 qua

386 2462 447 2520 in
508 2460 680 2544 illius
736 2460 1113 2544 baptismate
1170 2462 1585 2544 contigerant.
1641 2464 1929 2544 Hincrad
1993 2465 2418 2544 episcopatum
2477 2462 2613 2541 ejus
2668 2462 2911 2531 transit,
2962 2461 3067 2544 ubi
3123 2461 3326 2544 varias
3382 2461 3516 2538 ejus
3554 2461 3789 2544 laudes

386 2541 823 2621 prosequitur,
904 2560 977 2601 ac
1049 2542 1345 2619 pietatem
1422 2543 1673 2621 quidem
1740 2543 1907 2603 illius
1966 2541 2046 2603 eti
2082 2541 2226 2605 ﬁdei
2284 2545 2698 2604 constantiam
2778 2561 2888 2620 per
2941 2542 3343 2601 collationem
3401 2541 3785 2619 ampliﬁcat,

386 2639 655 2702 eumque
712 2620 915 2681 obiter
986 2628 1252 2700 purgat,
1331 2620 1497 2700 quod
1557 2624 1925 2702 imprudens
1984 2625 2141 2684 falso
2202 2625 2450 2685 cuidam
2507 2632 2569 2683 et
2625 2623 2929 2699 sacrilego
2987 2622 3429 2702 haereticorum
3506 2621 3789 2698 dogmati

386 2700 873 2781 subscripsisset.
936 2702 1076 2760 Mox
1133 2701 1413 2779 ejusdem
1493 2700 1927 2764 liberalitatem
2006 2705 2585 2781 benignitatemque
2659 2704 2722 2763 in
2802 2701 3289 2779 complectendis
3365 2702 3784 2779 pauperibus,

389 2781 731 2863 gloriaeque
789 2780 1573 2863 humanaedcontemptum
1634 2784 1912 2857 laudat;
1991 2792 2094 2857 et,
2166 2780 2540 2863 quibusdam
2621 2784 2952 2843 virtutibus
3029 2801 3139 2860 per
3212 2782 3785 2863 congeriemﬂenu-

395 2862 685 2942 meratis,
765 2860 1294 2942 ad_humilitatis
1372 2860 1622 2923 laudem
1679 2864 1878 2932 redit.
1964 2860 2230 2942 eamque
2286 2866 2605 2941 eleganter
2680 2868 3042 2941 pertractat.
3103 2862 3216 2922 Cui
3269 2861 3636 2939 ignoscendi
3691 2862 3784 2921 fa-

394 2940 694 3021 cilitatem
751 2939 1109 3018 subjungit,
1167 2948 1358 3019 atque
1413 2942 1784 3021 injuriarum
1843 2939 2258 3015 oblivionem,
2317 2939 2735 3020 eximiamque
2792 2942 3248 3002 humanitatem
3302 2961 3443 3000 cum
3506 2942 3666 3000 mira
3718 2942 3785 3001 in

396 3020 579 3103 rebus
633 3021 921 3103 gerendis
974 3021 1350 3103 dexteritate
1405 3022 1829 3100 conjunctam.
1890 3026 1985 3085 Ita
2040 3026 2290 3084 demum
2369 3025 2665 3103 exponit,
2742 3022 3277 3103 quemadmodum
3334 3040 3475 3103 eum
3550 3021 3787 3099 duplici

392 3100 693 3161 miraculo
749 3102 912 3184 Deus
966 3101 1553 3184 celebravit,idum,
1604 3111 1663 3184 et
1715 3122 1843 3177 eos,
1894 3123 1930 3163 a
1979 3105 2205 3184 quibus
2252 3100 2463 3164 fuerat
2500 3104 2795 3173 offensus,
2851 3103 3003 3184 ultio
3055 3102 3275 3184 divina
3312 3101 3534 3184 statim
3573 3108 3788 3184 secuta

386 3189 526 3263 est,
574 3187 635 3263 et
691 3180 980 3263 eumdem
1038 3183 1941 3263 amedicisicomploratum,
1999 3180 2247 3263 praeter
2301 3186 2580 3244 omnium
2642 3201 2858 3260 spem,
2915 3183 3045 3260 ipse
3104 3182 3382 3263 pristinae
3440 3181 3781 3263 valetudini

386 3261 695 3335 restituit;
748 3268 811 3344 et
848 3262 997 3344 quia
1046 3261 1143 3321 his
1182 3262 1372 3344 rebus
1413 3262 1739 3323 hominum
1789 3261 2204 3324 sanctimonia
2250 3266 2577 3344 perspicue
2623 3263 3000 3333 declaratur,
3034 3262 3783 3344 additgquemadmodum

388 3346 587 3400 mater
641 3341 1010 3419 gravissimo
1066 3347 1127 3403 et
1183 3343 1572 3403 atrocissimo
1635 3344 1852 3404 morbo
1912 3344 2226 3415 laborans,
2251 3341 2531 3422 repente
2579 3344 2907 3403 sanitatem
2960 3342 3312 3421 receperit;
3364 3360 3437 3401 ac
3485 3348 3789 3421 praeterea

385 3436 660 3504 quonam
721 3422 908 3504 modo
962 3422 1095 3504 ipse
1153 3422 1503 3501 periculosa
1548 3430 1931 3504 tempestate
1982 3425 2278 3503 jactatus,
2338 3429 2668 3504 parentum
2725 3423 3037 3501 precibus,
3099 3422 3510 3482 certissimum
3553 3424 3789 3504 mortis

385 3502 1104 3583 periculumieﬁ‘ugerit.
1166 3504 1323 3563 Hinc
1394 3504 1472 3564 ad
1536 3503 1915 3564 fortitudinis
1970 3502 2466 3583 Constantiaaque
2539 3505 2789 3563 laudem
2848 3521 2913 3562 se
2970 3505 3231 3562 confert.
3295 3506 3429 3573 Qua
3504 3503 3788 3583 pluribus

384 3582 689 3661 exemplis
744 3582 1196 3664 demonstrata,
1266 3584 1460 3663 patris
1516 3585 1799 3645 encomio
1858 3584 2044 3645 ﬁnem
2102 3582 2391 3664 imponit,
2454 3592 2643 3663 atque
2701 3585 2778 3644 ad
2837 3587 3100 3664 matrem
3152 3583 3286 3661 jam
3345 3583 3518 3642 senio
3575 3582 3786 3643 confe-

384 3669 549 3722 ctam
608 3661 956 3722 orationem
1016 3661 1403 3737 convertens,
1466 3683 1604 3725 eam
1662 3666 2122 3741 elegantissime
2180 3661 2240 3726 et
2297 3661 2653 3726 doctissime
2711 3663 3091 3724 consolatur.
3144 3686 3175 3718 »

464 3744 541 3803 ll.
603 3742 891 3802 Nazianzi
949 3743 1153 3803 medio
1212 3745 1457 3804 circiter
1512 3764 1677 3804 anno
1736 3740 1851 3807 374
1912 3746 2127 3806 habita
2203 3751 2295 3805 est
2370 3746 2506 3805 haec
2583 3746 2807 3804 oratio.
2872 3745 3082 3805 Mense
3151 3742 3316 3802 enim
3396 3740 3617 3802 Martio
3690 3741 3786 3800 vel

384 3822 583 3903 Aprili
639 3821 917 3903 hujusce
961 3823 1151 3896 anni,
1212 3824 1397 3901 juxta
1454 3824 1769 3895 eruditos,
1831 3826 2075 3885 obierat
2132 3826 2465 3903 Gregorius
2523 3826 2750 3884 senior.
2814 3824 2881 3882 Id
2918 3823 3127 3903 etiam
3186 3820 3505 3903 nonnullis
3562 3839 3785 3881 monu-

389 3901 613 3961 mentis
646 3900 924 3981 _probari
979 3907 1204 3980 potest.
1264 3909 1352 3961 Ac
1408 3903 1612 3980 primo
1669 3904 1921 3981 quidem
1982 3912 2226 3965 constat
2260 3900 2598 3964 'mortuum
2652 3903 2785 3980 jam
2844 3902 3031 3963 fuisse
3088 3901 3453 3978 Gregorium
3514 3906 3783 3978 patrem,

384 4000 522 4040 cum
583 3979 1126 4062 ad_Iconienfsem
1170 3979 1805 4062 rsedem’assump‘tus
1869 3990 1962 4043 est
2033 3984 2530 4062 Amphilochius.
2610 3979 2854 4043 Etenim
2927 4001 3052 4060 quo
3095 3987 3411 4062 tempore
3484 3980 3569 4062 is_
3615 3981 3784 4041 ordi-

384 4067 566 4120 natus
620 4059 737 4118 fuit
813 4060 1007 4120 Iconii
1082 4061 1449 4139 episcopus,
1532 4059 1865 4139 Gregorius
1922 4059 2270 4124 noster—in
2346 4064 2516 4123 luctu
2573 4062 2650 4121 de
2727 4059 3002 4140 parentis
3080 4059 3297 4121 funere
3374 4060 3781 4131 versabatur,

383 4146 451 4199 ut
504 4140 1040 4221 ipsemetuscribit
1093 4142 1171 4201 ad
1225 4140 1735 4221 Amphilochium
1796 4148 2035 4221 patrem
2094 4162 2105 4201 ε
2172 4166 2202 4197 ‹‹
2253 4145 2343 4202 Αη
2398 4150 2457 4203 te
2515 4142 2789 4221 quidem,
2852 4167 2877 4195 »
2948 4141 3155 4219 inquit
3211 4142 3359 4221 (65),
3422 4164 3452 4194 ‹‹
3504 4140 3566 4199 in
3627 4159 3781 4200 mce-

382 4237 589 4301 rorem
631 4218 905 4301 _conjicit
958 4220 1147 4297 ﬁlius,
1208 4218 1376 4300 quod
1436 4222 1516 4281 ob
1572 4218 1865 4283 virtutem
1925 4223 2286 4301 arripiatur,
2348 4230 2409 4283 et
2466 4218 2704 4282 honore
2762 4218 3171 4282 afﬁciatuin...
3222 4218 3597 4301 'meiautem
3658 4240 3783 4281 non

379 4297 718 4358 discruciat
768 4304 988 4377 pater,
1048 4297 1593 4381 quiipostremam
1658 4321 1694 4361 a
1751 4303 1930 4363 nobis
1988 4297 2555 4381 peregrinationem
2613 4302 2789 4372 iniit,
2850 4321 2926 4361 ex
2982 4319 3107 4380 qua
3165 4319 3289 4381 non
3341 4299 3611 4381 jamdad
3672 4320 3786 4361 nos

380 4383 767 4451 revertetur,
827 4398 941 4440 nec
998 4398 1036 4438 a
1072 4378 1271 4441 nobis
1324 4382 1796 4459 conspicietur?
1843 4407 1872 4438 »
1952 4378 2262 4444 P'rzete'rea
2319 4384 2693 4451 Faustinus,
2753 4383 2853 4442 cui
2910 4378 3207 4441 successit
3262 4378 3783 4457 Amphilochius,

377 4460 517 4541 vita
579 4460 835 4541 functus
906 4465 1039 4541 erat
1114 4479 1280 4522 anno
1355 4462 1493 4521 373.
1574 4462 1839 4523 Basilius
1927 4482 2200 4541 namque
2275 4466 2356 4523 ad
2430 4464 2767 4524 Eusebium
2827 4464 3330 4522 Samosatensem
3404 4460 3781 4541 episcopum

378 4538 702 4622 scribens,
780 4538 868 4597 ait
926 4540 1111 4622 (ﬁ6)_:
1189 4564 1216 4594 «
1270 4541 1548 4601 Iconium
1609 4542 1824 4602 civitas
1882 4548 1973 4603 est
2046 4538 2367 4603 Pisidiae...
2446 4547 2585 4622 lpsa
2642 4562 2755 4601 nos
2807 4543 3071 4615 invitat,
3151 4547 3220 4622 ut
3276 4559 3339 4622 se
3394 4538 3782 4611 invisamus,

382 4624 449 4678 ut
508 4618 873 4697 episcopum
931 4619 987 4678 ei
1028 4618 1279 4681 demus.
1346 4623 1627 4683 Mortuus
1685 4629 1775 4682 est
1831 4623 1994 4682 enim
2071 4625 2424 4683 Faustinus.
2477 4618 2511 4678 ἓ)
2592 4626 2767 4684 Hanc
2826 4629 3035 4683 autem
3096 4620 3426 4699 epistolam
3483 4621 3782 4698 scriptam

378 4718 545 4783 anno
603 4700 733 4783 373_
778 4700 1179 4783 consentiunt
1249 4702 1499 4783 eruditi.
1568 4706 1813 4783 Utrum
1850 4722 2008 4763 {vero
2092 4702 2567 4783 Amphilochius
2642 4703 2926 4782 proxime
3001 4700 3299 4783 Faustino
3374 4701 3780 4783 successerit,

379 4798 459 4839 an
519 4778 1204 4861 hareticusquidam,
1263 4782 1371 4860 qui
1429 4786 1589 4843 328
1648 4782 1820 4841 brevi
1875 4778 2235 4845 defunctus'
2262 4790 2369 4843 aut
2425 4778 2662 4861 pulsus'
2698 4789 2825 4855 est,
2898 4782 3140 4841 medius
3196 4779 3562 4861 Faustinum
3620 4780 3785 4841 inter

381 4865 443 4919 et
495 4858 1005 4940 Amphilochium
1063 4858 1322 4934 sederit,
1386 4869 1454 4922 ut
1509 4862 1896 4924 arbitrantur
1952 4864 2271 4933 nonnulli,
2328 4858 2450 4923 non
2511 4864 2658 4923 satis
2712 4864 2927 4940 liquet.
2988 4861 3301 4937 Quidquid
3362 4860 3478 4931 sit,
3540 4866 3780 4921 certum

378 4938 1041 5021 est__Amphilochium
1116 4942 1454 5002 Iconiensis
1531 4943 1815 5003 Ecclesiae
1871 4943 2478 5004 administrationem
2538 4938 2881 5021 suscepisse
2938 4943 3299 5021 annoi3774.
3360 4940 3537 5021 Hunc
3598 4941 3781 5021 enim

376 5017 734 5101 ordinatum
821 5021 1188 5099 episcopum
1264 5022 1459 5101 datis
1502 5023 1725 5082 litteris
1801 5024 2021 5084 eodem
2099 5043 2267 5085 anno
2353 5023 2619 5085 Basilius
2696 5017 3056 5083 consolatur
3132 5020 3228 5101 his
3290 5019 3511 5101 verbis
3587 5020 3779 5101 (67),:

381 5123 411 5154 ‹‹
462 5098 834 5183 Benedictus
905 5098 1110 5183 Deus,
1190 5102 1299 5180 qui
1350 5100 1485 5183 sibi;
1541 5103 1859 5181 placentes
1917 5105 1980 5163 in
2038 5104 2300 5183 singulis
2358 5104 2650 5165 aetatibus
2716 5103 2941 5180 elegit,
3017 5099 3464 5183 electionisque
3520 5098 3785 5162 seCernit

373 5196 565 5251 vasa,
642 5183 705 5261 et
743 5176 856 5261 his
930 5180 1127 5240 utitur
1183 5176 1261 5242 ad
1340 5176 1752 5243 ministerium
1830 5176 2188 5245 sanctorum
2250 5202 2263 5242 ε
2355 5185 2463 5261 qui
2522 5202 2686 5243 nunc
2760 5176 2946 5244 etiam
3007 5188 3066 5241 te
3124 5200 3264 5241 cum
3343 5176 3629 5261 fugeres,
3716 5187 3785 5242 ut

377 5263 576 5344 tumet
630 5257 884 5344 dixisti,
963 5279 1090 5344 non
1142 5281 1314 5344 nos,
1376 5263 1483 5323 sed
1542 5264 1930 5325 vocationem
1992 5284 2178 5344 quam
2263 5257 2389 5341 per-
2449 5284 2560 5323 nos
2636 5265 2911 5323 futuram
2966 5257 3437 5344 suspicabai‘is,
3517 5261 3783 5344 inevita-

374 5338 613 5421 bilibus
661 5338 879 5415 gratiae
936 5341 1172 5401 retibus
1230 5342 1518 5421 illigavit,
1571 5363 1643 5404 ac
1700 5345 1759 5404 in
1821 5338 2085 5403 mediam
2147 5338 2440 5403 Pisidiam
2506 5345 2781 5413 deduxit,
2840 5350 2905 5403 ut
2963 5338 3247 5402 homines
3293 5342 3422 5400 Deo
3481 5343 3712 5419 capias,
3755 5368 3781 5397 ι

372 5426 496 5479 etc.
574 5418 726 5479 Cum
803 5438 953 5496 ergo
1030 5426 1091 5481 et
1166 5418 1581 5484 ordinationis
1654 5426 2077 5504 Amphilochii
2162 5434 2222 5484 et
2299 5425 2580 5501 Gregorii
2653 5425 2913 5484 senioris
2985 5424 3195 5485 obitus
3277 5418 3571 5499 tempora
3638 5442 3789 5483 con-

474 5548 545 5604 65
599 5547 786 5621 Epist.
818 5548 910 5604 63.

451 5548 569 5693 (ϐϐζ
596 5619 783 5693 Epist.
817 5619 940 5677 138.

2212 5556 2324 5627 (67)
2355 5554 2536 5626 Epist.
2575 5556 2696 5612 161.

475 5619 569 5692 οδ)
596 5619 783 5693 Epist.
817 5619 940 5677 138.
