4094 6288
258 298 381 363 983
1514 297 1579 358 S.
1626 296 1998 358 GREGORII
2042 296 2436 359 THEOLOGI
3558 298 3680 360 984

262 433 540 506 veniant,
600 436 789 511 atque
843 431 1008 491 illius
1066 429 1447 511 ordinationi
1503 428 1596 488 sin
1658 430 1887 500 minus,
1948 429 2128 490 istius
2182 434 2350 511 certe
2406 429 2610 489 funeri
2669 430 2918 511 affuerit
2974 430 3260 502 Basilius,
3326 448 3451 489 non
3513 430 3684 491 male

267 514 637 587 conjicitur,
687 509 999 589 Gregorii
1076 510 1267 588 [intris
1335 510 1576 592 obitum
1640 511 1951 592 funusque
2028 515 2169 590 post
2226 510 2510 592 hiemem,
2557 509 2706 592 anni
2764 512 2878 568 3Τὶ
2940 510 3492 592 ροιιοοειτὶφοδεθ.
3555 513 3680 571 Nec

268 612 520 654 movere
577 592 762 652 debet
819 592 987 670 quod
1042 592 1107 651 in
1166 592 1418 652 Menaeis
1476 590 1563 670 (p.
1626 591 1726 670 19)
1786 591 2033 668 legitur,
2093 608 2339 668 nempe,
2402 591 2701 650 Kalendis
2754 591 3040 651 Januarii
3105 612 3135 648 α
3180 590 3373 651 recoli
3429 608 3677 652 memo-

270 674 429 734 riam
480 673 761 749 Gregorii
821 672 1014 750 putris
1071 672 1189 730 hac
1247 672 1347 731 die
1404 671 1465 729 in
1528 689 1679 749 pace
1737 670 2193 749 quiescentis.»
2248 671 2572 731 lnfirmum
2627 690 2882 749 prorsus
2937 671 2999 730 id
3047 670 3404 748 argumenti
3454 690 3673 750 genus,

271 754 443 833 quod
499 772 576 813 ex
624 754 760 830 jam
819 753 998 833 dictis
1053 751 1204 812 satis
1262 752 1641 811 confutatur.

350 834 458 893 ΙΙΙ.
522 829 817 911 Superest
874 832 1081 892 adhuc
1140 840 1209 891 ut
1265 850 1458 890 unum
1515 838 1576 890 et
1632 832 1901 891 alterum
1958 831 2133 889 istius
2190 830 2489 911 orationis
2554 830 2779 911 locum,
2820 829 3276 903 difﬁciliorem,
3362 849 3550 909 quam
3609 837 3680 891 ut

267 913 437 974 intra
492 910 785 973 notarum
843 912 1163 989 angustias
1218 912 1374 971 solvi
1433 912 1651 989 possit,
1710 912 2130 970 enucleemus.
2192 920 2280 971 Ac
2349 910 2621 987 primum
2679 910 2931 989 quidem
2990 911 3065 969 de
3125 911 3549 990 Hypsistariis,
3610 913 3675 970 in

272 1012 540 1072 quorum
599 1011 808 1053 errore
863 994 1230 1052 versabatur
1288 992 1621 1068 Gregorius
1672 994 1900 1063 senior,
1956 992 2317 1072 priusquam
2377 991 2623 1072 Christo
2680 1010 2908 1051 nomen
2963 992 3165 1062 daret,
3228 991 3466 1067 aliquid
3514 991 3680 1051 dica-

270 1070 432 1133 mus.
496 1075 660 1133 Rara
716 1073 884 1152 apud
945 1079 1179 1132 veteres
1238 1072 1766 1151 Hypsistariorum
1829 1072 2083 1152 mentio.
2133 1070 2320 1143 Nihil,
2365 1070 2550 1152 juxta
2599 1072 2951 1152 Suicerum,
3002 1072 3169 1149 apud
3223 1072 3674 1150 Epiphanium,

266 1150 775 1230 Augustinumf
810 1152 1275 1213 Theodoretum
1310 1150 1353 1222 ,ί
1404 1157 1856 1211 Damascenum
1916 1158 1977 1211 et
2034 1151 2231 1223 alios,
2307 1151 2415 1228 qui
2471 1150 2620 1210 olim
2679 1151 2755 1210 de
2833 1150 3175 1211 haeresihus
3247 1152 3671 1229 scripserunt,

268 1234 519 1310 legitur.
582 1236 821 1293 Horum
879 1234 1132 1311 quidem
1193 1232 1552 1304 meminere,
1613 1238 1840 1309 praeter
1897 1232 2266 1308 Gregorium
2327 1236 2605 1290 nostrum
2663 1236 2724 1290 et
2782 1233 3151 1309 Nyssenum,
3213 1231 3559 1310 Hesychius
3616 1240 3680 1293 et

272 1315 517 1376 Suidas.
554 1315 783 1373 Verum
834 1313 935 1373 isti
985 1312 1141 1372 nihil
1190 1312 1459 1376 afferunt
1511 1319 1739 1390 praeter
1785 1312 2054 1371 nominis
2096 1312 2426 1383 rationem,
2468 1328 2541 1370 ac
2590 1311 3010 1389 Hypsistarios
3059 1311 3145 1372 sic
3185 1311 3385 1372 dictos
3432 1312 3675 1386 volunt,

272 1395 442 1472 quod
519 1417 549 1448 «
595 1398 949 1464 Summum,
1011 1417 1036 1449 n
1105 1411 1213 1452 seu
1284 1415 1314 1448 «
1361 1393 1738 1471 Supremum
1795 1394 2072 1452 colerent
2129 1396 2190 1451 et
2242 1391 2629 1450 invocarent.
2682 1414 2713 1445 »
2788 1394 3103 1469 Nyssenus
3157 1409 3304 1452 vero
3360 1392 3423 1451 id
3480 1411 3677 1452 unum

270 1473 464 1534 habet
516 1474 681 1554 (68),
758 1473 927 1551 quod
982 1472 1102 1554 ipsi
1162 1472 1416 1549 quidem
1499 1496 1528 1528 «
1578 1475 1773 1554 Deum
1832 1491 1964 1532 esse
2020 1472 2506 1554 confiterentur,
2549 1490 2753 1554 quem
2811 1472 3242 1554 Altissimum,
3304 1472 3400 1554 vel
3456 1472 3675 1554 Omni-

271 1551 1000 1633 potentem'vocabant,
1073 1553 1323 1611 Patrem
1380 1558 1589 1633 autem
1646 1553 1852 1630 ipsum
1910 1571 2040 1612 esse
2098 1569 2224 1633 non
2280 1551 2713 1633 admittebant.
2770 1574 2800 1633 υ
2896 1552 2959 1633 Si
3017 1560 3226 1612 tamen
3282 1552 3672 1629 Theologum

273 1632 629 1705 audiamus,
685 1652 762 1693 ex
820 1632 1064 1692 duabus
1117 1633 1299 1692 rebus
1356 1632 1629 1692 maxime
1685 1633 1984 1710 Oppositis
2040 1632 2346 1691 conﬂatus
2405 1638 2539 1691 erat
2596 1632 3127 1709 Hypsistariorum
3185 1651 3380 1705 error,
3440 1634 3671 1711 partim

274 1714 511 1774 scilicet
568 1732 643 1772 ex
701 1712 919 1791 gentili
974 1731 1205 1786 errore,
1258 1713 1486 1790 partim
1537 1731 1613 1773 ex
1670 1713 1857 1790 legali
1913 1712 2210 1772 vanitate.
2261 1712 2633 1790 Hypsistarii
2689 1711 2996 1787 siquidem
3044 1711 3214 1771 idola
3261 1722 3324 1772 et
3370 1713 3674 1773 sacriﬁcia

271 1794 647 1871 rejicientes,
716 1815 744 1851 (ί
787 1792 996 1869 ignem
1039 1816 1069 1847 »
1136 1800 1342 1852 tamen
1396 1798 1459 1853 et
1520 1793 1931 1853 «lucernas»
1995 1810 2136 1852 cum
2195 1791 2531 1869 gentilibus
2586 1792 2877 1851 colebant
2928 1813 2940 1853 :
3007 1814 3033 1846 (ι
3068 1792 3605 1854 circumcisionem
3640 1818 3670 1849 ››

273 1892 421 1933 vero
477 1880 908 1951 aspernantes,
972 1897 1001 1927 «
1034 1872 1378 1934 Sabbatum
1438 1876 1500 1931 et
1547 1872 1831 1950 jejunam
1890 1872 2229 1951 quamdam
2288 1890 2326 1931 a
2382 1872 2698 1931 nonnullis
2751 1871 2903 1931 cibis
2960 1872 3401 1932 abstinentiam
3439 1896 3465 1928 ι
3527 1892 3669 1934 cum

269 1954 504 2015 Iudaeis
561 1953 1001 2013 observabant.
1064 1953 1241 2014 Unde
1315 1952 1380 2010 hi
1437 1951 1667 2029 abjecti
1724 1961 1785 2012 et
1840 1952 2216 2030 aspernandi
2298 1951 2585 2012 homines
2664 1951 3195 2030 Hypsistariorum
3269 1971 3500 2013 nomen
3555 1954 3678 2013 sibi

269 2034 653 2106 tribuebant,
711 2034 881 2112 quod
933 2032 1136 2092 solum
1202 2054 1231 2089 (ι
1274 2032 1673 2110 Supremum,
1710 2055 1737 2091 »
1803 2050 1935 2104 seu,
2001 2030 2466 2112 «iAltissimum
2515 2056 2545 2086 »
2604 2037 3014 2108 agnoscerent
3071 2050 3141 2092 ac
3196 2039 3670 2094 venerarentur.

267 2114 697 2193 Epiphanius,
734 2111 915 2173 ilicet
972 2114 1048 2172 de
1106 2112 1511 2193 Hypsistariis
1569 2112 1852 2185 nullam,
1930 2117 1998 2172 ut
2047 2111 2184 2189 jam
2244 2111 3020 2193 vidimustmentionem
3058 2113 3310 2187 fecerit,
3372 2114 3675 2192 quiddam

268 2190 479 2255 tamen
535 2194 664 2253 fere
719 2193 922 2253 simile
980 2194 1057 2252 de
1114 2192 1528 2271 Euphemitis,
1588 2211 1695 2252 seu
1754 2192 2164 2264 Massalianis,
2228 2197 2466 2251 narrat.
2526 2190 2628 2272 Ait
2683 2192 2848 2252 enim
2907 2190 3066 2272 (69),
3150 2218 3179 2248 ί(
3228 2212 3335 2253 eos
3390 2190 3464 2255 ex
3521 2212 3671 2271 gen-

271 2274 491 2334 tilibus
546 2280 756 2344 ortos,
834 2291 948 2333 nec
1002 2272 1366 2341 Judaismo,
1447 2291 1560 2352 nec
1615 2272 2089 2334 Christianismo
2147 2272 2518 2343 attendere;
2594 2271 2743 2331 deos
2799 2273 3053 2351 quidem
3109 2272 3353 2345 dicere,
3432 2274 3676 2334 nullum

267 2360 479 2415 tamen
539 2355 825 2426 adorare,
888 2353 995 2413 sed
1053 2371 1246 2413 unum
1305 2352 1507 2412 solum
1566 2354 1874 2425 venerari,
1935 2370 2205 2429 eumque
2261 2353 2769 2430 Omnipotentem
2827 2371 3074 2413 vocare.
3121 2376 3151 2407 »
3214 2353 3405 2414 Addit
3459 2355 3670 2429 etiam,

270 2453 450 2495 «eos
504 2452 646 2493 cum
704 2433 1103 2513 lucernarum
1158 2433 1325 2509 igne,
1361 2454 1390 2489 ι)
1457 2433 1651 2511 (quod
1708 2438 2009 2513 λυχναφίαν
2070 2431 2299 2512 vocat),
2364 2456 2390 2486 α
2428 2432 3080 2513 conventushhabere.
3116 2456 3144 2488 »
3210 2436 3357 2505 Quae
3417 2434 3673 2511 quidem

268 2513 348 2573 ab
406 2514 499 2585 iis,
562 2531 703 2591 quae
761 2512 839 2571 de
900 2534 928 2571 (ι
969 2514 1370 2590 Hypsistariis
1413 2536 1440 2567 ››
1502 2517 1740 2571 veteres
1787 2511 2198 2591 scripserunt,
2258 2511 2384 2572 non
2447 2512 2713 2572 multum
2773 2511 3148 2591 discrepant.

349 2594 452 2653 IV.
518 2593 729 2652 Altera
784 2593 861 2652 de
918 2592 1157 2672 iisdem
1196 2592 1597 2670 Hypsistariis
1654 2594 1928 2653 occurrit
1984 2592 2341 2652 difficultas.
2404 2593 2628 2672 Mirum
2687 2592 2925 2653 Clerico
2983 2592 3227 2653 videtur
3287 2592 3441 2672 (70),
3502 2593 3673 2671 quod

268 2673 604 2750 Gregorius
656 2678 888 2744 noster,
945 2690 1088 2731 cum
1145 2671 1210 2731 in
1267 2672 1386 2732 hac
1441 2673 1722 2732 oratione
1780 2672 2198 2751 Hypsistarios
2249 2671 2479 2732 «idola
2514 2696 2542 2728 ιι
2594 2672 2857 2732 coluisse
2914 2680 3122 2751 neget,
3184 2677 3246 2733 et
3299 2671 3669 2750 Gregorium

312 2758 510 2813 atrem
571 2776 598 2807 α
647 2752 710 2811 in
766 2770 985 2812 eorum
1046 2752 1268 2811 haeresi
1322 2758 1542 2811 natum
1592 2777 1618 2807 π
1678 2752 1867 2823 dicat,
1930 2754 2200 2812 fateatur
2256 2757 2467 2812 tamen
2525 2752 2800 2812 carmine
2856 2752 3079 2829 primo,
3148 2776 3178 2808 «
3222 2771 3363 2812 eum
3424 2752 3669 2813 anima-

289 2832 420 2892 ium
467 2833 818 2892 simulacris
868 2832 1226 2909 paruisse.»
1283 2832 1353 2891 Id
1401 2832 1675 2893 Clericus
1726 2838 1891 2893 329
1938 2852 2217 2911 pugnare
2260 2832 2599 2893 existimat.
2650 2834 2983 2909 Egregium
3037 2852 3185 2892 sane
3235 2834 3386 2892 artis
3440 2833 3672 2893 critica

262 2913 634 2990 magistrum
690 2914 702 2971 l
779 2913 878 2972 cui
951 2931 1076 2972 una
1133 2918 1379 2972 tantum
1438 2913 1586 2973 nodi
1643 2913 1925 2973 solvendi
1984 2914 2143 2973 ratio
2197 2912 2543 2986 succurrit,
2623 2913 2991 2989 Gregorium
3048 2912 3283 2973 scilicet
3340 2919 3669 2986 nostrum,

264 3014 297 3048 «
347 2994 443 3053 vel
503 2992 821 3053 memoria:
876 2992 1097 3071 lapsu,
1180 2992 1277 3051 vel
1334 2991 1447 3053 zeli
1511 2993 1860 3053 fervidioris
1916 2993 2191 3071 impulsu
2250 2993 2566 3053 contraria
2618 2993 2899 3052 locutum
2958 3011 3141 3066 esse;
3217 2992 3335 3053 nisi
3392 2994 3553 3053 forte
3608 2993 3674 3052 in

258 3089 332 3133 eo
390 3074 556 3152 quod
613 3073 690 3133 de
748 3072 1119 3133 animalium
1178 3072 1362 3132 idolis
1420 3072 1613 3145 dixit,
1693 3073 1770 3132 ab
1845 3073 2189 3151 hyperbole
2269 3091 2379 3150 pro
2440 3090 2613 3131 more
2671 3092 2783 3132 suo
2841 3072 3167 3144 adhibita,
3249 3073 3675 3134 excussandus

258 3169 390 3213 esse
448 3154 819 3213 videatur.»
881 3153 1029 3222 Quis
1086 3153 1221 3212 haec
1276 3153 1588 3213 audiendo
1646 3172 1769 3213 non
1823 3152 2241 3231 indignetur?
2293 3153 2426 3224 Vel,
2478 3170 2618 3230 quae
2676 3153 2829 3213 ﬁdes
2878 3153 3186 3213 malevolo
3236 3159 3344 3214 aut
3385 3153 3675 3231 imperito

255 3232 585 3310 interpreti
640 3231 992 3293 habenda?
1047 3232 1360 3292 Audacior
1427 3232 1534 3293 ille
1591 3251 1849 3305 censor,
1932 3233 2039 3311 qui
2095 3239 2226 3293 tam
2300 3234 2537 3311 peritus
2592 3232 2711 3292 sibi
2767 3233 3057 3305 videtur,
3135 3239 3197 3293 et
3248 3240 3378 3294 tam
3436 3239 3671 3294 temere

258 3330 450 3391 quam
506 3319 878 3389 arroganter
933 3312 1010 3372 de
1070 3312 1370 3389 Gregorio
1426 3313 1692 3390 aliisque
1748 3313 2125 3373 doctissimis
2189 3331 2261 3373 ac
2336 3313 2743 3373 sanctissimis
2815 3313 3225 3391 scriptoribus
3299 3313 3677 3391 plerumque

253 3390 538 3468 judicat,
616 3394 975 3452 nullatenus
1052 3391 1153 3451 hic
1223 3393 1504 3469 Gregorii
1560 3399 1832 3453 mentem
1890 3401 2210 3455 assecutus
2265 3399 2379 3452 est.
2445 3396 2592 3453 Haec
2648 3400 2795 3453 sunt
2851 3390 3019 3454 enim
3077 3390 3383 3471 Theologi
3438 3390 3671 3465 verba,

259 3489 457 3532 carm.
522 3474 578 3549 1,
640 3490 801 3532 vers.
864 3473 1036 3531 425:

760 3573 942 3653 Αιξτὰρ
974 3572 1059 3653 ὅγ’
1091 3572 1423 3650 ἀγριέλαιος,
1457 3575 1545 3630 ὑπ’
1574 3573 1826 3639 εἰδώλοις
1859 3578 2030 3653 πάρος
2061 3579 2126 3644 ἦν

765 3648 950 3717 Ζώωύ,
982 3651 1092 3703 etc.

761 3739 835 3861 et
866 3735 965 3790 ille
999 3736 1235 3862 qutidem
1268 3736 1472 3808 (pater)
1506 3737 1754 3809 agrestis
1785 3738 1958 3806 oliva,
1989 3740 2099 3795 sub
2133 3738 2465 3795 simulacris
2496 3742 2667 3794 antea
2689 3743 2813 3794 erat

813 3824 996 3862 ivens.
1025 3824 1056 3862 θ
1087 3824 1134 3862 c.

813 3824 996 3877 ivens,
1025 3824 1134 3863 etc.

261 3906 429 3987 Nihil
501 3906 566 3966 in
641 3907 763 3967 hoc
819 3910 1117 3987 contextu
1174 3906 1251 3967 de
1308 3907 1674 3968 animalium
1750 3908 1936 3968 idolis
2013 3908 2272 3967 dictum.
2338 3908 2520 3968 Falsa
2574 3908 2743 3967 vocis
2803 3907 2955 3975 ζώων
3023 3908 3458 3987 interpretatio
3533 3908 3669 3968 Gle-

256 3986 452 4045 ricum
511 3987 571 4045 in
631 4006 903 4046 errorem
958 3986 1241 4059 induxit,
1303 3988 1451 4047 dum
1532 4012 1559 4043 «
1616 3988 1985 4048 animalium
2044 3988 2213 4047 idola
2271 4012 2298 4042 ››
2373 3988 2584 4049 videre
2642 4006 2706 4047 se
2774 3987 2995 4064 putat,
3075 3986 3206 4046 ubi
3258 3989 3661 4065 Theologus,

256 4068 429 4125 nulla
481 4067 844 4126 animalium
913 4068 1228 4127 mentione
1286 4069 1473 4137 facta,
1540 4075 1781 4146 patrem
1850 4068 2034 4127 «sub
2094 4068 2443 4127 simulacris
2496 4070 2809 4128 viventem
2855 4088 2882 4117 »
2943 4068 3245 4128 exhibuit.
3309 4070 3441 4128 Vox
3494 4068 3661 4127 enim

257 4152 410 4219 ζώων
460 4164 593 4226 Anon
653 4152 767 4218 est,
830 4152 896 4205 ut
953 4147 1299 4224 loquuntur
1355 4148 1772 4225 grammatici,
1827 4167 1874 4225 gl

2047 4167 2137 4208 rus
2195 4149 2453 4226 pluralis
2508 4149 2775 4208 nominis
2835 4156 2990 4224 ζῶον,
3060 4169 3088 4204 ‹‹
3175 4148 3417 4221 nimal;
3464 4171 3494 4202 ››
3559 4149 3664 4208 sed

254 4224 651 4306 participium
712 4244 983 4304 praesens
1038 4227 1211 4285 verbi
1271 4224 1393 4301 ζώὼ
1451 4228 1690 4306 poetice
1748 4224 1860 4306 pro
1921 4235 2049 4303 ζάω,
2115 4251 2144 4282 ‹‹
2197 4224 2370 4300 vivo,
2429 4250 2457 4282 »
2520 4228 2873 4306 Saepissime
2928 4230 3101 4287 illam
3161 4246 3421 4299 vocem,
3486 4249 3518 4281 «
3572 4229 3661 4288 vi-

252 4305 452 4364 ventis
495 4328 524 4359 »
590 4311 830 4366 tantum
894 4306 1350 4383 significatione
1406 4305 1807 4383 gaudentem,
1863 4308 2031 4385 apud
2090 4309 2453 4381 Homerum,
2513 4305 2879 4379 Hesiodum,
2940 4308 3323 4367 Herodotum
3382 4307 3663 4385 aliosque

252 4390 619 4477 usurpatam
677 4384 1042 4477 reperimus.
1106 4386 1329 4445 Mirum
1388 4405 1539 4477 sane
1593 4388 1657 4477 id
1711 4406 1748 4447 a
1805 4384 2041 4447 Clerico
2101 4388 2485 4465 ignoratum,
2540 4390 2633 4447 vel
2695 4387 2900 4477 potius
2961 4388 3448 4477 dissimulatum:
3502 4384 3665 4448 Prae-

252 4468 442 4535 terea,
505 4465 623 4525 hac
687 4488 716 4523 α
754 4464 1067 4524 idolorum
1111 4487 1138 4521 »
1205 4484 1311 4525 seu
1373 4489 1399 4521 α
1445 4467 1921 4527 simulacrorum
1968 4490 1995 4522 »
2059 4464 2209 4527 voce
2264 4475 2445 4529 utens
2506 4468 2860 4544 Gregorius,
2926 4486 3049 4526 non
3107 4468 3341 4528 idcirco
3399 4468 3658 4527 deorum

250 4553 358 4627 aut
417 4544 1178 4627 animalium_simulacra
1234 4546 1587 4623 signiﬁcare
1644 4548 1888 4621 voluit;
1956 4565 2170 4606 verum
2230 4567 2302 4608 ea
2360 4554 2604 4607 tantum
2662 4547 3056 4627 generatim,
3140 4566 3281 4626 quae
3356 4549 3656 4627 supersti-

248 4624 422 4706 tiosee
481 4623 848 4703 gentilitatis
906 4625 1185 4706 propria,
1236 4627 1364 4686 veri
1425 4628 1531 4687 Dei
1580 4628 1848 4687 cultores
1896 4645 2295 4706 summopere
2346 4623 2685 4706 respuunt,
2726 4626 3079 4705 cujusmodi
3129 4623 3383 4687 fuerunt
3434 4623 3660 4704 lignis

247 4709 307 4762 et
345 4704 759 4786 lucernarum
794 4726 824 4758 »
879 4704 1208 4779 elementa,
1272 4725 1412 4784 qua:
1468 4708 1841 4786 Hypsistarii
1898 4704 2185 4785 religiose
2234 4704 2546 4768 colebant.
2609 4710 2761 4768 Cum
2806 4704 3013 4783 igitur
3062 4708 3396 4785 Gregorius
3455 4715 3652 4786 pater,

246 4783 359 4866 etsi
423 4802 559 4866 non
634 4802 969 4863 supremo,
1042 4783 1479 4866 superstitioso
1526 4783 1762 4847 tamen
1836 4783 2035 4846 cultu'
2086 4787 2219 4848 haec
2293 4789 2601 4848 elementa
2658 4794 3101 4860 veneraretur,
3182 4783 3389 4866 potuit
3444 4783 3653 4849 dicere

243 4862 604 4942 'l‘heologus
663 4862 903 4941 patrem
960 4865 1075 4923 sub
1132 4862 1435 4926 iridolis»
1501 4885 1605 4926 seu
1671 4866 2156 4927 «simulacris»
2221 4868 2467 4941 vixisse,
2528 4870 2586 4927 id
2647 4873 2760 4939 est,
2832 4888 2859 4923 ‹‹
2904 4867 3019 4926 sub
3075 4862 3474 4927 senaibilibus
3525 4868 3655 4928 ele-

247 4944 575 5026 mentis._»
636 4943 773 5026 Quo
827 4944 1014 5026 etiam
1073 4946 1791 5026 sensuiintelligendum
1848 4953 1961 5017 est,
2023 4947 2191 5025 quod
2251 4949 2584 5026 Gregorius
2639 4946 2964 5026 presbyter
3018 4947 3081 5006 in
3159 4947 3287 5008 Vita
3345 4947 3654 5025 Theologi

244 5022 457 5105 scribit
492 5022 654 5105 _(7l)
717 5042 730 5083 :
818 5043 845 5079 (ι
901 5024 1089 5083 Pater
1144 5025 1394 5102 quidem
1456 5022 1776 5105 Gregorii,
1830 5052 1858 5081 »
1938 5022 2174 5105 inquit,
2268 5052 2297 5083 «
2356 5022 2539 5089 idolis
2600 5022 2866 5097 relictis,
2948 5029 3025 5085 ad
3105 5027 3355 5105 pietatis
3412 5022 3651 5087 cultum

243 5101 573 5185 migravit;
626 5108 709 5185 et
734 5120 994 5185 excussa
1024 5101 1556 5185 Hypsistariorum
1584 5101 2073 5185 superstitione,
2110 5107 2389 5168 sincerus
2435 5108 2661 5168 divinae
2711 5108 2928 5184 gratim
2978 5101 3321 5185 discipulus
3371 5108 3643 5167 eluxit.»

433 5201 591 5281 ergo
641 5181 1247 5281 Theologusndum
1309 5188 1385 5248 de
1442 5181 1830 5281 Hypsistario
1900 5192 2077 5281 patre
2134 5206 2484 5248 sermonem
2549 5181 2817 5281 habuit,
2884 5181 3184 5277 memoria
3245 5188 3457 5281 lapsus
3513 5193 3649 5264 est,

243 5278 370 5346 nec
414 5262 606 5323 nimio
664 5261 795 5346 zelo
850 5262 1185 5341 abreptus,
1266 5285 1381 5327 nec
1433 5261 1623 5327 etiam
1698 5261 2043 5345 hyperbole
2119 5287 2305 5345 usus,
2385 5289 2421 5329 a
2478 5288 2604 5346 qua
2661 5266 2934 5327 Clericus
2991 5266 3126 5344 ejus
3181 5261 3647 5328 excusationem

242 5341 375 5399 erui
430 5360 613 5419 posse
672 5340 935 5401 videtur.

318 5420 388 5479 V.
455 5425 556 5504 Far
616 5420 905 5504 hujusce
951 5423 1253 5483 orationis
1326 5430 1497 5485 textu
1576 5426 1698 5485 alia
1774 5424 1961 5484 etiam
2038 5426 2321 5503 exsurgit
2393 5425 2777 5494 difficultas;
2857 5443 2935 5484 an
3012 5425 3247 5486 scilicet
3315 5428 3649 5504 Gregorius

240 5505 418 5573 pater
480 5501 602 5558 «in
663 5501 953 5560 cubiculo
1010 5520 1143 5574 suo,
1208 5526 1234 5560 ››
1300 5511 1365 5562 ut
1424 5506 1643 5565 volunt
1699 5504 2009 5578 nonnulli,
2091 5529 2121 5560 «
2170 5501 2478 5583 privatum
2541 5524 2787 5564 sacrum
2847 5505 3177 5583 peregerit.
3240 5528 3269 5563 ››
3352 5501 3502 5569 Rem
3561 5508 3647 5568 sic

312 5627 420 5768 (683
452 5629 544 5684 Or.
576 5631 611 5683 2
640 5637 833 5686 contra
862 5634 1117 5703 Eunom.,
1148 5638 1186 5690 t.
1221 5636 1293 5705 II,
1326 5652 1455 5709 pag.
1492 5638 1613 5692 440.
2067 5636 2178 5707 (70)
2210 5637 2354 5692 Bibl.
2393 5638 2571 5703 univ.,
2603 5654 2697 5722 an.
2731 5637 2886 5709 1690,
2921 5640 3062 5721 tom.
3096 5636 3291 5705 XVIH,
3324 5656 3379 5711 p.
3402 5638 3436 5694 3
3462 5641 3524 5695 et
3548 5639 3602 5696 4.

313 5697 399 5764 (69
451 5699 662 5758 Haeres.
697 5718 858 5768 Lxxx,
890 5720 948 5768 p.
980 5705 1105 5763 450.
2065 5709 2181 5768 (71)
2213 5709 2383 5768 Greg.
2417 5709 2616 5767 Presb.
2649 5727 2709 5767 1n
2741 5709 2909 5768 Greg.
2952 5711 3089 5768 Vita.
3124 5727 3181 5767 n.
3211 5710 3265 5767 4.

313 5697 420 5768 (69)
451 5699 662 5758 Haeres.
697 5718 858 5772 Lxxx,
890 5720 948 5775 p.
980 5697 1115 5763 45οξ
1281 5697 1291 5705 ⁷
1326 5697 1343 5708 ⁵
1401 5697 1433 5709 υ
2065 5697 2181 5781 (71)
2213 5709 2383 5781 Greg.
2417 5697 2616 5767 Presb.
2649 5709 2709 5767 in
2741 5697 2909 5781 Greg.
2952 5710 3089 5782 Vita,
3124 5727 3181 5767 n.
3211 5710 3265 5767 4.

4072 2940 4094 3209 l
