4094 6288
325 374 447 438 985

1237 373 1525 436 ORATIO
1568 372 1790 437 XVIII.
1821 405 1899 418 —
1929 372 2321 437 FUNEBRIS
2366 373 2445 435 IN
2488 375 2837 439 PATREM.

3617 374 3737 439 986

330 513 551 593 narrat
603 506 965 593 Theologus
1014 505 1110 593 _(n.
1169 507 1319 583 29):
1377 528 1405 564 «
1440 507 1717 593 Mysterii
1774 511 2036 593 tempus
2078 509 2418 593 aderat...._
2450 528 2592 569 cum
2648 509 2755 571 ille
2812 508 3175 593 (Gregorius
3229 508 3437 593 pater)
3496 510 3575 571 ab
3632 528 3730 583 eo,

330 590 439 667 qui
497 594 777 650 mortuos
834 589 914 647 ad
971 588 1159 648 vitam
1227 594 1496 660 avocat,
1547 589 1877 648 excitatur.
1939 589 2149 650 Primo
2207 590 2535 668 paululum
2591 608 2655 651 se
2712 588 2942 663 movet,
2998 588 3534 663 deinde'ﬁrm'ius,
3586 610 3728 650 mox

328 670 558 745 exigua
610 668 951 728 admodum
1010 674 1072 729 et
1145 669 1418 729 obscura
1494 686 1648 728 voce
1723 668 2134 730 famulum....

2212 677 2447 731 vestem
2520 672 2881 750 porrigere,
2966 690 3351 749 manumque
3426 671 3732 750 subjicere

322 749 525 890 iubet.
585 750 702 820 Qui
759 767 901 808 cum
960 767 1087 809 non
1145 749 1277 841 sine
1334 754 1591 841 stupere
1647 748 1911 819 adesset,
1986 758 2400 843 prompteque
2454 748 2924 846 obsequeretur,
2987 754 3119 831 ipse
3180 771 3370 844 manu
3426 748 3728 844 tanquam

375 829 556 889 aculo
612 830 860 890 ductus.
922 830 1199 890 Movsem
1253 827 1433 888 illum
1489 848 1555 889 1n
1611 835 1823 889 monte
1880 836 2163 890 orantem
2220 837 2551 890 imitatur:
2613 832 2952 890 fractisque
3007 852 3080 890 ac
3134 833 3476 890 debilitatis
3534 850 3728 890 mam-

375 829 572 911 aculo_
612 830 860 911 ductus,
922 830 1199 908 Moysem
1253 827 1433 911 illum
1489 830 1555 889 in
1611 835 1823 911 monte
1880 827 2187 911 orantem,
2220 827 2551 904 imitatur;
2613 827 2952 911 fractisque
3007 827 3080 893 ac
3134 832 3476 892 debilitatis
3534 827 3734 892 mani-

326 910 445 969 bus
499 909 1449 991 adeorationemcompositis,
1530 914 1711 991 331)Δ
1750 909 1945 971 alacri
2000 911 2214 970 animo
2281 930 2391 989 pro
2466 913 2700 990 populo
2762 909 3055 991 mysteria
3110 912 3544 979 concelebrat,
3623 918 3733 973 aut

328 989 775 1068 prmcelebrat,
839 989 1055 1067 paucis
1113 989 1409 1068 quidem,
1468 994 1530 1049 et
1585 989 1813 1067 quibus
1868 996 2155 1068 poterat,
2212 989 2481 1061 verbis,
2520 989 2723 1051 mente
2781 989 3033 1066 autem,
3105 1000 3173 1052 ut
3232 992 3385 1051 mihi
3444 993 3725 1065 videtur,

328 1088 634 1148 perquam
693 1070 960 1147 integra.
1021 1072 1171 1129 Rem
1230 1070 1503 1130 miram!
1565 1070 1698 1129 sine
1754 1071 2027 1130 sacrario
2082 1072 2146 1130 in
2204 1071 2517 1144 sacrario,

1613 1168 1754 1209 cum
1828 1151 2175 1228 gratiarum
2231 1152 2493 1211 actionis
2548 1153 2777 1223 verba,

326 1168 365 1209 a
448 1150 755 1227 mysteriis
815 1155 1189 1210 remotus....
1268 1152 1535 1221 Postea,

2596 1073 2726 1131 sine
2784 1073 2967 1132 altari
3023 1072 3378 1144 sacriﬁcus,
3440 1073 3733 1133 sacerdos

2855 1153 2944 1212 ita
3000 1159 3069 1213 ut
3124 1153 3511 1213 consuetudo
3567 1153 3724 1226 fert,

326 1230 550 1312 ell‘atus
602 1237 907 1312 esset,__ac
968 1231 1270 1312 populum
1329 1229 1767 1312 benedixisset,
1820 1230 1884 1289 in
1941 1231 2237 1312 lectulum
2298 1250 2511 1291 rursus
2568 1251 2633 1292 se
2689 1232 2975 1309 conjecit.
3014 1258 3041 1287 »
3103 1237 3190 1293 Ex
3248 1252 3373 1312 quo
3433 1239 3728 1293 contextu

326 1310 585 1393 quidam
642 1309 1137 1393 eruditi,_inter
1194 1328 1351 1387 quos
1409 1310 1805 1393 doctissimus
1861 1327 1934 1370 ac
1993 1310 2305 1393 piissimus
2361 1312 2695 1393 cardinalis
2752 1314 2926 1373 Bona
2983 1314 3181 1393 (72),
3245 1309 3520 1392 mysterii
3576 1331 3730 1373 voce

324 1390 609 1471 decepti,
690 1388 1058 1471 Gregorium
1118 1396 1364 1468 patrem
1421 1409 1476 1471 ag
1513 1390 1745 1471 lectulo
1803 1388 2186 1464 surrexisse,
2265 1396 2331 1471 et
2402 1392 2713 1469 privatum
2775 1388 3020 1453 sacrum
3094 1388 3158 1453 in
3233 1388 3523 1454 cubiculo
3584 1412 3725 1471 per-

323 1470 561 1547 egisse,
621 1470 1083 1531 existimarunt.
1148 1471 1371 1531 Verum
1432 1469 1484 1529 si
1536 1470 1695 1529 serio
1751 1472 2214 1548 perpendamus
2271 1470 2578 1548 Theologi
2634 1473 2867 1544 verba,
2932 1490 3055 1533 non
3112 1492 3327 1533 verum
3387 1491 3460 1534 ac
3516 1469 3724 1547 reale,

323 1551 431 1609 sed
495 1550 1172 1632 mysticumtantum,
1231 1555 1567 1632 menteque
1621 1551 2114 1632 conceptumgin
2172 1552 2453 1632 Gregorii
2506 1553 2670 1613 facto
2728 1554 3102 1614 sacriﬁcium
3161 1553 3721 1632 deprehendamus.

327 1652 358 1685 «
389 1632 570 1713 Nam,
611 1653 638 1685 ι)
693 1636 761 1689 ut
815 1630 1307 1713 ait_Elias(73),
1366 1653 1396 1686 «
1426 1632 1587 1692 festa
1633 1629 1888 1713 quidem
1944 1630 2120 1704 olim,
2171 1631 2252 1692 ob
2294 1651 2405 1713 ea,
2452 1651 2595 1709 quas
2650 1634 2713 1693 in
2770 1634 2867 1694 his
2918 1634 3175 1712 mystice
3234 1629 3721 1713 peragebantur.

322 1710 617 1788 mysteria
672 1710 1082 1789 appellabant
1138 1730 1151 1771 :

1233 1710 1353 1771 hoc
1410 1716 1622 1793 autem
1683 1710 1822 1793 loco
1879 1729 2023 1771 eum
2081 1712 2582 1792 (Tbeologum),
2642 1731 2753 1792 per
2811 1710 3253 1793 mysterium,'
3297 1710 3503 1793 ipsum
3563 1715 3722 1775 sacri

324 1797 669 1872 eonventus
722 1797 969 1868 tempus
1023 1789 1374 1872 intelligere
1431 1790 1741 1861 existimo,
1792 1792 1857 1851 in
1899 1809 2030 1872 quo
2079 1789 2379 1870 mysticae
2418 1789 2668 1872 quoque
2721 1789 2934 1872 preces
2981 1789 3341 1855 sacerdotes
3381 1794 3723 1855 celebrant.

324 1869 438 1930 Cui
494 1872 816 1931 sententiae
873 1888 948 1931 ea
1004 1870 1216 1942 etiam,
1264 1888 1404 1948 quas
1463 1877 1834 1948 sequuntur,
1883 1869 2193 1931 favent...

2259 1875 2386 1954 Ego
2445 1874 2742 1954 mysteria
2797 1875 3049 1953 quidem
3112 1893 3224 1953 pro
3282 1874 3518 1954 populo
3575 1893 3726 1936 con-

324 1950 623 2021 celebrat,
684 1956 903 2027 utpote
959 1969 1085 2009 una
1127 1950 1414 2034 _cumAiis
1448 1952 1579 2034 _qui
1639 1950 1772 2011 haec
1810 1950 1892 2034 in
1950 1952 2134 2011 altari
2188 1950 2593 2013 celebrabant
2651 1950 2868 2032 spiritu
2929 1950 3226 2034 praesens,
3282 1950 3530 2015 etiamsi
3585 1973 3722 2015 cor-

324 2048 519 2109 pore,
559 2035 838 2117 _prgpter
894 2030 1175 2117 corporis
1230 2030 1704 2117 inﬁrmitatem,
1765 2032 2009 2092 abesset

324 2109 622 2170 ammodo
666 2109 753 2170 'ac
810 2110 1080 2170 breviter
1135 2127 1209 2170 ea
1264 2110 1438 2187 prius
1497 2111 1846 2170 absolvens.
1899 2135 1929 2166 ››

2164 2034 2528 2094 raecelebrat
2581 2041 2835 2107 autem,
2894 2041 2963 2094 ut
3019 2036 3461 2113 compendiose
3521 2034 3725 2112 quod-

2015 2079 2248 2172 Iéodem
2310 2114 2494 2173 modo
2550 2080 3043 2193 interpretantur
3099 2079 3400 2186 Btfsilius,
3459 2079 3720 2187 BiIlius,

323 2190 798 2273 Tillemontius,
857 2195 975 2249 etc.
1036 2191 1173 2273 Non
1230 2207 1381 2267 ergo
1447 2213 1477 2245 «
1526 2191 1838 2273 privatum
1896 2210 2145 2273 sacrum
2204 2193 2268 2251 in
2324 2194 2614 2254 cubiculo
2672 2190 2936 2273 peregit.
2988 2218 3017 2249 »
3082 2194 3415 2273 Gregorius
3471 2194 3720 2267 senior,

321 2287 464 2329 cum
522 2270 611 2330 ibi
666 2288 780 2342 ea,
859 2270 1139 2350 quaead
1189 2288 1414 2350 verum
1475 2270 1849 2330 sacriﬁcium
1906 2272 2353 2350 requiruntur,
2430 2270 3144 2346 ornamenta'scilicet,
3211 2270 3458 2345 altare,

3542 2274 3721 2353 panis

319 2354 382 2409 et
438 2351 600 2410 calix
658 2349 1088 2434 consecrandi,
1130 2349 1458 2434 abessent.
1518 2351 1763 2410 Etenim
1822 2368 1896 2434 es
1950 2351 2256 2434 Theologi
2311 2360 2605 2415 contextu
2664 2355 2947 2434 sequitur
3006 2362 3273 2427 tantum,
3351 2349 3718 2428 Gregorium

318 2435 587 2507 patrem,
646 2430 912 2490 solemni
947 2430 1291 2510 (Paschatis
1347 2431 1467 2502 die,
1532 2450 1658 2505 pra}
1734 2430 1951 2491 morbo
2000 2432 2338 2510 jacentem,
2397 2453 2430 2495 e
2488 2436 2716 2495 lectulo
2752 2430 3134 2506 surrexisse,
3169 2441 3232 2495 et
3285 2434 3349 2494 in
3404 2434 3713 2506 cubiculo,

315 2511 608 2571 manibus
662 2510 743 2570 ad
800 2509 1147 2569 orationem
1206 2510 1607 2588 compositis,
1665 2510 1937 2589 liturgiw
1994 2509 2242 2590 preces,

1144 2607 1216 2650 ac
1277 2591 1539 2677 proinde
1597 2591 1786 2677 verbo
1844 2597 2129 2677 tantum,
2195 2600 2258 2654 ut
2314 2591 2731 2677 ita'loquar,
2783 2597 3120 2669 obtulisse,
3180 2591 3418 2675 gratias
3472 2591 3715 2677 egisse,

314 2590 543 2661 verbis,
577 2613 630 2645 -»
708 2590 1001 2649 recitasse
1048 2608 1063 2662 ;

2339 2538 2369 2570 «
2426 2516 2640 2594 paucis
2695 2516 2991 2594 quidem,
3068 2522 3131 2576 et
3186 2514 3418 2594 quibus
3470 2520 3720 2593 poterat

313 2669 730 2744 benedixisse,
789 2677 909 2730 etc.
972 2668 1208 2741 Quibus
1263 2671 1556 2749 peractis,
1615 2672 1680 2732 in
1737 2672 2039 2732 lectulum
2098 2692 2310 2734 rursus
2367 2694 2430 2735 se
2490 2668 2781 2755 conjecit.

392 2775 504 2844 (72)
538 2777 750 2843 Lz'turg.
785 2774 885 2830 lib.
919 2792 959 2844 ι,
982 2792 1032 2830 c.
1061 2776 1147 2846 14,
1171 2793 1227 2847 p.
1259 2777 1329 2831 96
1358 2778 1448 2833 ed.
1475 2778 1640 2833 Rom.
1665 2794 1760 2833 an.
1785 2778 1941 2834 1671.

799 3020 1201 3116 ΛΟΓΟΖ
1307 3026 1502 3117 IH’.

329 3152 646 3231 Ἐπιαάφιος
711 3157 820 3228 (74)
896 3155 1143 3233 είς-τον.
1202 3158 1425 3233 πατέρα,
1502 3158 1768 3233 παρόντος
1853 3162 1966 3233 (75)
1996 3162 2052 3228 Α

988 3225 1300 3284 Βασιλείου.

386 3321 463 3374 Λ’,
496 3318 783 3391 ’Ἄνθρωπε
837 3321 935 3372 τοῦ
991 3322 1146 3387 Θεοῦ,
1204 3318 1293 3372 καὶ
1347 3319 1502 3374 πιστὶ
1560 3321 1814 3395 θεράπον,
1874 3323 1964 3377 καὶ

316 3403 574 3477 οἰκονόμε
614 3409 723 3459 τῶν
753 3409 855 3459 τοῦ
902 3409 1036 3460 Θεοῦ
1084 3405 1419 3480 μυστηρίων,
1469 3407 1558 3462 καὶ
1608 3406 1730 3485 ἄνερ
1778 3410 1964 3465 ἐπιθυ-

318 3495 458 3564 μιῶν
487 3496 596 3549 τῶν
629 3497 726 3549 τοῦ
758 3492 1071 3567 Ηνεύματος
1096 3512 1110 3526 ·
1146 3494 1289 3549 οὕτω
1336 3497 1441 3571 γὰρ
1472 3499 1507 3566 ἡ
1567 3499 1751 3576 Γραφὴ
1806 3498 1966 3555 καλεῖ

312 3580 440 3643 τοὺς
486 3576 881 3653 διαϐεϐηκότας
927 3583 1016 3637 καὶ
1078 3583 1344 3659 ὑψηλοὺς,
1404 3585 1492 3640 καὶ
1553 3586 1798 3663 ὑπεράνω
1848 3591 1963 3663 (76)

310 3674 418 3725 τῶν
452 3670 942 3747 ὁρωμένων.Καλῶ
973 3669 1028 3727 δέ
1060 3693 1117 3728 σε
1145 3674 1237 3728 καὶ
1268 3675 1397 3729 Θεὸν
1421 3677 1622 3751 Φαραὼ
1653 3676 1830 3747 πάσης
1864 3676 1962 3733 Αί-

313 3762 616 3834 γυπτιακῆς
663 3759 753 3814 καὶ
804 3759 1183 3834 ἀντικειμένης
1233 3760 1534 3835 δυνάμεως,
1592 3763 1684 3819 καὶ
1743 3764 1960 3835 στύλον,

310 3849 399 3902 καὶ
452 3847 730 3925 ἑδραίωμα
774 3855 874 3917 τῆς
920 3849 1267 3921 Ἐκκλησίας,
1337 3850 1427 3904 καὶ
1477 3851 1694 3923 Θέλημα
1742 3854 1959 3925 Κυρίου,

311 3937 399 3991 καὶ
459 3943 742 4015 φωστῆρα,
794 3936 845 3991 ἐν
899 3936 1092 4008 κόσμῳ
1140 3936 1303 4013 λόγον
1349 3944 1492 4008 ζωῆς
1526 3940 1813 4015 ἐπέχοντα,
1872 3943 1962 3997 καὶ

310 4026 542 4085 πίστεως
595 4021 838 4097 ἔρεισμα,
898 4024 986 4079 καὶ
1068 4024 1379 4099 Πνεύματος
1436 4030 1795 4104 καταγώγιον.
1857 4031 1959 4089 Καὶ

306 4114 359 4167 τί
407 4115 467 4168 ἂν
513 4115 683 4175 πάσας
751 4112 1167 4188 ἀπαριθμοίμην
1217 4116 1312 4177 τάς
1370 4117 1773 4192 προσηγορίας,
1833 4118 1959 4182 ὅσας

306 4202 340 4269 ἡ
373 4202 531 4277 ἀρετή
566 4222 649 4256 σοι
696 4200 1018 4271 πεποίηκεν,
1068 4200 1215 4271 ἄλλη
1255 4223 1339 4264 τις
1394 4202 1571 4275 ἄλλην
1601 4206 1877 4262 οἰκειοῦσά
1904 4229 1961 4263 τε

304 4289 393 4343 καὶ
423 4287 768 4363 προσάγουσα
786 4307 800 4358 ;

375 4383 444 4432 B’.
479 4376 632 4445 Πλὴν
694 4377 847 4431 είπὲ·
902 4376 1064 4431 πόθεν
1120 4376 1321 4453 πάριι;
1379 4380 1469 4433 καὶ
1520 4380 1604 4443 τίς
1656 4403 1751 4438 σου
1793 4386 1829 4453 ἠ
1876 4384 1959 4458 ἐρ-

303 4464 499 4539 γασία;
533 4466 623 4519 καὶ
648 4464 700 4519 τί
731 4464 1096 4539 χαριούμενος
1135 4464 1289 4535 ἥκεις
1319 4469 1455 4538 ἡμῖν
1481 4486 1494 4537 ;
1535 4468 1754 4540 Ἐπειδὴ
1787 4474 1960 4529 πάντα

304 4574 361 4609 σε
390 4553 481 4608 σὺν
544 4557 679 4626 Θεῷ,
737 4553 826 4609 καὶ
882 4555 1028 4630 παρὰ
1076 4559 1212 4610 Θεοῦ
1269 4555 1588 4630 κινούμενον
1638 4556 1827 4637 ἔγνων,
1865 4564 1954 4619 καὶ
1987 4523 2034 4588 Β

304 4640 386 4696 ἐπ’
418 4641 693 4718 εὐεργεσίᾳ
733 4645 839 4697 τῶν
874 4640 1211 4718 δεχομένων.
1262 4645 1446 4707 ’Ἥκεις
1493 4648 1642 4720 ἡμᾶς
1690 4648 1953 4707 ἰποπτεύ-

2126 2779 2238 2852 (73)
2270 2781 2331 2835 In
2364 2780 2685 2838 Comment.

2420 3004 2883 3100 ORATIO
2976 3006 3288 3100 XVIII
3322 3020 3379 3102 ⁸.

2208 3166 2471 3222 Funebris
2498 3169 2677 3223 oratio
2708 3169 2773 3224 in
2798 3172 3037 3239 patrem,
3066 3174 3337 3240 praesente
3364 3172 3595 3226 Basilio.

2148 3325 2192 3379 Ι.
2218 3329 2403 3380 Homo
2428 3325 2542 3397 (78)
2567 3326 2662 3382 Dei
2685 3328 2749 3391 ³ο,
2774 3332 2830 3382 et
2860 3328 3049 3384 ﬁdelis
3076 3346 3237 3385 serve
3258 3330 3324 3398 ³ο,
3348 3334 3404 3384 et
3426 3330 3720 3403 mysterio-

2075 3429 2207 3468 rum
2234 3413 2335 3469 Dei
2379 3414 2753 3486 dispensator
2771 3416 2839 3483 ³³,
2872 3421 2929 3470 et
2948 3416 3036 3471 vir
3076 3417 3498 3473 desideriorum
3539 3419 3720 3490 Spiri-

2074 3506 2168 3557 tus
2190 3502 2267 3570 32;
2302 3504 2411 3558 hoc
2440 3503 2597 3559 enim
2632 3504 2867 3560 nomine
2889 3505 3101 3561 virtute
3131 3511 3432 3576 provectos
3458 3512 3517 3562 et
3537 3507 3721 3563 excel-

2073 3607 2172 3647 sos
2191 3591 2367 3656 viros,
2393 3596 2448 3646 et
2470 3608 2651 3663 supra
2669 3609 2756 3664 ea,
2776 3610 2903 3665 quas
2927 3594 3110 3649 oculis
3132 3600 3475 3661 cernuntur,
3499 3596 3721 3667 positos

2071 3680 2373 3753 Scriptura
2417 3685 2601 3739 vocat.
2631 3682 2779 3746 Quin
2832 3687 2891 3739 te
2939 3700 3175 3755 quoque
3220 3684 3563 3755 Pharaonis,
3612 3685 3722 3742 hoc

2073 3773 2181 3836 est,
2206 3769 2397 3825 omnis
2430 3771 2775 3843 Egyptiacaa
2812 3777 2985 3845 atque
3030 3774 3373 3829 adversariae
3419 3776 3724 3845 potestatis

2072 3864 2254 3915 Deum
2306 3860 2532 3932 appello
2554 3862 2620 3929 ³³,
2656 3866 2714 3916 et
2742 3862 3008 3918 Ecclesiae
3057 3863 3393 3919 columnam
3426 3881 3493 3920 ac
3525 3865 3719 3922 firma-

2073 3952 2335 4002 mentum
2359 3948 2424 4014 3‘,
2447 3953 2503 4003 et
2532 3949 2765 4004 Domini
2798 3949 3145 4005 voluntatem
3164 3952 3229 4020 ³⁵,
3252 3956 3311 4007 et
3340 3952 3629 4009 luminare
3661 3954 3719 4008 in

2072 4036 2292 4090 mundo
2325 4038 2566 4093 verbum
2599 4038 2727 4091 vitae
2774 4039 3074 4094 sustinens
3093 4040 3157 4105 ³⁸,
3191 4046 3247 4094 et
3294 4042 3427 4096 ﬁdei
3468 4043 3716 4097 admini-

2069 4123 2291 4194 culum,
2324 4141 2391 4180 ao
2422 4127 2570 4181 881
2609 4126 2862 4197 Spiritus
2910 4127 3293 4183 domicilium.
3329 4125 3396 4184 Et
3425 4131 3564 4201 quid
3619 4148 3719 4186 no-

2070 4213 2233 4268 mina
2263 4230 2332 4269 ea
2371 4215 2589 4280 omnia,
2615 4231 2740 4285 quae
2790 4215 2896 4270 tibi
2949 4220 3053 4271 tua
3097 4216 3282 4273 virtus
3329 4218 3573 4290 peperit,
3606 4219 3721 4275 alia

2071 4301 2231 4357 aliud
2264 4302 2369 4357 tibi
2398 4303 2721 4359 concilians
2752 4307 2927 4376 atque
2959 4306 3228 4377 offerens,
3250 4310 3628 4364 enumerem?

2144 4392 2211 4445 ΙΙ.
2243 4392 2527 4447 Caeterum
2581 4392 2697 4461 die,
2723 4408 2940 4464 quaeso,
2972 4394 3127 4449 unde
3158 4395 3297 4451 ades
3346 4401 3401 4452 et
3449 4413 3715 4468 quasnam

2067 4483 2171 4535 tua
2201 4495 2397 4551 opera,
2422 4480 2679 4552 quidque
2708 4481 3027 4555 largiturus
3050 4483 3123 4539 ad
3154 4500 3261 4540 nos
3292 4485 3497 4541 venis?
3530 4490 3719 4553 Quan~

2066 4568 2382 4641 doquidem
2411 4569 2686 4626 omnibus
2716 4570 2775 4626 in
2807 4572 2982 4627 rebus
3013 4575 3088 4641 te,
3114 4589 3249 4629 cum
3279 4575 3409 4642 Deo,
3434 4580 3491 4630 et
3518 4592 3553 4631 a
3580 4581 3715 4643 Deo,

2063 4658 2134 4713 ad
2154 4674 2378 4728 eorum,
2394 4659 2496 4730 qui
2518 4659 2916 4732 teemipiunt,
2930 4663 3304 4719 commodum
3326 4666 3383 4719 et
3400 4663 3713 4721 utilitatem

304 4751 409 4820 σων
460 4733 594 4805 (77),
646 4732 681 4801 ἢ
726 4731 819 4786 τὸν
872 4733 1112 4805 ποιμένα
1163 4735 1432 4804 ζητήσων,
1480 4736 1515 4806 ἢ
1560 4737 1626 4792 τὸ
1691 4740 1948 4813 ποίμνιον

2089 4747 2281 4802 noveri
2335 4731 3241 4820 compertumihabeo.Venisne
3291 4757 3355 4808 at
3411 4770 3517 4808 nos
3564 4754 3715 4809 invi-

303 4819 675 4894 ἰποψόμενοςς
734 4826 905 4894 Ἦμᾶς
967 4822 1062 4894 μὶν
1120 4821 1219 4877 οὐκ
1269 4821 1349 4878 ἔτι
1417 4819 1597 4895 ὄντας,
1656 4826 1802 4885 ἀλλὰ
1872 4834 1953 4903 τῷ

2089 4834 2201 4891 as?
2230 4838 2315 4891 An
2347 4840 2413 4892 ut
2443 4819 2735 4908 pastorem
2768 4838 3037 4910 quaeras?
3056 4841 3143 4896 An
3176 4845 3241 4895 ut
3269 4856 3506 4913 gregem
3537 4842 3716 4914 inspi-

374 4937 420 5027 ξ’
448 4936 628 4991 Josue
656 4952 773 5027 xiv,
805 4937 862 5027 ti;
890 4935 1181 5027 “furium.
1218 4941 1405 5027 xn‘,n7,
1480 4941 1523 4977 ³¹
1559 4942 1581 4997 Ι
1611 4942 1737 5000 Cor.
1789 4960 1866 5013 1v,
1918 4947 1969 5002 1.

2089 4949 2269 5004 'Dan.
2315 4966 2394 5017 Ix,
2434 4951 2524 5007 23.
2600 4952 2646 4987 ³³
2676 4952 2857 5009 Exod.
2885 4967 2987 5025 vn,
3023 4954 3074 5009 1.
3151 4953 3200 4991 “
3232 4955 3253 5010 Ι
3283 4954 3435 5011 Tim.
3487 4972 3569 5027 Ill,
3622 4957 3709 5012 15.

299 5007 344 5042 ³⁵
374 5009 485 5063 lea.
521 5024 655 5074 an,
689 5008 741 5062 4.
818 5008 863 5042 ⁸⁸
889 5007 1146 5081 Philipp.
1183 5026 1246 5077 II,
1280 5007 1368 5064 16.

368 5122 480 5201 (7:1)
527 5122 880 5201 ζΕπι-ςάφιος,
942 5126 1049 5201 διο.
1108 5122 1217 5201 _Sic_
1268 5123 1478 5183 titulus
1546 5127 1605 5201 in
1660 5128 1954 5201 plerisque

297 5194 493 5258 codd.,
527 5194 757 5268 brevior
781 5210 923 5268 sane
971 5198 1027 5268 et
1080 5195 1292 5268 clarior
1320 5214 1495 5268 quam
1549 5194 1677 5255 iste-
1705 5219 1738 5256 a
1785 5194 1953 5258 Billio

296 5270 617 5342 usurpatus
652 5283 665 5321 :
698 5265 792 5342 Εἷς
848 5266 940 5319 τὸν
998 5264 1189 5342 ἑαυτοῦ
1243 5264 1495 5342 nat-ipa,“
1526 5268 1576 5322 ὲν
1634 5270 1680 5341 ᾧ
1729 5274 1825 5342 καὶ
1879 5272 1954 5335 εἰς

297 5335 528 5416 Νόννοιν⁵
577 5335 1661 5416 μ’ρτὲρα1παρα-μυθςῃτικός.ξίΕἷρηταί
1725 5339 1782 5397 δὲ
1864 5342 1950 5399 ἐπὶ
2063 5347 2092 5400 ὐ

297 5406 949 5486 παρουσίᾳίιΒασιλείρυί
978 5406 1054 5486 είς
1078 5406 1167 5486 Δὅν
1213 5408 1409 5486 καί-τὰ
1447 5406 1745 5486 προοίμιον
1778 5421 1954 5469 ποιεῖ-

295 5476 791 5556 tat:195_).6-you-_«
828 5476 1028 5556 Sancti
1070 5480 1329 5556 Gregorii
1376 5476 1581 5556 oratio,
1616 5476 1829 5556 partim
1862 5489 1951 5544 fu-

298 5553 494 5628 nebris
526 5552 851 5628 inlaudem
884 5552 1066 5628 patris
1101 5552 1462 5628 sui’mortui,
1498 5552 1709 5628 partim
1746 5576 1949 5616 conso-

295 5624 513 5701 latorie.
544 5623 615 5678 ad
649 5623 1216 5701 matrem‘Nonuam,
1248 5625 1454 5701 habita!
1478 5623 1761 5701 praesente
1791 5633 1949 5690 Basi-

297 5695 400 5763 lio,
432 5695 506 5755 ad
537 5709 715 5767 quem
745 5699 802 5754 et
830 5694 1185 5770 principium
1211 5694 1498 5759 orationis
1522 5705 1767 5774 spectat.
1789 5724 1819 5755 ››

2134 5135 2247 5203 (75)
2276 5131 2572 5219 ξιίαρόντος.
2606 5143 2667 5195 In
2719 5139 3099 5211 quibusdam,
3136 5138 3223 5195 ἐπὶ
3272 5140 3559 5215 παρουσίᾳ,
3592 5166 3619 5194 ‹‹
3651 5143 3710 5199 in

2064 5213 2392 5277 praesentia.
2418 5232 2445 5258 »
2482 5260 2485 5263 η

2072 5347 2084 5363 ’
2134 5280 2558 5365 (ἹδξιὙπεράνω.
2613 5282 2708 5338 Sic
2764 5282 2921 5339 Or.1
2976 5287 3033 5339 et
3079 5284 3133 5339 2.
3188 5284 3251 5340 In
3310 5285 3399 5340 ed.
3453 5285 3708 5357 divisim,

2230 5349 2242 5365 ν

2097 5368 2685 5505 πῗῶῗῖἓποπτεύσων..
2710 5425 2828 5505 ΟΡ.-
2853 5426 2879 5480 1
2928 5432 2985 5482 et
3029 5428 3085 5493 2,
3132 5424 3580 5499 ἔπισκεψόμενος.
3621 5430 3705 5485 Ad

2064 5496 2390 5565 marginem
2414 5512 2547 5550 vero
2578 5502 2641 5551 ut
2671 5496 2730 5552 in
2763 5497 2853 5552 ed.

2132 5565 2207 5638 (α)
2242 5565 2396 5620 Alias
2427 5567 2570 5632 XIX,
2606 5585 2732 5638 qua:
2783 5574 2976 5623 autem
3030 5571 3095 5624 18
3144 5575 3285 5635 erat,
3336 5586 3493 5626 nunc
3523 5571 3612 5627 24.
3639 5604 3707 5615 —-

2062 5636 2272 5693 Habita
2305 5638 2494 5694 medio
2525 5636 2753 5696 ciréiter
2785 5658 2935 5697 anno
2968 5642 3090 5699 374.

2136 5709 2244 5779 (78)
2275 5708 2555 5768 Basilium
2580 5711 2913 5785 compellat.
