4094 6288
371 328 488 391 987

1611 328 1675 389 8.
1725 326 2096 389 GREGORII
2148 325 2543 389 THEOLOGI

3663 326 3789 390 988

376 461 543 517 ciae?
590 460 705 515 Nos
763 461 998 531 quidem
1059 478 1173 516 non
1226 462 1349 530 jam
1410 460 1777 532 superstites,
1821 475 2024 514 verum

2152 456 2377 529 πλείστῳ
2440 457 2588 533 μέρει
2646 455 3097 531 συναπελθόντας,
3155 456 3244 512 καὶ
3296 461 3374 529 τῷ
3449 456 3604 529 τόπῳ
3680 464 3786 527 τῆς

382 550 631 604 [maxima
662 566 728 603 ex
761 555 921 620 parte
971 568 1083 604 una
1140 594 1145 599 .
1176 570 1267 605 tau
1302 566 1365 605 eo
1396 550 1513 605 vita
1562 551 1814 618 functos,
1849 555 2024 619 atque

378 637 715 693 at‘flictionis
739 636 931 692 locum
964 638 1203 694 moleste
1226 640 1493 706 ferentes,
1519 655 1583 695 ac
1608 655 1762 693 nunc
1786 654 2025 709 praaser-

381 728 506 790 tim,
561 742 694 780 cum
748 727 962 781 scitum
1005 728 1477 799 gubernatorem,
1507 732 1606 782 aut
1635 729 1763 783 vitta
1814 732 2024 782 nostrae

378 814 678 881 facem,in
737 830 935 885 quam,
969 815 1180 871 salutis
1234 815 1431 872 lumen
1488 817 1657 871 nobis
1707 833 1735 871 e
1784 814 2025 871 sublimi

378 907 790 968 ostentantem,
844 905 1159 971 intuentes,
1208 905 1628 978 dirigebamur,
1679 904 2022 970 amisimus;

378 991 546 1047 illum
580 997 774 1047 autem
817 1009 949 1048 cum
992 992 1148 1049 omni
1183 994 1413 1061 virtute,
1447 1012 1512 1050 ac
1542 993 1817 1066 pastorali
1845 992 2026 1047 disci-

378 1080 562 1154 plina,
596 1098 769 1152 quam
804 1082 1081 1137 diuturno
1132 1088 1390 1155 tempore
1428 1083 1756 1155 collegerat,
1792 1096 2028 1154 peregre

379 1170 726 1243 profectum,
750 1172 975 1226 dierum
1007 1171 1183 1227 simul
1216 1189 1282 1227 ac
1313 1174 1633 1243 prudentiae
1666 1172 1926 1242 plenum,
1950 1176 2025 1240 et,

378 1259 429 1316 si
464 1259 793 1315 Salomonis
828 1261 1017 1315 verbis
1057 1262 1341 1316 utendum
1371 1266 1478 1330 est,
1502 1260 1696 1332 gloriae
1730 1265 2030 1315 senectute

378 1352 754 1413 coronatum;
788 1364 1023 1420 gregem
1062 1349 1313 1419 denique
1342 1349 1570 1404 consilii
1621 1349 1818 1419 inopia
1862 1348 2028 1403 labo-

381 1443 606 1494 rantem
640 1444 698 1493 et
728 1444 1189 1510 consternatum,
1224 1456 1596 1511 summoque,
1626 1444 1691 1493 ut
1719 1441 1900 1504 vides,
1934 1440 2030 1497 do-

383 1527 507 1583 lore
537 1542 603 1582 ac
635 1527 916 1583 mcestitia
945 1530 1268 1583 confectum
1294 1530 1359 1593 ³⁷,
1383 1545 1498 1584 non
1522 1529 1648 1599 jam
1681 1528 1740 1582 in
1770 1527 1895 1583 loco
1926 1544 2027 1597 pa-

386 1632 539 1672 scuae
570 1615 1052 1687 requiescentem,
1084 1634 1190 1673 nec
1236 1617 1564 1673 refectionis
1614 1618 1794 1689 aqua1
1816 1618 2027 1671 educa-

383 1707 511 1760 tum
534 1705 600 1771 ³⁸,
633 1705 734 1759 sed
767 1706 1106 1777 praecipitia,
1140 1709 1197 1762 et
1225 1706 1592 1775 solitudines,
1618 1710 1673 1761 et
1701 1706 2027 1776 voragines,

389 1792 449 1849 in
481 1809 628 1866 quas
658 1794 1029 1866 dispergatur
1064 1799 1120 1851 et
1168 1796 1434 1862 intereat,
1462 1799 1853 1868 quaerentem;
1885 1810 2028 1850 num

391 1881 570 1938 alium
605 1898 837 1955 quoque
869 1882 1137 1941 solertem
1165 1902 1230 1940 ac
1252 1885 1599 1957 prudentem
1620 1889 1913 1957 pastorem
1933 1884 2034 1939 ali-

390 1971 625 2044 quando
650 1976 1072 2029 consecuturus
1097 1973 1191 2045 sit,
1217 1974 1599 2041 difﬁdentem,
1622 1973 1768 2028 illud
1792 1973 2032 2044 quidem

391 2064 546 2116 certe
592 2064 649 2116 et
694 2061 930 2131 quidem
980 2061 1145 2118 valde
1202 2063 1313 2118 sibi
1372 2063 1842 2134 persuadentem,
1877 2062 2033 2133 quod

390 2149 635 2205 minime
681 2149 878 2220 talem,
912 2151 1174 2222 beneque
1204 2168 1405 2207 secum
1438 2152 1530 2224 agi
1578 2151 2032 2219 existimantem,

388 2238 437 2294 si
468 2255 583 2293 non
616 2237 803 2294 multo
832 2240 1185 2297 inferiorem.

467 2328 556 2383 III.
583 2329 753 2383 Porro
793 2345 924 2384 cum
959 2330 1072 2385 tria
1102 2330 1242 2399 haec,
1270 2335 1334 2386 ut
1373 2332 1512 2400 dixi,
1538 2335 1712 2402 atque
1743 2330 1938 2385 omnia
1971 2346 2039 2383 ex

392 2416 701 2487 παυοῄὶδὶ
723 2418 837 2472 huc
857 2419 1127 2475 veniendi
1150 2420 1557 2475 necessitatem
1580 2418 1909 2487 attulerint,
1932 2434 2039 2472 nos

397 2505 641 2577 scilicet,
661 2510 718 2561 et
747 2522 907 2579 grex,
942 2512 998 2563 et
1029 2513 1247 2581 pastor,
1288 2525 1412 2581 age,
1453 2526 1555 2581 pro
1605 2524 1671 2565 eo
1721 2506 2039 2563 curationis

393 2594 629 2667 spiritu,
655 2612 769 2667 quo
802 2598 1083 2669 praeditus
1104 2615 1188 2665 es,
1211 2615 1361 2665 eam,
1386 2616 1512 2670 quis
1541 2599 1751 2671 cuique
1777 2602 1911 2669 apta
1943 2597 2039 2664 sit,

393 2682 748 2740 medicinam
781 2685 1014 2759 adhibe,
1038 2705 1103 2743 ac
1143 2704 1471 2743 sermonem
1504 2704 1637 2742 cum
1661 2687 1890 2759 judicio
1921 2687 2038 2742 dis-

392 2789 562 2845 pone,
585 2790 700 2847 quo
732 2778 787 2830 te
817 2776 1113 2848 sapientiae
1156 2778 1393 2833 nomine
1437 2778 1625 2849 magis
1657 2777 2034 2832 admiremur.

394 2864 657 2930 Quonam
691 2871 881 2922 autem
906 2867 1079 2922 modo
1101 2866 1417 2936 dispones?
1448 2867 1533 2921 Ad
1566 2870 1859 2937 pastorem
1884 2866 2039 2936 quod

397 2952 622 3025 attinet,
656 2954 705 3009 si
754 2954 920 3009 illum
954 2956 1026 3010 ob
1057 2955 1353 3021 virtutem,
1388 2959 1453 3010 ut
1498 2972 1601 3027 par
1630 2960 1738 3018 est,
1769 2954 2039 3008 laudave-

394 3043 497 3107 ris,
532 3059 642 3097 non
674 3042 865 3099 solum
926 3048 988 3098 ut
1038 3061 1183 3115 puro
1233 3061 1440 3115 puram
1474 3044 1821 3109 orationem,
1854 3043 2041 3096 instar

390 3131 653 3187 funebris
680 3133 983 3203 cujusdam
1028 3132 1308 3200 muneris,
1342 3133 1594 3199 inferas;
1627 3135 1716 3186 set
1758 3136 1823 3185 ut
1863 3130 2037 3184 etiam

392 3218 523 3274 aliis
556 3219 714 3276 illius
734 3222 861 3277 vita;
885 3222 1192 3287 rationem,
1213 3227 1493 3293 tanquam
1526 3220 1759 3292 pietatis
1786 3219 2033 3274 formam
2066 3205 2109 3268 C

393 3311 451 3362 et
495 3308 977 3379 admonitionem,
1011 3327 1320 3382 proponas.
1355 3310 1471 3364 Nos
1516 3326 1650 3364 vero
1700 3309 1853 3379 quod
1904 3323 2039 3378 spe-

395 3400 531 3468 ctat,
564 3398 613 3453 si
645 3398 714 3454 de
740 3399 858 3454 vita
889 3403 946 3455 et
990 3404 1194 3468 morte,
1228 3400 1298 3455 de
1330 3400 1537 3455 animae
1570 3401 1743 3470 atque
1782 3396 2039 3469 corporis

397 3488 808 3558 conjunctione
839 3506 905 3544 ac
953 3489 1368 3560 disjunctione,
1401 3489 1470 3544 de
1501 3488 1732 3544 duobus
1780 3486 2039 3556 mundis,

397 3575 506 3632 hoc
536 3580 627 3632 est
656 3577 727 3632 de
766 3577 1038 3649 praesenti
1088 3594 1152 3633 ac
1202 3582 1354 3632 ﬂuxo
1410 3582 1468 3631 et
1523 3575 1734 3647 fragili,
1766 3579 1820 3631 et
1851 3576 1921 3629 de
1951 3590 2040 3641 eo,

396 3666 497 3737 qui
529 3666 725 3722 animo
774 3670 832 3721 et
872 3670 1066 3722 mente
1110 3666 1458 3738 intelligitur
1505 3681 1570 3721 ac
1622 3670 1833 3729 manet,
1859 3680 2044 3734 pauca

396 3754 774 3823 disserueris;
810 3756 1097 3827 nobisque
1127 3755 1511 3827 persuaseris,
1544 3760 1610 3809 ut
1640 3753 1882 3809 alterius
1912 3752 2042 3823 qui-

395 3844 527 3900 dem
567 3845 955 3916 imposturam
987 3850 1041 3899 et
1072 3844 1567 3916 perturbationem
1616 3847 1790 3912 atque
1842 3841 2042 3895 incon-

397 3935 876 4002 stantiam,882
921 3951 1007 4002 ac,
1042 3934 1199 3990 velut
1244 3934 1304 3989 in
1356 3934 1549 4000 undis,
1585 3948 1822 3987 sursum
1875 3931 2044 3985 deor-

397 4040 645 4095 sumque
695 4024 1079 4094 jactationem
1124 4028 1603 4089 contemnamus;
1664 4021 1735 4075 ad
1795 4019 2043 4074 alterum

400 4115 619 4181 autem,
647 4112 746 4184 qui
782 4112 986 4167 ﬁrmus
1030 4116 1087 4167 et
1135 4112 1383 4177 stabilis,
1416 4128 1480 4165 ac
1510 4110 1762 4180 divinus,
1788 4125 2044 4179 semper-

401 4216 514 4273 que
563 4201 655 4256 sui
705 4201 916 4257 similis
965 4206 1072 4269 est,
1106 4206 1280 4273 atque
1310 4200 1469 4256 omni
1500 4198 1934 4272 perturbatione
1989 4202 2046 4251 et

400 4290 741 4347 confusione
771 4295 957 4357 vacat,
986 4295 1138 4346 totos
1170 4307 1273 4345 nos
1317 4290 1731 4361 adjungamus.
1765 4288 1858 4342 Sic
1888 4288 2045 4342 enim

398 4380 461 4447 ii,
482 4380 579 4452 qui
612 4380 746 4436 hinc
798 4380 959 4452 prius
990 4379 1361 4446 excesserint,
1395 4378 1589 4434 minus
1618 4377 1787 4433 nobis
1840 4393 2044 4431 mcero-

396 4470 478 4525 ris
508 4469 838 4537 attulerint;
871 4470 988 4524 imo
1033 4469 1207 4523 etiam
1240 4468 1441 4524 laetitia
1488 4484 1594 4523 nos
1645 4466 1960 4534 alfecerint,
1997 4465 2045 4520 si

2135 548 2425 607 κακώσεως
2475 544 2957 621 δυσχεραίνοντςις·
3016 545 3103 600 καὶ
3162 550 3253 601 νῦν
3316 544 3569 620 μάλιστα,
3624 546 3788 616 ἡνίκα

2134 637 2225 689 τὸν
2279 633 2619 708 ἐπιστήμονα
2673 629 3027 709 κυϐερνήτην,
3085 635 3120 704 ἢ
3177 633 3269 690 τόν
3332 632 3632 708 λαμπτῆρα
3681 641 3786 705 τῆς

2140 731 2283 794 ζωῆς
2365 726 2524 797 ἡμῶν
2598 720 3080 797 ἀποϐεϐλήκαμεν,
3156 724 3290 799 πρὸς
3361 724 3418 778 ὅν
3479 725 3785 794 ἀπηυθυνό-

2142 825 2276 887 μεθα
2345 816 2457 886 (79)
2532 812 2839 887 βλέποντες,
2900 815 3099 877 ἄνωθεν
3158 815 3292 886 ἡμῖν
3350 814 3448 881 τὴν
3510 812 3785 889 σωτηρίαν

2137 902 2505 976 πυρσεύοντα⁶
2569 901 2770 957 ίκεῖνον
2833 903 2966 975 μετᾶ
3022 906 3118 957 τοῦ
3175 901 3347 957 καλοῦ
3405 903 3603 963 παντὸς
3654 899 3786 972 έκδη

2142 994 2406 1064 μησαντα,
2455 991 2545 1044 καὶ
2595 992 2773 1060 πάσης
2829 998 2927 1060 τῆς
2984 993 3348 1063 ποιμαντικῆς
3407 988 3670 1059 εὐταξίας,
3722 990 3788 1059 ἣν

2137 1080 2322 1157 χρόνῳ
2374 1084 2562 1155 μακρῷ
2611 1078 2945 1152 συνελέξατο,
2995 1078 3217 1155 πλήρης
3264 1082 3486 1155 ἡμερῶν
3536 1100 3591 1132 τε
3644 1080 3791 1151 ὁμοῦ

2136 1171 2224 1224 καὶ
2259 1172 2596 1246 φρονήσεως,
2628 1169 2717 1224 καὶ
2746 1171 2825 1241 τῷ
2871 1176 2971 1238 τῆς
3019 1171 3343 1244 καυχήσεως
3384 1170 3549 1243 γήρᾳ,
3607 1166 3651 1221 εί
3707 1163 3793 1221 δεῖ

2138 1260 2197 1313 τὸ
2226 1263 2321 1313 τοῦ
2350 1257 2715 1331 Σολομῶντος
2750 1259 2940 1326 εἰπεῖν,
2986 1256 3417 1335 στεφανούμενος
3465 1259 3600 1329 (80).
3652 1255 3791 1310 Ποί-

2142 1369 2295 1420 μνιον
2356 1350 2734 1423 ἠπορημένον,
2813 1347 2903 1401 καὶ
2970 1350 3082 1420 (81)
3140 1340 3643 1418 καταϐεϐλημένον,
3698 1344 3793 1399 καὶ

2140 1437 2266 1510 ὁρᾷς
2298 1435 2429 1505 ὅσης
2458 1442 2624 1512 γέμον
2653 1436 2883 1508 ἀθυμίας
2914 1435 3003 1491 καὶ
3035 1435 3328 1513 κατηφείας
3356 1455 3367 1466 ·
3405 1434 3505 1489 οὐκ
3533 1429 3610 1488 ἔτι
3632 1433 3794 1505 τόπῳ

2138 1525 2319 1600 χλόης
2361 1525 2823 1599 έναναπαυόμενον
2884 1528 3016 1599 (82),
3073 1522 3197 1579 οιῖδὲ
3244 1522 3395 1579 ὕδατι
3438 1523 3795 1584 ἀναπαύσεως

2141 1614 2570 1693 ἰκτρεφόμενονο
2621 1619 2813 1685 ζητοῦν
2857 1613 3155 1689 κρημνοὺς,
3214 1612 3304 1668 καὶ
3373 1612 3630 1688 ἐρημίας,
3698 1610 3796 1665 καὶ

2144 1701 2406 1779 βάραθρα,
2460 1705 2576 1758 καθ’
2638 1705 2712 1757 ὧν
2764 1706 3121 1778 σπαρήσεται,
3160 1700 3249 1757 xui
3315 1699 3794 1780 διαφθαρήσεται·

2139 1790 2395 1847 ἀπιστοῦν
2439 1791 2493 1847 εἷ’
2523 1814 2654 1848 ποτε
2701 1793 2789 1848 καὶ
2856 1790 3035 1847 ἄλλου
3082 1791 3347 1865 ποιμένος
3395 1793 3615 1845 συνετοῦ
3670 1787 3790 1843 ἔπι-

2136 1881 2394 1952 τεύξεται,
2456 1877 2539 1935 ὅτι
2601 1882 2692 1955 μὲν
2753 1880 2814 1936 ού
2862 1880 3136 1953 τοιούτου,
3184 1877 3448 1935 καῖ’λίαν
3493 1877 3796 1950 πεπεισμέο

2140 1992 2252 2043 νον,
2306 1971 2528 2047 ἀγαπῶν
2584 1973 2699 2045 (83)
2750 1968 2817 2025 δι’
2868 1970 2949 2043 ἂν,
3008 1967 3097 2025 xui
3147 1969 3303 2043 εἷμὴ
3336 1966 3625 2045 παραπολὺ
3674 1966 3800 2042 χεί-

2145 2081 2321 2138 ρονος.
3424 2077 3438 2093 ⁸

2219 2329 2288 2383 Γ’.
2322 2331 2496 2403 Τριῶν
2558 2325 2615 2382 δὲ
2672 2326 2865 2396 ὅντων,
2925 2325 3056 2402 ὅπερ
3089 2322 3246 2403 ἔφην,
3280 2324 3311 2380 ἃ
3340 2346 3423 2379 σοι
3453 2325 3552 2393 τὴν
3584 2344 3801 2399 παρου-

2149 2416 2263 2471 σίαν
2326 2416 2614 2491 ἀναγκαίαν
2673 2420 2841 2482 ποιεῖ,
2899 2416 2990 2470 καὶ
3036 2415 3250 2470 πάντων
3316 2413 3366 2484 ἐξ
3418 2411 3562 2483 ἴσης,
3609 2415 3800 2485 ἡμῶν,

2148 2511 2244 2561 τοῦ
2300 2507 2583 2579 ποιμένος,
2644 2512 2745 2575 τῆς
2796 2505 3075 2579 ποίμνης’
3122 2504 3269 2581 φέρε,
3319 2503 3454 2557 κατᾶ
3499 2502 3560 2557 τὸ
3607 2500 3659 2556 έν
3709 2501 3802 2557 σοὶ

2149 2599 2363 2668 πνεῦμα
2407 2602 2509 2664 τῆς
2568 2592 2873 2669 θεραπείας,
2934 2591 3138 2656 ἀπόδος
3189 2590 3396 2665 ἑκάστῳ
3451 2591 3514 2646 τὸ
3553 2590 3803 2668 πρόσφο-

2150 2704 2265 2760 ρον,
2323 2681 2412 2737 xui
2469 2678 2831 2755 οἰκονόμησον
2891 2679 2941 2734 έν
2997 2679 3168 2754 κρίσει
3224 2680 3315 2733 τὸν
3374 2678 3558 2753 λόγον,
3621 2677 3703 2731 ίνα
3745 2698 3806 2733 σε

2146 2772 2236 2826 καὶ
2288 2771 2499 2844 μᾶλλον
2549 2777 2647 2840 τῆς
2698 2769 2888 2847 σοφίας
2950 2767 3330 2842 θαυμάσωμεν.
3404 2766 3803 2839 Οἰκονομήσεις

2150 2859 2207 2916 δὲ
2238 2866 2394 2930 πῶς;
2454 2861 2559 2917 Τὸν
2626 2860 2719 2932 μὶν
2780 2858 3055 2919 ἐπαινέσας
3111 2860 3211 2926 τῆς
3258 2856 3453 2931 ἀρετῆς
3491 2856 3559 2910 τὰ
3588 2854 3797 2922 εἰκότα,

2149 2950 2210 3005 οὑ
2248 2952 2405 3023 μόνον
2460 2947 2533 3002 τίν’
2582 2947 2825 3025 ἐντάφιον
2874 2951 2953 3018 τῷ
2995 2948 3215 3021 καθαρῷ
3256 2945 3483 3019 καθαρὸν
3516 2938 3800 3003 ἐπιϐάλως

2145 3040 2234 3093 τὸν
2290 3037 2476 3113 λόγον,
2532 3035 2656 3091 ἀλλ’
2699 3035 2790 3091 ’ίνα
2828 3035 2918 3091 καὶ
2947 3041 3063 3097 τοῖς
3096 3033 3289 3095 ἄλλοις
3320 3028 3589 3094 εὐσεϐείας
3617 3051 3798 3107 χαρα-

2147 3133 2341 3201 κτῆρα,
2381 3129 2481 3194 τὴν
2541 3124 2743 3179 ἐκείνου
2799 3122 3064 3199 προθείης
3110 3120 3388 3177 πολιτείαν
3436 3142 3495 3177 τε
3537 3120 3624 3175 καὶ
3657 3140 3799 3195 παρ·

2149 3216 2346 3269 αίνεσιν
2396 3216 2529 3287 (84).
2579 3216 2737 3286 Ἡμῖν
2795 3210 2852 3267 δὲ
2900 3211 3023 3287 περὶ
3077 3216 3222 3280 ζωῆς
3253 3210 3341 3265 καὶ
3393 3209 3619 3264 θανάτου
3660 3210 3799 3283 βρα-

2149 3304 2250 3380 χέα
2308 3302 2704 3381 φιλοσοφήσας,
2762 3302 2850 3357 καὶ
2908 3308 3008 3371 τῆς
3062 3300 3199 3355 κατὰ
3252 3303 3408 3372 σῶμα
3461 3298 3550 3353 καὶ
3608 3298 3800 3373 ψυχὴν

2151 3394 2396 3469 συζυγίας
2444 3394 2531 3447 καὶ
2591 3391 2928 3464 διαζεύξεως,
2986 3390 3075 3444 καὶ
3124 3393 3229 3443 τῶν
3275 3385 3370 3443 δύο
3401 3386 3646 3460 κόσμων,
3698 3390 3802 3440 τοῦ

2148 3505 2207 3538 τε
2262 3483 2527 3558 παρόντος
2601 3481 2689 3535 xui
2749 3479 2855 3555 οὐχ
2907 3479 3158 3550 έστῶτος,
3213 3477 3302 3532 καὶ
3356 3482 3453 3532 τοῦ
3502 3474 3803 3549 νοουμένου

2150 3572 2238 3627 καὶ
2302 3571 2595 3645 μένοντος·
2648 3570 2738 3623 καὶ
2786 3567 2994 3636 πείσας,
3046 3572 3142 3622 τοῦ
3194 3568 3287 3640 μὲν
3336 3570 3677 3643 περιφρονεῖν
3736 3564 3805 3619 τὸ

2152 3658 2455 3731 ἀπατηλὸν,
2509 3660 2599 3713 καὶ
2652 3656 2903 3725 ἄτακτον,
2947 3657 3036 3711 καὶ
3091 3653 3402 3728 ἀνώμαλον,
3460 3653 3573 3723 xui,
3615 3652 3801 3729 ὥσπερ

2153 3750 2202 3804 έν
2259 3749 2514 3820 κύμασιν,
2570 3749 2680 3801 ἄνω
2738 3747 2827 3801 καὶ
2884 3746 3031 3801 κάτω
3090 3745 3249 3822 φέρον
3308 3764 3366 3799 τε
3413 3744 3502 3798 καὶ
3560 3741 3801 3820 φερόμε-

2152 3860 2241 3892 νον
2274 3840 2420 3907 (85)·
2469 3840 2567 3891 τοῦ
2612 3834 2670 3891 δὲ
2715 3834 3091 3911 προστίθεσθαι
3139 3838 3219 3905 τῷ
3267 3832 3465 3909 παγίῳ,
3524 3830 3613 3886 xui
3673 3851 3803 3885 στα-

2154 3926 2314 3999 θερῷ,
2368 3926 2458 3981 καὶ
2506 3923 2749 3996 θεοειδεῖ,
2799 3925 2887 3979 καὶ
2932 3921 3189 3984 ὡσαύτως
3238 3920 3439 3998 ἔχοντι,
3483 3921 3572 3975 καὶ
3619 3919 3805 3989 πάσης

2156 4016 2423 4089 ἐλευθέρῳ
2476 4021 2725 4091 ταραχῆς
2775 4013 2865 4068 καὶ
2942 4011 3281 4088 συγχύσεως.
3342 4009 3500 4068 Οὕτω
3573 4008 3673 4085 γὰρ
3745 4009 3806 4063 ἃν

2153 4106 2317 4174 ἧττον
2377 4106 2559 4177 ἀνιῷεν
2619 4106 2767 4176 ἡμᾶς
2826 4104 2878 4157 oi
2921 4100 3467 4178 προεκδημήσαντεςο
3521 4097 3664 4154 ἀλλὰ
3711 4098 3806 4153 xui

2154 4192 2359 4265 ἥδοιεν,
2421 4194 2466 4248 εἰ
2524 4190 2729 4248 ἐνθένδε
2786 4189 3007 4268 ἀπάγων
3071 4194 3185 4265 (86)
3231 4193 3379 4263 ἡμᾶς
3417 4188 3443 4241 ὁ
3475 4186 3662 4264 λόγος,
3693 4184 3809 4241 ἄτω

2152 4283 2351 4354 τιθείη,
2410 4282 2498 4336 xui
2554 4282 2616 4336 τὸ
2674 4282 2843 4357 παρὸν
2888 4278 3050 4350 ἀηδὲς
3085 4277 3480 4353 έναποκρύπνοι
3536 4281 3614 4347 τῷ
3677 4274 3810 4347 μέλ-

2156 4372 2328 4442 λοντι,
2388 4370 2476 4425 καὶ
2535 4369 2734 4437 πείθοι,
2792 4368 2873 4424 ὅτι
2932 4369 3021 4423 xui
3091 4367 3243 4422 αὐτοὶ
3317 4368 3464 4441 παρά
3530 4363 3809 4433 Δεσπότην

2156 4461 2354 4535 ἀγαθὸν
2427 4458 2770 4533 ἐπειγόμεθα,
2851 4458 2940 4512 καὶ
3014 4455 3243 4532 βελτίων
3304 4456 3339 4524 ἢ
3399 4453 3649 4509 κατοικία
3700 4460 3805 4521 τῆς

398 4575 508 4614 nos
534 4558 717 4614 oratio
740 4558 876 4612 hinc
898 4558 1181 4612 abductos
1213 4574 1450 4613 sursum
1474 4556 1734 4624 collocet,
1758 4560 1931 4625 atque
1966 4554 2036 4620 id,

2155 4547 2440 4624 παροικίας
2468 4567 2479 4579 ·
2512 4548 2603 4602 xui
2633 4543 2765 4621 ὅπερ
2798 4546 2907 4601 έστί
2937 4551 3054 4607 τοῖς
3100 4544 3326 4599 πλέουσι
3377 4541 3549 4615 λιμὴν
3600 4538 3803 4606 εὔδιος,

395 4647 551 4717 quod
584 4648 641 4701 in
676 4646 947 4717 praesnti
980 4646 1292 4701 molestum
1325 4651 1433 4706 est,
1457 4646 1516 4700 in
1550 4644 1729 4699 futuri
1756 4647 2049 4713 exspecta-

395 4736 554 4790 tione
584 4734 858 4803 occultet,
880 4735 1167 4805 nobisque
1193 4734 1337 4788 illud
1362 4734 1729 4805 persuadeat,
1750 4732 1900 4801 quod
1935 4731 2046 4802 ipsi

395 4840 631 4896 quoque
676 4824 747 4880 ad
794 4824 1012 4879 bonum
1066 4823 1380 4879 Dominum
1436 4837 1837 4895 properemus,
1871 4824 2047 4890 atque

461 4959 504 4993 ³⁷
539 4959 700 5015 Prov.
732 4973 848 5028 xv1,
876 4957 964 5012 31.
1040 4956 1086 4991 ³⁸
1116 4956 1269 5013 Psal.
1300 4973 1442 5024 xxn,
1473 4959 1527 5011 2.

466 5101 578 5173 (79)
622 5097 1091 5171 Ἀπηυθυνόμεθα.
1144 5099 1238 5156 Sic
1295 5099 1435 5171 Reg.
1484 5114 1535 5153 c.
1587 5098 1650 5152 In
1710 5096 1826 5164 ed.,
1881 5092 2043 5147 ἀπευ-

393 5171 518 5229 θυνό
571 5181 683 5235 εθα.

463 5193 574 5319 (85)
608 5240 1067 5319 Στιφανού-μενος.
1102 5246 1327 5319 Beg._a,
1362 5234 1811 5319 στεφανούμενον.

484 5246 574 5313 80)
608 5246 1067 5319 Στιφανούμενος.
1102 5246 1238 5315 Reg.
1275 5260 1327 5309 a,
1362 5246 1811 5316 στεφανούμενον.

463 5246 577 5390 (81)
607 5314 1008 5397 'ertop'qpévpy,
1040 5312 1152 5369 καί.
1181 5314 1494 5397 ((,θΐθεέῐξξ
1533 5314 1762 5397 pastore
1792 5309 2044 5397 ldes‘titu:

396 5381 601 5472 tuin,»
634 5381 762 5472 etcf
790 5381 882 5443 Sic
932 5388 1071 5459 Reg.
1105 5404 1160 5453 a,
1210 5390 1327 5439 tres
1358 5381 1548 5439 “Colbf
1572 5387 1628 5439 et
1656 5382 1750 5438 Or.
1786 5383 1836 5437 1.
1872 5381 2045 5436 Deest

394 5460 483 5515 καί
519 5461 576 5515 in
608 5462 698 5514 ed.

466 5534 578 5621 (82)
630 5528 1142 5600 Ἐναναπαυόμενον.
1205 5528 1299 5583 Sic
1357 5527 1451 5582 Or.
1514 5529 1563 5580 1.
1628 5526 1689 5579 In
1751 5525 1866 5592 ed.,
1925 5522 2041 5577 ένα-

394 5624 533 5659 παυο
544 5622 635 5675 μεν
646 5623 700 5656 ον
711 5642 724 5657 .

472 5666 581 5748 (88)
613 5675 888 5751 Ἀγαπῶν.
921 5671 1096 5731 Coisl.
1131 5672 1183 5739 1,
1215 5673 1273 5727 et
1302 5670 1429 5728 Par.
1456 5666 1711 5746 ἀγαπῴη.

2153 4642 2315 4692 τοῦτο
2372 4641 2488 4697 τοῖς
2548 4635 2772 4690 ἐνταῦθα
2828 4635 3254 4708 χειμαζομένοις
3321 4633 3355 4701 ἡ
3415 4631 3584 4685 ἐκεῖσε
3635 4630 3805 4701 μετά-

2157 4746 2337 4787 στασις
2386 4725 2475 4779 καὶ
2529 4725 2816 4797 ματάθεσις
2866 4725 2976 4796 (87)
3003 4742 3014 4753 ·
3073 4723 3107 4791 ἢ
3142 4720 3319 4796 ὥσπερ
3351 4721 3403 4774 oi
3436 4719 3640 4795 μακρὰν
3674 4715 3802 4772 ὁδὸν

2155 4811 2682 4890 προκαταλύσαντες,
2730 4816 2837 4868 τῶν
2897 4810 3332 4887 ὁδοιπορούντων
3382 4808 3473 4864 xui
3531 4805 3807 4883 μοχθούν-

2227 5093 2339 5165 (84)
2371 5090 2711 5167 Παραίνεσιν.
2746 5090 2922 5148 Cois].
2976 5091 3030 5158 1,
3079 5085 3412 5163 προαίρεσιν,
3463 5109 3491 5137 ‹‹
3542 5085 3812 5158 proposi—

2158 5170 2544 5310 ωξὲἑῖᾠέρον
2576 5254 2635 5288 τε
2662 5230 2751 5287 καί
2784 5226 3093 5309 φερόμενον.
3126 5255 3154 5284 ι(
3186 5232 3310 5297 Qua
3355 5231 3505 5287 ferat
3552 5234 3607 5286 et
3655 5228 3813 5283 fera-

2368 5374 2649 5452 Ἀπιίγων.Δ
2675 5376 2815 5449 Reg.
2850 5393 2913 5452 ἃ,
2938 5374 3259 5452 ἀπαγαγώνἶ
3277 5446 3307 5452 __
3610 5446 3619 5452 _
3672 5440 3706 5452 ﬂ

2246 5446 2335 5521 87)
2358 5446 2792 5524 ΔΚαὶ-μιξετοὶθεσιςῖ
2825 5470 2853 5497 ‹‹
2875 5449 2944 5503 Et
2967 5446 3371 5524 transpositio,
3396 5446 3809 5524 permutatiopi

2154 5512 2413 5651 Dcipgttin
2462 5512 2600 5592 Reg.
2634 5537 2688 5577 a.
2720 5521 2843 5575 Vox
2892 5537 3032 5575 sane
3084 5512 3413 5591 superﬂua,
3435 5532 3541 5571 nec
3570 5532 3603 5569 a
3636 5512 3811 5569 Billio

2153 5612 2214 5651 re
2301 5610 2317 5649 1
2349 5610 2400 5649 α.
