4094 6288
256 366 376 429 989
1166 366 1456 429 ORATIO
1498 364 1716 428 XVIII.
1756 392 1827 408 —-
1856 364 2245 428 FUNEBRIS
2292 365 2372 427 IN
2418 364 2763 429 PATREM.
3544 361 3665 424 990

254 501 364 553 τῶν
400 495 477 551 ἔτι
511 495 673 571 ῥᾴους
698 496 787 549 καὶ
819 496 1152 571 ἀπονώτεροι
1180 515 1191 529 ⁸
1239 495 1410 557 οὕτως
1462 497 1513 549 οἳ
1563 498 1673 569 (88)
1722 493 1899 549 ἐπιτυ-

2045 497 2300 554 ιεὼἱιειῐὶο
2333 498 2798 571 peregrinatione
2831 496 3037 553 melior
3066 500 3121 552 et
3159 493 3525 568 praestantior
3552 493 3661 559 sit;

259 586 453 663 χόντες
482 590 578 640 τοῦ
610 585 720 639 ἐκεῖ
748 583 1151 659 καταλύμετκ,
1179 591 1285 639 τῶν
1320 581 1395 640 ἔτι
1435 593 1535 653 τὴν
1568 582 1791 639 σκολιὰν
1819 584 1909 637 καὶ

2045 587 2294 658 [uodque
2326 588 2736 664 navigantibus
2772 586 3126 658 tranquillus
3170 589 3373 657 portus
3415 590 3522 651 est,
3558 584 3664 637 hoc

256 672 561 750 κρημνώδη
593 678 689 728 τοῦ
726 674 844 749 βίου
874 673 1070 729 τούτου
1099 674 1406 748 τεμνόντων
1455 670 1601 745 ὁδὸν,
1652 671 1909 745 ἀμείνους

2045 673 2114 741 is,
2147 676 2245 746 qui
2276 676 2455 746 hujus
2487 678 2614 731 vitae
2647 677 2917 748 procellis
2949 677 3260 747 agitantur,
3292 672 3561 745 migratio
3592 672 3663 726 ad

260 764 351 820 καὶ
382 762 743 837 ἀνεκτότεροι.

2045 762 2260 818 theram
2292 766 2469 820 vitam
2502 766 2745 821 exsistat
2777 782 2790 823 :
2825 770 2923 820 aut
2957 766 3132 820 etiam
3165 762 3664 835 quemadmodum

263 853 363 926 qui
393 853 638 925 longum
680 853 789 908 iter
836 853 1057 925 priores
1089 853 1481 920 confecerunt,
1516 854 1713 907 minus
1744 850 2108 907 difficultatis
2142 869 2207 907 ac
2238 852 2516 909 molestiae
2547 854 2784 922 habent,
2818 870 2993 926 quam
3026 853 3127 924 qui
3182 852 3374 908 adhuc
3420 851 3531 906 iter
3580 850 3664 905 fa-

264 943 445 1009 ciunt,
480 946 652 1014 atque
679 940 740 996 in
773 941 969 997 labore
997 946 1328 1009 versantur;
1366 942 1445 996 ita
1490 940 1845 997 tolerabilior
1891 944 1948 995 et
1995 940 2200 995 melior
2229 958 2429 997 eorum
2459 943 2714 997 conditio
2747 943 2842 1010 sit,
2877 943 2976 1015 qui
3024 943 3093 997 ad
3150 940 3295 996 illud
3345 939 3662 1011 hospitium

256 1033 383 1102 jam
420 1034 822 1102 pervenerunt,
858 1046 1035 1101 quam
1068 1030 1166 1101 qui
1198 1031 1504 1085 sinuosum
1539 1030 1729 1085 adhuc
1760 1033 1816 1084 et
1846 1045 2100 1101 praeceps
2133 1030 2310 1100 hujus
2341 1030 2471 1085 vita:
2501 1030 2610 1085 iter
2640 1031 3017 1087 emetiuntur.

342 1119 411 1173 Δ’.
461 1119 634 1189 Ἡμᾶς
686 1118 780 1190 μὶν
829 1116 972 1171 οὕτω
1028 1119 1432 1193 παιραιμυθήσῃ⁸
1500 1118 1599 1186 τήν
1668 1116 1908 1189 ποίμνην

2095 1118 2186 1172 IV.
2221 1124 2301 1173 Ac
2332 1136 2437 1174 nos
2468 1120 2705 1190 quidem
2737 1121 2807 1175 ad
2848 1121 3004 1175 hunc
3050 1120 3289 1175 modum
3321 1117 3665 1174 consolaba-

267 1204 325 1261 δὲ
357 1210 510 1274 πῶς;
565 1210 782 1281 Πρῶτον
838 1205 932 1278 μὶν
980 1206 1079 1273 τὴν
1132 1207 1229 1275 σὴν
1270 1206 1648 1281 ὑποσχόμενος
1698 1204 1913 1260 ἐπιστα-

2045 1207 2123 1261 'is.
2156 1213 2419 1273 Quonam
2454 1212 2647 1263 autem
2682 1214 2848 1279 pacto
2880 1209 3159 1281 gregem?
3195 1207 3453 1262 Primum
3486 1206 3534 1262 si
3564 1222 3665 1262 cu-

270 1297 387 1350 σίαν
445 1295 533 1349 καὶ
590 1294 907 1370 ἠγεμονίαν,
966 1294 1028 1349 οὗ
1084 1300 1215 1349 πᾶσι
1270 1296 1436 1349 καλὸν
1498 1295 1600 1349 ὑπὸ
1656 1294 1751 1356 τὰς
1792 1294 1916 1347 πτέ-

2045 1313 2151 1351 -am
2182 1302 2345 1351 tuam
2383 1301 2440 1352 et
2483 1298 2726 1352 ductum
2759 1297 3074 1365 tuum,hoc
3114 1301 3221 1363 est,
3244 1297 3374 1367 ejus
3405 1294 3531 1364 viri,
3565 1295 3676 1350 sub

276 1405 441 1460 ρυγας
510 1383 891 1452 ἀναπαύεσθαι,
948 1384 1036 1438 καὶ
1103 1384 1165 1438 οὗ
1242 1380 1485 1457 διψῶμεν
1558 1390 1658 1453 τῆς
1732 1388 1917 1457 φωνῆς

2045 1387 2200 1456 :ujus
2257 1386 2465 1457 pennis
2516 1387 2881 1458 requiescere
2929 1387 3203 1441 omnibus
3249 1383 3562 1457 pulchrum
3613 1399 3678 1439 ac

278 1472 512 1546 μᾶλλον,
561 1472 595 1542 ἢ
642 1476 822 1548 πηγῆς
864 1480 963 1542 τῆς
1009 1474 1396 1546 καθαρωτάτης
1428 1474 1478 1527 οἱ
1511 1470 1655 1547 δίψει
1686 1473 1921 1545 κάμνον-

2045 1473 2373 1544 praeclarum
2397 1479 2505 1539 est,
2534 1480 2590 1529 et
2611 1476 2781 1545 cujus
2806 1490 3006 1530 vocem
3030 1473 3218 1545 magis
3241 1473 3475 1528 sitimus
3499 1487 3678 1543 quam

272 1584 380 1624 τες.
436 1562 688 1636 Δεύτερον
731 1560 788 1616 δὲ
827 1562 1038 1634 πείσας,
1088 1562 1163 1623 ὡς
1221 1560 1346 1617 οὐδὲ
1392 1566 1480 1616 νῦν
1517 1564 1664 1635 ἡμᾶς
1722 1559 1922 1615 ἀπολε-

2045 1562 2382 1634 purissimos
2433 1564 2640 1632 fontes,
2675 1563 2735 1631 ii,
2771 1563 2871 1635 qui
2919 1563 3010 1618 siti
3047 1562 3335 1631 laborant,
3368 1578 3482 1617 non
3513 1561 3680 1616 defu-

276 1650 466 1706 λοιπεν
516 1652 543 1705 ὁ
593 1652 811 1724 Ποιμήν
852 1651 881 1706 ὁ
924 1649 1114 1721 καλὸς,
1166 1652 1194 1705 ὁ
1240 1650 1406 1715 τιθεὶς
1446 1652 1544 1719 τὴν
1575 1651 1760 1725 ψυχὴν
1794 1649 1924 1724 ὑπὶρ

2045 1656 2233 1706 turum
2266 1650 2597 1723 pollicearis
2629 1694 2644 1707 .
2683 1652 2894 1707 Deinde
2925 1652 2975 1707 si
3008 1668 3115 1707 nos
3148 1667 3213 1706 eo
3258 1649 3589 1708 adduxeris.
3619 1652 3686 1704 ut

273 1745 383 1795 τῶν
430 1735 761 1815 προϐάτων·
818 1737 963 1794 ἀλλὰ
1010 1739 1099 1794 καὶ
1158 1740 1410 1816 πάρεστι,
1470 1738 1559 1793 καὶ
1625 1737 1924 1811 ποιμαίνει,

2045 1740 2107 1796 ab
2139 1739 2237 1796 illo
2270 1740 2421 1796 bono
2454 1741 2708 1807 Pastore,
2731 1741 2833 1813 qui
2862 1758 2965 1811 pro
2991 1741 3197 1796 ovibus
3229 1739 3488 1795 animam
3511 1754 3680 1794 suam

276 1826 367 1881 καὶ
426 1823 634 1903 ὁδηγεῖ,
694 1825 783 1881 καὶ
832 1826 1088 1901 γινώσκει
1134 1828 1201 1881 τὰ
1258 1823 1397 1897 ’ίδια,
1463 1826 1552 1881 καὶ
1609 1826 1930 1902 γινώσκεται

2045 1829 2239 1901 posuit
2260 1830 2324 1898 η,
2350 1846 2455 1885 nos
2489 1846 2559 1885 ne
2583 1847 2736 1886 nunc
2760 1830 2997 1902 quidem
3020 1829 3254 1885 relictos
3282 1845 3411 1884 esse
3429 1828 3687 1884 conﬁda-

281 1915 385 1970 ὐπὸ
466 1919 570 1969 τῶν
653 1913 800 1970 ἰδίων
837 1934 852 1950 '
929 1920 1255 1988 σωματικῶς
1318 1916 1412 1984 μὲν
1475 1914 1577 1989 οὐχ
1629 1916 1929 1991 ὁρώμενος,

288 2007 668 2078 πνευματικῶς
718 2001 775 2059 δὶ
826 2004 1239 2079 συγγινόμενος,
1284 2003 1372 2058 καὶ
1413 2001 1782 2079 προπολεμῶν
1831 2010 1933 2073 τῆς

290 2094 531 2167 ποίμνης
584 2094 720 2149 κατὰ
764 2098 870 2148 τῶν
911 2091 1115 2162 λύκων,
1155 2093 1244 2146 καὶ
1277 2090 1453 2147 οὐδενὶ
1481 2096 1785 2169 συγχωρῶν
1845 2089 1935 2147 διὰ

286 2186 383 2252 τῆς
447 2181 618 2252 αὐλῆς
662 2177 1034 2258 ὐπερϐαίνοντι
1081 2181 1383 2257 λῃστρικῶς
1447 2202 1505 2236 τε
1552 2183 1642 2236 καὶ
1710 2176 1930 2237 ἐπιϐού-

289 2269 425 2338 λως,
475 2270 592 2345 ξένῃ
642 2272 795 2349 φωνῆ
844 2270 1157 2345 κατασύρειν
1208 2270 1297 2324 καὶ
1358 2267 1697 2325 διακλέπτειν
1753 2271 1933 2345 ψυχὰς

286 2364 355 2433 τῇ
405 2357 632 2431 ἀληθείᾳ
679 2359 861 2421 καλῶς
908 2357 1169 2436 ἡγμένας.
1242 2358 1509 2430 Πείθομαι
1558 2355 1626 2427 δ’,
1699 2357 1783 2413 ὅτι
1842 2360 1931 2413 καὶ

284 2453 353 2522 τῇ
408 2444 666 2525 πρεσϐείᾳ
713 2452 804 2503 νῦν
853 2447 1089 2521 μᾶλλον,
1131 2449 1165 2516 ἢ
1199 2447 1459 2524 πρότερον
1489 2452 1555 2521 τῇ
1591 2444 1931 2519 διδασκαλίᾳ,

286 2537 398 2610 ὅσῳ
444 2538 533 2593 καὶ
589 2536 799 2611 μᾶλλον
850 2537 1043 2614 ἐγγίζει
1093 2538 1230 2609 Θεῷ,
1276 2537 1372 2599 τὰς
1401 2537 1712 2610 σωματικὰς
1767 2533 1933 2599 πίδας

286 2626 731 2700 ἀποσεισάμενος,
784 2626 869 2681 καὶ
918 2632 1019 2696 τῆς
1067 2625 1433 2695 ἒπιθολούσης
1480 2625 1573 2681 τὸν
1620 2629 1749 2680 νοῦν
1778 2623 1931 2687 ἰλύος

288 2714 713 2791 ἀπηλλαγμένος
774 2713 862 2769 καὶ
930 2719 1122 2791 γυμνῷ
1194 2714 1398 2791 γυμνὸς
1457 2714 1795 2791 ἐντυγχάνων
1853 2718 1932 2787 τῷ

288 2805 491 2881 πρώτῳ
556 2803 645 2859 καὶ
702 2804 1070 2881 καθαρωτάτῳ
1136 2805 1239 2874 vo'i',
1307 2804 1508 2876 τάξεως
1570 2804 1659 2859 καὶ
1716 2802 1930 2881 παῤῥη-

289 2894 405 2955 σίας
455 2892 771 2968 ἀγγελικῆς,
826 2892 873 2947 εἷ’
924 2895 999 2966 μὴ
1031 2891 1313 2968 τολμηρὸν
1336 2897 1496 2947 τοῦτο
1528 2892 1716 2965 εἰπεῖν,
1748 2891 1932 2964 ἀξιού-

293 3003 468 3055 μενος.
520 2986 698 3037 Ταῦτα
748 2982 840 3053 μὲν
874 2981 964 3036 οῦν
1001 2984 1108 3053 (89)
1138 2980 1297 3044 αὐτὸς
1330 2979 1605 3051 διαθήσεις
1634 2981 1721 3036 καὶ
1776 2981 1933 3058 φιλο-

289 3072 544 3148 σοφήσεις
592 3069 812 3144 ἄμεινον
860 3071 896 3139 ἢ
948 3070 1020 3131 ὡς
1072 3070 1129 3124 ἂν
1184 3070 1342 3132 αὐτὸς
1387 3067 1791 3145 παραδείξαιμι,
1842 3072 1932 3125 καὶ

289 3158 454 3235 λόγου
505 3157 725 3231 δυνάμει
778 3158 867 3213 καὶ
914 3157 1237 3231 πνεύματος.
1270 3161 1384 3215 Ἵνα
1415 3155 1471 3213 δὲ
1506 3160 1581 3232 μὴ
1615 3156 1684 3213 δι’
1714 3158 1930 3235 ἄγνοιαν

284 3253 391 3303 τῶν
451 3248 656 3303 ἐκείνου
714 3245 897 3303 καλῶν
949 3245 1240 3323 παραπολὺ
1295 3250 1392 3316 τῆς
1448 3245 1596 3318 ἀξίας
1666 3249 1694 3302 ὁ
1769 3246 1934 3322 λόγος

287 3338 590 3409 ὲλαττωθῇ,
647 3338 856 3413 βραχέα
896 3343 993 3406 τῆς
1038 3335 1329 3414 εὐφημίας,
1381 3335 1432 3407 ἐξ
1490 3337 1563 3390 ὧν
1609 3335 1769 3399 αὐτὸς
1810 3357 1932 3393 συν-

287 3427 575 3500 επίσταμαι
643 3430 722 3497 τῷ
787 3424 1105 3496 ἀπελθόντι,
1174 3426 1567 3502 σκιαγραφήσω
1632 3428 1767 3499 (90),
1844 3426 1931 3482 καὶ

284 3514 636 3592 προχαράξω,
686 3516 775 3569 καὶ
822 3512 1131 3589 παραδώσω
1172 3535 1282 3583 σοι,
1315 3519 1391 3587 τῷ
1420 3514 1573 3587 καλῷ
1616 3519 1723 3570 τῶν
1753 3514 1933 3570 τοιού-

282 3626 390 3660 των
441 3609 655 3682 γραφεῖ,
704 3610 802 3673 τῆς
846 3603 1041 3679 ἀρετῆς
1098 3610 1197 3673 τῆς
1246 3602 1447 3659 ἐκείνου
1476 3606 1537 3658 τὸ
1567 3602 1773 3666 κάλλος
1828 3603 1929 3659 ἀπ-

286 3688 608 3771 ακριϐῶσαι,
631 3692 719 3747 καὶ
770 3690 1101 3766 παραδοῦναι
1145 3698 1263 3755 ταῖς
1294 3695 1505 3749 πάντων
1540 3693 1726 3755 ἀκοαῖς
1754 3713 1813 3749 τε
1842 3692 1930 3748 καὶ

288 3780 567 3845 διανοίαις.

2043 1935 2205 1986 mus;
2242 1919 2383 1991 quin
2438 1919 2633 1990 potius
2690 1935 2845 1987 eum,
2872 1923 2929 1974 et
2980 1920 3289 1985 adesse,et
3344 1932 3601 1989 pascere,
3632 1918 3690 1971 et

2042 2008 2346 2077 deducere,
2366 2012 2423 2063 et
2450 2025 2585 2064 oves
2618 2025 2757 2063 suas
2787 2024 3157 2080 cognoscere,
3176 2010 3233 2061 et
3264 2024 3298 2061 a
3327 2006 3454 2061 suis
3484 2020 3691 2077 cogno-

2041 2095 2145 2164 sci,
2180 2113 2295 2152 non
2333 2096 2499 2151 illum
2552 2096 2787 2167 quidem
2823 2113 3095 2168 corporeo
3129 2096 3301 2151 modo
3349 2110 3477 2151 sese
3519 2110 3688 2166 spec-

2045 2186 2286 2240 tandum
2339 2186 2717 2258 praebentem,
2759 2186 2860 2241 sed
2914 2185 3278 2256 spiritualem
3332 2184 3391 2238 in
3445 2184 3688 2239 modum

2043 2274 2352 2329 nobiscum
2382 2279 2732 2340 versantem,
2766 2290 2831 2329 ac
2862 2291 2965 2346 pro
2996 2289 3169 2346 grege
3205 2274 3486 2328 adversus
3516 2270 3689 2343 lupos

2043 2367 2425 2434 pugnantem,
2458 2379 2562 2419 nec
2608 2378 2989 2435 quemquam,
3022 2362 3360 2434 praedonum
3411 2377 3591 2426 more,
3623 2376 3690 2415 ac

2042 2468 2144 2523 per
2172 2451 2440 2523 insidias,
2473 2451 2702 2508 caulam
2735 2451 3049 2517 transilire,
3078 2456 3254 2522 atque
3283 2450 3511 2505 animas
3540 2449 3691 2505 veri-

2041 2544 2157 2595 tate
2198 2545 2351 2596 recte
2397 2540 2697 2596 institutas
2747 2540 3048 2612 peregrina
3090 2556 3227 2595 voce
3267 2538 3594 2594 distrahere
3623 2554 3690 2593 ac

2043 2630 2346 2701 subripere
2401 2631 2713 2686 sinentem.
2746 2630 2861 2686 Nec
2905 2629 3110 2685 dubito
3164 2629 3305 2700 quin
3363 2628 3472 2683 hoc
3531 2642 3689 2683 nunc

2043 2734 2276 2789 quoque
2307 2722 2469 2774 tanto
2504 2718 2693 2791 magis
2724 2718 3130 2790 deprecatione
3162 2734 3290 2783 sua,
3314 2732 3492 2787 quam
3525 2714 3689 2787 prius

2042 2807 2327 2876 doctrina,
2352 2813 2602 2879 praestet,
2637 2813 2854 2880 quanto
2900 2823 3054 2862 nunc
3085 2806 3272 2877 magis
3318 2804 3432 2860 Deo
3479 2820 3690 2876 appro-

2042 2896 2308 2968 pinquat,
2346 2901 2409 2951 ut
2438 2897 2539 2967 qui
2584 2912 2893 2968 corporeas
2921 2895 3233 2967 compedes
3262 2893 3600 2959 excusserit,
3624 2909 3691 2947 ac

2044 2983 2181 3039 limo
2212 2983 2310 3039 illo
2344 2986 2559 3039 mentis
2592 2984 2906 3054 puritatem
2939 2983 3251 3049 inliciente,
3279 2981 3561 3037 liberatus
3591 2980 3687 3046 sit,

2042 3074 2355 3143 nudusque
2386 3089 2518 3127 cum
2570 3072 2729 3127 nuda
2779 3072 3038 3143 principe
3068 3075 3123 3126 et
3154 3070 3466 3141 purissima
3496 3072 3691 3124 mente

2042 3167 2323 3230 versetur,
2357 3160 2604 3232 angelici
2653 3160 2874 3216 ordinis
2920 3160 3263 3232 dignitatem
3314 3163 3371 3213 et
3412 3156 3685 3212 fiduciam

2040 3250 2176 3319 (nisi
2219 3250 2323 3305 hoc
2356 3251 2514 3304 dictu
2559 3250 2750 3304 audax
2780 3250 2888 3320 est)
2912 3253 3279 3304 consecutus.
3315 3254 3393 3302 Ac
3442 3252 3507 3301 tu
3557 3247 3687 3317 qui-

2040 3340 2171 3394 dem
2215 3354 2316 3410 pro
2365 3355 2432 3394 ea
2486 3338 2777 3394 sermonis
2833 3343 2889 3393 et
2945 3337 3184 3407 spiritus
3237 3335 3533 3400 facultate,
3569 3350 3689 3407 qua

2040 3427 2244 3499 polles,
2277 3426 2496 3482 rectius
2528 3428 2652 3500 ipse
2684 3444 2785 3499 per
2822 3431 2898 3495 te,
2933 3443 3110 3499 quam
3143 3425 3249 3481 tibi
3292 3442 3396 3497 ego
3428 3424 3689 3480 indicare

2040 3517 2283 3588 possim,
2310 3516 2629 3572 constitues
2652 3533 2717 3572 ac
2741 3515 3266 3589 philosophaberis.
3288 3515 3369 3570 Ne
3394 3519 3590 3569 autem
3615 3516 3687 3569 ob

2038 3605 2323 3661 virtutum
2392 3605 2552 3660 illius
2608 3605 3036 3675 ignorationem
3087 3604 3269 3660 oratio
3323 3604 3475 3659 833
3536 3602 3691 3657 infra

1990 3759 2001 3768 .
2041 3695 2385 3766 dignitatem
2417 3694 2587 3767 longe
2627 3694 2930 3758 subsistat,
2962 3695 3167 3748 breves
3199 3693 3484 3763 quasdam
3517 3707 3691 3746 enco-

2040 3784 2143 3838 mii
2202 3789 2417 3853 partes,
2468 3800 2536 3837 ex
2591 3782 2819 3854 iis,quaa
2875 3782 2935 3836 in
2994 3783 3267 3837 defuncto
3324 3780 3554 3851 agnovi,
3586 3781 3687 3835 de-

286 3873 536 3938 lineabo,
570 3876 740 3942 atque
771 3872 1158 3938 adumbrabo,
1190 3888 1256 3927 ac
1285 3870 1389 3926 tibi
1421 3871 1606 3942 perito
1638 3872 1978 3941 huiusmodi
2007 3888 2200 3927 rerum
2235 3872 2463 3942 pictori,
2493 3871 2730 3927 virtutis
2778 3870 2935 3925 illius
2983 3869 3480 3942 pulchritudinem
3513 3884 3690 3924 accu-

287 3962 473 4017 ratius
504 3959 933 4032 expoliendam,
965 3964 1140 4029 atque
1170 3959 1433 4014 omnium
1466 3959 1803 4014 mortalium
1828 3959 2071 4016 auribus
2102 3965 2159 4014 et
2187 3960 2401 4015 animis
2429 3960 2795 4026 tradendam,
2827 3960 2999 4014 dabo.

358 4051 431 4105 E'.
485 4050 719 4108 Ἐκεῖνος
768 4046 946 4101 τοίνυν
993 4043 1101 4120 (ίνα
1145 4044 1403 4122 πατρίδα,
1451 4045 1541 4100 καὶ
1590 4046 1768 4123 γενος,
1837 4046 1928 4101 καὶ

287 4139 546 4211 σώματος
608 4134 826 4212 εὐφυῒαν
908 4137 1040 4209 (91),
1106 4135 1196 4189 καὶ
1268 4136 1367 4203 τὴν
1445 4130 1633 4206 ἔξωθεν
1701 4136 1929 4212 περιφά-

284 4246 449 4297 νειαν,
479 4226 569 4278 καὶ
620 4221 798 4278 τᾶλλα
846 4223 928 4285 οἷς
980 4224 1115 4299 μέγα
1162 4227 1445 4300 φρονοῦσιν
1485 4225 1780 4299 ἄνθρωποι,
1810 4229 1927 4286 τοῖς

285 4318 389 4368 τῶν
442 4311 732 4387 ἐγκωμίων
778 4311 972 4385 νόμοις
1020 4311 1232 4388 παρεὶς,
1284 4312 1343 4367 ἐκ
1381 4316 1488 4367 τῶν
1530 4314 1665 4386 ἡμῖν
1694 4314 1924 4388 πρώτων

2114 4051 2178 4101 V.
2214 4047 2312 4102 Ille
2345 4048 2523 4120 igitur
2552 4053 2640 4115 (ut
2670 4048 2941 4119 patriam,
2974 4063 3179 4119 genus,
3210 4046 3471 4118 corporis
3498 4047 3685 4114 dotes,

2038 4140 2340 4192 externum
2400 4136 2793 4208 splendorem,
2828 4140 2884 4192 et
2931 4135 3067 4202 alia,
3109 4136 3182 4192 ob
3231 4153 3356 4208 quae
3416 4135 3687 4192 homines

2040 4226 2351 4299 magniﬁce
2402 4226 2473 4280 de
2520 4241 2580 4280 se
2629 4226 2911 4293 sentiunt,
2945 4226 3015 4281 ad
3071 4226 3469 4281 encomiorum
3529 4224 3688 4297 leges

2040 4316 2365 4385 remittam,
2423 4318 2597 4386 atque
2651 4316 2723 4370 ab
2778 4315 2900 4385 his,
2961 4331 3088 4386 quae
3145 4315 3315 4370 nobis
3374 4314 3565 4385 prima
3633 4319 3691 4369 et

281 4402 370 4457 καὶ
425 4402 769 4457 οἰκειοτάτων
819 4398 1109 4489 ἄρξωμαι),
1172 4401 1327 4477 ῥίζης
1376 4402 1587 4477 ὖγὲνετο
1636 4400 1929 4477 βλάστημα

2045 4404 2292 4460 maxime
2340 4404 2574 4475 propria
2629 4408 2787 4471 sunt,
2835 4403 3071 4459 initium
3110 4404 3342 4473 ducam)
3376 4420 3444 4458 ex
3495 4403 3689 4458 radice

286 4492 384 4546 οὐκ
433 4492 736 4559 ἰπαινετῆς,
789 4487 914 4544 οὐδὲ
960 4489 1186 4567 εὐφυοῦς
1237 4490 1312 4553 εἷς
1364 4486 1631 4547 εὐσέϐειαν
1682 4491 1766 4566 (οὐ
1826 4492 1930 4566 γὰρ

285 4581 619 4655 αἰσχύνομαί
666 4582 784 4640 τοῖς
832 4579 1095 4653 πρώτοις,
1144 4584 1262 4642 τοῖς
1307 4578 1641 4643 τελευταίοις
1670 4580 1929 4657 θαρρῶν),

284 4667 429 4724 οὐδὲ.
458 4667 511 4723 ἐν
554 4671 633 4738 τῷ
681 4664 821 4739 οἷ’κῳ
868 4672 964 4721 τοῦ
1012 4672 1142 4721 Θεοῦ
1185 4671 1607 4745 πεφυτευμὲνης,
1641 4667 1787 4725 ἀλλὰ
1841 4669 1930 4724 καὶ

286 4757 405 4813 λίαν
467 4755 672 4810 ἀτόπου
747 4753 837 4809 καὶ
903 4753 1212 4811 ἀλλοκότου
1290 4760 1424 4830 (92),
1494 4757 1553 4811 ἐκ
1609 4755 1756 4812 δυοῖν
1813 4764 1928 4813 τοῖν

285 4843 687 4901 ἐναντιωτάτων
752 4843 1215 4920 συγκεκραμένης,
1298 4845 1631 4917 Ἑλληνικῆς
1680 4868 1739 4902 τε
1794 4846 1933 4903 πλά-

282 4956 400 5007 νης,
448 4935 537 4989 καὶ
587 4938 820 5007 νομικῆς
868 4931 1176 5009 τερατείας’
1229 4934 1302 4988 ὧν
1355 4935 1674 5009 ἀμφοτέρων
1723 4937 1790 4990 τὰ
1819 4938 1932 5010 (93)

287 5025 422 5098 μέρη
483 5022 687 5101 φυγὼν,
748 5021 808 5076 ἐκ
868 5026 1043 5097 μερῶν
1095 5022 1370 5093 συνετέθη.
1419 5030 1528 5093 Τῆς
1581 5025 1673 5097 μὶν
1725 5026 1828 5101 γὰρ
1866 5024 1934 5080 τὰ

282 5109 486 5167 εἶ’δωλα
542 5110 631 5166 καὶ
686 5112 778 5173 τὰς
837 5110 1020 5176 θυσίας
1076 5110 1550 5186 ἀποπεμπόμενοι,
1608 5116 1814 5186 τιμῶσι
1868 5113 1931 5171 τὸ

349 5255 395 5291 ³⁵
422 5255 590 5311 Joan.
621 5271 677 5320 ι,
714 5255 801 5310 11.

371 5396 457 5465 88)
491 5394 574 5468 Ol_.
608 5396 701 5451 Sic
736 5396 873 5468 Reg.
908 5414 961 5462 a,
994 5403 1050 5451 et
1080 5395 1174 5452 Or.
1205 5398 1255 5452 1.
1290 5397 1461 5454 Deest
1490 5398 1550 5453 in
1583 5399 1674 5453 ed.

371 5464 457 5536 89)
490 5464 615 5523 Οῦν.
654 5464 905 5523 υοθει“ἱη
939 5468 1118 5540 Regg.
1155 5485 1206 5534 a,
1246 5470 1363 5535 bm,
1395 5475 1453 5525 et
1481 5469 1576 5525 Or.
1614 5471 1662 5525 1.

496 5540 918 5616 Σκιαγραφήσω.
953 5539 1046 5596 Sid
1076 5539 1262 5611 'Regg.
1296 5556 1350 5606 ει,
1382 5540 1501 5598 bm.
1535 5543 1595 5597 In
1625 5542 1742 5610 ed.,
1774 5560 1927 5594 σκιο-

279 5612 567 5738 ﬂagitem.
648 5612 677 5614 ⁷⁷
752 5612 761 5616 ’

353 5683 465 5757 (1)
497 5681 765 5759 Σώματος
824 5679 1066 5760 εὐφυίαν,
1120 5704 1149 5735 ‹‹
1198 5682 1284 5740 Ad
1343 5683 1541 5743 omnia
1598 5683 1927 5746 naturalem

2040 4498 2201 4550 ortus
2233 4498 2322 4549 est
2350 4493 2593 4549 minime
2641 4492 2942 4558 laudabili,
2977 4509 3082 4548 nec
3111 4495 3180 4548 ad
3213 4493 3485 4563 pietatem
3536 4496 3689 4547 recte

2040 4588 2380 4654 comparata
2407 4583 2545 4653 (non
2593 4582 2750 4637 enim
2791 4582 3049 4653 priorum
3094 4597 3188 4636 me
3233 4582 3429 4652 pudet,
3464 4585 3686 4651 postre-

2040 4672 2155 4727 mis
2181 4672 2632 4740 confidentem);
2672 4687 2778 4727 neo
2807 4671 2865 4725 in
2898 4671 3071 4727 domo
3127 4671 3221 4725 Dei
3277 4670 3561 4741 plantata,
3592 4685 3687 4723 ve-

2041 4777 2170 4815 rum
2208 4760 2525 4815 admodum
2572 4759 2829 4815 absurda
2870 4763 2927 4813 et
2969 4758 3328 4831 prodigiosa,
3359 4773 3425 4811 ex
3457 4757 3687 4812 duabus

2041 4850 2215 4904 rebus
2272 4848 2527 4903 maxime
2584 4846 2910 4917 contrariis,
2942 4847 3052 4903 hoc
3099 4851 3205 4917 est,
3240 4864 3306 4901 ex
3349 4845 3549 4919 gentili
3596 4863 3687 4901 er-

2040 4954 2168 4993 rore
2200 4940 2255 4992 et
2295 4935 2465 5009 legali
2495 4937 2748 4993 vanitate
2786 4935 3062 5005 conﬂata;
3095 4952 3345 5008 quarum
3379 4934 3687 5008 utriusque

2043 5030 2235 5098 partes
2287 5026 2573 5097 quasdam
2627 5024 2879 5097 fugiens,
2910 5041 2979 5081 ex
3008 5024 3365 5097 quibusdam
3422 5023 3687 5096 partibus

2043 5114 2291 5171 conﬂata
2338 5118 2394 5170 et
2440 5114 2759 5171 constituta
2812 5118 2923 5172 est.
2952 5114 3179 5172 Etenim
3238 5114 3397 5170 illius
3448 5114 3680 5186 quidem

2037 5398 2297 5455 corporis
2326 5398 2747 5455 dexteritatem.

2108 5465 2217 5541 (92)
2246 5465 2605 5525 Ἀλλοκὸτου.
2635 5470 2850 5537 Gloss.,
2874 5469 3131 5542 ἐναντίας,
3165 5469 3283 5542 ξένη
3297 5492 3341 5535 ς,
3366 5494 3394 5523 ‹‹
3417 5471 3679 5539 adversa,

2036 5542 2362 5614 peregrina.
2391 5565 2418 5591 »

2112 5559 2172 5597 ΓΘ
2219 5559 2362 5598 rma.
2391 5565 2418 5591 ))

2109 5558 2222 5685 (Θξ)
2252 5613 2343 5668 Τά.
2378 5614 2551 5672 Deest
2580 5614 2639 5671 in
2669 5619 2808 5688 Reg.
2842 5614 2960 5673 bm.
