4094 6288
404 358 519 424 901

1649 367 1713 425 S.
1761 364 2135 426 GREGORII
2177 365 2572 428 THEOLOGI

3694 366 3825 428 992

406 493 563 549 idola
605 498 663 547 et
711 493 999 549 sacrificia
1047 494 1397 564 reiicientes,
1430 496 1626 567 ignem
1677 500 1734 551 et
1782 496 2053 553 lucernas

2181 499 2273 569 πῦρ
2307 496 2492 551 καὶτὰ
2528 495 2739 572 λύχνα·
2784 500 2884 564 τῆς
2934 493 2991 548 δὶ
3034 495 3095 550 τὸ
3141 490 3419 551 Σάϐϐατον
3473 491 3826 569 αἰδούμενοι⁹

409 586 635 641 (fciunt:
670 582 848 652 hujus
881 588 1072 637 autem
1110 584 1238 638 Sal.;
1337 602 1428 639 :.m
1463 587 1810 657 etjejunam
1845 604 2055 656 quam-

407 672 541 725 dam
578 688 611 725 a
642 670 941 725 nonnullis
992 671 1138 726 cibis
1187 673 1602 729 abstinentiam
1654 676 2052 745 observantes,

409 761 915 817 circumcisionem
945 770 1351 834 aspernantur.
1376 766 1559 837 Atque
1582 766 1835 821 humiles
1869 772 1923 821 et
1954 768 2054 822 ab-

400 850 543 922 jecti
579 851 843 906 homines
865 852 1362 925 Hypsistariorum
1395 872 1607 911 nomen
1632 858 1739 911 sibi
1764 857 2053 923 tribuunt,

409 957 477 996 ac
531 940 636 996 soli
670 941 1067 1013 Omnipotenti
1114 944 1547 999 venerationem
1597 946 1895 1000 adhibent.
1939 946 2055 1000 Hoc

409 1030 510 1087 ille
542 1031 714 1086 modo
747 1047 879 1086 cum
931 1036 999 1086 ad
1050 1031 1409 1104 impietatem
1460 1035 1726 1090 biformis
1772 1035 2053 1105 quodam-

412 1122 585 1176 modo
613 1124 787 1186 esset,
810 1121 1091 1190 quidnam
1115 1137 1182 1176 ex
1207 1140 1461 1191 quonam
1483 1124 1749 1178 exsistit?
1772 1123 2054 1194 Equidem

415 1212 640 1283 ignoro,
675 1226 816 1264 num
855 1210 1106 1280 gratiam
1138 1210 1321 1275 illam,
1355 1229 1387 1265 a
1419 1229 1535 1283 qua
1572 1218 1811 1267 vocatus
1841 1218 1949 1276 est,
1984 1230 2052 1267 an

410 1298 573 1355 illius
606 1298 959 1354 voluntatem
993 1299 1291 1370 animique
1322 1301 1688 1371 propositum
1721 1301 1908 1371 magis
1940 1302 2059 1355 lau-

412 1389 553 1444 dare
599 1388 864 1443 debeam.
900 1387 1203 1456 Utcunque
1256 1389 1349 1455 sit,
1403 1406 1589 1459 usque
1641 1390 1782 1444 adeo
1844 1390 2058 1444 mentis

413 1478 647 1533 oculum
691 1476 762 1530 ab
792 1476 866 1530 iis
897 1476 1088 1542 lemis,
1122 1493 1252 1547 quae
1298 1477 1409 1549 ipsi
1464 1477 1817 1543 insidebant,
1852 1495 2057 1549 repur-

414 1562 591 1636 gavit,
626 1578 692 1618 ao
739 1566 904 1617 tanta
952 1562 1242 1619 celeritate
1272 1566 1342 1619 ad
1376 1564 1676 1621 veritatem
1725 1566 1963 1633 accurit,
1995 1570 2061 1621 ut

415 1652 567 1722 quod
600 1650 852 1705 scelestis
891 1651 1079 1706 Patris
1108 1668 1172 1705 ac
1201 1668 1345 1706 vera:
1385 1652 1741 1708 haereditatis
1773 1671 1970 1725 causa,
2003 1658 2060 1708 et

414 1743 623 1807 matre,
656 1744 714 1793 et
743 1738 1141 1811 facultatibus,
1164 1740 1505 1813 aliquandiu
1538 1758 1731 1797 carere
1760 1743 2057 1798 sustinue-

412 1829 508 1900 rit,
570 1832 742 1901 atque
790 1828 940 1883 hanc
998 1829 1405 1901 ignominiam,
1437 1831 1661 1902 aequius
1718 1836 1775 1887 et
1830 1832 2059 1887 facilius

2163 584 2252 638 καὶ
2283 586 2381 653 τήν
2412 585 2535 661 περὶ
2565 587 2631 640 τὰ
2657 587 2919 662 βρώματα
2950 584 3086 640 ἐστιν
3121 583 3151 639 ἂ
3182 588 3291 660 (94)
3326 585 3817 663 μικρολογίαν,τὴν

2164 677 2469 748 περιτομὴν
2546 674 2919 749 ἀτιμάζουσιν.
2973 676 3305 750 Ὕψιστάριοι
3361 681 3478 738 τοῖς
3535 681 3820 739 ταπεινοῖς

2168 761 2359 835 ὄνομα,
2409 762 2499 816 καὶ
2548 763 2575 816 6
2625 762 3019 838 Παντοκράτωρ
3066 759 3131 831 δὴ
3188 762 3352 835 μόνος
3411 763 3594 825 αὐτοῖς
3653 759 3819 818 σεϐά-

2167 871 2349 923 σμιος.
2400 850 2498 904 Καὶ
2561 851 2703 905 οὕτω
2780 849 2974 929 διφυής
3028 872 3110 912 τις
3167 850 3238 905 ὣν
3300 851 3375 913 εἷς
3430 847 3695 925 ἀσέϐειαν,
3760 852 3823 908 ἐκ

2167 939 2313 1000 τίνος
2361 938 2413 993 τί
2464 939 2706 1015 γίνεται;
2760 940 2869 994 Οὐκ
2917 937 3055 1009 οἶδα,
3102 939 3329 1017 πότερον
3380 941 3479 1009 τήν
3518 940 3822 997 καλέσασαν

2169 1026 2326 1082 αὐτὸν
2378 1026 2537 1103 χάριν
2589 1027 2852 1083 ἐπαινέσω
2896 1028 3086 1095 πλέον,
3134 1029 3169 1098 ἢ
3228 1031 3326 1097 τὴν
3360 1028 3568 1084 ἐκείνου
3617 1030 3818 1105 προαί-

2170 1137 2334 1192 ρεσιν.
2378 1114 2533 1185 Πλὴν
2586 1117 2731 1172 οὕτω
2779 1119 2869 1172 τὸν
2916 1125 3014 1187 τῆς
3068 1117 3309 1181 διανοίας
3369 1118 3653 1196 ὀφθαλμὸν
3713 1127 3822 1189 τῆς

2171 1206 2515 1278 ἐπικειμένης
2563 1209 2674 1279 (95)
2725 1206 2869 1279 αὐτῷ
2916 1207 3104 1279 λήμης
3321 1207 3673 1283 ἀνεκαθάρθη,
3726 1209 3822 1263 καὶ

2167 1294 2413 1366 τοσούτῳ
2459 1296 2617 1369 τάχει
2669 1297 2781 1367 (97)
2827 1298 2895 1368 τῇ
2949 1295 3179 1367 ἀληθείᾳ
3233 1294 3628 1372 προσέδραμεν,
3681 1296 3822 1351 ὥστε

2170 1382 2253 1437 δτι
2308 1384 2400 1455 μὲν
2450 1382 2540 1437 καὶ
2590 1385 2820 1459 μητρὸς,
2851 1385 2941 1437 καὶ
2970 1383 3153 1445 οὐσίας
3185 1383 3423 1439 ἐκπεσεῖν
3459 1384 3589 1460 ἄχρι
3647 1386 3817 1457 τινὸς,

2171 1473 2303 1547 ὑπὲρ
2331 1476 2428 1527 τοῦ
2461 1470 2570 1526 ἄνω
2602 1473 2810 1547 Πατρὸς
2848 1473 2938 1527 καὶ
2968 1480 3068 1542 τῆς
3119 1472 3388 1543 ἀληθινῆς
3434 1472 3821 1547 κληρονομίας

2168 1563 2455 1637 ἠνέσχετο,
2513 1562 2603 1616 καὶ
2665 1560 2793 1637 ῥᾷον
2832 1559 3029 1636 ἤνεγκε
3092 1564 3190 1630 τήν
3237 1562 3454 1634 ἀτιμίαν
3503 1562 3729 1633 ταύτην,
3781 1565 3816 1631 ἢ

2167 1653 2263 1712 τὰς
2336 1651 2589 1726 μεγίστας
2653 1652 2817 1723 τιμᾶς
2864 1647 3061 1726 ἕτεροι,
3108 1654 3269 1705 τοῦτο
3324 1652 3416 1724 μὶν
3462 1652 3623 1721 ἦττον
3686 1653 3819 1705 θαυ-

2175 1742 2350 1812 μάζω,
2400 1739 2573 1793 καίτοι
2627 1738 2746 1793 λίαν
2795 1738 2851 1793 δν
2894 1739 3216 1813 θαυμαστόν,
3245 1740 3431 1809 Διατί;
3481 1743 3598 1794 Ὅτι
3630 1743 3820 1796 κοινὸν

2172 1828 2315 1900 αὐτῷ
2341 1830 2453 1902 (98)
2485 1830 2618 1904 πρὸς
2670 1828 2914 1890 πολλοὺς
2948 1826 3151 1891 ἄλλους
3201 1830 3263 1884 τὸ
3296 1829 3647 1907 φιλοτίμημα
3679 1832 3819 1904 (99),

411 1934 587 1988 quam
638 1918 734 1973 alii
784 1934 1049 1974 summos
1100 1919 1373 1987 honores,
1426 1920 1643 1989 tulerit,
1698 1920 1893 1976 minus
1943 1923 2061 1991 ipse

2181 1918 2261 1972 καὶ
2293 1918 2493 1980 πάντας
2545 1915 2672 1971 εἷ’σω
2719 1918 2962 1992 γενέσθαι
3014 1916 3095 1972 δεῖ
3140 1926 3237 1987 τῆς
3280 1916 3528 1993 μεγάλης
3556 1924 3658 1973 τοῦ
3685 1924 3827 1974 Θεοῦ

409 2007 608 2073 mirer,
639 2006 774 2061 licet
816 2008 1034 2079 alioqui
1066 2025 1157 2063 res
1188 2026 1255 2064 ea
1287 2027 1403 2065 non
1452 2027 1627 2081 parva
1674 2010 2061 2066 admiratione

2181 2010 2435 2083 σαγήνης,
2487 2007 2575 2061 καὶ
2623 2012 2741 2069 τοῖς
2783 2012 2891 2062 τῶν
2939 2005 3137 2062 ἀλιέων
3185 2007 3372 2083 λόγοις
3406 2009 3827 2081 σαγηνευθῆναι,

409 2097 589 2167 digna
618 2095 713 2151 sit.
747 2096 890 2160 Quid
939 2096 1056 2152 ita?
1086 2098 1372 2161 Quoniam
1425 2099 1548 2153 haec
1577 2098 1762 2170 gloria
1810 2098 1894 2153 illi
1927 2116 2060 2154 cum

2181 2097 2266 2151 κᾶν
2326 2097 2376 2151 οἱ
2438 2096 2532 2169 μὲν
2581 2096 2867 2171 πρότερον,
2922 2097 2972 2149 οἱ
3021 2094 3079 2150 δὲ
3128 2095 3344 2173 ὕστερον
3390 2101 3469 2168 τῷ
3503 2096 3831 2171 Εὗαγγελίῳ

412 2183 616 2239 multis
647 2183 777 2240 aliis
821 2187 1155 2240 communis
1203 2193 1312 2255 est,
1346 2203 1667 2259 omnesque
1718 2204 1931 2259 magna
1960 2187 2061 2243 illa

2181 2183 2607 2262 περιληφθῶσιν.
2651 2187 2715 2238 ’Ὀ
2748 2183 2804 2239 δὲ
2837 2183 3073 2257 μάλιστά
3106 2207 3199 2257 μοι
3228 2189 3336 2240 τῶν
3370 2184 3579 2239 ἰκείνου
3612 2184 3829 2259 θαυμά-

412 2273 511 2328 Dei
536 2288 752 2344 sagena
781 2272 1023 2343 includi,
1048 2290 1113 2328 ac
1144 2275 1499 2345 piscatorum
1525 2276 1898 2331 sermonibus
1924 2276 2061 2331 irre-

2181 2278 2279 2343 ζειν
2312 2272 2507 2343 ἔπεισι,
2536 2278 2697 2328 τοῦτο
2732 2273 2899 2329 εἰπεῖν
2928 2274 3239 2348 ἀναγκαῖον.

410 2361 509 2415 tiri
540 2365 803 2433 oportet;
834 2362 1069 2416 tametsi
1110 2363 1205 2417 alii
1238 2363 1431 2431 citius,
1467 2362 1561 2417 alii
1614 2364 1802 2419 serius
1834 2365 1905 2418 ab
1939 2364 2246 2436 Evangelic
2278 2365 2869 2437 comprehendantur.
2904 2365 3064 2431 Quod
3115 2369 3311 2420 autem
3363 2364 3507 2420 mihi
3536 2380 3604 2419 ex
3634 2363 3829 2436 ipsius

411 2451 588 2506 rebus
618 2450 991 2523 potissimum
1024 2451 1300 2505 admirari
1332 2453 1510 2522 subit,
1545 2453 1653 2508 hoc
1684 2454 2012 2509 necessario
2040 2454 2350 2511 dicendum
2383 2458 2492 2509 est.

481 2540 573 2595 VI.
601 2539 719 2606 Ille,
743 2543 876 2595 ante
906 2540 1081 2596 etiam
1120 2557 1294 2612 quam
1329 2543 1398 2596 ad
1446 2546 1707 2597 nostram
1740 2543 1966 2598 caulam
2002 2560 2061 2599 se

2245 2547 2302 2611 ζ’.
2360 2546 2596 2604 Ἐκεῖνος
2652 2542 2742 2597 καὶ
2796 2542 2901 2619 πρὸ
2984 2548 3086 2612 τῆς
3162 2539 3427 2615 ημετέρας
3503 2538 3676 2611 αὐλῆς
3756 2541 3825 2610 ἦν

414 2627 781 2701 contulisset,
815 2633 1013 2685 noster
1051 2634 1192 2684 erat.
1218 2630 1407 2685 Mores
1432 2631 1587 2687 834
1618 2632 1834 2704 quippe
1864 2632 2061 2703 ipsum

2181 2631 2476 2708 ἡμέτερος⁹
2548 2630 2799 2686 εἰσεποίει
2874 2633 2977 2707 γὰρ
3050 2630 3208 2685 αὐτὸν
3285 2633 3420 2702 ἡμῖν
3495 2632 3524 2685 6
3592 2629 3822 2705 τρόπος.

412 2718 584 2776 nobis
616 2718 1000 2774 asciscebant.
1026 2718 1100 2775 Ut
1128 2719 1284 2775 enim
1320 2720 1484 2775 multi
1518 2738 1588 2776 ex
1617 2721 1832 2777 nostris
1863 2721 2061 2777 nobis-

2181 2724 2373 2795 ’Ὠσπερ
2425 2720 2525 2797 γὰρ
2583 2720 2787 2776 πολλοὶ
2862 2725 2968 2775 τῶν
3035 2719 3317 2793 ἡμετέρων
3377 2719 3438 2773 οὐ
3493 2719 3607 2792 μεθ’
3656 2719 3821 2791 ἡμῶν

414 2823 549 2864 cum
598 2824 713 2863 non
774 2813 932 2875 sunt,
959 2825 1103 2881 quos
1151 2809 1374 2865 scilicet
1404 2828 1437 2865 a
1469 2810 1768 2866 communi
1825 2826 2061 2882 corpore

2181 2810 2325 2878 εἰσιν,
2386 2809 2477 2872 οὕς
2529 2811 2556 2864 6
2609 2809 2725 2885 βίος
2775 2808 3065 2884 ἀλλοτριοῖ
3114 2813 3211 2863 τοῦ
3276 2813 3461 2863 κοινοῦ
3520 2808 3826 2880 σώματος·

412 2897 533 2953 vita
561 2892 817 2953 removet
847 2913 862 2953 :
894 2897 978 2953 sic
1008 2902 1211 2953 contra
1255 2898 1423 2953 multi
1458 2903 1787 2954 exterorum
1837 2900 1908 2955 ad
1959 2916 2061 2954 nos

2181 2896 2320 2953 οὕτω
2348 2895 2553 2953 πολλοὶ
2581 2903 2688 2952 τῶν
2722 2896 2909 2968 ἔξωθεν
2936 2897 3073 2972 πρὸς
3105 2900 3284 2970 ἡμῶν,
3334 2896 3452 2951 6'ch
3502 2900 3579 2967 τῷ
3625 2895 3829 2971 τρόπῳ

417 2989 703 3057 spectant,
729 2986 1065 3057 quicunque
1097 2987 1378 3042 nimirum
1407 2988 1581 3043 fidem
1612 2988 1874 3043 moribus
1907 2992 2061 3043 ante-

2181 2988 2273 3056 τὴν
2318 2987 2494 3042 πίστιν
2545 2988 2823 3065 φθάνουσι,
2881 2985 2969 3040 καὶ
3024 2983 3231 3040 δέονται
3281 2990 3377 3040 τοῦ
3413 2984 3703 3058 ὀνόματος,
3763 2985 3831 3039 τὸ

414 3078 673 3143 vertunt,
703 3089 768 3128 ac
810 3073 931 3129 solo
980 3075 1218 3129 nomine
1265 3080 1484 3142 carent,
1518 3092 1649 3130 cum
1703 3092 1825 3131 rem
1875 3076 2061 3149 ipsam

2181 3074 2333 3152 ἔργον
2385 3073 2623 3153 ἔχοντες.
2674 3076 2886 3130 Τούτων
2936 3073 3027 3129 καί
3079 3075 3105 3128 ὁ
3140 3074 3270 3147 ἐμὸς
3328 3077 3392 3143 ἦν
3424 3074 3625 3149 πατὴρ,
3658 3072 3833 3149 πτόρ-

416 3165 674 3218 teneant.
707 3162 829 3226 Quo
859 3163 919 3217 in
951 3178 1195 3218 numero
1244 3179 1411 3219 meus
1442 3180 1675 3235 quoque
1727 3169 1892 3236 pater
1920 3168 2061 3231 erat,

2181 3167 2271 3228 θος
2329 3164 2645 3241 ἀλλότριος,
2710 3168 2789 3235 τῷ
2847 3166 2924 3238 (1)
2976 3164 3082 3238 βίῳ
3129 3163 3267 3239 πρὸς
3315 3164 3464 3235 ἡμᾶς
3510 3159 3829 3219 ἐπικλίνων.

422 3267 625 3307 ramus
657 3250 895 3323 quidem
936 3251 1033 3307 ille
1077 3251 1323 3320 alienus,
1357 3256 1629 3308 caeterum
1660 3254 1778 3309 vita
1806 3257 1862 3308 et
1892 3254 2061 3308 mori-

2182 3253 2497 3332 Σοιρροσῦνῃ
2575 3252 2667 3327 μέν
2745 3273 2805 3329 γε
2871 3255 3129 3307 τοσοῦτον
3206 3248 3508 3325 διήνεγκεν,
3587 3249 3723 3305 ὥστε
3802 3253 3832 3304 6

420 3340 532 3395 bus
563 3341 634 3395 ad
664 3357 772 3395 nos
804 3341 1191 3413 propendens.
1214 3343 1292 3396 Ac
1313 3342 1604 3414 pudicitiae
1628 3343 1863 3415 quidem
1898 3342 2061 3397 laude

2183 3342 2339 3404 αὐτὸς
2388 3340 2791 3418 ἱρασμιώτατός
2836 3362 2897 3396 τε
2946 3341 3059 3414 ἅμα
3104 3338 3339 3417 γενέσθαι
3416 3339 3505 3393 καὶ
3572 3339 3830 3411 κοσμιώ-

421 3429 564 3485 adeo
594 3428 886 3498 excelluit,
915 3434 977 3484 ut
1008 3430 1161 3485 idem
1196 3429 1395 3497 simul,
1419 3435 1474 3486 et
1503 3431 1987 3503 amabilissimus,
2016 3436 2061 3487 el

2181 3452 2376 3494 τατος*
2449 3432 2481 3485 ’cl
2544 3430 2785 3508 χαλεπὸν
2859 3429 3137 3508 ἀμφότερα
3207 3426 3549 3503 συνδραμεῖν.
3610 3436 3830 3482 Δικαιο-

420 3517 792 3575 castissimus
810 3522 983 3587 esset,
1005 3536 1130 3590 quae
1152 3520 1266 3576 duo
1290 3520 1447 3576 haud
1466 3521 1630 3576 facile
1651 3520 1711 3577 in
1735 3538 1917 3576 unum
1941 3539 2061 3576 con-

2184 3522 2341 3591 σύνης
2402 3519 2459 3575 δὲ
2510 3520 2562 3575 τί
2624 3525 2804 3593 μεῖζον
2863 3521 3150 3594 γνώρισμα
3205 3517 3293 3572 καὶ
3359 3516 3829 3593 περιφανέστερον,

423 3611 688 3662 currunt.
717 3606 967 3662 Justitiee
1016 3612 1234 3676 autem,
1260 3608 1412 3677 quod
1444 3608 1636 3679 majus
1682 3614 1739 3664 et
1781 3608 2061 3663 illustrius

2182 3609 2215 3677 ἢ
2261 3609 2345 3661 ὃτι
2392 3605 2671 3668 πολιτείας
2726 3606 2787 3660 οὐ
2844 3607 2911 3660 τά
2966 3604 3188 3680 δεύτερα
3235 3604 3507 3679 ἐσχηκὼς,
3562 3601 3687 3658 οὐδὲ
3732 3608 3836 3676 μιᾷ

425 3700 839 3768 argumentum
884 3696 1075 3751 afferri
1109 3701 1318 3769 potest,
1350 3713 1526 3769 quam
1556 3699 1729 3768 quod,
1754 3699 1811 3752 in
1844 3697 2061 3769 magnis

2186 3694 2410 3771 δραχμῇ
2459 3694 2632 3749 πλείω
2673 3696 2773 3763 τὴν
2824 3694 3004 3748 οὐσίαν
3068 3694 3337 3761 πεποίηκε
3404 3693 3651 3767 καίτοιγε
3706 3692 3836 3753 τοὺς

424 3784 759 3857 reipublicae
783 3785 1130 3840 muneribus
1148 3792 1432 3852 versatus,
1455 3802 1526 3840 ne
1556 3788 1819 3841 teruncio
1839 3786 2061 3858 quidem

2186 3783 2388 3846 ἄλλους
2441 3785 2581 3860 ὁρῶν
2624 3785 2721 3845 τὰς
2769 3782 3015 3857 Βριάρεω
3064 3788 3254 3858 χεῖρας
3286 3776 3686 3841 ἐπιϐάλλοντας
3712 3786 3836 3842 τοῖς

424 3874 731 3931 facultates
754 3891 892 3929 suas
914 3874 1157 3939 auxerit,
1177 3875 1353 3946 idque
1370 3892 1504 3930 cum
1528 3875 1672 3930 alios
1694 3880 1953 3929 cerneret
1979 3892 2061 3945 pu-

2187 3871 2496 3945 δημοσίοις,
2547 3872 2637 3926 καὶ
2678 3876 2795 3933 τοῖς
2845 3876 3031 3933 κακοῖς
3096 3870 3289 3944 πόροις
3357 3868 3834 3947 φλεγμαίνονταςς

426 3963 596 4020 blieis
618 3963 786 4019 bonis
808 3963 1026 4018 Briarei
1050 3980 1284 4030 manus,
1307 3968 1371 4018 ut
1398 3963 1508 4018 dici
1533 3963 1698 4021 solet.
1722 3964 2061 4035 injicientes.

2188 3962 2329 4015 οὕτω
2383 3960 2485 4035 γὰρ
2534 3959 2637 4035 ἐγὼ
2688 3958 2841 4015 καλῶ
2883 3961 2981 4028 τὴν
3031 3956 3213 4013 ἄδικον
3274 3958 3549 4033 εὐπορίαν.
3619 3959 3837 4033 Φρονή-

429 4068 495 4108 ac
528 4051 699 4107 malis
730 4051 910 4107 lucris
960 4053 1300 4125 turgentes?
1340 4054 1433 4108 Sic
1464 4053 1618 4107 enim
1670 4069 1809 4126 opes
1859 4052 2061 4121 injuste

2189 4071 2324 4111 σεως
2376 4048 2453 4117 δὶ,
2505 4049 2672 4125 μικρὰ
2729 4050 2822 4121 μὲν
2896 4047 3019 4104 οὐδὲ
3081 4051 3248 4103 ταῦτα
3306 4046 3677 4124 γνωρίσματα,
3744 4043 3842 4116 δη-

428 4140 703 4197 ccllectas
759 4157 919 4196 voco.
955 4142 1279 4198 Prudentia:
1338 4159 1506 4213 porro
1557 4159 1895 4214 quanquam
1956 4142 2061 4195 basi

2190 4138 2355 4194 λώσει
2402 4136 2458 4192 δὲ
2513 4137 2578 4192 τὰ
2620 4137 2793 4193 πλείω
2844 4138 3049 4213 προϊὼν
3101 4138 3127 4192 6
3161 4135 3341 4213 λόγος.
3375 4135 3590 4190 Τούτων
3621 4133 3709 4189 καὶ
3745 4157 3837 4207 μι-

429 4246 665 4302 qucque
697 4246 812 4284 non
834 4230 1040 4301 exigua
1062 4230 1279 4287 indicia
1300 4234 1457 4296 sunt,
1483 4232 1648 4302 plura
1669 4236 1864 4287 tamen
1897 4229 2061 4285 oratic

2190 4229 2313 4291 σθὸν
2374 4230 2469 4300 (2),
2524 4228 2698 4300 οἶμαι,
2758 4228 2856 4296 τὴν
2906 4226 3086 4281 πίστιν
3138 4225 3421 4303 ἠνέγκατο.
3475 4225 3545 4278 Τὸ
3596 4221 3653 4278 δὲ
3683 4224 3836 4285 ὃπως

430 4318 665 4391 longius
696 4336 1006 4391 progressa
1033 4319 1372 4375 declarabit.
1405 4321 1513 4375 Pro
1556 4321 1647 4376 his
1698 4322 1873 4376 rebus
1907 4320 2061 4373 fidet:

2191 4314 2460 4391 (οὐδὲγὰρ
2512 4316 2655 4386 ἄξιον
2707 4321 3007 4380 σιωπᾶσθαι
3058 4320 3285 4391 πρᾶγμα
3328 4316 3631 4386 τοσοῦτον),
3681 4311 3841 4367 αὐτοί

432 4423 689 4481 quoque,
724 4412 787 4462 ut
815 4408 1040 4479 opinor,
1066 4409 1287 4479 praemii
1320 4408 1443 4464 loco
1473 4408 1690 4464 retulit.
1716 4410 1779 4465 Id
1804 4425 1936 4463 vero
1968 4425 2061 4478 qm

2189 4406 2517 4480 παραστήσω
2527 4425 2618 4478 μεν

434 4502 606 4571 pacto
663 4496 972 4569 contigerit
1000 4497 1211 4568 (neque
1267 4498 1423 4553 enim
1483 4515 1576 4554 res
1633 4502 1798 4553 tanta
1848 4496 2081 4553 silentio

432 4586 836 4660 pretereunda
863 4585 994 4656 est),
1029 4586 1401 4657 perspicuum
1431 4587 1733 4642 faciemus.

506 4676 624 4730 VII.
657 4674 926 4729 Divinam
966 4674 1325 4746 Seripluram
1357 4674 1647 4730 dicentem
1690 4674 1885 4730 audivi
1923 4691 1934 4729 :
1967 4676 2081 4729 Mu-

432 4765 624 4821 lierem
654 4765 851 4834 fortem
879 4763 1003 4836 qui:
1031 4764 1271 4819 inveniet
1291 4764 1377 4819 ‘0?
1397 4769 1477 4819 Ac
1499 4765 1719 4820 donum
1750 4764 1911 4819 istud
1943 4763 2084 4818 divi-

499 4906 544 4942 ‘°
568 4906 736 4962 Prov.
770 4916 923 4975 xxxi,
956 4906 1044 4962 10.

501 5046 612 5130 (94)
644 5041 1087 5130 Βρῴματαιξστιν
1121 5047 1193 5130 tt.-
1197 5049 1293 5105 Sic
1320 5049 1458 5130 βας.
1484 5050 1604 5119 bm,
1627 5048 1801 5106 Coisl.
1826 5052 1880 5121 2,
1904 5049 1997 5105 Or.
2025 5049 2075 5104 1.

430 5116 706 5194 Mép_dosé
738 5116 796 5194 iri
828 5120 1022 5194 editis,
1049 5116 1295 5194 πρόϐατα
1323 5117 1378 5181 ές
1406 5116 1544 5175 τινα.

1307 5165 1377 5262 iv:
1388 5165 1619 5265 τξῖἑτψ
1628 5210 1725 5243 ικει
1735 5187 1868 5265 μένη
1880 5210 1924 5251 ς.

519 5263 611 5333 96)
645 5263 863 5332 Λῆμης.
926 5260 1115 5333 Gloss.
1161 5283 1173 5320 :
1227 5260 1415 5333 Λήμη,
1446 5260 1532 5316 ίτὸ
1584 5260 1793 5315 συνιστά

427 5330 880 5417 τοξςγόιρθαλμοῖς
943 5330 1144 5417 λευκόν.
1192 5330 1327 5390 έστιί
1359 5330 1765 5417 ‹‹”.Ιλ1ρρ11υάρ,
1792 5330 1819 5382 »ἆ
1850 5334 1907 5390 id
1969 5339 2074 5417 est,

1227 5260 1532 5337 A‘o’,(1.n,;'tc
1584 5260 1964 5337 συνιστάμενον
2026 5260 2075 5315 έν

2263 4671 2331 4725 Z'.
2420 4674 2650 4724 Γυναῖκα
2739 4670 2832 4741 μὲν
2914 4665 3160 4745 ἀνδρείαν
3240 4667 3326 4730 τίς
3412 4666 3668 4744 εόρήσεις
3744 4668 3843 4735 τῆς

2192 4758 2336 4824 θείας
2364 4756 2571 4827 ἤκουσα
2622 4756 2893 4834 λεγούσης
2943 4759 3197 4835 Γραφῆςο
3243 4755 3332 4811 καὶ
3379 4756 3442 4811 τδ
3493 4754 3664 4831 δῶρον
3722 4754 3845 4810 θεό-

2261 5045 2335 5117 (1)
2363 5047 2476 5117 Τῷ.
2508 5045 2601 5100 Sic
2634 5044 2772 5117 Reg.
2808 5043 3019 5117 bm,_st
3047 5042 3142 5098 0r.
3177 5042 3227 5117 1.
3263 5041 3437 5098 Deest
3452 5040 3526 5117 _in
3556 5041 3648 5097 ed.

2263 5112 2584 5190 (2)Tc'51wv
2641 5112 2747 5169 καῖ
2791 5112 3006 5190 μισθόν,
3036 5119 3142 5190 etc.
3180 5115 3309 5190 Haec
3350 5113 3526 5169 verba
3581 5128 3698 5190 non
3756 5113 3842 5168 sic

2188 5185 2565 5262 intelligenda
2620 5185 2920 5262 sunt,‘_nec_
2976 5185 3333 5262 intellexisse
3374 5185 3721 5262 censendus,
3751 5192 3842 5240 est

2189 5255 2521 5333 Gregorius,
2540 5260 2707 5332 quasi
2730 5255 3189 5333 quispiamullis
3213 5255 3525 5333 mortalium
3550 5256 3838 5333 vir_tutum

2187 5328 2396 5388 ofﬁc—iis
2430 5328 2603 5387 {idem
2635 5328 2843 5386 mereri
2890 5330 3090 5402 possit.
3124 5331 3224 5385 Est
3251 5329 3407 5402 enim
3438 5328 3584 5384 ﬁdes
3616 5328 3835 5402 donum

432 5428 458 5456 ‹‹
492 5400 629 5461 tabi'
668 5400 932 5476 quaedam
994 5411 1235 5479 species,
1276 5408 1426 5479 quod
1479 5400 1842 5479 lippientium
1893 5400 2075 5463 oculis
2186 5405 2308 5473 Dei,
2343 5420 2731 5479 nonoperum
2780 5400 3023 5457 merces.
3059 5400 3378 5473 Improprie
3420 5403 3616 5479 tamen
3650 5400 3845 5479 potuit

431 5481 499 5533 ad
511 5480 705 5533 haeret.
736 5504 756 5531 ι

500 5551 611 5690 (97)
638 5549 823 5623 Ῥάχει.
858 5549 1031 5606 Coisl.
1069 5552 1117 5615 1,
1149 5548 1360 5623 τάχιον.

520 5624 610 5688 98)
645 5620 819 5690 Αὐτῷ.
852 5623 943 5678 Sic
974 5624 1067 5677 Or.
1104 5624 1151 5676 1.
1185 5623 1246 5677 lu
1277 5626 1360 5677 ed.

520 5616 610 5688 98)
645 5616 943 5693 abfugio
974 5624 1067 5677 Or.
1104 5624 1151 5676 1.
1185 5616 1395 5693 111νθάο,
1425 5616 1572 5693 αὐτό.

502 5694 611 5764 (99)
645 5690 1026 5766 Φιλοτίμημα.
1063 5694 1203 5767 Reg.
1237 5711 1289 5762 a,
1322 5690 1636 5770 φιλότιμον.

2189 5498 2214 5529 ι
2249 5471 2575 5531 mercedem
2613 5498 2641 5525 »
2673 5474 2883 5543 dicere,
2917 5491 3021 5544 pro
3072 5471 3330 5545 congrua
3374 5472 3628 5545 quadam
3652 5471 3734 5528 ad
3768 5471 3839 5525 ﬁ-

2184 5548 2315 5603 dem
2348 5548 2787 5618 praeparatione,
2815 5552 2870 5601 et
2899 5543 3066 5615 quasi
3102 5543 3218 5600 non
3248 5543 3667 5618 repugnantia;
3704 5560 3841 5615 quae

2186 5636 2289 5675 nec
2319 5617 2450 5691 ipsa
2480 5619 2576 5673 Uei
2604 5634 2851 5691 munere
2866 5633 3087 5691 Avacare
3116 5617 3409 5691 censenda
3437 5620 3545 5672 est.

2254 5691 2327 5763 (3)
2342 5688 2823 5767 Ἡαραπήσωμεν.
2854 5688 2951 5750 0r.
2986 5690 3037 5760 1,
3072 5689 3508 5764 παραστήσωμεν.
