4094 6288
234 410 351 475 993

1143 403 1432 464 ORATIO
1479 400 1690 462 XVIII.
1723 430 1801 447 --
1831 398 2218 461 FUNEBRIS
2263 398 2342 459 IN
2392 396 2734 460 PATREM.

3522 396 3639 459 094

238 541 322 593 θεν
385 558 540 606 ειναι,
600 536 697 604 τὴν
759 534 960 610 ἀγαθὴν
1022 533 1168 608 παρὰ
1222 536 1316 586 τοῦ
1376 538 1573 603 Κυριου
1622 527 1930 602 συζυγίανέ

2034 529 2154 585 itus
2183 546 2332 597 esse,
2361 531 2696 601 bonumque
2734 529 3077 599 conjugium
3108 546 3142 583 a
3172 529 3416 584 Domino
3446 529 3638 585 conci-

238 626 585 701 ἀρμόζεσθαι.
646 624 716 677 Τὸ
775 622 821 678 δ’
884 622 1012 677 αὐτὸ
1062 625 1135 695 (4)
1183 619 1331 675 δοκεῖ
1376 620 1465 674 καὶ
1504 624 1621 679 τοῖς
1654 616 1882 687 ἔξωθεν·

241 715 389 790 εἷ’περ
439 713 652 769 ἐκείνων
827 712 913 778 τὸ,
970 710 1227 770 Γυναικὸς
1296 708 1431 779 ἀνὴρ
1499 708 1675 781 χρῆμ’
1734 702 1885 759 οὐδὲν

243 804 487 873 ληίζεται
516 800 746 857 κάλλιον
791 798 1012 867 ἐσθλῆς,
1061 795 1186 851 οὐδὶ
1234 802 1422 870 χεῖρον
1485 798 1581 863 τῆς
1630 794 1887 856 ἐναντίας.

245 895 357 949 Τοῦ
415 890 472 945 δὲ
520 889 617 943 οὐκ
665 888 803 943 ἔστιν
854 888 1040 954 εἰπεῖν,
1092 884 1237 945 ὅστις
1280 885 1413 938 κατᾶ
1440 889 1600 938 τοῦτο
1634 880 1887 953 εὐδαιμο-

245 982 511 1056 νέστερος.
572 979 737 1051 Οἶμαι
796 974 920 1050 γάρ,
981 970 1034 1029 εἶ’
1078 995 1159 1035 τις
1216 971 1275 1027 ἐκ
1320 973 1562 1045 περάτων
1615 978 1745 1045 γῆς,
1801 968 1890 1023 καὶ

249 1070 446 1130 παντὸς
500 1069 684 1144 γένους
736 1065 1058 1140 ἀνθρώπων,
1116 1063 1213 1131 τὴν
1284 1062 1506 1137 ἀρίστην
1559 1060 1893 1133 ἁρμόσασθαι

246 1158 498 1234 συζυγίαν
572 1152 918 1225 ἐσπούδασεν,
1011 1150 1109 1206 οὐκ
1201 1152 1333 1204 εἶναι
1425 1150 1625 1219 ταύτης
1723 1149 1891 1223 εὑρεῖν

250 1247 456 1319 ἀμείνω
524 1244 613 1298 καὶ
674 1240 1110 1317 ἀρμοδιωτέραν.
1179 1238 1332 1294 Οὕτω
1391 1240 1492 1314 γὰρ
1551 1236 1758 1313 ἀνδρῶν
1807 1237 1895 1291 καὶ

248 1339 514 1410 γυναικῶν
551 1333 626 1395 είς
656 1329 709 1386 ’ἐν
744 1330 974 1400 συνῆλθε
1002 1330 1068 1384 τὰ
1115 1330 1393 1404 κράτιστα,
1428 1327 1564 1383 ὥστε
1596 1327 1703 1401 οὐχ
1732 1330 1892 1395 ἦττον

248 1426 440 1499 ἀρετῆς
490 1425 524 1491 ἣ
590 1420 856 1494 σωμάτων
917 1419 1158 1495 γενέσθαι
1210 1417 1464 1491 συζυγίαν
1518 1418 1608 1471 τὸν
1668 1415 1843 1490 γάμον
1880 1434 1892 1445 '

250 1513 365 1569 ἐπεὶ
412 1516 517 1567 τῶν
567 1509 752 1566 ἄλλων
800 1514 1144 1584 κρατοῦντες,
1204 1505 1468 1577 ἀλλήλων
1528 1510 1739 1581 κρατεῖν
1800 1504 1899 1558 οὐκ

251 1604 426 1677 εἶχον,
501 1599 591 1655 διὰ
666 1601 727 1655 τὸ
801 1602 901 1667 τῆς
953 1598 1150 1673 ἀρετῆς
1210 1594 1500 1671 ἰσόρροπον
1560 1593 1649 1649 καὶ
1707 1593 1899 1665 ὁμότι-

257 1712 355 1764 μον
386 1692 488 1762 (6)-

1201 1152 1333 1204 εἶναι
1425 1150 1625 1219 ταύτης

328 1871 409 1925 Η’.
443 1867 541 1922 Καὶ
571 1870 649 1939 τῷ
683 1866 775 1939 μὲν
823 1862 1001 1938 ’Δδᾶμ
1053 1866 1088 1933 ἡ
1150 1861 1366 1927 δοθεῖσα
1407 1865 1520 1917 κατ’
1580 1861 1735 1916 αὐτὸν
1769 1862 1900 1936 βοη-
1933 1888 1979 1952 Β

260 1958 349 2021 θὸς
381 1953 590 2031 (ἐπειδή
640 1954 805 2009 καλὸν
856 1954 921 2023 ἦν
974 1956 1048 2025 μὴ
1088 1953 1250 2025 μύνον
1284 1954 1422 2006 εἶναι
1451 1952 1541 2005 τὸν
1576 1952 1901 2023 ἄνθρωπον),

261 2047 375 2101 ἀντὶ
420 2049 676 2121 συνεργοῦ
721 2040 961 2115 πολεμία
1009 2044 1261 2111 κατέστη,
1318 2040 1405 2095 καὶ
1456 2040 1561 2115 οὐχ
1606 2040 1901 2113 ὁμόζυγος,

258 2133 381 2191 ἀλλ’
440 2134 708 2195 ἀντίθετος
736 2153 747 2165 ·
809 2131 1054 2205 κλέψασα
1106 2133 1197 2185 τὸν
1239 2127 1406 2204 ἄνδρα
1437 2127 1504 2183 δι’
1536 2126 1757 2198 ἡδονῆς,
1815 2125 1905 2181 καί

255 2230 333 2296 τῷ
389 2223 534 2297 ξύλῳ
591 2226 690 2291 τῆς
752 2222 1005 2295 γνώσεως
1060 2225 1156 2275 τοῦ
1206 2220 1370 2290 ξύλοῦ
1410 2227 1509 2288 τῆς
1543 2224 1685 2287 ζωῆς
1742 2216 1906 2271 ἀλλο-

256 2314 547 2385 τριώσασα.
605 2316 691 2383 Τῷ
750 2309 807 2365 δὲ
863 2309 925 2364 οὐ
979 2310 1226 2384 συνεργὸς
1292 2308 1454 2381 μόνον
1512 2309 1547 2376 ἡ
1598 2308 1742 2381 παρὰ
1774 2310 1904 2359 Θεοῦ

261 2399 474 2455 δοθεῖσα
531 2402 712 2474 (ἦττον
769 2400 870 2474 γὰρ
943 2402 1104 2453 τοῦτο
1181 2397 1530 2468 θαυμαστὸν),
1611 2392 1757 2448 ἆΛλὰ
1816 2394 1906 2448 καὶ

266 2489 510 2565 ἀρχηγὸς
536 2485 907 2563 γίνεται,ἕργῳ
926 2506 985 2541 τε
1009 2486 1097 2540 καὶ
1120 2484 1274 2560 λόγῳ
1304 2485 1441 2560 πρὸς
1473 2484 1538 2538 τὰ
1565 2484 1819 2559 κράτιστα
1842 2480 1908 2536 δι’

268 2578 465 2645 ἑαυτῆς
513 2577 750 2651 ἄγουσα·
804 2574 892 2629 καὶ
941 2574 1007 2629 τὰ
1055 2574 1146 2646 μὲν
1200 2572 1345 2628 ἄλλα
1390 2576 1489 2626 τοῦ
1540 2569 1732 2647 ἀνδρὸς
1778 2592 1906 2646 κρα-

263 2668 469 2721 τεῖσθαι
527 2665 679 2738 νόμῳ
729 2665 982 2738 συζυγίας
1030 2662 1245 2738 ἄριστον
1295 2662 1423 2716 εἶναι
1488 2661 1761 2737 κρίνουσα,
1811 2666 1909 2729 τῆς

268 2750 537 2817 εὐσεϐείας
600 2751 656 2809 δὲ
713 2753 811 2808 οὐκ
849 2751 1217 2828 αἰσχυνομένη
1269 2750 1526 2826 παρέχειν
1579 2750 1770 2818 ἑαυτὴν
1820 2750 1909 2803 καὶ

272 2842 617 2900 διδάσκαλον.
650 2845 719 2900 "0
750 2842 1038 2915 θαυμάζειν
1077 2842 1171 2914 μὲν
1205 2840 1411 2909 ἐκείνης
1434 2839 1597 2910 ἄξιον,
1620 2840 1908 2912 θαυμάζειν

273 2931 329 2987 δὶ
360 2932 525 2987 πλέον
555 2933 645 2987 τὸν
680 2931 853 2986 ἰκοντί
897 2931 1214 3003 ἡττώμενον
1263 2933 1358 3003 (7).
1402 2929 1609 2997 Ἐκείνη
1636 2929 1735 3003 γάρ
1776 2927 1914 2982 ἐστιν

272 3024 329 3090 ἡ,
361 3026 467 3075 τῶν
519 3019 703 3076 ἄλλων
748 3025 1009 3095 γυναικῶν
1059 3018 1253 3075 κάλλει
1299 3017 1776 3096 φιλοτιμουμένων
1824 3017 1913 3071 καὶ

275 3109 615 3184 ὑψουμένων,
649 3108 770 3163 ὅσον
800 3131 857 3163 τε
888 3110 1106 3183 φυσικὸν
1149 3109 1238 3163 καὶ
1287 3107 1409 3161 ὅσον
1456 3106 1807 3177 ἐπίπλαστον,
1857 3103 1910 3160 ἓν

273 3200 602 3271 ἐπισταμένη
652 3197 881 3269 κάλλος,
936 3197 996 3252 τὸ
1039 3200 1135 3266 τῆς
1191 3200 1396 3272 ψυχῆς,
1436 3197 1611 3251 καὶτὸ
1640 3198 1738 3264 τὴν
1766 3194 1908 3249 θείαν

1996 618 2145 672 Iiari.
2177 621 2301 683 Qua
2331 619 2389 673 in
2422 619 2713 673 sententia
2743 618 2961 672 externi
2995 634 3228 689 quoque
3258 624 3422 685 sunt;
3456 618 3638 688 siquia

1997 708 2128 761 dein
2164 708 2391 761 illorum
2426 706 2533 761 hoc
2556 712 2643 763 est
2668 723 2679 760 :
2703 708 2929 761 Nullam
2952 707 3127 776 proba
3156 723 3328 761 umore
3355 707 3643 763 meliorem

1998 811 2114 849 rem
2142 798 2398 865 cuiquam
2426 795 2682 849 obvenire
2711 811 2880 864 posse,
2914 812 3014 849 nec
3044 812 3237 850 rursus
3268 796 3519 865 improba
3548 811 3642 867 pe-

1991 900 2188 955 Jorem.
2220 884 2335 937 Hac
2368 901 2535 953 porro
2569 884 2625 937 in
2659 901 2718 937 re
2748 884 2859 938 dici
2892 901 3005 938 non
3041 889 3229 955 potest
3259 885 3392 953 quis
3422 901 3488 939 eo
3519 884 3644 940 feli-

2001 973 2121 1027 cior
2150 972 2452 1026 exstiterit.
2475 972 2565 1027 Sic
2597 972 2749 1027 enim
2780 972 3068 1036 existimo,
3088 974 3133 1027 si
3159 972 3291 1043 quis
3314 973 3384 1027 ab
3418 972 3645 1030 ultimis

2003 1065 2292 1117 terrarum
2329 1061 2565 1128 ﬁnibus,
2594 1066 2768 1132 atque
2800 1079 2867 1115 ex
2899 1060 3167 1118 universo
3205 1062 3511 1118 hominum
3546 1080 3644 1135 ge-

2005 1171 2160 1221 nere,
2195 1152 2746 1225 préestantissimum
2801 1153 3137 1223 conjugium
3168 1154 3477 1210 conciliare
3521 1160 3647 1211 stu-

2005 1242 2251 1311 duisset,
2275 1241 2504 1296 nullum
2529 1258 2779 1312 usquam
2812 1241 2921 1297 hoc
2949 1242 3319 1311 praastantius
3337 1245 3650 1317 aptiusque

2006 1330 2245 1402 reperiri
2299 1329 2577 1401 potuisse.
2615 1331 2696 1384 Ita
2751 1332 2906 1384 enim
2952 1332 3204 1385 virorum
3238 1349 3304 1387 ac
3334 1332 3649 1389 mulierum

2006 1419 2226 1489 Optima
2256 1424 2311 1473 et
2339 1418 2783 1488 praeclarissima
2804 1436 3043 1488 quaeque
3070 1419 3127 1473 in
3159 1437 3340 1475 unum
3363 1422 3655 1479 conﬂuxe-

2007 1511 2159 1574 rant,
2211 1512 2276 1562 ut
2324 1508 2431 1561 hoc
2466 1509 2931 1576 matrimonium,
2976 1525 3088 1561 non
3144 1508 3342 1564 minus
3393 1511 3655 1580 virtutis,

2007 1612 2185 1668 quam
2220 1612 2551 1667 corporum,
2587 1613 2769 1651 nexus
2799 1601 2970 1651 esset.
3009 1596 3150 1653 Nam
3183 1613 3316 1653 cum
3350 1598 3497 1654 alios
3527 1599 3652 1655 vin-

2008 1689 2222 1750 cerent,
2247 1689 2440 1739 tamen
2473 1686 2544 1738 ob
2567 1684 2800 1740 virtutis
2828 1685 3218 1756 aequalitatem
3251 1692 3457 1743 neuter
3485 1688 3653 1745 alteri

2005 1772 2305 1829 victoriam
2339 1773 2559 1844 eripere
2592 1777 2833 1845 poterat.

2079 1862 2225 1917 VIII.
2244 1863 2310 1917 Et
2327 1862 2564 1933 quidem
2585 1861 2834 1934 illa,quae
2854 1864 3093 1935 Adamo,
3109 1865 3434 1935 adjumenti
3453 1883 3653 1934 causa,

2013 1952 2225 2008 similis
2255 1952 2339 2006 illi
2370 1953 2502 2006 data
2533 1952 2717 2007 fuerat
2755 1953 2883 2023 (nec
2913 1955 3067 2008 enim
3117 1954 3415 2011 hominem
3463 1956 3653 2013 solum

2014 2059 2142 2097 esse
2184 2042 2403 2096 bonum
2438 2050 2561 2096 erat
2581 2043 2670 2111 Η),
2696 2059 2796 2111 pro
2828 2044 2988 2097 socia
3036 2044 3260 2099 hostem
3295 2061 3356 2099 se
3389 2046 3653 2116 praebuit,

2016 2148 2117 2200 pro
2148 2132 2396 2201 conjuge
2427 2131 2848 2196 adversariam;
2884 2136 2945 2184 ut
2977 2149 3103 2202 quas
3129 2132 3442 2202 voluptatis
3472 2134 3658 2188 illece-

2018 2222 2119 2274 bra
2149 2220 2296 2275 335
2343 2221 2620 2272 maritum
2672 2220 2729 2272 in
2780 2220 3041 2273 fraudem
3097 2221 3409 2290 induxerit,
3442 2238 3507 2277 ac
3557 2238 3660 2293 per

2016 2307 2267 2362 scientiae
2298 2307 2521 2378 lignum
2555 2324 2588 2362 a
2617 2307 2743 2361 vitae
2774 2307 2932 2379 ligno
2964 2309 3252 2364 averterit.
3282 2310 3426 2364 Huic
3455 2316 3660 2366 contra

2018 2396 2226 2450 mulier
2256 2394 2349 2449 Dei
2382 2395 2660 2450 beneﬁcio
2691 2412 2986 2466 concessa,
3022 2414 3136 2451 non
3186 2400 3357 2453 modo
3405 2398 3662 2469 adjutrix

2017 2485 2236 2557 (minus
2258 2485 2411 2539 enim
2435 2484 2491 2538 id
2527 2484 2717 2539 laudis
2741 2489 2797 2539 et
2828 2486 3232 2542 admirationis
3253 2486 3531 2559 haberet),
3557 2489 3658 2545 sed

2017 2577 2075 2628 et
2106 2573 2243 2639 dux,
2268 2576 2323 2627 et
2353 2572 2736 2643 antesignana
2767 2573 2895 2640 fuit,
2917 2578 3116 2646 utpote
3146 2592 3274 2647 quae
3296 2592 3429 2631 eum
3460 2576 3577 2633 vita
3605 2580 3663 2633 et

2020 2679 2285 2718 sermone
2308 2662 2379 2717 ad
2404 2661 2623 2733 Optima
2653 2679 2896 2734 quaeque
2928 2680 3029 2735 per
3057 2664 3310 2736 seipsam
3333 2666 3573 2737 ducens,
3597 2682 3664 2722 ao

2021 2751 2243 2806 caeteris
2267 2751 2503 2823 quidem
2534 2751 2593 2805 in
2627 2752 2820 2819 rebus,
2848 2757 2909 2806 ut
2941 2752 3297 2809 matrimonii
3328 2755 3483 2825 leges
3518 2756 3666 2811 fere-

2023 2843 2182 2906 bant,
2212 2840 2333 2894 viro
2365 2858 2469 2895 suo
2499 2858 2699 2911 parere
2730 2840 3017 2912 optimum
3049 2860 3177 2898 esse
3198 2844 3497 2914 judicans,
3530 2844 3665 2899 ﬁdei

2022 2935 2219 2985 autem
2269 2934 2325 2984 et
2375 2929 2605 3000 pietatis
2648 2930 2989 3001 magistram
3022 2949 3255 3002 quoque
3303 2950 3365 2987 se
3413 2936 3669 3003 praebere

2024 3019 2481 3089 haudquaquam
2515 3019 2761 3073 erubuit.
2788 3022 2970 3082 Quam
2999 3022 3233 3091 quidem
3266 3038 3397 3075 cum
3430 3022 3537 3076 hoc
3569 3039 3670 3077 no-

2025 3108 2181 3163 mine
2212 3107 2486 3161 admirari
2522 3124 2625 3178 par
2655 3109 2751 3173 sit,
2784 3113 2907 3161 tum
2940 3124 3073 3162 vero
3105 3110 3380 3164 maritum
3411 3111 3668 3181 amplius

2025 3197 2303 3251 admirari
2344 3197 2629 3260 convenit,
2663 3196 2763 3267 qui
2813 3202 3018 3266 sponte
3065 3198 3326 3252 cedebat.
3359 3197 3463 3253 llla
3510 3200 3668 3254 enim

275 3288 456 3343 εἰκόνα
512 3288 546 3355 ἢ
608 3293 911 3361 συντηρεῖν,
959 3286 994 3355 ἢ
1068 3285 1436 3360 ἀνακαθαίρειν
1498 3286 1574 3346 είς
1633 3281 1858 3357 δύναμιν
1895 3303 1907 3316 ·

2030 3290 2135 3345 est,
2163 3302 2289 3356 quae
2320 3301 2453 3338 cum
2499 3284 2625 3338 alia:
2659 3283 2933 3339 mulieres
2964 3286 3036 3340 ob
3071 3287 3264 3341 formae
3295 3286 3671 3359 elegantiam,

273 3377 399 3439 τοὺς
459 3373 515 3430 δὲ
572 3373 846 3451 γραπτοὺς
904 3376 977 3447 (8)
1027 3375 1114 3428 καὶ
1158 3372 1454 3450 τεχνητοὺς
1485 3373 1744 3446 κόσμους,
1801 3378 1919 3435 ταῖς

278 3465 364 3520 ἐπὶ
417 3471 518 3535 τῆς
579 3466 775 3534 σκηνῆς
824 3462 1185 3540 ἀπορρίψασα.
1239 3463 1372 3518 Μίαν
1421 3460 1476 3517 δὲ
1509 3460 1775 3533 ἀληθινὴν
1834 3462 1919 3516 εὐ-

282 3552 483 3629 γένειαν
543 3555 905 3629 γινώσκουσα,
965 3553 1065 3622 τὴν
1125 3547 1416 3624 εὐσέϐειαν,
1466 3552 1555 3606 καὶ
1612 3552 1672 3606 τὸ
1728 3548 1920 3606 εἶδέναι

282 3643 442 3709 πόθεν
498 3665 557 3697 τε
610 3642 932 3719 γεγόναμεν,
993 3642 1083 3697 καὶ
1140 3646 1241 3695 ποῖ
1306 3643 1726 3714 καταντήσομεν.
1799 3642 1926 3694 Ἕνα

286 3730 342 3787 δὲ
389 3732 626 3788 πλοῦτον
672 3730 889 3810 ἀσφαλῆ
942 3753 1000 3787 τε
1054 3752 1144 3786 και
1194 3729 1415 3801 ἄσυλον,
1462 3731 1525 3785 τὸ
1555 3729 1923 3785 ἀποπλουτεῖν

286 3826 420 3893 Θεῷ,
478 3820 567 3875 καὶ
622 3825 739 3881 τοῖς
786 3819 997 3889 πένησι,
1056 3818 1147 3873 καὶ
1238 3818 1470 3891 μάλιστα
1542 3824 1650 3872 τῶν
1728 3818 1785 3872 ἐκ
1838 3817 1925 3892 γέ-

285 3930 408 3971 νους
465 3911 542 3979 (9)
596 3913 717 3968 τοῖς
771 3907 1136 3977 ἀπανθήσασιν
1167 3924 1177 3938 ·
1248 3909 1329 3967 οἶς
1379 3907 1440 3960 τὸ
1502 3907 1593 3979 μὶν
1651 3908 1780 3980 ἄχρι
1827 3914 1926 3975 τῆς

286 3998 473 4073 χρείας
525 3996 797 4071 ἐπαρκεῖν,
850 3994 911 4050 οὗ
952 3993 1107 4049 λύσιν
1152 4002 1253 4063 τῆς
1303 4002 1605 4072 συμφορᾶς,
1638 3994 1763 4050 ἀλλ’
1797 3994 1929 4049 ὑπό-

292 4107 481 4157 μνησιν
564 4082 709 4159 ἔχειν
770 4083 1051 4157 ἐνόμιζεν·
1109 4084 1172 4137 τὸ
1242 4081 1299 4137 δὲ
1374 4081 1819 4158 ἐλευθεριώτερον
1874 4080 1930 4138 εὖ

285 4178 482 4241 ποιεῖν,
531 4177 695 4226 τοῦτο
745 4172 879 4225 εἶναι
934 4178 1104 4245 τιμῆς
1159 4167 1380 4247 βεϐαίας
1443 4172 1531 4225 καὶ
1589 4171 1931 4245 παραμυθίας

285 4257 649 4329 τελεωτάτης.
702 4259 805 4315 Καὶ
850 4264 955 4313 τῶν
1013 4260 1105 4331 μὶν
1156 4263 1224 4332 τῇ
1277 4258 1602 4338 οἷκωφελείᾳ
1657 4279 1930 4335 προεχου-

290 4354 420 4421 σῶν,
467 4352 575 4403 τῶν
636 4345 691 4403 δὲ
738 4353 806 4421 τῇ
858 4347 1098 4419 εὐσεϐείᾳ
1130 4349 1237 4422 (καὶ
1294 4350 1394 4424 γὰρ
1453 4348 1693 4425 χαλεπὸν
1755 4351 1933 4426 ἀμφο-

289 4439 458 4513 τέρων
511 4436 831 4512 ἐπιτυχεῖν),
892 4437 1220 4515 ἀμφοτέροις
1278 4437 1484 4500 ἁπάσας
1532 4441 1815 4508 νικήσασα,
1847 4439 1935 4493 καὶ

290 4531 368 4598 τῷ
415 4524 538 4596 περὶ
588 4523 834 4600 ἑκάτερον
888 4522 1058 4601 ἄκρῳ,
1108 4526 1198 4580 καὶ
1245 4530 1323 4597 τῷ
1374 4526 1512 4598 μόνη
1562 4528 1627 4581 τὰ
1658 4524 1752 4581 δύο
1812 4548 1934 4581 συν-

2029 3378 2148 3429 tam
2185 3372 2461 3439 nativam,
2496 3390 2673 3443 quam
2725 3374 2918 3428 fictam
2967 3378 3025 3430 et
3072 3375 3404 3446 ascititiam,
3438 3376 3677 3449 gloriari

2032 3467 2205 3533 atque
2228 3461 2443 3516 animis
2465 3462 2653 3517 efferri
2677 3466 2923 3528 soleant,
2944 3463 3071 3534 ipsa
3088 3468 3290 3520 contra
3306 3464 3457 3520 hanc
3473 3483 3675 3537 unam,

2033 3569 2160 3623 quas
2194 3552 2251 3607 in
2285 3552 2482 3607 anima
2513 3552 2821 3624 divinaque
2846 3553 3124 3626 imagine,
3157 3555 3275 3611 sive
3300 3558 3537 3627 tuenda,
3562 3558 3684 3614 sive

2035 3660 2138 3712 pro
2171 3642 2389 3695 viribus
2420 3643 2807 3713 repurganda,
2834 3643 3018 3713 posita
3048 3650 3155 3707 est,
3186 3645 3680 3716 pulchritudinem

2038 3731 2417 3802 agnoscebat;
2454 3730 2637 3800 pictos
2671 3736 2861 3785 autem
2896 3737 2951 3786 et
2982 3738 3104 3786 arte
3137 3733 3408 3803 quaesitos
3440 3738 3683 3790 ornatus

2036 3820 2107 3874 ad
2141 3820 2401 3873 scenicae
2432 3819 2813 3874 mulierculas
2845 3820 3171 3890 abjiciebat.
3197 3821 3381 3877 Unam
3416 3823 3553 3876 item
3590 3839 3684 3878 no-

2040 3907 2325 3962 bilitatem
2361 3908 2416 3961 in
2454 3907 2665 3977 pietate
2698 3907 2869 3961 sitam
2919 3924 3046 3963 esse
3098 3910 3393 3979 censebat,
3422 3914 3595 3981 atque
3621 3910 3683 3967 in

2040 4014 2126 4066 eo,
2151 4002 2217 4051 ut
2245 3996 2397 4050 unde
2428 4000 2619 4050 ortum
2672 3996 3008 4063 habuimus,
3033 4002 3091 4052 et
3122 4015 3235 4069 quo
3284 3999 3520 4053 tandem
3557 4016 3685 4071 per-

2040 4085 2264 4139 venturi
2289 4085 2496 4153 simus,
2519 4084 2938 4155 intelligamus.
2956 4084 3121 4140 Solas
3148 4087 3385 4158 insuper
3405 4087 3511 4141 has
3528 4093 3688 4143 tutas

2042 4178 2215 4245 atque
2246 4174 2315 4228 ab
2340 4174 2495 4228 omni
2532 4174 2908 4244 subreptione
2938 4174 3233 4231 immunes
3257 4192 3395 4247 opes
3416 4176 3687 4245 ducebat,

2044 4262 2323 4316 nimirum
2347 4262 2459 4316 Deo
2490 4268 2545 4315 et
2572 4262 2924 4333 pauperibus
2950 4280 3087 4334 opes
3113 4264 3431 4330 effundere,
3456 4281 3521 4318 ac
3547 4282 3689 4336 prae-

2045 4350 2246 4404 sertim
2287 4350 2761 4420 consanguineis,
2786 4351 2879 4421 qui
2940 4351 3185 4405 fortunis
3234 4352 3688 4424 suis,tanquam

2046 4439 2183 4495 ﬂore
2232 4439 2510 4508 quodam,
2550 4439 2934 4505 excidissent;
2969 4440 3205 4508 quibus,
3247 4441 3402 4511 quod
3452 4457 3691 4496 necesse

2044 4532 2218 4590 esset,
2244 4527 2525 4580 duntaxat
2556 4526 2827 4595 praebere,
2861 4544 2972 4581 non
3007 4526 3361 4582 calamitatis
3392 4526 3693 4599 depulsio-

290 4619 537 4690 αγαγεῖν.
598 4614 756 4671 Οὖτω
806 4614 899 4687 μὶν
949 4614 1038 4669 τὸν
1090 4615 1236 4668 οἷκον
1284 4614 1607 4684 συναύξουσα
1634 4621 1753 4677 ταῖς
1812 4616 1930 4670 tau-

2044 4633 2198 4683 nem,
2232 4613 2332 4669 sed
2365 4618 2811 4668 monumentum
2843 4631 2971 4669 esse
3005 4614 3309 4684 judicabat
3341 4631 3353 4669 :
3387 4613 3691 4671 liberalius

288 4707 385 4772 τῆς
444 4701 777 4777 ἐπιμελείαις
830 4704 919 4759 καὶ
976 4702 1299 4779 περινοίαις,
1358 4705 1492 4758 κατὰ
1555 4703 1679 4766 τοὺς
1757 4704 1933 4759 Σολο-

294 4797 504 4865 μῶντος
553 4793 677 4868 περὶ
734 4800 835 4863 τῆς
892 4790 1141 4867 ἀνδρείας
1186 4793 1440 4866 γυναικὸς
1490 4792 1649 4868 ὅρους
1706 4793 1795 4847 καὶ
1848 4792 1934 4847 νό-

360 4938 402 4973 ⁴¹
436 4937 577 4993 Gen.
612 4955 675 5004 ιι,
708 4940 794 4994 18.

364 5077 440 5151 (4)
473 5075 635 5131 Αὐτό.
668 5078 762 5134 Sic
793 5078 932 5151 Reg.
979 5080 1101 5150 hm,
1132 5079 1303 5137 Coisl.
1341 5081 1391 5149 1,
1425 5084 1481 5135 et
1513 5081 1608 5134 Or.
1645 5081 1694 5134 1.
1728 5080 1787 5134 In
1820 5081 1937 5146 ed.,

294 5146 474 5203 αὐτόν.

367 5221 445 5293 (5)
476 5217 798 5295 Ἐκείνωνλα
823 5221 1079 5295 Illorum,
1102 5245 1129 5271 ››
1156 5223 1213 5277 id
1246 5227 1354 5290 est,
1381 5246 1409 5273 «
1434 5223 1608 5279 unius
1640 5241 1706 5279 ex
1738 5222 1940 5295 ipsis,»

296 5291 505 5365 nempe
535 5291 787 5360 Hesiodi,
838 5292 937 5347 lib.
973 5293 1207 5365 Operam
1254 5302 1309 5349 et
1353 5295 1594 5362 dierum,
1632 5291 1779 5350 vers:
1814 5295 1940 5365 700,

295 5364 465 5435 cujus
496 5363 616 5419 haec
645 5371 785 5421 sunt
813 5367 987 5422 verba
1016 5363 1035 5421 “;

364 5468 439 5546 οὐ
476 5469 570 5546 μιν
601 5471 705 5546 γὰρ
740 5491 790 5525 τι
821 5471 1072 5546 γυῖαικρς
1101 5469 1236 5545 ἀνὴρ
1269 5468 1476 5546 tam?
1506 5468 1725 5546 ἄμεικργ

364 5544 478 5609 Τῆς
511 5541 733 5616 ἀγαθῆς,
759 5541 859 5612 τῆς
893 5541 938 5597 δ’
970 5544 1095 5597 αὗτε
1124 5541 1295 5611 κακῆς
1327 5542 1388 5596 οὐ
1420 5541 1593 5619 ῥίγιον
1628 5541 1789 5600 ἄλλο.

363 5647 519 5721 Nihil
545 5651 694 5704 enim
723 5653 810 5705 vir
837 5652 1037 5707 melius
1064 5651 1256 5708 sortiri
1296 5654 1473 5721 potest
1498 5654 1730 5709 muliere

367 5720 538 5791 Bona,
564 5737 760 5777 rursus
789 5738 912 5806 vero
940 5722 1095 5781 mala
1122 5738 1235 5779 non
1262 5720 1459 5780 ιίιινίιιις
1487 5723 1668 5797 aliud.

2045 4710 2236 4761 autem
2268 4708 2324 4757 et
2356 4700 2636 4773 prolixius
2668 4704 3013 4772 eosjuvare,
3036 4702 3091 4756 id
3125 4704 3361 4758 demum
3400 4703 3553 4758 firmi
3585 4704 3691 4758 ho-

2045 4792 2204 4848 noris
2225 4808 2289 4845 ac
2316 4790 2722 4862 perfectissimi
2745 4792 2937 4847 solatii
2965 4793 3257 4848 esse.Jam
3290 4809 3423 4849 cum
3450 4793 3575 4849 aliis
3606 4792 3692 4851 rei

2118 5079 2194 5148 (6)
2226 5071 2533 5152 Ἰσὸῥροπον
2562 5079 2651 5131 καὶ
2684 5073 2974 5149 ὁμότιμον.
3008 5102 3032 5133 ι(
3063 5080 3145 5137 Ob
3177 5080 3430 5153 mqualos
3459 5081 3695 5140 virtutis

2052 5150 2265 5213 lances,
2302 5150 3069 5222 p’aremqueprzsstantiam.
3095 5176 3121 5222 )_)

2121 5223 2198 5293 (7)
2232 5220 2445 5297 :Exovti
2501 5220 2829 5293 ἡττώμενον.
2887 5225 3029 5291 Jes.,
3085 5220 3205 5277 'éxov
3254 5226 3321 5295 τῇ
3378 5224 3691 5297 ἡττώμενον

2053 5292 2397 5364 [mendoso].

2232 5361 2528 5437 Γραπτούς.
2561 5365 2704 5434 Jes.,
2735 5364 3030 5436 κρύπτούς,
3067 5390 3087 5416 ι
3123 5368 3405 5421 occultos.
3431 5388 3460 5415 »

2142 5437 2195 5505 9)
2225 5433 2338 5489 Τῶν
2372 5433 2661 5517 έκ-γὲκιους.⁸
2687 5433 2714 5486 ὲ(
2748 5433 3242 5517 Consanguineos.
3273 5462 3297 5517 -_
3323 5438 3477 5517 Elias
3516 5460 3550 5517 ες
3590 5438 3694 5517 h_o-

2052 5508 2242 5562 mines
2301 5507 2477 5562 nobili
2514 5512 2568 5561 et
2607 5508 2763 5564 claro
2817 5507 3023 5579 genere
3082 5516 3239 5565 ortos
3284 5509 3578 5579 intelligit.
3616 5512 3698 5566 Ita

2052 5579 2239 5653 etiam
2285 5579 2536 5653 Basilius
2585 5597 2596 5632 ε
2648 5578 2712 5653 ἐκ,
2763 5578 2967 5653 γένους,
3020 5582 3262 5633 τουτέστι
3324 5578 3374 5648 ἐξ
3432 5578 3697 5653 εὖγενείας

2051 5649 2139 5703 καὶ
2183 5646 2824 5736 πλούτοὶυηπεπτωκότιες
2849 5677 2875 5702 ‹‹
2910 5646 3397 5736 consanguineos,
3422 5673 3450 5701 ››
3479 5646 3539 5708 id
3582 5660 3696 5724 est,

2056 5743 2084 5773 ί(
2116 5723 2216 5796 qui
2248 5740 2281 5779 ο.
2311 5721 2612 5780 nobilitate
2640 5729 2697 5780 et
2726 5725 2960 5781 fortuna
2989 5721 3378 5781 desciverunt.
3409 5744 3442 5775 »
