4094 6288
412 439 532 500 995
1650 431 1713 490 S.
1763 426 2133 491 GREGORII
2179 426 2571 491 THEOLOGI
3698 427 3825 492 996

412 568 717 628 familiaris
742 566 1019 639 augenda:
1044 564 1237 632 laude,
1262 563 1385 618 alize
1414 562 1648 634 pietatis
1670 562 1855 634 gloria
1883 558 2062 617 excel-

2181 579 2337 631 μους,
2370 558 2445 622 ὡς
2478 554 2709 615 εὐσεϐεῖν
2744 559 2841 613 οὐκ
2889 557 3096 614 εἰδυῖα·
3144 559 3287 613 οὕτω
3335 557 3391 613 δὲ
3448 562 3823 633 προσκειμένῃ

410 660 898 731 lant(utrumque
934 656 1090 711 enim
1124 654 1358 724 assequi
1392 651 1626 707 difﬁcile
1658 655 1789 718 est),
1815 656 2062 722 utroque

2177 652 2290 719 Θεῷ
2343 649 2433 703 καὶ
2488 655 2604 711 τοῖς
2672 650 2855 716 θείοις,
2916 650 2990 710 ὡς
3059 648 3331 723 οἰκουρίας
3406 647 3663 703 πλεῖστον
3718 650 3826 704 ἀπ-

412 749 650 805 nomine
667 745 941 801 mulieres
958 761 1161 799 omnes
1179 741 1501 813 superavit:
1523 749 1648 795 tum
1668 741 1821 811 quod
1842 747 2062 795 utrum-

2177 736 2372 812 έχουσα
2395 756 2409 769 ⁸
2470 739 2559 792 καὶ
2608 735 2759 792 οὐδὶν
2810 738 2912 792 ὑπὸ
2946 741 3058 811 (10)
3088 742 3185 792 τοῦ
3218 738 3401 812 ἑτέρου
3431 733 3827 813 παραϐλαπτο-

414 855 528 910 que
573 836 785 891 horum
837 834 908 887 ad
960 847 1265 887 summum
1315 844 1501 899 usque
1552 828 1903 901 praestiterit,
1936 833 2061 882 tum

2178 826 2311 897 μένη
2360 827 2493 901 πρὸς
2538 828 2780 903 θάτερον,
2839 826 3119 904 ἀμφότερα
3168 825 3225 881 δὶ
3264 824 3331 881 δι’
3361 824 3629 898 ἀλλήλων
3688 850 3824 905 κρα-

415 926 568 999 quod
602 924 725 979 sola
755 923 870 976 duo
906 922 1019 975 ista
1047 918 1351 990 complexa
1382 916 1574 972 fuerit.
1600 917 1739 971 Rem
1771 917 1925 972 enim
1961 916 2063 970 do-
2171 915 2423 971 τύνουσα.

417 1014 719 1071 mesticam
751 1009 1046 1065 industria
1075 1013 1135 1064 et
1162 1008 1402 1063 solertia
1448 1024 1575 1075 sua,
1600 1007 1772 1076 juxta
1824 1005 1980 1077 leges
2021 1004 2250 1061 mulieri
2284 1007 2413 1061 forti
2448 1024 2480 1061 a
2511 1007 2822 1063 Salomone
2852 1010 3121 1079 statutas,
3153 1007 3235 1063 ita
3264 1007 3445 1079 auxit,
3480 1009 3647 1079 quasi
3700 1009 3829 1079 pie-

411 1108 591 1159 tatem
624 1101 810 1157 colere
842 1098 1093 1154 nesciret
1126 1112 1141 1153 :
1173 1098 1288 1152 Deo
1319 1111 1555 1151 rursum
1603 1111 1670 1150 ac
1716 1094 1928 1149 divinis
1960 1095 2135 1151 rebus
2183 1096 2265 1150 ita
2294 1111 2421 1151 sese
2452 1096 2695 1165 addixit,
2724 1102 3005 1169 tanquam
3054 1114 3090 1152 a
3134 1113 3326 1153 rerum
3363 1097 3826 1152 domesticarum

412 1192 819 1266 procuratione
850 1188 1170 1260 plurimum
1204 1187 1435 1242 abesset
1467 1203 1480 1241 :
1514 1201 1702 1256 neque
1734 1185 1805 1239 ab
1836 1183 2117 1239 alterutro
2156 1183 2367 1239 horum
2401 1185 2724 1257 quidquam
2764 1186 3051 1258 impedita
3081 1190 3189 1257 est,
3223 1185 3541 1258 quominus
3573 1185 3825 1242 alterum

410 1282 702 1355 impleret,
732 1278 871 1350 quin
904 1277 1100 1349 potius
1125 1280 1443 1346 utrumque
1473 1273 1717 1329 alterius
1748 1289 1856 1342 ope
1888 1271 2113 1327 fulcivit
2142 1277 2200 1329 et
2228 1274 2612 1329 conﬁrmavit.

481 1369 573 1426 ιχ.
597 1368 902 1433 Quodnam
924 1364 1207 1421 orationis
1238 1368 1492 1435 tempus,
1512 1361 1713 1434 ecquis
1746 1362 1909 1417 locus
1930 1378 2059 1416 eam

406 1459 616 1517 latuit?
643 1455 800 1513 Nihil
830 1455 987 1511 enim
1021 1460 1141 1509 toto
1172 1453 1265 1509 die
1296 1460 1437 1518 erat,
1472 1452 1541 1507 ad
1577 1451 1730 1522 quod
1763 1451 1926 1522 prius
1958 1450 2061 1505 im-

410 1549 744 1623 pelleretur.
766 1546 889 1601 Imo
906 1560 1042 1599 vero
1066 1559 1334 1614 quaenam
1370 1557 1629 1613 unquam
1663 1556 1860 1610 parem
1893 1555 2058 1610 spem

411 1637 619 1694 habuit
647 1637 789 1703 fore,
822 1640 887 1688 ut
917 1632 1094 1687 simul
1144 1636 1317 1701 atque
1361 1629 1579 1699 aliquid
1618 1628 1904 1699 petiisset,
1937 1633 2056 1682 sta-

411 1728 541 1793 tim,
574 1726 729 1797 quod
774 1726 1015 1795 peteret,
1038 1718 1529 1789 consequeretur?
1559 1720 1833 1782 Quasnam
1866 1733 2058 1771 sacer-

2242 1362 2319 1417 9’.
2378 1361 2467 1423 Τίς
2530 1362 2624 1434 μὶν
2684 1357 2870 1417 ἔλαθεν
2914 1361 3145 1433 ἐκείνην,
3206 1361 3377 1437 εὐχῆς
3435 1362 3468 1429 ἢ
3522 1361 3732 1436 καιρὸς,
3793 1363 3831 1430 ἣ

2167 1448 2335 1511 τόπος
2364 1477 2377 1516 ;
2410 1448 2440 1503 ὅ
2487 1452 2596 1523 (11)
2646 1452 2734 1505 καὶ
2782 1455 2997 1526 πρῶτον
3031 1454 3096 1520 ἦν
3133 1450 3267 1524 αὐτῇ
3299 1452 3514 1504 πάντων
3546 1457 3647 1519 τῆς
3678 1449 3826 1522 ἡμέ-

2172 1558 2266 1613 ρας
2313 1537 2546 1611 κίνημα.
2605 1537 2832 1594 Μᾶλλον
2883 1537 2941 1594 δί
2998 1539 3082 1601 τίς
3126 1538 3300 1601 οὕτως
3347 1536 3491 1614 ἔχειν
3550 1539 3690 1611 ὁμοῦ
3741 1543 3827 1609 τῷ

2171 1626 2336 1681 αίτεῖν
2394 1630 2505 1700 (12)
2558 1628 2622 1683 τὸ
2670 1629 2991 1701 αἰτούμενον
3040 1627 3309 1697 ἤλπισενς
3371 1628 3461 1689 Τίς
3522 1625 3578 1682 δὶ
3629 1628 3825 1701 ἱερέων

2170 1715 2343 1770 οὕτως
2373 1714 2576 1788 ᾐδέσθη
2629 1723 2791 1791 χεῖρα
2819 1717 2907 1771 καὶ
2940 1717 3254 1790 πρόσωπον,
3286 1718 3320 1785 ἢ
3348 1722 3449 1771 πᾶν
3484 1714 3625 1776 εἶδος
3658 1714 3827 1793 φιλο-

412 1816 615 1871 dctum
648 1828 892 1867 manum
923 1809 1266 1877 vultumque
1308 1806 1389 1860 ita
1417 1806 1601 1861 verita
1630 1809 1737 1875 est,
1759 1811 1861 1860 aut
1892 1820 2062 1859 omne

2177 1804 2358 1883 σοφίας
2390 1804 2680 1879 ἐτίμησεν;
2716 1808 2806 1868 Τίς
2839 1805 2896 1861 δέ
2931 1805 3142 1881 μᾶλλον
3186 1806 3461 1878 νηστείαις
3517 1806 3606 1860 καὶ
3656 1807 3826 1881 ἀγρυ-

410 1900 794 1975 philosOphiae
822 1914 1010 1969 genus
1033 1895 1249 1951 coluit?
1270 1895 1423 1949 336
1447 1893 1983 1964 Quanamjejuniis
2010 1896 2065 1947 et

409 1991 626 2063 vigiliis
646 2004 880 2045 carnem
907 1986 1095 2058 magis
1118 1983 1460 2051 attenuavit,
1486 1990 1584 2037 aut
1603 1983 1833 2037 diurnis
1856 1999 1920 2037 ac
1952 1999 2059 2037 no-

411 2078 635 2136 cturnis
702 2074 1043 2150 psalmodiis
1101 2072 1386 2129 columnae
1446 2072 1631 2127 instar
1686 2071 1800 2125 ﬁxa
1856 2071 2062 2126 stetit?

412 2170 689 2233 Quaenam
717 2164 1117 2236 virginitatem
1164 2163 1385 2232 majore
1429 2160 1487 2215 in
1537 2160 1925 2215 admiratione
1954 2160 2061 2215 ha-

410 2258 560 2324 buit,
592 2255 860 2327 quamvis
891 2252 1169 2309 connubii
1203 2250 1501 2305 vinculum
1534 2249 1875 2305 sustinens?
1903 2249 2063 2312 Quae-

412 2365 548 2403 nam
608 2344 891 2417 orphanis
948 2358 1014 2397 ac
1068 2341 1260 2395 viduis
1320 2339 1526 2409 majori
1589 2339 1857 2409 praesidio
1915 2340 2063 2395 fuit?

412 2438 688 2501 Quaenam
730 2432 1067 2505 lugentibus
1110 2429 1473 2484 calamitates
1504 2445 1664 2498 aeque
1693 2427 2062 2483 sublevavit?

412 2531 604 2596 Atque
655 2525 772 2578 haec
818 2522 1082 2590 insuper,
1121 2535 1247 2589 quae
1300 2534 1475 2589 parva
1523 2517 1761 2588 quidem
1813 2518 2063 2572 fortasse

412 2618 572 2676 sunt,
602 2615 772 2681 atque
806 2626 839 2664 a
868 2606 1165 2663 nonnullis
1196 2607 1369 2661 etiam
1404 2610 1877 2671 contemnuntur,
1902 2606 2059 2676 quod

413 2702 710 2776 plerisque
743 2714 855 2753 non
888 2698 1055 2751 facile
1087 2695 1431 2767 pateant(ﬁt
1461 2694 1615 2749 enim
1652 2695 1788 2764 fere,
1812 2698 1872 2748 ut
1904 2693 2059 2765 quod

413 2791 709 2863 quispiam
734 2785 964 2857 assequi
992 2802 1105 2841 non
1130 2787 1338 2856 potest,
1364 2783 1419 2837 id
1446 2784 1518 2837 ob
1552 2784 1827 2839 invidiam
1853 2800 1924 2838 ne
1947 2800 2066 2837 cre-

414 2877 885 2949 dibile-quidem
944 2891 1073 2930 esse
1126 2873 1331 2945 putet),
1383 2873 1535 2945 apud
1597 2889 1688 2927 me
1746 2877 1938 2927 tamen
2003 2874 2060 2927 in

411 2984 625 3041 magno
657 2965 842 3039 pretio
874 2968 1032 3026 sunt,
1065 2963 1342 3034 quoniam
1375 2962 1508 3016 ﬁdei
1553 2962 1783 3016 inventa
1812 2967 1978 3016 erant
2005 2967 2063 3017 et

2174 1896 2356 1957 πνίαις
2384 1897 2480 1959 τὰς
2514 1896 2711 1971 σάρκας
2771 1898 3090 1970 ὑπέσπασεν,
3141 1900 3174 1968 ἣ
3222 1895 3572 1971 ψαλμῳδίαις
3624 1897 3824 1965 ἑαυτήν

2171 1983 2449 2056 έστήλωσε
2505 1988 2618 2061 (13)
2675 1987 2974 2062 παννύχοις
3046 2009 3104 2042 τε
3161 1986 3249 2041 καί
3307 1986 3679 2061 ἡμερησίαιςς
3732 1986 3827 2047 Τίς

2174 2075 2268 2147 μὶν
2326 2075 2614 2148 παρθενίαν
2673 2076 2881 2150 ἠγάσθη
2944 2076 3133 2146 πλέον,
3193 2074 3386 2149 καίπερ
3463 2076 3818 2149 ἀνασχομένη

2172 2159 2403 2231 δέσεως;
2454 2163 2546 2226 Τίς
2598 2162 2655 2218 δὲ
2703 2164 2948 2240 ὀρφανῶν
3000 2165 3087 2219 καὶ
3120 2168 3310 2240 ’χηρῶν
3342 2164 3576 2237 ἀμείνων
3607 2164 3822 2238 ἐγένετο

2169 2252 2497 2325 παραστάτις
2554 2256 2709 2325 (14);
2768 2254 2851 2316 τίς
2910 2252 2967 2308 δὲ
3036 2258 3287 2317 πενθοῦσι
3360 2254 3455 2314 τὰς
3534 2256 3821 2330 συμφορὰς

2170 2339 2313 2396 οὕτω
2372 2343 2794 2419 συνυπεκοῦφισε
2849 2345 2999 2415 (15);
3060 2343 3156 2397 Καὶ
3214 2346 3379 2395 ταῦτα
3430 2340 3518 2413 δὴ,
3550 2341 3617 2396 τὰ
3652 2342 3824 2416 μικρὰ

2173 2430 2267 2501 μὶν
2319 2430 2468 2502 ἴσως,
2523 2431 2691 2505 τυχὸν
2739 2428 2795 2485 δέ
2840 2451 2947 2484 τισι
2996 2432 3084 2485 καὶ
3118 2427 3614 2503 διαπτυόμενα,8τι
3678 2428 3825 2503 μηδὲ

2169 2519 2411 2596 προσιτὰ.
2431 2517 2630 2594 ῥᾳδίως
2660 2526 2778 2582 τοῖς
2824 2519 3037 2575 πλείοσι
3070 2521 3153 2593 (τὸ
3183 2521 3286 2596 γὰρ
3319 2521 3417 2575 οὐκ
3449 2520 3660 2597 ἐφικτὸν
3697 2517 3824 2574 οὐδὲ

2168 2608 2355 2662 πιστόν
2398 2629 2513 2670 πως
2546 2606 2633 2663 διὰ
2660 2630 2751 2663 τον
2783 2609 3019 2687 φθόνον),
3053 2608 3176 2682 ἐμοὶ
3209 2608 3266 2664 δὲ
3317 2610 3406 2664 καί
3458 2608 3576 2664 λίαν
3634 2610 3823 2681 τιμώε-

2175 2718 2326 2769 μενα,
2370 2697 2452 2752 ὅτι
2505 2697 2736 2760 πίστεως
2794 2699 2860 2767 ἦν
2923 2698 3222 2772 εὑρήματα,
3283 2699 3373 2752 καὶ
3441 2704 3821 2769 πνευματικῆς

2175 2786 2366 2854 ζέσεως
2400 2786 2620 2863 έγχειρή
2634 2809 2791 2861 ματα.
2828 2787 2955 2844 Οἷον
2986 2788 3049 2842 τὸ
3083 2790 3297 2860 μήποτε
3328 2789 3512 2865 φωνὴν
3569 2786 3735 2855 αὐτῆς
3768 2786 3820 2839 ἐν

2171 2874 2341 2949 ἱεροῖς
2374 2876 2697 2945 ἀκουσθῆναι
2729 2874 3043 2952 συλλόγοις,
3076 2877 3109 2945 ἣ
3133 2876 3349 2944 τόποις,
3381 2873 3481 2945 ἔξω
3510 2879 3616 2929 τῶν
3661 2874 3821 2949 ἀναγ-

2170 2962 2339 3017 καίων
2370 2966 2483 3037 (16)
2513 2964 2601 3017 καὶ
2637 2969 2930 3037 μυστικῶν.

408 3054 731 3130 spiritualis
761 3052 1001 3109 fervoris
1030 3051 1439 3114 conatus.0uo
1470 3050 1530 3104 in
1561 3066 1770 3121 genere
1800 3049 1945 3104 illud
1977 3055 2085 3118 est,
2110 3054 2266 3123 quod
2299 3054 2357 3108 in
2389 3054 2573 3109 sacris
2604 3056 2985 3111 conventibus
3014 3059 3115 3110 aut
3147 3055 3289 3111 locis
3321 3070 3624 3125 nunquam
3660 3053 3823 3109 illius

403 3163 515 3201 vox
544 3144 745 3199 audita
774 3141 872 3209 sit,
899 3140 948 3195 si
980 3138 1339 3194 necessarias
1369 3143 1425 3193 et
1456 3139 1736 3209 mysticae
1764 3137 2147 3209 excipiamus.

478 3234 544 3288 Χ.
578 3232 738 3296 Quod
770 3230 820 3286 si
850 3230 989 3284 olim
1020 3244 1301 3299 magnum
1351 3231 1520 3296 atque
1570 3226 1833 3297 amplum
1888 3226 2059 3281 altari

2244 3230 2297 3284 l'.
2331 3229 2428 3283 Καὶ
2481 3229 2529 3283 εἷ’
2578 3228 2711 3305 μέγα
2758 3234 2834 3301 τῷ
2883 3228 3245 3305 θυσιαστηρίῳ
3291 3232 3423 3284 ποτὲ
3450 3230 3511 3282 τὸ
3546 3230 3621 3301 μή
3651 3226 3824 3283 πέλευ

410 3327 556 3391 erat,
584 3321 739 3391 quod
763 3335 940 3391 super
960 3318 1154 3387 ipsum
1178 3333 1282 3371 nec
1304 3315 1527 3370 securis
1548 3315 1930 3383 ascendisset,
1956 3332 2061 3371 nec

410 3412 538 3467 visa
566 3426 671 3464 nec
703 3408 902 3463 audita
942 3406 1099 3461 ascia
1142 3410 1295 3460 esset
1310 3405 1355 3440 ⁴²
1378 3405 1517 3475 (quo
1549 3404 1825 3458 nimirum
1874 3404 2060 3459 subli-

414 3500 570 3557 mius
594 3497 812 3569 aliquid
837 3495 1301 3568 significabatur,
1326 3509 1534 3565 nempe
1556 3495 1817 3548 nativum
1844 3500 1900 3548 et
1927 3494 2065 3548 sim-

412 3589 566 3661 plex,
594 3587 853 3657 artisque
884 3601 947 3639 ac
982 3584 1096 3639 fuci
1127 3600 1331 3654 expers
1362 3599 1490 3637 esse
1520 3583 1748 3651 debere,
1778 3583 2059 3654 quidquid

412 3679 529 3735 Deo
560 3676 978 3745 consecratur),
1004 3690 1109 3727 cur
1150 3689 1264 3727 non
1315 3671 1393 3725 illi
1448 3688 1680 3743 quoque
1711 3672 1781 3725 ad
1828 3671 2060 3726 laudem

413 3782 692 3840 magnum
729 3765 824 3831 sit,
851 3763 1003 3835 quod
1046 3762 1276 3817 silentio
1322 3766 1523 3816 sancta
1555 3762 1873 3831 honorarit,
1908 3762 2060 3832 quod

412 3855 757 3912 venerandae
814 3870 1027 3908 mensae
1089 3868 1390 3921 nunquam
1443 3856 1607 3922 terga
1654 3851 1924 3913 obvertit,
1958 3866 2063 3906 nec

414 3946 473 4000 in
507 3946 770 4000 divinum
821 3942 1215 4013 pavimentum
1251 3941 1577 4010 exspuerit;
1633 3941 1787 4009 quod
1842 3940 2064 3993 nullius

415 4050 675 4103 unquam
699 4032 935 4103 gentilis
966 4029 1215 4093 feminis,
1240 4028 1507 4099 quamvis
1534 4026 1748 4096 alioqui
1779 4028 2066 4082 honestis-

416 4123 581 4179 simae
596 4138 662 4175 ac
682 4118 1208 4192 propinquissimae,
1227 4117 1501 4170 manibus
1525 4132 1761 4169 manum
1780 4116 2063 4186 injecerit,

415 4214 518 4266 aut
544 4209 709 4265 labra
742 4208 916 4263 labris
948 4207 1278 4271 miscuerit;
1313 4204 1430 4259 imo
1462 4221 1567 4258 nec
1598 4220 1729 4258 cum
1765 4203 1875 4273 his,
1901 4205 1997 4275 qui
2032 4221 2066 4258 a

414 4298 659 4372 profana
709 4301 767 4352 et
822 4296 1055 4367 impura
1110 4310 1317 4348 mensa
1363 4292 1690 4358 veniebant,
1730 4309 1840 4347 non
1893 4293 2064 4348 modo

416 4390 644 4459 sponte,
669 4386 767 4441 sed
804 4402 873 4440 ne
895 4388 1093 4439 coacta
1127 4382 1361 4453 quidem
1395 4381 1480 4437 sal
1512 4398 1822 4437 commune
1852 4382 2067 4437 habue-

417 4476 513 4543 rit,
538 4492 641 4531 nec
672 4476 965 4547 impuram
1014 4476 1071 4527 et
1118 4470 1461 4542 sacrilegam
1496 4471 1737 4527 domum
1786 4472 2065 4527 adversus

416 4564 788 4622 conscientia
836 4562 1045 4634 legem,
1099 4565 1199 4615 aut
1247 4559 1605 4632 pertransire
1654 4578 1909 4631 unquam
1967 4563 2068 4616 aut

417 4654 754 4726 conspicere
784 4649 1163 4716 sustinuerit;
1197 4665 1301 4703 nec
1342 4665 1542 4704 aurem
1575 4653 1632 4703 et
1660 4648 1941 4719 linguam,
1974 4664 2066 4704 res

419 4744 646 4799 divinas
676 4741 888 4813 partim
920 4738 1322 4809 accipientem,
1358 4738 1568 4809 partim
1603 4738 2063 4809 proloquentem,

418 4830 669 4889 ethnicis
702 4828 1153 4891 narrationibus,
1180 4843 1246 4881 ac
1277 4826 1576 4881 theatricis
1601 4825 1907 4880 cantilenis
1937 4841 2069 4880 con-

416 4919 693 4977 taminari
722 4934 896 4990 passa
918 4917 993 4972 sit
1013 4915 1180 4987 (nihil
1204 4916 1358 4970 enim
1397 4914 1623 4987 profani
1653 4914 1834 4972 sacris
1860 4930 2065 4971 conve-

490 5115 535 5150 ⁸³
564 5114 732 5171 Deut.
763 5127 940 5177 xxvn,
970 5112 1025 5167 5.

497 5312 784 5389 (1Ο)Ύςπὸ.
819 5319 914 5374 0r.
950 5320 1000 5383 1,
1034 5315 1158 5371 ἀπό.

495 5384 608 5463 (11)
634 5384 835 5463 Τόπος;
866 5390 917 5444 ’ὀ.
948 5385 1305 5463 δρῦν-τόνος..
1330 5384 1504 5463 qusl.
1537 5386 1587 5451 1,

497 5457 608 5533 (12)
752 5460 941 5533 αἰτεῖν.
971 5459 1151 5533 Coisl.
1175 5462 1225 5525 1,
1256 5457 1318 5511 τὸ
1348 5457 1536 5533 αἰτεῖν.

500 5486 589 5533 {ll
646 5486 721 5531 ιῳ
752 5486 941 5515 αιτειν.
971 5486 1225 5525 uuwl.1,
1256 5486 1318 5511 τυ
1348 5486 1536 5509 αιιειν.

500 5486 609 5605 (13)
640 5530 974 5601 Ἐστήλωσε.
1030 5532 1232 5586 Billius
1283 5546 1297 5586 :
1328 5550 1355 5577 «
1403 5528 1700 5583 Columna:
1752 5528 1936 5585 instar
1981 5548 2071 5587 se-

427 5603 618 5675 ipSam
652 5606 854 5659 al'ﬁxit.
876 5627 912 5675 ί»

644 5674 995 5748 Παραστάτις.
1030 5675 1092 5728 ln
1124 5671 1503 5748 quibusdam,
1536 5668 1847 5748 προστάτις.

498 5676 611 5816 (14)
644 5676 995 5748 Παραστάτις.
1030 5676 1092 5728 In
1124 5676 1503 5800 guibusdam,
1536 5676 1704 5743 πρόστ

527 5746 615 5815 15)
648 5743 1097 5822 Συνυπεκούφισε.
1174 5761 1222 5800 r.
1256 5745 1307 5814 1,
1340 5740 1704 5819 συνεκούφισε.

2168 3337 2262 3371 κυν
2297 3316 2379 3371 ἐπ’
2408 3316 2538 3372 αὐτὸ
2572 3314 2856 3388 ἀναϐῆναι,
2902 3316 3035 3390 μηδὲ
3088 3314 3343 3395 ὅφθῆναι,
3404 3319 3437 3386 ἢ
3494 3318 3821 3385 ἀκουσθῆναι

2171 3405 2521 3481 λαξευτήριον
2570 3404 2749 3481 (λόγῳ
2809 3406 3039 3479 μείζονι,
3102 3408 3177 3469 ὡς
3252 3404 3369 3462 δέον
3442 3406 3665 3483 φυσικὸν
3729 3406 3821 3459 καὶ

2171 3492 2393 3570 ἄτεχνον
2455 3496 2581 3549 εἶναι
2630 3501 2733 3549 πᾶν
2764 3500 2843 3566 τῷ
2873 3500 2988 3567 Θεῷ
3019 3495 3479 3571 καθιεροῦμενον),
3541 3498 3658 3554 πῶς
3691 3492 3821 3567 οὐχὶ

2169 3584 2259 3638 καὶ
2290 3585 2416 3653 παρ’
2448 3583 2654 3653 ἐκείνης
2692 3586 2849 3658 μέγα,
2896 3585 2958 3638 τὸ
3008 3588 3189 3658 σιωπῇ
3239 3585 3493 3656 τιμᾶσθαι
3544 3584 3611 3636 τὰ
3670 3581 3820 3655 ἅγια,

2169 3672 2232 3726 τὸ
2268 3676 2480 3744 μήποτε
2509 3677 2652 3726 νῶτα
2683 3670 2903 3741 δοθῆναι
2934 3677 3001 3747 τῇ
3054 3668 3333 3745 σεϐασμίῳ
3393 3675 3502 3744 (17)
3560 3669 3821 3745 τραπέζῃ,

2176 3758 2318 3832 μηδὲ
2363 3764 2790 3829 καταπτυσθῆναι
2838 3767 2979 3824 θεῖον
3030 3759 3246 3832 ἔδαφος,
3291 3761 3352 3814 τὸ
3399 3762 3611 3830 μήποτε
3644 3756 3818 3828 δεξιὰν

2173 3845 2517 3921 ἐμϐληθῆναι
2565 3851 2598 3919 ἢ
2637 3850 2801 3925 χείλη
2860 3858 3084 3925 μιγῆναι
3134 3851 3317 3926 χερσὶν
3366 3846 3719 3916 Ἑλληνικαῖς
3788 3848 3822 3909 ἦ

2173 3938 2383 4013 χείλεσι
2446 3936 2586 4011 μηδὲ
2644 3947 2742 4008 τῆς
2784 3936 2961 3995 τᾶλλα
3007 3938 3389 4011 κοσμιωτάτης
3441 3936 3697 4012 γυναικὸς
3725 3935 3815 3989 καὶ

2174 4026 2549 4098 οἰκειοτάτης;
2604 4026 2749 4081 ἀλλὰ
2801 4025 2940 4100 μηδὲ
2992 4027 3136 4082 ἀλῶν
3188 4033 3536 4097 κοινωνῆσαι,
3602 4026 3677 4097 μή
3732 4023 3815 4078 ὅτι

2174 4115 2412 4184 έκοῦσαν,
2448 4115 2592 4171 ἀλλὰ
2626 4113 2767 4188 μηδὲ
2797 4117 3127 4189 βιασθεῖσαν,
3158 4122 3273 4177 τοῖς
3306 4116 3411 4169 ἀπὸ
3440 4121 3540 4183 τῆς
3574 4108 3817 4188 βεϐήλου

2172 4204 2260 4257 καὶ
2291 4201 2521 4278 ἀναγνου
2575 4203 2845 4276 τραπέζης
2934 4202 3074 4277 μηδὲ
3122 4205 3313 4278 μιαρὸν
3364 4204 3510 4257 οἶκον
3542 4204 3577 4270 ἢ
3611 4199 3806 4267 παρελ-

2175 4293 2283 4346 Θεῖν
2317 4314 2468 4361 ποτε,
2499 4294 2533 4361 ἣ
2564 4290 2692 4347 ἰδεῖν
2728 4292 3076 4367 ἆοασχέσθαι,
3109 4293 3253 4368 παρὰ
3292 4293 3390 4360 τήν
3436 4296 3532 4345 τοῦ
3582 4287 3822 4344 συνειδό-

2172 4403 2264 4443 τος
2293 4382 2645 4455 νομοθεσίαν·
2683 4378 2824 4455 μηδὲ
2856 4380 3191 4457 διηγήμασιν
3225 4380 3598 4450 Ἑλληνικοῖς,
3649 4378 3682 4447 ἤ
3734 4377 3824 4448 ᾅσ-

2179 4492 2307 4543 μασι
2356 4476 2656 4546 θεατρικοῖς
2711 4472 3193 4543 καταμολυνθῆναι
3249 4472 3348 4539 τὴν
3410 4469 3605 4539 ἀκοὴν,
3660 4469 3819 4535 ἧτῆν

2175 4557 2449 4633 γλῶσσαν,
2498 4561 2598 4628 τὴν
2653 4561 2720 4614 τὰ
2779 4562 2897 4615 θεῖα
2971 4557 3276 4635 δεχομένην
3352 4560 3386 4627 ἢ
3446 4557 3824 4636 φθεγγομένην

2178 4646 2352 4719 (οὐδὲν
2409 4650 2508 4723 γὰρ
2570 4648 2739 4724 ῗεροῖς
2796 4650 3019 4724 πρέπειν
3079 4648 3349 4724 ἀνίερον)·
3400 4648 3489 4701 καὶ
3536 4646 3565 4700 ὅ
3615 4645 3821 4700 τούτων

2176 4737 2639 4812 θαυμασιώτερον,
2698 4739 2760 4791 τὸ
2805 4741 3017 4811 μήποτε
3076 4735 3332 4792 τοσοῦτον
3403 4734 3587 4791 δοῦναι
3642 4734 3823 4797 πένθει

2178 4830 2495 4897 σωματικῷ,
2554 4826 2793 4902 καίτοιγί
2868 4824 3228 4905 διαφερόντως
3285 4824 3677 4899 καμπτομένην
3739 4822 3829 4877 καὶ

2174 4919 2290 4976 τοῖς
2348 4918 2454 4969 τῶν
2514 4914 2668 4985 ξένων
2728 4916 2969 4987 πάθεσιν,
3027 4914 3227 4983 ὥστεῆ
3282 4916 3476 4991 γοεράν
3533 4934 3666 4967 ποτε
3722 4909 3829 4986 πρὸ

2256 5316 2363 5391 (16)
2394 5315 2745 5391 Ἀναγκαίων,
2796 5324 2901 5391 etc.
2957 5320 3119 5391 Perga
3152 5335 3318 5373 voces
3375 5318 3737 5391 necessarias
3779 5324 3836 5374 et

2185 5390 2487 5473 mysticus,
2518 5389 2543 5437 ί
2574 5406 2673 5445 eas
2714 5390 2991 5473 intelligit
3021 5390 3195 5473 Eli‘as,
3227 5391 3461 5473 quibus
3493 5389 3659 5473 plebs
3679 5395 3837 5473 .tota

2184 5461 2584 5533 sacerdotibus
2626 5462 2944 5530 accinebal,
2978 5461 3180 5533 quales
3210 5466 3370 5528 sunt,
3406 5466 3471 5516 ut
3499 5461 3560 5518 in
3612 5462 3837 5519 scholia

2182 5531 2419 5603 legitur,
2451 5548 2619 5587 voces
2655 5551 2667 5587 :
2703 5556 2730 5583 ‹‹
2761 5535 2967 5605 Amen,
2994 5531 3056 5590 et
3084 5550 3216 5589 cum
3248 5533 3469 5605 Spiritu
3502 5540 3602 5589 tuo
3639 5551 3652 5590 :
3684 5534 3837 5590 San-

2183 5602 2335 5673 ctus,
2367 5609 2625 5677 sanctus,
2659 5609 2717 5659 et
2746 5604 2963 5677 similia
2996 5631 3009 5663 :
3036 5627 3065 5655 ››
3090 5602 3309 5677 γ’ΔμήνῙ
3328 5602 3415 5657 καὶ
3455 5608 3533 5677 τῷ
3564 5605 3842 5677 Πνεὺματί

2182 5673 2433 5751 σουξψκαῖ
2449 5673 2535 5751 τὲ,
2564 5680 2779 5751 Ἄγιος,
2810 5675 2983 5751 ἅγιος,
3013 5676 3104 5751 καὶ
3133 5673 3201 5751 τᾷ
3226 5679 3467 5731 τοιοῦτοι.

2254 5747 2367 5819 (17)
2399 5739 2714 5820 Σεϐασμίὶρ.
2746 5739 2931 5822 ΟΓ.’1,
2962 5739 3248 5824 σεϐασμίᾳ.
