4094 6288
278 469 397 531 997

1198 464 1488 526 ORATIO
1530 459 2263 524 XVIII.—FUNEBRIS
2310 465 2385 525 IN
2435 464 2779 525 PATREM.

3577 466 3697 528 998

276 608 378 669 τῆς
412 596 767 674 εὐχαριστίας
800 597 908 670 (18)
957 595 1187 671 ῥαγῆναι
1235 596 1418 671 φωνὴν
1475 594 1509 662 ἥ
1565 590 1792 667 δάκρυον
1846 590 1968 661 ἐτι-η

2068 595 2174 651 lire
2205 597 2552 666 statuebat);
2588 614 2713 665 nec,
2739 597 2891 666 quod
2923 596 3128 667 majori
3163 594 3537 651 admirationi
3568 612 3699 653 esse

272 694 449 744 πεσεῖν
499 685 772 761 βλεφάρου
835 690 1107 757 μυστικῶς
1165 682 1605 760 σφραγισθέντος,
1650 682 1683 748 ἣ
1733 687 1926 755 σχῆμα

273 779 533 848 πένθιμον
569 774 917 849 παραμένειν,
951 774 1195 839 καίτοιγε
1234 771 1459 826 πολλῶν
1492 768 1764 830 πολλάκις
1799 791 1929 841 συμ-

274 866 546 921 πεσόντων
598 864 735 936 αὐτῇ
793 862 1077 935 λυπηρῶν,
1150 860 1403 935 λαμπρᾶς
1485 863 1591 931 (19)
1650 859 1926 933 παρούσης

277 955 509 1029 ἡμέρας.
548 960 745 1028 Ψυχῆς
777 954 877 1027 γὰρ
924 954 1058 1005 εἶναι
1106 950 1395 1028 θεοφιλοῦς
1451 948 1761 1003 ὑποκλίνειν
1814 952 1931 1007 τοῖς

280 1045 444 1105 θείοις
479 1043 613 1097 ἅπαν
644 1042 1004 1117 ἀνθρώπινον.

2037 685 2228 749 debet,
2260 702 2534 756 corporeo
2566 686 2751 740 luctui
2801 690 3029 739 tantum
3066 701 3326 756 unquam
3362 686 3697 769 indulserit,

2038 772 2173 826 licet
2200 774 2415 843 alioqui
2440 774 2526 827 vel
2550 780 2923 829 externorum
2950 774 3390 828 calamitatibus
3413 775 3697 843 majorem

2044 861 2099 913 in
2134 862 2371 915 modum
2402 868 2886 925 commoveretur,
2915 867 2977 915 ut
2999 861 3268 917 luctuosa
3289 879 3393 917 vox
3425 864 3473 917 ei
3507 863 3701 933 prius-

2046 964 2219 1019 quam
2252 950 2574 1019 gratiarum
2613 952 2765 1005 actio
2796 957 3150 1021 erumperet,
3176 956 3277 1005 aut
3305 968 3369 1005 ex
3404 950 3701 1022 palpebris

2047 1036 2287 1108 mystice
2306 1038 2555 1108 signatis
2583 1038 2838 1110 lacryma
2862 1040 3201 1106 flueret,aut
3224 1056 3355 1093 cum
3377 1040 3502 1095 dies
3519 1039 3704 1096 festus

288 1134 539 1203 adesset,
574 1131 841 1203 quamvis
889 1131 999 1203 ipsi
1054 1130 1252 1185 multae
1302 1146 1553 1201 persaepe
1603 1127 1882 1183 molestiae
1915 1125 2254 1192 acciderint,
2289 1125 2555 1198 lugubris
2586 1128 2820 1182 habitus
2854 1134 3237 1200 permaneret.
3275 1129 3385 1184 Pisa
3433 1128 3588 1184 enim
3638 1146 3704 1186 ac

284 1224 400 1279 Deo
434 1222 619 1277 cbarae
652 1220 860 1275 animae
892 1236 1020 1276 esse
1052 1219 1346 1284 censebat,
1381 1218 1595 1273 divinis
1622 1218 1799 1272 rebus
1828 1216 2088 1270 humana
2119 1215 2319 1269 omnia
2349 1216 2710 1273 submittere.
3142 1230 3145 1233 ‘

430 1313 440 1330 I
780 1313 806 1323 εν
892 1309 905 1326 \
1022 1307 1035 1327 Ι
1304 1307 1316 1326 ν
1342 1307 1353 1325 ε
1685 1307 1707 1324 Υ
1882 1306 1893 1321 ‘

359 1317 424 1367 lA
450 1356 461 1369 .
497 1310 593 1364 Καὶ
629 1330 819 1363 σιωπω
848 1330 915 1363 τα
942 1330 1150 1363 τουτων
1184 1307 1615 1383 ἀπορρητότερα,
1672 1328 1743 1359 ων
1805 1312 1933 1366 Θεος

292 1399 517 1475 μάρτυς,
575 1398 664 1452 καὶ
704 1402 816 1452 τῶν
867 1401 1073 1452 πιστῶν
1126 1400 1236 1471 (20)
1284 1393 1676 1469 θεραπαινίδων
1728 1396 1813 1455 αἶς
1871 1393 1937 1447 τὰ

284 1494 506 1544 τοιαῦτα
564 1487 856 1543 ἐπίστευσε.
906 1487 975 1540 Τὸ
1049 1488 1153 1561 γὰρ
1225 1487 1343 1539 καθ’
1410 1486 1557 1556 ἡμᾶς
1624 1481 1754 1544 ἷ¹σως
1812 1479 1937 1536 οὐδὲ

288 1582 512 1652 μνήμης
564 1576 839 1645 ἀξιωτέον,
884 1575 959 1637 ὡς
1011 1574 1251 1645 ἀναξίους
1300 1578 1397 1627 τοῦ
1442 1572 1787 1632 έλπισθέντος
1816 1591 1829 1603 ο
1890 1570 1936 1624 εί

282 1666 499 1739 κάκείνῃ
534 1664 668 1739 μέγα
694 1664 757 1718 τὸ
797 1664 1136 1739 ἐπιχείρημα
1167 1666 1300 1735 (21),
1361 1662 1443 1717 ὅτι
1491 1662 1580 1716 καὶ
1638 1661 1744 1737 πρὸ
1801 1658 1942 1734 γενέ·

292 1775 428 1815 σεως
478 1756 625 1826 ἡμᾶς
674 1752 1047 1827 καθυπέσχετο
1094 1756 1173 1823 τῷ
1220 1756 1354 1823 Θεῷ,
1410 1748 1577 1822 μηδὲν
1628 1748 1688 1803 τὰ
1738 1746 1939 1821 μέλλον

286 1838 669 1912 εὐλαϐηθεῖσα,
719 1841 808 1895 καὶ
868 1841 1216 1915 γεννηθέντας
1276 1840 1427 1903 εὐθὺς
1502 1838 1748 1909 ἀνέθηκε.
1807 1842 1938 1891 Θεοῦ

2119 1307 2266 1361 387
2303 1307 2390 1361 XI.
2427 1313 2528 1378 Ac,
2580 1326 2705 1379 quae
2767 1309 2857 1364 his
2907 1308 3222 1366 occultiora
3281 1314 3452 1379 sunt,
3513 1314 3699 1377 taceo,

2048 1410 2299 1466 quorum
2342 1398 2507 1452 testis
2560 1402 2649 1452 est
2700 1402 2872 1463 Deus,
2907 1404 2961 1453 et
2993 1399 3515 1469 ancillae,quarum
3568 1398 3701 1455 fidei

2048 1499 2139 1537 res
2191 1484 2532 1554 bujusmodi
2583 1488 3004 1541 committebat.
3037 1488 3181 1542 Nam
3231 1488 3397 1559 illud,
3433 1490 3585 1559 quod
3628 1489 3702 1544 ad

2051 1588 2156 1626 nos
2190 1574 2418 1643 attinet,
2455 1592 2525 1628 ne
2558 1576 3119 1631 commemoratione
3169 1577 3404 1646 quidem
3457 1580 3706 1633 fortasse

2049 1661 2294 1732 dignum
2326 1668 2435 1732 est,
2470 1668 2671 1735 utpote
2704 1665 2803 1734 qui
2839 1665 3025 1735 ipsius
3073 1666 3190 1735 spei
3247 1666 3704 1738 haudquaquam

2048 1751 2564 1821 responderimus;
2608 1769 2944 1823 quanquam
2983 1770 3231 1825 magnus
3263 1754 3373 1825 ipsi
3410 1755 3500 1809 hic
3532 1771 3711 1809 cona-

2048 1843 2144 1892 tus
2179 1839 2305 1906 fuit,
2333 1841 2488 1912 quod
2524 1858 2627 1895 nos
2670 1842 2845 1896 etiam
2883 1847 3016 1896 ante
3047 1849 3235 1897 ortum
3272 1842 3407 1909 Deo,
3444 1843 3708 1899 futurum

290 1930 347 1986 δέ
388 1932 449 1986 τὸ
504 1934 577 2003 μὴ
630 1932 804 2001 πάντη
857 1928 1171 2006 διαμαρτεῖν
1222 1928 1388 1997 αὐτὴν
1441 1935 1541 1997 τῆς
1571 1928 1764 2001 εὐχῆς,
1802 1923 1941 1997 μηδὲ

2068 1926 2200 1981 1ihil
2233 1928 2642 1995 reformidans,
2678 1930 2968 2002 promisit,
2997 1936 3169 2002 atque
3209 1933 3264 1987 in
3303 1932 3490 1987 lucem
3524 1933 3710 1989 editos

290 2021 601 2089 ἀπωσθῆναι
650 2020 714 2073 τὸ
773 2018 1124 2095 καλλιέρημα
1170 2020 1301 2092 (22).
1357 2017 1571 2071 Τούτων
1628 2018 1721 2089 μὲν
1756 2014 1845 2069 οὖν
1880 2015 1945 2069 τὰ

297 2111 389 2184 μὶν
425 2111 599 2184 παρῆν
628 2106 761 2181 ἤδη,
792 2110 857 2163 τὰ
888 2106 944 2162 δὲ
975 2105 1197 2181 ἔμελλε,
1246 2112 1365 2167 ταῖς
1391 2107 1525 2160 κατὰ
1572 2104 1732 2179 μέρος
1785 2123 1946 2177 προσ-

294 2202 486 2269 θήκαις
542 2197 828 2270 αὐξόμενα.
882 2197 977 2252 Καὶ
1039 2198 1277 2271 καθάπερ
1333 2194 1487 2264 ἣλιος
1547 2192 1764 2263 ἣδιστον
1830 2198 1945 2252 ταῖς

296 2289 543 2348 ὶωθιναῖς
576 2281 943 2362 προσϐάλλων
994 2285 1191 2355 ἀκτῖσι,
1223 2290 1343 2345 ταῖς
1394 2278 1789 2358 μεσημϐριναῖς
1835 2282 1947 2354 θερ-

301 2375 528 2451 μότερος
555 2373 767 2429 ’ίσταται
800 2374 889 2428 καὶ
922 2371 1275 2451 φαιδρότερος
1302 2394 1313 2407 ·
1348 2372 1489 2426 οὕτω
1534 2371 1623 2425 καὶ
1674 2370 1832 2438 αὕτη,
1885 2367 1945 2421 οὐ

302 2464 469 2539 μικρᾶ
516 2463 582 2517 τὰ
622 2470 720 2531 τῆς
764 2457 1032 2524 εὐσεϐείας
1092 2463 1181 2516 ἀπ’
1210 2462 1389 2535 ἀρχῆς
1422 2459 1779 2537 ὑπνφαίνουσα
1812 2460 1946 2530 (23),

297 2558 375 2624 τῷ
422 2551 718 2623 τελευταίῳ
771 2551 909 2629 φωτὶ
966 2549 1132 2605 πλέον
1193 2549 1480 2623 ἐξέλαμψε.
1543 2548 1683 2605 Τότε
1735 2545 1780 2601 δ’
1856 2544 1945 2600 οὖν

300 2643 519 2716 κέντρον
573 2640 634 2694 οὐ
688 2640 879 2712 μικρὸν
932 2635 1199 2701 εὐσεϐείας
1249 2636 1457 2701 οἴκοθεν
1509 2638 1653 2711 εἶχεν
1704 2636 1869 2703 αὐτὴν
1922 2636 1948 2688 ὁ

298 2729 751 2801 είσοικισάμενος,
804 2730 1003 2791 ἄνωθεν
1066 2729 1182 2802 μὲν,
1231 2728 1319 2782 καὶ
1365 2727 1424 2781 ἐκ
1472 2726 1746 2802 προγόνων
1799 2722 1952 2801 φιλό-

308 2814 426 2872 θεόν
480 2838 537 2871 τι
592 2817 681 2871 καὶ
742 2818 1125 2895 φιλοχριστον,
1166 2818 1254 2871 καὶ
1284 2821 1533 2891 πατρῷον
1565 2814 1772 2890 κλῆρον
1835 2812 1949 2867 δια-

256 2906 260 2909 ’
310 2904 600 2978 δεξαμένην
652 2908 743 2961 τὸν
793 2914 892 2976 τῆς
941 2906 1176 2980 ἀρετῆς’
1230 2904 1357 2960 ἀλλ’
1416 2904 1515 2959 οὐκ
1564 2903 1623 2958 ἐκ
1671 2911 1768 2972 τῆς
1801 2903 1952 2977 ἀγρι-

306 2995 513 3067 ελαίου,
572 2997 746 3057 καθὼς
803 2995 1026 3063 ἐκεῖνος,
1095 2994 1543 3070 ἐγκεντρισθεῖσαν
1607 2993 1682 3054 εἷς
1757 2990 1952 3047 καλλι-

299 3082 501 3153 έλαιον,
534 3085 593 3139 οὐ
628 3084 890 3160 φέρουσαν
926 3081 982 3138 δὲ
1014 3085 1076 3138 τὸ
1127 3085 1463 3158 ἑτεροζυγεῖν
1519 3080 1587 3136 δι’
1640 3077 1950 3155 ὑπερϐολὴν

302 3174 573 3236 πίστεως·
638 3172 781 3228 ἀλλὰ
826 3178 985 3227 τοῦτο
1043 3172 1201 3245 μόνον
1251 3172 1617 3249 φιλοσοφῆσαι
1671 3173 1745 3243 μῆ
1798 3168 1953 3223 δυνα-

312 3266 503 3335 μένην,
550 3261 729 3316 τᾶλλα
786 3264 1255 3337 καρτερικωτάτην
1318 3259 1476 3315 οὖσαν
1541 3264 1805 3335 γυναικῶν
1865 3260 1953 3311 καὶ

2055 2017 2250 2071 statim
2278 2018 2658 2072 consecravit.
2686 2019 2782 2073 Dei
2810 2025 3003 2074 autem
3031 2020 3374 2076 beneficium
3410 2021 3554 2077 illud
3580 2022 3710 2088 fuit,

2056 2107 2210 2176 quod
2246 2112 2373 2161 voto
2406 2124 2513 2162 suo
2556 2125 2669 2162 non
2721 2109 2959 2163 omnino
3006 2110 3301 2179 exciderit,
3340 2128 3443 2165 nec
3476 2110 3711 2165 victima

2056 2211 2144 2259 ea,
2178 2212 2354 2265 quam
2408 2196 2716 2261 obtulerat,
2771 2199 3078 2267 repudiata
3131 2199 3322 2252 fuerit.
3358 2202 3540 2269 Atque
3591 2199 3710 2254 haec

2057 2284 2321 2352 quidem,
2356 2284 2564 2354 partim
2590 2287 2717 2354 jam
2750 2286 3011 2355 aderant,
3048 2287 3257 2356 partim
3297 2288 3709 2354 adventabant,

2058 2372 2249 2425 tacitis
2284 2374 2659 2427 incrementis
2688 2374 2968 2443 paulatim
3008 2378 3400 2445 augescentia.
3430 2377 3494 2430 Et
3514 2392 3715 2446 quem-

2059 2460 2378 2514 admodum
2433 2461 2539 2525 sol,
2575 2462 2884 2517 matutinis
2936 2464 3114 2518 radiis
3146 2465 3206 2518 in
3239 2464 3438 2520 oculos
3490 2464 3712 2519 suavis-

2060 2548 2205 2603 sime
2251 2548 2539 2613 incidens,
2576 2551 2917 2607 meridianis
2950 2552 3221 2607 fervidior
3250 2558 3305 2609 et
3354 2553 3715 2625 splendidior

2060 2642 2203 2705 stat;
2240 2639 2441 2693 eodem
2496 2641 2666 2695 modo
2709 2640 2826 2706 illa,
2862 2658 2993 2696 cum
3044 2641 3199 2697 haud
3254 2660 3429 2714 parva
3478 2642 3712 2715 pietatis

2063 2727 2255 2781 officia
2287 2728 2541 2798 primum
2592 2730 2954 2786 subobscure
3008 2733 3380 2800 ostendisset,
3419 2738 3712 2803 postremo

2062 2816 2285 2871 lumine
2320 2818 2507 2889 magis
2548 2819 2940 2883 exsplenduit.
2976 2821 3123 2875 Tum
3179 2820 3359 2892 igitur
3405 2820 3561 2876 haud
3594 2820 3711 2876 exi-

2063 2921 2245 2976 guum
2274 2906 2509 2977 pietatis
2533 2909 2840 2962 stimulum
2866 2910 3021 2963 domi
3048 2910 3423 2981 babebat,qui
3449 2927 3577 2965 eam
3603 2909 3713 2965 sibi

2065 2994 2437 3049 matrimonio
2472 2998 2768 3065 junxerat,
2803 2997 3017 3068 quippe
3069 3014 3195 3068 qua:
3245 2998 3592 3069 antiquitus,
3625 3004 3713 3053 at-

2065 3098 2175 3151 que
2208 3099 2239 3136 a
2272 3085 2596 3153 majoribus
2619 3086 2765 3147 suis,
2789 3085 2886 3139 Dei
2922 3091 2980 3139 et
3010 3086 3221 3141 Christi
3245 3104 3442 3142 amore
3474 3087 3714 3159 praadita

2063 3177 2236 3238 esset,
2272 3188 2335 3225 ac
2374 3173 2605 3227 virtutis
2657 3173 3050 3229 hereditatem
3082 3192 3114 3229 a
3145 3176 3413 3246 patribus
3456 3175 3712 3247 accepis-

2065 3266 2181 3325 set;
2216 3277 2329 3315 non
2363 3266 2579 3328 autem,
2614 3267 2677 3315 ut
2726 3262 2841 3328 ille,
2877 3279 2943 3317 ex
2992 3262 3243 3318 oleastro
3283 3264 3341 3318 in
3376 3262 3586 3319 olivam
3621 3266 3711 3319 in-

309 3318 711 3425 dv8pi>€wtirnv
746 3318 878 3424 (24),
929 3318 989 3405 τὸ
1020 3351 1069 3421 ἐξ
1119 3318 1370 3423 ἡμίσείας
1423 3318 1661 3419 ἡνῶσθαι
1709 3354 1787 3421 τῷ
1839 3352 1955 3419 Θεῷ

2068 3355 2221 3405 serta
2265 3350 2489 3417 fuisset,
2526 3366 2647 3417 nec,
2681 3357 2913 3423 propter
2956 3352 3353 3407 incredibilem
3386 3354 3705 3424 quamdam

313 3440 402 3495 διὰ
432 3442 530 3510 τῆν
558 3444 655 3494 τοῦ
684 3442 973 3512 τμήματος
1005 3437 1393 3514 ἀλλοτρίωσιν,
1427 3436 1571 3493 ἀλλὰ
1621 3440 1695 3510 μῆ
1730 3458 1955 3513 προστε-

306 3532 462 3599 θῆναι
493 3534 560 3603 τῇ
593 3528 879 3603 σωματικῇ
916 3528 1169 3607 συναφείᾳ
1196 3530 1295 3598 τὴν
1342 3526 1611 3607 συμφυίαν
1661 3533 1755 3582 τοῦ
1800 3527 1956 3581 πνεό-

310 3640 515 3692 ματος·
574 3618 663 3672 καὶ
722 3616 809 3674 διὰ
859 3623 1025 3674 τοῦτο
1096 3618 1537 3693 προσπίπτουσαν
1587 3618 1682 3690 μὲν
1736 3622 1814 3689 τῷ
1844 3622 1957 3688 Θεῷ

305 3709 495 3769 νυκτὸς
544 3709 630 3761 καῖ
683 3709 915 3783 ἡμέρας,
966 3709 1055 3764 καὶ
1104 3710 1231 3784 παρ’
1294 3708 1457 3763 αὐτοῦ
1516 3710 1613 3777 τὴν
1684 3706 1953 3783 σωτηρίαν

304 3801 402 3865 τῆς
463 3795 705 3874 κεφαλῆς
782 3796 1107 3871 αἰτουμένην
1169 3798 1219 3850 ἐν
1278 3795 1516 3857 πολλαῖς
1566 3795 1837 3865 νηστείαις
1867 3795 1957 3849 καὶ

312 3884 557 3960 δάκρυσι,
608 3884 1000 3959 προσκειμένην
1048 3883 1105 3938 δὶ
1153 3889 1229 3955 τῷ
1272 3882 1424 3958 ἀνδρὶ
1477 3879 1809 3960 φιλοπόνως,
1869 3884 1956 3937 καὶ

309 3972 676 4049 πολυτρόπως
732 3972 889 4026 αὐτὸν
942 3972 1407 4044 έμπορευομένην,
1452 3969 1803 4041 ὀνειδισμοῖς,
1834 3991 1955 4024 νου-

314 4063 537 4133 θεσίαις,
580 4060 907 4136 θεραπείαις,
955 4060 1371 4132 ἀλλοτριώσεσι,
1439 4060 1501 4113 τὸ
1554 4060 1826 4133 μέγιστον,
1880 4063 1958 4129 τῷ

314 4150 501 4222 οἰκείῳ
532 4150 741 4225 τρόπῳ,
776 4151 863 4203 καὶ
896 4154 973 4221 τῷ
1012 4150 1324 4224 θερμοτέρῳ
1354 4147 1477 4223 περὶ
1509 4148 1605 4215 τῆν
1655 4143 1957 4219 εὐλάϐειαν,

312 4240 358 4311 ᾧ
421 4236 656 4309 μάλιστα
720 4240 871 4313 ψυχὴ
921 4238 1222 4310 κάμπτεται
1279 4240 1367 4291 καὶ
1420 4236 1771 4310 μαλάσσεται,
1826 4236 1960 4311 πρὸς

314 4327 509 4401 ἀρετῆν
540 4325 799 4387 ἑκουσίως
837 4326 1152 4401 βιαζομένη.
1200 4326 1442 4397 Ἔμελλε
1492 4323 1549 4379 δὲ
1600 4324 1700 4400 ἄρα
1741 4324 1959 4379 κοιλαίο

311 4436 419 4470 νειν
470 4417 581 4488 (25)
628 4416 727 4482 τήν
778 4418 974 4489 πέτραν
1025 4417 1059 4483 ἡ
1109 4418 1204 4468 τοῦ
1256 4413 1447 4476 ὕδατος
1482 4414 1629 4490 ῥανὶς
1669 4414 1750 4470 ἀεὶ
1782 4413 1957 4484 πλήτ-

308 4524 495 4569 τουσα,
526 4504 615 4558 καὶ
650 4504 834 4579 χρόνῳ
868 4502 1129 4558 διανύσειν
1161 4504 1223 4557 τὸ
1273 4500 1705 4576 σπουδαζόμενον
1733 4522 1743 4534 ·
1798 4502 1963 4573 δηλοῖ

317 4590 375 4647 δὲ
400 4593 467 4646 τὰ
496 4590 707 4667 ἐφεξῆς.

2064 3438 2198 3493 fidei
2223 3437 2706 3509 magnitudinem,
2730 3455 2863 3493 cum
2887 3439 3125 3495 diversze
3153 3441 3450 3513 religionis
3472 3442 3709 3496 homine

2055 3529 2268 3599 jugum
2301 3528 2511 3582 ducere
2561 3529 2901 3596 sustineret;
2937 3545 3152 3595 verum,
3177 3530 3445 3601 quamvis
3492 3529 3709 3601 alioqui

2066 3615 2341 3671 mulieres
2372 3634 2575 3671 omnes
2607 3617 2895 3688 patientia;
2928 3636 2992 3673 ac
3025 3619 3381 3674 fortitudinis
3411 3619 3583 3674 laude
3613 3635 3711 3674 su-

2066 3711 2313 3777 peraret,
2348 3705 2454 3759 hoc
2496 3724 2678 3759 unum
2726 3724 2891 3777 siquo
2924 3710 3118 3762 animo
3154 3710 3296 3763 ferre
3328 3726 3440 3763 non
3494 3714 3712 3780 posset,

2067 3810 2127 3849 se
2160 3794 2403 3847 dimidia
2435 3800 2661 3848 tantum
2695 3811 2759 3847 ex
2796 3802 2978 3866 parte,
3012 3798 3082 3851 ob
3117 3798 3391 3868 segmenti
3427 3797 3518 3852 sui
3550 3813 3711 3852 aver-

2068 3884 2313 3951 sionem,
2353 3883 2461 3937 Deo
2492 3882 2771 3953 copulari,
2799 3888 2853 3937 et
2885 3902 2997 3939 non
3031 3887 3097 3939 ad
3134 3902 3441 3955 corporum
3476 3887 3716 3956 conjun-

2066 3970 2315 4024 ctionem
2357 3970 2601 4041 spiritus
2646 3971 2817 4024 etiam
2854 3973 3127 4027 unionem
3176 3974 3447 4046 adjungi;
3485 3991 3550 4029 ac
3584 3990 3715 4046 pro-

2070 4063 2265 4129 pterea
2290 4058 2414 4111 dies
2440 4064 2755 4129 noctesque
2778 4060 2845 4113 ad
2874 4060 2974 4115 Dei
3008 4062 3179 4131 pedes
3211 4063 3516 4134 accideret,
3540 4068 3719 4134 atque

2071 4164 2171 4217 pro
2204 4146 2408 4217 capitis
2440 4148 2528 4200 sui
2562 4146 2750 4201 salute
2776 4165 2909 4203 cum
2947 4150 3147 4204 multis
3171 4152 3418 4221 jejuniis
3450 4158 3509 4207 et
3542 4152 3724 4224 lacry-

2070 4237 2183 4290 mis
2214 4252 2343 4290 eum
2380 4236 2729 4299 obsecraret,
2764 4241 2938 4307 atque
2968 4238 3087 4293 viro
3136 4240 3312 4295 etiam
3361 4241 3563 4297 sedulo
3596 4242 3722 4296 ins-

2068 4330 2236 4388 taret,
2286 4340 2538 4394 eumque
2578 4325 2752 4379 variis
2804 4328 2990 4382 modis
3052 4328 3264 4383 lucrari
3323 4332 3721 4399 contenderet,

2070 4414 2318 4487 probris,
2353 4414 2877 4481 admonitionibus,
2928 4417 3249 4488 obsequiis,
3295 4418 3723 4490 simultatibus,

2071 4503 2319 4575 et,quod
2346 4502 2577 4557 maximi
2605 4504 2886 4559 momenti
2909 4511 3050 4571 erat,
3073 4523 3301 4563 morum
3328 4524 3571 4563 suorum
3600 4525 3727 4579 pro-

1992 4579 2036 4642 D
2070 4593 2247 4648 bitate
2277 4609 2343 4647 ac
2378 4593 2619 4647 ferventi
2661 4608 2798 4664 erga
2845 4594 3115 4664 pietatem
3149 4597 3364 4663 studio,
3388 4614 3506 4667 qua
3540 4597 3727 4669 potis-

319 4683 537 4737 simum
570 4698 630 4738 re
662 4683 861 4738 anima
892 4682 1142 4738 flectitur
1170 4686 1226 4737 et
1254 4681 1568 4749 emollitur,
1604 4698 1667 4737 ac
1698 4681 2022 4738 voluntarie
2053 4682 2122 4736 ad
2168 4681 2443 4736 virtutem
2492 4681 2870 4752 pertrahitur.
2908 4683 3017 4739 Nec
3052 4702 3180 4739 vero
3212 4685 3381 4739 aliter
3414 4686 3532 4740 ﬁeri
3562 4690 3729 4756 pote-

317 4779 425 4837 rat,
460 4772 601 4843 quin
637 4772 890 4827 assiduis
922 4773 1157 4827 tandem
1189 4771 1401 4826 ictibus
1432 4776 1598 4843 gutta
1629 4770 1882 4841 lapidem
1916 4776 2232 4835 excavaret,
2267 4787 2331 4824 ac
2364 4786 2671 4840 progressu
2706 4773 3010 4842 temporis,
3042 4775 3194 4842 quod
3228 4775 3519 4842 studebat,
3546 4775 3728 4829 confi-

319 4865 493 4925 ceret,
528 4862 1024 4931 quemadmodum
1056 4876 1124 4916 ex
1155 4861 1267 4931 bis,
1301 4876 1427 4932 quae
1458 4859 1736 4932 deinceps
1767 4865 2115 4932 sequuntur,
2150 4859 2373 4930 liquido
2408 4858 2727 4930 apparebit.

389 5002 497 5072 (18)
527 5001 915 5077 βόχαριστίας.
969 5006 1147 5077 Regg.
1195 5003 1413 5075 plures,
1447 5008 1565 5058 tres
1597 5003 1756 5058 Colb.
1789 5010 1884 5060 Or.
1918 5006 1968 5071 1,

317 5071 936 5150 ιῖοβτεύχαριστηρίου.

390 5145 502 5214 (i9)
534 5145 819 5221 Λαμπρᾶς,
852 5153 960 5203 etc.
997 5147 1203 5203 Billius
1238 5163 1305 5201 ;‹‹
1352 5145 1669 5217 Splendido
1700 5147 1792 5202 die
1824 5164 1965 5218 prae-

334 5220 517 5271 sente.
545 5238 572 5264 ››

684 5292 906 5361 πιστῶν.
942 5290 1111 5345 Deest
1141 5289 1199 5344 in
1234 5294 1368 5361 Reg.
1402 5289 1525 5361 bm.

415 5357 507 5435 21)
538 5358 927 5435 ἶΕτῖιχςίρημα·
962 5362 1097 5435 Res-
1135 5378 1185 5428 ει,
1221 5357 1400 5435 Orib
1432 5357 1757 5435 animus:

416 5378 507 5429 ιι)
556 5378 681 5412 mw
708 5378 927 5435 ειρημα.
963 5378 1039 5416 tte
1087 5404 1097 5415 .
1135 5378 1185 5428 a,
1221 5378 1314 5415 ur.
1350 5378 1400 5429 1,
1432 5378 1757 5434 εγχιιρημα.

416 5432 506 5507 22)
540 5380 917 5507 Καλίιέρημα.
963 5455 992 5482 ι(
1028 5378 1453 5507 gacraditata,
1493 5448 1598 5507 37a
1644 5429 1971 5507 xalltspém,

323 5522 353 5551 «
384 5499 509 5571 lito,
551 5520 715 5577 sacra
747 5499 995 5577 'fa‘cio.»
1027 5504 1173 5577 Hinc
1229 5502 1460 5577 thol.:
1511 5503 1820 5577 Χριστιανοὶ
1846 5499 1853 5506 ’
1878 5499 1971 5577 μιν

324 5591 454 5625 ποτε
504 5573 889 5650 καλ.λιεροῦσι,
942 5574 1065 5629 ὅταν
1121 5572 1343 5650 ἑαυτοὺς
1378 5577 1478 5650 ,τῷ
1534 5572 1649 5650 Qui)
1700 5572 1971 5650 προσαγά-

323 5662 457 5721 γωσι
491 5642 1263 5721 πνεύματιᾷσυντετριμμένῳ,
1305 5643 1393 5698 καὶ
1425 5642 1974 5721 καρδίᾳίτεταπεινω-

330 5711 476 5790 μένῃ.
511 5739 539 5766 ‹‹
573 5711 888 5790 ῼῐιιιίειίιωὶ
918 5711 1158 5790 quidam
1197 5711 1337 5773 tunc
1368 5711 1535 5790 sacra
1566 5711 1806 5789 faciunt,
1840 5736 1975 5775 cum

326 5784 550 5857 seipsos
578 5789 696 5846 Deo
726 5784 977 5848 otIerun't
1023 5790 1235 5864 spiritu
1266 5788 1537 5857 contrito,
1572 5797 1625 5845 et
1665 5784 1976 5847 humiliato

2083 5003 2273 5059 corde.
2303 5024 2329 5051 »

2293 5074 2706 5149 Ὑποφαινουσα.
2749 5076 2921 5132 Coisl.
2978 5080 3031 5146 1,
3080 5076 3393 5154 ὐφαίνουσα,
3429 5101 3458 5129 ‹‹
3510 5078 3729 5136 texuis-

2081 5153 2188 5202 set.
2214 5168 2240 5194 ››

2324 5211 2783 5303 Ἀνξρικωτάτην,
2831 5219 3009 5293 Regg.
3062 5239 3117 5289 a,
3167 5223 3286 5289 bm,
3337 5221 3511 5278 Coisl.
3547 5223 3600 5293 1,
3631 5222 3727 5279 0r.

2087 5289 2135 5355 1,
2162 5284 2578 5361 ’ἂνδρειοτάτην.

2155 5356 2637 5438 (ἕὲῷγιίοιλαίνειν,
2704 5366 2817 5438 etc:
2875 5363 3085 5438 Notum
3146 5378 3233 5438 est
3290 5369 3453 5438 apud
3503 5368 3733 5438 GX‘_£DCOS

2082 5430 2241 5511 istud
2296 5431 2665 5511 proverbium
2711 5448 2723 5486 :
2774 5432 3290 5511 Konkaiveraérpav
3328 5430 3492 5511 ’ῥανὶς
3539 5435 3733 5503 ὕδατος

2084 5498 2419 5574 ἐνδελεχείη·
2456 5525 2482 5551 ‹‹
2528 5504 2698 5572 Aquae
2747 5512 2912 5575 gutta
2961 5498 3206 5564 assidue'
3257 5498 3515 5565 cadendo
3571 5498 3735 5566 cavat

2084 5575 2361 5645 lapidem.
2389 5596 2415 5645 ξ)
2446 5576 2559 5627 Aut
2602 5575 2755 5628 istud
2805 5579 2980 5633 etiam
3017 5580 3151 5636 huic
3183 5582 3374 5637 simile
3411 5600 3423 5637 :
3461 5580 3735 5643 Πολλαῖσς

2083 5665 2122 5699 π
2147 5641 2348 5725 ἠγαῖς
2387 5641 2512 5725 δρῦς
2572 5664 2758 5725 στερεα
2788 5645 3143 5721 δαμάζεται’‹‹
3181 5653 3451 5709 ΡΓωόυΓθ.
3482 5641 3735 5725 quercus

2085 5716 2303 5774 crebris
2336 5716 2551 5773 ictibus
2582 5716 2752 5774 cedit.
2787 5745 2807 5769 ι
