4094 6288
394 437 513 501 999

1635 438 1699 499 S.
1750 430 2123 500 GREGORII
2167 432 2563 499 THEOLOGI

3652 434 3814 500 5000

460 570 578 627 XII.
612 570 741 627 Haec
769 570 951 643 igitur
991 570 1121 643 ipsa
1163 572 1409 641 petebat,
1431 574 1488 626 et
1517 571 1577 625 in
1610 587 1714 641 spe
1761 569 2034 635 habebat,

2221 567 2322 622 IB.
2356 568 2417 622 Ἠ
2460 567 2554 638 μὶν
2605 565 2695 620 καὶ
2744 562 2862 639 ᾔτει
2908 570 3074 620 ταῦτα
3117 566 3206 621 καὶ
3255 564 3537 636 ἤλπιζειν,
3594 568 3687 621 ἅτε
3742 570 3810 641 τῇ

395 664 458 714 ut
489 676 615 729 quae
646 659 760 714 ﬁde
807 660 1199 731 magis,quam
1243 660 1564 729 iuventute,
1590 659 1743 714 388
1780 659 2039 714 ferveret.

392 746 592 818 Neque
623 749 775 802 enim
809 748 1124 819 quisquam
1152 749 1540 819 praesentibus
1574 750 1749 803 rebus
1783 747 2045 819 perinde,

392 840 457 891 ut
486 836 587 891 illa
617 838 791 892 rebus
819 837 874 891 in
901 852 1003 909 spe
1027 836 1253 907 positis,
1281 838 1639 903 confidebat;
1675 854 1779 892 nec
1804 835 2042 905 mirum,

390 940 526 979 cum
549 924 755 979 divinae
787 924 1151 979 liberalitatis
1175 941 1241 980 ac
1267 926 1683 980 munificentiae
1716 923 2044 997 periculum

382 1014 510 1085 jam
542 1014 797 1069 fecisset.
832 1014 979 1069 Huic
1028 1018 1222 1070 autem
1273 1015 1345 1069 ad
1401 1014 1649 1070 salutem
1704 1016 2043 1085 adjumento

389 1107 533 1170 erat,
567 1108 691 1158 tum
735 1103 883 1158 ratio
914 1102 1064 1176 ipsa,
1097 1103 1458 1159 curationem
1510 1103 1794 1176 paulatim
1826 1102 2045 1158 admit-

388 1197 540 1261 tens,
575 1196 697 1246 tum
732 1192 1157 1248 insomniorum
1194 1193 1370 1248 etiam
1402 1193 1571 1259 visio,
1602 1210 1705 1265 per
1733 1210 1859 1264 quae
1890 1192 2044 1246 Deus

390 1280 650 1337 animam
674 1280 865 1337 salute
888 1281 1127 1354 dignam
1145 1298 1546 1354 smpenumero
1564 1283 1747 1353 juvat.
1765 1282 2043 1345 Quanam

389 1374 585 1427 autem
609 1369 730 1425 hac
752 1369 895 1426 visio
918 1368 1080 1426 erat?
1104 1370 1207 1425 Hic
1239 1369 1380 1425 mihi
1405 1366 1842 1441 jucundissima
1862 1369 2043 1424 totius

388 1458 744 1515 narrationis
768 1474 904 1530 pars
926 1457 1039 1513 sita
1059 1462 1169 1513 est.
1192 1457 1442 1513 Putabat
1467 1461 1718 1529 se,quod
1742 1463 1876 1514 ante
1898 1474 2044 1513 nun-

385 1564 560 1619 quam
611 1547 845 1615 fecerat,
871 1546 1140 1617 quamvis
1173 1563 1317 1602 uxor
1347 1549 1624 1618 frequens
1672 1548 1731 1601 in
1782 1547 2043 1602 oratione

386 1639 561 1706 esset,
584 1652 653 1691 ex
686 1634 923 1691 Davidis
954 1634 1210 1691 Psalmis
1241 1652 1365 1690 eam
1400 1640 1623 1706 partem
1654 1652 1861 1691 canere
1886 1654 1898 1692 :
1925 1637 2041 1692 Laz-

387 1731 535 1780 tatu:
565 1739 687 1778 sum
714 1724 777 1777 in
806 1723 890 1778 his
919 1738 1046 1794 quae
1076 1723 1226 1778 dicta
1255 1731 1383 1778 sunt
1410 1724 1573 1790 mihi,
1598 1725 1659 1779 in
1686 1724 1907 1780 domum
1938 1726 2043 1781 Do-

385 1814 532 1867 mini
561 1812 767 1867 ibimus
785 1812 848 1864 ⁴³.
892 1813 1087 1869 Novus
1116 1817 1174 1868 et
1210 1814 1478 1869 insuetus
1510 1814 1603 1869 hic
1635 1819 1844 1870 cantus
1895 1817 2041 1883 erat,

2154 654 2331 709 πίστει
2368 653 2735 728 μᾶλλονῆτῇ
2783 654 2999 724 νεότητι
3052 658 3259 724 ζέουσα.
3317 655 3415 709 Καὶ
3473 655 3573 730 γὰρ
3628 653 3805 718 οὐδεὶς

2156 743 2326 804 οὕτως
2360 742 2569 819 έθάῤῥει
2602 745 2715 817 (26)
2742 749 2857 805 τοῖς
2907 748 3194 816 παροῦσιν,
3241 744 3317 807 ὡς
3366 743 3501 814 αὕτη
3554 750 3670 807 τοῖς
3720 744 3809 800 ἐλ-

2154 833 2409 903 πισθεῖσι,
2443 832 2601 907 πείρᾳ
2636 834 2877 905 μαθοῦσα
2906 836 3002 887 τοῦ
3051 838 3184 888 Θεοῦ
3223 833 3287 887 τὸ
3336 830 3670 911 φιλόδωρον.
3724 838 3809 905 Τῷ

2156 918 2212 974 δὲ
2243 920 2502 995 συνείργει
2540 921 2633 993 μὲν
2666 921 2801 994 πρὸς
2836 920 3105 995 σωτηρίαν
3140 920 3231 977 καὶ
3264 923 3291 976 6
3326 922 3619 996 λογισμὸς,
3672 924 3807 977 κατὰ

2160 1008 2350 1082 μικρὸν
2379 1011 2475 1077 τὴν
2506 1009 2784 1084 θεραπείαν
2817 1008 3285 1086 παραδεχόμενοςο
3320 1010 3583 1084 συνείργει
3609 1009 3665 1065 δὲ
3695 1013 3808 1084 (27)

2154 1098 2243 1151 καὶ
2311 1097 2601 1170 ὀνειράτων
2662 1094 2804 1171 ὄψις,
2869 1098 2947 1161 οἷς
3029 1098 3292 1174 εὐεργετεῖ
3343 1097 3616 1161 πολλάκις
3676 1099 3803 1163 Θεὸς

2152 1188 2337 1261 ψυχὴν
2388 1187 2533 1257 ἄξίαν
2575 1191 2672 1241 τοῦ
2718 1188 2983 1255 σώζεσθαι
3030 1190 3165 1261 (28),
3220 1186 3396 1242 Ἀλλὰ
3441 1187 3524 1241 τίς
3574 1190 3607 1258 ἡ
3646 1184 3802 1261 ὅψις;

2154 1276 2410 1330 Ἐνταῦθά
2442 1296 2534 1349 μοι
2564 1275 2653 1330 καὶ
2683 1277 2744 1330 τὸ
2792 1281 2890 1330 τοῦ
2940 1273 3282 1350 διηγήματος
3331 1274 3553 1345 ἣδιστον
3581 1296 3594 1309 '
3641 1276 3802 1335 ’Ἐδο-

2153 1362 2254 1434 ξεν,
2301 1362 2330 1417 ὅ
2376 1364 2544 1435 μήπω
2592 1363 2881 1439 πρότερον,
2927 1364 3104 1419 καίτοι
3158 1363 3429 1426 πολλάκις
3473 1372 3573 1435 τῆς
3621 1386 3807 1442 γυναι-

2150 1452 2243 1512 κὸς
2295 1451 2640 1523 ἱκετευούσης
2697 1453 2787 1507 καὶ
2834 1450 3119 1525 δεομένης,
3170 1452 3402 1526 ψάλλειν
3455 1453 3513 1508 ἐκ
3549 1459 3657 1509 τῶν
3707 1459 3803 1510 τοῦ

2153 1539 2298 1604 θείου
2348 1536 2513 1596 Δαϐὶδ
2572 1541 2743 1596 έκεῖνο
2790 1542 2852 1596 τὸ
2907 1543 3110 1617 μέρος·
3174 1542 3487 1619 Εὖφράνθην
3552 1544 3638 1598 ἐπὶ
3690 1550 3806 1607 τοῖς

2153 1630 2395 1707 εἰρηκόσι
2451 1650 2577 1703 μοι·
2632 1630 2707 1692 εἷς
2756 1633 2907 1686 οἷκον
2958 1632 3160 1704 Κυρίου
3226 1631 3600 1707 πορευσόμεθα
3667 1636 3803 1707 (29).

2152 1720 2249 1774 Καὶ
2299 1722 2333 1788 ἡ
2382 1716 2680 1793 ψαλμῳδία
2732 1719 2874 1791 ξένη,
2923 1719 3014 1774 καὶ
3064 1721 3091 1774 6
3141 1720 3309 1783 πόθος
3347 1724 3413 1793 τῇ
3598 1743 3803 1777 συνεισ-

2152 1809 2391 1884 έρχεται.
2444 1809 2543 1863 Καὶ
2588 1810 2663 1869 ὡς
2708 1806 2936 1878 ἤκουσεν
2985 1811 3020 1879 ἡ
3070 1816 3170 1878 τῆς
3219 1808 3390 1884 εὐχῆς
3439 1808 3800 1885 έπιτυχοῦσα,

390 1917 458 1957 ac
489 1901 848 1957 desiderium
879 1901 1058 1956 simul
1086 1918 1220 1956 cum
1250 1907 1424 1957 cantu
1492 1902 1840 1975 ingreditur.
1875 1904 2034 1970 Quod

2149 1897 2239 1952 τὸν
2271 1899 2456 1973 καιρὸν
2510 1898 2756 1967 ἁρπάζει,
2814 1897 3216 1974 ὑποκριναμένη
3273 1919 3333 1953 τε
3374 1899 3473 1967 τήν
3510 1894 3633 1972 ὄψιν
3663 1900 3799 1972 πρὸς

386 1990 486 2045 ubi
519 1990 728 2046 mulier
764 1989 1005 2059 audivit,
1038 1991 1152 2045 voti
1194 1992 1321 2061 jam
1376 2008 1614 2063 compos
1668 1994 1839 2061 facta,
1872 2010 2036 2049 occa-

386 2079 615 2135 sionem
662 2080 886 2152 urripit,
919 2080 1204 2135 visionem
1239 2080 1388 2135 hanc
1438 2082 1496 2136 in
1539 2083 2040 2152 jucundissimam

384 2172 610 2240 partem
641 2185 777 2224 vera
827 2170 1166 2239 conjectura
1213 2169 1623 2240 interpretans,
1657 2171 2041 2241 beneﬁciique

387 2258 852 2329 magnitudinem
886 2258 1067 2313 animi
1099 2258 1301 2313 laetitia
1334 2258 1658 2327 declarans,
1695 2276 1760 2314 ac
1789 2262 2041 2317 salutem

384 2346 701 2419 adurgens,
733 2362 805 2401 ne
835 2347 998 2417 quid,
1031 2348 1185 2418 quod
1216 2348 1502 2401 vocationi
1543 2346 1821 2415 obstaret,
1856 2349 2041 2403 inter-

383 2434 634 2502 cederet,
670 2435 1110 2506 negotiumque,
1144 2435 1203 2489 in
1244 2436 1411 2506 quod
1460 2451 1693 2490 summo
1725 2437 1919 2491 studio
1948 2436 2039 2491 in-

382 2524 719 2589 cumbebat,
760 2525 1157 2595 abrumperet.
1189 2524 1259 2578 Et
1289 2527 1465 2591 certe,
1496 2540 1629 2578 cum
1675 2541 1766 2580 res
1799 2524 1880 2580 ita
1910 2530 2038 2581 tum

382 2615 522 2666 nata
554 2610 783 2680 fuisset,
818 2616 884 2666 ut
932 2611 1264 2684 complures
1296 2612 1555 2684 episcopi
1604 2613 1851 2669 Nicaeam
1899 2631 2035 2671 con-

380 2700 708 2765 tenderent,
742 2717 857 2772 quo
890 2700 1010 2755 Arii
1053 2700 1234 2756 furori
1266 2700 1642 2768 obsisterent,
1668 2719 1801 2757 cum
1836 2719 2038 2759 recens

382 2792 509 2843 orta
539 2793 693 2845 esset
727 2789 846 2844 haec
878 2790 1114 2846 heresis
1146 2806 1273 2862 quae
1305 2791 1669 2847 divinitatem
1710 2792 2035 2863 scindebat,

380 2881 495 2932 Deo
528 2894 656 2933 sese
687 2894 753 2933 ac
786 2879 1045 2934 veritatis
1092 2880 1458 2951 praeconibus
1488 2881 1686 2951 tradit,
1721 2887 1777 2936 et
1806 2882 2033 2937 deside-

380 2967 535 3021 rium
568 2967 897 3041 confitetur,
928 2969 1378 3038 communisque
1409 2968 1617 3023 salutis
1649 2968 1933 3023 auxilium
1964 2969 2037 3025 ab

379 3054 453 3110 iis
488 3056 698 3123 poscit;
735 3056 886 3111 inter
915 3073 1064 3126 quos
1096 3056 1341 3125 insignis
1372 3074 1606 3128 quoque
1637 3057 1733 3112 ille
1764 3059 2037 3114 Leontius

381 3149 526 3208 erat,
559 3146 659 3214 qui
718 3149 844 3199 tum
895 3146 1266 3216 metropolim
1326 3152 1583 3201 nostram
1646 3148 2033 3216 gubernabat.

382 3232 732 3287 Miraculum
764 3239 982 3300 autem,
1017 3235 1171 3303 quod
1222 3234 1313 3287 hic
1360 3250 1592 3305 quoque
1624 3236 1819 3289 divina
1848 3236 2036 3306 gratia

2147 1988 2210 2041 τὸ
2258 1984 2479 2057 ἣδιστον
2535 1986 2668 2059 μετὰ
2712 1994 2810 2055 τῆς
2873 1985 3132 2057 ἀληθείας
3204 1990 3336 2061 (30),
3385 1988 3472 2042 καὶ
3528 1992 3596 2061 τῇ
3655 1993 3801 2064 χαρᾷ

2151 2074 2395 2146 δηλοῦσα
2422 2083 2523 2145 τῆς
2554 2076 2854 2150 εὐεργεσίας
2884 2078 2945 2131 τὸ
3007 2077 3253 2151 μέγεθος,
3313 2076 3401 2131 καὶ
3459 2078 3557 2146 τὴν
3619 2099 3798 2148 σωτη-

2151 2165 2266 2240 ρίαν
2317 2164 2734 2240 ἐπιταχύνουσα,
2795 2167 2867 2237 μή
2919 2186 2972 2219 τι
3020 2166 3364 2240 παρεμπεσὸν
3400 2164 3668 2240 ἐμποδίσῃ
3730 2169 3799 2239 τῇ

2149 2253 2342 2323 κλήσει
2375 2256 2509 2327 (31),
2542 2254 2629 2308 καὶ
2665 2253 2801 2325 λύσῃ
2830 2254 2891 2308 τὸ
2922 2252 3378 2326 σπουδαζόμενον.
3428 2257 3525 2309 Καὶ
3576 2254 3641 2324 δή
3691 2257 3800 2329 (32)

2150 2338 2358 2415 συμϐάν
2393 2347 2690 2413 τηνικαῦτα
2720 2342 2943 2405 πλείους
2976 2344 3250 2419 ἀρχιερεῖς
3292 2343 3378 2398 ἐπὶ
3426 2345 3523 2412 τὴν
3576 2345 3798 2399 Νικαίαν

2149 2429 2393 2486 σπεύδειν
2451 2434 2586 2505 (33),
2638 2429 2726 2485 ’ίνα
2773 2433 2910 2487 κατά
2951 2439 3053 2502 τῆς
3106 2432 3318 2507 Ἀρείου
3368 2436 3533 2486 στῶσι
3586 2432 3800 2505 μανίας,

2148 2517 2269 2595 ἄρτι
2298 2524 2393 2573 τοῦ
2422 2523 2589 2573 κακοῦ
2649 2519 2946 2597 φυομένου,
3000 2521 3090 2574 καὶ
3136 2520 3235 2588 τὴν
3298 2518 3528 2587 θεότητα
3564 2521 3795 2592 τέμνον-

2144 2629 2260 2677 τος,
2295 2605 2484 2663 δίδωσι
2524 2608 2616 2681 μὲν
2673 2608 2857 2663 ἑαυτὸν
2901 2609 2980 2680 τῷ
3030 2607 3151 2681 Οεῷ
3198 2608 3287 2663 καὶ
3325 2614 3441 2670 τοῖς
3473 2609 3665 2683 κήρυξι
3696 2616 3800 2679 τῆς

2146 2696 2427 2769 ἀληθείας,
2472 2697 2561 2752 καὶ
2614 2697 2706 2751 τὸν
2764 2698 2932 2762 πόθον
2993 2698 3283 2773 ὁμολογεῖ,
3341 2698 3431 2753 καὶ
3466 2704 3617 2767 ζητεῖ
3668 2705 3796 2775 παρ’

2146 2786 2320 2842 αὐτῶν
2374 2788 2474 2857 τήν
2532 2788 2720 2856 κοινὴν
2772 2788 3065 2864 σωτηρίαν,
3126 2786 3197 2842 ὧν
3252 2788 3325 2851 εἷς
3368 2789 3617 2850 Λεόντιος
3665 2792 3728 2857 ἢν
3762 2788 3791 2842 6

2145 2878 2284 2931 πάνυ
2340 2879 2477 2949 (34),
2522 2876 2549 2930 6
2606 2876 2728 2931 τότε
2775 2880 2871 2945 τῆς
2915 2878 3033 2941 καθ’
3082 2880 3230 2950 ἡμᾶς
3284 2878 3681 2953 μητροπόλεως
3716 2878 3792 2948 ἐξ·

2146 2965 2469 3043 ηγούμενος.
2501 2967 2569 3022 Ὅ
2620 2963 2677 3020 δὲ
2718 2965 2987 3030 κάνταῦθα
3032 2967 3175 3042 παρὰ
3220 2974 3321 3036 τῆς
3368 2966 3595 3042 χάριτος
3627 2966 3794 3036 ἀπήν-

2143 3076 2274 3125 τησε
2306 3057 2504 3127 θαῦμα,
2537 3052 2741 3130 σφόδρα
2770 3054 2827 3109 ἂν
2862 3053 3110 3126 ἀδικοίην
3143 3058 3241 3125 τήν
3270 3058 3453 3132 χάριν,
3514 3056 3559 3110 εἰ
3607 3060 3791 3129 σιωπῇ

2145 3142 2481 3220 παρέλθοιμι
2506 3163 2518 3175 ’
2577 3145 2843 3218 μάρτυρες
2899 3142 2956 3199 δὲ
3005 3145 3103 3199 οὐκ
3134 3143 3316 3219 ὀλίγοι
3346 3150 3442 3199 τοῦ
3475 3147 3746 3217 θαύματος
3774 3165 3787 3177 ·

2146 3231 2457 3288 Πλανῶνταί
2512 3254 2633 3287 τινα
2688 3231 2895 3299 πλάνην
2952 3235 3316 3306 πνευματικὴν
3377 3234 3432 3287 o't
3488 3241 3588 3303 τῆς
3637 3234 3797 3305 ἀκρι-

388 3319 608 3376 editum
669 3325 776 3388 est,
810 3322 858 3377 si
912 3322 1219 3388 reticuero,
1271 3339 1543 3395 magnam
1608 3323 1859 3394 profecto
1920 3324 2034 3396 ipsi

2148 3317 2295 3383 ὄείας
2355 3318 2669 3376 διδάσκαλοι
2702 3323 2958 3395 (35),καὶ
2991 3298 3351 3397 προτυποῖ-τὸ
3386 3298 3590 3395 μέλλον
3621 3324 3655 3391 ἡ
3690 3298 3795 3397 γά-

387 3409 587 3481 gratiae
620 3408 896 3480 injuriam
946 3410 1152 3466 fecero.
1186 3410 1372 3481 Hujus
1433 3428 1604 3483 porro
1660 3416 1841 3468 testes
1898 3417 2034 3469 sunt

2147 3431 2250 3487 ρις,
2300 3406 2390 3465 καὶ
2446 3411 2614 3472 τύπος
2679 3411 2979 3485 ἱερωσύνης
3035 3415 3103 3484 τῇ
3162 3414 3469 3485 κατηχήσει
3524 3412 3793 3487 μίγνυται.

388 3514 504 3553 non
536 3498 724 3569 pauci.
749 3498 1064 3570 Spirituale
1095 3499 1391 3571 quoddam
1424 3506 1682 3555 erratum
1715 3502 2034 3559 accuratio-

388 3587 470 3643 ris
499 3586 822 3659 disciplinae
860 3590 1125 3660 magistri
1156 3589 1494 3657 admittunt,
1528 3589 1725 3660 idque,
1757 3593 1913 3661 quod
1944 3592 2035 3648 fu-

386 3679 585 3730 turum
616 3680 760 3743 erat,
791 3677 981 3747 gratia
1029 3677 1362 3748 praesignat,
1396 3694 1462 3732 ac
1492 3679 1801 3734 sacerdotii
1848 3682 2035 3736 forma

388 3781 525 3820 cum
558 3765 849 3821 catechesi
906 3767 1209 3821 miscetur.
1244 3765 1287 3821 Ο
1337 3766 1727 3823 initiationem
1789 3770 2033 3827 minime

382 3854 811 3927 spontaneam?
841 3855 1068 3910 Etenim
1114 3855 1173 3909 in
1205 3871 1357 3926 genu
1391 3856 1730 3927 inclinatus,
1764 3858 1842 3912 ita
1874 3867 2032 3916 cale-

379 3944 573 3999 chesis
598 3944 968 3999 sermonibus
1000 3943 1305 4009 imbuitur,
1331 3944 1473 3999 adeo
1497 3949 1561 3998 ut
1583 3945 1774 4015 multi,
1798 3948 1895 4017 qui
1929 3949 2030 4003 ad-

2145 3502 2209 3554 Ὠ
2237 3507 2339 3569 τῆς
2398 3500 2652 3555 ἀκουσίου
2714 3502 3003 3571 μυήσεωςῐ
3067 3501 3188 3555 Ἐπὶ
3240 3502 3341 3575 γὰρ
3401 3500 3531 3575 γόνυ
3561 3500 3792 3572 κλιθεὶς,

2144 3590 2287 3646 οὕτω
2341 3595 2455 3650 τοῖς
2531 3588 2721 3663 λόγοις
2802 3592 2900 3658 τῆς
2968 3592 3329 3665 κατηχήσεως
3395 3588 3792 3664 καταρτίζεται,

2143 3679 2281 3734 ὥστε
2309 3677 2557 3739 πολλοὺς
2586 3683 2693 3732 τῶν
2724 3677 3005 3753 παρόντων
3039 3682 3415 3756 προφητεῦσαι
3462 3678 3525 3731 τὸ
3560 3675 3793 3750 μέλλον,

2142 3769 2203 3823 οὐ
2232 3773 2338 3822 τῶν
2395 3766 2749 3840 ὑψηλοτέρων
2812 3766 3001 3839 μόνον,
3052 3766 3196 3822 ἀλλά
3224 3768 3313 3822 καὶ
3339 3772 3446 3821 τῶν
3478 3766 3792 3821 ταπεινοτέ-

2141 3878 2247 3932 ρων
2302 3857 2379 3919 εἰς
2427 3856 2651 3927 σύνεσιν,
2704 3855 2800 3911 οὐκ
2848 3854 3114 3931 ἀμυδροῖς
3145 3856 3398 3930 σημείοις
3428 3855 3791 3917 πιστωθέντας

2139 3948 2275 4022 πρὸς
2304 3947 2366 4000 τὸ
2398 3943 2676 4017 ἐσόμενον.

378 4037 563 4100 erant,
598 4050 712 4088 non
743 4039 972 4089 tantum
1006 4033 1224 4106 ingenii
1255 4033 1493 4088 solertia
1523 4034 1771 4105 praediti,
1803 4037 1903 4091 sed
1944 4038 2120 4096 etiam
2154 4039 2263 4111 ipsi
2300 4038 2497 4105 rudes,
2528 4037 2688 4092 haud
2734 4036 3001 4093 obscuris
3032 4036 3218 4109 signis
3250 4036 3600 4105 confirmati,
3634 4036 3791 4107 quod

378 4122 643 4177 futurum
679 4126 822 4189 erat,
857 4122 1255 4194 praedicerent.

447 4208 591 4264 ΧΙΙΙ.
626 4210 749 4264 Non
800 4209 1050 4265 multum
1098 4208 1379 4282 temporis
1432 4209 1848 4284 interﬂuxerat,
1893 4231 2026 4270 cum

2209 4215 2306 4270 II".
2340 4214 2546 4287 Μικρὸν
2607 4212 2667 4266 τὸ
2726 4210 2777 4266 ἐν
2841 4210 3012 4285 μέσῳ,
3073 4212 3163 4265 καὶ
3219 4218 3295 4285 τῷ
3341 4212 3577 4285 θαύματι
3611 4216 3794 4284 θαῦμα

376 4296 510 4353 huic
542 4296 823 4354 miraculo
866 4298 1213 4353 miraculum
1245 4299 1398 4354 339
1433 4299 1591 4353 aliud
1632 4301 1979 4373 adjungitur
2008 4320 2023 4359 :

375 4385 534 4442 hunc
566 4390 760 4443 autem
792 4404 1122 4443 sermonem
1156 4388 1267 4459 piis
1295 4388 1539 4444 auribus
1572 4392 2022 4464 commendabo;

376 4494 512 4534 nam
543 4478 698 4549 apud
729 4478 1003 4550 profanas
1030 4478 1260 4535 animas
1292 4477 1438 4534 nihil
1470 4480 1694 4551 pulcbri
1726 4481 1902 4537 ﬁdem
1935 4482 2028 4539 in-

446 4585 493 4621 “
520 4583 676 4640 Psal.
708 4601 858 4653 cxxr,
894 4587 942 4640 1.

444 4701 557 4844 (26)
588 4699 855 4776 Ἐθάῤῥει.
892 4704 1028 4775 Reg.
1065 4723 1118 4770 8.,
1151 4705 1246 4760 Or.
1282 4705 1331 4773 1,
1368 4701 1574 4778 ΘαρΞεῖ.

465 4772 867 4844 27)(Συνείργει
920 4775 1085 4844 μένα,
1131 4774 1396 4844 συνείργει
1442 4775 1517 4833 δέ.
1554 4779 1574 4832 (

465 4772 867 4852 2⁸7),Συνείργει
920 4772 1085 4848 μένη,
1131 4772 1396 4852 συνείργει
1437 4772 1517 4833 δέ.
1554 4776 1722 4833 Cois].
1760 4778 1811 4845 1,
1841 4781 1898 4834 et
1926 4778 2021 4833 Or.

379 4846 427 4901 l.
462 4843 883 4919 cuvﬁpyu,'et0.
921 4843 930 4848 ’
1281 4843 1289 4851 ’
1327 4843 1337 4852 ’
1800 4843 1806 4845 ’

445 4918 557 4989 (28)
588 4915 766 4985 ’Λείαν
826 4920 921 4971 τοῦ
979 4918 1262 4987 σώζεσθαι.
1298 4943 1324 4969 ‹‹
1363 4920 1557 4974 Salute
1607 4919 1865 4991 dignam.
1901 4942 1927 4969 υ
1963 4921 2018 4975 Id

374 5003 507 5063 cum
540 4992 921 5063 congruentia
959 4993 1214 5062 quadam
1261 4992 1705 5063 intelligendum
1740 4996 1855 5058 est;
1890 4991 2020 5047 nul-

372 5057 498 5133 lum
516 5057 685 5133 enim
719 5066 853 5133 ante
886 5057 1059 5117 ﬁdem
1094 5069 1283 5133 potest
1312 5081 1441 5118 esse
1455 5057 1769 5116 'meritum.

589 5131 988 5206 Πορευσόμεθα.
1024 5131 1161 5206 Reg.
1196 5152 1247 5201 a,
1279 5134 1689 5206 πορευσώμεθα.

444 5201 555 5273 (30)
585 5201 727 5257 Μετὰ
756 5201 857 5271 τῆς
890 5201 1166 5273 ἀληθείας
1202 5228 1229 5256 ι‹
1262 5201 1402 5261 Cum
1434 5201 1696 5259 veritate.
1722 5224 1751 5251 »

444 5208 555 5343 (30)
585 5208 727 5257 Μετὰ
756 5209 857 5271 τῆς
890 5208 1166 5273 ἀληθείας.
1202 5228 1229 5256 ι‹
1262 5211 1402 5261 Cum
1434 5208 1696 5259 veritate.
1722 5224 1751 5251 »

371 5274 803 5396 ﬂgiti/usqu.
865 5277 960 5332 Sic
1015 5278 1188 5333 Coisl.
1225 5278 1250 5331 1
1285 5283 1342 5332 et
1386 5279 1439 5344 2,
1473 5277 1618 5341 Jes.,
1650 5280 1757 5330 etc.
1812 5274 1873 5329 In
1924 5276 2015 5331 ed.

442 5385 685 5498 (52);“.
719 5417 813 5473 Sic
845 5419 984 5490 Reg.
1014 5419 1133 5486 bm,
1156 5418 1330 5489 Coisl,
1364 5419 1389 5473 ι
1422 5422 1480 5472 et
1507 5418 1561 5488 2,
1596 5416 1691 5472 op.
1727 5418 1776 5487 1,
1810 5421 1919 5473 etc.
1956 5420 2017 5474 In

372 5487 865 5633 θόξ33ῗλὲπεύδειν.
899 5561 989 5633 Sic
1020 5561 1214 5633 plures
1248 5562 1451 5633 Regg.,
1484 5564 1539 5613 et
1568 5558 1750 5625 Colb.,
1784 5560 1959 5617 Coisl.
1988 5563 2013 5616 1

372 5632 429 5682 et
454 5631 508 5700 2,
541 5630 635 5683 Or.
671 5633 718 5700 1,
750 5633 865 5686 Jes.
902 5632 963 5687 In
996 5628 1111 5699 ed,
1145 5628 1402 5699 σπευδήν,
1438 5633 1780 5699 [mendose]

443 5698 554 5777 (34)
586 5698 745 5777 ’ἕνςὸ
772 5701 937 5777 πάνυ,
967 5710 1076 5760 etc.
1100 5698 1103 5699 ν
1128 5704 1301 5762 Coiel.
1336 5698 1387 5759 1.
1420 5698 1486 5769 ἧν
1541 5702 1568 5755 ὁ
1616 5701 1736 5757 τότε
1788 5701 2015 5771 Πόντου,

374 5765 504 5834 ὁτῆς
533 5765 648 5822 καθ’
678 5771 849 5843 ἡμᾶς.

2137 4305 2456 4358 συνάπτεται
2485 4320 2501 4335 ⁸
2559 4303 2945 4373 παραθήσομαι
3002 4298 3059 4356 δὲ
3111 4301 3312 4356 πίστῶν
3356 4303 3545 4364 ἀκοαῖς
3574 4302 3665 4357 τὸν
3696 4301 3794 4356 λό-

2134 4414 2226 4467 γον
2254 4410 2265 4423 ·
2298 4394 2501 4465 ψυχαῖς
2529 4390 2633 4465 γὰρ
2670 4384 2931 4465 βεϐήλοις
2965 4388 3118 4445 οὐδὲν
3176 4395 3283 4444 τῶν
3340 4390 3521 4445 καλῶν
3587 4390 3799 4460 ἀξιόπι-

2134 4502 2281 4538 στον.
2339 4479 2589 4555 Πρόσεισι
2652 4479 2744 4551 μὲν
2794 4482 2863 4552 τῇ
2923 4476 2992 4534 δι’
3044 4476 3238 4541 ὕδατος
3291 4482 3402 4553 (36)
3435 4480 3792 4555 ἀναγεννήσει

2207 4705 2320 4777 (35)
2365 4704 2581 4777 Οὶ-ῆς
2640 4698 2916 4777 ἀκριϐείας
2976 4700 3315 4777 διδάσκαλοι.
3374 4728 3401 4754 ‹‹
3453 4702 3789 4777 Accuratio-

2136 4774 2222 4830 ris
2266 4774 2582 4847 disciplinae
2632 4774 2916 4847 magistri.
2944 4797 2973 4825 »
3014 4776 3242 4847 Billius,
3269 4800 3297 4823 ‹‹
3331 4777 3569 4831 sincerae
3619 4774 3790 4847 disci-

2179 4848 2327 4904 linos.
2355 4844 2593 4902 nJuxta
2648 4844 2797 4903 hanc
2849 4844 3245 4919 disciplinam,
3283 4853 3345 4903 ut
3395 4847 3572 4902 habet
3618 4844 3788 4919 scho-

2158 4919 2301 4988 ium,
2327 4942 2353 4968 «
2388 4936 2502 4973 non
2530 4935 2720 4988 genua
2749 4918 3059 4973 ﬂectebant
3088 4920 3511 4987 catechumeni,
3546 4918 3648 4973 sed
3680 4933 3787 4971 au-

2133 5006 2225 5046 res
2259 4994 2485 5046 tantum
2512 4988 2636 5046 cleo
2658 4991 3089 5060 perl'undendas
3114 4988 3794 5062 praebebantGregorius

2131 5068 2327 5117 autem
2359 5063 2571 5131 senior,
2596 5068 2805 5135 contra
2853 5062 3002 5117 hanc
3051 5060 3259 5135 legem,
3293 5079 3427 5118 cum
3460 5062 3639 5117 sacris
3668 5060 3792 5135 ini-

2130 5134 2395 5216 tiaretur,
2428 5133 2778 5216 genutlexit;
2811 5137 2869 5187 et
2892 5135 2987 5204 qui
3013 5133 3352 5216 catechistaa
3384 5148 3626 5216 munere
3661 5134 3789 5213 lun-

2131 5207 2396 5277 gebatur,
2429 5204 2577 5277 item,
2603 5205 2729 5275 ipse
2760 5220 2963 5277 errore
3010 5205 3232 5277 lapsus,
3269 5223 3383 5261 non
3436 5204 3785 5270 catecbesis,

2131 5275 2230 5331 sed
2278 5276 2584 5347 sacerdotii
2625 5275 2946 5347 orationem
2994 5275 3256 5347 protulit.
3286 5300 3311 5325 ››
3343 5277 3462 5347 Ἔτι
3517 5278 3622 5327 τῶν
3652 5294 3788 5347 κατέ

2131 5345 2608 5420 ηχουμένωνηούκ
2662 5344 2930 5420 εἰωθότων
2972 5343 3174 5420 κλίνειν
3225 5346 3576 5420 τᾶἒγόνατα,
3622 5343 3788 5420 ,ἀλλὰ

2132 5369 2162 5416 η
2216 5368 2458 5420 ουμενων
2513 5366 2608 5399 ουκ
2662 5366 2930 5399 ειωοοτων
2972 5366 3174 5401 κΑινειν
3225 5369 3291 5401 τα
3355 5366 3576 5420 γονατα,
3640 5366 3785 5398 arma

2132 5366 2293 5490 μόνον
2340 5419 2416 5489 τῷ
2464 5414 2633 5486 ἐλαίῳ
2681 5416 2927 5490 χρίεσθαι
2975 5418 3043 5473 τὰ
3087 5420 3220 5488 ὦτα,
3270 5418 3430 5480 αὐτὸς
3497 5417 3650 5490 παρά,
3689 5417 3785 5490 τὸν

2125 5484 2294 5561 θύμον
2336 5484 2934 5564 κάτηχῇσέωξϊέκλι-νε
2993 5484 3433 5564 κατηχούμενος,
3482 5484 3584 5564 καί
3624 5485 3707 5541 ἔτι
3742 5487 3787 5564 Δὁ

2126 5554 2794 5649 κατηχήσαςὲπλανηθεῖς,
2826 5559 2888 5614 οὐ
2925 5554 3308 5637 κατηχήσεως,
3358 5554 3504 5617 ἀλλὰ
3553 5558 3789 5633 ἱερωσύ-

2126 5653 2223 5702 νης
2254 5628 2424 5706 ε’ὖχήν
2452 5628 2728 5706 ἐποίησεν.

2197 5698 2415 5777 (36)’⁷Γῇ
2449 5699 2516 5757 δι’
2547 5698 2762 5763 ὕδατος.
2792 5704 2862 5774 τῇ
2891 5706 2987 5759 τοῦ
3020 5702 3232 5768 ὓδατος.
