4094 6288
290 389 435 451 1001

1168 387 1460 448 ORATIO
1504 386 1721 448 XVIII.
1756 422 1832 431 —-
1866 383 2252 449 FUNEBRIS
2300 384 2371 448 IN
2419 388 2762 453 PATBEM.

3557 391 3713 454 1002

288 520 373 575 καὶ
410 519 741 592 Πνεύματος,
769 516 839 573 δι’
868 520 935 587 ἧς
968 516 1348 592 ὁμολογοῦμεν
1385 522 1497 589 Θεῷ
1526 519 1623 585 τὴν
1664 523 1759 572 τοῦ
1807 520 1941 572 κατὰ

2065 524 2250 575 venire
2284 530 2492 594 potest.
2548 528 2627 578 Ad
2694 540 2819 579 eam
2878 523 3400 594 regenerationem,
3454 540 3580 594 quae
3614 542 3714 594 per

295 612 522 685 Χριστὸν
577 611 865 685 ἀνθρώπου
921 609 1198 685 μόρφωσίν
1249 629 1306 661 τε
1363 609 1451 662 καὶ
1504 608 1807 679 τελείωσιν,
1857 609 1945 663 καὶ

294 705 390 754 τοῦ
421 705 619 776 χοϊκοῦ
650 701 785 773 πρὸς
812 702 874 755 τὸ
905 704 1113 770 πνεῦμα
1165 697 1441 771 μετάθεσιν
1492 699 1581 753 καὶ
1628 698 1944 754 ἀνάπλασιψ

293 791 381 844 καὶ
412 790 655 867 πρόσεισι
711 790 844 861 μετὰ
887 792 1093 863 θερμῆς
1141 796 1240 857 τῆς
1292 786 1604 861 ἐπιθυμίας,
1651 789 1741 844 καὶ
1801 788 1944 861 λαμ-

295 887 431 954 πρᾶς
464 883 560 948 τῆς
614 877 858 947 ἐλπίδος,
908 884 986 950 τῷ
1036 878 1252 951 λουτρῷ
1300 881 1647 954 προκαθήρας
1679 882 1791 951 (37)
1825 878 1946 933 ἰαυ-

291 966 381 1023 τὸν
435 969 510 1030 εἰς
570 965 821 1040 δύναμιν,
878 968 965 1022 καὶ
1024 971 1179 1042 ψυχῇ
1238 967 1327 1021 καὶ
1377 969 1589 1039 σώματι
1621 968 1944 1041 καθαγνίσας

297 1056 492 1129 πολλῷ
527 1057 765 1129 μᾶλλον,
794 1057 827 1125 ἢ
864 1058 915 1111 οἱ
946 1057 1039 1118 τὰς
1070 1056 1278 1117 πλάκας
1318 1056 1462 1130 παρὰ
1511 1059 1782 1118 Μωϋσέως
1831 1059 1943 1129 (38)

291 1144 533 1215 δέξασθαι
586 1142 906 1217 μέλλοντες.
957 1150 1083 1207 Τοῖς
1137 1145 1230 1216 μὶν
1286 1144 1389 1219 γὰρ
1426 1146 1621 1219 μὲχρις
1657 1144 1879 1213 ἐσθῆτος
1912 1146 1939 1199 6

290 1233 575 1307 ἀγνισμὸς,
636 1233 723 1285 καὶ
784 1231 1013 1307 γαστρὸς
1068 1231 1234 1305 μικρά
1285 1230 1557 1297 στένωσις,
1612 1232 1701 1286 καὶ
1730 1253 1944 1307 σωφρο-

290 1322 417 1389 σῦνη
479 1342 559 1381 τις
621 1318 842 1394 σχὲδιος
901 1322 1054 1392 (39)·
1103 1325 1183 1391 τῷ
1242 1317 1299 1375 δὲ
1329 1326 1433 1382 πᾶς
1465 1322 1492 1374 6
1526 1321 1576 1375 ἐν
1614 1320 1760 1393 μέσῳ
1824 1322 1943 1395 βίος

291 1410 599 1483 πκρασκευή
659 1417 758 1479 τῆς
800 1408 1129 1482 ἐλλάμψεως
1184 1412 1269 1477 ἦν,
1323 1409 1412 1463 καὶ
1456 1410 1562 1484 πρὸ
1591 1417 1690 1477 τῆς
1742 1411 1943 1484 καθάρ-

298 1519 430 1559 σεως
462 1497 718 1573 κάθαρσις
770 1495 1179 1574 ἀσφαλιζομὲνη
1230 1499 1329 1566 τὴν
1388 1496 1593 1572 δωρεὰν
1627 1501 1758 1570 (40),
1786 1496 1877 1551 θίνα
1907 1500 1941 1567 ἡ

294 1586 576 1656 τελειότης
611 1584 675 1659 τῇ
704 1585 1033 1661 καθαρότητι
1066 1587 1346 1658 πιστευθῇ,
1377 1586 1465 1639 καὶ
1511 1586 1586 1658 μή
1635 1583 1949 1660 κινδυνεύσῃ

294 1676 355 1729 τὸ
388 1675 588 1749 ἀγαθὸν
644 1674 695 1728 ἐν
752 1673 851 1744 ἔξει
910 1674 1177 1747 τολμώσῃ
1243 1676 1375 1746 μετὰ
1419 1674 1772 1750 τῆςχάριτος
1806 1678 1942 1748 (41).

295 1763 607 1836 Ἐξελθοντα
661 1760 717 1818 δὲ
759 1764 917 1818 αὐτὸν
965 1763 1023 1817 ἐκ
1063 1769 1159 1818 τοῦ
1209 1762 1423 1835 ὕδατος,
1480 1769 1592 1840 φὼς
1622 1764 1943 1838 περιαστρά-

297 1874 418 1907 πτει
447 1852 535 1906 καὶ
569 1849 695 1923 δόξα
741 1860 841 1922 τῆς
891 1850 1181 1916 διαθέσεως
1222 1852 1364 1923 ἀξία,
1413 1850 1523 1906 λεθ¹
1570 1856 1635 1920 ἧς
1670 1852 1946 1927 προσῆλθε

295 1948 372 2013 τῷ
428 1940 728 2018 χαρίσματι
783 1949 884 2010 τῆς
942 1940 1206 2003 πίστεως·
1263 1938 1373 1995 ἔστι
1438 1942 1531 2013 μὲν
1590 1943 1672 2002 οἷς
1703 1942 1791 1996 καὶ
1840 1946 1946 1996 τῶν

298 2028 483 2085 ἄλλων
533 2027 820 2101 ἐπίδηλος,
878 2029 931 2083 o'i
987 2029 1109 2084 τότε
1153 2030 1246 2101 μὶν
1310 2034 1491 2102 σιῶπῇ
1523 2030 1585 2084 τὸ
1617 2036 1795 2101 θαῦμα
1825 2052 1947 2085 κατ-

295 2120 479 2193 έσχον,
536 2118 759 2188 ἐξειπεῖν
810 2118 871 2171 οὐ
905 2117 1267 2193 θαρρήσαντες
1298 2118 1406 2187 (καὶ
1440 2119 1543 2193 γὰρ
1575 2118 1741 2172 αὐτοῦ
1778 2119 1945 2191 μόνου

294 2208 494 2277 ταύτην
554 2207 685 2261 εἶναι
733 2209 832 2275 τὴν
895 2206 1017 2280 ὑψιν
1078 2206 1300 2269 ἕκαστος
1360 2204 1541 2279 ᾢετο),
1625 2208 1815 2283 μικρὸν
1889 2206 1946 2261 δὲ

296 2296 513 2370 ὕστερον
545 2293 818 2365 ἀλλήλοις
869 2292 1129 2349 διέδωκαν
1152 2314 1164 2325 ·
1225 2299 1302 2365 τῷ
1353 2292 1409 2349 δὲ
1444 2297 1708 2369 βαπτιστῇ
1740 2296 1829 2351 καὶ
1858 2318 1948 2351 τε-

299 2385 501 2457 λειωτῇ
670 2388 926 2438 τοσοῦτον
988 2382 1221 2459 ἐναργής
1275 2404 1333 2437 τε
1362 2384 1449 2438 καὶ
1480 2385 1777 2459 γνώριμος,
1810 2384 1948 2440 ὥστε

300 2470 439 2543 μηδὲ
497 2475 610 2545 (43)
667 2478 957 2547 κατασχεῖν
1016 2470 1301 2543 δυνηθῆναι
1342 2474 1403 2527 τὸ
1440 2476 1759 2546 μυστήῃιον,
1803 2472 1949 2529 ἀλλὰ

294 2564 382 2615 καὶ
427 2559 668 2632 δημοσίᾳ
700 2561 855 2636 ῥῆξαι
888 2562 1099 2637 φωνὴν,
1141 2561 1222 2616 ὅτι
1253 2563 1344 2616 τὸν
1379 2562 1568 2617 ἑαυτοῦ
1624 2565 1734 2636 (44)
1767 2561 1948 2618 διάδο-

304 2671 403 2726 χον
434 2654 512 2720 τῷ
537 2649 800 2721 πνεύματι
832 2649 1093 2724 χρίσειεν.

2058 628 2270 681 aquam
2324 619 2379 667 et
2422 613 2706 683 Spiritum
2769 613 3040 677 efficitur,
3097 614 3220 682 ipse
3286 614 3532 680 accedit,
3614 629 3713 683 per

2057 716 2235 770 quam
2270 702 2653 772 hominis,qui
2690 702 3015 757 secundum
3046 702 3344 756 Christum
3378 703 3708 771 est,forma-

2055 788 2274 844 tionem
2326 796 2383 844 et
2432 791 2869 862 perfectionem,
2921 791 3255 861 terrenique
3308 790 3379 845 ad
3431 791 3705 860 spiritum

2060 878 2527 933 immutationem
2560 888 2616 934 et
2650 880 3003 934 relictionem
3054 880 3167 933 Deo
3216 880 3568 933 confitemur
3600 896 3612 933 :
3647 884 3706 933 et

2056 968 2294 1036 quidem
2328 983 2458 1022 cum
2492 968 2719 1022 ardenti
2747 968 3035 1022 desiderio
3076 972 3131 1021 et
3166 967 3476 1037 splendida
3506 984 3607 1038 ape
3634 968 3705 1022 ad

2056 1056 2347 1110 lavacrum
2402 1056 2646 1118 accedit,
2693 1072 2823 1110 cum
2875 1072 2936 1109 se
2982 1073 3084 1125 pro
3135 1057 3354 1109 viribus
3387 1057 3510 1110 suis
3547 1058 3707 1127 prius

2057 1150 2386 1214 purgasset,
2421 1151 2597 1214 atque
2624 1149 2751 1197 tum
2784 1145 3000 1203 animo.
3047 1151 3171 1197 tum
3222 1160 3482 1214 corpore,
3519 1150 3704 1199 multo

2056 1232 2264 1302 magis,
2300 1248 2476 1302 quam
2511 1232 2608 1302 qui
2640 1232 2778 1286 olim
2811 1249 2844 1286 a
2876 1232 3073 1303 Moyse
3123 1232 3353 1286 tabulas
3405 1232 3700 1303 accepturi

2055 1327 2223 1375 erant
2253 1320 2852 1391 “,puriﬁcassetJllis
2882 1323 3035 1375 enim
3070 1337 3183 1374 non
3216 1321 3369 1374 ultra
3398 1326 3706 1385 vestem,et

2055 1410 2326 1481 exiguam
2359 1410 2573 1464 ventris
2605 1410 3199 1480 compressionem,ac
3234 1410 3462 1463 brevem
3497 1427 3703 1480 quam-

2056 1500 2191 1553 dam
2224 1499 2481 1568 corporis
2523 1499 2927 1552 castimoniam
2983 1499 3309 1568 puriticatio
3359 1515 3487 1552 sese
3519 1502 3703 1568 porri-

2056 1590 2265 1659 gebat:
2303 1588 2411 1657 ipsi
2444 1595 2639 1641 autem
2675 1590 2744 1642 ad
2780 1588 3035 1641 divinam
3068 1586 3562 1642 illuminationem
3599 1605 3699 1641 su—

2055 1675 2249 1745 perior
2273 1676 2466 1730 omnis
2496 1676 2615 1730 vita
2647 1674 2988 1746 prmparatio
3020 1676 3287 1746 quedam
3313 1681 3456 1739 erat,
3488 1682 3543 1730 et
3575 1686 3707 1730 ante

2057 1765 2467 1835 purgationem
2501 1764 2788 1835 purgatio,
2816 1779 2941 1833 quas
2975 1765 3194 1818 donum
3217 1763 3277 1817 in
3302 1769 3426 1817 tuto
3445 1770 3706 1833 poneret,

2059 1858 2123 1907 ut
2152 1853 2424 1923 perfectio
2458 1852 2696 1922 puritati
2729 1851 3562 1923 committeretur,bonumque
3596 1854 3703 1905 mi-

2058 1941 2213 1995 nime
2244 1941 2671 2011 periclitaretur
2700 1941 2758 1994 in
2809 1941 3033 2005 habitu,
3085 1942 3183 2010 qui
3236 1942 3436 2011 gratiae
3488 1943 3705 1995 auxilio

2057 2029 2409 2099 praasideret.
2446 2031 2644 2101 Ipsum
2670 2036 2867 2084 autem
2898 2045 2966 2083 ex
2996 2045 3149 2099 aqua
3178 2045 3479 2101 egressum
3502 2030 3699 2083 lumen

2056 2120 2486 2191 circumt‘ulget,
2518 2125 2575 2174 et
2605 2118 2789 2191 gloria
2832 2119 2940 2173 hac
2980 2119 3160 2173 animi
3212 2118 3533 2185 aﬂ‘ectione,
3569 2135 3702 2173 cum

2058 2226 2171 2281 que
2192 2210 2261 2264 ad
2282 2211 2411 2265 fidei
2438 2210 2685 2280 gratiam
2711 2209 3167 2279 accessit,digna
3198 2226 3210 2263 :
3246 2209 3549 2263 nonnullis
3573 2211 3701 2280 qui-

2062 2300 2194 2353 dem
2228 2298 2403 2353 etiam
2455 2298 2586 2353 aliis
2634 2298 2972 2369 conspicua,
3023 2298 3120 2368 qui
3174 2303 3300 2352 tum
3351 2298 3704 2353 miraculum

2062 2387 2203 2441 illud
2233 2389 2387 2458 apud
2421 2404 2481 2441 se
2531 2388 2929 2454 continebant,
2982 2387 3199 2441 idcirco
3248 2387 3552 2441 enuntiare
3600 2388 3708 2439 mi-

2061 2476 2218 2530 nime
2248 2478 2548 2539 audentes,
2599 2478 2752 2547 quod
2800 2477 3210 2546 unusquisque
3241 2477 3524 2531 visionem
3557 2476 3709 2530 hanc

2063 2565 2173 2620 sibi
2209 2566 2491 2619 duntaxat
2512 2565 2827 2636 contigisse
2857 2564 3319 2635 crederet,paulo
3353 2568 3483 2634 post
3513 2572 3711 2618 autem

2064 2654 2207 2708 illud
2242 2654 2397 2708 inter
2428 2670 2489 2708 se
2521 2653 2984 2708 disseminarunt
3014 2669 3027 2707 :
3062 2659 3123 2707 at
3152 2652 3340 2723 ei,qui
3374 2653 3711 2723 baptizabat

300 2748 356 2795 et
387 2739 673 2805 initiabat,
705 2740 847 2795 adeo
878 2739 1035 2796 clara
1067 2747 1120 2796 et
1153 2741 1404 2813 cognita,
1439 2746 1501 2796 ut
1533 2759 1601 2796 ne
1636 2744 1977 2815 mysterium
2014 2745 2249 2814 quidem
2284 2748 2513 2814 pectore
2549 2742 2815 2797 clausum
2850 2748 3045 2797 tenere
3079 2741 3349 2811 potuerit,
3382 2742 3483 2796 sed
3516 2742 3709 2811 palam

302 2830 637 2884 clamaverit
666 2846 728 2883 se
759 2847 1156 2885 successorem
1185 2848 1357 2884 suum
1392 2831 1600 2902 spiritu
1638 2833 1895 2887 unxisse.

378 2918 472 2971 IA'.
521 2915 616 2969 Καὶ
665 2919 831 2969 τοῦτο
884 2913 1060 2977 οὐδεὶς
1106 2917 1419 2986 ἀπιστήσειε
1468 2921 1570 2970 τῶν
1628 2917 1943 2987 ἀκηκοότων

301 3025 359 3058 τε
406 3003 495 3057 καὶ
549 3004 983 3078 γιγνωσκόντων,
1045 3003 1128 3059 ὅτι
1174 3011 1410 3073 Μωϋσῆς
1449 3008 1560 3078 (45)
1597 3008 1688 3079 μὲν
1719 3004 1797 3060 ἔτι
1858 3029 1950 3079 μι-

2130 2920 2274 2974 XlV.
2311 2924 2425 2975 Nec
2454 2936 2585 2975 vero
2617 2919 2910 2991 quispiam
2945 2918 3078 2973 huic
3110 2918 3189 2974 rei
3226 2919 3398 2973 tidem
3434 2917 3711 2972 adhibere

2059 3009 2484 3075 detrectaverit,
2529 3010 2627 3080 qui
2672 3008 2881 3063 adierit
2923 3014 2980 3063 et
3028 3008 3269 3071 noverit,
3321 3007 3705 3077 quemadmo-

303 3092 431 3167 κρὸς
461 3088 532 3145 ὧν
564 3098 679 3154 τοῖς
712 3092 971 3159 πολλοῖς,
1003 3094 1090 3147 καὶ
1128 3090 1279 3147 οὔπω
1331 3092 1495 3169 λόγου
1526 3096 1672 3156 τινὸς
1702 3096 1949 3168 ἀξιούμε-

2065 3099 2203 3152 dum
2240 3099 2623 3169 Moyses,cum
2657 3097 2811 3168 apud
2838 3096 3055 3151 multos
3079 3095 3271 3150 adhuc
3298 3112 3511 3166 parvus
3528 3099 3705 3164 esset,

303 3204 415 3252 νος,
450 3180 507 3235 ἐκ
534 3188 633 3250 τῆς
683 3182 845 3256 βάτου
893 3182 1160 3250 καλεῖται,
1212 3182 1507 3254 καιομένης
1545 3183 1662 3255 μὲν,
1696 3184 1791 3238 οὐκ
1822 3184 1950 3239 ἀνα-

306 3268 636 3343 λισκομένης
687 3268 764 3341 δὲ,
821 3269 1033 3343 μᾶλλον
1083 3268 1138 3325 δὲ
1182 3275 1279 3325 τοῦ
1310 3270 1361 3325 ἐν
1393 3276 1461 3345 τῇ
1498 3272 1647 3346 βάτῳ
1690 3279 1950 3349 φανταζο-

307 3362 488 3429 μένου,
548 3360 635 3413 καὶ
693 3364 976 3413 πιστοῦται
1034 3363 1111 3431 τῷ
1166 3360 1368 3435 πρώτῷ
1425 3360 1678 3434 θαύματι.
1714 3368 1950 3430 Μωϋσης

303 3446 524 3515 ἐκεῖνος,
586 3449 631 3519 ᾧ
683 3445 924 3502 θάλασσα
981 3446 1257 3520 τέμνεται,
1315 3449 1403 3502 καὶ
1437 3450 1595 3525 ἄρτος
1650 3449 1820 3517 ὕεται,
1860 3450 1949 3504 καὶ

300 3538 469 3609 πέτρα
515 3538 771 3611 πηγάζει,
827 3536 916 3591 καὶ
970 3536 1166 3599 στύλος
1225 3536 1394 3612 πυρὸς
1439 3539 1527 3592 καὶ
1555 3538 1784 3615 νεφέλης
1818 3537 1950 3610 ὁδη-

298 3630 473 3700 γοῦσι,
509 3632 620 3697 μετ’
652 3624 916 3696 αλλήλων
957 3626 1238 3698 ἱστάμενοι
1272 3630 1403 3701 (46),
1462 3628 1549 3681 καὶ
1600 3633 1802 3703 χειρῶν
1864 3624 1949 3682 ἕκ-

298 3735 450 3775 τασις
501 3713 760 3789 τρόπαιον
816 3712 1023 3785 ἵστησι,
1082 3718 1171 3770 καὶ
1229 3722 1351 3784 νικᾷ
1408 3715 1621 3778 πολλὰς
1665 3715 1948 3792 μυριάδας,

298 3804 387 3856 τὸν
448 3803 673 3875 σταυρὸν
728 3804 1159 3876 σχηματίζουσα.
1213 3803 1426 3864 Ἠσαίας
1464 3803 1538 3875 δὲ,
1584 3806 1609 3857 ὁ
1641 3813 1740 3873 τῆς
1792 3802 1951 3875 δόξης

302 3891 389 3945 καὶ
462 3895 571 3945 τῶν
646 3891 883 3967 σεραφὶμ
949 3893 1164 3960 θεατὴς,
1223 3893 1311 3945 καὶ
1373 3898 1482 3963 μετ¹
1539 3893 1738 3947 ἐκεῖνον
1790 3896 1946 3967 Ἱερε-

302 3980 449 4051 μίας,
470 3981 497 4032 ὁ
529 3980 626 4047 τὴν
678 3976 919 4052 μεγάλην
965 3981 1081 4034 κατ’
1112 3980 1273 4033 ἐθνῶν
1303 3980 1391 4034 καὶ
1426 3981 1691 4053 βασιλέων
1726 4003 1946 4036 πιστευ-

302 4068 410 4128 θεὶς
471 4066 719 4139 δύναμιν·
778 4068 804 4121 6
864 4068 957 4139 μὲν
1016 4068 1196 4123 ἀκούει
1246 4069 1389 4131 θείας
1445 4077 1652 4146 φωνῆς,
1703 4071 1789 4124 καὶ
1849 4078 1946 4139 τῆς

302 4155 634 4231 προφητείας
692 4159 770 4225 τῷ
826 4154 1048 4231 ἄνθρακι
1118 4156 1568 4232 προκαθαίρεται·
1641 4161 1668 4213 6
1730 4156 1785 4213 δὲ
1840 4160 1947 4234 πρὸ

301 4247 399 4312 τῆς
457 4246 570 4317 (47)
629 4241 968 4306 διαπλάσεως
1018 4247 1365 4321 γιγώσκεται,
1422 4248 1509 4301 καὶ
1582 4249 1687 4323 πρὸ
1755 4250 1944 4323 γεννή-

303 4354 439 4393 σεως
484 4331 779 4405 ἁγιάζεται.
832 4333 1046 4395 Παῦλος
1095 4333 1152 4389 δὲ
1200 4332 1437 4405 διώκτης
1470 4334 1541 4389 ὥν
1573 4335 1670 4404 ἔτι,
1704 4337 1731 4390 ὀ
1787 4336 1948 4413 μέγας

300 4428 398 4489 τῆς
460 4419 713 4488 ἀληθείας
771 4421 962 4496 κῆρυξ,
1015 4424 1042 4477 6
1088 4428 1195 4478 τῶν
1228 4424 1389 4479 ἐθνῶν
1420 4423 1471 4479 ἐν
1494 4424 1673 4480 πίστει
1705 4423 1950 4480 διδάσκα-

971 4567 1016 4601 ⁴⁵
1044 4567 1220 4624 Exod.
1254 4586 1338 4638 ιιι,
1374 4570 1423 4623 4.

1040 4639 1082 4675 ³¹
1117 4640 1226 4696 Isa.
1261 4657 1337 4708 v1,
1379 4646 1422 4697 ι.

372 4566 417 4599 “
446 4564 622 4619 Exod.
657 4581 773 4632 x1x,
810 4566 895 4620 10.

299 4638 344 4671 ⁸ο
376 4637 549 4691 Exod.
582 4653 722 4703 xvu,
755 4638 843 4705 11,
876 4638 961 4693 47.
1040 4639 1082 4675 ³¹
1117 4640 1226 4696 Isa.
1261 4637 1337 4708 v1,
1379 4646 1422 4697 1.
1501 4642 1545 4676 ⁵²
1572 4642 1784 4698 Jerem.
1820 4659 1858 4711 ι,
1883 4637 1981 4697 ’10.

514 4780 892 4858 ῌροκαθήρας.
927 4782 1021 4858 Or.
1057 4783 1107 4847 1,
1139 4781 1503 4858 προκαθάρας.

376 4848 486 4923 (38⁷)
524 4848 811 4923 Μωυσέως.
849 4856 938 4923 0r.
979 4855 1027 4923 1,
1059 4848 1315 4923 Μωσέως.

377 4921 615 5000 (3ῼ)Καὶ
647 4921 967 5000 σωφροσύνη
1005 4921 1096 5000 ,τις
1126 4922 1363 5000 σχέδιος.
1404 4947 1431 4979 ε
1462 4926 1652 5000 Brevis
1685 4929 1952 4996 quendam

303 4994 459 5069 et‘ad
492 4994 820 5069 tempus'ab
854 4996 1133 5052 uxoribus
1162 4994 1543 5053 continentia.
1575 5020 1602 5048 »
1630 4994 1762 5069 Aut,
1803 5006 1865 5055 ut
1892 5000 1951 5055 in

308 5066 449 5124 Elia,
489 5082 509 5110 ι
545 5067 803 5121 castitas.
844 5089 870 5116 ››

379 5135 490 5211 (40)
522 5134 961 5211 Ἀσφαλιζομὲνη
996 5138 1091 5206 τὴν
1126 5134 1562 5210 δωρεάνΒίΗίυε
1598 5158 1610 5195 :
1639 5162 1666 5191 «
1701 5141 1950 5197 ﬁrmita-

307 5214 424 5261 tem
461 5208 612 5261 dono
633 5208 910 5264 efferens.
945 5230 971 5258 ››

377 5278 486 5348 (41)
519 5278 665 5331 Μετὰ
709 5280 807 5354 τῆς
865 5278 1115 5354 χάριτος.
1176 5281 1389 5354 Dillius
1443 5282 1603 5353 legit,
1659 5283 1794 5336 κατὰ
1851 5290 1952 5351 τῆς

305 5350 551 5427 χάριτος,
574 5358 641 5427 _et
670 5350 924 5427 γει-ϋηο
946 5350 1011 5427 in
1042 5352 1475 5427 animiphabitu
1502 5350 1788 5410 adversus
1818 5350 1949 5427 gra-

305 5424 445 5496 tiam
478 5423 704 5477 audaci.
744 5444 770 5472 η
804 5424 898 5496 Sic
927 5425 1102 5479 etiam
1139 5425 1353 5496 legitur
1382 5426 1439 5479 in
1467 5426 1596 5481 Bas.
1631 5427 1744 5489 ed.,
1770 5423 1864 5483 Or.
1900 5430 1950 5495 1,

299 5492 551 5563 aliisque
585 5494 887 5549 nonnullis
907 5492 1416 5551 codicibus'.Nobis
1439 5501 1635 5552 tamen
1650 5492 1955 5555 retinenda

296 5564 527 5643 videtur
555 5565 746 5636 lectio,
781 5583 908 5643 quas
953 5568 1161 5643 habet,
1217 5565 1275 5643 _tv
1334 5564 1434 5643 ἔξει
1491 5566 1758 5643 τολμῴσῃ
1818 5570 1954 5643 μετᾶ

294 5639 399 5720 ’τεῆς
430 5634 679 5720 χάριτος,
721 5634 743 5686 ἀ
874 5638 1097 5720 habitu;
1131 5634 1463 5720 qui_gra_tia2
1508 5634 1952 5720 auxilio'praesi-

298 5707 482 5762 deret.
510 5707 538 5757 5)
570 5707 711 5772 Quis
742 5709 901 5765 enim
933 5708 1031 5766 ille
1059 5707 1206 5766 est—tt
1240 5707 1476 5767 habitus
1506 5707 1788 5771 adversus
1819 5731 1952 5789 grta.

589 5836 856 5902 Ριιηιοι..
888 5839 999 5901 Gn.
1044 5836 1283 5903 XXXV.

1502 4571 1544 4605 ‘5
1575 4571 1750 4626 Exod.
1780 4587 1894 4639 x1v,
1918 4571 2007 4625 22.

2061 3203 2165 3242 nec
2197 3186 2351 3258 vulgi
2372 3186 2591 3253 judicio
2625 3184 2745 3240 ulla
2766 3184 2919 3239 fama
2949 3185 3404 3249 celebraretur,e
3437 3186 3579 3239 rubo
3605 3185 3706 3255 qui

2060 3276 2301 3331 ardebat
2332 3276 2589 3346 quidem,
2624 3276 2723 3329 sed
2756 3292 2870 3329 non
2904 3275 3317 3329 assumebatur
3345 3274 3410 3337 ‘5,
3435 3272 3519 3328 vel
3549 3275 3619 3327 ab
3643 3290 3709 3329 eo

2062 3365 2277 3435 potius,
2311 3364 2409 3435 qui
2443 3364 2498 3417 in
2534 3368 2678 3419 rubo
2713 3365 3048 3434 apparebat,
3064 3368 3302 3417 vocatus
3328 3363 3497 3431 sit,ac
3522 3363 3708 3433 primo

2059 3454 2158 3508 illo
2194 3453 2473 3508 miraculo
2505 3453 2885 3507 confirmatus
2919 3469 2931 3506 :
2968 3452 3214 3523 Moyses,
3270 3451 3537 3521 inquam,
3590 3452 3709 3519 ille,

2062 3544 2152 3598 cui
2191 3558 2344 3596 mare
2378 3541 2666 3597 scinditur
2702 3542 2765 3606 ⁸⁸,
2824 3540 2989 3609 panis
3042 3539 3191 3611 pluit
3219 3540 3282 3604 ⁸⁷,
3320 3545 3481 3609 petra
3516 3546 3708 3593 scatu-

2061 3634 2135 3686 rit
2163 3632 2227 3699 ιδ,
2262 3631 2321 3703 ig
2352 3633 2415 3686 is
2447 3639 2503 3685 et
2525 3630 2698 3684 nubis
2731 3631 3004 3684 columna
3032 3629 3273 3684 alternis
3299 3628 3523 3683 vicibus
3555 3635 3711 3682 stan-

2060 3726 2148 3776 tes
2173 3722 2236 3788 ‘9,
2271 3721 2379 3774 iter
2408 3722 2881 3790 praemonstrant,
2917 3722 2974 3771 et
3010 3733 3293 3771 manuum
3346 3717 3606 3771 extensio
3638 3718 3704 3783 ⁵ο,

2061 3826 2286 3863 cracem
2339 3808 2723 3871 adumbrans,
2769 3813 3050 3875 tropaeum
3105 3806 3330 3867 statuit,
3390 3821 3456 3859 ac
3516 3804 3704 3860 multa

2066 3897 2373 3952 hominum
2407 3894 2592 3949 millia
2605 3912 2672 3949 su
2684 3898 2864 3964 perat.
2878 3893 3053 3948 Isaias
3071 3910 3140 3948 au
3152 3898 3264 3947 tem
3279 3893 3691 3965 ,ille,inquam,

2058 3984 2253 4055 gloriae
2285 3990 2341 4038 et
2366 3983 2814 4054 seraphinorum
2850 3986 3144 4051 spectator
3173 3982 3249 4047 δίς
3303 3997 3367 4035 ac
3398 3987 3531 4052 post
3560 3998 3693 4037 eum

2055 4072 2362 4136 Jeremias,
2414 4071 2512 4141 qui
2563 4072 2718 4125 840
2760 4085 3033 4141 magnam
3085 4070 3364 4125 adversus
3412 4075 3613 4141 gentes
3644 4077 3697 4125 et

2057 4178 2219 4233 reges
2270 4161 2583 4231 potentiam
2638 4159 2858 4229 accepit
2886 4159 2968 4225 ⁶²;
3001 4157 3145 4213 alter
3197 4160 3458 4213 divinam
3497 4175 3695 4213 vocem

2058 4250 2242 4316 audit,
2279 4254 2451 4319 atque
2491 4249 2833 4320 priusquam
2886 4247 3200 4318 prophetiae
3251 4264 3467 4302 munus
3507 4249 3697 4312 obeat,

2058 4355 2161 4409 per
2189 4338 2499 4393 carbonem
2534 4341 2818 4409 purgatur
2845 4337 2891 4369 ⁵³
2916 4353 2928 4402 ;
2962 4336 3106 4389 alter
3135 4341 3268 4391 ante
3295 4337 3701 4391 formationem

2058 4426 2449 4499 cognoscitur,
2482 4432 2539 4480 et
2568 4431 2701 4481 ante
2733 4429 2925 4480 ortum
2967 4424 3365 4479 sanctiﬁcatur
3390 4426 3452 4479 5‘.
3486 4424 3703 4480 Paulus

2086 4571 2127 4604 ‘7
2159 4568 2336 4624 Exod.
2369 4584 2483 4637 xv1,
2508 4568 2559 4622 4.
2638 4567 2680 4600 ⁴⁸
2712 4566 2885 4621 Exod.
2920 4583 3055 4635 xvu,
3078 4567 3131 4621 6.
3209 4568 3254 4602 ⁴⁹
3286 4566 3457 4623 Exod.
3491 4583 3615 4633 xm,
3646 4570 3700 4621 2.

2058 4641 2102 4675 ⁵³
2136 4645 2243 4696 lsa.
2278 4657 2354 4710 v1,
2384 4641 2438 4694 6.
2516 4639 2561 4673 5"
2592 4639 2704 4693 Jer.
2740 4656 2779 4710 ι,
2809 4639 2862 4693 5.

2060 4786 2201 4839 tiam
2232 4784 2441 4848 audax,
2476 4805 2503 4832 »ι
2536 4782 2594 4837 in
2619 4799 2734 4854 quo
2768 4804 2796 4833 ‹‹
2829 4784 3115 4852 bonum,»
3147 4784 3203 4837 id
3231 4786 3338 4849 est,
3364 4805 3391 4832 «
3426 4781 3704 4851 baptismi

2063 4857 2391 4929 gratia,non
2426 4854 2828 4929 periclitetur?
2861 4876 2887 4904 »

2121 4924 2561 5052 (ιεηωιξυτῇ.
2617 4926 2709 4981 Sic
2770 4927 2905 4998 Reg.
2970 4925 3090 4980 bm.
3151 4931 3208 4980 et
3264 4924 3359 4980 Or.
3408 4926 3454 4979 1.
3491 4926 3550 4979 In
3585 4926 3704 4993 ed.,

2161 5018 2332 5052 ειοτη.

2060 5018 2332 5061 τελειοτῃ.

2135 5071 2245 5141 (43)
2278 5056 2428 5136 Μηδὲ
2466 5068 2658 5141 _Regg.
2698 5083 2749 5133 a,
2783 5067 3041 5141 bm,_0r.i
3071 5068 3117 5135 l,
3155 5067 3311 5138 μήτε.

2134 5138 2246 5211 (44)
2277 5141 2394 5195 Ὀτι
2426 5138 2517 5191 τὸν
2552 5138 2762 5204 ἑαυτοῦ,
2795 5139 3144 5203 etc.Billius,
3168 5162 3193 5188 ‹‹
3230 5139 3329 5194 sed
3361 5155 3494 5193 eum
3530 5154 3706 5211 quem

2063 5210 2572 5292 innungebat,sibi
2608 5212 2663 5263 in
2696 5214 3036 5290 episcopatu
3069 5227 3480 5266 successurum
3516 5210 3708 5282 palam

2063 5302 2129 5339 ac
2164 5284 2391 5353 publice
2423 5282 2779 5336 clamaverit.
2819 5304 2846 5330 ››
3318 5352 3346 5362 ~

2134 5356 2243 5425 (45)
2272 5358 2528 5425 Morinis.
2567 5353 2702 5425 Beg.
2728 5354 2859 5425 b_m,_
2882 5358 2936 5407 et
2967 5352 3061 5420 Or,
3177 5356 3394 5425 Μωσης.

2159 5420 2245 5497 46)
2277 5431 2400 5479 Μετ’
2429 5420 2693 5497 ἀλλήλιῶ
2728 5422 3042 5497 γίστάμενοι.
3101 5424 3226 5478 Haec
3276 5423 3348 5477 ab
3396 5422 3713 5497 interprete

2062 5495 2301 5554 omissa.
2339 5520 2367 5548 ‹‹
2399 5496 2655 5550 Alternis
2688 5496 2913 5551 vicibus
2945 5502 3189 5561 stantes,
3223 5514 3251 5546 ιι
3282 5498 3337 5550 id
3369 5501 3478 5566 est,
3510 5517 3535 5544 ‹‹
3571 5495 3709 5550 alte-

2062 5587 2127 5625 ra
2158 5570 2213 5626 in
2252 5585 2425 5625 usum
2458 5567 2592 5633 diei,
2628 5565 2811 5622 altera
2843 5566 2900 5620 in
2938 5584 3111 5622 usum
3146 5566 3357 5634 noctis,
3390 5589 3418 5617 »

2133 5643 2253 5715 (47)
2282 5645 2414 5711 Τῆς.
2445 5639 2539 5696 Sic
2571 5638 2710 5712 Reg.
2748 5639 2866 5707 bm,
2898 5638 3072 5696 Deest
3099 5638 3159 5694 in
3192 5639 3284 5697 ed.

3357 5838 3436 5901 32
