4094 6288
407 377 561 438 1003
1559 411 1564 414 -
1641 377 1706 434 S.
1754 373 2122 435 GREGOHII
2174 373 2566 434 THEOLOGI
3650 387 3797 450 4004

399 511 596 581 etiam,
625 527 894 580 magnus,
944 510 1209 581 inquam,
1269 508 1365 563 ille
1421 507 1681 563 veritatis
1741 523 2007 579 przeco,t

2120 567 2125 573 _
2159 503 2276 566 λος.
2308 505 2397 559 καὶ
2432 507 2567 583 φωτῖ
2598 507 3022 581 περιλαμπεται,
3055 510 3144 564 καί
3172 512 3424 586 γνωρίζει
3469 517 3559 570 τὸν
3611 515 3797 574 διωκό-

397 601 662 671 gentium
693 599 750 654 in
786 599 899 672 ﬁde
947 599 1249 670 magister,
1302 615 1432 653 cum
1486 597 1678 652 adhuc
1718 603 2007 667 persecutc

2160 615 2340 666 μενον,
2373 594 2459 648 καὶ
2481 597 2580 663 τήν
2608 596 2854 670 μεγάλην
2891 595 3162 652 διακονίαν
3193 602 3521 671 πιστεύεται,
3552 607 3642 660 καὶ
3665 607 3797 678 πλη-

392 693 567 760 esset,
599 688 823 744 lumine
844 688 1341 744 circumfunditur
1370 687 1894 757 “,eumque,quem
1922 701 2007 755 pel

2155 688 2244 756 ροῖ
2271 681 2366 736 τοῦ
2397 683 2731 758 Εύαγγελίου
2762 692 2931 740 πᾶσαν
2965 687 3132 756 ἀκοὴν
3166 690 3255 742 καὶ
3290 687 3547 748 διάνοιαν.

391 778 766 848 sequebatur,
801 777 1118 849 cognoscit,
1150 792 1543 847 magnumque
1575 775 1969 829 ministerium
2001 772 2114 828 sibi
2145 773 2428 828 creditum
2479 775 2748 846 suscipit,
2782 782 2957 848 atque
2988 779 3254 834 omnium
3282 798 3454 838 aures
3488 789 3544 838 et
3573 785 3796 844 animos

390 866 702 939 Evangelio
734 866 960 938 implet.

459 956 574 1011 XV.
607 957 754 1022 Quid
787 960 980 1011 autem
1034 972 1238 1011 omnes
1288 972 1386 1011 eos
1436 967 1778 1009 enumerare
1810 953 2037 1013 attinet,

387 1045 485 1115 qui
523 1062 555 1100 a
585 1045 700 1101 Deo
732 1046 994 1100 advocati
1027 1049 1186 1109 sunt,
1236 1044 1570 1114 talibusque
1617 1041 1916 1097 miraculis
1943 1059 2035 1096 as-

387 1133 508 1200 citi,
541 1132 817 1206 qualibus
849 1133 945 1189 ille
977 1133 1153 1188 etiam
1180 1133 1251 1187 ad
1284 1133 1416 1186 fidei
1441 1131 1714 1202 pietatem
1735 1131 2038 1184 conﬁrma-

385 1224 484 1278 tus
516 1221 648 1278 est?
675 1223 790 1278 Nec
825 1239 957 1278 vero
998 1221 1138 1277 talia
1177 1222 1442 1293 quidem,
1491 1225 1731 1290 tamque
1790 1218 2034 1274 incredi-

385 1310 530 1368 bilia
559 1317 615 1367 et
659 1311 1006 1367 admiranda
1047 1310 1214 1365 initia
1263 1311 1520 1380 fuerunt,
1570 1325 1673 1381 per
1719 1325 1786 1363 ea
1815 1312 2032 1373 autem,

389 1417 516 1473 quae
551 1405 753 1473 postea
783 1404 982 1456 secuta
1012 1404 1170 1465 sunt,
1207 1398 1429 1470 aliquid
1463 1414 1688 1463 eorum,
1723 1413 1848 1468 qua
1889 1413 2031 1468 prae-

387 1493 713 1555 cesserunt,
747 1490 956 1560 probro
1015 1493 1072 1544 et
1103 1489 1384 1543 dedecore
1414 1487 1623 1554 affecit,
1655 1487 2034 1557 quemadmo-

384 1577 528 1632 dum
559 1577 854 1649 quispiam
886 1575 1063 1642 exiis,
1095 1576 1195 1647 qui
1231 1575 1608 1631 hcnestarum
1642 1590 1835 1629 rerum
1869 1578 2029 1629 satu-

383 1665 616 1721 ritatem
649 1669 707 1720 et
737 1665 1035 1721 fastidium
1080 1664 1192 1719 cito
1240 1663 1600 1735 concipiunt,
1650 1679 1754 1718 nec
1784 1663 2030 1718 ulterius

2219 952 2318 1004 lE'.
2371 949 2429 1002 Τί
2480 948 2560 1004 δεῖ
2609 951 2810 1014 πάντας
2869 954 3282 1026 ἀπαριθμεῖσθαι
3341 955 3468 1018 τοὺς
3511 959 3614 1013 ὑπὸ
3666 968 3794 1018 Θεοῦ

2146 1037 2609 1112 προσκληθέντας,
2689 1042 2776 1094 καὶ
2833 1043 3104 1103 τοιούτοις
3159 1044 3531 1109 οἰκειωθὲντας
3591 1051 3794 1122 θαύμα-

2145 1146 2250 1194 σιν,
2309 1129 2390 1189 οἷς
2449 1132 2558 1198 (48)
2625 1129 2871 1192 κάκεῖνος
2947 1127 3249 1202 ἐϐεϐαιώθη
3310 1135 3444 1209 πρὸς
3501 1139 3600 1205 τήν
3651 1139 3793 1195 εὐσέ-

2145 1210 2332 1283 ϐειαν;
2395 1217 2491 1270 Κιοὶ
2533 1217 2595 1271 οὐ
2652 1221 2718 1272 τὰ
2780 1220 2873 1291 μὲν
2936 1225 3128 1295 πρῶτα
3181 1227 3424 1292 τοιαῦτα,
3477 1227 3567 1280 καὶ
3615 1227 3785 1291 οὕτως

2144 1305 2340 1359 ἄπιστα
2413 1306 2502 1360 καὶ
2571 1305 2864 1383 παράδοξα,
2926 1310 3236 1385 κατῄσχυνε
3293 1309 3351 1367 δὲ
3397 1335 3451 1367 τι
3505 1320 3611 1368 τῶν
3663 1339 3790 1393 προ-

2143 1396 2509 1469 ϋπηργμένων
2567 1402 2685 1457 τοῖς
2736 1395 2979 1472 ὕστερον,
3015 1399 3091 1460 ὡς
3152 1399 3210 1454 ἂν
3266 1421 3349 1463 τις
3405 1408 3512 1457 τῶν
3564 1407 3793 1480 τάχιοτα

2140 1483 2301 1558 κόρον
2332 1488 2429 1537 τοῦ
2458 1482 2632 1539 καλοῦ
2665 1483 3076 1560 λαμϐανόντων,
3112 1491 3225 1543 εἶτα
3253 1495 3350 1543 τοῦ
3384 1492 3572 1567 πρόσω
3629 1516 3791 1550 κατα-

2142 1571 2505 1648 φρονούντων,
2573 1574 2608 1642 ἢ
2673 1574 2761 1628 καὶ
2823 1575 3124 1631 παντάπασι
3169 1579 3305 1653 πρὸς
3360 1581 3545 1635 κακίαν
3595 1582 3790 1638 παλιν-

2141 1656 2512 1734 δρομούντων·
2565 1661 2657 1716 οὖν
2720 1659 2829 1717 ἔστι
2888 1669 3048 1720 τοῦτο
3106 1665 3311 1720 εἰπεῖν’
3355 1668 3498 1724 ἀλλὰ
3544 1672 3634 1725 καὶ
3667 1671 3787 1728 λίαν

381 1754 655 1828 progredi
685 1758 914 1819 curant,
936 1753 1024 1808 vel
1058 1754 1231 1808 etiam
1265 1754 1335 1807 ad
1368 1753 1574 1807 vitium
1607 1752 1846 1808 omnino
1878 1752 2007 1807 rela‘

2135 1754 2326 1823 εαυτοῦ
2383 1756 2473 1804 καὶ
2529 1756 2636 1804 τῶν
2692 1752 3109 1830 προειληφότων
3167 1753 3372 1830 ἔχεται,
3434 1757 3570 1814 ὣστε
3609 1760 3790 1838 ἀμφό-

379 1844 624 1900 buntur.
654 1843 801 1912 Non,
826 1843 1094 1914 inquam,
1127 1842 1236 1897 hoc
1286 1842 1563 1912 cuiquam
1612 1841 1800 1896 dicere
1848 1840 2020 1906 licet;

376 1949 605 2000 verum,
635 1937 693 1989 et
714 1931 826 1988 sibi
851 1932 1171 1987 admodum
1218 1930 1497 1996 constitit,
1549 1935 1605 1985 et
1635 1929 1899 2000 pristinis
1929 1946 2020 1984 ve-

378 2022 570 2094 stigiis
591 2021 776 2088 haesit,
811 2021 953 2076 adeo
987 2024 1051 2075 ut
1080 2021 1230 2074 inter
1260 2035 1321 2075 se
1353 2025 1596 2088 utraque
1621 2018 1860 2089 pulchre
1885 2034 2020 2072 con-

372 2113 656 2176 venirent,
689 2127 897 2180 nempe
930 2114 987 2165 et
1015 2127 1102 2176 ea,
1135 2125 1262 2180 quae
1295 2108 1689 2164 sacerdotium
1715 2123 2017 2178 praecesse-

373 2205 531 2268 rant,
560 2216 692 2256 cum
726 2199 840 2266 bis,
866 2216 995 2270 quae
1024 2199 1082 2253 in
1115 2199 1440 2275 sacerdotio
1474 2205 1624 2252 recte
1655 2214 1721 2251 ac
1751 2195 2020 2267 praeclare

372 2291 574 2362 gessit,
602 2294 659 2344 et
687 2305 754 2345 ea
783 2305 908 2360 quis
942 2293 1072 2359 post
1114 2293 1454 2358 susceptum
1506 2286 1898 2341 sacerdotium
1928 2301 2019 2339 se-

375 2383 510 2435 cuta
539 2383 698 2446 sunt,
732 2395 865 2433 cum
897 2377 990 2445 iis,
1035 2393 1160 2448 quae
1207 2380 1625 2443 praecesserant
1658 2393 1670 2429 :
1706 2391 1809 2428 nec
1854 2373 2020 2428 aliter

373 2467 631 2540 incipere
663 2467 886 2533 doceat,
935 2482 1112 2537 quam
1167 2465 1460 2536 quomodo
1507 2465 1630 2534 ipse
1675 2462 1880 2528 ﬁnivit,
1914 2478 2018 2517 nec

373 2572 582 2611 rursus
629 2555 689 2610 in
737 2553 916 2608 alium
966 2554 1142 2608 ﬁnem
1190 2551 1480 2624 progredi,
1534 2567 1710 2621 quam
1769 2551 1923 2606 unde
1969 2551 2017 2605 is

371 2643 673 2702 exordium
708 2641 1375 2697 duxerat.Sacerdotium
1400 2645 1594 2695 autem
1625 2639 2015 2710 suscipit,non

369 2752 436 2793 ea
466 2735 741 2791 facilitate
772 2751 837 2790 ac
881 2732 1242 2795 confusione,
1295 2749 1420 2804 quae
1475 2749 1630 2786 nunc
1678 2731 1852 2801 viget,
1913 2731 2013 2784 sed

366 2819 649 2882 nonnullo
681 2823 987 2893 interjecto
1020 2821 1303 2893 temporis
1353 2821 1561 2892 spatio,
1587 2837 1701 2891 quo
1735 2820 2012 2874 nimirum

2132 1858 2260 1913 τερα
2290 1840 2644 1914 συναρμόζειν
2678 1839 2974 1911 ἀλλήλοις,
3006 1843 3074 1897 τά
3101 1865 3158 1898 τε
3191 1846 3296 1920 πρὸ
3332 1853 3434 1915 τῆς
3461 1849 3786 1924 ,ἱερωσύνης

2131 1933 2246 1988 τοῖς
2308 1927 2511 1998 ἐκείνης
2564 1929 2774 1997 καλοῖς,
2827 1930 2916 1984 καὶ
2970 1931 3035 1985 τὰ
3080 1934 3194 2004 μετ’
3243 1934 3408 2004 αὐτὴν
3440 1943 3557 1999 τοῖς
3587 1940 3787 2014 πρότε-

2134 2035 2245 2088 ρον³
2300 2017 2390 2070 καὶ
2446 2020 2583 2088 μήτε
2633 2017 2818 2078 ἄλλως
2865 2021 2979 2092 (49)
3037 2018 3288 2095 ἄρξασθαι
3342 2025 3565 2099 πρέπειν
3621 2028 3656 2096 ἢ
3707 2030 3783 2091 ὡς

2131 2103 2462 2175 ἐτελεύτησε,
2500 2108 2637 2177 μήτε
2668 2107 2742 2168 εἷς
2775 2106 2916 2162 ἄλλο
2946 2109 3234 2184 προελθεῖν
3287 2111 3450 2175 τέλος
3476 2114 3510 2182 ἢ
3544 2116 3606 2169 οὗ
3641 2137 3781 2188 προ-

2131 2195 2328 2267 ήρξατο
2388 2197 2520 2268 (50).
2584 2195 2893 2250 Πιστεύεται
2955 2197 3048 2270 μὲν
3101 2219 3160 2273 γε
3199 2202 3296 2269 την
3331 2202 3654 2277 ἱερωσύνην,
3715 2206 3782 2260 οὐ

2128 2284 2263 2336 κατὰ
2306 2285 2403 2351 τὴν
2454 2288 2542 2336 νῦν
2584 2283 2832 2338 εὐκολίαν
2868 2286 2956 2339 καὶ
2990 2287 3223 2356 ἀταξίαν,
3285 2289 3430 2345 ἀλλὰ
3487 2294 3679 2367 μικρόν
3729 2317 3782 2350 τι

2130 2369 2419 2437 διαλιπὼν,
2454 2367 2591 2426 ὥστε
2619 2377 2686 2445 τῇ
2718 2376 2972 2448 καθάρσει
3017 2380 3376 2449 προστεθῆναι
3429 2381 3518 2434 καὶ
3556 2383 3654 2450 τὴν
3681 2390 3780 2439 τοῦ

2126 2461 2394 2536 καθαίρειν
2427 2461 2709 2536 ἐμπειρίαν
2741 2463 2828 2516 καὶ
2861 2460 3111 2537 δύναμιν,
3146 2465 3311 2542 ὅσπερ
3343 2471 3453 2542 (51)
3487 2467 3552 2538 δὴ
3601 2472 3776 2544 νόμος

2125 2547 2447 2610 ἀκολουθίας
2477 2559 2874 2622 πνκυματικῆς.
2907 2553 3056 2607 Ἐπεὶ
3089 2551 3144 2608 δὲ
3177 2557 3503 2628 πιστεύεται,
3534 2558 3702 2615 πλέον
3735 2565 3771 2633 ἡ

2126 2640 2286 2714 χάρις
2321 2637 2616 2708 δοξάζεται,
2650 2638 2829 2715 ὣσπερ
2862 2636 3031 2703 ὅντως
3081 2648 3215 2697 Θεοῦ
3267 2645 3451 2720 ⁵λίάρις,
3500 2646 3622 2704 ἀλλ’
3681 2651 3782 2706 οὐκ

2124 2728 2449 2800 ἀνθρώπων,
2482 2727 2627 2800 οὐδὲ,
2660 2728 2688 2782 δ
2719 2751 2878 2805 φησιν
2914 2731 2941 2784 ὁ
2993 2730 3450 2803 Ἐκκλησιαστὴς,
3481 2737 3627 2812 ὁρμή
3691 2761 3777 2803 τις

2125 2817 2450 2890 αὐτόνομος,
2482 2818 2571 2871 καὶ
2604 2817 2913 2892 προαίρεσις
2943 2818 3248 2893 πνεύματος
3281 2826 3413 2897 (52).

368 2915 440 2970 ad
472 2913 564 2969 sui
595 2912 1004 2985 purgationem
1050 2909 1296 2965 aliorum
1329 2925 1561 2981 quoque
1614 2910 2055 2979 purgandorum
2106 2907 2372 2977 peritiam
2406 2915 2463 2963 et
2492 2908 2828 2963 facultatem
2875 2910 3238 2981 adjungeret,
3272 2917 3775 2984 quemadmodum

366 3002 634 3058 videlicet
663 2999 991 3073 spiritualis
1043 2999 1266 3055 ordinis
1319 2999 1408 3055 lex
1459 2998 1664 3070 poscit.
1699 2999 2016 3068 Postquam
2065 3000 2256 3052 autem
2311 2999 2587 3068 suscepit,
2619 2998 2809 3067 gratia
2857 2999 3045 3070 magis
3096 3001 3440 3070 celebratur,
3477 3009 3539 3059 ut
3569 3022 3773 3065 revera

366 3091 466 3147 Dei
497 3089 705 3162 gratia,
737 3106 853 3145 non
884 3093 1081 3144 autem
1109 3087 1440 3153 hominum,
1476 3103 1580 3142 nec
1613 3092 1694 3154 ut,
1728 3087 1881 3156 quod
1915 3085 1997 3140 ait
2027 3084 2423 3153 Ecclesiastes,
2454 3087 2709 3157 impetus
2741 3087 2981 3156 quidam
3014 3087 3264 3155 solutus,
3297 3095 3354 3145 et
3383 3096 3767 3167 praesumptio

365 3178 612 3250 spiritus
636 3177 700 3232 ‘°.

431 3267 577 3323 XVI.
609 3268 754 3323 Nam
785 3283 920 3322 cum
953 3265 1226 3322 silvosam
1258 3268 1315 3320 et
1347 3268 1636 3336 agrestem
1686 3263 2003 3318 Eccleriam
2035 3263 2077 3330 C

357 3356 700 3429 accepisset,
731 3372 849 3410 non
876 3354 1047 3426 longo
1080 3359 1213 3408 ante
1245 3357 1505 3423 tempore
1525 3351 1838 3423 episcopali
1863 3368 2003 3406 cura

355 3446 764 3518 gubernatam,
796 3445 896 3499 sed
929 3445 1000 3497 ab
1032 3459 1147 3497 uno
1178 3447 1407 3497 tantum
1439 3458 1507 3496 cx
1528 3441 1999 3496 antecessoribus

353 3534 479 3591 suis
508 3537 869 3600 exornatam,
905 3532 1145 3603 quique,
1184 3535 1245 3585 ut
1291 3529 1658 3585 admirandis
1690 3534 1864 3599 atque
1896 3546 1997 3583 an-

350 3623 550 3696 gelicis
579 3622 842 3678 moribus
871 3626 995 3675 erat
1025 3621 1323 3692 praditus,
1358 3620 1438 3673 ita
1470 3617 1809 3690 simplicior,
1842 3619 1991 3673 341

350 3729 528 3784 quam
562 3713 661 3785 qui
693 3728 850 3766 nunc
881 3708 1095 3781 pOpulo
1122 3707 1733 3780 praesunt,habebatur
1762 3725 1774 3773 ;
1807 3723 1872 3761 eo
1893 3723 1995 3760 au-

350 3806 470 3858 tem
499 3801 800 3857 celerrime
829 3799 887 3854 in
913 3797 1123 3853 coelum
1156 3804 1483 3868 assumpto,
1517 3797 1722 3867 perdiu
1756 3812 1995 3850 rursum

343 3891 693 3962 neglectam,
743 3895 798 3944 et
836 3890 908 3943 ob
954 3888 1186 3942 antistis
1240 3888 1497 3958 inopiam
1550 3885 1822 3957 squalore
1852 3885 1994 3940 atl'e-

343 3983 520 4047 ctam,
565 3983 740 4050 atque
770 3978 830 4032 in
863 3993 1068 4049 vepres
1101 3977 1418 4040 redactam,
1465 3975 1719 4046 primum
1752 3974 1991 4044 quidem

346 4068 565 4122 ferinos
596 4067 900 4123 hominum
930 4081 1122 4120 mores
1145 4064 1303 4119 haud
1327 4080 1539 4135 magno
1587 4063 1816 4134 negotio
1845 4063 1996 4116 miti-

347 4157 523 4229 gavit,
557 4163 682 4212 tum
718 4156 1028 4228 pastoralis
1060 4156 1205 4210 artis
1232 4156 1624 4220 sermonibus,
1657 4159 1783 4208 tum
1816 4153 1992 4208 etiam

344 4247 501 4318 quod
531 4263 612 4312 se,
644 4246 801 4301 velut
830 4244 1194 4317 spiritualem
1249 4244 1564 4313 quamdam
1614 4248 1870 4298 statuam
1919 4241 1992 4296 ad

343 4335 578 4407 optimas
591 4337 880 4406 cujusque
899 4332 1144 4388 actionis
1157 4330 1657 4402 pulchritudinem
1673 4331 1989 4402 expolitam

342 4426 414 4481 ad
446 4425 799 4480 imitandum
815 4420 1409 4494 proponeret.Deinde
1434 4421 1490 4474 in
1524 4437 1826 4475 sacrarum
1844 4420 1992 4474 litte-

340 4529 538 4568 rarum
572 4511 1213 4577 meditatione,summa
1244 4525 1375 4564 cum
1407 4510 1589 4564 animi
1621 4510 1990 4565 contentione

2187 3262 2287 3316 ΙΣ’.
2343 3256 2677 3336 Παραλαϐὼν
2734 3263 2834 3336 γὰρ
2893 3263 2989 3330 τὴν
3043 3264 3370 3334 Ἐκκλησίαν
3432 3265 3619 3338 ὑλώδη
3677 3271 3770 3325 καὶ

2113 3349 2631 3425 ἀπηγροικισμὲνην,
2683 3349 2743 3403 οὐ
2798 3350 3076 3426 πεῤῥωθεν
3140 3353 3233 3425 μὲν
3304 3353 3572 3430 ἰπισκοπῇ
3633 3379 3761 3413 ποι-

2114 3443 2423 3508 μανθεῖσαν,
2455 3437 2581 3492 ἀλλ’
2614 3439 2735 3493 ὅσον
2769 3439 2845 3493 ἐνὶ
2875 3443 2983 3493 τῶν
3017 3441 3120 3515 πρὸ
3170 3441 3335 3496 αὐτοῦ
3383 3452 3757 3516 κοσμηθῆναι,

2108 3527 2196 3580 καὶ
2233 3527 2415 3600 τούτῳ
2453 3529 2734 3600 θαυμασίῳ
2786 3529 2878 3599 μὲν
2929 3529 3017 3583 καὶ
3064 3529 3344 3605 ἀγγελικῷ
3389 3534 3480 3587 τὸν
3530 3535 3762 3610 τρόπον,

2110 3612 2466 3688 ἀπλουστέρῳ
2525 3613 2581 3669 δὲ
2691 3617 2825 3671 κατὰ
2870 3619 2996 3680 τοὺς
3046 3623 3137 3672 νῦν
3170 3625 3275 3673 τῶν
3310 3619 3453 3675 λαῶν
3515 3625 3762 3697 προστα-

2105 3723 2222 3765 τας*
2255 3704 2448 3758 τούτου
2480 3701 2536 3758 δὲ
2582 3704 2812 3779 τάχιστα
2867 3705 3329 3784 προσληφθέντος,
3380 3709 3615 3766 ἐπιπολὺ
3656 3715 3764 3767 πά-

2107 3791 2193 3847 λιν
2256 3792 2654 3868 ῥᾳθυμηθεῖσάν
2696 3815 2752 3848 τε
2813 3796 2901 3849 καὶ
2952 3800 3439 3871 χερσομανήσασαν
3488 3800 3538 3870 ἐξ
3590 3801 3758 3879 ἀναρ-

2105 3881 2231 3956 χίας
2257 3900 2268 3912 ·
2302 3886 2515 3956 πρῶτον
2555 3884 2646 3956 μὶν
2675 3885 2742 3937 τὰ
2768 3881 2876 3952 ἤθη
2909 3889 3015 3938 τῶν
3063 3886 3362 3957 ἀνθρώπων
3398 3888 3458 3942 οὐ
3491 3888 3757 3965 χαλεπῶς

2106 3971 2417 4046 ἆξημὲρωσε
2465 3970 2654 4047 λόγοις
2710 3994 2768 4027 τε
2825 3981 3191 4045 ποιμαντικῆς
3244 3979 3356 4048 (53)
3415 3975 3754 4050 ἐπιστήμης,

2103 4061 2192 4114 καὶ
2223 4064 2302 4131 τῷ
2355 4062 2631 4135 προθεῖναι
2665 4064 2775 4134 (54)
2805 4063 2973 4116 τύπον
3010 4063 3218 4131 ἑαυτὸν,
3254 4062 3432 4140 ὣσπερ
3465 4064 3758 4142 ἀνδριάντα

2103 4151 2485 4222 πνευματικὸν,
2537 4151 2613 4213 εἷς
2657 4149 2864 4213 κάλλος
2916 4153 3266 4225 ἀπεξεσμὲνον
3313 4156 3489 4225 πάσης
3527 4157 3758 4231 ἀρίστης

2102 4239 2366 4314 πράξεως,
2419 4246 2643 4294 Ἔπειτα
2683 4246 2798 4303 τοῖς
2847 4241 3010 4302 θείοις
3060 4241 3250 4315 λόγοις
3283 4243 3546 4306 συντόνως
3581 4245 3758 4317 ἐμμε-

2103 4326 2355 4398 λετήσας,
2423 4329 2612 4401 καίπερ
2672 4329 2947 4402 ὀψιμαθὴς
3008 4336 3114 4384 τῶν
3148 4332 3409 4386 τοιούτων
3437 4335 3750 4408 τυγχάνων,

2098 4417 2365 4485 τοσαύτην
2423 4416 2569 4479 ἐντὸς
2627 4417 2815 4492 ὀλίγου
2900 4418 3102 4494 χρόνου
3161 4420 3348 4497 σοφίαν
3407 4420 3749 4492 συνελέξατο,

2102 4502 2239 4559 ὣστε
2276 4506 2342 4560 τά
2388 4526 2446 4560 τε
2477 4503 2622 4560 ἄλλα
2657 4505 2887 4578 μηδενὸς
2923 4506 3199 4561 λείπεσθαι
3228 4512 3335 4562 τῶν
3371 4507 3457 4562 ἐπὶ
3489 4506 3750 4564 πλεῖστον

338 4607 627 4670 versatus,
651 4599 919 4671 quamvis
951 4598 1139 4654 serius
1168 4599 1236 4653 ad
1272 4598 1612 4668 hujusmodi
1639 4599 1835 4653 studia
1863 4614 1992 4653 sese

2120 4595 2512 4665 πεπονηκότων,
2545 4595 2632 4648 καὶ
2665 4597 2826 4671 ’χάριν
2880 4595 2938 4650 ἐκ
2968 4601 3101 4650 Θεοῦ
3159 4596 3360 4668 ταύτην
3391 4593 3577 4652 λαϐεῖν
3612 4599 3751 4669 ἐξαί-

2356 4682 2369 4700 9
2415 4685 2439 4700 Λ
2547 4684 2589 4700 bl
2820 4685 2830 4700 Ι
2876 4686 2900 4700 Δ
3129 4686 3141 4700 ι
3314 4687 3326 4700 \
3384 4684 3408 4700 ἢ
3442 4686 3465 4700 λ
3486 4687 3495 4700 1
3610 4687 3628 4700 \

339 4689 947 4760 contulisset,tantum
980 4687 1321 4742 eruditionis
1353 4688 1510 4743 brevi
1543 4686 1864 4759 collegit,ut
1887 4702 1991 4741 nec

405 4836 450 4870 ⁵⁵
481 4835 600 4890 Act.
635 4849 713 4902 1x,
745 4832 797 4886 3.
875 4831 918 4867 ⁸⁸
950 4829 1134 4886 Eccle.
1167 4848 1206 4900 ι,
1241 4831 1326 4884 17.

404 4987 516 5058 (48)
547 4984 664 5045 Οἷς.
701 4984 796 5040 Or.
831 4985 882 5049 1,
914 4981 1079 5043 οἳοις.

401 5062 514 5154 (49)
545 5060 793 5154 Ἄλλως,
1003 5063 1271 5154 Montacp
1300 5057 1552 5154 ’ἄλλοιςΧ
1570 5057 1824 5154 ἐέλλωςἹ.
1845 5060 1977 5154 ²ἐτε-

333 5129 590 5202 λεύτησεν
625 5129 849 5193 ἐκεῖνος.
884 5138 1094 5189 Verum
1130 5132 1248 5185 haec
1282 5148 1447 5186 voces
1498 5129 1711 5196 ἄλλοις,
1755 5140 1810 5188 et
1840 5132 1975 5186 ἐκεῖ-

331 5227 445 5275 νος,
490 5225 615 5278 quea
648 5207 704 5261 in
741 5205 898 5278 nullo
931 5206 1301 5278 reperiuntur
1331 5204 1548 5273 codice,
1583 5205 1750 5258 nobis
1780 5223 1980 5276 super-

335 5274 485 5343 ﬂuae,
510 5274 762 5348 ideoque
793 5274 1119 5346 reﬁciendae
1153 5274 1441 5328 videntur.

398 5359 511 5429 (50)
539 5360 609 5411 Ἤ
645 5354 710 5410 οὗ
736 5352 1278 5428 προήρξατο.ΒὶΙΙιυε
1318 5369 1330 5406 :
1366 5375 1393 5403 ‹‹
1428 5371 1603 5424 quam
1638 5360 1701 5410 ut
1729 5356 1854 5427 ipse
1885 5357 1974 5412 in-

327 5431 520 5484 ccenit.
558 5451 587 5479 »

369 5447 721 5580 ῗῗέιιιῨίὸπερ.
757 5501 936 5571 Regg.
973 5516 1024 5566 α,
1057 5487 1369 5567 bm,’o'cm¢p.
1397 5495 1602 5551 Billius
1632 5497 1859 5555 videtur
1889 5499 1972 5554 le—

327 5569 504 5643 gisse,
539 5569 717 5643 ὥσπερ
729 5613 740 5626 .

400 5635 512 5715 (52)
543 5642 640 5715 Καὶ
662 5635 989 5715 ,προαίρεσις
1028 5635 1856 5715 πνειξμαῖοςο-έ((Ριεδεευωριὶο,
1889 5643 1970 5697 af-

327 5708 506 5766 ﬂictio
537 5708 797 5785 spiritus.
833 5708 858 5762 ἐ
894 5712 988 5768 Sic
1039 5708 1198 5766 LXX.
1253 5710 1317 5765 In
1348 5708 1586 5768 Hebrao
1617 5708 1813 5770 autem
1844 5708 1972 5770 ser-

2103 4703 2277 4759 ρετον,
2347 4682 2656 4758 ὀρθονοξίας
2718 4685 2960 4760 γενέσθαι
3007 4686 3187 4762 πατὴρ
3239 4687 3329 4740 καὶ
3380 4684 3750 4751 διδάσκαλος·

2093 4995 2285 5046 mone,
2317 4988 2418 5069 mn
2460 4989 2625 5069 vim,
2671 5001 2696 5069 ιι
2751 4982 3015 5055 depastio
3063 4982 3239 5038 venti.
3275 5002 3305 5032 »
3340 4981 3513 5069 iUnde
3543 4981 3742 5040 Schol.

2088 5086 2192 5141 pro
2224 5065 2534 5141 προαίρεσις
2568 5067 2892 5140 πνεύματος,
2925 5071 3118 5138 habet,
3149 5069 3293 5140 νομὴ
3329 5068 3554 5135 ἀνέμου,
3586 5095 3612 5121 ‹‹
3649 5073 3747 5126 ἀό-

2087 5141 2545 5214 pastioventihn
2581 5149 2643 5195 ut
2672 5145 2823 5213 apud
2858 5143 3156 5214 Hebraeos.
3190 5148 3472 5197 Caeterum
3520 5146 3739 5214 Grego-

2087 5211 2331 5294 riusbic
2364 5211 3183 5294 nihil‘aliudintellexjt,nisi
3241 5215 3391 5294 quod
3435 5211 3736 5294 expresse-

2087 5291 2223 5339 runt
2257 5285 2762 5353 interpretes,cum
2795 5287 2913 5340 haec
2948 5286 3129 5342 Eccle.
3164 5303 3203 5353 ι,
3235 5286 3325 5350 47,
3352 5287 3526 5340 verba
3555 5285 3738 5341 inter-

2085 5356 2292 5438 pretati
2321 5360 2487 5438 sunt,
2521 5372 2729 5438 nempe
2761 5357 3104 5438 Gregorium
3136 5361 3361 5438 patrem
3397 5374 3499 5412 nec
3522 5357 3733 5438 praeci-

2085 5426 2186 5500 piti
2219 5430 2400 5506 motu,
2435 5443 2535 5480 nec
2557 5426 2714 5481 inani
2748 5426 2934 5501 gloria
2963 5426 3228 5497 ductu—m,
3253 5431 3321 5484 ad
3339 5426 3734 5485 sacerdotium

2085 5512 2424 5553 3069881886.

2154 5569 2269 5638 (53)
2303 5572 2693 5652 ιιοιμαντικῆς.
2735 5571 2830 5627 Sic
2862 5572 3041 5645 Regg.
3087 5589 3140 5640 a,
3191 5573 3313 5639 bm,
3348 5576 3462 5627 etc.
3516 5563 3739 5640 InQd.,

2080 5660 2150 5693 πο
2160 5660 2172 5692 ι
2184 5657 2403 5709 μαντικο
2417 5656 2458 5698 ις
2469 5678 2482 5692 .

2153 5713 2266 5784 (54)
2297 5714 2605 5786 Προθεῖναι.
2638 5713 2779 5788 Reg.
2813 5716 2934 5783 bm,
2965 5715 3299 5791 προσθεῖναι.
