4094 6288
337 355 362 418 l
374 354 492 418 005

1243 344 1532 413 ORATIO
1578 344 1794 411 XVIII.
1830 384 1905 393 ——
1938 346 2323 411 FUNEBRIS
2376 347 2449 413 IN
2496 350 2841 415 PA'l‘llEM.

3587 360 3745 421 1006

334 487 396 542 οὗ
441 489 573 541 κατά
628 483 753 546 τοὺς
814 481 905 536 νῦν
960 482 1156 559 σοφοὺς
1204 487 1321 542 τοῖς
1371 486 1582 555 καιροῖς
1630 479 1987 552 συγκλινόμε-

2120 484 2234 537 illis
2266 485 2319 537 in
2340 486 2512 540 rebus
2548 504 2839 558 quoquam
2876 508 3098 561 eorum,
3134 494 3231 563 qui
3273 494 3552 548 diuturno
3600 502 3743 549 tem—

335 598 446 646 νος,
478 572 607 629 οὐδὲ
643 573 819 646 μέσως
869 572 958 626 καὶ
993 574 1260 645 τεχνικῶς
1309 574 1405 623 τοῦ
1453 570 1571 631 καθ’
1622 571 1770 640 ἡμᾶς
1822 567 1991 641 λόγου

337 664 759 739 προῖοτάμενος,
810 662 882 722 ὡς
929 661 988 714 ἂν
1040 661 1092 713 οἱ
1145 660 1219 732 μή
1271 660 1431 728 πῆξιν
1478 655 1698 733 ἔχοντες
1738 657 1989 721 πίστεως,

337 755 372 823 ἢ
404 752 808 822 καπηλεύοντες
847 751 945 817 τὴν
994 749 1247 819 ἀλήθειαν
1275 766 1288 781 ’
1321 745 1448 801 ἀλλ’
1476 748 1542 815 ἦν
1573 751 1680 802 τῶν
1718 745 1809 818 μέν
1840 744 1989 820 λόγῳ

335 840 571 897 δυνατῶν
628 834 1022 913 εὐσεϐέστερος,
1079 841 1186 891 τῶν
1249 835 1420 911 ὀρθων
1484 833 1541 890 δὲ
1596 836 1693 903 τὴν
1737 832 1976 889 διάνοιαν

336 932 744 1005 λογικώτερος·
801 925 1013 1000 μᾶλλον
1065 923 1121 980 δὲ
1164 924 1336 998 λόγου
1390 926 1457 979 τά
1511 921 1732 1000 δεύτερα
1787 924 1985 999 φέρων,

337 1015 580 1090 εὐσεϐείᾳ
635 1020 848 1071 πάντων
909 1016 1138 1090 ἐκράτει.
1199 1018 1333 1070 "Eva:
1378 1014 1471 1087 μὶν
1525 1013 1653 1068 Θεὸν
1725 1010 1884 1073 εἰδὼς
1932 1011 1983 1065 ἐν

334 1106 524 1183 Τριάδι
580 1103 1070 1182 προσκυνούμενον,
1139 1102 1261 1177 τρία
1319 1100 1376 1156 δὲ
1432 1102 1508 1164 εἷς
1571 1102 1695 1175 μίαν
1757 1101 1987 1169 θεότητα

336 1197 705 1272 συναγόμεναο
759 1194 847 1248 καὶ
895 1189 1018 1247 οὔτε
1064 1197 1142 1264 τῷ
1190 1191 1266 1246 ένὶ
1312 1186 1687 1259 Σαϐελλίζων,
1723 1190 1845 1244 οὐτε
1869 1194 1984 1251 τοῖς

330 1286 504 1359 τρισὶν
555 1282 919 1359 Ἀρειανίζων,
978 1282 1011 1351 ἢ
1074 1286 1154 1352 τῷ
1211 1278 1523 1335 συστέλλειν
1601 1278 1830 1348 θεότητα
1898 1279 1988 1331 καὶ

333 1373 584 1428 ἀναλύειν
778 1371 973 1441 ἀθέως,
1090 1374 1168 1441 τῷ
1196 1370 1546 1441 κατατέμνειν
1578 1368 1784 1429 ἀνίσοις
1819 1366 1989 1421 ἀλλο-

337 1463 641 1538 τριότησιν,
681 1463 715 1530 ἢ
775 1460 1060 1534 μεγέθους,
1117 1460 1150 1526 ἢ
1207 1457 1439 1534 φύσεως.
1498 1455 1570 1511 Οῦ
1622 1458 1724 1531 γάρ
1767 1454 1988 1510 ἕκαστον

339 1549 721 1616 ἀκατάληπτον
755 1547 844 1602 καὶ
875 1547 1008 1619 ὑπὲρ
1033 1547 1132 1615 τὴν
1164 1546 1434 1619 ἡμετέραν
1464 1544 1726 1612 ἐπίνοιαν,
1760 1548 1876 1606 πῶς
1909 1543 1991 1597 ἐν·

337 1644 507 1703 ταῦθα
534 1639 597 1693 τὸ
629 1639 918 1712 ὑπεραῖρον
951 1634 987 1705 ἤ
1014 1637 1357 1705 νοηθήσεται,
1390 1631 1427 1703 ’ἓξ
1462 1631 1946 1709 δογματισθήσεται
1974 1650 1988 1700 ;

342 1732 451 1783 Ποῦ
484 1725 541 1781 δὲ
569 1731 841 1803 μετρεῖται
870 1725 933 1779 τὸ
965 1724 1208 1800 ἄπειρον,
1235 1721 1309 1776 ’ίν’
1339 1724 1368 1777 ’ὀ
1416 1727 1523 1776 τῶν
1574 1720 1988 1797 περατουμένων

2106 573 2261 641 poris
2293 574 2479 643 spatio
2512 575 3187 647 laboraveranl,inferior
3208 587 3402 646 esset;
3427 600 3491 637 ac
3517 589 3748 653 prseter-

2103 675 2171 713 ea
2205 661 2565 732 singularem
2598 664 2748 720 hanc
2788 684 2821 720 a
2868 669 2977 721 Deo
3035 671 3282 740 gratiam
3330 670 3632 742 arriperet,
3688 678 3752 726 ut

2096 750 2433 803 orthodoxa
2467 751 2741 807 doctrinas
2790 760 2954 824 pater
2982 762 3039 810 et
3072 758 3350 829 magister
3394 760 3745 825 efﬁceretur;

2102 853 2238 902 non,
2277 847 2340 892 ut
2369 838 2547 908 hujus
2578 844 2857 913 temporis
2887 845 3199 915 sapientes.
3234 864 3347 902 una
3379 853 3747 918 cumtempo-

2102 925 2265 980 ribus
2292 943 2355 981 se
2383 926 2708 993 inﬂectens,
2744 948 2845 985 nec
2880 934 3051 987 ﬁdem
3087 939 3343 989 nostram
3380 936 3571 992 medio
3604 954 3746 1008 quo-

2102 1013 2237 1067 dam
2269 1019 2325 1067 et
2356 1015 2670 1071 artilicioso
2702 1019 2876 1073 modo
2911 1020 3250 1088 defendens,
3290 1028 3351 1076 ut
3385 1022 3444 1081 ii.
3477 1024 3573 1093 qui
3613 1024 3742 1076 ﬁdei

2102 1102 2440 1157 firmitatem
2490 1121 2603 1159 non
2662 1105 2900 1175 habent,
2939 1114 3039 1162 aut
3066 1110 3364 1165 veritatem
3414 1127 3747 1182 cauponum

2105 1207 2266 1245 more
2297 1192 2665 1259 adulterant;
2700 1196 2801 1250 sed
2834 1196 2913 1250 ita
2935 1214 2996 1251 se
3028 1200 3427 1269 comparabat,
3455 1205 3516 1254 ut
3536 1204 3592 1253 et
3612 1218 3744 1255 eru-

2102 1280 2253 1334 ditos
2286 1282 2520 1350 pietate,
2552 1288 2609 1337 et
2641 1284 2766 1353 pios
2814 1285 3160 1342 eruditionis
3208 1287 3379 1342 laude
3427 1294 3746 1361 superaret,

2104 1369 2225 1423 imo
2255 1369 2471 1439 potius,
2498 1372 2580 1425 ita
2597 1374 2886 1428 secundas
2903 1376 3179 1429 doctrinae
3206 1376 3444 1441 ferebat,
3465 1384 3529 1432 ut
3550 1382 3745 1432 tamen

2104 1455 2340 1525 pietatis
2372 1459 2593 1527 primas
2612 1460 2920 1515 obtineret.
2950 1461 3139 1516 Unum
3174 1464 3392 1535 quippe
3409 1464 3611 1530 Deum,
3646 1467 3748 1536 qui

2105 1544 2163 1598 in
2190 1545 2475 1601 Trinitate
2505 1549 2801 1617 adoratur,
2852 1549 2963 1604 tria
3022 1556 3238 1622 autem,
3273 1569 3398 1623 quae
3448 1553 3506 1609 in
3568 1571 3746 1609 unam

2105 1634 2772 1707 deitatomcolliguntur,
2806 1640 3195 1709 agnoscebat:
3230 1657 3293 1695 ac
3318 1657 3505 1712 neque
3537 1648 3750 1714 autper

2107 1738 2309 1792 unum,
2334 1723 2606 1794 Sabellio,
2641 1732 2742 1780 aut
2771 1742 2873 1797 per
2903 1727 3032 1795 tria,
3067 1728 3202 1783 Ario
3236 1729 3497 1798 favebat;
3542 1749 3750 1805 nempe

338 1816 470 1887 ἐστὶ,
502 1820 664 1870 τοῦτο
695 1816 835 1888 πάθῃ
867 1812 1078 1883 θεότης,
1115 1813 1349 1887 βαθμοῖς
1377 1812 1712 1887 μετρουμένη
1736 1810 1824 1864 καὶ
1859 1810 1991 1864 ὑπο-

344 1901 373 1923 β
396 1908 405 1923 ο
596 1908 696 1923 [μοχ
2019 1915 2020 1919 η

2120 1811 2192 1867 rel
2223 1812 2501 1867 deitatem
2534 1813 2713 1884 impie
2748 1817 3144 1871 contrahendo
3175 1823 3232 1872 et
3262 1818 3622 1888 resolvendo,
3662 1823 3749 1876 vcl

2120 1917 2198 1923 _-_
2232 1901 2490 1923 λεηηη
2526 1904 2943 1923 μημιημημ
3070 1912 3080 1923 .
3201 1912 3210 1923 .
3494 1910 3509 1923 .

343 1901 555 1961 ϐάσεσιν
591 1908 701 1979 (56)
727 1925 739 1974 ;

2097 1917 2200 1971 per
2228 1901 2493 1972 dispares
2526 1904 2955 1974 magnitudinis
2987 1912 3089 1960 aut
3120 1912 3338 1962 natura;
3370 1910 3587 1980 gradus
3619 1927 3752 1965 con-

341 1997 682 2053 scindendo.
718 1995 823 2052 Ubi
854 1994 1009 2050 enim
1047 1992 1508 2064 unumquodque
1538 1992 1749 2045 mentis
1782 1995 1991 2044 nostris
2025 1993 2198 2059 atque
2229 1990 2446 2061 ingenii
2479 1997 2712 2061 captum
2745 1994 2984 2055 excedit,
3022 2011 3275 2064 quonam
3312 1997 3483 2052 modo
3516 1997 3655 2063 illic,
3691 1998 3749 2054 id

343 2085 496 2157 quod
534 2082 832 2156 praecellit,
868 2082 1077 2153 poterit
1099 2080 1185 2135 vel
1217 2086 1411 2135 mente
1444 2078 1681 2150 percipi,
1706 2079 1791 2133 vel
1820 2077 2052 2132 doceri?
2074 2077 2348 2141 Quaenam
2382 2078 2515 2132 item
2549 2077 2851 2134 immensa)
2882 2080 2964 2135 rei
2987 2082 3351 2137 dimetienda:
3376 2083 3522 2138 ratio
3556 2085 3754 2138 futura

343 2179 452 2244 est,
488 2178 572 2244 ut,
607 2174 760 2244 quod
812 2171 986 2227 rebus
1037 2170 1216 2225 ﬁnitis
1246 2168 1533 2236 convenit,
1567 2168 1719 2222 idem
1752 2167 2042 2221 divinitati
2075 2182 2308 2237 quoque
2338 2166 2583 2233 accidat,
2614 2169 3027 2239 graduumque
3059 2185 3124 2225 ac
3155 2170 3546 2228 descensuum
3580 2190 3747 2228 men-

345 2278 496 2318 suras
527 2260 873 2332 subjiciatur
892 2261 919 2313 ‘I

412 2351 503 2405 1Ζ’.
542 2353 717 2403 Ταῦτα
763 2346 955 2402 έννοῶν
999 2347 1026 2401 ὁ
1077 2345 1244 2420 μέγας
1298 2343 1499 2405 ἐκεῖνος
1542 2346 1655 2417 (57)
1704 2344 1992 2418 ἄνθρωπος

336 2443 433 2493 τοῦ
484 2442 637 2510 Θεοῦ,
694 2436 785 2491 καὶ
832 2434 1052 2506 ἀληθῶς
1100 2432 1395 2507 Θεολόγος,
1427 2433 1516 2487 καὶ
1553 2432 1685 2505 μετά
1712 2436 1810 2485 τοῦ
1841 2430 1995 2485 Πνεύ-

346 2546 514 2599 ματος
547 2524 671 2599 περὶ
699 2524 905 2579 τούτων
933 2521 1272 2595 κινούμενος,
1312 2521 1364 2576 τί
1405 2523 1516 2597 χρὴ
1573 2521 1746 2597 λέγειν
1791 2517 1996 2595 ἕτερον,

351 2614 379 2683 ἥ
413 2616 497 2669 ὃτι
528 2616 646 2668 νέαν
697 2612 1063 2689 Ἰερουσαλὴμ
1097 2614 1185 2666 καὶ
1216 2607 1448 2666 κιϐωτὸν
1486 2608 1662 2680 ἄλλην
1698 2611 1829 2685 ὑπὲρ
1864 2607 1993 2663 ὑδά-

345 2726 452 2759 των
487 2700 815 2781 φερομένην,
849 2701 1029 2777 ὥσπερ
1062 2703 1089 2756 ὁ
1126 2701 1291 2776 μέγας
1322 2700 1525 2762 ἐκεῖνος
1574 2704 1713 2768 Νῶε,
1765 2700 1852 2753 καὶ
1900 2703 1997 2753 τοῦ

356 2791 607 2868 δευτέρου
654 2791 851 2845 τούτου
900 2790 1110 2863 κόσμου
1156 2791 1358 2863 πατὴρ,
1408 2786 1571 2859 τήνδε
1625 2790 1724 2856 τὴν
1764 2788 1998 2855 Ἐκκλη-

352 2881 467 2936 σίαν
539 2880 817 2935 καλεῖσθαι
888 2878 1190 2948 πεποίηκε·
1270 2880 1431 2932 τοῦτο
1488 2898 1547 2931 τε
1612 2874 2000 2948 κατακλυσμοῦ

349 2974 457 3024 τῶν
504 2972 715 3044 ψυχῶν,
758 2968 847 3023 καὶ
888 2970 985 3036 τῆς
1040 2972 1146 3020 τῶν
1199 2967 1484 3041 αἱρετικῶν
1538 2964 1792 3037 ἐπηρείας
1822 2968 2003 3041 σαφῶς

356 3056 744 3131 ὑπεραίρουσαν
765 3074 776 3085 ·
828 3054 944 3109 καὶ.
975 3053 1086 3125 ὅσῳ
1135 3053 1333 3123 πλήθει
1362 3058 1470 3108 τῶν
1514 3050 1699 3106 ἄλλων
1732 3051 2004 3119 ἐλείπετο,

356 3150 615 3201 τοσοῦτον
678 3142 886 3214 εὐδοξία
923 3147 1219 3219 κρατοῦσαν
1251 3161 1262 3173 ·
1323 3140 1412 3195 καὶ
1464 3142 1525 3195 τὸ
1573 3147 1672 3209 τῆς
1704 3142 1850 3215 ἱερᾶς
1900 3140 2003 3192 πά-

2175 2343 2338 2398 ΧνΙΙ.
2375 2344 2502 2399 Haee
2534 2361 2666 2399 cum
2702 2361 2951 2417 magnus
2978 2346 3074 2402 ille
3105 2348 3279 2403 homo
3327 2348 3450 2420 Dei,
3501 2366 3749 2421 vereque

2106 2431 2458 2505 Theologus,
2484 2449 2548 2488 ac
2567 2434 2638 2488 de
2668 2434 2758 2488 his
2780 2435 2955 2491 rebus
2988 2453 3104 2490 una
3133 2453 3267 2491 cum
3298 2437 3517 2507 Spiritu
3552 2444 3754 2493 sancto

2106 2520 2384 2576 incitatus
2415 2527 2471 2576 et
2500 2523 2777 2593 agitatus,
2822 2539 3020 2579 secum
3054 2529 3372 2596 reputaret,
3406 2526 3543 2597 quid
3597 2527 3754 2581 aliud

2108 2609 2419 2664 dicendum
2452 2614 2559 2677 est,
2593 2626 2771 2681 quam
2804 2612 2958 2683 quod
2984 2612 3091 2667 hoc
3113 2614 3384 2678 effecerit,
3418 2619 3483 2669 ut
3506 2616 3756 2672 novaJe-

2109 2697 2385 2763 rusalem,
2422 2716 2485 2753 ac
2517 2701 2773 2755 secunda
2806 2702 3072 2771 quaedam
3106 2719 3237 2757 arca
3262 2704 3437 2757 undis
3470 2703 3758 2772 eminens,

2112 2789 2613 2857 quemadmodum
2640 2789 2740 2844 illa
2771 2792 2966 2860 magni
2994 2790 3151 2844 illius
3201 2791 3339 2856 Noe,
3402 2794 3763 2864 secundique

2112 2876 2290 2946 hujus
2307 2877 2506 2931 mundi
2525 2879 2800 2947 parentis,
2818 2878 2937 2933 haec
2956 2879 3212 2934 Ecclesia
3235 2887 3568 2947 vocaretur;
3592 2882 3759 2953 quip-

2117 2982 2183 3035 pe
2214 2982 2341 3035 quaa
2366 2964 2508 3021 illud
2545 2966 2875 3021 animarum
2898 2968 3208 3035 diluvium,
3244 2970 3399 3039 quod
3433 2976 3559 3024 tum
3598 2987 3761 3041 gras-

2116 3054 2377 3122 sabatur,
2439 3058 2616 3124 atque
2675 3054 3084 3111 haereticorum
3136 3059 3551 3128 impressiones
3594 3059 3765 3129 plane

2118 3149 2439 3212 superaret,
2475 3148 2879 3214 quantumque
2910 3145 3041 3200 aliis
3060 3163 3301 3200 numero
3319 3148 3471 3203 842
3505 3148 3765 3213 cedebat,

360 3255 596 3310 σχουσαν
636 3232 905 3305 Βηθλεὲμ,
937 3235 1001 3301 ἣν
1038 3229 1189 3285 οὐδὶν
1224 3229 1464 3285 ἐκώλυσε
1492 3230 1579 3284 καὶ
1624 3230 1818 3304 μικρὰν
1871 3230 2002 3282 εἶναι

2120 3236 2279 3285 tanto
2312 3247 2410 3285 eas
2464 3232 2717 3285 nominis
2777 3231 3108 3288 celebritate
3144 3235 3441 3303 vinceret;
3488 3236 3763 3306 idemque

362 3322 543 3395 πόλιν,
594 3322 683 3377 καὶ
730 3324 828 3390 τῆς
880 3320 1213 3392 οἰκουμένης
1272 3318 1638 3392 μητρόπολιν,
1672 3318 1745 3379 ὡς
1774 3319 2007 3391 Χριστοῦ

359 3412 446 3467 καὶ
474 3414 586 3485 (58)
633 3410 830 3488 τροφὸν
863 3409 952 3463 καὶ
988 3408 1215 3484 μητέρα,
1244 3412 1339 3462 τοῦ
1367 3408 1457 3461 τὸν
1486 3406 1689 3481 κόσμον
1721 3406 1812 3460 xui.
1842 3407 2005 3475 ποιή-

360 3522 551 3561 σαντυς
580 3500 668 3553 καὶ
700 3500 1015 3570 νικήσαντος
1040 3517 1053 3568 ;

428 3769 537 3823 IH'.
570 3768 878 3838 Τεκμήριον
909 3764 966 3819 δὲ
993 3770 1090 3819 τοῦ
1125 3765 1316 3840 Αόγου’
1378 3764 1475 3817 Καὶ
1505 3764 1605 3838 γὰρ
1654 3762 1817 3831 ἡνίκα
1865 3762 2009 3836 παρὰ

357 3860 455 3909 τοῦ
505 3853 834 3929 θερμοτέρου
883 3856 1079 3928 μέρους
1128 3859 1227 3920 τῆς
1273 3849 1598 3919 Ἐκκλησίας
1662 3852 2008 3904 κατεστασιά-

357 3945 559 4016 σθημεν
612 3945 729 4017 (59)
779 3941 1062 4015 γράμματι
1112 3938 1407 3999 κλαπέντες
1449 3939 1537 3992 καὶ
1592 3938 1797 4013 ῥήμασι
1826 3957 2009 4012 τεχνι-

358 4038 475 4093 κοῖς
533 4032 607 4093 εἰς
662 4031 902 4102 πονηρὰν
964 4029 1275 4097 κοινωνίαν,
1338 4026 1502 4099 μόνος
1566 4028 1659 4099 μὲν
1718 4026 2005 4095 ἐπιστεύθη

357 4122 457 4188 την
509 4117 748 4173 διάνοιαν
800 4120 1037 4193 ἄτρωτον
1081 4115 1250 4191 ἔχειν,
1303 4116 1391 4171 καὶ
1443 4117 1517 4189 μὴ
1570 4121 1649 4187 τῷ
1685 4113 1877 4187 μέλανι
1908 4116 2009 4183 τὴν

359 4208 544 4281 ψυχὴν
574 4205 1054 4279 συμμελαίνεσθαι,
1088 4205 1133 4259 εί
1183 4204 1273 4259 καὶ
1323 4202 1594 4273 ἁπλότητι
1636 4203 2009 4277 συνηρπάσθη,

359 4295 447 4350 καὶ
496 4295 587 4349 τὸν
640 4292 800 4349 δόλον
852 4293 911 4348 ἐκ
956 4298 1053 4348 τοῦ
1104 4300 1203 4362 τῆς
1249 4295 1432 4367 ψυχῆς
1464 4290 1666 4347 ἀδόλου
1702 4294 1776 4365 μὴ
1813 4291 2011 4369 ἐφυλά-

362 4385 513 4454 ξατο’
576 4383 735 4455 μόνος
787 4380 865 4452 δὲ,
921 4381 1131 4455 μᾶλλον
1185 4380 1241 4435 δὲ
1291 4386 1532 4457 πρῶτος,
1598 4382 1659 4436 τὸ
1732 4382 2013 4449 στασιάζον

360 4475 498 4548 πρὸς
550 4474 717 4543 ἡμᾶς,
776 4469 931 4543 ζήλῳ
976 4478 1076 4540 τῆς
1126 4465 1395 4531 εὐσεϐείας
1439 4471 1614 4542 έαυτῳ
1655 4489 1713 4523 τε
1754 4470 1844 4523 καὶ
1893 4474 2011 4531 τοῖς

2114 3314 2227 3390 ipsi
2260 3336 2369 3374 usu
2400 3321 2639 3383 veniret,
2673 3321 2825 3390 quod
2877 3320 3212 3378 Bethlehem
3267 3325 3551 3380 accidisse
3600 3325 3763 3379 vide—

2117 3425 2272 3478 mus,
2307 3424 2482 3479 quam
2515 3408 2677 3463 nulla
2709 3425 2801 3464 res
2848 3411 3167 3481 prohibuit,
3219 3414 3538 3483 quominus
3589 3413 3765 3468 simul

2118 3503 2175 3553 et
2204 3514 2379 3567 parva
2410 3497 2614 3552 civitas
2657 3503 2831 3561 esset,
2874 3505 2930 3554 et
2961 3501 3139 3555 totius
3184 3507 3349 3556 terra;
3402 3503 3764 3573 metropolis,

2119 3590 2322 3656 utpote
2351 3603 2479 3657 qum
2511 3586 2749 3655 Christi,
2783 3589 2941 3643 orbis
2964 3590 3281 3645 conditoris
3296 3607 3362 3646 ac
3377 3590 3634 3658 victoris,
3668 3608 3769 3662 pa-

2125 3691 2261 3730 rens
2292 3680 2467 3745 atque
2500 3676 2699 3729 nutrix
2725 3677 3011 3732 exstiterit
3039 3678 3066 3732 ‘I

2187 3763 2379 3818 XVIII.
2416 3762 2564 3818 Illud
2599 3768 2794 3819 autem
2816 3764 2952 3819 hinc
2983 3767 3313 3836 conjicitur.
3366 3768 3511 3823 Nam
3545 3784 3680 3824 cum
3741 3786 3774 3825 a

2119 3852 2463 3906 ferventiore
2492 3851 2758 3906 Ecelesize
2792 3860 2954 3924 parte
2990 3855 3063 3907 ob
3105 3871 3231 3909 eam
3285 3873 3524 3911 causam
3561 3859 3771 3913 seditio

2120 3939 2176 3993 in
2215 3955 2321 3993 nos
2354 3940 2603 3994 excitata
2634 3946 2809 4005 esset,
2851 3942 3003 4010 quod
3028 3943 3246 4013 scripto
3278 3944 3557 4015 quodam,
3589 3950 3646 3999 et
3675 3962 3767 4000 ar-

2119 4027 2386 4082 tiﬁciosis
2412 4028 2604 4082 verbis
2644 4029 3098 4101 circumscripti,
3149 4030 3209 4085 in
3243 4048 3476 4102 pravam
3521 4032 3767 4088 societa-

2120 4122 2240 4171 tem
2265 4118 2540 4187 pertracti
2564 4116 2902 4183 fuissemus,
2932 4118 3092 4173 solus
3117 4120 3240 4190 ipse
3259 4120 3499 4176 illaesam
3518 4129 3768 4178 mentem

2123 4206 2481 4276 minimeque
2513 4205 2684 4260 simul
2720 4222 2850 4260 cum
2876 4208 3485 4264 atramentoinfectam
3509 4211 3769 4267 animam

2124 4294 2336 4349 habere
2368 4295 2622 4349 creditus
2654 4300 2763 4360 est,
2797 4298 3031 4350 tametsi
3063 4313 3165 4367 per
3204 4298 3384 4351 animi
3423 4298 3769 4370 simplicita-

2123 4389 2240 4438 tem
2275 4383 2555 4453 abreptus
2589 4382 2816 4451 luisset,
2836 4383 3157 4456 dolumque
3175 4386 3247 4441 ob
3270 4384 3450 4441 animi
3468 4387 3770 4442 sincerita-

2122 4476 2239 4526 tem
2272 4471 2344 4526 ab
2377 4472 2533 4525 omni
2568 4471 2700 4526 dolo
2732 4471 2986 4527 alienam
3021 4474 3264 4529 minime
3302 4475 3569 4531 cavisset.
3622 4476 3771 4539 Quin

362 4560 559 4623 ἄλλοις
594 4558 926 4631 κατήλλαξε,
958 4557 1235 4614 τελεταῖόν
1284 4560 1475 4631 τ’
1533 4556 1879 4633 ἀποδραμὸν,
1927 4556 2016 4611 καί

2126 4560 2299 4615 etiam
2326 4560 2647 4627 solus,aut,
2671 4564 2733 4614 ut
2749 4561 2962 4615 rectius
2988 4562 3462 4634 dicam,primus,
3486 4580 3604 4633 eos,
3627 4564 3777 4634 quia

363 4654 583 4723 πρῶτον
615 4645 988 4723 προσδραμὸν,
1020 4646 1169 4702 αἰδοῖ
1196 4668 1254 4701 τε
1281 4650 1378 4701 τοῦ
1410 4644 1624 4723 ἀνδρὸς,
1654 4647 1743 4701 καὶ
1791 4651 1860 4719 τῇ
1914 4652 2011 4701 τοῦ

365 4737 635 4816 δόγματος
668 4736 996 4813 καθαρότητι
1023 4756 1035 4768 ·
1072 4735 1211 4790 ὥστε
1238 4736 1327 4790 καὶ
1358 4736 1448 4790 τὸν
1482 4734 1654 4791 πολὺν
1688 4734 1852 4791 σάλον
1904 4741 2009 4790 τῶν

440 4956 547 5025 (55)
598 4951 695 5006 Καὶ
743 4951 1016 5009 ἀναλύειν.
1070 4954 1275 5010 Billius
1325 4970 1391 5011 τα
1427 4960 1483 5009 et
1530 4953 2019 5009 confundenda.»

369 5024 585 5080 Verum
619 5026 703 5080 sic
733 5027 1028 5089 vertendo,
1060 5026 1174 5080 vim
1207 5025 1364 5081 vocis
1414 5043 1525 5081 non
1580 5024 1787 5080 reddit.
1825 5026 2020 5096 Impu-

416 5103 513 5151 nat
541 5098 695 5169 enim
748 5097 842 5152 hic
874 5098 1188 5169 Gregorius
1239 5114 1453 5153 novum
1505 5096 2020 5169 sabellianismum

407 5167 904 5232 Iarcellianorum,
938 5167 1039 5240 qui
1084 5170 1297 5224 Filium
1325 5186 1391 5224 ac
1420 5168 1704 5239 Spiritum
1755 5176 2023 5223 sanctum

376 5258 406 5296 a
439 5240 607 5294 Patre
637 5239 969 5311 productos
994 5257 1125 5295 esse
1168 5241 1703 5311 concedentes,eos
1736 5245 1932 5311 tamen
1964 5239 2024 5311 in

377 5306 796 5392 persona-vere
845 5312 1164 5392 subsistere
1207 5313 1523 5392 pegabant.
1560 5306 1849 5392 υμᾶς-εἱς
1877 5306 2023 5392 ’ἐὴ-ἢ

381 5379 570 5464 μηδὲν,
604 5382 799 5452 inquit
848 5383 1121 5464 Basilius,
1147 5406 1174 5464 fc
1205 5379 1498 5464 inimum,
1530 5382 1619 5464 vel
1653 5382 1848 5464 potius
1897 5381 2028 5464 nul-

376 5450 491 5509 lam
546 5450 863 5524 personam
920 5455 1359 5510 resolvebant.-
1414 5455 1483 5510 Et
1539 5450 1907 5521 scholiastes,
1956 5450 2030 5512 εἷς

375 5523 793 5651 ἱρίαιὸνόματα,
830 5546 857 5576 ‹‹
888 5524 948 5581 in
981 5527 1093 5582 tria
1128 5527 1364 5582 nomina
1403 5525 1752 5582 Trinitatem
1785 5525 2032 5581 resolve-

421 5616 491 5651 an
529 5639 542 5651 .
571 5620 599 5647 ››

529 5620 599 5652 ,ὶὶ

379 5599 599 5745 b36152)”
618 5668 856 5741 Βαθμοῖε
920 5663 1256 5743 μετρουμένη
1308 5665 1398 5720 καὶ
1444 5659 1759 5723 ὗποόάσεσι,
1812 5689 1840 5719 ‹‹
1891 5666 2032 5725 Gra-

2122 4650 2292 4704 nobis
2315 4651 2387 4704 ob
2401 4647 2636 4719 pietatis
2653 4647 2842 4703 zelum
2858 4649 3243 4715 dissidebant,
3259 4655 3316 4705 et
3331 4651 3465 4720 sibi,
3487 4656 3542 4706 et
3555 4652 3778 4708 casteria

2123 4736 2539 4807 reconciliavit,
2561 4742 2889 4809 postremos
2909 4755 2940 4793 a
2955 4738 3123 4793 nobis
3138 4739 3457 4810 sejunctos,
3477 4746 3534 4795 et
3551 4741 3778 4812 primos

2131 4955 2315 5009 duum
2341 4953 2708 5025 superiorum
2729 4958 2785 5009 et
2806 4954 3141 5010 inferiorum
3169 4972 3454 5011 mensura:
3474 4958 3779 5014 obnoxia.»

2132 5025 2561 5100 I_n_subli_mior_i
2595 5027 2799 5100 gradu
2834 5026 3062 5100 Patrem
3096 5027 3456 5100 collocabant
3503 5029 3779 5100 haeretici,

2133 5097 2434 5169 Filiumin
2468 5097 2746 5169 inferiori,
2778 5098 3058 5169 Spiritum
3092 5098 3147 5153 in
3183 5100 3404 5155 infimo.

2206 5167 2316 5237 (57)
2347 5166 2404 5242 Ὀ
2439 5166 2605 5242 μέγας
2650 5166 2875 5228 ἐκεῖνος.
2907 5170 2999 5224 Sic
3030 5173 3168 5242 Reg.
3202 5189 3255 5238 a,
3288 5177 3347 5227 et
3375 5171 3471 5227 Or.
3502 5175 3556 5227 2.
3591 5172 3653 5227 In
3686 5173 3779 5227 ed.

2136 5236 2337 5297 ἐκεῖνος
2364 5239 2391 5290 ὁ
2422 5236 2610 5308 μέγάς.

2207 5310 2319 5382 (58)
2351 5309 2470 5365 Καί.
2504 5309 2764 5382 Deestin
2800 5311 2935 5382 Reg.
2970 5329 3023 5379 a,
3056 5319 3113 5367 et
3145 5312 3241 5367 0r.
3277 5314 3328 5367 1.

2208 5381 2317 5451 (59)
2366 5381 2921 5453 Κατεστασιάσθημεν.
2975 5384 3067 5437 Sic
3117 5384 3150 5437 3
3196 5382 3376 5449 Colb,
3430 5382 3601 5439 Coisl.
3651 5385 3676 5438 1
3728 5390 3785 5440 ct

2138 5461 2194 5517 λ’,
2236 5452 2333 5507 Or.
2386 5453 2438 5522 1,
2483 5454 2627 5520 Jes.,
2677 5452 3110 5511 etcyMendose
3161 5456 3220 5510 in
3269 5456 3464 5526 editis,
3510 5456 3787 5510 κατεστιά-

2140 5531 2676 5672 σθῖᾆθῖῶελευταῖόν
2703 5595 2769 5650 τ’.
2810 5596 2991 5671 Regg.
3021 5613 3075 5671 a,
3105 5596 3228 5671 bm,
3277 5601 3333 5655 et
3382 5597 3477 5656 0r.
3510 5598 3563 5672 1,
3601 5594 3790 5655 τελευ-

2141 5660 2293 5721 ταῖόν
2311 5660 2402 5726 τε.
