4094 6288
348 405 500 466 1007

1586 398 1649 455 S.
1699 392 2073 454 GREGORII
2118 393 2514 455 THEOLOGI

3601 399 3757 462 1008

342 536 754 598 reversos,tum
767 529 839 585 ob
856 529 1044 600 ipsius
1059 527 1590 592 reverentiam,tum
1611 527 1683 579 ob
1701 526 1870 595 dogm
1882 523 1972 577 ati:

2110 522 2448 590 Ἐκκ).ησιῶν
2483 520 2928 595 κατασϐεσθῆναι,
2960 525 3048 578 καὶ
3081 533 3268 595 στῆναι
3319 528 3416 594 τὴν
3467 526 3756 602 καταιγίδα

338 625 672 696 puritatem,
705 625 786 679 ita
813 629 876 676 ut
907 619 1098 689 gravis
1121 617 1510 672 Ecclesiarum
1540 621 1858 684 tempestas
1891 629 1986 668 ex-

340 717 554 773 stincta
582 714 677 779 sit,
698 729 763 768 ac
783 709 1036 784 procella
1059 709 1118 760 in
1142 722 1345 761 auram
1373 705 1623 769 redacta,
1652 701 1835 774 ipsius
1859 718 1985 772 pre-

339 806 505 861 cibus
522 811 576 859 et
596 799 1091 858 admonitionibus
1108 793 1493 862 soluta,nobis
1507 793 1738 848 interim
1760 792 1829 858 (si
1847 790 1982 861 quid

334 892 582 967 juvenili
613 905 774 947 more
814 885 1176 960 jaclabunde
1204 882 1363 954 loqui
1395 883 1481 936 fas
1515 882 1646 952 est),
1671 886 1728 935 et
1750 879 1984 951 pietatis

339 988 398 1039 et
419 997 605 1054 operas
636 979 832 1043 sociis,
867 976 968 1048 qui
999 989 1128 1030 cum
1149 972 1221 1027 ad
1252 987 1427 1025 omne
1445 972 1663 1025 bonum
1687 968 1984 1039 adjutores

338 1072 452 1145 ipsi
483 1075 541 1127 et
569 1069 809 1126 comites
840 1080 1126 1131 essemus,
1157 1077 1222 1116 ac
1247 1059 1408 1114 velut
1437 1075 1471 1114 a
1501 1058 1679 1113 latere
1723 1071 1982 1145 currere-

341 1144 497 1231 mus,
549 1160 643 1215 hic
693 1157 796 1214 Dei
845 1152 1124 1210 beneﬁcio
1171 1153 1358 1204 multo
1411 1146 1728 1202 maximam
1763 1144 1984 1199 laboris

339 1251 640 1323 studiique
681 1250 909 1319 partem
966 1238 1346 1297 contulimus.
1409 1237 1620 1292 Verum
1669 1249 1860 1290 sermo
1911 1233 1982 1323 de

2097 608 2172 671 εἷς
2203 608 2386 681 αὔραν,
2435 619 2553 674 ταῖς
2606 613 2811 668 ἐκείνου
2865 612 3111 677 λυθεῖσαν
3169 615 3361 690 εὐχαῖς
3420 637 3478 670 τε
3507 616 3596 671 καὶ
3629 618 3756 689 παρ’

2096 699 2375 770 αινέσεσιν,
2463 699 2518 756 εἷ’
2580 724 2632 756 τι
2708 700 2789 757 δεῖ
2835 703 2923 758 καὶ
2981 706 3382 770 νεανιεύσασθαι
3443 709 3576 779 (61),
3638 712 3755 779 μετ’

2099 789 2260 860 ἡμῶν
2313 795 2590 844 κοινωνῶν
2648 792 2738 845 καὶ
2795 799 2895 861 τῆς
2945 789 3235 864 εὐσεϐείας,
3293 794 3384 848 καὶ
3443 802 3543 864 τῆς
3601 797 3752 870 ἐνερ-

2093 877 2278 951 γείας·
2333 877 2385 932 οἳ
2434 881 2570 954 πρὸς
2621 887 2723 934 πᾶν
2773 882 2964 956 ἀγαθὸν
3017 882 3163 953 αὐτῷ
3203 884 3604 956 συναιρόμενοι,
3661 885 3751 940 καὶ

2095 966 2208 1019 οἷον
2239 973 2710 1041 παρομαρτοῦντες
2739 970 2829 1024 καὶ
2880 971 3262 1044 παραθέοντες,
3319 971 3542 1026 ἐνταῦθα
3589 973 3753 1028 πλεῖ-

2095 1074 2217 1108 στον
2279 1055 2442 1130 μέρος
2494 1064 2909 1132 συνεισενεγκεῖν
2955 1059 3296 1130 ἠξιώθημεν.
3369 1060 3521 1116 Ἀλλ’
3573 1062 3601 1116 ὁ
3655 1063 3751 1134 μὲν

2094 1145 2218 1218 περὶ
2271 1145 2476 1199 τούτων
2528 1146 2712 1223 Λόγος,
2763 1147 2956 1222 μικρόν
2985 1169 3037 1202 τι
3069 1146 3495 1224 προεκδραμὼν,
3529 1150 3753 1206 ἐνταῦθα

2102 1235 2358 1304 μεινάτω.

339 1342 432 1398 his
462 1320 658 1405 rebus,
693 1334 958 1392 ordinem
991 1345 1165 1386 suum
1198 1325 1467 1382 nonnihil
1497 1331 1896 1397 antegressus,
1926 1322 2036 1376 hoc
2066 1320 2191 1379 loco
2223 1327 2619 1396 conquiescat.

407 1430 546 1488 XIX.
578 1425 718 1492 Quis
757 1431 950 1479 autem
979 1424 1062 1474 tot
1091 1417 1251 1472 illius
1297 1416 1564 1480 virtutes,
1615 1418 1717 1469 aut
1744 1427 1984 1468 enume-

333 1521 519 1578 rando
549 1515 868 1576 recenseat,
893 1513 992 1564 aut
1022 1505 1210 1561 multa
1238 1506 1532 1574 praeterire
1553 1502 1823 1572 cupiens,
1845 1501 1980 1571 quid

333 1604 802 1683 praetereundum
834 1598 930 1665 sit,
956 1595 1125 1650 facile
1155 1594 1408 1683 reperire
1467 1595 1642 1683 queat
1672 1593 1694 1644 Ρ
1740 1590 1984 1683 Semper

333 1677 492 1754 enim
513 1688 797 1766 quidquid
833 1687 1095 1742 animum
1146 1681 1323 1751 subit,
1372 1678 1710 1766 praetantius
1741 1677 1833 1740 iis,
1854 1693 1980 1745 qua:

331 1764 774 1859 praecesserunt,
808 1790 936 1831 esse
955 1771 1183 1827 videtur
1214 1787 1226 1825 :
1254 1768 1430 1838 idque
1464 1764 1815 1838 amplector:
1853 1781 1980 1820 ma-

332 1852 542 1948 'gisque
569 1871 716 1942 ipse.
750 1864 888 1937 quid
913 1860 1059 1917 mihi
1089 1858 1494 1948 omittendum
1511 1856 1604 1948 sit,
1639 1871 1816 1948 quam
1879 1852 1978 1948 alii

2167 1414 2264 1468 ΙΘ’.
2323 1413 2416 1475 Τίς
2474 1411 2520 1467 δ’
2578 1414 2636 1468 ἂν
2694 1420 2800 1469 τῶν
2859 1415 3063 1470 ἐκείνου
3118 1415 3301 1471 καλῶν
3439 1417 3501 1472 τὸ
3533 1415 3751 1487 πλῆθος

2093 1500 2535 1576 ἐξαριθμήσαιτο,
2586 1504 2620 1571 ἣ
2667 1505 2733 1557 τὰ
2781 1502 2958 1559 πλείω
3007 1503 3381 1580 παραδραμεῖν
3411 1505 3632 1575 ἐθέλων,
3669 1510 3746 1580 μή

2091 1588 2350 1664 χαλεπῶς
2401 1591 2548 1659 εὕροι
2597 1593 2656 1646 τὸ
2705 1595 2964 1665 παρετέον
3016 1595 3171 1666 (62);
3229 1595 3341 1649 Ἀεὶ
3391 1596 3495 1669 γὰρ
3552 1595 3615 1649 τὸ
3644 1597 3745 1664 τήν

2092 1676 2328 1733 διάνοιαν
2377 1679 2630 1746 έπεισιὸν,
2675 1687 2916 1756 κρεῖττον
2975 1688 3080 1736 τῶν
3144 1681 3563 1760 προειληφότων
3620 1684 3746 1760 φαί-

2088 1787 2254 1821 νεται⁸
2307 1771 2395 1822 καὶ
2455 1771 2588 1841 μετὰ
2626 1770 2821 1824 τούτου
2854 1773 2966 1843 (63)
2998 1771 3246 1845 γίνομαι·
3280 1771 3370 1826 καὶ
3404 1770 3594 1827 πλεῖον
3624 1776 3746 1844 (64)

2088 1854 2211 1927 ἐμοὶ
2241 1862 2336 1911 τοῦ
2365 1857 2419 1911 τί
2450 1861 2560 1933 χρὴ
2593 1861 2945 1932 παραλιπεῖν,
2976 1862 3010 1928 ἢ
3063 1861 3181 1922 τοῖς
3215 1859 3410 1922 ἄλλοις
3439 1860 3748 1924 ἐπαινέταις

331 1943 684 2027 laudatores,
712 1955 850 2027 quid
883 1953 1072 2007 dicere
1093 1949 1361 2010 debeant,
1386 1945 1496 1999 add
1509 1944 1691 1998 ubito.
1757 1943 1840 1996 Ita
1889 1944 1970 2008 iit,

2094 1950 2176 1999 τοῦ
2232 1946 2283 1998 τί
2329 1948 2440 2020 χρὴ
2492 1946 2665 2022 λέγειν
2722 1951 2755 2017 ἡ
2814 1949 3012 2022 ἀπορία
3062 1952 3195 2022 (65)·
3241 1945 3378 2004 ὥστε
3418 1971 3510 2022 μοι
3536 1951 3743 2025 τρόπον

332 2059 399 2111 ut
429 2052 573 2109 mihi
603 2049 771 2120 copia
799 2039 1230 2116 quodammodo
1262 2040 1320 2092 in
1346 2035 1762 2090 detrimentum
1783 2034 1970 2096 cedat,

332 2155 612 2211 mensque
642 2139 768 2206 ipsa
796 2130 1143 2203 exploretur,
1174 2128 1312 2181 dum
1346 2123 1502 2178 illius
1537 2123 1730 2178 laudes
1754 2122 1974 2211 explo-

330 2249 459 2289 rare
489 2210 846 2301 aggreditur,
881 2236 985 2274 nec
1017 2219 1166 2270 inter
1188 2213 1433 2284 aaqualta
1465 2210 1838 2301 praestantius
1888 2213 1972 2301 ni-

330 2322 413 2378 hil
438 2299 694 2376 invenire
720 2315 924 2385 potest.
963 2308 1108 2364 Nam
1139 2303 1293 2374 quod
1327 2304 1386 2357 in
1433 2300 1760 2370 tranquillis
1802 2299 1975 2353 undis

328 2409 556 2467 evenire
587 2403 899 2464 cernimus,
933 2401 995 2450 ut
1027 2408 1161 2448 cum
1211 2392 1460 2459 injectus
1506 2388 1656 2459 lapis
1714 2392 1972 2441 centrum

328 2495 600 2560 eﬂ‘ecerit,
633 2491 784 2546 alius
813 2501 988 2556 super
1016 2482 1197 2537 alium
1233 2476 1488 2533 circulus
1519 2477 1822 2540 excitetur,
1847 2491 1977 2529 con-

326 2570 1152 2652 tinenterqueinsuperticiem
1178 2568 1427 2639 agitatus
1448 2569 1750 2619 externum
1784 2564 1974 2618 circu-

328 2675 451 2730 lum
483 2684 710 2740 semper
740 2662 1034 2724 dissolvat,
1067 2657 1125 2711 id
1152 2654 1290 2710 mihi
1313 2653 1484 2725 plane
1508 2652 1601 2740 hic
1625 2667 1855 2722 quoque
1881 2667 1973 2704 ac-

331 2763 489 2818 cidit.
519 2739 691 2814 Aliud
721 2752 882 2808 enim
911 2750 970 2804 in
1004 2748 1260 2800 mentem
1290 2742 1466 2808 venit,
1500 2739 1658 2794 aliud
1701 2754 1975 2808 superve-

331 2852 439 2922 nit,
471 2839 630 2904 aliud
662 2857 791 2900 sese
820 2835 1136 2901 subduxit;
1169 2836 1363 2922 atque
1385 2828 1696 2922 indelectu
1751 2828 1971 2922 laboro,

333 2917 488 3000 843
510 2939 654 2995 dum
685 2933 765 3000 id,
793 2928 949 3002 quod
968 2924 1127 2998 prius
1148 2920 1389 2992 arripui,
1413 2920 1485 2988 ei,
1509 2918 1658 2988 quod
1696 2924 1896 2988 postea
1915 2917 1974 2970 in

333 3032 598 3090 animum
631 3019 843 3088 inﬂuit,
876 3018 1001 3073 loco
1027 3013 1200 3071 cedit.

400 3119 508 3176 XX.
543 3114 682 3182 Quis
710 3111 866 3167 enim
913 3105 1014 3161 illo
1044 3103 1104 3158 in
1154 3098 1404 3172 publicis
1458 3097 1701 3167 negotiis
1747 3097 1971 3152 studio-

329 3210 449 3266 sior
467 3208 495 3262 ?
523 3204 665 3269 Quis
695 3201 754 3255 in
779 3201 950 3254 rebus
972 3189 1306 3248 domesticis
1345 3186 1684 3258 sapientior,
1708 3185 1970 3255 quando-

330 3297 565 3371 quidem
587 3290 723 3363 ipsi,
753 3295 805 3344 et
836 3287 1097 3372 domum,
1119 3283 1177 3334 et
1197 3294 1335 3372 opes
1359 3277 1510 3372 satis
1530 3274 1775 3372 amplas,
1797 3279 1972 3372 Deus,
2003 3305 2046 3372 Ο

332 3363 435 3461 qui
465 3382 666 3441 omnia
694 3385 845 3434 recte
876 3390 942 3429 ac
973 3371 1124 3426 varie
1153 3366 1542 3432 administrat,
1565 3364 1808 3434 largitus
1836 3363 1973 3419 est?

331 3454 472 3544 Quis
511 3468 884 3544 pauperibus,
921 3463 1025 3518 hoc
1063 3466 1171 3526 est,
1214 3454 1619 3544 abjectissimae
1668 3455 1817 3524 parti
1862 3470 1975 3544 na-

331 3540 809 3634 turam—cuiidem
841 3553 1085 3608 debetur
1112 3548 1315 3614 honor,
1347 3544 1434 3599 vel
1457 3542 1651 3598 animo
1670 3540 1980 3597 condolen-

331 3631 582 3721 tior,vvel
616 3661 794 3703 manu
851 3638 1064 3710 largior
1109 3641 1164 3690 et
1206 3632 1537 3705 profusior?
1583 3631 1728 3686 Nam
1778 3647 1976 3687 revera

332 3751 614 3814 tanquam
644 3735 963 3790 alienorum
1000 3728 1284 3782 bonorum
1316 3727 1676 3794 procurator,
1709 3721 1780 3774 de
1807 3721 1975 3775 bonis

333 3810 793 3899 suis-cogitabat,
823 3830 1147 3890 pauperum
1190 3811 1447 3882 inopiam
1499 3825 1678 3879 quam
1727 3810 1975 3865 maxime

333 3923 578 3994 poterat,
603 3912 940 3972 sublevans,
963 3921 1069 3959 nec
1101 3900 1396 3972 superflua
1418 3900 1720 3963 duntaxat,
1745 3899 1844 3952 sed
1873 3915 1971 3953 ne-

335 3987 592 4067 cessaria
611 4016 840 4075 quoque
857 3998 916 4050 in
939 4011 1066 4049 eam
1087 4008 1208 4046 rem
1225 3990 1547 4056 insumens,
1564 3987 1715 4057 quod
1732 3987 1972 4056 quidem

331 4094 637 4155 charitatis
665 4107 800 4160 erga
824 4100 1110 4160 pauperes
1159 4078 1600 4153 apertissimum
1661 4093 1969 4146 argumen-

328 4193 458 4243 tum
489 4190 597 4250 est,
629 4185 969 4252 partemque
1000 4175 1167 4241 dans,
1220 4186 1335 4224 non
1388 4173 1612 4238 septem
1661 4166 1966 4232 duntaxat,

328 4275 488 4332 velut
516 4267 848 4327 Salomonis
878 4265 968 4319 lex
998 4258 1322 4333 praescribit
1353 4258 1634 4324 ‘7,verum
1658 4256 1706 4309 si
1731 4259 1969 4309 octavus

327 4367 500 4422 etiam
535 4360 852 4422 accederet,
884 4370 956 4409 ne
990 4353 1080 4406 hic
1112 4358 1299 4404 tamen
1334 4345 1584 4401 restricti
1633 4361 1699 4398 ac
1747 4344 1967 4399 sordidi

324 4453 507 4510 animi
538 4448 679 4504 vitio
708 4447 1003 4508 laborans,
1029 4440 1129 4494 sed
1153 4436 1426 4491 libentius
1452 4451 1559 4489 sua
1583 4434 1963 4504 profundens,

326 4558 499 4616 quam
532 4537 629 4594 alii
659 4533 1001 4606 acquirant:
1035 4527 1334 4583 vinculum
1363 4529 1420 4578 et
1477 4522 1813 4578 electionem
1854 4522 1965 4577 tol-

322 4611 664 4696 lens‘8(hoc
701 4627 807 4692 est,
843 4625 907 4674 ut
963 4616 1198 4688 quidem
1251 4615 1622 4683 interpretor,
1681 4611 1964 4666 tenacita-

2088 2036 2207 2088 τινὰ
2255 2034 2452 2106 ζημίαν
2501 2036 2734 2110 γίνεσθαι
2784 2038 2883 2102 τὴν
2932 2037 3267 2112 περιουσίαν,
3299 2040 3390 2093 καὶ
3445 2036 3748 2112 δοκιμάζε-

2092 2133 2212 2185 σθαι
2239 2125 2338 2190 τήν
2375 2121 2632 2194 διάνοιαν,
2657 2125 2724 2179 τὰ
2754 2124 2956 2179 ἐκείνου
2989 2123 3304 2198 δοκιμάζειν
3355 2127 3744 2203 ἐπιχειροῦσαν

2082 2211 2171 2264 καὶ
2203 2211 2301 2265 οὐκ
2331 2208 2559 2287 ἔχουσαν
2600 2213 2662 2267 τὸ
2692 2212 2870 2268 νικοῦν
2905 2213 3076 2289 εὑρεῖν
3104 2220 3223 2276 τοῖς
3275 2217 3569 2289 ὁμοτιμοις
3602 2221 3743 2289 (66).

2084 2301 2254 2374 ’Όπερ
2286 2301 2388 2374 γὰρ
2420 2300 2505 2354 ἐπὶ
2535 2306 2643 2355 τῶν
2674 2308 2940 2376 παθερῶν
2979 2301 3184 2357 ὑδάτων
3228 2305 3442 2378 ὁρῶμεν
3503 2302 3742 2376 συμϐαῖ-

2083 2409 2196 2457 νον,
2252 2388 2376 2442 ὅταν
2423 2389 2596 2464 ψηφὶς
2647 2389 2952 2461 ἐμπεσοῦσα
3000 2390 3217 2465 κέντρον
3278 2391 3518 2467 γένηται,
3572 2392 3743 2447 ἄλλοι

2085 2475 2165 2529 ἐπ’
2209 2475 2365 2548 ἄλλῳ
2413 2477 2613 2538 κύκλος
2670 2478 3011 2554 ἐγειρόμενος
3060 2481 3148 2533 καὶ
3198 2486 3439 2554 συνεχῶς
3491 2481 3746 2559 ἐπιφρίσ-

2085 2586 2190 2618 σων
2235 2565 2314 2618 ἀεὶ
2367 2564 2482 2620 λύει
2527 2568 2616 2621 τὸν
2669 2565 2882 2637 ἔξωθεν⁹
2941 2573 3101 2623 τοῦτο
3150 2570 3239 2623 καὶ
3297 2569 3442 2641 αὐτῷ
3477 2593 3568 2642 μοι
3603 2592 3746 2643 συμ-

2085 2649 2314 2723 ϐέϐηκεν
2366 2652 2638 2730 ἄντικρυς.
2688 2658 2758 2710 Τὸ
2796 2657 2887 2729 μὲν
2914 2657 3000 2711 ἐπὶ
3031 2656 3154 2712 νοῦν
3186 2656 3341 2730 ἦλθε,
3375 2658 3436 2713 τὸ
3472 2657 3529 2714 δὲ
3559 2659 3744 2715 ἐπεισ-

2084 2741 2241 2812 ῆλθε,
2271 2745 2331 2797 τὸ
2378 2742 2434 2797 δὲ
2492 2745 2866 2819 ὑπεχώρησεν·
2913 2746 3002 2800 καὶ
3050 2748 3239 2820 κάμνω
3289 2749 3414 2822 περὶ
3454 2749 3552 2817 τήν
3583 2747 3742 2824 αἶ’ρε-

2083 2853 2189 2900 σιν,
2238 2833 2319 2887 ἀεὶ
2365 2838 2462 2887 τοῦ
2510 2831 3017 2908 προκαταλαϐόντος
3059 2839 3171 2908 (67)
3206 2837 3625 2911 ὑπεξισταμένου
3657 2839 3742 2912 τῷ

2084 2919 2435 2997 ἐπεισρὲοντι.

2154 3107 2224 3153 Κ¹⁶
2257 3099 2345 3162 Τίς
2382 3102 2474 3173 μὲν
2522 3103 2621 3176 γὰρ
2674 3101 2880 3156 ἐκείνου
2932 3103 3055 3178 περὶ
3103 3105 3170 3158 τὰ
3226 3106 3377 3158 κοινὰ
3435 3104 3742 3161 σπουδαιό-

2081 3208 2268 3262 τερος;
2300 3190 2381 3250 τίς
2413 3187 2469 3243 δὲ
2497 3190 2563 3243 τὰ
2595 3190 2734 3244 οἷ’κοι
2765 3189 3206 3268 φιλοσοφώτερος
3259 3196 3394 3266 (68),
3422 3192 3607 3263 ἐπειδὴ
3643 3197 3740 3249 καὶ

2083 3278 2228 3331 οἷκον
2280 3276 2522 3352 ἐμέρισεν
2575 3278 2738 3350 αὐτῷ,
2771 3279 2860 3333 καὶ
2909 3287 3097 3348 κτῆσιν
3143 3281 3472 3356 σύμμετρον,
3506 3285 3533 3338 ὁ
3563 3286 3741 3339 πάντα

2083 3364 2265 3427 καλῶς
2286 3366 2375 3420 καὶ
2405 3366 2672 3429 ποικίλως
2689 3368 2993 3440 οἰκονομῶν
3025 3369 3152 3431 Θεός
3179 3388 3192 3438 ;
3224 3371 3314 3433 Τίς
3347 3368 3404 3425 δὲ
3432 3373 3740 3446 πένησι,τῷ

2085 3454 2412 3527 ἀτιμωτάτῳ
2447 3455 2595 3530 μέρει
2624 3463 2723 3524 τῆς
2755 3457 3025 3530 ὁμοτίμου
3057 3457 3289 3535 φύσεως,
3397 3462 3496 3528 τὴν
3543 3463 3734 3536 ψυχὴν

2086 3545 2578 3617 συμπαθέστερος,ἣ
2606 3546 2701 3612 τὴν
2734 3551 2896 3619 χεῖρα
2926 3543 3312 3621 δαψιλέστερος
3337 3569 3348 3614 ;
3379 3553 3458 3619 τῷ
3481 3544 3592 3602 ὄντι
3626 3551 3733 3624 γὰρ

2085 3633 2158 3693 ὡς
2191 3633 2483 3704 οἰκονόμος
2511 3631 2821 3708 ἀλλοτρίων
2858 3632 3114 3690 διενοεῖτο
3148 3638 3270 3708 περί
3300 3641 3405 3690 τῶν
3429 3635 3734 3708 ἷδίων,ἐπι-

2083 3722 2352 3798 κουφίζων
2383 3723 2481 3790 τήν
2516 3723 2695 3777 πενίαν
2721 3723 2798 3784 εἰς
2831 3720 3076 3795 δύναμιν,
3109 3725 3196 3778 καὶ
3222 3722 3632 3797 δαπανώμενος,
3665 3727 3732 3781 οὗ

2082 3816 2198 3871 τοῖς
2244 3815 2518 3886 περιττοῖς
2573 3811 2762 3882 μόνον,
2813 3809 2957 3866 ἀλλὰ
3016 3809 3080 3880 δὴ
3127 3814 3216 3866 καὶ
3246 3818 3362 3875 τοῖς
3395 3813 3733 3887 ἀναγκαίοις,

2083 3900 2222 3974 ἥπερ
2262 3898 2328 3966 δὴ
2374 3900 2673 3976 σαφεστάτη
2726 3898 3109 3976 φιλοπτωχίας
3155 3900 3447 3972 ἀπόδειξις,
3496 3904 3584 3957 καὶ
3644 3902 3734 3957 δι-

2083 3987 2214 4044 δοὺς
2249 3985 2460 4060 μερίδα,
2493 3989 2553 4042 οὐ
2583 3994 2701 4050 τοῖς
2733 3989 2866 4043 ἑπτὰ
2918 3990 3104 4062 μόνον,
3154 3993 3288 4044 κατὰ
3331 3994 3430 4060 τὴν
3481 3997 3577 4046 τοῦ
3623 4000 3730 4048 Σο-

2083 4076 2366 4148 λομῶντος
2413 4079 2753 4150 νομοθεσίαν,
2810 4077 2936 4133 ἀλλ’
2971 4079 3019 4132 εἷ’
3062 4078 3355 4154 προσέλθοι
3386 4081 3474 4135 καὶ
3507 4079 3731 4156 ὄγδοος,

2084 4164 2226 4238 μηδὲ
2265 4166 2485 4221 ἐντσῦθα
2516 4167 3046 4242 μικρολογούμενος,
3087 4167 3215 4222 ἀλλ’
3263 4166 3420 4236 ἥδιον
3472 4171 3732 4224 ἀποκτώ-

2083 4276 2266 4326 μενος,
2420 4255 2749 4326 κτωμένους,
2813 4253 3018 4318 ἄλλους
3084 4258 3437 4331 γινώσκομεν·
3489 4258 3728 4335 ἀναιρῶν

2079 4342 2379 4416 σύνδεσμον
2428 4341 2516 4397 καί
2575 4345 2915 4418 χειροτονίαν
2977 4344 3130 4421 (ὅπερ
3190 4345 3314 4418 ἐμοὶ
3357 4344 3574 4401 δύναται
3638 4370 3729 4419 μι-

2076 4431 2368 4508 κρολογίαν
2419 4432 2506 4486 καὶ
2559 4430 2875 4502 δοκιμασίαν
2931 4439 3024 4487 τοῦ
3076 4435 3417 4507 Αηψομένου,
3476 4434 3624 4498 ὅστις
3671 4458 3731 4492 τε

2076 4520 2335 4593 ἅξιος,καί
2361 4521 2507 4582 ὅστις
2531 4521 2592 4575 οὕ
2617 4525 2798 4596 (68¹¹]),
2823 4523 2911 4576 καὶ
3017 4543 3089 4594 μα
3119 4529 3437 4598 γογγυσμοῦ
3473 4527 3608 4596 μετὰ
3625 4533 3729 4595 τῆς

2076 4609 2390 4672 ἐπιδόσεως.
2442 4611 2612 4685 ’Ὁπερ
2657 4612 2962 4685 πάσχουσιν
2991 4613 3043 4664 οἱ
3072 4609 3305 4682 πολλοὶ,
3336 4610 3573 4675 διδόντες
3607 4615 3726 4686 μὲν,

323 4671 450 4688 Iun”
559 4671 662 4682 "V'
704 4671 807 4692 ⁷⁷⁷3
850 4671 904 4674 “““
985 4671 998 4688 1
1407 4671 1422 4683 ι
1610 4671 1621 4681 ι

320 4727 461 4786 tem,
507 4671 564 4774 ei
605 4710 1057 4786 explorationem
1103 4705 1252 4774 ejus,
1304 4703 1403 4774 qui
1457 4705 1801 4771 accepturus
1853 4705 1961 4770 est,

2094 4701 2133 4753 τὸ
2169 4697 2225 4753 δὶ
2280 4698 2580 4774 προθύμως
2640 4698 2699 4751 οὐ
2759 4699 3166 4774 προστιθέντεςο
3228 4700 3258 4754 ὅ
3312 4706 3409 4755 τοῦ
3468 4701 3728 4777 παρέχειν

323 4814 476 4869 sitne
504 4804 774 4864 videlicet
803 4802 1040 4873 dignus,
1072 4800 1298 4865 necne),
1350 4811 1416 4850 ac
1466 4793 1785 4849 murmuris
1835 4808 1959 4847 ver-

389 4955 432 4989 ⁸⁷
462 4950 647 5008 Eccle.
679 4965 756 5015 x1,
787 4947 841 5000 2.
919 4944 961 4977 ⁸⁸
996 4944 1107 4998 lsa.
1139 4956 1291 5006 Lvm,
1323 4939 1377 4992 9.

386 5096 500 5168 (61)
530 5084 1088 5168 Νεανιε-ύσασθαικριτ.
1125 5086 1175 5168 i,
1207 5078 1584 5168 νεανιεύεσθαι.

389 5150 498 5238 aes;
531 5162 818 5238 Παρετέον.
850 5161 944 5216 Sic
978 5160 1115 5228 Reg.
1142 5150 1262 5222 bm,
1289 5160 1408 5210 tres
1439 5152 1620 5217 Colh.,
1646 5151 1741 5205 Or.
1770 5150 1963 5218 1,195.

315 5231 815 5311 Ιάθᾶηπὰρεθέν,
985 5303 1018 5311 _
1317 5297 1328 5311 I
1527 5299 1535 5311 ι
1593 5294 1633 5311 n
1746 5293 1759 5311 ι
1951 5290 1963 5311 ,

522 5293 674 5363 Μετὰ
723 5303 940 5358 τούτου.
983 5303 1159 5371 Begg.
1213 5315 1264 5367 α,
1317 5297 1438 5362 bm,
1487 5299 1546 5350 et
1592 5294 1687 5348 Or.
1741 5293 1794 5358 1,
1849 5311 1945 5362 μετ

313 5381 496 5438 αὐτοῦ.

524 5448 742 5504 Πλεῖον.
765 5448 919 5521 ΔΤινεξε
949 5441 1141 5521 (1011),,
1170 5443 1226 5493 et
1254 5439 1529 5521 Montes,
1560 5432 1789 5521 πλείων.

402 5507 490 5596 665
516 5523 587 5596 Ἡ,
612 5516 828 5596 ἀπορέα-
865 5518 1000 5596 lies:
1035 5531 1086 5576 αι
1118 5509 1354 5596 ἐπεερίαν
1446 5507 1762 5596 impacti“;
1789 5527 1815 5596 i3

524 5593 601 5650 Τὸ
631 5578 812 5647 νικοῦν
852 5578 1176 5669 εὐρξῖνττοῖς
1211 5578 1548 5669 ἑμοτίμοιςξ
1575 5580 1711 5669 iieg-
1750 5578 1959 5669 bnmhet

310 5647 567 5734 Οιδίίίτῦ
596 5668 759 5719 νικῶν
784 5647 997 5734 [bene].
1022 5657 1179 5734 idem
1210 5647 1374 5734 ljeg._,
1397 5647 1518 5734 bm,
1541 5647 1745 5734 et__tres
1769 5647 1954 5734 (lein,

311 5735 362 5794 δν
392 5725 509 5798 τοῗς
542 5725 860 5809 ὁμοτίμοῖς,
894 5725 1177 5804 [optime].
1210 5726 1371 5792 Quod
1403 5725 1487 5780 sic
1524 5725 1742 5796 optime
1772 5725 1952 5776 inter-

2078 4787 2263 4863 μεῖζὸν
2313 4787 2421 4844 ἐστι
2473 4787 2561 4841 καὶ
2610 4789 2956 4864 τελεώτερον.
3003 4787 3207 4861 ΠολΛῷ
3235 4791 3335 4865 γὰρ
3370 4789 3585 4865 βέλτιον
3616 4795 3726 4864 (69)

2071 5079 2332 5148 pretatur
2361 5073 2515 5150 Elias
2547 5091 2557 5127 :
2586 5095 2614 5124 α
2648 5090 2750 5129 nec
2781 5075 2920 5150 quid
2965 5080 3200 5147 praestet
3230 5076 3492 5133 invenire
3524 5082 3721 5150 queat,

2077 5146 2211 5202 cum
2243 5146 2440 5201 omnia
2471 5146 2590 5216 sint
2620 5147 2882 5216 apqualia.
2912 5169 2938 5195 »

2147 5221 2258 5291 (67)
2291 5211 2827 5292 Προκαταλαϐόντος.
2881 5219 3020 5290 Reg.
3073 5235 3126 5283 a,
3181 5219 3275 5275 0r.
3313 5221 3362 5287 1,
3413 5213 3726 5293 προλαϐόν-

2072 5311 2186 5351 τος.

2164 5356 2764 5434 68)(1ξιλοσοιρώτερος.
2803 5383 2832 5434 <<_
2859 5360 3026 5434 [Equi
3069 5361 3337 5434 justique
3384 5362 3664 5418 tenacior.
3697 5385 3725 5411 ιδ

2164 5433 2285 5492 68”)
2317 5431 2588 5485 νοτ-δαίη
2615 5431 3524 5503 ρἐνοηιὴεεῖἱηοὶυεοίὲοὺοίἱοη
3557 5434 3730 5490 nobis

2069 5522 2198 5560 esse
2227 5503 2521 5576 videntur,
2555 5505 2709 5574 quod
2742 5521 2771 5559 e
2804 5505 3065 5576 margine
3097 5507 3224 5560 cod.
3260 5522 3369 5561 me.
3403 5507 3463 5562 in
3498 5511 3728 5561 textum

2069 5576 2388 5646 irrepserit,
2416 5574 2580 5646 ΔΕωνιτ.

2137 5641 2250 5719 (69)
2293 5641 2496 5715 Πυλλῷ
2544 5645 2645 5721 γὰρ
2703 5642 2938 5718 βέλτιον.
2991 5647 3272 5706 Praeclara
3319 5648 3440 5705 haec
3488 5653 3734 5706 sentcn-
