4094 6288
326 398 482 458 1009

1219 399 1510 460 ORATIO
1559 398 1769 460 XVIII.
1805 432 1880 444 -
1914 401 2302 462 FUNEBHIS
2349 400 2427 460 IN
2471 401 2811 461 PATREM.

3589 397 3748 460 1010

322 520 460 582 ⁶ἴναι
538 523 627 580 διὰ
673 527 800 588 τοὺς
847 525 1025 599 ἀξίους
1074 528 1280 603 ὀρέγειν
1332 529 1420 582 καὶ
1469 535 1586 591 τοῖς
1633 529 1895 602 ἀναξίοις,
1945 530 1980 598 ἢ

2097 532 2236 587 bum
2269 549 2400 587 cum
2437 532 2762 604 largitione.
2799 532 2859 586 Id
2905 531 3161 602 profecto
3190 530 3486 602 plerisque
3515 530 3746 596 accidit,

323 617 453 677 τοὺς
489 615 666 687 ἀξίους
714 615 1027 691 ἀποστερεῖν
1081 614 1187 671 δέει
1236 622 1342 670 τῶν
1389 618 1634 688 ἀναξίων.
1685 619 1780 672 Καὶ
1821 623 1981 672 τοῦτο

329 707 464 760 εἶναι
515 704 781 782 φαίνεται,
830 706 893 758 τὸ
942 713 1143 780 χρῆναι
1193 708 1426 777 πέμπειν
1475 708 1536 760 τὸ
1585 706 1742 782 ἄρτον
1796 708 1983 762 ἑαυτοῦ

326 795 415 849 καὶ
445 795 564 847 καθ’
614 791 828 864 ὕδατος,
879 794 952 855 ὡς
1003 795 1065 848 οὗ
1097 796 1642 869 παρασυρησόμενον,
1674 794 1798 850 οὐδὲ
1846 797 1981 850 ἀπο-

329 881 599 955 λούμενον
648 887 727 952 τῷ
759 879 954 954 δικαίῳ
1001 883 1207 937 τούτων
1265 883 1514 957 ἐξεταστῇ
1560 889 1694 958 (70),
1727 883 1853 940 ἀλλ’
1903 885 1980 940 ἐν·

323 976 492 1034 ταῦθα
520 973 942 1041 καταντήσοντα,
995 969 1057 1024 οὗ
1103 973 1273 1025 πάντα
1323 973 1555 1026 κείσεται
1610 973 1674 1026 τὰ
1717 974 1974 1049 ἡμέτερα,

327 1059 414 1114 καὶ
450 1061 843 1128 ἀπαντήσονται
879 1061 991 1132 (71)
1023 1059 1073 1113 ἐν
1115 1065 1312 1136 καιρῷ,
1347 1061 1442 1114 κᾶν
1494 1063 1657 1134 ἡμεῖς
1711 1064 1785 1134 μὴ
1818 1067 1977 1117 τοῦτο

325 1148 664 1220 νομίζωμεν·

2094 622 2192 692 qui
2236 622 2507 676 tribuunt
2536 621 2794 690 quidem,
2827 636 3028 676 verum
3060 619 3167 675 hoc
3198 636 3314 674 non
3345 618 3651 687 adjiciunt,
3682 623 3748 675 ut

2094 718 2363 781 prompte
2393 727 2458 765 ac
2489 709 2740 764 libenter
2768 708 3050 774 tribuant,
3086 708 3240 779 quod
3273 712 3428 762 certe
3468 709 3661 778 majus
3691 712 3749 763 et

2093 800 2405 870 perfectius
2455 805 2565 864 est,
2597 814 2773 868 quam
2809 799 3084 868 praebere.
3133 796 3312 851 Multo
3359 795 3516 852 enim
3557 797 3748 853 satius

2091 893 2179 942 est
2211 890 2281 942 ob
2315 905 2433 951 eos,
2461 887 2562 956 qui
2594 887 2752 952 digni
2787 892 2945 954 sunt,
2968 885 3228 955 indignis
3253 901 3490 956 quoque
3522 885 3745 957 largiri,

2091 993 2291 1048 quam,
2327 978 2467 1030 dum
2504 977 2825 1030 metuimus
2858 993 2927 1029 ne
2959 975 3029 1028 de
3059 974 3318 1043 indignis
3350 976 3493 1030 bene
3525 991 3744 1031 merea-

2091 1081 2243 1132 mur,
2272 1065 2480 1134 dignos
2512 1065 2689 1118 etiam
2723 1064 3002 1118 beneficio
3027 1064 3394 1118 defraudare.
3418 1065 3608 1134 Atque
3629 1065 3744 1120 huc

2089 1155 2377 1225 pertinere
2429 1153 2676 1216 videtur,
2730 1153 2883 1220 quod
2944 1152 3022 1206 ait
3070 1151 3390 1222 Scriptura,
3424 1168 3634 1222 panem
3683 1153 3741 1208 in

327 1256 541 1310 aquam
574 1255 807 1309 quoque
839 1238 1192 1294 mittendum
1226 1255 1354 1295 esse
1374 1241 1453 1307 5°;
1488 1258 1602 1295 non
1638 1247 1700 1296 ut
1730 1242 2112 1310 distrahatur,
2150 1249 2251 1297 aut
2283 1251 2480 1309 pereat
2507 1243 2660 1312 apud
2696 1244 2926 1312 justum
2959 1241 3168 1296 harum
3201 1255 3396 1295 rerum
3427 1243 3740 1297 aestimato-

326 1344 470 1392 rem,
503 1327 604 1382 sed
637 1343 702 1382 eo
735 1329 1049 1398 perveniat,
1084 1329 1182 1382 ubi
1233 1329 1430 1384 omnia
1481 1335 1681 1384 nostra
1722 1330 2186 1399 collocabuntur,
2219 1336 2396 1400 atque
2444 1331 2504 1384 in
2552 1335 2815 1400 tempore
2862 1332 3188 1394 occurrent,
3223 1333 3524 1398 utcunque
3570 1329 3742 1384 aliter

327 1417 756 1473 existimemus.

399 1523 520 1578 KA'.
547 1523 617 1575 Τὸ
650 1518 709 1585 ἃ
737 1521 1029 1577 κάλλιστόν
1075 1543 1133 1577 τε
1179 1523 1269 1577 καὶ
1323 1522 1602 1597 μέγιστον,
1634 1522 1715 1577 ὅτι
1765 1529 1842 1596 τῷ
1883 1546 1974 1596 με·

327 1609 636 1686 γαλοψύχῳ
665 1617 873 1685 προσῆν
923 1611 1010 1665 καὶ
1063 1612 1126 1665 τὸ
1180 1611 1527 1689 ἀφιλότιμον.
1580 1617 1742 1669 ’Ὁσον
1794 1611 1850 1667 δὲ
1889 1615 1975 1667 καὶ

329 1701 466 1766 οἷον,
500 1696 766 1768 δηλώσω]
805 1695 1064 1775 ἔρχομαι·
1098 1702 1172 1754 Τὰ
1226 1703 1318 1774 μὲν
1369 1702 1471 1776 γὰρ
1508 1703 1771 1777 χρήματα
1800 1704 1975 1766 κοινὰ,

325 1789 415 1843 καὶ
447 1791 480 1856 ἡ
514 1787 792 1860 προθυμία
837 1793 934 1843 τοῦ
981 1790 1264 1866 παρέχειν,
1301 1789 1444 1861 αὖτῷ
1487 1811 1542 1844 τε
1589 1791 1678 1845 καὶ
1726 1795 1794 1864 τῇ
1841 1793 1976 1864 ὁμο-

2156 1527 2302 1581 XXl.
2337 1527 2496 1591 Quod
2548 1530 2742 1580 autem
2796 1526 3115 1579 maximum
3167 1528 3224 1578 et
3273 1522 3734 1594 pulcherrimum

2088 1620 2195 1685 est,
2230 1616 2299 1670 ad
2343 1615 2521 1669 animi
2576 1613 3044 1685 magnitudinem
3094 1611 3288 1685 gloriae
3338 1629 3572 1684 quoque
3600 1630 3737 1668 con-

2085 1709 2373 1776 temptum
2436 1704 2811 1774 adjungebat.
2873 1703 3139 1766 Quantus
3197 1705 3394 1756 autem
3445 1707 3502 1756 et
3546 1701 3738 1773 qualis

2089 1793 2280 1858 fuerit,
2314 1795 2640 1847 ostendam.
2675 1793 2951 1856 Quamvis
3001 1791 3154 1846 enim
3202 1807 3341 1862 opes
3384 1789 3497 1860 ipsi
3541 1796 3739 1846 essent

330 1853 480 1951 ζύγω
509 1853 643 1952 πρὸς
671 1853 734 1931 τὸ
764 1853 1067 1933 κάλλιστον’
1094 1853 1533 1952 ἁμιλλωμένοις·
1557 1886 1656 1949 τῆς
1684 1853 1978 1941 έπιιδόσέως

2094 1899 2221 1937 cum
2256 1899 2432 1936 uxore
2463 1899 2827 1949 communes,
2853 1882 3110 1951 itemque
3134 1879 3423 1952 largiendi
3455 1882 3737 1951 prompti-

327 1963 384 2020 δὲ
412 1967 474 2020 τὸ
506 1965 766 2020 πλεῖστον
795 1971 863 2040 τῇ
897 1965 1106 2038 ἐκείνης
1155 1968 1304 2044 χειρῖ
1353 1975 1612 2042 παρῆκεν,
1654 1969 1727 2030 ὡς
1761 1969 1979 2044 ἀρίστης

325 2053 618 2127 οἰκονόμου
666 2060 774 2109 τῶν
823 2055 1091 2110 τοιούτων
1137 2057 1226 2111 καὶ
1278 2059 1609 2128 πιστοτάτης
1643 2100 1655 2112 .
1705 2058 1861 2119 Τίνος
1911 2055 1976 2126 δὴ

325 2145 581 2218 γυναικὸς
618 2143 786 2217 λέγω,
821 2144 909 2198 καὶ
960 2142 1098 2212 οἵας,
1132 2145 1168 2219 ᾖ
1206 2145 1345 2219 μηδὲ
1391 2147 1454 2200 τὸ
1506 2143 1851 2202 ’Δτλαντικὸν
1885 2149 1978 2202 πέ-

329 2232 516 2308 λαγος,
549 2234 583 2301 ἢ
617 2231 662 2287 ε⁹ί
693 2255 743 2287 τι
781 2232 924 2288 ἄλλο
978 2239 1084 2288 τῶν
1123 2235 1415 2310 μεγίστων,
1455 2232 1676 2311 ἤρκεσεν
1726 2236 1782 2291 ἂν
1819 2239 1982 2292 ἀπαν-

329 2320 630 2394 τλοῦμενον
666 2340 678 2389 ;
712 2327 968 2384 τοσοῦτος
1001 2319 1137 2398 ἔρως
1167 2329 1264 2379 τοῦ
1285 2324 1544 2400 παρέχειν
1579 2325 1734 2399 αὐτῇ,
1769 2326 1856 2380 καὶ
1889 2326 1979 2380 0’3-

329 2431 439 2471 τως
475 2410 724 2485 ἄμετρος
759 2412 791 2480 ἣ
818 2413 917 2480 τήν
950 2414 1364 2485 Σολομώντειον
1392 2412 1626 2488 βδέλλαν
1658 2415 1731 2476 εἷς
1764 2415 1982 2470 τοῦναν-

331 2498 445 2554 τίον
507 2498 790 2570 ἐζήλωσε,
849 2505 916 2575 τῇ
967 2502 1090 2576 περὶ
1128 2501 1190 2556 τό
1249 2508 1490 2578 κρεῖττον
1549 2503 1824 2574 ἀπληστίᾳ
1877 2505 1976 2572 τὴν

335 2589 410 2650 εἷς
441 2589 502 2642 τὸ
553 2594 740 2664 χεῖρον
790 2593 902 2660 (72)
949 2594 1230 2660 νικήσασα,
1277 2591 1366 2645 καὶ
1413 2592 1573 2668 κόρον
1629 2593 1732 2646 οὐκ
1778 2592 1979 2668 ἔχουσα

324 2683 425 2745 τῆς
458 2678 580 2752 περὶ
627 2678 688 2731 τὸ
740 2677 794 2731 εὗ
844 2685 1017 2733 ποιεῖν
1062 2681 1390 2753 προθυμίας·
1425 2682 1458 2749 ἢ
1510 2683 1585 2753 μή
1638 2680 1718 2736 ὅτι
1769 2703 1830 2755 γε
1877 2683 1974 2750 τήν

325 2764 508 2819 οὐσίαν
574 2767 802 2838 ἅπασαν,
863 2766 960 2838 ὅση
1023 2789 1080 2822 τε
1137 2769 1203 2837 ἦν
1256 2768 1464 2839 αὐτοῖς,
1523 2771 1611 2824 καὶ
1660 2769 1757 2840 ὅση
1810 2791 1978 2846 προσ-

323 2854 548 2930 εγένετο,
585 2853 906 2930 μικροτέραν
955 2858 1144 2930 ἡγεῖτο
1194 2863 1296 2925 τῆς
1347 2857 1550 2919 οἰκείας
1584 2857 1811 2936 έυέσεως
1839 2861 1972 2932 (73)·

323 2941 468 2996 ἀλλὰ
495 2942 581 2998 καὶ
616 2944 808 3012 ἕαυτήν
836 2945 923 2999 καὶ
954 2945 1081 3007 τοὺς
1129 2944 1327 3008 παῖδας
1361 2946 1596 3019 ἑτοίμως
1628 2945 1857 3002 ἀπέδοτο
1891 2948 1974 3018 ἂν,

323 3028 375 3085 εἷ’
403 3053 518 3094 πως
549 3031 692 3101 ἐνῆν,
726 3033 753 3088 ὃ
786 3034 874 3088 καὶ
905 3032 1178 3096 πολλάκις
1229 3035 1396 3104 αὐτῆς
1431 3033 1699 3111 λεγούσης
1744 3034 1971 3109 ἤκουσα,

323 3119 459 3174 ὥστε
508 3117 944 3192 ἐκδαπανηθῆναι
991 3128 1111 3184 τοῖς
1160 3123 1352 3193 πένησι
1385 3167 1396 3179 .
1448 3123 1626 3198 Ταύτῃ
1673 3124 1765 3186 τὰς
1817 3125 1972 3194 ἡνίας

2089 1972 2253 2034 tudo,
2286 1972 2497 2042 quippe
2547 1972 2643 2040 qui
2697 1972 2766 2025 de
2811 1969 3208 2042 pulcherrima
3263 1985 3496 2040 quaque
3525 1971 3740 2024 virtute

2091 2061 2539 2125 contenderent;
2574 2061 2855 2128 majorem
2888 2063 3082 2113 tamen
3105 2058 3232 2129 ipse
3261 2056 3589 2129 largitionis
3612 2075 3738 2129 par-

2089 2153 2205 2205 tem
2239 2149 2310 2216 ei,
2347 2153 2408 2202 ut
2438 2149 2668 2220 optimae
2701 2152 2756 2202 et
2787 2146 3140 2202 fidelissimae
3168 2145 3507 2217 bujusmodi
3541 2163 3735 2202 rerum

2090 2237 2518 2309 dispensatrici,
2553 2237 2938 2308 relinquebat.
2974 2238 3156 2300 Quam
3193 2239 3384 2290 autem
3418 2238 3475 2290 et
3502 2234 3734 2306 qualem

2091 2325 2396 2382 mulierem
2429 2327 2577 2390 dico,
2611 2325 2700 2380 cui
2739 2341 2806 2380 ne
2836 2323 3186 2378 Atlanticum
3214 2323 3446 2395 quidem
3473 2323 3737 2396 pelagus,

2091 2419 2193 2471 aut
2222 2416 2267 2471 si
2303 2415 2442 2487 quid
2477 2415 2630 2470 aliud
2668 2414 2991 2469 maximum
3022 2418 3129 2480 est,
3174 2414 3244 2467 ad
3279 2412 3736 2468 exhauriendum

2089 2505 2356 2561 sufﬁcere
2388 2504 2720 2576 potuisset?
2748 2506 2968 2558 Tantus
2990 2506 3229 2573 tamque
3250 2501 3603 2556 immodicus
3626 2502 3737 2573 ipsi

2089 2595 2280 2649 inerat
2317 2593 2600 2664 largiendi
2655 2591 2855 2647 amorl
2891 2593 3046 2646 344
3077 2594 3212 2655 Qua
3243 2589 3574 2646 Salomonis
3605 2608 3740 2646 san-

2088 2684 2394 2755 guisugam
2424 2683 2469 2717 5°
2514 2683 2570 2736 in
2605 2682 2962 2736 contrarium
3014 2679 3287 2735 aemulata
3316 2683 3426 2746 est,
3457 2679 3741 2735 nimirum

2090 2789 2191 2844 per
2221 2771 2629 2843 inexplebilem
2665 2771 2732 2826 ad
2770 2772 2987 2826 bonum
3022 2769 3426 2840 cupiditatem,
3461 2769 3746 2824 insatura-

2087 2862 2260 2916 bilem
2307 2861 2377 2915 ad
2412 2861 2631 2915 malum
2684 2859 3016 2914 aviditatem
3067 2858 3326 2925 vincens,
3360 2861 3639 2928 tantaque
3672 2857 3741 2912 ad

2087 2951 2232 3005 bene
2276 2950 2617 3003 merendum
2671 2947 2968 3002 alacritate
3016 2946 3276 3018 praedita,
3313 2949 3376 3000 ut
3396 2961 3462 3000 ea
3493 2947 3743 3002 saturari

2085 3055 2200 3093 non
2235 3046 2461 3109 posset;
2517 3054 2642 3107 quae
2675 3037 2928 3106 denique
2956 3052 3068 3089 non
3123 3049 3262 3105 opes
3291 3033 3482 3090 solum
3516 3050 3740 3104 omnes,

2084 3144 2230 3198 quas
2259 3126 2344 3181 vel
2381 3127 2450 3180 ab
2483 3125 2650 3179 initio
2684 3125 2911 3192 habuit,
2945 3123 3032 3178 vel
3066 3127 3270 3196 postea
3292 3127 3608 3179 consecuta
3632 3128 3740 3181 est.

333 3207 468 3270 ὅλας
518 3209 764 3287 ἐπαφῆκε
813 3219 913 3280 τῆς
960 3209 1273 3272 ἐπιδόσεως.
1307 3214 1372 3268 Ὂ
1412 3211 1500 3266 καὶ
1551 3211 1983 3289 παραδείγματος

2096 3216 2413 3287 cupiditate
2446 3232 2552 3270 sua
2601 3215 2856 3270 minores
2905 3213 3279 3267 existimabat
3310 3229 3322 3267 :
3353 3213 3453 3268 sed
3487 3212 3742 3285 seipsam

334 3296 459 3369 ἐμοὶ
509 3304 640 3373 γοῦν
691 3305 934 3373 κρεῖττον
985 3296 1447 3373 ὑπολαμϐάνεται.
1495 3303 1564 3356 Τὸ
1617 3302 1708 3374 μὲν
1757 3303 1858 3378 γὰρ
1909 3303 1982 3365 εἷς

330 3390 592 3463 χρήματα
629 3389 1038 3464 μεγαλόψυχον,
1084 3390 1171 3444 καὶ
1222 3397 1346 3465 παρ’
1390 3387 1584 3452 ἄλλοις
1630 3391 1691 3445 οὐ
1722 3389 1981 3466 χαλεπῶς

321 3475 467 3552 εὕροι
516 3499 596 3539 τις
645 3477 724 3549 ἂν,
784 3477 881 3532 ὅσα
933 3499 990 3532 τε
1041 3478 1116 3540 εἰς
1166 3480 1261 3540 τας
1308 3481 1490 3542 κοινὰς
1546 3479 1633 3534 καὶ
1694 3481 1980 3543 πολιτικὰς

320 3565 623 3620 ἀπόλλυται
649 3566 1003 3644 φιλοτιμίας,
1037 3568 1135 3623 ὅσα
1181 3589 1238 3623 τε
1285 3573 1364 3640 τῷ
1411 3574 1524 3640 Θεῷ
1565 3567 1654 3624 διὰ
1681 3574 1786 3624 τῶν
1821 3573 1982 3640 πενή-

311 3675 417 3708 των
454 3651 768 3728 δανείζεται,
817 3658 904 3711 καὶ
962 3658 1099 3730 μόνα
1152 3663 1270 3718 τοῖς
1322 3657 1667 3713 ἀναλίσκουσι
1720 3660 1978 3734 Θησαυρί-

316 3748 478 3812 ζεται·
511 3752 610 3814 τῆς
646 3743 702 3799 δὲ
744 3745 830 3800 ἐπὶ
885 3747 1069 3818 τούτῳ
1101 3749 1213 3819 (74)
1249 3743 1430 3816 δόξης,
1478 3747 1577 3802 οὐκ
1624 3744 1762 3802 ἔστιν
1798 3745 1978 3803 ὅντινα

313 3836 795 3908 παραχωρήσαντα
868 3833 1069 3909 ῥᾳδίως
1127 3834 1444 3907 εὑρίσκομεν
1491 3878 1503 3890 .
1557 3840 1660 3888 Τοῢ
1723 3837 1816 3908 μὶν
1874 3839 1977 3913 γὰρ

324 3918 582 3992 δαπανᾷν,
635 3922 724 3976 καὶ
778 3925 812 3990 ἡ
868 3920 1152 3998 φιλοδοξία
1198 3928 1314 3983 τοῖς
1365 3922 1599 3982 πολλοῖς
1648 3923 1874 3998 παρέχει
1915 3927 1976 3979 τὸ

315 4011 616 4085 πρόθυμον·
668 4007 730 4064 οὗ
781 4007 837 4064 δὲ
886 4011 1091 4086 ἀφανὴς
1129 4013 1243 4082 (75)
1276 4013 1310 4079 ἡ
1345 4008 1610 4078 ἔπίδοσις,
1657 4011 1765 4066 ἐκεῖ
1794 4012 1882 4066 καὶ
1915 4015 1974 4066 τὸ

316 4098 574 4173 παρέχειν
606 4095 974 4174 ἀμϐλύτερον.

2096 3321 2347 3376 quoque,
2395 3303 2443 3357 si
2495 3303 2616 3357 ﬁeri
2669 3303 2975 3374 potuisset,
3008 3306 3064 3356 et
3123 3301 3358 3368 liberos,
3392 3305 3456 3356 ut
3501 3317 3571 3358 ex
3617 3302 3746 3373 ipsa

2094 3411 2246 3465 saepe
2271 3393 2485 3458 audivi,
2517 3397 2779 3464 prompte
2802 3408 2865 3445 ac
2897 3391 3165 3445 lubenter
3184 3390 3564 3455 vendidisset,
3591 3395 3654 3445 ut
3684 3391 3743 3444 in

2094 3497 2416 3554 pauperum
2474 3499 2617 3536 usus
2667 3481 3149 3551 expenderentur.
3183 3479 3329 3533 Huic
3378 3484 3530 3535 totas
3572 3481 3744 3551 largi-

2091 3564 2269 3626 tionis
2293 3572 2549 3627 babenas
2575 3571 2669 3625 ille
2693 3571 3203 3642 permiseratouze
3226 3585 3477 3634 res,mea
3503 3568 3742 3639 quidem

2091 3662 2396 3724 sententia,
2434 3660 2588 3714 omni
2639 3659 2906 3730 exemplo
2938 3656 3306 3730 praestantior
3338 3673 3402 3710 ac
3434 3655 3747 3712 sublimior

2088 3755 2196 3804 est.
2232 3750 2376 3804 Nam
2412 3749 2590 3805 animi
2627 3749 2859 3818 quidem
2893 3747 2951 3801 in
2979 3745 3244 3817 pecuniis
3276 3745 3744 3815 magnitudinem

2089 3841 2241 3909 apud
2303 3839 2449 3891 alios
2509 3853 2740 3908 quoque
2799 3835 2967 3890 facile
3027 3834 3279 3905 reperire
3325 3838 3435 3899 est,
3480 3831 3599 3887 sive
3645 3850 3744 3888 eas

2087 3932 2334 3998 spectes,
2377 3943 2503 3996 quae
2549 3926 2606 3979 in
2657 3924 2921 3996 publicas
2973 3928 3030 3976 et
3075 3921 3342 3994 politicas
3391 3922 3743 3992 cupiditates

2085 4015 2308 4087 perdite
2339 4015 2742 4075 effunduntur,
2774 4015 2892 4067 sive
2926 4029 3053 4083 quas
3079 4011 3194 4066 Deo
3226 4027 3327 4082 per
3357 4025 3644 4082 pauperes
3667 4010 3742 4068 fe-

2086 4105 2210 4158 nori
2245 4105 2481 4170 dantur,
2517 4103 2770 4173 solaeque
2801 4102 2895 4167 iis,
2917 4100 3017 4171 qui
3039 4116 3137 4154 eas
3170 4100 3523 4169 expendunt,
3545 4115 3742 4156 recon-

318 4189 544 4243 duntur
577 4207 588 4244 :
627 4195 684 4244 at
715 4189 813 4261 qui
847 4190 1091 4260 gloriam
1123 4206 1192 4244 ex
1222 4206 1289 4245 ea
1319 4206 1378 4245 re
1410 4190 1710 4246 collectam
1759 4191 1923 4247 alteri
1970 4193 2343 4258 concesserit,
2379 4193 2533 4246 haud
2588 4192 2668 4246 ita
2718 4189 2884 4244 facile
2931 4189 3310 4259 reperiemus.
3347 4187 3624 4242 Permulti
3657 4187 3736 4242 si-

319 4277 556 4347 quidem
590 4278 660 4332 ad
696 4284 972 4348 sumptus
1003 4283 1272 4350 prompto
1304 4280 1499 4335 animo
1532 4280 1826 4336 faciendos
1857 4281 1980 4337 sola
2011 4282 2250 4337 honoris
2299 4282 2614 4353 cupiditate
2646 4280 2961 4334 ducuntur.
2995 4277 3101 4332 Ubi
3135 4281 3329 4332 autem
3382 4276 3612 4348 largitio
3645 4293 3740 4332 ar-

320 4365 489 4422 bitris
522 4372 699 4431 caret,
734 4367 855 4422 illic
887 4385 1118 4439 quoque
1149 4368 1379 4440 largitio
1410 4369 1758 4440 languescit,
1791 4376 1848 4426 et
1877 4371 2242 4427 obtunditur.

394 4473 501 4528 KP.
533 4476 591 4528 Ἥ
628 4473 722 4545 μὶν
766 4470 856 4526 οὖν
901 4473 1022 4548 χεῖρ
1071 4474 1328 4545 τοσαύτη·
1380 4476 1468 4529 καὶ
1519 4477 1584 4529 τὰ
1631 4475 1806 4530 πλείω
1853 4482 1969 4539 τοῖς

2154 4478 2316 4532 ΧΧΠ.
2351 4479 2538 4532 Tanta
2586 4476 2821 4548 quidem
2857 4491 2923 4530 ac
2954 4472 3085 4529 talis
3139 4472 3247 4527 fuit
3287 4471 3450 4527 illius
3481 4469 3736 4527 liberali-

322 4558 492 4616 εἰδόσι
539 4563 878 4635 παρήσομεν,
930 4557 1086 4634 ὥστε,
1121 4561 1240 4616 εἶ¹τι
1294 4565 1382 4618 καὶ
1434 4567 1568 4637 ἡμῖν
1620 4572 1966 4640 μαρτυρεῖται

321 4655 592 4725 τοιοῦτον,
623 4650 673 4722 ἐξ
705 4649 912 4720 ἐκείνης
961 4652 1095 4705 εἶναι
1143 4658 1244 4721 τῆς
1287 4659 1492 4730 πηγῆς,
1543 4654 1790 4708 κάκείνου
1839 4658 1968 4727 μοῖ-

323 4760 417 4815 ραν
447 4745 541 4796 τοῦ
589 4739 876 4814 ὁεύματος.
915 4739 1004 4804 Τίς
1055 4737 1111 4795 δὲ
1159 4740 1292 4815 μετὰ
1339 4747 1472 4798 Θεοῦ
1525 4740 1757 4817 μᾶλλον,
1806 4744 1840 4813 ἢ
1887 4747 1966 4814 τῷ

393 4974 437 5010 ⁶⁹
465 4973 648 5031 Eccle.
678 4987 757 5043 ιι,
791 4975 842 5030 1.
918 4973 963 5009 ⁶⁰
990 4974 1156 5030 Prov.
1188 4990 1318 5044 xxx,
1354 4975 1441 5032 15.

321 5223 403 5296 tia
432 5224 588 5296 apud
637 5224 1014 5296 Demostheni.
1065 5225 1159 5281 Or.
1206 5226 1274 5281 de
1321 5225 1530 5283 Corona
1561 5247 1578 5282 :
1611 5223 1834 5284 Βέλτιον
1887 5223 1975 5280 διὰ

320 5294 448 5356 τοὺς
472 5294 675 5363 ’ἀξίους
717 5300 880 5368 τιμᾷν
929 5295 1054 5371 τους
1106 5296 1373 5370 ἀναξίους,
1397 5299 1441 5371 ςῖ,
1469 5297 1593 5360 τοὺς
1636 5299 1812 5371 ἀξίους
1846 5299 1971 5352 ἀπο-

326 5372 531 5441 στερεῖν
580 5374 680 5436 τῆς
733 5367 1121 5443 προσηκούσης
1174 5367 1480 5440 τιμῆςδιὰ
1525 5367 1970 5439 τοὺςᾶναξίουε.

330 5444 631 5514 {Praestat
663 5442 934 5513 indignos
968 5449 1202 5512 propter
1223 5443 1432 5514 dignos
1457 5445 1766 5508 honorare,
1798 5460 1976 5514 quam

328 5511 557 5609 dignos,
618 5511 854 5585 propter
900 5511 1191 5585 indignos,
1244 5511 1448 5570 merito
1500 5516 1716 5572 honore
1765 5511 1977 5586 spolia-

327 5600 408 5638 re.
446 5606 473 5632 ))

405 5656 517 5730 (7ο)
547 5655 853 5730 Ἐξεταστῇ.
902 5655 997 5712 Sic
1046 5657 1223 5729 Regg.
1275 5675 1327 5726 a,
1359 5659 1481 5730 bm,
1531 5661 1627 5717 Or.
1663 5661 1712 5730 1,
1755 5664 1864 5716 etc.
1917 5661 1978 5714 In

331 5725 448 5797 ed.,
481 5725 754 5800 ὲξετάσθῇ.

2081 4572 2172 4624 tas
2201 4585 2213 4635 ;
2247 4567 2532 4639 pluraque
2584 4566 2756 4620 etiam
2790 4563 3106 4620 scientibus
3139 4561 3558 4633 relinquemus,
3590 4561 3736 4617 adeo

2079 4660 2163 4727 ut,
2199 4656 2246 4711 si
2283 4656 2395 4711 tale
2428 4656 2563 4728 quid
2601 4673 2633 4709 a
2664 4655 2834 4709 nobis
2865 4655 3378 4719 commemoretur,
3402 4649 3546 4705 illud
3578 4665 3646 4705 ex
3668 4665 3733 4706 eo

2081 4745 2237 4802 fonte
2286 4761 2655 4817 promanare,
2702 4743 2977 4815 illiusque
3009 4739 3277 4814 profluvii
3327 4743 3549 4814 partem
3581 4752 3734 4808 esse,

2156 5228 2270 5300 (71)
2317 5227 2760 5295 Ἀπαντήσονται.
2810 5225 2948 5296 Reg.
3009 5224 3126 5292 bm,
3185 5229 3241 5278 et
3294 5221 3390 5278 0r.
3452 5222 3503 5291 1,
3559 5218 3733 5275 ἀπαν-

2082 5301 2336 5368 τήσοντα.

2155 5373 2265 5495 372)
2330 5369 2419 5430 Εἷς

2086 5461 2154 5495 γε
2184 5462 2279 5495 Oti).

2131 5461 2279 5584 είξῗῖί
2303 5513 2563 5584 ἐφὲσεως
2596 5515 2770 5582 Resg-
2805 5527 2856 5584 ιι,
2890 5510 3008 5584 δίη,
3039 5510 3136 5584 Οτι
3164 5509 3222 5584 ,ίο
3255 5503 3562 5576 ἐπιθυμίας·

2161 5578 2271 5660 (7i)
2304 5578 2648 5660 ’Pi‘lti_10:3‘t(p.
2668 5578 2854 5660 ‘Cbisl:
2884 5584 2945 5660 11
2967 5579 3056 5660 έπξ
3083 5578 3311 5660 τούτων.

2163 5650 2270 5732 (75)
2301 5655 2372 5709 Οὗ
2400 5653 2461 5732 δὲ
2506 5650 2730 5732 ἀφανής.
2784 5653 2877 5732 Sic
2907 5653 3082 5711 Coisl.
3116 5655 3166 5723 1,
3215 5653 3308 5706 Or.
3348 5651 3396 5721 1,
3441 5650 3588 5722 Jes.,
3618 5652 3727 5706 etc.

2088 5723 2232 5790 Male
2250 5723 2314 5786 in
2347 5731 2508 5799 edit,
2543 5723 2666 5782 esse
2691 5725 2916 5803 ἀφανής.

2469 5370 2530 5422 τὸ
2580 5372 2787 5442 χεῖρον.
2849 5371 2986 5439 Reg.
3048 5383 3101 5435 8.,
3160 5368 3215 5422 et
3271 5364 3365 5419 Or.
3429 5364 3478 5431 1,
3539 5358 3615 5423 εἷς
3669 5360 3736 5415 τὰ
