4094 6288
371 352 530 413 1013
1257 349 1550 412 ORATIO
1593 345 1808 406 XVIII.
1845 376 1921 389 -
1950 344 2340 405 FUNEBRIS
2386 343 2464 402 ΙΝ
2507 342 2856 405 PATBEM.
3629 345 3788 408 10H

370 479 459 536 διὰ
486 485 670 549 τοῦτο,
722 481 785 535 τὸ
820 482 912 553 μέν
965 481 1245 554 ὁρὼμεοον
1283 481 1394 553 (89)
1435 477 1735 550 ἀτιμάζειν,
1793 476 1940 535 ὃπως
1974 472 2010 527 δ’

2131 475 2426 530 illecebris
2474 474 2684 530 irrctiti
2731 491 2859 530 esse
2885 475 3302 547 arbitrabatur,
3335 476 3491 534 diota
3519 477 3787 551 factaque

368 570 428 626 ἃν
456 572 604 632 έντος
635 573 746 643 (90)
772 569 1038 625 κάλλιστα
1069 568 1213 644 ἔχοι,
1247 567 1407 623 τοῦτο
1444 568 1606 640 μόνον
1639 571 1878 620 σκοπεῖν.
1930 565 2010 617 καῖ

2135 581 2241 619 sua
2278 565 2476 619 omnia
2507 563 2622 618 huc
2652 563 2885 629 referre,
2918 569 2984 619 ut
3013 565 3260 638 gloriam
3294 571 3351 622 et
3400 566 3778 638 splendorem

364 664 530 714 ταῦτα
560 659 683 732 περὶ
714 657 931 714 πολλοῦ
962 662 1254 725 ποιεῖσθαι,
1298 657 1348 727 ἐξ
1381 656 1452 710 ὧν
1487 655 1646 716 αὐτός
1677 675 1732 707 τε
1762 652 2010 707 πλείστοι

2133 655 2287 724 apud
2321 659 2546 708 exteros
2578 658 2951 724 assequatur,
2987 654 3204 726 quippe
3226 657 3328 728 qui
3362 659 3630 727 praesenti
3661 658 3783 714 vita

368 749 512 818 ἄξιος
545 744 714 819 ἔσται,
747 748 988 809 καὶτοὺς
1024 747 1225 809 ἄλλους
1261 744 1400 818 ἕλξει
1429 745 1498 799 δι’
1547 746 1736 798 ἑαυτοῦ
1781 743 1916 818 πρὸς
1959 742 2010 795 τέ

2133 741 2277 796 nihil
2312 743 2536 796 beatius
2569 758 2696 796 esse
2720 743 2894 797 ducat
2928 761 2939 797 :
2975 743 3302 814 spiritualis
3319 749 3513 800 autem
3537 750 3593 801 et
3613 746 3778 802 Chri-

370 835 676 912 βέλτιστον,
2132 831 2516 896 stiani,unam
2543 835 2771 886 tantum
2804 832 3055 887 salutem
3087 833 3160 888 ob
3191 833 3392 889 oculos
3423 833 3537 890 sibi
3569 851 3776 906 propo-

365 945 521 991 nere,
556 933 725 999 atque
757 944 843 994 ea,
879 944 1004 998 qusi
1038 929 1108 981 ad
1141 927 1294 981 hanc
1342 928 1583 990 ducant,
1617 923 1854 996 plurimi
1910 922 2116 976 facere.
2153 937 2279 990 ques
2312 925 2507 974 autem
2553 921 2623 976 ad
2674 938 2801 976 eam
2865 921 3006 976 nihil
3062 923 3386 993 adjumenti
3419 923 3686 989 afferant,
3715 928 3778 980 ut

359 1016 516 1085 vilia,
550 1016 889 1086 nulliusque
926 1015 1112 1087 pretii,
1146 1015 1481 1085 aspernari;
1527 1013 1599 1068 ob
1648 1027 1897 1082 eamque
1928 1025 2188 1076 causam,
2225 1009 2279 1062 id
2311 1009 2567 1078 quidem,
2604 1010 2756 1079 quod
2793 1010 2851 1064 in
2883 1015 3180 1081 aspectum
3229 1012 3405 1083 cadit,
3441 1029 3543 1083 pro
3595 1013 3776 1068 nihilo

362 1111 590 1176 putare,
627 1105 683 1159 id
718 1109 914 1159 autem
948 1121 1132 1158 unum
1165 1108 1446 1175 spectare,
1479 1108 1652 1173 atque
1698 1102 1757 1155 in
1807 1117 1872 1155 eo
1919 1099 2238 1161 elaborare,
2273 1104 2337 1151 ut
2386 1099 2614 1152 interna
2645 1099 2866 1169 optimo
2913 1104 2971 1153 et
3023 1099 3414 1170 pulcherrimo
3446 1106 3602 1156 statu
3636 1101 3774 1170 sint,

364 1210 548 1266 eaque
581 1194 773 1263 magni
815 1194 1125 1260 aestimare,
1158 1209 1226 1248 ex
1257 1192 1472 1264 quibus
1502 1197 1558 1246 et
1607 1191 1732 1263 ipse
1761 1205 1939 1260 quam
1991 1187 2251 1259 optimus
2302 1188 2535 1242 futurus
2566 1188 2662 1254 sit,
2695 1193 2751 1243 et
2780 1189 2926 1244 alios
2957 1184 3222 1260 exem'plo
3273 1207 3380 1245 suo
3429 1191 3500 1245 ad
3551 1191 3776 1262 optima

363 1299 610 1354 quaeque
649 1287 1068 1353 pertracturus.

428 1373 546 1426 KA'.
609 1376 672 1423 "0
729 1368 785 1424 δὲ
837 1369 1129 1425 κάλλιστον
1191 1374 1298 1424 τῶν
1375 1368 1581 1424 έκείνου
1649 1369 1739 1422 καὶ
1799 1365 2011 1420 ἴδιώτα-

356 1480 448 1514 τον
479 1461 608 1532 (94),
642 1461 732 1513 καὶ
765 1457 887 1514 οὐδὲ
915 1465 1032 1520 τοῖς
1060 1457 1297 1521 πολλοῖς
1331 1457 1716 1534 ἀγνοούμενον,
1765 1459 1801 1524 ἡ
1835 1454 2008 1510 ἆπλό-

357 1555 480 1619 τῆς,
532 1545 622 1602 καί
667 1548 729 1602 τὸ
771 1550 867 1603 τοῦ
921 1548 1086 1616 ἤθους
1134 1545 1331 1602 ἅδολόν
1378 1567 1436 1602 τε
1481 1545 1569 1600 καί
1619 1545 2009 1618 ἀμνησίκακον.

362 1634 569 1698 ¹Ἀλλος
621 1637 716 1708 μὲν
761 1639 864 1711 γάρ
911 1635 1051 1692 ἄλλο
1103 1659 1154 1690 τι
1200 1641 1307 1690 τῶν
1356 1635 1604 1690 παλαιῶν
1657 1636 1691 1702 ἣ
1740 1638 1846 1688 τῶν
1879 1634 2008 1686 νέων

359 1727 772 1799 κατωρθωκέναι
849 1725 1176 1797 πιστεύεται,
1255 1727 1332 1786 ὡς
1409 1722 1630 1786 ἕκαστος
1701 1719 1892 1797 ἔτυχεν
1954 1721 2013 1776 ἐκ

2191 1366 2382 1421 XXIV.
2417 1367 2523 1422 Sed
2566 1367 2717 1422 inter
2747 1367 2945 1423 omnia
3003 1367 3190 1440 ipsius
3251 1373 3596 1425 ornamenta
3625 1370 3780 1426 nihil

2122 1471 2283 1526 mque
2314 1455 2650 1527 pulchrum,
2693 1456 2864 1526 eique
2916 1457 3241 1528 proprium,
3292 1474 3358 1513 ac
3409 1458 3774 1514 multitudini

2121 1546 2298 1601 etiam
2331 1545 2632 1614 cognitum
2666 1550 2811 1611 erat,
2846 1551 2908 1600 ut
2939 1545 3308 1617 simplicitas,
3342 1551 3400 1601 et
3430 1563 3622 1602 mores
3653 1547 3774 1603 doli

2122 1637 2407 1704 expertes,
2442 1639 2618 1704 atque
2646 1633 2998 1704 injuriarum
3047 1634 3282 1691 oblivio.
3339 1636 3568 1691 Etenim
3617 1636 3773 1692 alius

2123 1722 2363 1793 quidem
2395 1723 2772 1793 antiquorum
2785 1723 3287 1780 autrecentiorum
3301 1724 3610 1780 hominum
3632 1741 3765 1796 pro-

360 1819 492 1869 θεοῦ
542 1814 768 1889 χάριτός
809 1835 954 1875 τινος
1004 1815 1332 1886 ἠξιωμένος.
1369 1809 1512 1883 Ἰὼϐ,
1544 1812 1608 1866 τὸ
1657 1811 1708 1866 έν
1759 1817 1875 1872 τοῖς
1907 1812 2010 1864 πά-

2127 1812 2252 1881 pria
2281 1813 2535 1882 quadam
2557 1812 2768 1868 virtute
2795 1813 3107 1869 emicuisse
3129 1814 3406 1881 creditur,
3439 1831 3542 1886 pro
3573 1831 3641 1870 ea
3658 1815 3769 1870 sci-

361 1903 477 1956 θυσι
508 1904 826 1978 καρτερικὸν
859 1904 946 1957 καὶ
978 1903 1257 1958 ἀνάλωτον
1287 1921 1298 1933 ·
1333 1904 1541 1971 Μωσῆς
1578 1902 1667 1955 καὶ
1719 1895 1909 1965 Δαϐὶδ,
1959 1900 2018 1953 τὸ

359 1997 552 2064 πρᾶον·
603 1990 869 2063 Σαμουὴλ
917 1992 981 2045 τὸ
1030 1991 1397 2067 χρηματίσαι,
1456 1989 1674 2066 βλέπων
1713 1991 1780 2042 τὰ
1810 1987 2017 2062 ἔμπρο-

361 2081 476 2134 σθεν
505 2100 515 2110 ·
552 2081 740 2142 Φινεὲς
770 2082 859 2134 τὸν
896 2078 1086 2149 ζῆλον,
1119 2080 1208 2157 ἀφ’
1247 2078 1308 2134 οὗ
1357 2080 1446 2133 καὶ
1501 2079 1859 2151 ὀνομάζεται·
1920 2078 2019 2130 Πέ-

358 2191 488 2245 τρος
520 2171 609 2224 καὶ
663 2168 878 2230 Παῦλος
912 2172 1045 2240 (92),
1076 2171 1138 2222 τὸ
1181 2168 1428 2223 σύντονόν
1474 2173 1571 2222 τοῦ
1630 2167 2014 2241 κηρύγματος·

362 2260 415 2313 οἱ
443 2263 542 2313 τοῦ
573 2254 858 2312 Ζεϐεδαίου
887 2259 949 2311 τὸ
984 2256 1403 2335 μεγαλόφωνον,
1435 2256 1465 2310 ὅ
1498 2259 1613 2328 (93)
1639 2256 1730 2310 καὶ
1785 2256 2017 2330 βροντῆς

364 2347 516 2408 υἱοὺς
577 2347 769 2408 αὐτοὺς
848 2345 1318 2421 προσηγόρευσεν·
1389 2345 1477 2399 καὶ
1536 2345 1588 2400 τί
1656 2344 1716 2398 ἂν
1766 2344 2017 2418 καταριθ-

371 2432 536 2506 μοίην
570 2436 680 2506 (94)
713 2433 984 2500 ἂπαντας;
1014 2433 1063 2486 έν
1098 2433 1201 2508 γάρ
1235 2431 1431 2488 εἷδόκιν
1463 2435 1490 2486 ὁ
1523 2432 1709 2507 λόγος.
1745 2430 2016 2508 Στεφάνου

369 2520 428 2577 δὲ
475 2524 586 2595 (95)
645 2522 733 2576 καὶ
784 2527 878 2575 τοῦ
926 2521 1062 2593 ἐμοῦ
1110 2523 1335 2597 πατρὸς,
1385 2521 1536 2576 οὐδὲν
1585 2520 1777 2591 οὕτως,
1829 2521 1902 2581 ὡς
1954 2521 2017 2574 τὸ

368 2611 640 2687 ἀπόνηρον
688 2613 993 2686 γνώρισμα.
1044 2616 1096 2664 Ὀ
1160 2612 1252 2683 μέν
1333 2611 1436 2686 γὰρ
1511 2608 1636 2665 οὐδὲ
1694 2608 2018 2663 κινδυνεύων

367 2699 542 2771 έμίσει
579 2699 706 2761 τοὺς
768 2699 1096 2774 βάλλοντας,
1137 2699 1264 2754 ἀλλ’
1295 2697 1570 2768 έλιθάζετο
1627 2699 1738 2771 μὲν,
1797 2697 1927 2772 ὑπὲρ
1961 2694 2017 2752 δὲ

363 2793 471 2842 τῶν
504 2788 834 2857 λιθαζόντων
887 2785 1115 2863 ηὔχετο,
1165 2789 1239 2849 ὡς
1290 2793 1522 2862 Χριστοῦ
1580 2789 1849 2860 μαθητὴς,
1883 2787 2013 2860 ὑπὲρ

369 2874 436 2930 οὗ
467 2879 554 2930 καὶ
583 2878 646 2932 τὸ
678 2879 906 2951 πάσχειν
939 2879 1003 2944 ἦν
1038 2876 1202 2948 αὐτῷ,
1243 2882 1427 2948 μεῖζον
1458 2881 1554 2930 τοῦ
1605 2877 1834 2930 θανάτου
1883 2895 2013 2947 καρ-

369 2971 630 3043 ποφορῶν
687 2970 766 3036 τῷ
821 2970 956 3038 Θεῷ,
1015 2968 1112 3033 τὴν
1179 2965 1592 3041 μακροθυμίαν·
1642 2969 1720 3035 τῷ
1747 2962 1803 3019 δὶ
1859 2962 2010 3018 οὐδέν

369 3059 530 3127 μέσον
558 3057 623 3123 ἦν
675 3061 775 3123 τῆς
836 3053 1180 3125 έπιπλήξεως
1238 3055 1328 3108 καὶ
1374 3061 1474 3123 τῆς
1525 3053 1782 3132 ἀφέσεως,
1819 3053 1893 3114 ὡς
1930 3074 2014 3124 μι-

2127 1899 2264 1955 licet
2293 1904 2499 1971 gratia,
2533 1917 2709 1971 quam
2742 1902 2895 1956 346
2927 1902 3179 1973 quisque
3209 1921 3244 1957 a
3272 1903 3390 1959 Deo
3419 1911 3771 1969 consecutus

2129 1995 2235 2044 est.
2285 1990 2538 2045 Emicuit
2578 1991 2688 2045 Job
2737 2008 2951 2063 magna
2996 1993 3321 2062 invictaque
3363 1992 3420 2046 in
3465 1993 3639 2050 malis
3671 2011 3772 2065 pa-

2130 2077 2332 2132 tientia
2361 2079 2654 2149 “,Moyses
2685 2085 2743 2133 et
2771 2080 2951 2135 David
2983 2082 3439 2137 mansuetudine
3468 2083 3772 2153 63,Samuel

2125 2166 2435 2236 vaticiniis,
2490 2169 2645 2238 quod
2707 2170 2903 2223 futura
2950 2171 3369 2239 praenuntiaret
3411 2171 3472 2234 ⁸⁸,
3525 2172 3771 2229 Phinees

2126 2254 2246 2308 zelo
2277 2256 2342 2321 ⁵⁵,
2373 2272 2488 2326 quo
2521 2272 2794 2326 magnam
2827 2256 2938 2310 sibi
2965 2257 3182 2312 famam
3208 2260 3447 2329 peperit,
3480 2259 3686 2315 Petrus
3715 2265 3773 2316 et

2127 2344 2345 2398 Paulus
2405 2344 2584 2399 animi
2645 2345 3011 2400 contentione
3061 2346 3122 2400 in
3202 2347 3506 2419 Evangelia
3558 2352 3770 2420 praedi-

2127 2434 2311 2488 cando
2340 2433 2404 2503 ⁸6,
2438 2433 2541 2487 iilii
2570 2433 2826 2488 Zebedaai
2857 2434 3561 2507 grandiloquentia,unde
3591 2439 3766 2494 etﬁlii

2126 2524 2370 2578 tonitrui
2411 2523 2688 2595 appellati
2737 2531 2877 2579 sunt
2905 2526 2982 2586 5";
3016 2531 3071 2580 et
3100 2526 3240 2596 quid
3281 2543 3484 2582 omnes
3529 2543 3768 2583 enume-

2128 2630 2248 2667 rem
2271 2613 2298 2667 ?
2327 2615 2450 2667 Aud
2476 2630 2575 2668 eos
2617 2613 2797 2676 enim,
2839 2615 2938 2684 qui
2995 2615 3115 2668 haec
3146 2620 3380 2680 norunt,
3441 2616 3764 2672 orationem

2125 2701 2330 2756 habeo.
2364 2708 2441 2756 At
2471 2701 2833 2772 Stephanum
2875 2709 2931 2757 et
2964 2709 3185 2774 patrem
3219 2721 3416 2760 meum
3466 2705 3627 2760 nulla
3675 2724 3768 2764 res

2127 2791 2365 2860 perinde
2396 2791 2619 2846 nobiles
2649 2796 2705 2846 et
2733 2791 2994 2861 insignes
3024 2792 3308 2862 reddit,ao
3339 2810 3566 2848 morum
3587 2795 3772 2866 placi-

2125 2879 2276 2934 ditas
2308 2885 2364 2935 et
2395 2879 2747 2934 innocentia.
2785 2881 2884 2934 llle
2931 2880 3168 2952 quippe,
3202 2898 3306 2936 nec
3335 2882 3394 2936 in
3443 2882 3768 2953 periculum

2123 2967 2362 3038 quidem
2394 2968 2521 3022 vitae
2551 2969 2860 3034 adductus,
2893 2986 3013 3036 eos,
3049 2987 3082 3024 a
3111 2970 3327 3039 quibus
3357 2970 3767 3042 irnpetebatur,

2124 3057 2343 3121 oderat,
2375 3073 2575 3110 verum
2619 3073 2752 3110 cum
2787 3055 3167 3127 lapidaretur,
3218 3074 3321 3128 pro
3371 3057 3769 3130 lapidantibus

361 3148 501 3218 κροῦ
532 3143 620 3197 καὶ
650 3141 973 3198 κλέπτεσθαι
1002 3143 1065 3198 τὸ
1097 3143 1303 3198 λυποῦν
1336 3147 1416 3214 τῷ
1459 3141 1619 3217 τάχει
1651 3149 1750 3212 τῆς
1797 3161 2010 3216 συγχω-

2127 3146 2326 3200 orabat
2353 3145 2417 3212 6°,
2452 3149 2516 3198 ut
2546 3144 2760 3199 Christi
2792 3145 3139 3216 discipulus,
3164 3163 3266 3216 pro
3288 3162 3403 3218 quo
3435 3146 3611 3202 etiam
3641 3165 3767 3203 cru-

365 3234 594 3308 ρήσεως.

2123 3233 2345 3287 ciatum
2393 3233 2726 3300 suﬂ‘erebat,
2777 3235 2969 3304 majus
3016 3233 3236 3305 aliquid
3304 3240 3489 3291 morte
3538 3235 3766 3292 Christo

363 3325 634 3393 oﬂ’erens,
669 3341 881 3396 nempe
912 3324 1452 3397 longanimitatem;
1489 3324 1581 3379 hic
1611 3327 1804 3380 autem
1829 3323 2055 3378 nullum
2076 3324 2358 3394 temporis
2391 3331 2754 3379 momentum
2786 3324 2936 3380 inter
2966 3324 3432 3397 objurgationem
3455 3331 3512 3382 et
3535 3327 3763 3384 veniam

365 3412 545 3469 ﬂuere
575 3414 938 3486 patiebatur;
975 3415 1117 3469 adeo
1149 3419 1213 3468 ut
1242 3413 1580 3486 ignoscendi
1613 3413 1905 3468 celeritate
1937 3428 2147 3467 mceror
2176 3428 2408 3483 quoque
2437 3413 2563 3483 ipse
2593 3428 2739 3483 pene
2769 3412 3192 3484 subriperetur.

433 3503 551 3558 KE'.
582 3506 714 3556 Θεοῦ
754 3501 846 3574 μὲν
899 3501 1064 3577 ὀργῆς
1125 3501 1346 3577 τρυγίαν
1378 3501 1499 3556 τινὰ
1543 3502 1632 3555 καὶ
1681 3499 2003 3571 πιστεύομεν

360 3590 449 3643 καὶ
481 3589 769 3662 ἀκούομεν,
818 3591 881 3644 τὸ
931 3588 1144 3662 λεῖμμα
1197 3593 1310 3664 (96)
1356 3597 1456 3659 τῆς
1503 3591 1639 3644 κατά
1685 3594 1791 3644 τῶν
1844 3588 2002 3658 ἀξίων

360 3681 646 3749 κινήσεως·
706 3676 893 3747 ἐπειδὴ
941 3678 1069 3739 Θεὸς
1122 3676 1449 3749 έκδικήσεων
1506 3679 1718 3754 Κύριος.
1782 3678 1844 3734 Εἰ
1901 3679 2004 3752 γὰρ

359 3769 448 3822 καὶ
498 3767 668 3824 κλίνει
720 3766 808 3822 διὰ
864 3767 1269 3845 φιλανθρωπίαν
1321 3769 1379 3822 ἐκ
1431 3772 1527 3822 τοῦ
1558 3769 1838 3839 ἀποτόμου
1869 3767 2003 3840 πρὸς

358 3859 420 3912 τὸ
467 3855 773 3929 ἐνδόσιμον,
833 3855 958 3911 ἀλλ’
1007 3855 1067 3909 οὐ
1113 3858 1285 3926 πάντη
1320 3862 1596 3930 συγχωρεῖ
1622 3863 1738 3918 τοῖς
1772 3859 2007 3932 ἁμαρτά-

358 3968 562 4011 νουσιν,
616 3945 706 3999 ’ίνα
768 3946 844 4018 μὴ
901 3943 968 4017 τῇ
1010 3943 1349 4018 γρηστότητι
1406 3945 1591 4018 χείρος
1647 3945 2006 4018 γίνωνται.¹Ο

361 4032 419 4089 δὲ
450 4033 601 4090 οὐδεν
651 4035 933 4108 ὑπεκράτει
997 4035 1112 4105 (97)
1167 4039 1284 4094 τοῖς
1341 4032 1720 4103 παροξύνουσι,
1768 4032 2007 4108 καίτοιγε

364 4121 487 4177 οὐδὲ
542 4125 874 4177 παντάπασιν
932 4119 1171 4197 ἄτρωτος
1228 4125 1292 4190 ἦν
1352 4123 1530 4193 θυμῷ,
1579 4121 1674 4175 κάν
1705 4127 1820 4181 τοῖς
1849 4142 2004 4176 πνευ-

366 4217 611 4282 ματικοῖς
673 4209 907 4283 μάλιστα
956 4215 1036 4281 τῷ
1097 4213 1206 4282 (98)
1241 4207 1395 4281 ζήλῳ
1425 4211 1748 4282 νικώμενος”
1781 4211 1926 4278 πλὴν
1963 4207 2016 4263 εἷ’

358 4321 464 4354 που
520 4298 680 4373 τύχοι
727 4299 1226 4374 παρεσκευασμένος
1284 4299 1373 4352 καὶ
1423 4298 1788 4371 ὡπλισμένος,
1815 4299 1904 4353 καὶ
1934 4300 2006 4359 ὡς

361 4389 496 4461 πρὸς
543 4386 835 4442 ἀντίπαλον
884 4388 946 4442 τὸ
997 4385 1243 4456 λυπῆσον
1289 4387 1566 4463 πόρρωθεν
1594 4388 2008 4462 παρατεταγμέ-

361 4497 474 4538 νος.
508 4477 661 4531 Οὕτω
693 4475 750 4530 δὲ
781 4473 892 4530 οὐδ’
926 4474 984 4529 ἂν
1019 4475 1234 4550 μυριάσι
1273 4477 1617 4548 μετεκινήθη,
1650 4477 1710 4529 τὸ
1743 4473 1808 4543 δὴ
1843 4474 2010 4550 λεγό-

2185 3501 2348 3557 XXV.
2378 3505 2457 3555 Ac
2489 3518 2593 3556 nos
2625 3502 2862 3572 quidem
2905 3503 3224 3572 quamdam
3276 3502 3372 3558 iraa
3421 3503 3627 3559 divinae
3658 3504 3759 3558 fai-

2115 3607 2239 3645 cem
2272 3592 2336 3656 ‘9,
2369 3597 2427 3646 et
2457 3591 2772 3656 credimus,
2805 3595 2861 3644 et
2884 3593 3180 3658 audimus,
3207 3591 3315 3646 hoc
3357 3597 3465 3660 est,
3497 3608 3756 3649 commo-

2115 3680 2290 3735 tionis
2322 3681 2602 3734 adversus
2633 3697 2752 3745 eos,
2786 3680 2886 3751 qui
2925 3697 2992 3735 ea
3035 3681 3192 3750 digni
3225 3691 3383 3746 sunt,
3418 3682 3756 3750 residuum;

2116 3769 2592 3839 quandoquidem
2644 3774 2796 3824 Deus
2845 3768 3135 3824 ultionum
3185 3770 3468 3825 Dominus
3506 3771 3570 3824 7°.
3605 3770 3763 3825 Licet

2107 3857 2268 3934 enim
2303 3875 2406 3927 pro
2438 3875 2548 3912 sua
2576 3859 2938 3928 benignitate
2964 3862 3137 3928 atque
3167 3858 3476 3913 clementia
3503 3877 3571 3913 ex
3603 3875 3761 3915 seve-

2115 3946 2284 3999 rilate
2316 3947 2385 3999 ad
2419 3945 2757 4000 facilitatem
2777 3951 2832 4000 et
2863 3946 3089 4000 veniam
3119 3945 3764 4018 inclinet,peceantibus

2115 4038 2311 4088 tamen
2346 4051 2458 4087 non
2490 4035 2730 4089 omnino
2753 4035 3102 4107 ignoscit,ne
3132 4035 3492 4104 benignitate
3515 4035 3761 4090 deterio-

2117 4138 2210 4176 res
2240 4124 2402 4176 iiant.
2437 4130 2510 4176 At
2542 4128 2705 4193 pater
2734 4124 2805 4177 iis
2837 4141 2870 4176 a
2899 4123 3112 4194 quibus
3158 4125 3583 4194 concitabatur,
3619 4123 3764 4180 nihil

2118 4211 2570 4278 reservabat,vir
2600 4212 2813 4281 alioqui
2847 4214 2916 4266 ab
2949 4212 3263 4267 iracundias
3285 4212 3626 4270 vulneribus
3646 4231 3762 4270 non

2118 4315 2357 4370 prorsus
2390 4300 2761 4367 immunis,ac
2792 4302 3112 4372 praesertim
3141 4301 3200 4355 in
3233 4301 3408 4357 rebus
3438 4303 3762 4373 spirituali-

2117 4388 2314 4454 bus,in
2346 4389 2558 4458 quibus
2581 4407 2614 4443 a
2640 4389 2761 4444 zelo
2791 4390 3168 4458 vincebatur;
3205 4390 3320 4446 nisi
3352 4392 3498 4448 forte
3519 4399 3761 4463 paratus

2118 4482 2175 4531 et
2199 4485 2462 4532 armatus
2494 4485 2668 4545 esset,
2719 4484 2896 4548 atque
2943 4480 3220 4534 adversus
3272 4481 3352 4545 id,
3397 4483 3552 4550 quod
3580 4482 3761 4537 mole-

367 4586 550 4638 μενον,
600 4567 689 4620 καὶ
728 4569 888 4620 τοῦτο
947 4564 1153 4619 ἐκείνου
1199 4562 1371 4639 γλυκὺ
1418 4565 1481 4618 τὸ
1529 4564 1718 4627 πάθος.
1786 4565 1846 4621 Ὁ
1917 4565 2010 4637 μὶν

2127 4565 2291 4620 stiam
2325 4567 2636 4619 allaturum
2669 4574 2814 4631 erat,
2831 4572 3111 4637 tanquam
3146 4570 3431 4624 adversus
3465 4568 3696 4626 hostem
3730 4589 3764 4626 υ.

362 4657 462 4731 γάρ
493 4656 663 4727 θυμὸς
695 4656 754 4722 ἣν
788 4653 952 4726 αὐτῷ,
987 4653 1048 4708 οὐ
1076 4654 1210 4707 κατὰ
1240 4654 1338 4719 τήν
1386 4652 1651 4725 ὁμοίωσιν
1681 4656 1777 4706 τοῦ
1811 4648 2007 4730 ὄφεως,

362 4742 570 4800 ἔνδοθεν
604 4743 957 4820 ὑροσμύχων,
1011 4742 1099 4797 καὶ
1144 4743 1280 4816 πρὸς
1332 4742 1533 4814 ἄμυναν
1570 4741 1854 4816 εὐτρεπής,
1888 4740 2012 4796 οὐδὶ

363 4835 440 4896 εἱς
500 4834 666 4910 ὀργὴν
725 4833 936 4909 φθάνων
993 4831 1052 4885 ἐκ
1107 4835 1203 4884 τοῦ
1260 4831 1485 4905 πρώτου
1541 4833 1866 4902 κινήματος,
1921 4831 2011 4885 καὶ

361 4921 684 4983 ἀντιδόσεως
746 4919 946 4999 ἔφεσιν,
1007 4919 1151 4975 ἀλλὰ
1215 4922 1351 4974 κατὰ
1396 4920 1458 4973 τὸ
1515 4918 1730 4996 κέντρον
1761 4928 1861 4988 τῆς
1917 4941 2010 4992 με·

2119 4654 2440 4725 longinquo
2475 4656 2798 4709 instructus
2828 4660 2886 4709 et
2931 4657 3258 4726 expeditus.
3292 4658 3387 4713 Sio
3439 4659 3596 4714 enim
3630 4675 3702 4715 ne
3731 4676 3766 4716 a

2121 4742 2483 4814 myriadibus
2517 4743 2778 4812 quidem,
2827 4750 2889 4797 ut
2918 4745 3032 4798 dici
3063 4744 3229 4815 solet,
3266 4753 3500 4802 emotus
3533 4749 3764 4818 fuisset,

2121 4833 2263 4902 quin
2294 4832 2494 4886 suavis
2525 4847 2758 4901 quoque
2792 4831 2887 4885 hic
2918 4830 3077 4887 illius
3124 4834 3306 4889 animi
3364 4840 3561 4892 motus
3617 4843 3762 4893 erat.

2123 4922 2304 4976 Furor
2333 4921 2489 4975 enim
2522 4920 2632 4990 ipsi
2662 4936 2776 4976 non
2810 4921 3135 4975 secundum
3167 4922 3614 4984 similitudinem
3643 4943 3763 4982 ser-

430 5042 476 5076 ⁶²
501 5041 630 5095 Job.
682 5058 718 5108 1,
767 5039 858 5093 21.
935 5039 980 5074 ⁸³
1025 5037 1196 5092 Num.
1257 5054 1360 5106 x11,
1418 5039 1484 5103 3;
1544 5037 1695 5093 Psal.
1756 5039 1995 5103 cxxxmi

2127 5038 2146 5071 ⁶
2193 5037 2214 5092 Ι
2260 5038 2402 5110 Reg.
2453 5053 2530 5100 ιχ,
2579 5037 2632 5088 9.
2711 5036 2756 5070 ⁸⁵
2785 5035 2957 5090 Num.
2989 5052 3159 5101 xxxv,
3187 5039 3241 5091 7.
3318 5039 3363 5074 ⁸⁵
3392 5039 3579 5096 Galat.
3612 5056 3674 5110 ιι,
3707 5043 3762 5097 7.

360 5113 403 5148 ⁸⁷
438 5112 612 5167 Marc.
648 5127 728 5181 In,
763 5112 849 5165 17.
925 5109 970 5145 ⁸⁸
999 5113 1121 5166 Act.
1157 5126 1256 5177 vn,
1287 5111 1377 5165 59.
1454 5110 1499 5146 θ’
1530 5110 1682 5165 Psal.
1717 5127 1900 5174 Lxxw,
1933 5112 1987 5164 9.

2137 5109 2292 5164 Psal.
2323 5124 2484 5176 xcm,
2521 5110 2568 5162 1.

435 5247 546 5320 (89)
575 5243 1034 5320 "Opibpevov..8ie
1065 5243 1267 5316 Regg.,
1301 5260 1334 5299 a
1379 5244 1502 5313 bm,
1549 5245 1665 5299 duo
1718 5242 1912 5313 Coisl.,
1947 5249 2005 5299 et

365 5314 460 5378 Or‘.
496 5314 546 5374 e'.
581 5314 648 5373 In'
675 5317 788 5388 ed.,
824 5314 1094 5388 ὁρώμενα.

441 5391 550 5462 (90)
581 5387 784 5462 Έντός.
819 5383 914 5444 ΟΤ.
940 5383 1002 5462 Ξ,
1033 5386 1100 5439 τά
1132 5383 1305 5462 ἐντός.

438 5453 552 5533 (91)
585 5457 916 5533 Ἰδιώτατον,
939 5458 1062 5533 Duo
1093 5459 1273 5533 (Solo,
1309 5453 1620 5533 i8_iaita-r_ov,

623 5527 838 5591 Παῦλος
888 5527 978 5583 καὶ
1059 5527 1280 5603 Πέτρος.
1340 5528 1435 5584 0r.
1524 5531 1576 5596 1,

369 5605 674 5750 Πίῖἕὲῗκο.
707 5675 805 5729 Or.
841 5673 892 5745 1,
925 5670 991 5744 ψ.

1653 5527 1868 5592 Παῦλος
1924 5527 2013 5583 καί

2331 5241 2757 5318 Καταριθμοίῃν.
2791 5243 2972 5318 Or._l,
3005 5241 3470 5318 καταριθμοίμην.

2195 5291 2303 5394 pa)
2332 5291 2972 5394 i£é§3953"§i1&3f1€
3008 5291 3667 5394 aaaat'ii‘ig;‘“£a,mv
3711 5316 3770 5375 δε

2121 5383 2210 5440 καὶ
2239 5383 2327 5440 τὸν
2363 5383 2492 5457 ἐμὸν
2522 5386 2742 5458 πατέρα.

2125 5459 2306 5584 ληωῦ)
2337 5461 2575 5530 Asinum.
2612 5459 2748 5526 Reg.
2784 5475 2836 5526 a,
2871 5459 3128 5514 secunda
3151 5461 3470 5528 manu,sed
3503 5461 3768 5535 antiqua,

2161 5549 2344 5584 ημιια.

2293 5550 2344 5582 α.

2161 5549 2838 5676 n()§%;-'I‘1rexpdtei._Reg,
2870 5617 2920 5655 a.
2938 5597 3246 5676 ﬁnupa'u'gi.

2195 5672 2309 5745 (98)
2337 5675 2442 5744 Τῷ.
2479 5672 2643 5728 Deest
2674 5673 2734 5727 in
2765 5672 2905 5744 Reg.
2938 5672 3058 5740 bm,
3080 5672 3150 5730 'et
3173 5673 3267 5729 0r.
3303 5674 3352 5728 1.
