4094 6288
311 370 467 429 1015

1562 358 1622 417 S.
1674 349 2043 416 GllEGUttIl
2086 349 2478 411 THEOLUGI

3567 344 3726 403 1016

318 501 509 575 pontis
538 500 580 536 τί
615 496 1029 564 erat,animum
1067 492 1651 559 interneincendens,
1686 495 1742 545 et
1773 488 1844 544 ad
1871 487 1958 542 ul-

2094 480 2267 550 tiaanc
2300 476 2428 555 δίχα
2469 483 2565 534 τοῦ
2598 482 2849 542 θανατοῦν
2900 478 2989 531 τὸν
3038 475 3415 549 πλησσόμενον
3468 478 3580 548 (99)
3604 495 3619 508 ⁸
3659 476 3724 530 τὸ

318 593 535 646 tionem
572 593 829 659 paratus,
856 591 1029 656 atque
1083 602 1148 640 ex
1198 586 1385 653 primo
1431 587 1589 637 motu
1623 581 1691 635 ad
1727 581 1873 634 iram
1908 582 1964 632 et

321 680 636 734 vindictam
674 676 1051 747 progrediens
1079 692 1091 740 ;
1124 690 1322 727 verum
1364 672 1491 743 apis
1524 670 1720 725 aculeo
1753 667 1963 722 similis

317 769 417 839 qui
441 767 522 820 ita
546 766 847 836 pungit,ut
870 768 1116 817 mortem
1143 779 1253 816 non
1288 763 1492 815 afferat
1524 777 1535 814 :
1570 764 1628 813 at
1658 764 1820 812 tanta
1842 760 1966 811 erat

314 856 501 928 ipsius
526 854 1107 925 benignitas,quanta
1131 867 1234 905 nec
1265 852 1337 905 ab
1361 850 1594 904 homine
1613 847 1965 920 postulanda

314 946 561 1000 videtur.
599 944 773 996 Rotas
807 948 862 994 et
891 942 1072 1009 ﬂagra
1104 957 1255 1011 saepe
1289 940 1640 1002 minabatur,
1658 955 1723 993 ac
1758 944 1963 1009 praesto

317 1040 500 1101 erant,
529 1032 626 1103 qui
664 1032 784 1084 haec
822 1029 1198 1095 exbiberent;
1234 1028 1555 1100 periculum
1610 1034 1826 1096 autem,
1878 1027 1964 1082 vel

317 1123 375 1177 in
411 1121 639 1176 aurium
676 1118 1191 1190 compressionem,
1238 1117 1323 1171 vel
1354 1117 1411 1170 in
1446 1134 1725 1189 genarum
1759 1121 1965 1170 contu-

327 1208 677 1278 meham,vel
697 1208 753 1261 in
777 1207 1063 1277 impactus
1084 1205 1294 1278 pugnis
1310 1205 1858 1275 alapas,desinebat.
1876 1204 1967 1259 Sic

328 1300 499 1353 minae
533 1297 924 1351 solvebantur.
958 1296 1105 1349 347
1142 1295 1333 1348 Vestis
1362 1299 1418 1348 et
1448 1294 1838 1348 calceamenta
1864 1294 1965 1347 de-

319 1387 825 1447 trahebantur,atq
839 1401 905 1438 ue
930 1384 961 1437 h
974 1402 1005 1437 u
1018 1385 1091 1438 mi
1118 1388 1338 1437 stratus
1359 1383 1714 1453 jacebat,qui
1740 1384 1966 1439 facinus

322 1476 556 1546 aliquod
595 1478 955 1546 perpetraret
990 1490 1001 1526 :
1040 1476 1241 1543 postea
1267 1472 1573 1527 iracundia
1598 1489 1706 1527 non
1734 1474 1788 1527 in
1808 1491 1965 1541 eum,

323 1566 421 1637 qui
456 1564 805 1632 injustitiam
844 1562 1075 1627 fecerat,
1123 1562 1222 1615 sed
1274 1561 1330 1614 in
1382 1577 1537 1629 eum,
1571 1562 1668 1633 qui
1705 1569 1969 1634 prompte

2074 568 2129 625 δὲ
2199 568 2581 647 φιλάνθρωπον
2641 568 2771 641 ὑπὲρ
2831 566 3132 640 ἄνθρωπον.
3191 564 3395 640 Τροχοὶ
3448 562 3727 627 πολλάκις

2073 660 2401 729 ’ἠπειλοῦντο
2459 656 2546 711 καί
2611 658 2886 730 μάστιγες,
2956 654 3044 708 καὶ
3122 655 3173 708 οἱ
3248 653 3725 729 παραστησάμενοι

2072 750 2308 818 πλησίον
2333 767 2344 779 ’
2394 748 2483 803 καὶ
2530 749 2557 801 ὁ
2596 744 2865 809 κίνδυνος,
2915 748 2979 813 ἦν
3018 752 3171 798 ωτων
3203 746 3278 816 (1)
3310 743 3517 816 θλίψις,
3552 745 3584 813 ἢ
3619 765 3726 797 πα-

2076 845 2230 915 ρειῶν
2294 834 2473 910 ὕϐρεις
2533 839 2628 909 (2),
2688 836 2721 903 ἣ
2778 834 2877 903 πὺξ
2934 834 3069 886 κατά
3126 832 3365 907 κόρρης⁴
3420 832 3563 887 οὕτω
3619 833 3721 900 τὴν

2074 929 2304 997 ἀπειλὴν
2342 924 2585 981 διελύετο
2618 927 2711 996 (3).
2757 923 2951 988 Ἐσθὴς
2999 925 3310 994 περιηρεῖτε
3362 922 3451 973 καὶ
3512 918 3723 989 ὑποδή-

2080 1041 2240 1093 ματα,
2299 1016 2387 1071 καὶ
2447 1014 2582 1068 κατὰ
2634 1019 2734 1087 γῆς
2763 1012 2790 1065 ὁ
2819 1014 3123 1083 κακοῦργος
3147 1028 3157 1039 ·
3196 1010 3309 1063 εἶτα
3339 1010 3366 1062 ὁ
3401 1010 3569 1081 θυμὸς
3623 1009 3725 1063 οὐκ

2076 1109 2161 1165 ἰπὶ
2201 1108 2291 1161 τὸν
2353 1102 2656 1173 ·ἱ,δ.κηκότα
2713 1104 2808 1173 (4),
2858 1100 2946 1153 τὸν
2992 1096 3049 1152 δὲ
3094 1097 3388 1173 προθύμως
3438 1099 3724 1170 ὑπουργή-

2074 1217 2254 1263 σαντα,
2279 1195 2351 1256 ὠς
2382 1196 2561 1246 κακῶν
2596 1190 2891 1262 ὑπηρέτην.
2929 1192 3048 1249 Πῶς
3084 1186 3141 1241 ἂν
3172 1208 3254 1248 τις
3294 1184 3505 1258 μᾶλλον
3554 1186 3720 1263 ἐφάνη

2076 1286 2312 1365 χρηστὸς
2363 1280 2458 1353 ὢν,
2510 1282 2545 1349 ἢ
2597 1279 2712 1349 Θεῷ
2755 1276 2902 1349 δῶρα
2933 1274 3251 1352 προσφέσειν
3288 1276 3470 1343 ἄξιος
3499 1274 3572 1328 Οὐ
3622 1276 3727 1349 γὰρ

2078 1363 2267 1453 ἔφθανε
2322 1368 2670 1440 κεκινημένος
2727 1363 3036 1436 πολλάκις,
3096 1364 3184 1419 καὶ
3264 1363 3725 1439 ὑπεραπελογεῖτο

2076 1474 2170 1525 τοῦ
2227 1466 2567 1534 κινήσαντος,
2627 1459 2887 1534 ἐρυθριῶν
2946 1457 3019 1518 ὡς
3073 1455 3464 1523 οἰκείοις,τοῖς
3523 1454 3729 1510 ἐκείνου

2078 1557 2423 1629 πταίσμασιν.

323 1660 498 1724 atque
548 1652 795 1723 impigre
827 1652 1201 1720 observierat,
1234 1656 1298 1705 ut
1348 1650 1636 1706 malorum
1689 1654 2046 1722 ministrum,
2095 1669 2157 1707 se
2203 1644 2591 1704 convertebat.
2627 1642 2887 1706 Quonam
2939 1641 3132 1693 autem
3188 1637 3359 1690 modo
3408 1635 3727 1707 quisquam

324 1741 631 1813 benignior
678 1738 859 1794 videri
912 1738 1217 1809 potuisset,
1252 1743 1355 1793 aut
1406 1739 1656 1810 dignior,
1691 1742 1789 1810 qui
1822 1743 1975 1798 dona
2025 1743 2139 1797 Deo
2193 1732 2465 1793 oﬁ‘erret?
2513 1731 2674 1800 Saepe
2731 1727 2887 1783 enim
2919 1727 3010 1780 vix
3042 1725 3391 1781 commoveri
3450 1729 3727 1796 cceperat,

324 1847 455 1887 cum
492 1846 647 1889 eum,
680 1844 711 1881 a
741 1843 856 1898 quo
889 1831 1219 1882 commotus
1254 1827 1460 1894 fuerat,
1494 1828 1694 1883 statim
1744 1831 2081 1902 excusabat,
2113 1828 2185 1883 ob
2218 1825 2375 1880 illius
2426 1823 2678 1891 peccata,
2712 1832 2825 1871 non
2857 1831 3026 1870 secus
3057 1818 3231 1885 atque
3262 1814 3334 1868 ob
3365 1830 3491 1883 sua,
3515 1813 3727 1868 erube-

322 1935 514 1975 εοθηε.

396 2006 716 2061 XXVI.Ros
740 2005 934 2076 potius
964 2004 1144 2059 solem
1180 2006 1502 2060 matutinos
1536 2007 1729 2063 radios
1760 2008 1969 2063 dill'un-

2149 2008 2253 2073 Κζ⁴,
2319 1998 2517 2073 Δρόσος
2578 1993 2858 2073 ὑφίσταται
2940 1989 3153 2063 μᾶλλον
3229 1988 3467 2060 ἡλιακὴν
3538 1991 3730 2044 ἀκτῖνα

324 2098 557 2151 dentem
591 2095 1173 2163 sustinuisset,quam
1200 2098 1265 2148 ut
1295 2094 1431 2164 quid
1456 2096 1770 2152 iracundiae
1795 2097 1853 2151 in
1886 2098 1970 2168 ip-

325 2186 448 2241 sius
481 2185 677 2239 animo
712 2182 1201 2237 resideret.Simul
1226 2183 1381 2238 enim
1409 2189 1580 2254 atque
1603 2185 1971 2257 loquebatur,

326 2275 594 2347 protinus
629 2272 952 2342 indignatio
980 2287 1111 2324 cum
1145 2272 1336 2326 verbis
1377 2273 1746 2340 abscedebat,
1780 2275 1971 2329 solum

328 2362 639 2437 probitatis
671 2377 931 2416 amorem
964 2361 1206 2414 inﬁxum
1244 2361 1596 2431 relinquens,
1620 2379 1721 2417 nec
1746 2363 1973 2418 tardius

328 2468 587 2522 unquam
619 2449 739 2505 sole
769 2450 1160 2514 occumbens;
1200 2466 1303 2504 nec
1334 2451 1505 2513 iram,
1530 2468 1654 2521 qua:
1680 2453 1975 2522 prudenti-

327 2540 439 2594 bus
470 2540 646 2593 etiam
676 2539 815 2592 viris
847 2537 1086 2591 exitium
1121 2538 1303 2603 affert,
1334 2539 1552 2609 fovens,
1585 2545 1686 2594 aut
1717 2540 1973 2611 aliquam

329 2627 450 2681 vitii
485 2628 575 2681 sui
608 2631 806 2680 notam
840 2628 1064 2697 corpori
1116 2626 1485 2697 imprimens,
1538 2635 1738 2699 utpote
1766 2631 1881 2694 cui,
1916 2632 1973 2683 in

330 2716 462 2786 ipsa
489 2730 721 2786 quoque
752 2713 932 2769 animi
966 2714 1535 2784 perturbatione,sua
1561 2722 1855 2772 constaret
1883 2734 1977 2773 se-

331 2804 568 2859 renitas.
604 2802 719 2857 Hoc
750 2802 953 2873 igitur,
984 2804 1137 2872 quod
1193 2804 1446 2859 maxime
1499 2806 1835 2860 mirandum
1870 2812 1977 2874 est,

331 2892 443 2963 ipsi
474 2890 871 2962 contingebat,
901 2907 1013 2944 non
1056 2890 1292 2961 quidem
1332 2895 1396 2945 ut
1427 2891 1588 2947 solus
1618 2894 1978 2963 objurgaret,

330 2980 430 3036 sed
465 2986 529 3034 ut
559 2979 719 3034 solus
750 2979 820 3033 iis
839 2979 1258 3050 etiam,quibus
1290 2982 1692 3047 succensebat,
1710 2990 1761 3036 et
1796 2982 1980 3037 amori

332 3073 387 3125 et
421 3067 795 3123 admirationi
819 3073 993 3135 esset,
1028 3067 1384 3139 benignitate
1414 3068 1679 3124 videlicet
1703 3072 1979 3126 fervorem

343 3160 656 3228 superante
690 3174 702 3210 :
737 3172 802 3211 ac
836 3158 1110 3227 profecto,
1145 3174 1177 3211 a
1203 3157 1324 3211 viro
1348 3159 1510 3228 justo
1544 3159 1754 3230 corripi
1797 3160 1983 3214 satius

339 3251 635 3316 est,quam
671 3246 740 3299 ab
773 3245 1039 3315 improbo
1070 3245 1275 3317 inungi
1300 3271 1314 3311 ς
1338 3246 1495 3301 illius
1512 3248 1667 3301 enim
1700 3250 1985 3319 asperitas

339 3336 513 3389 etiam
548 3339 783 3404 propter
835 3333 1140 3387 utilitatem
1177 3336 1372 3389 suavis
1417 3340 1525 3403 est,
1576 3337 1752 3405 hujus
1784 3343 1984 3391 contra

337 3424 408 3477 ob
443 3438 667 3476 morum
689 3422 1117 3492 perversitatem
1141 3423 1469 3493 benignitas
1492 3441 1727 3496 quoque
1749 3442 1983 3496 suspec-

334 3515 764 3583 ta.Quanquam
799 3515 989 3565 autem
1011 3511 1206 3565 animo
1239 3511 1702 3583 itacomparatus
1735 3521 1983 3579 esset,ac

336 3602 531 3656 divina
562 3601 816 3671 quadam
851 3617 1081 3654 morum
1112 3601 1486 3672 simplicitate
1513 3605 1810 3673 praeditus,
1845 3622 1982 3659 con-

333 3689 665 3745 tumeliosis
688 3694 878 3742 tamen
913 3695 969 3743 et
988 3690 1385 3759 petulantibus
1401 3691 1741 3746 hominibus
1765 3695 1835 3748 ob
1865 3693 1981 3764 pie-

334 3780 509 3833 tatem
542 3778 745 3832 terrori
797 3784 957 3843 erat;
994 3778 1131 3845 imo,
1191 3783 1252 3831 ut
1300 3780 1515 3834 rectius
1564 3780 1789 3852 loquar,
1825 3782 1986 3836 nulla

334 3883 426 3923 res
460 3866 573 3921 alia
603 3866 747 3937 ipsis
799 3868 942 3919 adeo
990 3867 1184 3935 gravis
1228 3872 1371 3927 erat.
1424 3885 1600 3939 quam
1653 3876 1986 3940 contempta

334 3955 707 4026 simplicitas.
744 3955 865 4008 Non
901 3954 1057 4009 enim
1095 3955 1214 4009 tieri
1246 3962 1492 4027 poterat,
1526 3974 1656 4012 cum
1709 3959 1982 4029 cuiquam

332 4043 523 4101 fausta
554 4044 635 4097 vel
671 4044 925 4097 infausta
958 4050 1310 4113 precaretur,
1345 4046 1485 4116 quin
1540 4046 1590 4099 ei
1640 4047 1863 4104 statim.
1898 4047 1983 4102 vel

335 4133 679 4189 diuturnum
715 4132 948 4203 aliquod
979 4133 1220 4199 bonum,
1253 4132 1338 4187 vel
1389 4135 1618 4188 brevem
1657 4136 1983 4190 molestiam

339 4222 585 4277 afferret.
611 4219 752 4273 lllud
788 4220 943 4273 enim
978 4220 1048 4273 ab
1082 4220 1287 4274 intimo
1320 4226 1548 4291 pectore
1581 4224 1983 4293 proficisceba-

338 4314 470 4375 tur;
496 4308 653 4363 istud
686 4314 878 4362 autem
918 4311 972 4362 in
1022 4311 1299 4363 extremis
1342 4313 1573 4365 tantum
1607 4311 1776 4366 labiis
1807 4312 1986 4367 situm

345 4402 491 4464 erat,
520 4414 583 4451 ac
615 4402 865 4468 paternae
898 4398 1205 4465 cujusdam
1242 4398 1668 4468 objurgationis
1703 4402 1987 4456 rationem

341 4487 615 4542 habebat.
654 4486 851 4541 Multis
882 4486 1115 4555 quidem
1141 4490 1291 4541 certe
1320 4503 1387 4540 ex
1412 4486 1545 4556 iis,a
1563 4489 1777 4559 quibus
1810 4491 1988 4547 otl‘en-

411 4611 453 4645 “
488 4610 640 4666 Psal.
674 4627 807 4681 LVII,
838 4612 891 4665 5.

2082 2093 2279 2155 ἕωθινὰ
2311 2086 2648 2165 βάλλουσαν,
2696 2084 2729 2151 ἣ
2779 2102 2832 2135 τι
2854 2082 3149 2154 παρέμενεν
3185 2078 3374 2150 ἐκείνῳ
3406 2081 3579 2151 θυμοῦ
3615 2077 3729 2133 λεί-

2080 2186 2247 2257 ψανον
2274 2198 2286 2210 ⁸
2321 2177 2446 2233 ἀλλ’
2492 2176 2633 2246 ὁμοῦ
2674 2193 2732 2226 τε
2762 2172 3069 2247 ἐφθέγγετο,
3102 2169 3190 2223 καὶ
3222 2170 3249 2222 ὁ
3281 2167 3455 2242 χόλος
3486 2169 3562 2239 (5)
3609 2172 3728 2229 τοῖς

2084 2274 2287 2350 ῥήμασι
2320 2268 2724 2342 συναπήρχετο,
2763 2263 2925 2337 μόνον
2976 2261 3127 2337 ἀφεὶς
3173 2261 3235 2314 τὸ
3285 2259 3607 2338 φιλάγαθον,
3639 2263 3732 2312 καὶ

2083 2348 2279 2418 οὕποτε
2309 2358 2473 2429 ἡλίου
2508 2355 2688 2433 φανεὶς
2725 2352 3056 2428 μακρότερος
3084 2370 3094 2381 ·
3130 2348 3253 2404 οὐδὲ
3282 2350 3381 2417 τὴν
3411 2348 3737 2403 ἀπολλύου-

2084 2474 2175 2506 σαν
2206 2450 2295 2505 xui
2355 2445 2651 2521 φρονίμους
2703 2441 2873 2518 ὀργὴν
2920 2442 3261 2515 γεωργήσας,
3310 2435 3345 2505 ἥ
3393 2459 3445 2491 τι
3474 2443 3573 2505 τῆς
3609 2438 3735 2490 ἑαυ-

2082 2544 2179 2595 τοῦ
2224 2536 2412 2595 κακίας
2447 2533 2753 2603 ἰνσημήνας
2784 2530 2862 2600 τῷ
2894 2530 3127 2599 σώματι,
3159 2527 3222 2580 τὸ
3256 2524 3313 2579 δὲ
3341 2524 3576 2600 γαληνὸν
3612 2522 3734 2578 δια-

2086 2630 2273 2697 σώζων
2324 2626 2417 2679 κάν
2468 2621 2545 2693 τῷ
2591 2623 2875 2690 κινήματι.
2905 2622 3201 2691 Τοιγαροῦν
3236 2610 3559 2669 συνέϐαινειν
3595 2614 3736 2668 ἐκεί-

2086 2740 2164 2790 νῳ
2193 2717 2255 2770 τὸ
2302 2710 2757 2785 παραδοξότατον,
2815 2707 2875 2761 οὐ
2939 2706 3090 2779 μόνῳ
3125 2705 3218 2776 μὲν
3249 2703 3521 2775 ἐπιτιμᾷν,
3586 2702 3740 2774 μόνῳ

2089 2803 2146 2859 δὲ
2178 2803 2281 2858 ὑπὸ
2336 2805 2445 2855 τῶν
2505 2795 2922 2871 ἐγκαλουμένων
2980 2790 3279 2868 ἀγαπᾶσθαί
3318 2812 3375 2845 τε
3406 2790 3494 2844 καὶ
3528 2790 3741 2861 θαυμά-

2093 2893 2290 2962 ζεσθαι,
2335 2893 2596 2947 νικῶντος
2652 2889 2747 2938 τοῦ
2807 2887 3049 2957 χνηστοῦ
3095 2884 3170 2953 (6)
3228 2882 3325 2949 τὴν
3384 2880 3737 2952 θερμότητα·

2089 2980 2177 3036 καὶ
2227 2975 2392 3039 ὄντως
2439 2976 2764 3048 τιμιώτερον
2817 2974 2946 3026 εἶναι
2995 2972 3058 3025 τὸ
3116 2973 3301 3041 (7)τῷ
3358 2965 3554 3039 δικαίῳ
3610 2988 3744 3021 παι-

2093 3069 2358 3134 δεύεσθαι,
2417 3068 2452 3135 ἢ
2514 3069 2593 3136 τῷ
2624 3066 2852 3138 πονηρῷ
2902 3058 3314 3135 καταλείφεσθαι
3337 3078 3349 3090 ’
3382 3061 3479 3112 τοῦ
3514 3056 3607 3129 μὲν
3639 3058 3744 3131 γὰρ

2092 3159 2180 3213 καὶ
2227 3158 2290 3211 τὸ
2339 3153 2515 3231 τραχὺ
2564 3151 2831 3228 προσηνὲς
2882 3147 2971 3204 διὰ
2999 3150 3098 3217 τήν
3127 3146 3413 3224 ὠφέλειαν,
3443 3150 3541 3200 τοῦ
3568 3142 3625 3199 δὲ
3653 3142 3746 3199 καί

2090 3248 2155 3303 τὸ
2184 3230 2424 3321 χρηστὸν
2480 3239 2719 3297 ὕποπτον
2772 3238 2860 3294 διὰ
2905 3240 2965 3292 τὸ
3010 3237 3291 3307 κακόηθες.
3327 3234 3528 3310 Καίπερ
3562 3231 3620 3288 δὲ
3651 3230 3745 3287 οὕ-

2093 3318 2403 3408 τωξιὲχων
2460 3334 2643 3404 ψυχῆς
2703 3328 2789 3384 καὶ
2829 3325 2995 3395 ἤθους
3029 3322 3301 3378 ἀπλοῖκοῦ
3326 3323 3414 3376 καὶ
3446 3318 3745 3387 Bagaso“,

2095 3424 2248 3497 ὅμως
2309 3425 2383 3495 (8)
2439 3442 2488 3474 τι
2543 3425 2659 3480 τοῖς
2712 3413 2985 3493 ὑϐρισταῖς
3035 3416 3124 3469 καὶ
3166 3409 3396 3491 φοϐερὸς
3423 3416 3488 3481 ἦν
3523 3411 3611 3467 διὰ
3639 3414 3741 3479 τὴν

2091 3507 2359 3568 εὐσέϐειαν
2387 3530 2399 3543 ·
2439 3508 2650 3582 μᾶλλον
2682 3506 2738 3563 δὶ
2769 3505 2896 3561 οὐδέ
2927 3504 3066 3561 ἄλλο
3098 3525 3147 3558 τι
3176 3505 3238 3558 τὸ
3287 3502 3529 3571 πλῆττον
3583 3503 3670 3572 ἦν,
3703 3499 3741 3570 ἤ

2091 3599 2339 3670 ἁπλότης
2388 3596 2892 3675 καταφρονουμένη.
2944 3593 3015 3647 Οὐ
3048 3594 3151 3668 γὰρ
3191 3595 3255 3661 ἦν
3288 3592 3442 3645 αὑτὸν
3478 3593 3668 3665 εὐχῆς,
3704 3588 3741 3659 ἤ

2092 3692 2325 3765 κατάρας
2386 3687 2641 3760 προέσθαι
2690 3686 2862 3761 ῥῆμα,
2911 3684 3000 3739 καὶ
3050 3685 3124 3755 μή
3176 3704 3226 3737 τι
3260 3680 3442 3736 δοῦναι
3476 3680 3738 3755 παραυτὶ-

2091 3800 2179 3851 κα,
2237 3775 2273 3847 ἤ
2336 3778 2527 3853 ἀγαθὸν
2587 3773 2822 3849 διαρκὲς,
2880 3770 2915 3841 ἤ
2978 3771 3224 3847 λυπηρὸν
3255 3770 3621 3847 πρόσκαιρον·
3680 3769 3747 3822 τὸ

2099 3868 2192 3941 μὲν
2224 3866 2324 3942 γὰρ
2374 3868 2438 3934 ’ἦν
2495 3864 2552 3917 έκ
2606 3864 2802 3939 βάθους
2848 3864 3054 3936 ψυχῆς,
3093 3860 3155 3914 τὸ
3188 3858 3245 3914 δὲ
3278 3859 3361 3912 ἐπῖ
3399 3858 3607 3933 χείλεσι
3644 3857 3745 3929 μό-

2093 3977 2203 4027 νον,
2250 3955 2339 4009 xui
2395 3953 2630 4028 πάτρική
2686 3972 2768 4012 τις
2801 3947 3112 4019 έπίπληξις.
3162 3945 3402 4007 Πολλοῖς
3434 3948 3494 4021 γέ
3525 3967 3609 3999 τοι
3642 3950 3750 3999 τῶν

2098 4041 2488 4112 λελυπηκότων
2542 4038 2665 4095 οὐδὲ
2723 4040 3068 4114 ὑπερήμερος
3118 4037 3434 4106 ἀπήντησεν
3478 4031 3751 4103 ἡάντίδο-

2275 4132 2287 4151 ν
2307 4129 2355 4163 ἢ).
2392 4126 2416 4147 Ἰ
2663 4150 2669 4163 ι
2828 4125 2849 4143 '\
3068 4130 3091 4163 Γ
3227 4126 3253 4155 ,κ
3332 4126 3345 4142 \

2096 4154 2199 4204 σις,
2233 4148 2359 4187 ουοι
2389 4152 2516 4184 οπισ
2588 4149 2720 4189 ποδς
2753 4130 2787 4197 ἡ
2823 4144 2968 4202 opm,
3000 4146 3161 4180 TOJ'CO
3194 4123 3260 4192 δι’,
3292 4144 3354 4179 το
3400 4127 3475 4196 (9)
3525 4142 3750 4191 ποιητι-

2096 4220 2211 4275 κόν·
2270 4218 2414 4274 ἀλλὰ
2461 4218 2587 4292 παρ’
2634 4216 2768 4272 αὐτὰ
2805 4223 2905 4285 τῆς
2937 4218 3196 4285 κινήσεως
3230 4214 3574 4288 ἐπλήγησαν,
3627 4209 3752 4265 ἐπε-

2098 4310 2429 4384 στράφησαν,
2497 4305 2832 4381 προσῆλθον,
2921 4304 3338 4379 έγονυπέτησαν,
3412 4301 3750 4375 συγγνώμης

2098 4395 2308 4472 ἔτυχον.
2344 4394 2611 4466 ἀπῆλθον,
2644 4395 2948 4466 ἡττημένοι
2976 4397 3180 4461 καλῶς,
3216 4390 3470 4465 ἀμείνους
3528 4387 3749 4463 ἐγένον-

2098 4510 2182 4557 το,
2242 4487 2330 4541 καὶ
2388 4485 2853 4563 σωφρονισθέντες,
2936 4483 3025 4537 καὶ
3086 4482 3534 4558 συγγνωσθέντες.
3597 4478 3749 4531 Ἐπεὶ

410 4734 648 4815 (Θῆ-Τὸν
680 4731 1086 4815 πλησσόμενον.
1138 4738 1276 4806 Reg.
1311 4752 1362 4806 a,
1420 4740 1539 4793 tres
1586 4738 1772 4807 Colb.‘,
1817 4736 1978 4807 πλῆσ-

2097 4738 2221 4815 Non
2255 4752 2395 4815 sane
2421 4735 2555 4815 sibi,
2611 4736 2711 4815 sed
2756 4735 2887 4789 aliis
2937 4733 3150 4815 illatas,
3210 4736 3266 4785 et
3322 4732 3435 4814 Deo
3471 4731 3747 4815 maxime,

349 4806 462 4860 σον.
496 4806 592 4872 Or,
630 4808 677 4870 1,
713 4806 997 4873 πλήσσων.

442 4879 489 4949 l)
520 4878 715 4933 Ὤτων.
751 4878 887 4952 Reg.
924 4896 975 4943 ιι,
1012 4882 1065 4952 et
1096 4880 1189 4933 0r.
1228 4878 1277 4946 1,
1308 4877 1517 4952 νώτων,
1551 4903 1577 4929 ‹‹
1609 4881 1790 4952 dorsi.
1828 4905 1854 4930 ι)

439 4947 768 5023 2))Ῐ1αρειῶν
798 4947 999 5021 ὕϐρεις.
1038 4950 1174 5023 Reg.
1211 4967 1263 5013 a,
1307 4954 1361 5023 ct
1392 4947 1575 5015 Orfl,
1610 4947 1785 5023 ὕϐρις.

416 5044 442 5069 ‹‹
476 5021 765 5095 Genarum
802 5021 1177 5085 contumelia,
1210 5041 1235 5071 ι)
1272 5022 1375 5085 vel,
1415 5021 1717 5095 «impacta
1746 5024 1991 5078 maxillas

346 5092 534 5160 alapa.
568 5093 742 5147 Juxta
777 5096 979 5158 Eliam,
1022 5113 1046 5143 α
1078 5110 1177 5163 per
1217 5109 1496 5163 genarum
1549 5092 1989 5151 contumeliam.

347 5167 760 5237 percussiones
793 5167 848 5220 in
888 5164 1599 5237 maxillasintelliguntur;
1638 5185 1737 5236 per
1771 5185 1989 5237 pugno-

348 5235 479 5309 rum
514 5236 886 5309 uUbCIIllCKUS
918 5238 975 5292 in
998 5235 1466 5309 _malam.autrcs
1490 5235 1824 5309 eadem,aut
1854 5235 1992 5309 quo-

348 5307 665 5381 darnmodo
699 5308 916 5380 dispar.
952 5306 1094 5379 Illud
1143 5308 1297 5362 enim
1351 5308 1624 5378 expansis
1674 5306 1991 5381 digitis'ﬁt,

348 5379 458 5433 hoc
491 5384 680 5431 autem
717 5379 1055 5436 contractis.
1099 5400 1124 5426 ››

420 5450 495 5517 (3)
520 5448 791 5504 Διελύετο.
828 5453 999 5507 Coisl.
1040 5452 1086 5517 1,
1122 5445 1423 5501 συνελῦιτο.

424 5523 501 5591 (li)
533 5518 883 5590 Ἠδικηκότα.
919 5548 945 5573 ‹‹
1001 5523 1060 5576 1n
1111 5537 1243 5574 eum
1296 5521 1393 5590 qui
1443 5522 1790 5591 injustitium
1844 5524 1991 5579 fece-

353 5596 463 5661 rat,
502 5614 526 5662 η
561 5597 682 5647 Non
718 5595 861 5651 bene
893 5593 1095 5649 Billius
1127 5608 1139 5645 :
1182 5611 1203 5639 α
1247 5607 1432 5662 aquo
1486 5591 1653 5647 laesus
1706 5596 1928 5662 fuerat;
1966 5617 1992 5644 »

352 5661 523 5731 quasi
554 5663 867 5737 Gregorius
899 5666 1021 5738 ipse
1052 5680 1189 5721 suas
1250 5661 1409 5717 ultus
1468 5663 1677 5720 fuisset
1721 5667 1989 5737 injurias.

2103 4809 2511 4880 cujusvindex
2538 4812 2593 4861 et
2624 4807 2778 4880 ultor
2807 4812 2929 4861 erat
2957 4806 3287 4880 episcopus,
3308 4804 3391 4858 sic
3439 4803 3747 4880 plectebat.

2175 4873 2247 4951 (5)
2280 4878 2342 4934 Ὀ
2375 4876 2572 4951 χόλος.
2608 4878 2875 4951 Plerique
2906 4873 3097 4951 codd,
3127 4873 3373 4951 ὁλόγσς.
3411 4874 3753 4951 Inepta_l_ec-

2102 4944 2204 5007 tio'.
2234 4944 2444 5005 Prail'e'r
2473 4944 2817 5021 Combel'qu
2850 4946 3042 5021 θυμός,
3076 4949 3230 5019 quod
3272 4944 3338 5002 'et
3385 4964 3490 5021 ego
3515 4944 3748 5021 “malim.

2103 5022 2406 5095 Siquidem
2461 5019 2641 5095 χόλος,
2691 5017 2929 5076 «iram
2965 5017 3313 5095 diuturnam
3359 5040 3384 5067 ››
3432 5017 3753 5089 signiﬁcat,

2104 5095 2298 5165 qualis
2335 5093 2596 5161 GregOrii
2628 5093 2715 5147 ira
2746 5110 2862 5147 non
2895 5094 3023 5165 fuit.

2174 5170 2245 5234 (ὃ)
2278 5168 2383 5216 Τοῦ
2411 5160 2678 5237 χρηστοῦ.
2712 5166 2805 5220 Sic
2836 5165 2950 5219 duo
2991 5162 3189 5228 Coisl.,
3223 5164 3317 5217 Ur.
3372 5162 3423 5221 1,
3454 5160 3601 5228 Jes.,
3635 5164 3750 5213 etc.

2102 5238 2247 5292 Male
2280 5237 2346 5308 i11_
2370 5239 2484 5303 ed.,
2512 5237 2765 5308 Χριστοῦ.

2175 5310 2250 5379 (7)
2280 5305 2370 5361 Τό.
2404 5307 2460 5361 in
2495 5305 2976 5379 pluribusdeest.

2196 5374 2250 5447 8)
2276 5374 2656 5448 ὍμωςξΗθεζ.
2692 5398 2742 5444 ιι,
2769 5374 2999 5448 ὁμοίως.

2196 5442 2247 5518 9)
2278 5442 2446 5501 Τοῧτο
2480 5445 2543 5517 δή
2573 5442 2633 5503 τδ
2664 5442 2971 5516 ποιητικόν.
3007 5447 3101 5502 Sic
3155 5450 3331 5518 Regg.
3383 5462 3435 5518 tl,
3481 5445 3599 5499 bm.
3635 5442 3749 5518 Alii

2104 5516 2541 5647 ortnittuntpcé,’
2586 5524 2757 5577 male.
2818 5520 2996 5589 Elias,
3064 5541 3083 5568 ι
3149 5523 3213 5573 ut
3270 5517 3503 5573 Pindari
3552 5516 3747 5573 verbis

2106 5610 2141 5647 u
2174 5610 2257 5647 ar.
2292 5614 2319 5640 δ)

2106 5610 2257 5647 utar.
2292 5614 2319 5640 δ)
