4094 6288
270 365 425 430 1017

1159 369 1447 432 ORATIO
1489 368 1706 431 XVIII.
1739 400 1818 413 —
1847 365 2237 430 FUNEBRIS
2282 367 2359 428 IN
2407 363 2756 430 PATREM.

3523 363 3680 427 1018

270 498 360 552 καὶ
386 497 448 552 τὸ
480 496 801 572 σύγγνωμον
833 497 1103 561 πολλάκις
1139 500 1272 574 μὲγα
1317 499 1454 574 πρὸς
1503 496 1798 572 σωτηρίαν,
1828 495 1916 552 ai:-

2038 516 2134 554 sus
2157 499 2363 564 fuerat,
2383 515 2456 554 ne
2480 515 2610 555 sera
2631 498 2867 570 quidem
2893 514 2958 552 ac
2980 497 3346 569 pedissequa,
3371 499 3438 552 ut
3457 497 3681 568 poetico

273 584 360 640 δοῖ
391 592 673 658 κατεῖργον
713 588 803 640 τὸν
851 585 1202 657 ἀδικήσαντα,
1246 587 1334 642 καὶ
1389 589 1613 662 μετάγον
1665 587 1739 647 εἰς
1787 585 1917 663 φίλ-

272 695 400 744 τρον
448 675 506 728 ἐκ
556 670 728 751 φόϐου
773 678 872 743 τὴν
919 675 1316 752 ἀσφαλεστέραν
1364 673 1592 734 εὔνοιαν,
1647 673 1922 730 Ἐπαιδεύ-

272 775 438 832 θησαν
476 761 552 830 δὲ,
588 765 639 817 οἱ
692 764 784 835 μὶν
839 765 941 818 ὑπὸ
995 766 1135 838 βοῶν
1187 765 1562 840 ἀναῤῥιφέντες
1608 768 1676 836 τῇ
1720 762 1918 836 ζεύγλῃ

268 851 751 926 τετρυχωμένων,
807 855 898 906 καὶ
956 853 1371 922 ἀπαντησάντων
1447 854 1657 928 ἀθρόως
1691 900 1704 923 ,
1765 851 1917 906 οὔπω

270 938 428 994 τοῦτο
478 939 742 1015 πρότερον
793 942 1162 1004 πεπονθότων*
1198 944 1250 997 οἱ
1305 941 1578 1004 δὲ’ίπποις
1625 939 1916 1020 σφενδονη-

275 1030 450 1092 θὲντες
483 1076 497 1098 ,
548 1030 636 1083 καὶ
688 1030 1124 1102 σ)μπατηθέ.ντες
1159 1075 1174 1101 ,
1223 1037 1328 1086 τῶν
1391 1032 1808 1095 εὐπειθεστάτων
1860 1052 1920 1085 τε

271 1119 360 1172 καὶ
401 1119 772 1191 ἡμερωτάτων
809 1137 821 1151 ·
876 1121 926 1174 οἱ
978 1118 1034 1174 δὲ
1079 1126 1330 1196 πυρετοῖς
1380 1122 1630 1196 ἀσχέτοις
1676 1119 1917 1189 καταλη-

271 1208 511 1282 φθέντες,
564 1208 650 1260 καί
704 1208 1020 1286 φαντασίαις
1069 1210 1139 1263 ὧν
1190 1207 1612 1281 τετολμήκασινο
1646 1211 1698 1263 οἱ
1729 1206 1784 1263 δὲ
1817 1206 1918 1262 ἅλω

270 1291 360 1348 λοι
395 1297 528 1368 (1Ο)ο
565 1294 703 1350 ἄλλο
732 1318 786 1351 τι
817 1294 1348 1372 παιδαγωγηθέντες,
1390 1299 1478 1353 καὶ
1535 1298 1790 1372 μαθόντες
1817 1299 1914 1366 τὴν

272 1383 516 1450 ὑπακοὴν
549 1383 598 1456 ἐξ
633 1383 706 1438 ὧν
737 1381 963 1447 ἔπαθον.

2028 588 2202 643 verbo
2235 592 2384 653 utar,
2417 589 2503 642 vis
2535 587 2634 642 illa
2661 586 2942 642 scelerum
2979 586 3152 640 ultrix
3183 586 3463 654 occurrit;
3497 587 3596 642 sed
3621 587 3680 641 in

2027 675 2154 746 ipso
2187 677 2286 731 irae
2314 676 2559 732 articulo
2583 675 2843 747 percussi
2869 675 3521 747 sunt,resipuerunt,ad
3547 691 3681 730 eum

2029 771 2422 832 accesserunt,
2457 767 2525 838 ad
2559 781 2750 837 genua
2784 764 3178 836 prociderunt,
3211 763 3437 818 veniam
3498 762 3682 833 impe-

2027 857 2276 918 trarunt,
2331 855 2574 924 pulchre
2605 854 2738 908 victi
2772 854 3191 920 discesserunt,
3226 856 3420 921 atque,
3451 855 3574 905 tum
3609 851 3680 906 ob

2028 942 2490 1013 castigationem,
2516 949 2638 997 tum
2674 943 2747 998 ob
2777 943 3030 1006 veniam,
3059 941 3330 996 meliores
3363 941 3496 996 facti
3521 943 3678 994 sunt.

2029 1031 2180 1087 8—18
2215 1033 2696 1102 Quandoquidem
2733 1031 2906 1086 etiam
2941 1047 3195 1102 persazpe
3227 1029 3422 1100 magni
3457 1029 3527 1084 ad
3588 1045 3684 1084 sa-

2027 1119 2208 1175 lutem
2271 1120 2548 1175 momenti
2610 1126 2699 1174 est
2730 1137 3015 1175 noxarum
3048 1119 3418 1184 condonatio,
3451 1122 3517 1172 ut
3549 1134 3679 1189 quas

2026 1226 2182 1278 eum,
2216 1210 2316 1280 qui
2349 1209 2624 1279 injuriam
2657 1209 2882 1275 intulit,
2916 1210 3136 1281 pudore
3169 1211 3448 1275 coerceat,
3512 1213 3684 1278 atque

2027 1315 2061 1354 a
2120 1305 2276 1354 metu
2339 1300 2410 1354 ad
2456 1315 2736 1362 amorem,
2772 1299 2879 1354 hoc
2911 1306 2998 1354 est
3027 1297 3300 1353 tutiorem
3335 1294 3681 1351 benevolen-

2025 1388 2192 1453 tiam,
2226 1389 2515 1442 traducat.
2551 1387 2825 1459 Uastigati
2859 1404 3029 1459 porro
3069 1391 3227 1455 sunt,
3285 1385 3379 1440 alii
3442 1400 3678 1441 sursum

259 1460 468 1530 iactati
504 1490 537 1528 a
566 1474 753 1530 bobus
793 1475 938 1545 jugo
971 1477 1192 1532 vexatis
1223 1480 1278 1531 et
1309 1476 1566 1543 afflictis,
1598 1493 1664 1532 ac
1697 1480 1934 1547 repente
1966 1475 2429 1546 incursantibus,
2462 1492 2595 1530 cum
2629 1491 2932 1547 nunquam
2983 1475 3146 1546 prius
3197 1475 3303 1529 hoc
3356 1473 3502 1545 ipsis
3531 1473 3681 1529 acci-

270 1561 481 1628 disset;
515 1561 610 1617 alii
653 1565 723 1618 ab
773 1565 964 1635 equis,
997 1565 1172 1619 etiam
1225 1565 1726 1620 mansuetissimis
1773 1570 1829 1621 et
1880 1565 2455 1635 obsequentissimis,
2488 1565 2716 1620 excussi
2749 1569 2805 1620 et
2835 1564 3099 1634 protriti;
3149 1563 3247 1619 alii
3298 1561 3682 1618 intolerandis

269 1647 530 1705 febribus
563 1653 830 1723 correpti,
865 1658 1042 1724 atque
1071 1654 1300 1723 objecta
1333 1654 1655 1708 facinorum
1689 1670 1931 1710 suorum
1965 1654 2156 1726 specie
2189 1654 2548 1725 perturbati;
2592 1654 2690 1709 alii
2738 1653 2868 1709 aliis
2915 1653 3108 1709 modis
3137 1653 3373 1719 eruditi,
3402 1655 3580 1722 atque
3611 1667 3681 1707 ex

267 1736 382 1806 his,
418 1755 543 1803 quae
577 1741 836 1811 perpessi
872 1743 1121 1808 fuerant,
1154 1743 1548 1798 obedientiam
1579 1743 1789 1799 edocti.

343 1825 460 1882 KE'.
496 1828 615 1901 Ἆρ’
647 1827 736 1882 οὖν
785 1829 847 1882 τὸ
896 1829 989 1901 μὶν
1041 1829 1273 1892 ἐπιεικὲς
1323 1835 1583 1885 τοσοῦτον
1636 1831 1782 1902 αὐτῷ
1827 1829 1917 1885 καί

2095 1833 2311 1888 XXVII.
2345 1833 2454 1887 Sed
2489 1833 2664 1889 fuerit
2694 1850 2834 1889 sane
2861 1837 3026 1888 tanta
3055 1835 3274 1903 tanque
3303 1827 3520 1885 illustri
3559 1845 3688 1885 mo.

269 1913 412 1969 οὕτω
442 1916 742 1990 γνώριμονο
791 1916 1059 1980 ἐντελείας
1103 1922 1212 1990 (11)
1262 1917 1319 1973 δὲ
1366 1919 1455 1974 καὶ
1505 1926 1606 1987 τῆς
1636 1922 1747 1992 (12)
1792 1919 1916 1992 περὶ

2038 1939 2159 1977 rum
2211 1922 2524 1988 facilitate;
2569 1922 2860 1977 industria
2888 1938 3044 1989 vero,
3076 1935 3260 1992 eaque
3289 1918 3522 1986 virtute,
3555 1934 3683 1989 qua;

269 2002 330 2055 τὸ
361 2004 622 2075 πρακτέον
676 2006 868 2080 ἀρετῆς
913 2014 1152 2082 παρῆκεν
1205 2006 1371 2083 ἑτέρῳ
1417 2008 1481 2063 τὸ
1523 2006 1691 2062 πλέον
1723 2005 1869 2082 ἔχειν
1904 2026 1917 2078 ;

2038 2011 2088 2065 in
2112 2011 2287 2066 rebus
2318 2011 2590 2081 gerendis
2620 2015 3055 2080 versatur,num
3087 2008 3364 2080 cuiquam
3393 2007 3490 2062 alii
3523 2007 3690 2062 cede-

269 2090 341 2144 Οὐ
377 2093 471 2162 μὲν
503 2096 618 2147 08v'
655 2093 782 2150 ἀλλ’
820 2097 884 2164 ἦν
919 2097 946 2150 ὁ
979 2095 1140 2158 αὐτὸς
1183 2095 1392 2172 ἥμερος
1447 2098 1561 2169 μὶν,
1609 2097 1654 2151 εἰ
1702 2097 1792 2151 καί
1838 2117 1920 2158 τις

268 2174 458 2246 ἄλλος,
505 2179 718 2256 ἐνεργὸς
766 2179 824 2237 δὲ
871 2184 1005 2238 κατά
1048 2185 1110 2238 τὸ
1157 2184 1386 2259 ἥμερον.
1422 2184 1526 2239 Δύο
1567 2185 1667 2260 γὰρ
1715 2186 1922 2239 τούτων

264 2267 337 2329 ὡς
377 2269 444 2322 τὰ
475 2267 666 2324 πολλά
718 2272 1049 2347 μαχομένων
1091 2271 1367 2342 ἀλλήλοις
1413 2274 1503 2327 καὶ
1551 2275 1922 2328 ἀντικαθιστα-

274 2357 473 2429 μένων,
526 2359 836 2429 ἁπλότητος
885 2361 974 2415 καὶ
1022 2362 1393 2436 τραχύτητος,
1439 2362 1529 2417 καὶ
1579 2365 1676 2430 τῆς
1734 2363 1825 2434 μὶν
1861 2362 1924 2416 τὸ

275 2445 485 2520 ἥμερον
519 2447 759 2522 ἐχούσης
790 2451 925 2522 μετᾶ
969 2455 1066 2505 τοῦ
1113 2451 1410 2526 ἀπράκτου,
1442 2457 1541 2520 τῆς
1593 2449 1651 2506 δὲ
1680 2453 1742 2507 τὸ
1784 2471 1923 2527 πρα-

281 2537 463 2590 κτικὸν
499 2534 628 2611 δίχα
655 2542 753 2592 τοῦ
785 2539 1194 2616 φιλανθρώπου,
1228 2539 1414 2612 ἐκείνῳ
1445 2539 1677 2609 συνῆλθε
1726 2542 1928 2611 θαυμα-

281 2624 412 2686 σίως
444 2626 744 2702 ἀμφότερα⁶
782 2630 1029 2702 πράττειν
1068 2630 1184 2702 μὲν,
1234 2629 1614 2706 ὡς.αὐστηρῷ
1665 2631 1799 2702 μετά
1826 2637 1924 2698 τῆς

281 2714 650 2785 ἡμερότητος·
688 2716 928 2794 ὑφίεσθαι
981 2715 1060 2784 δὲ,
1113 2718 1188 2779 ὡς
1238 2719 1496 2794 ἀπράκτῳ
1553 2721 1686 2790 μετὰ
1721 2725 1820 2787 τῆς
1851 2706 1928 2772 ἒνέ

278 2802 512 2874 τελείας,
563 2803 614 2858 ἐν
661 2806 1040 2880 προστασίαις,
1084 2806 1135 2862 ἐν
1187 2807 1534 2884 παρῥησίαις,
1568 2807 1618 2861 ἐν
1660 2805 1761 2863 εἷ’δι
1793 2828 1927 2863 παν-

278 2896 330 2945 τι
365 2887 761 2968 κυϐερνήσεως.
795 2896 864 2950 Τὸ
895 2895 996 2970 γὰρ
1026 2900 1123 2950 τοῦ
1171 2891 1344 2970 ὄφεως
1391 2893 1652 2974 φρόνιμον
1702 2897 1824 2973 περὲ
1864 2897 1928 2951 τὸ

279 2983 442 3035 κακὸν
503 2987 579 3052 τῷ
625 2990 727 3052 τῆς
797 2990 1114 3059 περιστερᾶς
1172 2984 1410 3060 ἀκεραίῳ
1468 2986 1586 3061 περὶ
1646 2987 1706 3040 τὸ
1761 2983 1929 3041 καλὸν

279 3069 560 3142 ἀναμίξας,
615 3069 737 3126 οὕτε
781 3072 844 3127 τὸ
903 3073 1166 3150 φρόνιμον
1226 3073 1371 3129 εἷάσε
1419 3079 1717 3148 κακοῦργον
1771 3074 1926 3148 γενὲο

275 3160 416 3226 σθαι,
449 3157 572 3214 οὔτε
599 3161 660 3215 τὸ
713 3161 919 3216 ἁπλοῦν
949 3162 1217 3232 )ἀνόητον’
1253 3161 1377 3218 ἀλλ’
1418 3162 1472 3218 ἓν
1505 3163 1702 3236 ἀρετῆς
1751 3161 1919 3230 εἶδος,

277 3247 351 3308 ὡς
405 3247 641 3320 μάλιστα
689 3248 832 3317 ἐνῆν,
868 3250 917 3322 ἐξ
959 3253 1280 3328 ἀμφοτέρων
1330 3247 1778 3324 ἀπηκριϐώσατο.
1825 3254 1927 3308 Τὸν

279 3332 345 3404 δὴ
393 3343 637 3392 τοιοῦτον
702 3339 794 3411 μὲν
843 3340 1126 3416 γεγονότα,
1181 3340 1324 3395 οὕτω
1367 3338 1425 3395 δὲ
1471 3348 1572 3409 τῆς
1624 3342 1924 3416 ἱερωσύνης

278 3427 607 3498 προστάντα,
654 3428 912 3498 τοιαύτης
946 3428 1003 3484 δὲ
1044 3431 1189 3506 παρὰ
1237 3436 1363 3485 πᾶσι
1419 3429 1580 3501 δόξης
1627 3431 1926 3506 τετυχηκό-

277 3535 362 3583 τα,
393 3515 444 3569 τί
476 3517 778 3588 θαυμαστὸν
812 3518 900 3572 καὶ
934 3519 1176 3591 σημείων
1223 3519 1538 3590 ἀξιωθῆναι,
1575 3521 1660 3582 οἷς
1713 3515 1926 3596 βεϐαιοῖ

280 3604 407 3664 Θεὸς
435 3605 530 3672 τὴν
563 3601 832 3661 εύσὲϐειαν
864 3625 878 3675 ;

2029 2099 2156 2154 bat?
2178 2099 2438 2154 Minime.
2459 2102 2673 2154 Verum
2708 2099 2864 2153 idem
2898 2099 3021 2168 ipse
3041 2096 3266 2153 etlenis
3297 2113 3362 2152 ac
3393 2094 3681 2166 placidus,

2031 2192 2097 2243 ut
2125 2189 2174 2243 si
2205 2187 2338 2259 quis
2370 2187 2545 2251 alius,
2576 2192 2719 2255 erat,
2753 2193 2808 2242 et
2840 2187 2910 2242 ad
2945 2187 3238 2257 agendum
3269 2199 3538 2256 peraeque
3576 2199 3682 2253 ap-

2031 2281 2154 2334 tus.
2187 2281 2242 2332 et
2297 2276 2618 2347 appositus.
2671 2276 2947 2342 Quamvis
2978 2275 3134 2330 enim
3166 2275 3254 2328 has
3287 2274 3413 2328 duas
3446 2288 3538 2328 res
3569 2272 3686 2327 fere

2032 2366 2187 2420 inter
2215 2382 2276 2421 se
2309 2370 2570 2436 pugnent
2599 2370 2654 2420 et
2683 2370 3076 2436 opponantur,
3110 2362 3460 2434 simplicitas
3510 2360 3682 2416 nimi-

2035 2471 2166 2510 rum
2224 2459 2281 2510 et
2335 2456 2642 2526 asperitas,
2673 2455 2974 2524 alteraque
3008 2451 3518 2507 mansuetudinem
3550 2465 3685 2505 cum

2035 2543 2248 2599 inertia
2277 2545 2649 2614 conjunctam
2690 2542 2918 2612 habeat,
2979 2541 3164 2596 altera
3219 2540 3393 2595 rebus
3451 2539 3685 2611 quidem

2037 2631 2310 2704 gerendis
2339 2637 2475 2701 apta
2506 2632 2600 2700 sit,
2621 2648 2823 2686 verum
2859 2630 3222 2685 humanitate
3255 2634 3470 2697 careat,
3493 2627 3554 2682 in
3587 2625 3686 2681 illo

2037 2725 2232 2778 tamen
2293 2720 2536 2775 mirifice
2595 2723 2712 2776 haac
2771 2721 2886 2774 duo
2945 2720 3005 2774 in
3057 2735 3238 2774 unum
3271 2719 3686 2779 convenerunt,

2038 2827 2247 2881 nempe
2276 2814 2338 2864 ut
2359 2815 2414 2864 et
2436 2815 2718 2881 tanquam
2752 2825 2923 2881 asper
2945 2825 3011 2863 ac
3040 2808 3352 2864 vehemens
3385 2806 3560 2860 rebus
3591 2819 3687 2876 ge-

2038 2900 2236 2956 rendis
2267 2915 2398 2955 cum
2434 2900 2886 2954 mansuetudine
2915 2897 3300 2959 incumberet,
3321 2904 3378 2950 et
3407 2899 3687 2965 tanquam

2038 3006 2072 3044 a
2104 2989 2276 3044 rebus
2307 2988 2578 3060 gerendis
2609 2987 2834 3044 alienus
2866 3004 2993 3043 sese
3025 3003 3158 3042 cum
3207 2983 3498 3040 industria
3549 2983 3688 3038 sub-

2039 3077 2315 3142 mitteret,
2374 3077 2431 3130 in
2494 3076 2781 3147 praesidiis
2813 3076 3088 3141 ferendis,
3121 3075 3182 3129 in
3212 3073 3585 3129 sermonibus
3615 3071 3690 3125 ab

2038 3166 2194 3222 omni
2229 3169 2384 3220 metu
2419 3165 2639 3231 liberis,
2672 3165 2731 3218 in
2762 3165 2922 3220 omni
2952 3164 3203 3234 denique
3249 3159 3689 3233 gubernationis

2036 3269 2266 3327 genere.
2291 3254 2436 3309 Nam
2472 3270 2602 3309 cum
2637 3255 2922 3325 serpentis
2956 3253 3024 3307 ad
3061 3251 3284 3307 malum
3317 3250 3687 3322 prudentiam

2036 3359 2168 3399 cum
2201 3343 2481 3398 columbae
2505 3344 2575 3398 ad
2605 3344 2823 3398 bonum
2854 3341 3234 3413 simplicitate
3265 3339 3688 3408 conjunxisset,

2033 3431 2116 3487 ita
2147 3448 2208 3488 se
2238 3432 2613 3504 comparavit,
2648 3435 2714 3486 ut
2744 3448 2849 3486 nec
2881 3430 3255 3502 prudentiam
3289 3428 3344 3482 in
3397 3431 3689 3482 versutum

2034 3522 2491 3594 improbitatem,
2549 3537 2653 3576 nec
2714 3521 3156 3593 simplicitatem
3217 3518 3275 3571 in
3307 3516 3685 3574 stoliditatem

2035 3611 2388 3682 degenerare
2410 3613 2658 3678 sineret;
2692 3627 2891 3665 verum
2916 3625 2983 3664 ex
3015 3608 3324 3674 ambabus,
3349 3605 3538 3677 quoad
3567 3605 3694 3674 ejus

281 3695 403 3748 ﬁeri
441 3701 682 3766 poterat,
719 3714 895 3753 unam
949 3699 1182 3755 virtutis
1231 3700 1484 3772 speciem
1531 3701 1802 3766 efficeret,
1839 3701 2101 3756 numeris
2134 3701 2412 3756 omnibus
2453 3701 2766 3772 perfectam
2799 3705 2856 3754 et
2887 3697 3237 3753 absolutam.
3273 3695 3439 3750 Hunc
3491 3694 3689 3764 igitur,

280 3800 411 3838 cum
445 3785 620 3839 talem
653 3803 715 3841 se
745 3787 1112 3856 praebuisset,
1147 3794 1319 3860 atque
1365 3790 1447 3843 ita
1478 3789 1799 3844 sacerdotio
1832 3790 2178 3860 praefuisset,
2213 3795 2557 3860 tantamque
2586 3789 2740 3860 apud
2795 3804 3001 3842 omnes
3031 3785 3276 3859 gloriam
3313 3781 3689 3848 obtinuisset,

280 3873 419 3942 quid
456 3874 668 3927 mirum
704 3875 889 3944 signis
922 3875 1118 3942 etiam,
1153 3877 1369 3944 quibus
1402 3877 1553 3931 Deus
1584 3878 1861 3946 pietatem
1896 3879 2224 3938 conﬁrmat,
2259 3879 2501 3948 dignum
2535 3878 2798 3932 habitum
2833 3877 3063 3932 fuisse?

356 3961 480 4014 KH'.
514 3962 606 4013 Ἕν
643 3957 698 4012 δὲ
745 3964 852 4012 τῶν
901 3960 1025 4036 περί
1073 3961 1269 4015 ἐκεῖνον
1319 3962 1626 4033 θαυμάτωνο
1661 3969 1928 4034 ’Έκαμνεν

281 4045 575 4120 ἀῤῥωστίᾳ,
625 4047 714 4101 καὶ
764 4052 1024 4123 πονηρῶς
1076 4051 1195 4122 εἶχε
1231 4054 1328 4104 τοῦ
1377 4050 1657 4121 σώματος.
1719 4051 1821 4106 Καὶ
1877 4051 1930 4105 τί

281 4135 608 4205 θαυμαστὸν,
645 4135 690 4190 εἰ
720 4138 1084 4191 κακοπαθοῦσι
1135 4139 1223 4191 καὶ
1275 4140 1449 4212 ἅγιοι,
1485 4136 1591 4193 εἷίτε
1621 4139 1698 4202 εἲς
1729 4141 1929 4211 κάθαρ-

286 4241 367 4274 σιν
415 4223 502 4275 καὶ
552 4231 648 4291 τῆς
699 4230 896 4297 μικρᾶς
940 4224 1113 4296 ἰλύος,
1167 4223 1272 4280 εἴτε
1320 4227 1395 4288 εἰς
1455 4228 1682 4300 βάσανον
1731 4228 1932 4301 ἀρετῆς

280 4309 367 4363 καὶ
403 4315 590 4384 πεῖραν
631 4311 980 4388 φιλοσοφίας,
1026 4312 1131 4368 εἴτε
1179 4315 1254 4376 εἷς
1302 4313 1580 4370 παίδευσιν
1620 4322 1728 4372 τῶν
1776 4319 1930 4382 ἀσθε-

281 4398 540 4474 νεστέρων
572 4400 623 4454 ἐν
654 4400 878 4462 ἐκείνοις
927 4402 1298 4473 μανθανόντων
1344 4405 1406 4458 τὸ
1454 4412 1752 4481 καρτερεῖν,
1784 4406 1930 4462 ἀλλὰ

285 4499 360 4558 μη
396 4487 636 4542 ἐκκακεῐν
685 4493 804 4551 τοῖς
837 4489 1056 4546 πάθεσιν

287 4576 377 4650 ρὸς
403 4576 470 4644 ἦν
502 4577 564 4630 τὸ
597 4578 750 4652 ἅγιον
804 4578 994 4653 Πάσχα
1035 4581 1124 4633 καὶ
1175 4577 1502 4656 περιϐόητον
1548 4586 1682 4657 (13),
1714 4586 1747 4653 ἡ
1785 4583 1932 4660 βασί-

287 4663 444 4719 λισσα
473 4670 579 4719 τῶν
612 4668 834 4742 ἡμερῶν
880 4669 1086 4741 ἡμέρα,
1129 4671 1219 4723 καὶ
1265 4673 1300 4739 ἡ
1335 4670 1562 4746 λαμπρὰ
1608 4672 1695 4742 νὺξ
1729 4672 1932 4728 λύουσα

280 4755 343 4808 τὸ
371 4754 560 4813 σκότος
609 4762 709 4824 τῆς
755 4756 1042 4832 ἁμαρτίας,
1093 4759 1212 4813 καθ’
1243 4760 1303 4828 ἣν
1338 4762 1502 4833 ἡμεῖς
1551 4761 1653 4816 ὑπὸ
1681 4761 1932 4835 πλουσίῳ

283 4844 420 4918 φωτέ
452 4843 551 4911 τὴν
595 4847 864 4919 σωτηρίαν
919 4847 1079 4917 ἡμῶν
1130 4846 1307 4902 αὐτῶν
1357 4849 1701 4924 ἑορτάζομεν,
1733 4851 1823 4905 καὶ
1851 4855 1930 4924 τῷ

282 4931 418 5007 φωτῖ
471 4929 539 4985 δι’
569 4934 717 5004 ἡμᾶς
768 4933 1089 5008 νεκρωθέντι
1141 4938 1637 5013 συννεκρωθὲντες·,
1688 4940 1777 4994 καὶ
1834 4940 1928 4994 ἀν-

285 5021 555 5092 ισταμένῳ
588 5023 1031 5094 συνανιστάμεθα.
1083 5025 1341 5080 Ἐνταῦθα
1395 5027 1486 5099 μὲν
1540 5025 1606 5096 δὴ
1665 5033 1760 5083 τοῦ
1807 5050 1930 5084 και-

285 5112 382 5183 ροῦ
412 5109 474 5161 τὸ
502 5110 690 5171 πάθος·
740 5111 801 5163 τὸ
852 5108 908 5165 δὲ
959 5113 1047 5182 ἢν,
1082 5113 1156 5174 ὡς
1207 5113 1259 5167 ἐν
1312 5116 1510 5190 βραχεῖ
1549 5114 1925 5192 διηγήσασθαι·

288 5198 520 5271 [Ιορετὸς
555 5199 647 5269 μὲν
698 5196 931 5274 σφοδρὸς
978 5201 1064 5255 καὶ
1098 5199 1323 5270 διακαής
1369 5211 1472 5260 πᾶν
1504 5205 1565 5260 τὸ
1619 5208 1780 5281 βάθος
1811 5229 1930 5262 συν-

282 5286 529 5363 ἑφλεγεν,
563 5289 596 5355 ἡ
633 5285 689 5341 δέ
722 5285 948 5361 δύναμις
977 5289 1343 5364 ἐπελελοίπει,
1376 5298 1483 5349 τῶν
1511 5296 1695 5351 σιτίων
1732 5293 1788 5350 δὲ
1818 5299 1930 5370 (14)

353 5539 463 5681 ἕ10)
494 5535 716 5594 ’Ἀλλομ
753 5540 932 5667 Ηϐῆέ.
967 5557 1020 5609 a,
1059 5542 1176 5606 bm,
1210 5543 1242 5596 3
1273 5543 1458 5612 Colb.,
1491 5545 1586 5615 Or,
1623 5549 1672 5614 1,
1705 5544 1898 5609 ἄλλος.

380 5613 461 5681 11)
497 5608 820 5674 ιΕντελείας.
905 5628 1076 5681 onne,
1110 5611 1438 5681 ἐντρεχείας.
1471 5622 1535 5676 ut
1565 5619 1898 5677 Bill.videtu

283 5608 820 5756 1Θὲῗέἐθιᾷεντελείας.
843 5608 1076 5686 Nonne,
1110 5608 1453 5691 ἐντρεχείας,
1471 5622 1535 5676 ut
1565 5608 1692 5677 Bili.
1712 5608 1940 5678 videtur

2110 3967 2354 4021 XXVIII.
2410 3967 2628 4020 Herum
2682 3981 2851 4036 porro
2903 3962 3343 4026 miraculorum,
3377 3975 3504 4032 quae
3534 3958 3594 4012 in
3625 3974 3692 4014 eo

2039 4054 2195 4109 edita
2215 4058 2373 4117 sunt,
2403 4053 2506 4108 hoc
2529 4069 2712 4107 unum
2739 4058 2824 4107 est
2849 4069 2860 4105 :
2887 4052 3086 4107 Morbo
3108 4051 3429 4116 laborabat,
3454 4064 3519 4103 ac
3542 4063 3693 4118 aegro

2039 4158 2277 4214 corpore
2309 4148 2448 4197 erat.
2471 4142 2616 4208 Quid
2651 4146 2843 4196 autem
2879 4140 3301 4206 mirandum,si
3336 4137 3517 4193 sancti
3553 4152 3694 4208 quo-

2041 4248 2153 4303 que
2184 4232 2289 4286 viri
2322 4232 2493 4286 malis
2525 4236 2884 4303 premantur,
2913 4230 3031 4285 sive
3053 4230 3124 4284 ad
3155 4227 3278 4283 limi
3310 4226 3690 4298 quantumvis

2038 4320 2230 4390 exigui
2265 4320 2691 4392 purgationem,
2725 4319 2845 4374 sive
2875 4320 2941 4374 ad
2971 4317 3207 4372 virtutis
3235 4315 3690 4388 explorationem

2037 4414 2094 4464 et
2125 4409 2504 4480 philosophiae
2537 4409 2976 4472 documentum,
3011 4405 3129 4463 sive
3159 4406 3410 4476 denique
3459 4405 3530 4458 ab
3581 4403 3691 4456 im-

1093 4511 1106 4559 ;
1139 4494 1407 4564 ’Έκαμνεν
1459 4493 1573 4564 οὖν,
1604 4495 1693 4550 καὶ
1752 4496 1779 4550 ὁ
1812 4517 1931 4550 και-

2043 4498 2404 4553 becilliorum
2495 4498 2924 4565 eruditionem,
2994 4495 3095 4566 qui
3159 4494 3217 4549 in
3283 4493 3402 4548 illis
3469 4492 3695 4546 fortiter

2041 4589 2284 4643 adversa
2342 4589 2626 4659 perferre,
2681 4592 2735 4641 et
2791 4585 3148 4641 calamitosis
3206 4583 3381 4638 rebus
3447 4580 3691 4635 minime

1983 4745 1999 4754 ο
2039 4676 2231 4747 frangi
2263 4693 2327 4730 ac
2358 4675 2654 4731 debelitari
2687 4673 3078 4730 condiscunt?
3105 4672 3300 4728 Morbo
3328 4671 3506 4739 igitur
3536 4668 3693 4722 labo-

2039 4766 2226 4835 rabat,
2260 4781 2326 4819 ac
2357 4764 2542 4820 morbi
2574 4768 2808 4835 tempus
2847 4767 2971 4820 erat
3027 4765 3300 4818 sanctum
3357 4764 3414 4815 et
3469 4756 3694 4812 celebre

2040 4855 2192 4910 849
2226 4853 2466 4918 Pascha,
2487 4853 2611 4908 dies
2633 4853 2862 4908 dierum
2883 4867 3075 4920 rex,ac
3098 4847 3406 4920 splendida
3436 4846 3534 4901 illa
3560 4861 3690 4912 nox,

2038 4943 2258 5015 peccati
2291 4943 2563 4998 tenebras
2597 4942 2848 5012 solvens,
2882 4942 2941 4996 in
2973 4957 3088 5012 qua
3127 4955 3232 4994 nos
3287 4952 3422 4993 cum
3481 4950 3697 5004 magna

2039 5030 2283 5086 luminis
2341 5031 2506 5102 capia
2563 5029 2774 5086 salutis
2821 5034 3028 5086 nostrae
3061 5029 3275 5084 festum
3307 5021 3727 5102 celebramusz‘

2039 5125 2210 5192 atque
2242 5137 2374 5176 cum
2422 5124 2654 5175 mortua
2705 5136 2808 5193 pro
2865 5120 3035 5174 nobis
3093 5118 3218 5172 luce
3274 5118 3460 5169 morte
3516 5092 3697 5168 simul

2041 5210 2251 5277 affecti,
2311 5215 2368 5264 et
2426 5225 2559 5264 cum
2615 5210 2819 5264 eadem
2869 5208 3117 5264 excitata
3146 5203 3321 5261 simul
3352 5203 3695 5259 excitamur.

2041 5298 2157 5355 Hoc
2189 5301 2452 5372 tempore
2484 5298 2726 5354 morbus
2756 5299 3021 5371 urgebat.
3055 5296 3112 5354 Is
3143 5298 3364 5363 autem,
3408 5296 3474 5348 ut
3528 5291 3697 5346 breve

2148 5550 2232 5621 1'2)
2260 5550 2598 5621 'I'ﬁc.peest
2627 5550 2684 5604 in
2718 5550 2856 5621 Reg.
2888 5549 3009 5603 bm.

2148 5610 2234 5693 13)
2266 5610 2465 5694 Πέριϐό
2509 5639 2623 5676 τον.
2658 5622 2705 5678 R
2784 5610 2886 5687 ,νου
2915 5610 3266 5694 περιϐόητος.

2148 5694 2232 5749 14)
2267 5639 2574 5749 Σιτίωνηδὲ.
2607 5635 2780 5749 (301ἒῇ
2815 5693 2841 5749 1
2875 5693 3058 5749 addit.
3099 5689 3262 5749 ἅπαν.
3307 5711 3338 5742 ι(
3371 5686 3528 5748 omni

2146 5691 2232 5764 14)
2267 5691 2463 5748 Σιτίων
2498 5691 2574 5751 δέ.
2607 5691 2780 5752 Goisl.
2815 5693 2841 5750 1
2875 5691 3058 5762 addit,
3099 5691 3262 5761 ἆπαν,
3307 5711 3338 5742 ιι
3371 5691 3632 5748 omnino.
3667 5707 3696 5737 ν
