4094 6288
374 386 533 450 1019

1617 393 1681 454 S.
1731 392 2107 454 GHEGORII
2152 393 2551 455 THEOLOGI

3634 396 3802 459 1020

374 520 605 589 ﬂlciam,
636 520 773 577 talis
802 526 927 578 erat
958 539 972 578 :
1004 522 1331 579 Vehemens
1380 524 1642 595 quaedam
1703 527 1761 580 et
1811 525 2022 579 ardens

2136 519 2548 588 ἀποκέκλειστο,
2595 521 2760 585 ὕπνος
2810 520 2866 579 δὲ
2915 523 3252 595 ἀπελήλατο,
3304 526 3503 601 ἀπορίᾳ
3543 523 3600 580 εὶ
3650 525 3798 601 εἷχε-

373 609 551 664 febris
599 611 836 666 intimas
866 629 1069 667 omnes
1097 613 1357 683 corporis
1388 618 1583 685 partes
1612 614 1907 680 exurebat,
1942 612 2024 665 vi-

374 715 465 753 res
497 699 840 767 defecerant,
873 718 902 754 a
937 702 1084 757 cibis
1115 701 1388 757 exclusus
1418 709 1561 771 erat,
1596 719 1842 758 somnus
1890 703 2028 757 abs-

376 794 653 852 cesserat,
714 806 829 860 quo
886 807 948 844 se
978 795 1223 845 verteret
1254 791 1564 857 nesciebat,
1596 797 1770 862 atque
1800 791 1871 846 ob
1903 807 2028 845 cor-

376 876 467 931 dis
499 877 907 949 palpitationes
940 880 1137 934 animo
1171 880 1420 934 subinde
1451 880 1847 951 linquebatur.
1895 880 2027 933 Jam

380 965 576 1021 omnia
607 967 724 1021 oris
756 968 1117 1032 interiora,et
1147 968 1404 1041 palatum
1438 971 1719 1041 ipsum,et
1740 969 2027 1041 quidquid

378 1056 651 1125 superius
681 1057 912 1125 pendet,
945 1061 1029 1111 tot
1080 1061 1318 1127 tamque
1367 1057 1592 1111 acerbis
1637 1062 1693 1111 et
1735 1055 2030 1110 continuis

378 1142 675 1199 ulceribus
705 1147 1027 1208 scatebunt,
1061 1153 1127 1200 ut
1159 1162 1230 1200 ne
1260 1161 1427 1215 aquas
1457 1146 1691 1216 quidem
1728 1145 1914 1198 facilis
1973 1148 2030 1198 et

374 1232 632 1303 periculo
685 1250 887 1305 expers
938 1239 1166 1290 meatus
1196 1242 1363 1290 esset.
1406 1234 1519 1290 Nec
1548 1251 1680 1289 vero
1712 1238 1813 1288 aut
1846 1233 2030 1287 medi-

370 1337 573 1376 corum
605 1328 782 1387 artes,
814 1329 917 1377 aut
947 1323 1410 1395 propinquorum
1442 1323 1528 1377 vel
1563 1322 2027 1379 necessariorum

367 1412 693 1482 quamlibet
722 1412 971 1467 assidua:
1003 1429 1223 1484 preces,
1249 1418 1348 1468 aut
1369 1413 1555 1468 ullum
1588 1411 1906 1467 curationis
1927 1428 2024 1482 ge-

369 1516 482 1554 nus
514 1501 715 1556 morbo
750 1500 1091 1572 depellendo
1124 1520 1229 1573 par
1257 1519 1381 1558 esse
1412 1507 1657 1574 poterat.
1692 1502 1880 1571 Atque
1933 1499 2027 1552 hic

378 1605 445 1644 eo
467 1594 622 1644 statu
655 1590 1078 1662 erat,exiguum
1112 1592 1392 1662 quiddam
1424 1599 1478 1646 et
1509 1591 1880 1661 desperatum
1913 1588 2027 1659 spi-

371 1694 603 1747 rans,ac
632 1695 705 1733 ne
735 1683 1051 1749 praesentes
1082 1681 1319 1750 quidem
1351 1694 1910 1751 agnoscens,verum
1940 1683 2027 1731 to-

367 1770 466 1822 tus
501 1768 559 1820 in
593 1767 920 1822 discessum
953 1769 1417 1841 intentus,atque
1442 1768 1498 1823 ia
1527 1785 1747 1838 ea,quaa
1771 1766 2025 1838 jampri-

368 1854 501 1909 dem
533 1857 857 1927 expetebat,
892 1874 1137 1928 quzeque
1168 1858 1280 1929 ipsi
1314 1863 1635 1930 praeparata
1666 1861 1849 1912 erant.
1909 1856 2025 1910 Nos

363 1960 499 1998 vero
556 1945 613 1998 in
645 1944 863 2015 templo
909 1963 1166 2015 eramus,
1202 1952 1401 2016 mystae
1434 1945 1612 2002 simul
1642 1949 1698 2001 et
1728 1944 2025 2015 supplices

365 2031 713 2104 (desperatis
742 2034 1009 2090 videlicet
1042 2036 1319 2090 omnibus
1350 2036 1479 2091 aliis
1503 2034 1877 2099 remediis,ad
1903 2050 2024 2087 ma-

365 2136 548 2193 gnum
585 2123 961 2188 medicum,et
989 2126 1174 2180 noctis
1203 2125 1362 2180 illius
1388 2125 2019 2195 potentiam,tanquam

366 2210 437 2265 ad
470 2215 788 2266 extremam
851 2230 1015 2283 opem
1078 2219 1133 2268 et
1191 2214 1497 2280 auxilium,
1558 2211 2019 2284 confugientes);

366 2301 504 2371 quid
539 2300 772 2355 dicam?
802 2301 1114 2358 Festumne
1147 2308 1554 2375 utageremus,
1589 2319 1659 2355 an
1694 2308 1755 2355 ut
1797 2301 2022 2371 lugere-

366 2389 539 2443 mus?
564 2389 916 2445 Letitiamne
949 2396 1013 2445 ut
1044 2408 1110 2447 ex
1141 2393 1253 2446 diei
1289 2392 1621 2447 celebritate
1652 2403 2015 2462 caperemus,

364 2494 438 2531 an
472 2482 535 2531 ut
565 2494 721 2547 eum,
755 2481 853 2550 qui
888 2496 1001 2533 non
1027 2481 1152 2549 jam
1186 2480 1278 2537 hic
1311 2487 1484 2545 esset,
1520 2480 1862 2535 funebribus
1916 2477 2019 2531 ho-

364 2567 606 2621 noribus
664 2568 1073 2623 at'ficeremus?
1131 2570 1174 2624 Ο
1208 2570 1496 2641 lacrymas
1528 2569 1679 2638 illas,
1713 2585 1860 2639 quas
1892 2570 2017 2621 tum

363 2654 636 2708 universa
667 2655 830 2725 plebs
877 2657 1068 2711 fudit?
1123 2658 1167 2712 Ο
1223 2675 1391 2714 voces
1448 2662 1506 2713 et
1556 2658 1861 2721 clamores,
1921 2655 2018 2725 qui

364 2742 727 2813 psalmorum
762 2746 1029 2801 cantibus
1061 2747 1579 2802 admiscebantur?
1613 2754 1651 2799 A
1683 2745 1901 2816 templo
1932 2761 2022 2799 sa-

368 2832 683 2900 cerdotem,
735 2851 767 2887 a
813 2836 1094 2905 mysterio
1126 2853 1423 2891 sacrorum
1457 2836 1806 2901 antistitem,
1842 2851 1873 2888 a
1907 2838 2019 2888 Deo

367 2920 612 2992 dignum
646 2923 873 2977 astitem
908 2924 1483 2996 requirebant:idque
1515 2924 1860 2996 praecinente
1892 2938 2023 2976 mea

369 3008 573 3074 Maria,
607 3014 1088 3084 tympanumque,
1112 3031 1225 3069 non
1250 3014 1624 3085 triumphale,
1652 3013 1752 3068 sed
1775 3009 2022 3083 supplex

367 3097 639 3167 pulsante
671 3098 737 3166 "’9,
772 3116 838 3154 ac
864 3105 990 3156 tum
1025 3103 1280 3174 primum
1314 3105 1590 3175 padorem
1651 3119 1769 3174 prae
1825 3100 2021 3155 dolere

365 3185 1119 3261 deponente,populumque
1144 3192 1320 3247 simul
1345 3210 1408 3247 ac
1432 3198 1610 3247 Deum
1630 3184 1890 3263 magnus
1903 3188 2017 3244 cla-

2134 632 2222 679 το,
2260 611 2349 664 καὶ
2381 609 2629 685 παλμοῖς
2675 615 3051 670 συνεκὸπτετο.
3084 615 3159 669 Τὰ
3208 614 3265 669 δὶ
3299 614 3425 670 εἷ’σω
3456 620 3553 670 τοῦ
3584 616 3795 687 στόμα-

2134 715 2230 761 τος
2280 702 2529 766 ἅπαντα,
2589 701 2622 769 ἥ
2680 723 2739 756 τε
2798 703 3053 778 ὑπερῲα,
3115 704 3203 757 xui
3262 705 3385 759 ὅσον
3447 706 3794 781 ὑπεραιωρη-

2135 810 2220 843 ται
2269 792 2402 863 (15),
2442 790 2723 853 τοσούτοις
2773 788 2985 845 ἕλκεσιν
3035 791 3336 864 ἐξηνθήκει,
3385 792 3473 846 xui
3525 792 3669 847 cii-rw
3700 815 3794 847 πι-

2136 883 2292 953 κροῖς
2320 899 2377 932 τε
2406 879 2496 932 καὶ
2528 879 2827 954 συνεγέσιν,
2870 879 3008 935 ὥστε
3042 879 3182 952 μηδὲ
3231 879 3385 936 ὕδατι
3420 881 3601 957 ιςῖιῑίδιον
3656 882 3793 936 εἶναι

2136 967 2228 1021 τὸν
2258 967 2452 1042 πόρον,
2488 965 2629 1039 μηδέ
2680 965 2977 1023 ἀκίνδυνον.
3027 968 3263 1043 Ἠρκουν
3312 966 3369 1022 δὲ
3419 966 3541 1023 οὕτε
3587 970 3796 1044 ἰατρῶν

2136 1053 2345 1130 τέχναι,
2377 1053 2500 1109 οὕτε
2531 1053 2743 1109 οἷ’κείων
2778 1055 2935 1130 εὐχαὶ
2964 1056 3055 1109 καὶ
3088 1055 3205 1111 λίαν
3242 1056 3794 1134 προσλιπαρούντων,

2138 1140 2263 1197 οὔτε
2317 1142 2571 1219 θεραπεία
2618 1149 2763 1197 πᾶσα
2818 1146 3205 1219 προσαγομένη
3238 1190 3249 1200 .
3309 1147 3370 1202 Ὀ
3443 1147 3536 1218 μὲν
3591 1144 3681 1200 οὖν
3746 1147 3798 1202 ἐν

2136 1231 2353 1292 τούτοις
2386 1234 2473 1300 ἦν,
2506 1233 2679 1285 πνέων
2734 1234 2899 1305 μικρά
2928 1234 3017 1288 xui
3060 1235 3471 1308 ἀπεγνωσμένα,
3516 1234 3603 1289 καὶ
3643 1234 3793 1308 μηδὲ

2135 1324 2241 1374 τῶν
2284 1320 2563 1391 παρόντων
2614 1320 3091 1393 ἐπαισθανόμενος,
3143 1320 3270 1377 ἀλλ’
3314 1322 3448 1385 ὅλος
3493 1327 3591 1392 τῆς
3625 1323 3795 1394 ἐκδη-

2141 1409 2264 1480 μίας
2313 1408 2406 1477 ὣν,
2438 1410 2527 1463 xui
2575 1414 2682 1463 τῶν
2735 1409 2905 1463 πάλαι
2954 1412 3309 1483 ποθουμένων
3357 1412 3503 1484 αύτῷ
3550 1413 3640 1467 καὶ
3688 1413 3793 1483 ηὖ-

2135 1496 2505 1571 τρεπισμένων
2570 1499 2705 1571 (46).
2766 1498 2935 1570 ’Πμὰς
2994 1495 3050 1552 δὲ
3107 1498 3223 1573 εἶχε
3265 1501 3327 1553 τὸ
3377 1500 3544 1575 ἱερὸν,
3581 1500 3793 1573 μύστας

2136 1587 2277 1658 ὁμοῦ
2308 1588 2419 1658 (17)
2448 1585 2537 1639 xui
2592 1586 2771 1647 ἱκέτας
2818 1584 3029 1658 (ἐπειδή
3081 1592 3188 1641 τῶν
3241 1586 3427 1643 ἄλλων
3465 1589 3798 1664 ἀπεγνώκει-

2141 1695 2233 1747 μεν
2284 1673 2574 1746 ἁπάντων),
2620 1675 2756 1749 πρὸς
2810 1675 2902 1730 τὸν
2959 1675 3126 1750 μέγαν
3174 1677 3358 1752 ἰατρὸν
3410 1677 3498 1731 xui
3538 1680 3637 1746 τὴν
3686 1685 3795 1747 τῆς

2134 1763 2324 1825 νυκτὸς
2387 1762 2595 1831 ἐκείνης
2645 1761 2873 1836 δύναμιν
2930 1765 3384 1842 καταφεύγοντας,
3444 1764 3534 1820 xui
3583 1768 3685 1835 τὴν
3708 1788 3796 1822 τι-

2136 1850 2385 1906 λευταίαν
2445 1851 2781 1927 ἐπικουρίαν·
2838 1852 2893 1907 τί
2950 1853 3038 1907 καὶ
3099 1858 3183 1931 φῶ
3238 1873 3251 1924 ;
3313 1855 3689 1930 ἑορτάσοντας,
3755 1859 3790 1927 ἢ

2136 1943 2503 2015 θρηνήσοντας
2556 1960 2569 2009 ;
2630 1942 3089 2016 πανηγυρίσοντας
3139 1987 3152 2010 ,
3212 1945 3246 2011 ἦ
3301 1946 3637 2015 τιμήσοντας
3696 1946 3791 1999 τὸν

2134 2028 2311 2084 οὐκέτι
2356 2027 2579 2092 ἐνταῦθα
2624 2030 2692 2084 τὰ
2728 2030 3027 2107 tiu-rupta;
3072 2033 3137 2085 Ὢ
3185 2036 3289 2086 τῶν
3352 2029 3595 2108 δακρύων
3652 2032 3794 2088 ἐκεί-

2131 2137 2260 2186 νων,
2314 2117 2347 2171 ἆ
2391 2119 2537 2189 παρά
2590 2120 2789 2180 παντὸς
2837 2118 2998 2194 ἐχέθη
3049 2124 3146 2174 τοῦ
3188 2120 3321 2176 λαοῦ
3363 2126 3662 2190 τηνικαῦτα
3696 2123 3708 2177 1
3746 2121 3791 2177 ὣ

2132 2211 2347 2285 φωνῶν,
2397 2206 2486 2261 καὶ
2540 2207 2704 2282 βοῶν,
2746 2208 2834 2262 xui
2882 2208 3063 2280 ὕμνων
3112 2212 3221 2282 (18)
3264 2215 3382 2271 ταῖς
3428 2208 3790 2283 ψαλμῳδίαις

2132 2294 2570 2372 συγκιρναμένων
2600 2297 2611 2351 ί
2644 2298 2900 2367 Ἐζήτουν
2950 2298 3096 2371 παρὰ
3141 2303 3239 2354 τοῦ
3288 2300 3439 2374 ἰεροῦ
3488 2299 3579 2353 τὸν
3611 2299 3784 2375 ἱερέα,

2128 2385 2274 2460 παρὰ
2334 2390 2431 2439 τοῦ
2504 2386 2805 2460 μυστηρίου
2864 2386 2955 2440 τὸν
3022 2388 3381 2463 μυσταγωγὸν
3421 2432 3433 2456 ,
3481 2388 3628 2463 παρὰ
3685 2395 3784 2444 τοῦ

2129 2478 2263 2528 Θεοῦ
2292 2474 2385 2527 τὸν
2437 2472 2580 2543 ἄξιον
2626 2474 2993 2548 παραστάτην·
3038 2475 3127 2529 καὶ
3176 2480 3341 2530 ταῦτα
3382 2476 3472 2549 ἦν,
3525 2476 3785 2552 έξαρχού-

2130 2584 2230 2632 σης
2278 2569 2378 2631 τῆς
2430 2562 2568 2634 έμῆς
2617 2563 2825 2636 Μαρίας
2873 2565 3025 2637 (49),
3070 2564 3170 2619 xui.
3222 2565 3667 2639 ἀνακρουομένης
3716 2568 3779 2620 τὸ

2127 2650 2429 2723 τύμπανον,
2464 2650 2525 2704 οὒ
2554 2650 2616 2704 τὸ
2668 2649 2951 2723 ἐπινίκιον,
2985 2650 3131 2707 ἀλλὰ
3178 2653 3241 2706 τὸ
3272 2653 3494 2724 ἱκέσιον,
3527 2652 3617 2707 καὶ
3657 2654 3782 2709 τότε

2128 2744 2343 2815 πρῶτον
2378 2740 2750 2814 ἀναισχυντεῖν
2806 2740 3083 2813 μαθούσης
3135 2742 3236 2795 ὑπὸ
3285 2747 3381 2797 τοῦ
3430 2741 3656 2809 πάθους,
3690 2744 3780 2797 καὶ

2127 2822 2482 2895 καταϐοώσης
2532 2832 2629 2881 τοῖ’)
2679 2825 2815 2881 λαοῦ
2865 2849 2924 2882 τε
2971 2829 3181 2901 ὁμοίως
3232 2830 3321 2883 καὶ
3368 2835 3465 2884 τοῦ
3495 2835 3651 2885 Θεοῦ’
3682 2835 3783 2885 τοῖ’)

2134 2918 2255 2990 μὲν,
2286 2914 2572 2990 συναλγεῖν
2602 2915 2888 2990 πασχούσῃ
2921 2920 3053 2989 (20),
3086 2918 3176 2971 καὶ
3224 2919 3781 2996 προσφιλοτιμεῖσθαι

2128 3009 2245 3067 τοῖς
2280 3002 2525 3080 δάκρυσι·
2572 3006 2668 3058 τοῦ
2701 3002 2779 3076 δὲ,
2814 3004 3109 3060 εἰσακούειν
3149 3011 3256 3061 τῶν
3309 3004 3600 3079 δεομένων,
3651 3009 3785 3061 πάν-

2127 3116 2233 3148 των
2269 3092 2428 3148 αὐτὸν
2475 3097 2582 3147 τῶν
2628 3094 2734 3168 πρὸ
2780 3092 2976 3148 τούτου
3024 3095 3312 3168 θαυμάτων
3367 3098 3476 3170 (21)
3524 3097 3634 3167 (xui
3674 3097 3783 3173 γὰρ

2130 3182 2403 3259 εὖριτικὸν
2430 3182 2491 3236 τὸ
2521 3181 2771 3256 πάσχειν)
2804 3182 3315 3256 ὑπομιμνήσκουσα.

363 3276 627 3331 moribus
658 3277 1039 3348 implorante;
1097 3280 1263 3336 illum
1312 3298 1541 3355 nempe,
1576 3287 1641 3337 ut
1673 3280 1888 3336 dolenti
1923 3274 2277 3341 condoleret,
2310 3274 2701 3343 certatimque
2730 3289 2866 3328 cum
2914 3290 2981 3329 ea
3027 3274 3317 3347 lacrymas
3366 3276 3785 3347 profunderet;

360 3362 518 3418 hunc
550 3370 766 3435 autem,
804 3372 869 3423 ut
899 3377 1133 3425 orantes
1162 3372 1485 3438 exaudiret,
1518 3388 1583 3427 ac
1618 3369 2037 3426 miraculorum
2069 3364 2356 3432 omnium,
2390 3379 2517 3435 quas
2560 3362 2725 3434 prius
2769 3363 3032 3419 ediderat
3063 3365 3355 3436 (magnam
3385 3365 3538 3419 enim
3573 3366 3645 3420 ad
3678 3365 3778 3420 in-

360 3453 714 3510 veniendum
746 3457 858 3511 vim
892 3459 1058 3514 dolor
1086 3460 1303 3529 habet),
1338 3461 1746 3516 submonente.

436 3541 624 3597 XXIX.
661 3544 806 3608 Quid
841 3546 1021 3617 igitur
1049 3550 1235 3604 noctis
1258 3526 1436 3619 illius,
1463 3555 1519 3605 et
1562 3551 1814 3621 jacentis
1862 3549 2017 3605 πο

2200 3540 2317 3594 KG'.
2341 3538 2400 3592 Τί
2430 3536 2519 3593 οὖν
2573 3538 2795 3593 ἐνταῦθα
2843 3541 2955 3612 (22)
2987 3539 3013 3592 ὁ
3042 3547 3142 3609 τῆς
3191 3541 3380 3602 νυκτὸς
3424 3539 3632 3611 ἰκείνης
3684 3526 3785 3595 καἶ

366 3630 549 3687 Deus?
571 3632 710 3688 Mihi
744 3636 815 3689 ad
848 3652 1069 3703 eorum,
1092 3655 1216 3709 qua
1243 3644 1591 3707 sequuntur,
1628 3640 2018 3693 narrationem

367 3722 784 3791 progredienti,
817 3723 1219 3782 cohorrescere
1249 3729 1440 3789 subit;
1474 3745 1539 3784 ac
1569 3746 1671 3784 vos
1700 3729 1874 3784 etiam
1925 3746 2019 3784 co-

366 3808 716 3866 horrescatis
774 3813 965 3874 \'~'im,
1028 3832 1139 3870 non
1194 3822 1390 3871 autem
1437 3818 1607 3873 ﬁdem
1642 3818 1886 3873 orationi
1921 3819 2018 3873 de-

365 3899 615 3956 trahatis
640 3918 652 3956 :
681 3919 865 3973 neque
897 3904 1050 3958 enim
1078 3907 1163 3960 fas
1192 3911 1298 3969 est,
1316 3924 1448 3962 cum
1480 3913 1537 3963 et
1567 3925 1692 3974 nos,
1714 3913 1770 3963 et
1800 3908 1870 3962 de
1894 3908 2017 3979 illo,

363 3990 539 4043 verba
574 3990 870 4046 faciamus.
907 3993 1162 4064 Mysterii
1196 4001 1428 4067 tempus
1460 3997 1681 4067 aderat,
1735 4004 1791 4051 et
1847 4013 2018 4052 vene-

366 4078 551 4132 randa
573 4079 768 4143 statio,
802 4086 974 4153 atque
996 4084 1156 4149 ordo,
1191 4086 1259 4138 ad
1294 4101 1359 4140 ea
1390 4102 1519 4156 quae
1550 4086 2016 4153 celebrabantur;

366 4157 623 4227 quietem
680 4164 740 4214 et
796 4161 1092 4217 silentium
1140 4170 1367 4231 tenens,
1400 4182 1530 4220 cum
1565 4166 1664 4221 ille
1694 4167 1764 4221 ab
1795 4184 1883 4234 eo,
1917 4168 2015 4238 qui

369 4242 631 4292 mortuos
659 4241 727 4293 ad
761 4240 941 4295 vitam
974 4250 1225 4309 revocat,
1256 4249 1313 4299 et
1342 4262 1374 4298 a
1422 4250 1592 4300 nocte
1648 4254 2021 4303 sacrosancta

369 4325 866 4384 excitatur.Primo
891 4330 1193 4401 paululum
1217 4348 1277 4386 se
1299 4335 1729 4398 movet,deinde
1762 4336 2017 4392 firmius:

370 4430 504 4469 mox
530 4416 740 4488 exigua
768 4418 1087 4473 admodum
1120 4424 1176 4473 et
1234 4421 1483 4476 obscura
1540 4439 1675 4479 voce
1732 4425 2015 4480 famulum

366 4505 681 4574 quemdam
711 4523 779 4561 ex
809 4507 901 4574 iis,
927 4508 1026 4577 qui
1058 4507 1109 4561 ei
1141 4509 1518 4577 assistebant,
1549 4513 1890 4569 nominatim
1926 4531 2021 4570 ac-

363 4592 545 4647 citum
578 4600 784 4665 prmsto
816 4612 1040 4662 esse,ac
1071 4601 1293 4651 vestem
1329 4600 2022 4676 porrigere,manumque

433 4709 479 4743 ⁷³
508 4710 686 4765 Exod.
714 4726 807 4777 xv,
836 4712 926 4765 20.

435 4836 546 4930 ﬁt?)
576 4835 1045 4930 21‘m9°5‘_é’,9:c°‘:;
1062 4839 1205 4930 8°6-
1238 4856 1291 4930 α»
1323 4842 1500 4930 (Ξοίειο
1535 4845 1587 4930 ιι
1618 4844 2020 4930 περιῄρηται-
2052 4866 2100 4930 D

498 4906 960 5003 ishis-fingar)qu
995 4906 1752 5003 [pro'Bmppibpmuiﬁqupd
1787 4906 2021 5003 tipme-

364 4979 493 5061 tlsio
525 4978 1059 5061 placc‘t.;Montac‘:,
1122 4978 1847 5061 ὑπηρώηεὲᾳὶχιδιιὺἱάιίυὶά
1911 4990 2020 5046 sub

365 5050 465 5133 illo
508 5050 763 5133 (palato)
802 5053 1054 5133 pendet,
1083 5074 1111 5103 »
1145 5050 1260 5133 quo
1290 5050 1661 5127 potissimum
1695 5050 2019 5133 «(linguam

365 5120 561 5196 palato
592 5120 918 5196 subjectum
947 5146 974 5174 »
1009 5120 1316 5196 signiﬁcat.

581 5193 1091 5283 ρύτρεπισμένωνζ
1108 5197 1203 5253 Or.
1242 5201 1292 5264 1,
1327 5197 1784 5283 εὐτρέττισμένωνἶ

435 5263 547 5337 (17)
584 5263 814 5337 ἱιῐύστας,
850 5263 957 5325 etc.
992 5291 1018 5317 ‹‹
1052 5272 1357 5325 Sacrorum
1394 5263 1686 5328 antistites
1739 5274 1920 5329 simul
1969 5278 2026 5330 et

435 5284 485 5332 (1
502 5284 547 5390 ι)
584 5284 814 5337 ..ιυστας,
850 5284 957 5325 etc.
992 5291 1018 5317 ‹‹
1052 5284 1357 5325 δᾶθΓΟῐἪῐῐ]
1394 5284 1686 5328 antistites
1739 5284 1920 5329 simul
1969 5284 2025 5330 et

366 5353 517 5418 supp
548 5337 682 5418 ires.
738 5361 766 5387 »
815 5343 947 5418 Ipse
963 5339 1390 5418 intelligendus
1421 5348 1508 5397 est
1538 5344 1893 5417 Theologus,
1924 5347 2025 5418 qui

366 5409 552 5487 patris
587 5411 739 5487 vices
767 5409 997 5487 agebat.
1024 5409 1233 5487 ﬁlias}
1269 5435 1297 5461 ‹‹
1331 5414 1539 5487 festum
1574 5409 1836 5487 agentes.
1873 5409 1894 5469 ὁ

374 5480 554 5605 0U?)
614 5480 709 5533 Καὶ
765 5479 970 5551 ὕμνων.
1024 5480 1149 5537 Haec
1181 5484 1395 5539 desunt
1424 5486 1479 5539 in
1515 5479 1691 5559 Regg.
1726 5505 1777 5555 a,
1814 5489 1933 5555 bm,
1970 5493 2027 5545 et

423 5567 472 5604 r.
548 5592 559 5604 .

423 5567 472 5604 Γ.
509 5567 559 5604 1.

366 5621 1039 5723 lustrati-Rm
1066 5624 1273 5697 Ειίθωι
1297 5632 1558 5685 Namnam
1590 5635 1835 5689 matrem
1865 5631 2031 5689 intel-

396 5684 503 5761 igit
536 5684 869 5765 Gregorius.

2126 3632 2223 3682 τοῦ
2252 3628 2501 3701 κειμένου
2532 3626 2663 3689 Θεός
2697 3647 2709 3696 ;
2745 3627 2993 3703 Φρίττειν
3026 3626 3312 3703 ἐπέρχεταί
3349 3649 3443 3700 μοι
3492 3634 3609 3691 τοῖς
3658 3631 3785 3703 ἑξῆς

2127 3715 2406 3792 προσιόντι
2464 3720 2561 3770 τοῦ
2621 3712 2967 3790 διηγήματος
3027 3718 3140 3789 (23)
3200 3718 3497 3795 (φρίττοιτε
3565 3716 3624 3772 δὲ
3692 3720 3786 3773 καὶ

2130 3804 2305 3877 ὑμεῖς,
2339 3805 2389 3858 οἱ
2423 3804 2731 3871 ἀκούοντες,
2771 3805 2844 3876 μή
2880 3804 3194 3875 ἀπιστοίητε
3245 3805 3320 3860 δέ’
3355 3806 3415 3861 οὗ
3463 3807 3565 3880 γὰρ
3613 3804 3785 3873 ὅσιον,

2127 3896 2286 3966 ἡμῶν
2337 3896 2447 3966 (24)
2496 3893 2584 3948 καὶ
2633 3894 2758 3969 περὶ
2807 3893 3016 3947 ἐκείνου
3066 3891 3490 3969 διηγουμένων),
3537 3902 3723 3970 Παρῆν
3758 3895 3788 3950 ὁ

2125 3987 2222 4037 τοῦ
2274 3982 2575 4056 μυστηρίου
2622 3983 2828 4057 καιρὸς,
2882 3982 2971 4036 καὶ
3022 3985 3056 4053 ὴ
3110 3980 3406 4057 σεϐάσμιος
3459 3984 3665 4053 στάσις,
3696 3984 3791 4039 καὶ

2127 4071 2294 4142 τάξις,
2354 4078 2470 4134 τοῖς
2527 4070 2882 4145 τελουμένοις
2934 4068 3390 4149 έφησυχάζουσα’
3450 4073 3476 4127 ὀ
3537 4070 3593 4127 δὲ
3644 4076 3796 4146 παρὰ

2128 4166 2222 4215 τοῦ
2257 4165 2655 4229 ζωοποιοῦντος
2681 4159 2808 4221 τοὺς
2839 4159 3060 4235 νεκροὺς
3110 4159 3199 4215 xui
3242 4169 3339 4231 τῆς
3396 4163 3542 4239 ἱερᾶς
3586 4163 3791 4224 νυκτὸς

2130 4247 2482 4305 διανίσταται.
2532 4250 2739 4322 Μικρὸν
2794 4247 3123 4303 ὑποκινεῖται
3175 4255 3426 4325 πρῶτον,
3476 4251 3589 4306 εἶτα
3636 4251 3792 4327 στερ-

2134 4338 2371 4415 ῥότερον·
2409 4338 2521 4392 εἷτα
2549 4336 2778 4400 καλέσας
2833 4341 2939 4391 τῶν
2989 4338 3406 4413 παραμενόντων
3454 4341 3576 4394 τινὰ
3624 4341 3783 4413 θερα-

2133 4428 2335 4496 πευτὴν
2513 4425 2563 4495 ἐξ
2613 4425 2904 4497 ὀνόματος,
2958 4427 3126 4501 μικρά
3175 4428 3313 4480 πάνυ
3341 4426 3429 4481 xui
3473 4425 3691 4501 ἀμυδρᾷ
3718 4432 3789 4500 τῇ

2132 4520 2307 4594 φωνῇ,
2338 4514 2587 4589 παρεῖναί
2615 4535 2673 4568 τε
2702 4513 2791 4568 καὶ
2843 4512 3051 4588 ὀρέγειν
3097 4514 3312 4584 ἐσθῆτα,
3357 4516 3446 4570 xui
3491 4521 3653 4592 χεῖρα
3687 4517 3789 4571 ὑπ-

2132 4604 2279 4680 έχειν
2328 4603 2589 4660 ἐκέλευεν.
2646 4602 2748 4659 Καὶ
2796 4603 2854 4663 ὃς
2903 4610 3079 4677 παρῆν
3136 4604 3251 4676 μετ’
3297 4602 3644 4676 ἐκπλήξεως,
3696 4607 3787 4659 xui

2223 4848 2314 4921 20)
2346 4843 2659 4921 Πασχούσῃ.
2696 4845 3250 4921 ὖθεηᾳπαρασχούσῃ.

2223 4850 2293 4904 20
2346 4850 2656 4921 Πασχούσῃ.
2696 4850 2841 4913 Jes.,
2874 4850 3250 4920 παρασχούσῃ.

2202 4850 2316 4991 121)
2374 4916 2551 4991 Αὑτὸν
2611 4920 2716 4991 τῷν
2744 4916 2887 4991 ,πρὸ
2926 4916 3121 4991 τούτου
3153 4919 3462 4990 θαυμάτων.
3498 4921 3635 4991 Reg.
3665 4921 3795 4987 bm,

2132 4988 2327 5066 αὐτῶν,
2365 4990 2622 5066 [melius]
2660 4988 2835 5066 Cois],
2868 4990 2922 5055 2,
2956 4989 3060 5066 προ
3088 4993 3183 5043 τοῦ
3217 4988 3611 5066 [ρῐθομπροτ-οὖ]
3661 5003 3791 5054 θαυ-

2135 5059 2340 5145 μάτων.
2366 5059 2495 5145 Bill.
2530 5059 2878 5145 iu:secunda
2907 5059 3258 5145 versione}?
3281 5059 3564 5145 miracula
3582 5059 3798 5145 _om_nia

2132 5132 2191 5208 in
2225 5134 2569 5208 memoriam
2600 5132 3062 5208 ipsiredigenle.
3087 5156 3113 5185 ››
3146 5133 3387 5202 Verum,
3410 5135 3519 5192 hac
3551 5136 3796 5208 postha-

2134 5204 2275 5275 bita,
2312 5204 2988 5277 prioremAr’estituimus.

2352 5275 2539 5359 Ἰξίρῦν
2573 5274 2816 5359 ἐνταῦθα,
2860 5281 2969 5359 etc:
3025 5276 3229 5359 (f_Q'tJid
3262 5276 3356 5359 ilic
3381 5278 3797 5359 igitgppoctjs

2133 5346 2315 5429 illius,
2347 5354 2403 5404 et
2425 5349 2677 5430 jacentis
2708 5346 2907 5419 aegroti
2940 5347 3078 5402 facit
3109 5348 3305 5404 Deus?
3331 5370 3354 5400 υ
3378 5346 3469 5405 Sic
3503 5348 3707 5405 Billius
3733 5349 3796 5404 in

2135 5436 2325 5490 prima
2355 5436 2637 5475 versxone.

2205 5491 2317 5562 (23)
2351 5491 2734 5562 Λιηγήματος,
2757 5487 2931 5562 Cois].
2966 5490 3018 5555 1,
3050 5487 3342 5560 θαύματος.

2226 5562 2317 5634 24)
2348 5559 2551 5632 Ἠμῶνζ
2586 5560 2758 5634 Cois].
2794 5562 2843 5634 i_,
2879 5559 3050 5629 ὑμῶν.

2384 5633 2733 5702 Θε.απευτήν.
2804 5632 2945 5703 Reg.
3014 5648 3063 5701 a,
3132 5632 3321 5688 Coisl.
3390 5635 3454 5706 1,
3525 5642 3794 5707 θεραπευ-

2135 5721 2240 5756 των
2250 5745 2263 5758 .

2205 5491 2223 5703 l
