4094 6288
284 384 433 445 1021

1162 385 1455 449 ORATIO
1499 383 1722 447 XVIII.
1752 415 1828 425 —-
1858 380 2251 445 FUNEBRIS
2296 381 2374 441 IN
2422 381 2767 443 PATREM.

3535 378 3689 442 1022

283 515 536 589 ὑπηρετει
593 514 928 589 προθύμως*
986 518 1075 572 καὶ
1125 515 1181 578 ὅς
1241 518 1354 589 (26)
1411 516 1484 577 ὡς
1548 512 1815 588 βακτηρίᾳ
1853 516 1921 585 τῇ

2049 514 2323 583 subjicere
2354 514 2537 584 jubet.
2562 513 2669 576 Qui
2702 530 2835 568 cum
2868 529 2983 568 non
3016 513 3141 568 sine
3171 516 3409 584 stupore
3430 510 3684 580 adesset,

283 604 625 679 χειραγωγίᾳ
655 604 1027 680 χρησάμενος,
1068 611 1315 677 μιμεῖται
1344 606 1433 659 τὸν
1486 603 1572 657 ἐπὶ
1620 607 1716 657 τοῦ
1767 597 1927 677 ὅρους

285 692 510 746 Μωϋσέα
553 697 687 765 (‘27),
741 694 830 747 καὶ
879 695 975 755 τὰς
1029 693 1355 765 παρειμένας
1399 697 1588 767 χεῖρας
1643 690 1717 751 εἷς
1758 690 1927 764 εὐχὴν

285 780 654 856 σχηματίσας,
698 780 940 837 συντελεῖ
970 783 1268 855 προθύμως
1300 783 1333 851 ἢ
1376 781 1634 854 προτελεῖ
1675 784 1770 833 τοῦ

284 870 419 924 λαοῦ
449 872 515 923 τὰ
550 872 838 945 μυστήρια,
873 870 1076 945 ῥήμασι
1114 871 1207 942 μὲν
1243 869 1454 944 ὀλίγοις
1483 870 1571 924 καὶ
1602 868 1750 929 ὅσοις
1784 866 1929 921 ἔσθε-

282 980 386 1022 νεν,
447 957 658 1031 διανοίᾳ
708 957 783 1024 δὲ,
837 960 912 1021 ὡς
963 959 1087 1031 ἐμοὶ
1134 956 1301 1029 δοκεῖ,
1352 959 1441 1012 καὶ
1474 957 1593 1012 λίαν
1621 958 1928 1029 τελεωτάτῃ

283 1046 350 1117 (ὤ
379 1053 475 1102 τοῦ
508 1049 784 1118 θαύματος
811 1050 868 1118 l),
903 1046 1025 1101 ἄνευ
1059 1049 1304 1121 βήματος
1337 1047 1422 1102 ἐπὶ
1477 1048 1745 1122 βήματος,
1808 1044 1927 1099 ἄνευ

281 1136 665 1208 θυσιαστηρίου
719 1136 906 1207 θύτης,
952 1138 1124 1211 ἱερεὺς
1171 1137 1359 1212 πόρρω
1408 1142 1515 1190 τῶν
1560 1135 1925 1207 τελουμένων·

283 1226 371 1279 καὶ
417 1230 584 1279 ταῦτα
639 1232 817 1301 παρῆν
879 1225 1024 1297 αὐτῷ
1080 1227 1225 1298 παρὰ
1280 1230 1375 1278 τοῦ
1408 1226 1559 1300 ἁγίου
1588 1224 1923 1295 Πνεύματος,

283 1313 428 1383 αὐτῷ
486 1314 578 1386 μὶν
627 1314 1021 1389 γινωσκόμενα,
1068 1321 1185 1376 τοῖς
1232 1313 1460 1385 παροῦσι
1491 1311 1547 1367 δὲ
1577 1313 1682 1388 οὐχ
1713 1314 1928 1386 ὁρώμε-

281 1424 364 1457 να.
417 1404 550 1458 Εἷτα
595 1401 830 1457 ἐπειπὼν
872 1404 938 1456 τὰ
997 1410 1097 1471 τῆς
1143 1402 1491 1477 εὐχαριστίας
1541 1402 1758 1477 ῥηματα
1815 1404 1927 1474 (29)

285 1491 481 1561 οὓτως,
515 1492 590 1552 ὡς
624 1490 866 1559 σύνηθες,
908 1492 1115 1546 καὶτὸν
1170 1490 1298 1545 λαὸν
1347 1488 1775 1566 κατευλογῆσας,
1826 1488 1928 1545 πά-

286 1579 371 1635 λιν
421 1587 520 1649 τῆς
568 1579 763 1647 κλίνης
804 1580 1030 1654 γίνεται,
1079 1588 1285 1658 τροφῆς
1333 1601 1393 1634 τε
1426 1579 1617 1654 μικρόν
1649 1601 1698 1633 τι
1728 1580 1928 1654 προσέ-

290 1690 446 1741 μενος
504 1672 636 1743 (30),
694 1670 782 1723 καὶ
842 1669 1009 1724 ὕπνου
1074 1665 1416 1742 μεταλαϐὼν,
1475 1667 1819 1723 ἀνακαλεῖται
1868 1670 1929 1723 τὸ

284 1762 532 1829 πνεῦμα*
605 1759 693 1812 καὶ
766 1764 885 1820 ταῖς
960 1758 1094 1812 κατὰ
1177 1760 1366 1833 μικρὸν
1437 1759 1773 1833 προσθήκαις
1830 1760 1930 1826 τῆς

287 1844 465 1917 ὑγείας
513 1849 624 1918 (31)
675 1846 1115 1916 συναυξηθείσης,
1168 1848 1201 1914 ἡ
1253 1846 1407 1913 καινὴ
1442 1853 1619 1920 παρῆν
1645 1848 1759 1916 (32)
1790 1845 1928 1918 ὴμέ-

287 1954 351 2010 ρα
380 1941 480 2002 τῆς
512 1934 704 2007 ἑορτῆς
756 1936 837 2007 (ἢν
887 1933 1059 1996 οὕτως
1099 1934 1432 2006 ὀνομάζομεν
1465 1936 1687 2007 πρώτην
1735 1940 1930 2009 Κυρια-

284 2024 403 2091 κήν,
458 2025 592 2094 μετὰ
648 2024 748 2090 τὴν
797 2022 1158 2094 ἀναστάσιμον
1204 2023 1402 2092 ταύτην
1455 2020 1715 2097 ἔχοντες)
1750 2022 1838 2076 καὶ
1869 2023 1931 2077 τὸ

289 2112 429 2185 ιερὸν
460 2106 782 2165 καταλαϐὼν
818 2111 907 2165 σὺν
940 2112 1099 2165 παντὶ
1128 2116 1206 2182 τῷ
1251 2118 1349 2181 τῆς
1403 2110 1726 2181 Ἐκκλησίας
1783 2111 1931 2181 πλη-

290 2201 503 2276 ρώματι
565 2199 848 2276 ἐγκαινίζει
891 2201 989 2268 τὴν
1042 2200 1336 2273 σωτηρίαν,
1394 2201 1484 2254 καὶ
1533 2199 1645 2253 θύει
1676 2201 1742 2253 τὰ
1772 2219 1932 2275 χαρι-

289 2291 503 2364 στήρια.
556 2290 655 2344 Καί
710 2289 801 2361 μοί
849 2311 900 2343 τι
947 2293 1108 2343 τοῦτο
1150 2292 1259 2361 (33)
1289 2289 1351 2343 τὸ
1381 2287 1533 2364 ἔργον
1564 2293 1660 2343 τοῦ
1690 2289 1813 2362 περὶ
1842 2289 1934 2342 τὸν

291 2378 534 2453 Ἐζεχίαν
570 2377 843 2449 θαύματος
877 2376 975 2432 οὐκ
1015 2377 1334 2451 ἀτιμότερον
1391 2381 1543 2449 (34)·
1601 2378 1657 2431 δν
1708 2379 1933 2446 ἀσθενή-

292 2488 455 2521 σαντα
502 2468 589 2521 καὶ
651 2465 926 2539 δεηθέντα,
986 2469 1269 2541 προσθήκῃ
1331 2469 1472 2535 ζωῆς
1533 2468 1723 2528 ὁΘεὸς
1756 2464 1935 2537 ἐδόξα-

291 2575 397 2609 σεν·
430 2556 519 2609 καὶ
553 2560 711 2609 τοῦτο
760 2555 1014 2631 ἐγνώρισε
1058 2559 1126 2628 τῇ
1176 2559 1298 2625 σκιᾷ
1334 2560 1441 2610 τῶν
1476 2550 1796 2628 ἀναϐαθμῶν
1839 2555 1933 2609 ἐπ-

290 2644 577 2718 αναχθείσῃ
608 2646 742 2717 (35),
774 2645 910 2699 κατὰ
939 2646 1037 2713 τὴν
1066 2643 1229 2699 αὐτοῦ
1255 2649 1353 2699 τοῖ’)
1386 2643 1646 2702 σωθέντος
1697 2645 1931 2713 αἶ’τησινο

288 2733 428 2803 ὁμοῦ
457 2753 514 2787 τε
541 2737 608 2804 τῇ
643 2735 827 2807 χάριτι
858 2734 945 2787 καὶ
977 2738 1055 2804 τῷ
1090 2734 1306 2806 σημείῳ
1333 2735 1423 2788 τὸν
1463 2732 1686 2808 βασιλέα
1731 2738 1930 2806 τιμῶν,

282 2821 369 2874 καὶ
400 2822 469 2891 τῇ
516 2824 798 2895 προσθήκῃ
844 2829 945 2890 τῆς
996 2822 1207 2897 ἡμέρας
1247 2824 1344 2891 τὴν
1375 2827 1482 2877 τῶν
1516 2826 1739 2897 ἡμερῶν
1772 2843 1938 2896 προσ-

285 2911 459 2983 θήκην
494 2931 875 2983 πιστουχιενος.

360 3177 435 3231 Λ’.
467 3177 535 3229 Τὸ
568 3174 613 3229 δ’
644 3176 773 3230 αὐτὸ
820 3175 909 3231 καὶ
960 3175 1081 3249 περὶ
1130 3176 1229 3244 τὴν
1273 3174 1482 3249 μητέρα
1506 3175 1605 3242 τὴν
1636 3174 1773 3246 ὲμήν
1806 3195 1929 3228 συν-

1962 1893 2009 1959 Β

2040 607 2425 672 promptaque
2451 603 2893 672 obsequeretur,
2918 603 3043 672 ipse
3065 618 3240 656 manu
3269 606 3546 671 tanquam
3582 602 3681 654 ba-

2039 690 2168 745 culo
2195 692 2427 759 ductus,
2456 690 2707 762 Moysem
2736 691 2901 745 illum
2937 691 2991 745 in
3027 695 3223 745 monte
3254 694 3516 744 orantem
3550 689 3684 743 imi.

2038 784 2216 848 tatur,
2250 781 2565 851 fractisque
2595 797 2660 834 ac
2695 780 3010 834 debilitatis
3046 780 3318 835 manibus
3350 779 3419 833 ad
3471 779 3683 832 oratio-

2040 884 2171 924 nem
2205 870 2560 938 compositis,
2597 868 2771 923 alacri
2809 870 3004 923 animo
3035 885 3165 924 cum
3199 867 3437 940 populo,
3464 866 3548 921 vel
3584 883 3685 938 pro

2039 956 2253 1028 populo
2288 959 2565 1028 mysteria
2594 958 2837 1030 peragit,
2875 957 3075 1028 paucis
3106 958 3361 1028 quidem,
3388 961 3443 1011 et
3473 956 3687 1027 quibus

2039 1051 2283 1117 poterat,
2306 1047 2514 1112 verbis,
2543 1052 2735 1101 mente
2767 1052 2982 1117 autem,
3009 1052 3074 1101 ut
3104 1046 3251 1100 mihi
3282 1046 3531 1111 videtur,
3556 1062 3683 1117 per-

2038 1150 2215 1204 quam
2239 1134 2497 1205 integra;
2531 1151 2650 1189 rem
2678 1136 2917 1190 miram!
2958 1135 3083 1189 sine
3117 1135 3368 1189 sacrario
3399 1135 3456 1188 in
3491 1148 3680 1188 sacra-

2037 1222 2143 1289 rio,
2168 1224 2297 1278 sine
2319 1223 2486 1277 altari
2518 1224 2838 1289 sacrificus,
2864 1224 3133 1279 sarerdos
3165 1240 3197 1278 a
3230 1222 3525 1295 mysteriis
3556 1238 3685 1293 pro-

2038 1312 2131 1365 cul
2160 1318 2438 1368 remotus.
2464 1315 2648 1382 Atque
2672 1313 2790 1366 haec
2811 1329 3043 1383 quoque
3063 1312 3145 1366 illi
3175 1330 3207 1367 a
3234 1313 3449 1383 Spiritu
3479 1316 3681 1366 sancto

2038 1401 2300 1466 aderant,
2335 1401 2446 1471 ipsi
2490 1402 2725 1471 quidem
2780 1402 3032 1472 cognita,
3068 1401 3453 1470 praesentibus
3486 1404 3680 1454 autem

2038 1488 2495 1560 haudquaquam
2531 1495 2848 1561 perspecta.
2899 1490 3125 1558 Postea,
3174 1506 3307 1544 cum
3358 1490 3679 1561 gratiarum

2039 1578 2284 1633 actionis
2315 1579 2508 1642 verba,
2540 1578 2621 1632 ita
2652 1582 2715 1632 ut
2744 1578 3105 1633 consuetudo
3138 1579 3264 1643 fert,
3320 1577 3678 1649 protulisset,

2040 1682 2106 1722 ac
2140 1668 2420 1737 populum
2465 1667 2877 1732 benedixisset,
2927 1667 2987 1721 in
3032 1666 3313 1723 lectulum
3364 1683 3571 1721 rursus
3622 1681 3683 1720 se

2040 1754 2568 1826 conjicit.Cumque
2586 1756 2889 1827 paululum
2908 1757 3186 1827 quiddam
3201 1755 3311 1812 cibi
3327 1754 3685 1821 admisisset,

2042 1861 2107 1898 ac
2130 1844 2320 1897 somni
2346 1843 2631 1916 particeps
2653 1845 2839 1899 factus
2867 1845 3092 1907 fuisset,
3120 1844 3393 1915 spiritum
3422 1849 3647 1898 revocat
3670 1860 3683 1910 ;

2041 1938 2329 2003 auctaque
2360 1932 2642 2003 paulatim
2674 1933 2942 2000 sanitate,
2986 1949 3119 1987 cum
3172 1949 3356 1988 novus
3403 1930 3501 1986 ille
3556 1932 3685 1986 festi

2041 2021 2165 2076 dies
2196 2020 2297 2091 (ita
2326 2038 2458 2076 eum
2491 2021 2874 2093 appellamus,
2922 2022 3074 2092 quod
3131 2026 3263 2092 post
3308 2021 3684 2076 resurrectio-

2044 2126 2176 2163 nem
2192 2109 2552 2164 Dominicam
2578 2111 2834 2181 primum
2854 2126 2986 2165 eum
3007 2110 3506 2180 habeamus,)jam
3525 2110 3690 2164 ades-

2043 2203 2149 2267 set,
2183 2198 2241 2252 in
2282 2199 2566 2270 templum
2601 2216 2663 2254 se
2693 2199 2934 2266 confert,
2968 2216 3034 2253 ac
3067 2215 3200 2253 cum
3228 2198 3387 2252 omni
3420 2198 3685 2253 Ecclesia:

2043 2287 2319 2358 agmnine
2350 2287 2559 2342 salutis
2590 2288 2847 2342 encaenia
2877 2286 3149 2351 celebrat,
3194 2290 3368 2357 atque
3421 2286 3482 2339 in
3537 2285 3687 2357 grati

2045 2376 2227 2431 animi
2261 2376 2745 2447 significationem
2780 2374 3132 2430 sacriﬁcium
3173 2375 3359 2430 offert.
3392 2376 3529 2439 Quae
3559 2374 3688 2444 qui-

2045 2466 2175 2519 dem
2202 2483 2292 2521 res
2316 2465 2599 2520 miraculo
2631 2464 2753 2530 illo,
2776 2465 2927 2535 quod
2961 2463 3021 2518 in
3050 2464 3292 2518 Ezechia
3322 2464 3544 2519 editum
3577 2467 3686 2528 est,

2045 2571 2174 2609 meo
2206 2555 2441 2625 quidem
2475 2555 2720 2624 judicio,
2770 2570 3137 2624 nequaquam
3193 2553 3432 2608 inferior
3489 2552 3688 2606 haberi

2044 2643 2257 2709 debet;
2291 2654 2485 2712 quem,
2509 2660 2640 2696 cum
2672 2642 2729 2695 in
2765 2643 3031 2697 morbum
3058 2642 3377 2706 incidisset,
3400 2646 3457 2695 et
3489 2651 3689 2711 preme

2044 2731 2431 2799 adhibuisset,
2466 2736 2611 2785 Deus
2642 2732 2774 2785 vitae
2805 2730 3164 2786 incremento
3196 2730 3470 2796 donavit;
3510 2729 3688 2799 idque

2043 2821 2321 2875 indicavit
2351 2836 2450 2891 per
2480 2824 2824 2874 retroactam
2856 2819 3144 2890 graduum
3188 2818 3479 2884 umbram,
3515 2821 3688 2888 prout

2043 2910 2289 2981 petierat
2303 2910 2367 2979 ⁷³,
2384 2909 2481 2980 qui
2509 2907 2757 2963 salutem
2783 2909 3023 2979 accepit,
3042 2924 3234 2979 regem
3259 2906 3480 2962 scilicet
3500 2906 3690 2976 gratia

2043 2997 2218 3053 simul
2252 3003 2309 3051 et
2339 2998 2507 3069 signo
2540 2997 2855 3065 honorans,
2889 3002 3063 3068 atque
3094 2997 3241 3052 351
3281 3012 3381 3066 per
3409 2994 3523 3049 diei
3553 3009 3691 3065 aug-

2043 3092 2329 3150 mentum,
2361 3087 2589 3140 dierum
2622 3090 3003 3157 augmentum
3035 3085 3410 3140 conﬁrmans.

2112 3175 2275 3230 XXX.
2315 3175 2467 3229 idem
2493 3178 2685 3229 autem
2712 3173 3063 3229 miraculum
3097 3174 3155 3228 in
3182 3178 3366 3228 matre
3390 3172 3688 3242 aliquanto

281 3266 489 3339 ηνέχθη
545 3266 742 3336 θαῦμα,
814 3264 874 3319 ού
936 3265 1126 3338 μικρὸν
1186 3263 1440 3338 ὕστερον·
1500 3265 1645 3333 ἄξιον
1698 3260 1754 3317 δὲ
1787 3259 1928 3335 μηδὲ

2049 3269 2171 3335 post
2210 3264 2471 3334 contigit,
2525 3264 2679 3334 quod
2741 3262 2917 3317 etiam
2974 3262 3170 3332 ipsum
3229 3276 3690 3316 commemorare

278 3359 439 3407 τοῦτο
497 3358 869 3428 παραδραμεῖν
898 3372 909 3384 ·
969 3353 1170 3423 ταύτην
1218 3373 1275 3407 τε
1322 3353 1425 3427 γὰρ
1454 3353 1521 3406 τὰ
1553 3352 1733 3406 εἰκότα
1760 3354 1928 3423 τιμή-

280 3463 468 3514 σομεν,
522 3441 669 3518 ε’ἓτερ
720 3444 842 3496 τινὰ
890 3440 1048 3495 οὖσαν
1097 3449 1266 3514 τιμῆς
1316 3441 1486 3511 ἀξίαν,
1520 3440 1706 3513 ἐκείνῳ
1730 3462 1790 3495 τε
1822 3460 1930 3514 γα-

282 3532 546 3605 ριούμεθα
576 3534 670 3600 τῆν
704 3531 988 3586 κοινωνίαν
1016 3535 1128 3604 (36)
1167 3536 1263 3585 τοῦ
1314 3528 1674 3605 διηγήματος.
1729 3532 1931 3585 Ἄπτε-

281 3642 367 3675 ται
427 3621 677 3690 κάκείνης
737 3621 1012 3697 ἀρῥωστία
1060 3628 1160 3688 τῆς
1220 3620 1391 3674 πάντα
1438 3626 1760 3695 καρτερικῆς
1794 3623 1927 3690 (37),

277 3710 366 3764 καὶ
416 3709 685 3785 γενναίας,
730 3711 821 3764 καὶ
876 3710 1070 3764 ἀνόσου
1120 3711 1210 3763 τὸν
1262 3708 1469 3763 ἃπαντα
1509 3709 1732 3784 χρόνον.
1786 3708 1930 3763 [Ιολ-

278 3796 390 3853 λῶν
424 3797 481 3853 δὲ
511 3794 678 3853 ὅντων
710 3804 816 3853 τῶν
852 3798 1192 3863 λυπούντων,
1219 3796 1310 3850 ίίνα
1343 3798 1418 3868 μή
1473 3798 1675 3872 μακρὸν
1721 3796 1935 3851 ἀποτεί-

278 3908 354 3940 νω
389 3886 588 3959 λόγων,
625 3889 659 3953 ἡ
694 3889 807 3956 (38)
835 3886 1064 3961 ἀτροφία
1091 3883 1153 3938 τὸ
1189 3884 1484 3958 βαρύτατον
1517 3888 1580 3952 ἦν
1607 3884 1693 3937 ἐπὶ
1727 3886 1928 3958 συχνὰς

276 3973 487 4049 ἡμέρας
536 3972 698 4028 τοῦτο
758 3973 1160 4045 κινδυνευούσῃ,
1228 3972 1316 4026 καὶ
1385 3970 1550 4043 μηδὲν
1611 3972 1931 4048 εὐρισκούσῃ

271 4068 369 4116 τοῦ
400 4067 567 4117 κακοῦ
622 4061 927 4135 φάρμακον.
982 4066 1103 4123 Πῶς
1154 4061 1245 4114 οὖν
1292 4062 1471 4137 τρέφει
1521 4060 1724 4132 ταύτην
1758 4061 1927 4130 Θεός;

274 4150 350 4205 Οὐ
379 4153 567 4221 ’μάννα
620 4151 829 4226 βρέξας,
881 4151 955 4211 ὡς
1004 4150 1066 4204 τὸ
1108 4149 1278 4205 πάλαι
1325 4150 1404 4221 τῷ
1440 4150 1661 4221 Ἰσραήλ
1690 4170 1702 4182 ·
1739 4151 1774 4218 ἢ
1833 4149 1929 4205 πέ-

339 4278 384 4311 τ³
420 4276 491 4331 IV
518 4278 657 4349 Reg.
691 4295 784 4348 xx,
815 4278 882 4343 9;
916 4278 1025 4332 Isa.
1059 4293 1294 4345 XXXVIII,
1328 4278 1380 4330 8.
1458 4278 1504 4311 7‘
1533 4277 1708 4332 Exad.
1744 4295 1859 4346 XVI,
1898 4277 1984 4332 17.

350 4422 461 4491 (26)
499 4418 594 4473 Καὶ
627 4417 773 4491 ὅςᾸι]
808 4418 1130 4484 nonnullis,
1162 4418 1251 4491 καὶ
1284 4419 1333 4473 ὁ.

347 4488 458 4561 (27)
493 4489 738 4561 Μωυσέα.
774 4492 911 4561 Reg.
938 4492 1070 4561 ,bm,
1100 4496 1157 4546 et
1188 4490 1283 4546 ΟΡ.
1322 4492 1373 4559 1,
1407 4488 1624 4542 Μωσέα.

2039 3370 2223 3425 operte
2256 3353 2506 3424 pretium
2540 3358 2649 3418 est,
2683 3357 2747 3407 ut
2776 3356 2833 3405 et
2862 3367 2990 3406 eam
3026 3351 3265 3417 honore,
3299 3351 3345 3405 si
3395 3367 3513 3421 qua
3551 3350 3686 3414 alia,

2038 3443 2301 3513 dignam,
2322 3446 2386 3496 ut
2412 3458 2515 3513 par
2536 3447 2642 3507 est,
2669 3441 3046 3506 honoremus,
3070 3444 3126 3494 et
3151 3440 3342 3493 abillo
3365 3456 3467 3510 per
3488 3456 3687 3493 narra-

2038 3532 2218 3587 tionis
2250 3532 2585 3587 societatem
2618 3531 2868 3601 gratiam
2908 3530 3195 3584 ineamus.
3250 3528 3407 3583 Hanc
3458 3543 3688 3598 quoque

2042 3623 2281 3676 morbus
2302 3621 2543 3685 invadit,
2570 3622 2775 3675 fortem
2805 3636 2871 3674 ac
2892 3634 3234 3691 generosam
3266 3608 3482 3689 alioqui
3520 3618 3685 3671 femi-

2040 3727 2336 3781 nam,quze
2356 3726 2455 3781 per
2467 3725 2639 3763 omne
2654 3708 2783 3763 vitae
2794 3713 3023 3777 tempus
3036 3705 3690 3761 commodavaletudine

2040 3802 2249 3855 fuerat.
2270 3799 2329 3852 In
2351 3797 2551 3852 multis
2569 3803 2764 3851 autem
2788 3796 3198 3859 doloribus,ne
3216 3810 3542 3849 sermonem
3569 3794 3691 3848 lon-

2040 3888 2171 3957 gius
2192 3884 2683 3956 producam,nihil
2703 3884 2939 3954 perinde
2952 3899 3124 3955 grave
3138 3887 3456 3950 erat,atque
3474 3882 3686 3950 inedia,

2040 3992 2157 4045 qua
2200 3975 2414 4028 multos
2453 3975 2577 4043 jam
2629 3973 2753 4027 dies
2793 3971 3116 4042 periculose
3149 3971 3472 4038 laborabat,
3506 3986 3689 4040 neque

2040 4063 2219 4133 hujus
2267 4060 2405 4115 mali
2453 4061 2777 4116 remedium
2818 4059 3003 4114 ullum
3038 4058 3386 4113 inveniebat.
3422 4061 3685 4123 Quonam

2040 4150 2221 4223 igitur
2249 4150 2421 4205 modo
2452 4149 2605 4203 Deus
2638 4165 2762 4204 eam
2796 4147 2951 4203 alit?
2979 4148 3103 4202 Non
3137 4163 3351 4202 manna
3380 4146 3587 4217 pluens
3619 4148 3683 4213 7‘,

2116 4419 2228 4489 (31)
2250 4416 2481 4491 Ὑγείας.
2504 4417 2656 4491 Reg.
2690 4418 2810 4483 bm,
2847 4414 3072 4488 ὑγιείας.

2110 4487 2523 4561 Ἡ’καινὴ
2581 4494 2781 4560 παρῆν,
2831 4487 2994 4561 eto._¢
3052 4492 3245 4543 Novus
3299 4487 3687 4561 solemnitatis

350 4558 457 4633 (:38)
493 4560 753 4633 Προτελεῖ
792 4558 889 4615 τοῧ
936 4558 1091 4629 λαοῦ,
1124 4569 1235 4617 etc.
1261 4586 1287 4613 ι(
1324 4567 1432 4616 Pro
1465 4561 1678 4686 populo
1714 4564 1925 4631 myste-

350 4652 367 4686 ι
417 4636 659 4686 neragit.
689 4660 709 4685 ε
750 4633 954 4686 Billius
1008 4651 1082 4686 ;‹‹
1137 4638 1269 4686 ante
1318 4651 1468 4686 nouu
1501 4649 1597 4686 um
1650 4633 1930 4686 mvsteria

2049 4558 2163 4617 iies
2195 4558 2415 4627 aderat,
2451 4577 2626 4632 quem
2662 4558 2761 4615 'sic
2815 4558 3203 4630 appellamus,
3235 4559 3387 4628 quod
3424 4566 3553 4629 post
3585 4560 3689 4614 Fla-

2049 4632 2418 4686 3urrectionis
2443 4632 2807 4686 Dominicum
2835 4632 3008 4686 diem.
3037 4631 3291 4686 primum
3315 4630 3685 4685 Dominicum

1435 4651 1468 4686 ll

280 4635 367 4688 ria
416 4636 659 4706 peragit.
689 4660 709 4685 υ
750 4633 954 4689 Billius
1008 4651 1082 4688 ;‹‹
1137 4638 1269 4706 ante
1317 4633 1597 4706 populum
1648 4633 1930 4706 mysteria

279 4702 519 4778 peragit.
547 4702 585 4756 »ἶ
610 4705 737 4778 Non
770 4711 923 4760 recte
956 4723 968 4759 :
1004 4722 1111 4778 vo};
1144 4702 1613 4777 ρηὶιηπροτελεῖν
1647 4702 1741 4759 hic
1770 4704 1926 4778 idem

283 4773 450 4833 sonat
480 4795 545 4832 ac
574 4775 1063 4851 npovﬁxaoeat_1v6
1095 4773 1252 4851 λαοῦ,
1276 4799 1303 4827 ‹‹
1329 4773 1493 4851 orare
1524 4793 1625 4847 pro
1650 4775 1929 4851 populo,»

272 4851 426 4919 quod
463 4849 912 4918 apud'eum'dem
938 4849 1278 4919 Gregorium
1310 4849 1615 4919 reperitur.
1639 4849 1926 4903 Caeterum

272 4865 426 4919 quon
463 4865 613 4918 apud
641 4865 912 4903 eumaem
938 4865 1278 4975 uregxorium
1310 4865 1615 4919 reperitur.
1639 4865 1920 4903 uentorum

270 4921 329 4973 in
385 4922 600 4975 Manilo
654 4920 1025 4990 probavimus
1109 4919 1400 4991 regorium
1454 4921 1745 4975 seniorem
1806 4936 1920 4975 non

273 5008 403 5047 vere
438 5010 601 5045 sacra
634 4993 945 5062 peregisse.

350 5064 458 5133 (29)
510 5058 799 5115 Ἐπεὶπὼν-
835 5063 901 5114 τὰ
951 5065 1051 5135 τῆς
1104 5058 1447 5135 εὐχαριστίας
1508 5059 1744 5135 ῥήματα.
1810 5059 1926 5135 Bil-

276 5133 392 5187 lius
427 5150 438 5186 :
469 5156 495 5183 ‹‹
529 5151 661 5187 cum
709 5134 1073 5187 eucharistize
1104 5132 1278 5187 verba
1309 5132 1517 5187 effatus
1548 5140 1719 5187 esset.
1754 5153 1781 5180 »
1812 5132 1923 5187 Ve-

279 5222 406 5258 rum
443 5204 500 5257 in
550 5205 702 5259 notis
752 5206 1035 5259 observat.
1070 5220 1171 5274 per
1207 5227 1235 5253 «
1265 5205 1629 5260 eucharistiaa
1677 5204 1872 5269 verba,
1896 5226 1923 5252 ››

280 5275 365 5331 vel
398 5293 464 5331 ea
513 5275 758 5346 intelligi
812 5292 1002 5345 posse,
1036 5276 1249 5344 quibus
1298 5276 1656 5332 consecratio
1704 5274 1925 5346 perﬁci-

277 5352 404 5413 tur;
440 5345 521 5401 vel
554 5365 639 5414 ea,
676 5345 891 5416 quibus
934 5348 1043 5402 sub
1100 5348 1283 5402 Missas
1335 5350 1506 5403 ﬁnem
1540 5366 1572 5403 a
1602 5345 1923 5416 sacerdote,

275 5419 346 5473 ob
387 5429 823 5474 sacrosanctum
873 5418 1136 5489 epulum,
1171 5424 1278 5473 Deo
1328 5419 1527 5490 gratiae
1578 5419 1919 5487 agebantur.

272 5491 402 5545 Haec
438 5491 724 5559 posterior
755 5492 1037 5562 expositio
1070 5490 1203 5562 ipsi,
1240 5490 1312 5562 ob
1344 5507 1428 5559 ea,
1466 5508 1590 5556 quas
1623 5491 1694 5544 de
1724 5492 1921 5561 populi

275 5563 677 5687 beJiqdictione
725 5561 857 5618 mox
903 5561 1209 5633 subjungit
1240 5561 1575 5633 Gregorius,
1610 5562 1798 5633 magis
1830 5580 1923 5618 ar-

275 5650 320 5687 ri
370 5650 398 5687 e
432 5676 444 5687 .

275 5635 444 5689 ridet.

344 5704 458 5777 (30)
490 5705 855 5779 Προσέμινος.
887 5703 952 5763 In
983 5701 1308 5777 nonnullis,
1337 5702 1717 5779 προσιέμενος.

2041 4632 2418 4689 surrectionis
2443 4630 2807 4687 Dominicum
2835 4632 3008 4697 diem,
3037 4631 3291 4701 primum
3315 4630 3685 4685 Dominicum

2042 4705 2197 4784 hunc
2221 4706 2373 4784 diem
2398 4703 2739 4758 habeamus.
2768 4725 2795 4751 ››
2818 4703 3067 4784 Octavus
3089 4701 3319 4757 Paschaa
3343 4703 3485 4784 dies,
3510 4719 3684 4784 quem

2044 4778 2159 4830 «in
2213 4776 2377 4831 Albis
2411 4800 2431 4828 ι
2468 4792 2767 4836 vocamus,
2819 4774 2971 4846 apud
3025 4773 3253 4846 Graecos
3308 4794 3329 4846 αι
3389 4773 3686 4846 Dominica

2041 4866 2237 4903 nova»
2272 4846 2699 4919 appellabatur.
2731 4843 2888 4919 Hanc
2923 4845 3277 4919 Dominicam
3315 4843 3528 4915 insigni
3561 4861 3686 4898 ora-

2038 4920 2196 4976 tione
2228 4916 2540 4975 celebravit
2567 4918 2898 4989 Uregorius.
2932 4916 3071 4971 Vide
3102 4917 3196 4989 Or.
3231 4933 3379 4989 xciv.

2132 4993 2220 5061 33)
2254 4990 2355 5045 Καί
2408 4992 2498 5061 μοί
2547 5009 2596 5061 τι
2646 4986 2823 5061 τοῦτο.
2865 4993 3030 5061 Deest
3079 5008 3133 5061 τι
3183 4988 3239 5041 in
3296 4986 3434 5061 Reg.
3478 4987 3595 5056 bm,
3630 4991 3687 5041 et

2037 5056 2227 5117 tribue
2259 5056 2417 5116 (lolb:
2451 5060 2621 5115 Coisl.
2658 5063 2681 5115 1
2721 5060 2897 5115 habet
2932 5058 3020 5111 καί
3049 5056 3133 5111 τοί
3170 5079 3214 5110 τι
3244 5056 3431 5109 10516.

2108 5136 2217 5203 (34)
2248 5132 2530 5216 ﬁdem
2557 5130 2660 5216 δίηξ
2689 5130 3031 5216 ierim“-
3065 5131 3158 5216 είς)
3186 5130 3329 5216 .398-
3366 5130 3484 5209 bin.
3511 5128 3682 5216 Oti-.1.

2033 5201 2177 5275 Jes.,
2212 5210 2319 5261 etc.
2353 5207 2443 5258 Sic
2477 5206 2599 5276 ipse
2644 5204 2780 5274 legit
2829 5203 3053 5268 Billius,
3090 5204 3199 5257 etsi
3249 5201 3348 5252 οὐκ
3406 5202 3463 5253 in
3512 5201 3684 5253 editis

2036 5278 2207 5331 desit.

2105 5348 2218 5413 (35)
2250 5340 2603 5419 ’AvaGaOpﬁw
2634 5342 3034 5419 ,éttavaxhsicm.
3084 5348 3221 5416 Reg.
3273 5343 3396 5411 bm,
3433 5341 3677 5415 βαθμῶν.

2034 5419 2206 5475 Coisl.
2242 5421 2294 5475 1.
2329 5416 2792 5490 ἐπαναδιιχθεισῃ.

2104 5492 2215 5559 (36)
2250 5489 2363 5555 τὴν
2396 5482 2699 5543 κοινωνίαν.
2732 5482 2905 5542 Coisl.
2939 5489 2987 5549 1,
3015 5484 3084 5559 τῇ
3116 5482 3391 5553 κοινωνίᾳ.

2104 5554 2215 5633 (37)
2247 5554 2599 5634 Καρτερικῆς.
2634 5562 2726 5614 Sic
2758 5554 3191 5634 Reg._qu,'tres
3218 5559 3400 5623 Golb.,
3423 5554 3597 5612 Coisl.
3623 5557 3677 5625 1,

2033 5633 2128 5690 0r.
2160 5630 2211 5701 1,
2245 5630 2354 5690 etc.
2394 5630 2453 5690 ιιι
2485 5635 2599 5703 ed.,
2629 5630 2966 5761 καρτερινῆς.

2104 5706 2217 5761 (38)
2245 5704 2329 5761 Ἠ.
2365 5705 2458 5761 Slc
2489 5705 2584 5761 Or.
2617 5706 2665 5761 1.
2730 5721 2765 5759 n
2796 5703 2966 5761 ad"?

2104 5700 2217 5777 (38)
2245 5704 2329 5765 'H.
2365 5705 2458 5764 Slc
2489 5700 2593 5764 or;
2617 5706 2665 5762 1.
2700 5700 2765 5761 In
2795 5700 2912 5775 ea,
2942 5700 2997 5771 ἢ.
