4094 6288
354 353 507 417 1023

1586 364 1653 425 8.
1701 362 2073 424 GREGORII
2117 362 2509 426 THEOLOGI

3598 363 3763 426 1024

349 493 418 544 ut
473 489 612 545 olim
669 490 889 562 lsraeli,
940 495 1042 549 aut
1084 498 1311 566 petram
1344 496 1641 567 frangens,
1673 500 1739 550 ut
1770 494 1990 550 sitienti
2021 553 2025 562 ,

2138 512 2230 567 ραν
2286 494 2468 569 ῥήξας,
2523 493 2616 550 ’ίνα
2671 496 2886 571 πηγάσῃ
2944 492 3063 566 λαῷ
3120 493 3386 569 διψῶντι·
3446 495 3482 563 ἢ
3533 493 3755 570 κόραξιν

355 577 566 649 populo
598 596 811 650 aquam
845 581 1113 638 funderet
1133 584 1194 651 ⁷⁸,
1229 589 1330 639 aut
1363 601 1464 657 per
1492 601 1692 641 corvos
1725 600 1993 657 pascens,

357 674 421 720 ut
451 666 615 723 illum
648 667 831 724 Eliam
863 672 928 737 ⁷⁸,
982 677 1084 727 aut
1136 689 1235 743 per
1279 674 1620 746 prOphetam
1656 675 1713 729 in
1747 673 1999 730 sublime

357 761 590 825 raptum
623 756 867 828 satians,
902 766 965 814 ut
992 759 1289 817 Danielem
1336 768 1524 833 antea,
1560 780 1693 818 cum
1740 764 1891 818 fame
1939 763 2000 816 in

358 844 488 899 lacu
519 851 884 916 premeretur
912 850 975 903 ⁷⁷.
1028 850 1288 912 Quonam
1320 852 1499 923 igitur
1530 854 1748 908 modo?
1794 853 1999 907 Visum

358 938 447 989 est
477 934 611 1004 ipsi,
646 951 760 1005 me,
800 954 974 1007 quem
1024 938 1436 995 charissimum
1487 942 1736 998 habebat
1793 942 2003 1012 (neque

358 1022 513 1078 enim
537 1040 890 1096 quemquam
920 1026 1098 1081 alium
1124 1034 1413 1097 nostrum,
1439 1047 1510 1086 ne
1541 1032 1599 1085 in
1630 1030 1853 1086 somnis
1876 1029 2003 1100 qui-

359 1111 513 1179 dem,
540 1113 685 1167 mihi
716 1116 1097 1187 prael‘erebat),
1128 1125 1299 1173 noctu
1333 1125 1568 1191 repente
1598 1119 2007 1191 supervenien-

362 1204 501 1267 tem,
534 1218 667 1256 cum
701 1203 977 1267 canistro,
1010 1207 1380 1279 panibusque
1418 1209 1709 1279 imprimis
1741 1208 2007 1264 candidis

362 1305 467 1362 pro
500 1306 626 1347 meo
658 1308 818 1347 more
848 1294 1190 1363 benedictis,
1225 1302 1398 1368 atque
1426 1315 1595 1353 cruce
1624 1297 2005 1369 consignatis,

364 1394 494 1435 eam
526 1378 761 1447 aluisse,
793 1387 851 1436 et
883 1384 1264 1455 confortasse,
1296 1403 1362 1441 ac
1393 1387 1476 1442 sic
1508 1387 1653 1443 vires
1682 1387 2007 1459 collegisse.

365 1468 435 1523 Et
465 1475 620 1525 certe
652 1478 939 1526 nocturna
968 1472 1068 1528 illa
1097 1473 1240 1529 visio
1271 1477 1531 1532 veritatis
1562 1494 1710 1548 opus
1752 1481 1894 1531 erat.
1926 1478 2010 1531 Ab

365 1574 430 1613 eo
462 1558 616 1613 enim
650 1569 910 1631 tempore
940 1562 1011 1616 ad
1061 1579 1123 1618 se
1153 1564 1343 1632 rediit,
1376 1583 1659 1637 spemque
1711 1565 2010 1622 meliorem

368 1646 649 1717 concepit.
684 1649 748 1702 ld
788 1654 984 1706 autem
1016 1656 1214 1723 aperto
1244 1659 1300 1709 et
1330 1655 1637 1726 perspicuo
1668 1660 2012 1726 argumento

370 1736 749 1792 manifestum
782 1743 888 1794 est.
922 1744 1069 1796 Nam
1102 1757 1236 1797 cum
1271 1744 1549 1813 postridie
1580 1760 1751 1799 mane
1780 1745 1851 1799 ad
1883 1760 2008 1799 eam

2107 583 2372 651 ἑστιάσας,
2405 584 2480 646 ὡς
2510 584 2602 639 τὸν
2644 583 2833 641 Ἡλιαν
2869 584 3091 639 ἐκεῖνον’
3123 586 3157 653 ἢ
3189 587 3446 662 προφήτῃ
3482 585 3758 658 μεταρσίῳ

2106 673 2356 747 κορὲσας,
2415 674 2490 734 ὡς
2539 675 2630 728 τὸν
2678 673 2880 741 Δανιὴλ
2929 673 3192 749 πρότερον
3246 673 3297 728 ὲν
3332 674 3522 745 λάκκῳ
3550 671 3763 744 λιμώτ-

2106 781 2286 817 τοντα.
2309 760 2435 815 Τίνα
2467 760 2751 837 δὲτρόπον
2779 780 2792 829 ;
2828 759 3043 832 Ἐδοξεν
3077 762 3174 834 ἐμὲ
3222 762 3313 816 τὸν
3366 762 3500 826 αὐτῆ
3566 759 3761 838 φίλτα-

2108 871 2199 905 τον
2252 853 2605 925 (προετιμᾶτο
2654 851 2757 926 γάρ
2801 853 2961 924 ἡμῶν
3008 848 3179 913 ἄλλος
3222 854 3335 921 (39)
3377 848 3489 905 οὐδ’
3523 849 3573 903 ἄν
3612 849 3759 903 όνεί-

2115 943 2233 1015 ρῳ),
2267 941 2477 1011 ἀθρόως
2524 938 2811 995 ἐπιστάντα
2854 942 3061 1008 νυκτὸς,
3117 940 3249 1013 μετὰ
3295 944 3479 1005 κανοῦ,
3531 940 3619 993 καὶ
3666 937 3761 1013 ἆρ-

2111 1049 2218 1082 των
2274 1034 2381 1082 τῶν
2436 1028 2860 1103 λαμπροτάτων,
2912 1029 3267 1101 ἐπευξάμενόν
3325 1049 3383 1082 τε
3412 1027 3619 1099 αὐτοῖς,
3669 1027 3763 1081 καὶ

2116 1118 2496 1195 σφραγίσαντα,
2550 1117 2727 1190 ὥσπερ
2778 1117 2935 1195 φίλον
2987 1121 3145 1189 ἡμῖν,
3196 1117 3384 1194 θρέψαι
3432 1137 3491 1171 τε
3533 1116 3621 1170 καὶ
3656 1115 3764 1191 ῥῶ-

2117 1228 2228 1275 σαι,
2273 1211 2361 1260 καί
2410 1212 2728 1281 συναγαγεῖν
2774 1209 2871 1275 τὴν
2924 1205 3171 1279 δύναμιν.
3223 1207 3319 1259 Καὶ
3365 1208 3399 1274 ἡ
3441 1212 3543 1273 τῆς
3574 1205 3769 1265 νυκτὸς

2118 1293 2265 1369 ὄψις,
2314 1294 2466 1371 ἔργον
2513 1298 2577 1364 ἦν
2631 1296 2890 1365 ἀληθείας
2918 1314 2930 1327 ·
2984 1295 3033 1367 ἐξ
3066 1295 3270 1349 ἐκείνου
3300 1296 3403 1369 γὰρ
3434 1296 3628 1362 ἑαυτῆς
3678 1296 3767 1368 γί-

2117 1406 2259 1441 νεται
2307 1385 2396 1439 καὶ
2443 1391 2542 1453 τῆς
2592 1386 2962 1459 χρηστοτέρας
3023 1381 3284 1445 ἐλπίδος’
3345 1387 3423 1455 τῷ
3476 1386 3642 1437 τοῦτο
3676 1379 3773 1449 δῆ-

2120 1473 2216 1529 λον
2251 1476 2362 1546 (40)
2392 1473 2602 1549 ἑναργεῖ
2629 1474 2717 1527 καὶ
2748 1477 2960 1551 φανερῷ
3014 1475 3125 1543 (41)
3167 1470 3527 1548 γνωρίσματι.
3587 1471 3771 1524 Ἐπει-

2122 1560 2188 1631 δή
2220 1563 2320 1638 γὰρ
2348 1570 2449 1631 τῆς
2480 1565 2689 1638 ἡμέρας
2736 1557 3128 1631 ἐπιλαϐούσης,
3191 1560 3441 1616 εἰσελθὼν
3481 1559 3605 1614 τότε
3634 1560 3773 1635 πρὸς

2121 1651 2288 1721 αὐτὴν
2350 1648 2589 1728 ὄρθριος,
2647 1655 2863 1724 πρῶτον
2920 1652 3012 1723 μὶν
3065 1648 3418 1728 φαιδροτέραν
3466 1651 3501 1717 ἢ
3535 1648 3769 1722 πρόσθεν

2123 1741 2445 1814 ἐθεασάμην
2505 1738 2708 1813 ἔπειτα,
2756 1744 2873 1802 πῶς
2919 1743 2953 1809 ἡ
3015 1739 3129 1810 νὺξ,
3160 1739 3248 1793 καὶ
3281 1738 3407 1793 ὅτου
3440 1736 3642 1805 δέοιτο,
3704 1738 3773 1791 τὰ

367 1824 693 1895 ingressus,
727 1827 982 1898 primum
1015 1829 1350 1887 hilariorem
1396 1848 1546 1899 eam,
1594 1849 1771 1903 quam
1821 1838 2012 1888 antea.

2137 1833 2327 1901 τυνήθη
2393 1828 2455 1898 δὴ
2512 1835 2679 1885 ταῦτα
2736 1828 3149 1901 ἐπυνθανόμην·
3238 1827 3313 1881 Σύ
3376 1848 3442 1900 με
3518 1825 3769 1899 ἔθρεψας,

369 1915 801 1984 conspexissem
828 1934 840 1983 ;
875 1918 1085 1975 deinde
1116 1919 1235 1974 haec
1266 1928 1549 1978 consueta
1581 1938 1592 1977 :
1639 1922 1711 1978 Ut
1741 1940 1801 1978 se
1836 1928 2007 1978 noctu

367 2002 691 2069 habuisset,
722 2021 904 2076 ecqua
952 2024 1013 2062 re
1059 2024 1205 2079 Opus
1257 2011 1512 2078 haberet,
1564 2012 2006 2082 quaesivissem;

367 2092 454 2147 Tu
486 2108 601 2159 me,
637 2095 937 2164 respondit
966 2096 1087 2166 illa,
1140 2115 1171 2152 ο
1220 2098 1320 2165 ﬁli,
1376 2106 1645 2173 prompte
1691 2103 2008 2158 admodum

371 2197 435 2235 ac
468 2180 713 2252 benigne
744 2182 960 2253 aluisti,
985 2190 1043 2240 et
1073 2192 1273 2257 postea
1306 2204 1496 2260 rogas,
1518 2190 1724 2260 ecquid
1748 2190 2014 2246 valeam?

370 2285 647 2341 perquam
671 2273 899 2343 egregie
929 2279 986 2328 et
1011 2276 1204 2345 quieta
1235 2283 1445 2333 mente.
1475 2278 1776 2349 Simulque
1806 2279 2013 2350 capitis

370 2362 517 2412 nutu
551 2359 692 2413 mihi
722 2361 944 2417 ancillas
976 2364 1405 2433 signiﬁcabant,
1436 2384 1506 2422 ne
1534 2368 2014 2433 contradicerem,

374 2447 475 2502 sed
509 2446 708 2503 statim
740 2466 1081 2521 responsum
1119 2454 1220 2509 hoc
1251 2456 1593 2526 acciperem,
1619 2472 1709 2525 ne,
1736 2457 2019 2527 patefacta

373 2534 636 2600 veritate,
660 2554 907 2594 maerore
936 2548 1428 2599 consternaretur.
1453 2545 1645 2600 Unum
1676 2546 1867 2602 adhuc
1899 2562 2019 2601 am-

374 2622 563 2678 bobus
595 2641 907 2681 commune
939 2629 1280 2701 adiungam.

449 2712 643 2767 XXXI.
679 2714 821 2770 Cum
854 2714 1204 2775 Alexandria
1255 2738 1355 2792 per
1412 2740 1571 2779 mare
1608 2723 2017 2781 Parthenicum

377 2798 439 2855 in
470 2800 748 2858 Graeciam
779 2805 1111 2877 navigarem
1154 2809 1521 2880 (navigabam
1554 2819 1746 2869 autem
1779 2815 1835 2869 in
1866 2815 2020 2884 Egi-

383 2907 506 2944 naea
536 2891 689 2959 navi,
722 2892 1129 2965 intempestivo
1161 2914 1400 2968 prorsus
1437 2906 1715 2973 tempore,
1767 2908 1829 2957 ut
1877 2904 2020 2958 mihi

381 2978 465 3034 sic
494 2981 780 3036 suadebat
802 2983 1129 3055 cupiditas;
1163 3003 1296 3043 nam
1328 2990 1384 3044 id
1410 3006 1503 3046 me
1532 2992 1616 3047 vel
1641 2994 1893 3048 maxime
1914 2994 2023 3048 im-

382 3067 650 3139 pellebat,
687 3072 841 3141 quod
898 3073 955 3127 in
1008 3079 1219 3132 nautas
1260 3079 1404 3133 mihi
1437 3080 1753 3137 familiares
1784 3082 2022 3138 incidis-

382 3157 568 3228 sem);
621 3158 773 3215 352
818 3177 975 3228 cum,
1007 3164 1268 3235 inquam,
1303 3168 1656 3241 navigarem,
1689 3170 2023 3242 paululum-

2121 1920 2306 1997 φησὶν,
2361 1920 2406 1973 ὦ
2458 1919 2668 1987 τέκνον,
2730 1917 2877 1990 μάλα
2934 1916 3169 1989 ἑτοίμως
3203 1917 3292 1970 καὶ
3342 1916 3771 1993 φιλανθρώπως,

2119 2006 2308 2065 ἔπειτα
2356 2007 2558 2080 ἐρωτᾷς
2615 2007 2699 2075 τὸ,
2755 2012 2871 2070 πῶς
2930 2004 3154 2081 ἔχοιμι;
3198 2004 3316 2061 λίαν
3351 2004 3534 2066 καλῶς
3562 2024 3623 2059 τε
3679 2003 3773 2058 καὶ

2118 2097 2374 2173 γαληνῶς
2431 2098 2563 2170 (42).
2625 2097 2721 2151 Καὶ
2779 2096 2892 2168 ἅμα
2948 2094 3226 2150 κατὲνευον
3287 2095 3341 2148 αἱ
3388 2091 3775 2169 θεραπεύτριαι

2120 2188 2256 2263 πρὸς
2286 2191 2446 2241 τοῦτο
2482 2187 2558 2258 μὴ
2594 2185 2926 2256 ἀντιτείνειν,
2960 2183 3086 2239 ἀλλ’
3118 2183 3353 2256 ἑτοίμως
3388 2180 3635 2257 δέχεσθαι
3675 2183 3779 2249 τήν

2123 2276 2426 2351 ἀπόκρισιν⁹
2508 2276 2583 2347 μή
2651 2274 2851 2346 ἀθυμίᾳ
2924 2267 3318 2343 καταϐληθείη,
3393 2270 3779 2346 γυμνωθείσης

2122 2373 2221 2435 τῆς
2260 2364 2536 2434 ἀληθείας.
2568 2366 2663 2419 ’Ἐν
2693 2360 2767 2418 ἔτι
2801 2364 3098 2437 προσθήσω
3135 2366 3242 2416 τῶν
3291 2366 3481 2417 κοινῶν
3531 2359 3778 2438 ἀμφοτὲ·

2128 2475 2261 2532 ροις.

2202 2726 2327 2779 ΛΔ’.
2364 2717 2591 2775 Πλὲοντί
2625 2739 2718 2791 μοι
2774 2716 2837 2773 τὰ
2893 2717 3211 2793 Παρθενικὸν
3256 2718 3370 2790 (43)
3400 2714 3641 2789 πέλαγος
3675 2714 3781 2768 ἀπὸ

2128 2818 2229 2881 τῆς
2281 2806 2700 2883 ’Δλεξανδρὲων,
2753 2807 2839 2862 ἐπὶ
2890 2809 2988 2876 τὴν
3040 2804 3298 2862 Ἐλλάδα⁶
3332 2804 3523 2860 ἔπλεον
3561 2803 3617 2859 δὲ
3647 2824 3782 2857 παν-

2129 2898 2305 2960 τελῶς
2354 2896 2454 2967 ἔξω
2500 2904 2600 2966 τῆς
2649 2895 2817 2971 ὥρας,
2866 2896 3008 2950 οὕτω
3036 2900 3133 2950 τοῖ’)
3162 2896 3331 2950 πόθου
3362 2895 3659 2961 πείθοντος,
3697 2891 3786 2945 ἐπὶ

2134 2989 2265 3056 νηὸς
2298 2986 2588 3063 Αἰγιναίας·
2621 2990 2784 3040 τοῦτο
2816 2985 2919 3061 γάρ
2955 3005 3020 3057 με
3052 2985 3141 3039 καὶ
3176 2983 3411 3057 μάλιστα
3452 2981 3789 3058 προύτρεψεν

2135 3078 2209 3139 ὡς
2261 3076 2480 3137 οἰκείοις
2536 3072 2953 3151 προσδραμόντα
3016 3078 3131 3134 τοῖς
3190 3074 3394 3143 ἄξουσι·
3454 3069 3676 3125 πλέοντι
3740 3068 3787 3124 δ’

2140 3165 2254 3235 οὗν,
2288 3166 2360 3228 ὡς
2398 3164 2583 3240 ὀλίγον
2620 3165 2831 3239 ἀνήχθη
2846 3185 2958 3235 μεν,
2996 3160 3168 3225 δεινὸς
3200 3161 3494 3235 συμπίπτει
3549 3160 3793 3233 χειμὼν,

384 3261 497 3315 que
519 3246 645 3317 jam
678 3252 1193 3319 processissemus,
1226 3258 1417 3327 gravis
1468 3263 1785 3330 tempestas
1832 3265 2025 3314 exorta

2137 3232 2248 3311 καὶ⁷
2285 3255 2398 3309 οἷον
2454 3232 2568 3326 (4.4)
2621 3232 2973 3325 μὴήπολλῶν
3019 3232 3281 3327 πρότερον
3317 3232 3674 3323 μνημονεύειν
3712 3250 3795 3301 εἴ·

384 3338 492 3400 est,
537 3341 595 3391 et
642 3338 842 3407 quales
873 3339 1028 3395 haud
1063 3343 1279 3400 multas
1312 3346 1474 3418 prius
1506 3348 1935 3415 meminissent,
1968 3352 2033 3404 ut

384 3421 638 3492 aiebant,
672 3427 769 3497 qui
802 3444 1030 3485 mecum
1065 3432 1441 3490 vehebantur.
1493 3436 1590 3491 llic
1639 3454 1774 3493 cum
1828 3454 2032 3493 omnes

384 3527 757 3570 communem
790 3522 1034 3573 mortem
1070 3527 1416 3592 metuerent,
1450 3525 1592 3580 mihi
1627 3533 1828 3581 contra
1876 3544 2034 3583 mors

387 3600 595 3688 animae
628 3606 910 3674 majorem
943 3609 1313 3666 formidinem
1348 3613 1642 3670 afferebat.
1692 3616 1754 3670 In
1808 3617 2033 3688 pericu-

386 3687 511 3745 lum
545 3692 702 3746 enim
734 3693 914 3749 miser
946 3713 1236 3769 veneram,
1272 3717 1343 3755 ne
1376 3719 1485 3757 non
1526 3687 1870 3759 initiatusie
1918 3704 2037 3761 vita

389 3778 772 3848 discederem,
809 3784 1173 3851 sniritualem
1204 3806 1419 3860 aquam
1458 3792 1609 3847 inter
1660 3793 1933 3849 exitiosae
1981 3800 2039 3850 et

389 3870 723 3925 mortiferas
753 3889 937 3927 uncus
985 3876 1345 3935 desiderans.
1400 3884 1472 3935 Ac
1524 3882 1766 3952 proinde
1822 3883 2036 3939 clama-

388 3956 547 4022 bam,
582 3959 983 4028 obsecrabam,
1016 3964 1186 4021 breve
1226 3969 1521 4037 quoddam
1570 3973 1851 4042 temporis
1904 3989 2037 4043 spa-

388 4045 537 4101 tium
562 4050 900 4119 expetebam
926 4069 938 4107 :
971 4054 1417 4112 conclamabant
1436 4060 1633 4124 etiam,
1659 4061 1716 4115 in
1741 4062 2039 4115 communi

390 4133 527 4189 licet
556 4138 683 4191 vitae
714 4138 1084 4208 descrimine,
1119 4145 1219 4214 qui
1251 4146 1426 4202 simul
1461 4147 1832 4219 navigabant,
1868 4149 1952 4203 sic
1981 4155 2044 4203 ut

395 4239 500 4277 nec
530 4224 770 4293 quidam
825 4244 855 4282 e
902 4232 1248 4287 necessariis
1284 4252 1465 4305 aeque,
1500 4236 1743 4292 humani
1775 4237 2043 4293 videlicet

395 4310 678 4383 ho:pites,
711 4321 885 4386 atque
915 4334 982 4373 ex
1030 4320 1304 4390 periculis
1356 4325 1427 4378 ad
1476 4326 2043 4381 commiserationem

396 4400 628 4455 eruditi.
660 4404 772 4458 Hoc
804 4422 973 4475 porro
1004 4423 1110 4479 ego
1142 4409 1377 4479 quidem
1412 4413 1694 4483 patiebar,
1728 4414 2043 4486 competie-

393 4487 612 4545 bantur
642 4496 835 4547 autem
869 4500 1140 4564 parentes
1172 4499 1305 4569 mei,
1340 4516 1442 4570 per
1472 4509 1821 4557 nocturnum
1854 4504 2043 4558 visum

2140 3366 2263 3421 χον,
2298 3344 2371 3405 ὡς
2399 3340 2654 3420 ἔφασκον,
2690 3343 2741 3395 οἱ
2773 3340 3165 3414 συμπλέοντες.
3210 3341 3428 3395 Πάντων
3466 3335 3520 3392 δὲ
3548 3338 3638 3392 τὸν
3672 3358 3793 3391 κοι-

2140 3434 2227 3488 νὸν
2260 3433 2477 3487 θάνατον
2514 3428 2859 3502 δεδοικότων,
2904 3431 2931 3484 ὁ
2960 3437 3061 3499 τῆς
3101 3433 3286 3504 ψυχῆς
3330 3432 3394 3496 ἦν
3446 3427 3569 3499 ἐμοὶ
3628 3421 3794 3503 φοϐε-

2146 3524 2400 3600 ρώτερος.
2461 3518 2829 3575 Ἐκινδύνευον
2888 3520 2988 3595 γὰρ
3020 3517 3210 3582 ἄθλιος
3242 3515 3496 3572 ἀπελθεῖν
3554 3515 3641 3570 καὶ
3672 3516 3796 3569 ἀτε-

2146 3613 2353 3682 λεστος,
2403 3614 2587 3673 ποθῶν
2637 3610 2700 3663 τὸ
2745 3608 3105 3681 πνευματικὸν
3147 3605 3292 3683 ὕδωρ
3324 3606 3375 3660 ἐν
3403 3610 3519 3666 τοῖς
3552 3608 3800 3682 φονικοῖς

2147 3698 2321 3756 ὕδασι.
2374 3698 2472 3753 Καὶ
2520 3695 2768 3771 (45)Αδιὰ
2809 3702 2970 3752 τοῦτο
3022 3692 3217 3769 ἐϐόων,
3266 3693 3522 3764 ἱκέτευον,
3567 3692 3798 3747 ἐπόθουν

2152 3790 2347 3865 μικρὰν
2408 3786 2766 3863 προθεσμίαν·
2816 3786 2905 3840 καὶ
2965 3780 3229 3839 συνεϐόων
3290 3784 3342 3838 οἱ
3402 3780 3799 3853 συμπλέοντες,

2146 3878 2235 3933 καὶ
2265 3882 2425 3932 τοῦτο
2458 3875 2509 3930 ἐν
2540 3880 2657 3937 τοῖς
2688 3880 2891 3936 κοινοῖς
2921 3872 3213 3942 κινδύνοις,
3263 3872 3338 3934 ὡς
3370 3869 3494 3926 οὐδὲ
3524 3876 3629 3925 τῶν
3681 3869 3803 3923 ἐπι-

2148 3963 2378 4036 τηδείων
2428 3965 2592 4033 τινὲς,
2645 3964 2782 4034 ξένοι
2834 3960 3235 4040 φιλάνθρωποι,
3285 3962 3348 4015 τὸ
3379 3964 3659 4035 συναλγεῖν
3698 3979 3803 4030 μα-

2149 4054 2331 4115 θόντες
2391 4054 2450 4108 ἐκ
2501 4056 2608 4108 τῶν
2670 4049 2954 4106 κινδύνων.
3010 4055 3177 4104 Τοῦτο
3235 4047 3471 4124 ἔπασχον
3527 4049 3619 4120 μὲν
3665 4045 3800 4119 ἐγὼ,

2152 4140 2486 4217 συνέπασχον
2538 4140 2595 4196 δὲ
2640 4143 2693 4196 οἱ
2737 4142 3078 4216 γεννήτορες,
3130 4136 3218 4193 διὰ
3261 4144 3577 4213 νυκτερινῆς
3608 4156 3805 4213 φαντα-

2152 4231 2270 4293 σίας
2298 4236 2395 4286 τοῦ
2424 4227 2676 4286 κινδύνου
2713 4228 3054 4304 μετίχοντες,
3086 4225 3175 4281 καί
3208 4228 3312 4281 ἀπὸ
3359 4233 3466 4302 γῆς
3515 4220 3805 4294 ἐϐοήθουν,

2152 4325 2258 4375 τῶν
2320 4320 2576 4392 κυμάτων
2633 4316 2699 4373 δι⁸
2755 4316 2924 4394 εὐχῆς
2976 4313 3390 4387 κατεπᾴδοντες,
3450 4314 3523 4374 ὡς
3580 4312 3804 4387 ὕστερον

2156 4403 2525 4481 συμϐαλόντες
2585 4404 2823 4484 ἔγνωμεν
2880 4408 2969 4461 τὸν
3022 4406 3232 4480 καιρὸν,
3284 4404 3442 4473 ἣνίκα
3489 4399 3807 4471 ἐπανήλθο-

2161 4519 2274 4571 μεν.
2333 4501 2500 4552 Τοῦτο
2548 4501 2636 4551 καί
2666 4499 2802 4569 ἡμῖν
2836 4492 3110 4567 ἐδήλωσεν
3139 4493 3301 4555 ὕπνος
3334 4494 3627 4565 σωτήριος,
3659 4490 3808 4545 ἐπει-

395 4578 657 4649 periculo
680 4580 1119 4652 participanles,
1143 4593 1319 4657 atque
1340 4604 1369 4642 e
1393 4595 1546 4645 terra
1567 4607 1735 4661 opem
1760 4591 2021 4647 terebant

2154 4584 2219 4658 δή
2280 4607 2412 4642 ποτε
2457 4590 2646 4642 τοῦτον
2681 4583 2942 4662 ἔγνωμεν,
2979 4582 3170 4658 μικρὸν
3202 4582 3487 4644 ὑπανέντος
3526 4584 3625 4637 τοῦ
3674 4578 3812 4635 κλύ-

397 4666 513 4721 vim
549 4668 837 4724 ﬂuctuum
870 4672 1142 4742 precibus
1164 4675 1323 4731 velut
1352 4678 1740 4747 incantantes,
1765 4681 2046 4751 quemad-

2160 4679 2351 4740 δωνος.
2410 4674 2684 4753 Ἐριννύος
2736 4677 2850 4749 (46)
2908 4673 3163 4749 ἆκράτουν
3216 4672 3346 4749 ἇγὼ,
3386 4665 3617 4748 φοϐερὸν
3681 4667 3809 4742 βλε-

472 4822 516 4855 τδ
547 4822 724 4879 Exod.
753 4840 890 4892 xvu,
921 4825 975 4880 6.
1051 4828 1094 4863 ⁷⁸
1126 4828 1199 4884 IIl
1233 4828 1371 4903 Reg.
1405 4849 1545 4902 xvn,
1575 4834 1629 4889 6.
1706 4835 1748 4870 ⁷⁷
1779 4834 1925 4892 Dan.
1956 4851 2073 4903 x1v,
2103 4833 2192 4891 33.

472 4982 579 5055 (39)
612 4982 841 5071 ἶΑλλος.
876 4989 1025 5071 _Sicn
1047 4992 1231 5071 ᾕρεε.
1285 5012 1337 5065 a,
1388 4996 1511 5069 bm,
1561 4998 1735 5056 Coisl.
1770 5000 1821 5071 1,
1863 4998 1958 5055 Or.
1993 5000 2043 5070 1,

396 5054 694 5131 Bas_.,_etc.
732 5060 791 5114 In
825 5054 1177 5131 ed.,_ét).).w?.

472 5128 585 5212 (ΑΟ)
614 5132 700 5199 Τῷ
726 5134 888 5212 τούτο
910 5128 1130 5212 ι’δῆλον.
1165 5139 1272 5212 Pro
1318 5142 1416 5209 τῷ,
1450 5142 1605 5212 quod
1661 5139 1808 5196 nihil
1843 5142 1936 5197 hic
1969 5142 2051 5196 si-

399 5200 690 5286 gniﬁcare,
736 5200 1117 5286 potestt’nisi
1167 5200 1687 5286 ad‘dasfyévécem,
1738 5213 2051 5283 legendum

402 5274 577 5349 forte,
602 5271 710 5349 sui,
737 5271 855 5341 'vel,
882 5278 1042 5349 τοῦτο
1075 5276 1132 5334 δὲ
1164 5278 1290 5349 δῆλ.
1326 5271 1480 5339 Ε’ῡιῶ.

620 5348 865 5429 ξῖξεξξερὶιξ
894 5347 1065 5429 Coisl.
1103 5354 1125 5406 1
1162 5343 1227 5429 et
1253 5353 1383 5429 Bas.
1419 5354 1640 5429 addunt
1680 5353 1939 5429 γενέσθαι.

450 5415 586 5497 ~(42)
621 5414 783 5499 Μάλά
821 5414 1212 5499 ἑτοίμως-’καὶ
1265 5414 1727 5499 φιλανθρῴπωςλ.
1752 5497 1759 5499 ξ
1785 5423 1903 5480 λίαν
1957 5444 2051 5499 κα-

405 5480 519 5545 λῶς
541 5480 609 5568 ’τε
637 5488 725 5541 καὶ
758 5480 1031 5561 γαληνῶς.
1060 5480 1137 5568 ’οῐ
1170 5480 1333 5553 recte
1360 5480 1590 5553 incedat
1619 5480 1821 5568 oratio,
1856 5499 1942 5553 sic
1972 5497 2053 5552 le-

406 5558 1211 5644 ggr‘ldu'm'putamusulicet
1268 5568 1435 5644 codd.
1495 5575 1551 5644 et
1608 5571 1696 5624 ed.
1752 5558 2049 5644 habeant:

414 5626 559 5720 μάλα
590 5626 937 5720 ἑτοίμως.καῖ
964 5626 1285 5720 γαληνῶς..)
1312 5637 1431 5693 λίαν
1464 5638 1645 5720 καλῶ-ς
1670 5659 1727 5720 τε
1756 5641 1845 5697 καὶ
1868 5639 2055 5720 φιλαν-

410 5704 663 5771 θρώπως.
722 5704 946 5780 Billius,
977 5704 1217 5771 'omisso
1256 5712 1365 5769 hoc
1412 5713 1719 5787 posteriori
1767 5704 2053 5785 membro,

2160 4995 2417 5068 primum
2448 4994 2519 5049 ad
2553 4990 3107 5076 matremOreferene,
3132 4988 3216 5044 sic
3242 4988 3418 5070 vertit
3451 5004 3463 5043 :
3493 5006 3521 5036 «
3542 4988 3814 5074 prompte

2162 5066 2479 5124 admodum
2511 5069 2568 5121 et
2586 5062 2905 5135 tranquillo
2926 5059 3337 5135 vultu.>3_Elias
3367 5074 3470 5135 pro
3501 5056 3814 5135 φιλανθρω-

2160 5158 2278 5198 πως
2311 5137 2487 5210 habet
2528 5129 2775 5210 ήμὲρωξ,
2799 5136 2953 5210 quod
3008 5133 3105 5210 ad_
3130 5131 3316 5210 filium
3368 5129 3559 5210 refert.
3590 5129 3814 5183 Verum

2161 5211 2284 5267 haec
2317 5209 2525 5265 ultima
2554 5201 2740 5263 verba
2759 5201 2985 5262 rectius
3018 5204 3288 5259 videntur
3318 5201 3524 5257 matris
3573 5216 3815 5272 respon-

2164 5299 2321 5347 sum,
2354 5299 2480 5353 quze
2522 5280 2901 5353 interrogata,
2932 5302 2951 5327 «ι
2990 5276 3283 5347 quomodo
3318 5292 3379 5329 se
3408 5273 3637 5342 habeat,
3665 5295 3693 5321 ››
3728 5288 3817 5326 re—

2164 5352 2433 5427 spondet.
2469 5352 2833 5427 «_Opti_me._»

2236 5426 2349 5496 (43)
2382 5416 2730 5496 Παρθενικόν.
2895 5416 3299 5496 1,-Παρθὲνιον.

2235 5490 2348 5565 (44)
2383 5490 2526 5565 Οῖσν.
2565 5496 2728 5565 Lege,
2762 5490 2911 5546 o'iwv.
2948 5490 3108 5565 E011}.

2260 5560 2347 5621 45)
2380 5563 2496 5619 Καί.
2528 5560 2747 5621 suos.
2784 5567 2834 5620 1.
2870 5565 3042 5619 Deest
3072 5563 3129 5615 in
3162 5560 3252 5614 ed.

2260 5570 2347 5637 45)
2380 5570 2496 5619 Καί.
2528 5570 2622 5620 Sic
2653 5570 2747 5621 0r.
2784 5570 2834 5620 1.
2870 5570 3042 5619 Deest
3072 5570 3129 5615 in
3162 5570 3252 5614 ed.

2228 5570 2344 5770 ἐιδ)
2407 5634 2695 5712 Ἐριννύος.
2765 5636 2955 5692 Schol.
2980 5678 2994 5706 ,
3063 5630 3338 5704 Δαίμονος
3413 5630 3821 5702 τιμωρητικοῦ,

2269 5724 2554 5769 aemonem
2586 5708 2903 5768 crudelem.
2929 5728 2957 5758 »
3310 5734 3315 5745 ι

2166 5733 2194 5763 ‹‹
2228 5708 2554 5769 daemonem
2586 5708 2903 5768 crudelem.
2929 5728 2957 5758 ››
3310 5734 3315 5745 η
