4094 6288
276 370 429 431 1025

274 502 503 570 ποόσης,
553 500 642 554 καὶ
685 496 1017 569 ἀπειλούσης
1066 500 1156 553 τὸν
1208 495 1451 553 κίνδυνον
1488 518 1499 528 ·

275 594 409 663 ἡμῖν
444 594 625 666 σαφῶς
658 591 693 657 ἡ
724 587 815 658 νὺξ
851 587 1166 663 ὑπέγραψεν.
1199 586 1413 648 “Αλλος
1463 584 1636 641 ἐδόκει
1677 590 1785 641 τῶν
1830 585 1927 659 ἐμ-

277 678 553 733 πλεόντων
589 678 676 747 (ἦν
712 674 769 730 δὲ
798 682 923 737 παῖς
955 678 1067 748 (47)
1112 680 1220 730 τῶν
1273 674 1635 730 εὐνουστάτων
1686 674 1808 747 ἐμοὶ
1839 673 1929 728 καί

280 767 578 845 φιλτάτων,
610 765 699 819 καὶ
742 764 1257 839 ὑπεραγωνιώντων,
1310 763 1483 826 οὕτως
1532 763 1801 839 ἔχοντος),
1834 763 1932 831 τήν

287 858 495 931 μητερα
545 856 646 922 τὴν
696 854 832 927 ἐμὴν
886 848 1142 908 ἐπιϐᾶσαν
1185 860 1287 921 τῆς
1338 851 1630 922 θαλάσσης,
1688 853 1776 906 καὶ
1829 858 1929 921 τῆς

284 946 413 1016 νηὸς
447 939 759 1016 λαϐομένην
797 941 1029 1012 ἐξέλκειν
1063 940 1263 1009 ταύτην
1296 940 1384 995 ἐπὶ
1433 943 1531 1010 τήν
1585 948 1711 1015 γῆν,
1745 940 1805 995 οὐ
1839 940 1929 993 σὺν

284 1032 482 1104 πολλῷ
526 1037 606 1104 τῷ
654 1031 826 1103 πόνῳ.
881 1029 977 1085 Καὶ
1017 1032 1051 1098 ἡ
1103 1025 1225 1104 ὄψις
1278 1030 1602 1085 ἐπιστεύετο”
1654 1032 1931 1105 ἡμεροῦτο

285 1125 453 1199 γὰρὴ
513 1120 775 1190 θάλασσα,
832 1121 923 1174 καὶ
981 1116 1164 1180 Ῥόδος
1224 1119 1368 1194 εἶχεν
1429 1122 1578 1191 ἡμᾶς
1640 1118 1829 1173 αὐτίκα
1871 1118 1932 1172 οὐ

286 1210 430 1266 πολὺ
453 1212 516 1265 τὸ
546 1208 599 1264 ἐν
648 1210 795 1281 μέσῳ
842 1209 1344 1277 κακοπαθήσαντας.
1394 1208 1631 1262 Ἐκείνου
1673 1211 1769 1261 τοῦ
1818 1228 1933 1262 κιν-

287 1299 446 1355 δύνου
474 1298 563 1353 καὶ
602 1300 765 1369 ἡμεῖς
816 1294 991 1371 δῶρον
1042 1296 1338 1371 γεγόναμεν
1366 1315 1378 1327 ³
1430 1295 1932 1370 καθυποσχόμενοι,

286 1390 330 1445 εἶ
361 1389 689 1459 σωθείημεν,
721 1389 870 1459 ἡμᾶς
902 1384 1097 1448 αὐτοὺς
1127 1390 1205 1458 τῷ
1237 1390 1371 1457 Θεῷ,
1406 1386 1494 1440 καὶ
1526 1382 1822 1447 δεδωκότες
1859 1385 1934 1442 ὡς

287 1480 399 1553 (48)
428 1476 681 1545 ἀπεσώθη
693 1497 804 1549 μεν.

1153 365 1441 427 ORATIO
1483 364 1698 427 XVIII.
1733 398 1810 410 —-
1839 360 2233 428 FUNEBRIS
2279 368 2359 428 IN
2404 364 2758 430 PATREM.

3526 369 3681 431 1026

1560 497 1760 567 ταύτην
1818 498 1917 573 γὰρ
1952 516 2002 578 Α
2036 502 2272 556 modum
2306 508 2528 574 postea,
2556 505 2848 559 subducta
2871 505 3152 575 temporis
3175 505 3417 574 ratione,
3442 506 3682 559 domum

2039 590 2251 645 reversi
2282 591 2680 662 cognovimus.
2715 592 2772 646 Id
2809 594 2983 647 etiam
3018 592 3186 647 nobis
3218 592 3495 648 salutaris
3526 609 3683 648 som-

2040 696 2151 733 nus
2183 679 2477 749 indicavit,
2511 696 2643 734 cum
2676 681 2915 735 tandem
2947 680 3264 752 aliquando
3290 698 3448 746 eum,
3484 683 3685 736 remit.

2040 772 2195 823 lente
2248 768 2520 824 nonnihil
2596 773 2966 839 tempestate,
3025 770 3408 839 cepissemus.
3443 770 3677 824 Furiam

2040 856 2194 910 enim
2229 856 2372 911 mihi
2404 860 2601 911 tenere
2622 858 2877 925 videbar,
2901 857 3256 912 horrendum
3284 858 3511 912 vultum
3544 874 3688 928 prae-

2044 945 2344 1011 ferentem,
2378 962 2443 999 ac
2476 944 2798 1016 periculum
2849 946 3218 1001 minitantem
3258 964 3270 1001 :
3326 946 3477 1001 hanc
3532 946 3687 1001 enim

2044 1050 2155 1088 nox
2187 1038 2381 1105 aperte
2410 1034 2578 1088 nobis
2610 1034 3015 1090 adumbrabat.
3049 1034 3212 1089 Alius
3253 1052 3320 1089 ex
3365 1036 3693 1091 vectoribus

2043 1121 2211 1192 (puer
2241 1121 2291 1176 is
2321 1127 2446 1176 erat
2477 1122 2761 1193 singulari
2794 1138 2932 1193 erga
2964 1139 3054 1177 me
3098 1123 3291 1178 studio
3340 1128 3395 1177 et
3444 1124 3693 1179 benevo—

2044 1208 2243 1276 lentia,
2280 1225 2524 1281 meaque
2558 1226 2738 1265 causa
2765 1210 3143 1266 vehementer
3172 1212 3400 1279 anxius,
3434 1228 3568 1267 cum
3615 1212 3699 1269 ita

2045 1313 2107 1352 se
2139 1314 2228 1352 res
2265 1298 2546 1368 haberet.)
2580 1302 2826 1353 matrem
2870 1315 3058 1354 meam
3094 1300 3205 1355 sibi
3236 1301 3431 1355 videre
3462 1300 3697 1356 videba-

2043 1392 2159 1457 tur,
2193 1403 2323 1457 quae
2354 1403 2515 1441 mare
2544 1386 2831 1457 ingressa,
2884 1388 3234 1458 prehensam
3286 1405 3489 1444 navem
3542 1389 3698 1444 haud

2046 1491 2260 1547 magno
2316 1475 2515 1530 labore
2564 1476 2634 1530 ad
2683 1481 2898 1531 terram
2948 1478 3327 1548 pertraheret.
3382 1478 3699 1548 Fidemque

287 1568 621 1623 inveniebat
651 1567 771 1621 haec
800 1565 965 1623 visio.
999 1566 1324 1623 Sedabatur
1366 1564 1521 1621 enim
1565 1580 1745 1635 mare,
1779 1564 2096 1635 statimque
2160 1564 2306 1619 citra
2353 1564 2599 1619 multam
2648 1581 2968 1620 aerumnam
3020 1565 3284 1622 Rhodum
3333 1567 3694 1638 appulimus.

292 1659 479 1729 Hujus
512 1656 624 1729 ipsi
656 1655 898 1728 periculi
930 1659 1151 1711 donum
1181 1654 1535 1710 exstitimus.
1572 1653 1642 1709 Ut
1670 1653 1826 1709 enim
1860 1669 1966 1709 nos
1996 1652 2112 1708 Deo
2145 1670 2511 1719 voveramus,
2544 1654 2593 1708 si
2625 1653 2941 1709 discrimen
2976 1656 3387 1726 etfugeremus,
3418 1656 3502 1712 ita
3535 1662 3697 1728 post-

294 1762 472 1819 quam
504 1745 817 1811 evasimus,
852 1760 958 1799 nos
989 1744 1041 1799 ei
1073 1732 1248 1800 etiam
1280 1744 1434 1797 dono
1465 1743 1755 1798 dedimus.

364 1840 484 1889 AB'.
511 1832 585 1886 Τὰ
619 1832 711 1905 μὲν
747 1829 812 1900 δὴ
845 1832 999 1886 κοινᾶ
1026 1835 1268 1886 τοιαῦτα.
1305 1829 1479 1885 Πάλαι
1528 1827 1585 1884 δὲ
1615 1832 1769 1902 οἶμαι
1812 1830 1937 1883 θαυ-
1969 1834 1973 1899 ξ

2115 1830 2324 1887 XXXII.
2360 1831 2491 1887 Haec
2535 1832 2774 1903 quidem
2822 1837 2988 1888 erant
3043 1834 3277 1906 utrique
3333 1835 3700 1891 communia.

300 1922 484 1997 μάζειν
527 1922 672 1982 τινάς
721 1925 825 1975 τῶν
873 1922 940 1974 τὰ
988 1919 1193 1975 ἑκείνου
1243 1924 1424 1996 σαφῶς
1470 1918 1803 1994 ἐγνωκότων,
1857 1919 1938 1972 ὅτι

294 2010 418 2087 περί
454 2011 546 2084 μὲν
576 2008 782 2065 τούτων
839 2008 982 2064 οὕτω
1030 2007 1488 2083 καταγεγόναμεν,
1521 2008 1594 2069 ὡς
1641 2006 1776 2080 μόνα
1806 2007 1942 2083 πρὸς

296 2100 564 2177 εὐφημίαν
600 2098 841 2174 ἔχοντες
874 2106 971 2168 τῆς
1006 2095 1063 2152 δὲ
1090 2103 1198 2153 τῶν
1246 2102 1450 2172 καιρῶν
1499 2094 1815 2172 δυσχερείας
1844 2097 1943 2163 τήν

300 2193 520 2263 μνήμην
579 2188 871 2259 ἀνεθέμεθα
932 2190 1047 2260 (49)
1081 2232 1095 2256 ,
1152 2188 1285 2260 πρὸς
1354 2186 1445 2247 οὓς
1502 2186 1944 2259 παραταξάμενος

299 2278 502 2339 ἐκεῖνος
560 2277 821 2354 φαίνεται,
876 2275 1055 2351 ὥσπερ
1101 2276 1135 2343 ἢ
1186 2276 1538 2350 ἀγνοήσαντες
1576 2279 1763 2345 ταῦτα,
1796 2275 1830 2341 ἣ
1866 2274 1939 2345 μὴ

302 2365 513 2441 μεγάλα
540 2364 854 2437 νομίζοντες
888 2368 1022 2437 (50).
1072 2365 1209 2439 Φέρε
1242 2361 1330 2417 οὗν
1373 2362 1460 2416 καὶ
1491 2367 1658 2416 ταῦτα
1696 2364 1943 2438 προσθῶ-

303 2476 396 2527 μεν
448 2460 563 2516 τοῖς
615 2454 961 2529 εἰρημένοιςο
1015 2454 1268 2527 ’Πνεγκεν
1321 2453 1348 2506 ὁ
1397 2453 1514 2515 καθ’
1559 2454 1706 2523 ἡμᾶς
1756 2452 1942 2525 καιρὸς

300 2549 515 2619 πρῶτον
544 2544 732 2614 κακὸν,
766 2545 919 2615 οἶμαι
972 2540 1029 2597 δὲ
1074 2542 1162 2596 καὶ
1204 2543 1538 2610 τελευταῖον,
1569 2541 1659 2594 τὸν
1710 2540 1943 2593 ἀποστά-

300 2655 398 2703 την
430 2633 518 2687 καὶ
550 2636 650 2687 τοῦ
683 2635 814 2687 Θεοῦ
858 2630 946 2685 καὶ
990 2634 1096 2685 τῶν
1150 2628 1429 2705 λογισμῶν
1480 2627 1723 2702 βασιλέα·
1762 2628 1821 2690 ὃς
1857 2650 1944 2700 μι-

305 2723 432 2798 κρὸν
488 2721 580 2794 μὲν
634 2717 790 2795 ἔργον
842 2721 1189 2795 ἡγησάμενος
1241 2720 1371 2772 εἶναι
1423 2717 1629 2794 Πέρσας
1676 2718 1948 2793 χειρώσα-

307 2813 445 2880 σθαι,
511 2808 652 2883 μὲγα
707 2806 764 2862 δὲ
809 2809 871 2864 τὸ
931 2808 1287 2881 Χριστιανοὺς
1340 2809 1801 2882 παραστήσασθαι,
1859 2807 1949 2860 καὶ

308 2900 421 2971 ἅμα
459 2903 566 2952 τῶν
613 2897 849 2974 ἀγόντων
902 2896 1060 2951 αὐτὸν
1112 2894 1381 2969 δαιμόνων
1429 2901 1590 2951 τοῦτο
1634 2896 1947 2963 πειθόντων,

310 2985 461 3042 οὐδὲν
490 2985 631 3048 εἶδος
664 2981 907 3047 ἀσεϐείας
951 2985 1192 3040 ἐνέλειπε
1238 2987 1373 3058 (51),
1416 2985 1635 3057 πείθων,
1685 2984 1949 3051 ἀπειλῶν,

309 3075 690 3155 σοφιζόμενος,
720 3072 895 3129 ἕλκων
929 3075 1065 3149 πρὸς
1098 3074 1302 3144 ἑαυτὸν,
1335 3072 1395 3128 οὐ
1423 3073 1582 3146 μόνον
1617 3073 1698 3134 οῖς
1730 3071 1949 3148 ἐτεχνοὶ-

2051 1919 2248 1975 Mirari
2271 1927 2465 1976 autem
2479 1921 2837 1992 jampridem
2860 1921 3175 1978 nonnullos
3202 1939 3401 1979 eorum
3427 1923 3701 1990 arbitror,

2050 2009 2263 2079 quibus
2294 2027 2385 2065 res
2417 2009 2578 2065 illius
2610 2010 2876 2081 apprime
2906 2011 3150 2082 cognitae
3194 2017 3355 2080 sunt,
3410 2013 3550 2084 quid
3601 2013 3698 2081 sit,

2051 2114 2174 2163 cur,
2208 2114 2339 2152 cum
2383 2099 2440 2153 in
2487 2097 2582 2154 his
2612 2102 2788 2154 rebus
2818 2099 2901 2154 ita
2932 2116 3157 2155 moram
3189 2101 3520 2168 fecerimus,
3555 2119 3620 2157 ac
3651 2101 3704 2157 si

2051 2186 2176 2242 sola
2198 2187 2318 2241 haec
2349 2188 2417 2242 ad
2454 2186 2685 2242 laudem
2718 2187 3088 2253 haberemus,
3115 2189 3477 2244 difﬁcultatis
3505 2195 3702 2246 tamen

2051 2280 2405 2346 temporum,
2441 2278 2724 2331 adversus
2755 2292 2883 2346 quae
2917 2277 3042 2348 ipse
3074 2277 3228 2331 velut
3266 2278 3447 2333 aciem
3480 2278 3703 2333 instru-

2053 2365 2207 2420 xisse
2238 2364 2613 2435 conspicitur,
2649 2366 3006 2420 mentionem
3039 2366 3227 2421 lacere
3270 2366 3699 2436 distulerimus,

2054 2453 2215 2511 velut
2240 2453 2288 2507 si
2321 2468 2389 2507 ea
2418 2456 2501 2508 vel
2535 2454 3020 2525 ignoraverimus,
3054 2455 3140 2510 vel
3194 2472 3306 2511 non
3357 2456 3438 2511 ita
3489 2473 3703 2528 magna

2055 2541 2597 2597 existimaverimus.
2636 2550 2754 2614 Age
2793 2542 2989 2613 igitur,
3026 2544 3143 2598 haec
3174 2560 3407 2615 quoque
3439 2546 3702 2617 superio-

2057 2632 2220 2687 ribus
2251 2631 2643 2703 adjungamus
2681 2650 2693 2687 :
2726 2632 2883 2687 Tulit
2913 2638 3113 2688 nostra
3142 2640 3281 2689 astas
3314 2635 3590 2705 primum,
3623 2639 3698 2703 et,

2057 2726 2123 2775 ut
2170 2721 2395 2793 opinor,
2429 2726 2793 2793 postremum
2826 2721 3072 2786 malum,
3105 2720 3214 2776 hoc
3245 2726 3353 2785 est,
3387 2723 3702 2794 imperato-

2058 2827 2202 2877 rem,
2235 2811 2336 2881 qui
2365 2814 2420 2866 et
2451 2828 2484 2865 a
2515 2810 2649 2880 Deo,
2674 2816 2729 2865 et
2759 2827 2792 2864 a
2825 2816 3013 2865 mente
3044 2811 3285 2877 defecit;
3328 2811 3427 2881 qui
3460 2828 3700 2883 parvum

2060 2899 2297 2970 quidem
2321 2915 2468 2969 opus
2492 2915 2618 2954 esse
2640 2899 2981 2965 arbitratus,
3011 2899 3215 2955 Persas
3242 2900 3486 2969 imperio
3514 2917 3620 2955 suo
3643 2917 3707 2957 ac

2060 2989 2265 3043 ditioni
2301 2987 2452 3043 353
2483 2988 2791 3056 subjicere,
2845 3004 3126 3059 magnum
3177 2994 3372 3043 autem
3430 2989 3707 3045 Christia-

2062 3094 2167 3133 nos
2199 3079 2257 3132 in
2287 3082 2635 3149 potestatem
2666 3077 2943 3148 redigere,
2978 3092 3110 3131 cum
3144 3076 3253 3145 ipsi
3286 3076 3462 3131 simul
3496 3078 3711 3135 daemo-

312 3171 451 3237 ζετο,
483 3164 743 3220 ἀλλὰκαὶ
794 3165 875 3226 οἷς
927 3159 1188 3232 ἐϐιάζετο.
1222 3162 1298 3219 Οὐ
1352 3165 1457 3235 μην
1510 3160 1691 3216 λαθεῖν
1744 3162 1858 3223 οἶός
1894 3182 1953 3216 τε

315 3256 343 3267 ..
444 3253 497 3267 ς.
739 3253 753 3267 .
841 3250 865 3267 ι,
1032 3252 1045 3267 η
1420 3256 1442 3267 ..
1512 3249 1525 3267 ,
1676 3250 1685 3267 ι
1871 3247 1944 3267 ,μ

2066 3185 2188 3236 nes,
2212 3184 2245 3221 a
2276 3166 2492 3237 quibus
2515 3165 2858 3231 ducebatur,
2883 3164 2964 3219 ita
2990 3165 3321 3231 suaderent,
3348 3165 3575 3221 nullum
3600 3165 3711 3221 im-

310 3256 377 3324 ἦν
406 3253 655 3309 κλέπτων
699 3253 789 3307 τὸν
838 3250 1084 3326 διωγμὸν
1135 3256 1468 3329 σοφιστικαῖς
1508 3249 1796 3320 ἐπινοίαις,
1830 3247 1955 3304 οὐδὲ

317 3344 421 3415 μὴν
455 3342 543 3397 καὶ
575 3345 818 3418 φανερῶς
867 3342 937 3411 τῇ
987 3338 1269 3411 δυναστείᾳ
1316 3341 1627 3415 χρώμενος·
1655 3338 1723 3393 ’ἶν’
1775 3339 1852 3393 ἐνί
1896 3358 1959 3414 γε

316 3436 393 3503 τῷ
422 3431 609 3507 τρόπῳ
640 3432 848 3491 πάντως
902 3428 1144 3503 ἁλῶμεν,
1178 3430 1212 3499 ἣ
1254 3430 1735 3505 κακουργηθὲντες,
1767 3430 1800 3498 ἣ
1841 3429 1957 3504 βια-
1983 3489 1989 3493 _

318 3520 549 3583 σθέντες.
582 3518 784 3576 Τοῦτον
834 3518 917 3579 τίς
970 3518 1182 3591 μᾶλλον
1211 3519 1244 3587 ἣ
1274 3521 1693 3595 περιφρονήσας,
1722 3520 1755 3583 ἢ
1799 3538 1959 3573 κατα-

320 3607 484 3669 λύσας
533 3608 827 3681 εὑρίσκεται
862 3627 875 3675 ;
908 3610 1012 3676 Τῆς
1063 3610 1174 3681 (52)
1237 3608 1329 3680 μὶν
1381 3629 1472 3681 om
1521 3611 1961 3685 περιφρονήσεως

323 3699 457 3771 πρὸς
488 3695 724 3758 πολλοῖς
782 3695 975 3758 ἄλλοις
1025 3697 1194 3751 ἐκεῖνο
1252 3702 1505 3769 σημεῖον,
1536 3695 1587 3751 0'l
1632 3719 1691 3751 τε
1726 3697 1961 3767 τοξόται,

321 3787 410 3840 καὶ
437 3788 464 3839 ὁ
490 3786 695 3839 τούτων
730 3786 1052 3859 στρατηγὸς,
1086 3786 1178 3846 οὓς
1226 3784 1424 3858 ἐπῆγεν
1475 3785 1678 3847 ἐκεῖνος
1725 3793 1842 3848 τοῖς
1887 3787 1964 3840 ἱε-

326 3880 439 3948 ροῖς
473 3871 642 3933 οἷ’κοις
692 3875 874 3943 ἡμῶν,
926 3872 1000 3932 ὡς
1032 3874 1064 3939 ἢ
1104 3872 1586 3945 παραληψόμενος,
1618 3874 1651 3940 ἢ
1680 3893 1967 3947 καταστρε-

325 3962 562 4035 ψόμενος
595 3965 729 4034 (53).
765 3958 983 4028 Ἐπειδή
1009 3961 1111 4035 γὰρ
1133 3959 1369 4022 πολλοῖς
1392 3956 1718 4034 προσϐαλὼν
1753 3960 1968 4030 ἄλλοις,

326 4052 594 4113 κάνταῦθα
622 4052 747 4118 ἧκεν
795 4048 928 4119 μετὰ
969 4052 1065 4103 τοῦ
1118 4046 1236 4101 ἴσου
1269 4051 1637 4125 φρονήματος,
1686 4048 1775 4102 καί
1799 4050 1861 4103 τὸ
1894 4050 1967 4103 ἱε-

332 4140 419 4211 ρὸν
463 4138 638 4207 ἐζήτει
694 4137 827 4209 μετὰ
873 4141 979 4190 τῶν
1029 4136 1480 4212 προσ-ταγμάτων,
1529 4141 1785 4191 τοσοῦτον
1832 4138 1971 4191 ἀπο-

332 4226 553 4300 σχέσθαι
584 4229 693 4298 (54)
725 4225 819 4278 τοῦ
870 4246 920 4278 τι
969 4226 1399 4298 καταπράξασθαι
1432 4227 1503 4279 ὧν
1554 4222 1832 4297 ἐϐούλετο,
1868 4226 1971 4280 ὥσ-

331 4336 409 4383 τε,
443 4315 487 4368 εἶ
523 4316 597 4386 μὴ
631 4320 819 4376 θᾶττον
856 4310 1118 4383 ὑπεκλίθη
1154 4318 1233 4383 τῷ
1261 4312 1377 4385 ἐμῷ
1568 4314 1753 4391 πατρὶ,
1786 4316 1819 4383 ἢ
1849 4316 1974 4388 παρ’

335 4404 525 4457 ἑαυτοῦ
570 4402 766 4468 συνεὶς,
818 4398 854 4469 ἥ
903 4423 1049 4462 τινος
1100 4397 1601 4476 συμϐουλεύσαντος
1813 4404 1975 4458 ἀκοῦ-

336 4511 451 4555 σας,
491 4490 586 4543 κᾶν
630 4489 755 4551 τοὺς
808 4487 978 4551 πόδας
1028 4490 1227 4560 ξανθεὶς
1279 4474 1577 4566 ἀπηλλάγη
1629 4474 1762 4565 (57),
1798 4494 1978 4561 ζὲσαν-

334 4600 424 4640 τος
456 4578 537 4633 ἐπ’
566 4577 724 4631 αὐτὸν
759 4579 915 4651 θυμῷ
960 4579 1049 4633 καὶ
1097 4578 1252 4651 ζήλῳ
1304 4580 1424 4653 περὶ
1454 4585 1555 4634 τοῦ
1602 4585 1730 4635 ναοῦ
1772 4586 1868 4636 τοῦ
1899 4583 1979 4637 ἱε-

339 4666 491 4742 ρέως.
527 4669 639 4735 Τὴν
671 4664 960 4721 κατάλυσιν
1014 4665 1070 4722 δὲ
1122 4672 1239 4729 πῶς
1290 4666 1348 4722 ἄν
1392 4689 1475 4731 τις
1534 4668 1746 4742 μᾶλλον
1787 4671 1975 4749 φανείη

337 4755 911 4833 πραγματευσάμενος,
963 4757 997 4825 ἦ
1047 4754 1288 4829 δημοσίᾳ
1333 4758 1427 4830 μὲν
1481 4758 1668 4835 εὐχαῖς
1714 4760 1804 4814 καὶ
1853 4759 1979 4833 δεή-

412 4901 523 4975 (47)
556 4902 711 4975 ῌαῖς.
744 4898 834 4953 Sic
878 4898 1084 4975 plures
1111 4900 1252 4974 Reg.
1300 4905 1357 4957 et
1402 4900 1588 4973 Colb.,
1622 4903 1737 4959 duo
1786 4904 1990 4975 Coisl.,

343 4976 432 5026 Or.
474 4973 523 5037 1,
553 4972 697 5039 Jes.,
731 4975 838 5025 etc.
878 4973 1041 5027 Deest
1071 4971 1130 5026 in
1161 4971 1252 5026 ed.

350 5115 360 5125 ι
418 5042 531 5167 ([ιὲ)
561 5042 666 5101 Ὡς.
709 5042 804 5097 Sic
836 5042 1012 5115 Regg.
1056 5060 1107 5110 a,
1144 5044 1266 5108 bm,
1297 5042 1465 5098 Coisl.
1497 5044 1551 5113 2,
1584 5049 1641 5100 et
1669 5045 1789 5103 Jes.
1824 5046 1995 5103 Deest

350 5132 406 5167 1n
446 5130 475 5167 e
526 5155 537 5167 .

346 5132 406 5168 1D
446 5130 537 5167 θα.

420 5182 900 5259 (49)-Ἀνεθὲμεθα.
945 5185 1123 5258 Regg.
1179 5203 1233 5259 a,
1288 5185 1409 5253 bm,
1460 5185 1634 5243 Coisl.
1684 5188 1737 5255 3,
1790 5187 1885 5244 Or.
1939 5188 1992 5259 1,

347 5248 493 5322 Jeé.,
515 5248 920 5325 ’ἀνεϐαλόμεθω

422 5328 531 5397 (50)
564 5325 910 5399 Νομ-ίζοντες.
948 5332 1010 5381 In
1054 5326 1371 5399 nonnullis,
1404 5326 1742 5399 νομίσαντες.

419 5395 530 5468 (51)
564 5396 851 5451 Ἐνὲλειπε.
892 5399 1029 5470 Reg.
1065 5416 1116 5465 a,
1156 5395 1389 5453 ἐνὲλιπε.

356 5540 366 5551 ⁸
419 5471 531 5551 (52)
560 5474 690 5537 Τῆς.
726 5471 818 5526 Sic
860 5471 1039 5543 Regg.
1069 5488 1121 5541 a,
1155 5471 1275 5536 bm,
1308 5476 1366 5525 et
1412 5469 1446 5522 2
1492 5469 1665 5526 Coisl.
1700 5471 1876 5527 Prave
1906 5469 1996 5533 Τίς

353 5541 534 5687 mlgg).
576 5615 660 5687 ᾩς
718 5612 753 5679 ἢ
814 5610 1302 5687 παραληψόμενος,
1361 5610 1397 5678 ἢ
1439 5609 1994 5687 ’καταστρεψόμενος

353 5702 384 5733 ‹‹
414 5682 487 5740 Ut
515 5680 623 5739 vel
680 5700 781 5741 eas
838 5680 1149 5757 acciperet,
1210 5682 1305 5755 (ab
1361 5680 1633 5757 episcopo
1675 5680 1997 5757 'ni'm'irum,

2066 3256 2299 3329 pietatis
2321 3271 2506 3326 genus
2530 3252 3026 3325 praetermittebat,
3043 3270 3199 3308 nunc
3216 3252 3713 3321 alliciendo,nunc

2067 3343 2496 3407 comminando,
2524 3358 2681 3398 nunc
2707 3341 2982 3407 fallendo,
3008 3358 3163 3397 nunc
3184 3344 3357 3398 etiam
3383 3360 3497 3398 non
3521 3344 3714 3399 solum

2070 3432 2297 3489 callidis
2324 3432 2569 3499 artibus,
2588 3431 2686 3486 sed
2709 3430 2759 3485 vi
2784 3447 3017 3503 quoque
3038 3430 3306 3486 homines
3330 3432 3400 3487 ad
3424 3449 3486 3488 se
3503 3438 3719 3505 pertra-

2072 3523 2282 3578 hendo.
2308 3522 2422 3578 Nec
2448 3537 2580 3575 vero
2603 3520 2683 3575 ita
2712 3520 2963 3575 obscura
2985 3520 3112 3590 ejus
3133 3519 3378 3576 consilia
3398 3537 3525 3576 esse
3561 3526 3717 3592 pote-

2073 3618 2223 3677 rant,
2257 3612 2398 3681 quin
2432 3615 2736 3682 appareret
2782 3625 2915 3663 eum
2964 3610 3214 3664 versutis
3263 3626 3328 3665 ac
3380 3610 3718 3681 sophisticis

2075 3700 2338 3757 artiﬁciis
2384 3699 2845 3770 persecutionem
2893 3704 3125 3769 tegere;
3176 3715 3278 3752 nec
3331 3714 3564 3752 rursum
3617 3716 3718 3770 po-

2075 3789 2259 3843 tentia
2311 3804 2419 3841 sua
2476 3792 2670 3856 aperte
2729 3789 3019 3849 utebatur,
3062 3802 3177 3856 quo
3234 3802 3441 3857 nempe
3498 3786 3719 3842 utrovis

2078 3877 2251 3931 modo
2310 3891 2549 3945 prorsus
2605 3890 2965 3944 caperemur,
3015 3873 3101 3927 vel
3160 3874 3423 3944 improbe
3475 3875 3720 3946 decepti,

2076 3964 2165 4019 vel
2214 3962 2416 4018 coacti.
2465 3962 2604 4025 Quis
2638 3978 2806 4033 porro
2839 3962 3180 4033 reperietur,
3214 3963 3313 4033 qui
3348 3963 3502 4018 hunc
3534 3964 3721 4036 magis

2082 4057 2181 4107 aut
2212 4050 2641 4121 contempserit,
2675 4056 2775 4104 aut
2805 4051 3214 4121 oppresserit?
3264 4051 3726 4123 Contemptionis

2083 4142 2340 4213 quidem,
2370 4139 2521 4193 inter
2553 4139 2739 4193 multa
2769 4139 2883 4194 alia
2911 4140 3098 4211 signa,
3122 4144 3300 4194 testes
3325 4145 3463 4194 sunt
3483 4142 3728 4212 sagitta-

2083 4229 2153 4283 rii
2186 4228 2290 4295 illi,
2324 4244 2645 4298 eorumque
2678 4229 3002 4299 praefectus,
3036 4244 3185 4300 quos
3215 4228 3273 4282 in
3318 4228 3592 4286 ecclesias
3624 4247 3727 4286 no-

2085 4322 2235 4373 stras
2267 4317 2611 4383 immiserat,
2648 4320 2711 4370 ut
2740 4332 2838 4371 eas
2867 4318 2953 4372 vel
2985 4317 3278 4373 deditione
3308 4318 3614 4389 acciperet,
3640 4318 3729 4374 vel

2088 4406 2267 4461 armis
2298 4406 2615 4476 sublgeret.
2648 4404 2792 4459 Nam
2826 4421 2957 4459 cum
3004 4405 3222 4460 multos
3266 4405 3411 4461 alios
3462 4408 3728 4479 adortus,

2088 4495 2200 4549 huc
2223 4510 2455 4565 quoque
2483 4493 2605 4564 pari
2641 4508 2773 4547 cum
2806 4494 3050 4548 audacia
3073 4494 3327 4549 venisset
3356 4509 3420 4549 ac
3454 4510 3586 4549 cum
3618 4494 3732 4550 im-

2089 4582 2371 4656 peratoris
2398 4583 2569 4652 jussu
2604 4581 2889 4653 templum
2914 4582 3026 4655 sibi
3057 4583 3206 4637 tradi
3228 4587 3581 4654 exposceret,
3604 4588 3735 4639 tan-

2089 4679 2215 4728 tum
2251 4670 2439 4726 abfuit
2468 4674 2533 4723 ut
2562 4669 2858 4742 quidpiam
2883 4686 3106 4737 eorum,
3132 4688 3257 4741 quae
3288 4672 3578 4743 cupiebat,
3605 4684 3743 4744 per-'

2092 4762 2308 4829 ficeret,
2342 4763 2426 4825 ut,
2460 4758 2572 4813 nisi
2608 4758 2760 4831 patri
2792 4775 2944 4823 meo,
2978 4761 3065 4813 vel
3117 4764 3323 4831 suopte
3354 4759 3618 4829 consilio,
3647 4758 3738 4816 vel

2101 4906 2201 4958 aut
2250 4918 2284 4957 a
2335 4899 2557 4956 civibus
2604 4901 2892 4968 traditas),
2940 4900 3026 4968 vel
3076 4900 3230 4967 illas,
3276 4921 3305 4950 »
3354 4901 3426 4956 iis
3473 4901 3742 4956 obniten-

2098 4976 2279 5040 tibus,
2316 4994 2337 5023 ι
2373 4977 2672 5028 everteret.
2704 4994 2732 5023 »
2765 4972 2937 5028 Coisl.
2974 4972 3024 5043 1:
3062 4972 3535 5044 κατασκεψάμενος
3591 4974 3741 5045 [per-

2102 5047 2695 5188 peisaglsmqeaem.
2732 5113 2909 5187 Regg.
2960 5131 3014 5184 a,
3066 5115 3185 5181 bm,
3235 5113 3408 5169 Coisl.
3458 5116 3513 5181 3,
3561 5117 3653 5171 Or.
3690 5115 3743 5186 1,

2100 5183 2239 5252 169.,
2264 5183 2559 5252 dnéaxeéo.

2203 5230 2239 5252 .,
2273 5205 2406 5238 απεσ
2453 5204 2559 5239 ετο.

2196 5258 2287 5327 55)
2318 5204 2578 5327 Τῷχῖμξῤ.
2602 5256 2750 5327 ΒΘΗ.
2785 5256 2905 5326 bm,
2937 5258 3014 5325 τῷ
3044 5259 3149 5327 μῷ.

2196 5260 2267 5312 55
2318 5259 2404 5326 Τῷ
2442 5258 2578 5327 ἆμῷ.
2614 5258 2750 5327 Reg.
2785 5258 2905 5326 bm,
2937 5258 3014 5325 τῷ
3044 5259 3149 5327 μῷ.

2174 5258 2287 5401 (56)
2370 5321 2916 5398 Συμϐουλεύσαντος.
3004 5328 3100 5384 Or.
3189 5330 3252 5399 1,

2101 5419 2451 5544 ἰτο((5“7)-Τοὺς
2474 5464 2644 5530 πόδας
2676 5468 2880 5544 ξανθεὶς
2903 5467 3459 5544 -ἀπηλλάγηίΒὶΙΙίιιε
3487 5470 3548 5544 in
3579 5471 3702 5527 Elia
3733 5487 3747 5527 :

2105 5567 2132 5616 ᾳ
2183 5542 2431 5616 pedibus
2480 5548 2761 5598 contusus
2821 5542 3081 5597 abiisset.
3128 5542 3161 5591 »⁷
3203 5542 3476 5598 Mendose
3523 5542 3584 5599 in
3633 5545 3750 5616 ed.,

2104 5611 2453 5690 ἀπηλλάγης.

3338 5347 3400 5381 συ
3408 5320 3579 5399 μϐουλ
3594 5324 3749 5382 εύον-

3058 5744 3087 5762 ο
