4094 6288
403 409 426 468 1
440 406 554 468 027

1753 392 2125 459 GREGORII
2171 396 2563 460 THEOLOGI

3652 403 3814 468 1028

400 541 712 610 cujusdam
746 532 1070 599 admonitu,
1123 530 1388 607 protinus
1436 535 1731 598 cessisset,
1786 532 2043 587 calcibus

2158 549 2269 581 σεσι
2300 527 2610 601 πανῗγξμοις
2668 528 2889 605 βάλλων
2936 531 3025 584 τὸν
3078 525 3385 606 α).;τηριον,
3418 535 3506 588 καὶ
3559 533 3683 591 ούδὶ
3714 540 3809 591 τὸν

396 629 571 683 etiam
604 644 787 682 caesus
817 628 1186 681 discessurus
1217 624 1428 689 fuerit;
1481 625 1561 679 ita
1614 624 1669 677 in
1722 621 1908 676 ullum
1957 621 2045 675 fu-

396 733 523 773 rore
556 733 618 773 ac
652 715 851 787 templi
884 714 1005 770 zelo
1029 715 1303 770 sacerdos
1332 712 1653 767 aestuabat!
1689 711 1829 774 Quis
1851 714 2043 765 autem

393 805 505 875 ipsi
541 805 783 859 exitium
819 804 1005 875 magis
1038 819 1409 873 comparasse
1440 800 1619 855 videri
1651 807 1846 871 queat,
1871 816 2044 870 quam

395 893 515 960 ille,
550 893 651 964 qui
686 892 917 965 publice
950 892 1187 963 quidem
1237 892 1566 961 conjunctis
1619 889 1795 944 totius
1845 886 2043 959 populi

390 983 541 1038 votis
573 987 629 1037 et
660 981 929 1052 precibus
960 982 1258 1051 impurum
1282 980 1448 1035 illum
1470 988 1525 1035 et
1546 979 1897 1049 sacrilegum
1929 978 2040 1031 im-

395 1075 638 1142 peteret,
671 1086 737 1125 ac
770 1087 841 1125 ne
872 1074 1105 1141 tempus
1140 1086 1373 1140 quoque
1398 1073 1721 1133 metueret;
1769 1067 2042 1137 privatim

392 1166 611 1228 autem,
636 1164 983 1213 nocturnam
1018 1160 1295 1212 adversus
1326 1174 1460 1211 eum
1493 1156 1671 1211 aciem
1706 1160 2043 1225 opponeret,

394 1256 569 1320 atque
601 1254 657 1302 et
685 1248 851 1301 humi
876 1248 1143 1301 cubando
1171 1247 1385 1301 seniles
1408 1246 1538 1300 illas
1559 1252 1616 1299 et
1640 1244 1898 1299 roscidas
1920 1259 2044 1296 car-

390 1355 494 1394 nes
514 1338 843 1399 conficeret,
861 1341 920 1391 et
938 1335 1211 1407 lacrymis
1230 1336 1628 1406 pavimentum
1650 1332 2041 1404 perfunderet,

385 1428 443 1483 in
470 1443 691 1482 annum
716 1426 890 1481 etiam
917 1427 1095 1479 ferme
1119 1424 1435 1495 integrum,
1460 1424 1635 1493 idque
1661 1422 1710 1476 ei
1737 1422 2040 1486 duntaxat,

386 1516 478 1571 cui
512 1532 605 1571 res
636 1513 875 1570 occultae
907 1513 1149 1583 cognita;
1185 1518 1343 1575 sunt,
1378 1516 1683 1582 praestans,
1717 1510 1884 1564 nobis
1932 1526 2037 1564 au-

2156 618 2340 693 καιρὸν
2376 614 2796 690 εύλαϐούμενος·
2835 616 2943 691 ἰδίᾳ
2974 618 3031 673 δὲ
3058 622 3157 689 τήν
3206 626 3518 696 νυκτερινὴν
3564 626 3808 699 παρατα-

2156 708 2233 778 ξιν
2264 709 2379 761 κατ’
2410 708 2573 761 αὐτοῦ
2622 703 3096 782 προϐαλλόμενος,
3143 711 3413 784 χαμευνίᾳ
3585 714 3677 785 μὶν
3710 717 3809 775 τὰς

2156 796 2376 870 γεραιὰς
2424 799 2532 869 (59)
2583 797 2782 858 ὲκείνας
2835 797 2922 851 καὶ
2969 794 3227 873 δροσερὰς
3273 798 3631 875 κατατρύχων
3673 804 3805 871 σάρ-

2153 905 2270 956 κας,
2306 882 2525 954 δάκρυσι
2559 883 2616 939 δὲ
2646 887 2906 959 πηγάζων
2938 888 3000 940 τὸ
3048 884 3267 964 ἔδαφος,
3323 894 3521 962 μικροῦ
3568 894 3681 963 (60)
3714 890 3807 944 καί

2155 974 2233 1035 εἷς
2263 973 2503 1027 ἐνιαυτὸν
2555 972 2706 1028 ὅλον·
2758 975 2848 1028 καὶ
2895 980 3055 1029 τοῦτο
3105 981 3183 1047 τῷ
3231 980 3347 1048 (61)
3390 982 3496 1032 τῶν
3546 986 3802 1052 κρυπτῶν

2154 1063 2370 1135 γνώστῃ
2422 1063 2573 1135 μόνῳ
2623 1062 2957 1141 φιλοσοφῶν,
2991 1068 3138 1137 ἡμᾶς
3172 1063 3230 1119 δὲ
3278 1065 3555 1130 λανθάνειν
3588 1067 3804 1143 ἐπιχει-

2155 1156 2260 1227 ρῶν
2298 1149 2385 1205 διὰ
2412 1152 2475 1206 τὸ
2507 1151 2893 1222 ἀνεπίδεικτον,
2930 1150 3109 1229 ὥσπερ
3144 1150 3296 1231 ἔφην,
3326 1162 3425 1225 τῆς
3462 1153 3751 1219 εὐλαϐείας
3789 1178 3802 1227 ;

2154 1241 2251 1293 Καὶ
2304 1240 2484 1295 λαθὼν
2536 1241 2594 1295 ἂν
2646 1245 2711 1309 ἦν
2762 1245 3135 1311 παντάπασιν,
3184 1244 3228 1298 εἱ
3282 1246 3357 1316 μὴ
3410 1266 3541 1299 ποτε
3589 1246 3806 1318 ἀθρόως

2155 1328 2477 1384 ἐπεισελθὼν
2540 1329 2665 1405 ἐγὼ,
2723 1331 2813 1385 καὶ
2866 1335 2978 1403 (62)
3032 1332 3333 1406 χαμευνίας
3383 1329 3638 1405 σύμϐολα
3682 1338 3805 1390 θεα-

2152 1419 2405 1489 σάμενος,
2446 1419 2534 1472 καὶ
2583 1423 2689 1473 τῶν
2732 1420 2853 1494 περῖ
2904 1420 3061 1475 αὐτὸν
3112 1422 3443 1495 πυθόμενος,
3491 1424 3611 1478 τίνα
3656 1427 3808 1479 ταῦτ’

2152 1507 2242 1576 ἦν,
2275 1503 2439 1582 ἔγνων
2471 1514 2569 1577 τῆς
2600 1510 2791 1571 νυκτὸς
2820 1509 2883 1563 τὸ
2918 1513 3239 1583 μυστήριον.

386 1609 502 1659 tem
536 1604 608 1659 ob
641 1603 913 1674 pietatem
946 1602 1017 1655 ab
1048 1602 1457 1665 ostentatione,
1495 1605 1557 1654 ut
1599 1601 1719 1668 jam
1753 1597 1892 1663 dixi,
1925 1597 2199 1667 alienam,
2234 1597 2421 1653 celare
2449 1600 2735 1655 studens?
2772 1602 2850 1655 Ac
2897 1606 3048 1656 certe
3096 1603 3336 1658 omnino
3387 1603 3652 1673 celasset,
3688 1595 3805 1659 nisi

386 1692 516 1763 ipse
546 1690 861 1762 aliquando
893 1688 1229 1744 cubiculum
1262 1689 1459 1743 subito
1493 1687 1818 1759 ingressus,
1853 1684 2335 1757 chameuniaeque
2376 1686 2544 1756 signa
2582 1688 2979 1759 conspicatus,
3013 1695 3188 1759 atque
3216 1707 3286 1746 ex
3316 1692 3571 1763 quodam
3608 1693 3805 1764 ipsius

384 1780 628 1845 famulo,
662 1780 943 1848 quidnam
976 1778 1083 1833 hoc
1115 1784 1269 1833 esset
1300 1782 1695 1848 percontatus,
1729 1776 1918 1830 noctis
1950 1791 2230 1829 arcanum
2266 1775 2706 1831 intellexissem.

459 1868 703 1923 XXXIII.
736 1867 989 1922 Alteram
1022 1867 1288 1936 ejusdem
1328 1864 1611 1934 temporis
1659 1864 2038 1933 ejusdemque
2068 1865 2114 1929 Β

384 1956 746 2012 fortitudinis
778 1956 1174 2009 narrationem
1200 1954 1463 2024 accipite.
1487 1953 1755 2007 Caesarea)
1779 1952 1930 2007 cives
1964 1952 2035 2006 de

385 2047 641 2118 episc0pi
691 2046 985 2099 creatione
1043 2044 1195 2097 inter
1247 2059 1308 2097 se
1364 2041 1839 2097 contendebant:
1898 2056 2034 2093 nam

386 2136 532 2190 alter
552 2139 895 2199 excesserat,
921 2132 1066 2188 alter
1089 2132 1513 2203 requirebatur,
1538 2130 1803 2199 aerisque
1827 2128 2035 2183 seditio

386 2229 531 2289 erat,
564 2228 781 2293 etquae
813 2239 927 2276 non
961 2222 1128 2277 facile
1172 2220 1476 2289 comprimi
1524 2236 1589 2273 ac
1639 2217 1829 2272 sedari
1882 2218 2036 2272 354

390 2316 608 2384 posset.
632 2311 843 2366 Prester
872 2310 929 2364 id
961 2310 1139 2374 enim,
1172 2310 1323 2379 quod
1357 2314 1565 2363 natura
1595 2324 1723 2372 sua,
1747 2306 1805 2359 in
1839 2305 1947 2359 hac
1978 2322 2037 2359 re

387 2401 732 2473 praesertim,
768 2400 840 2454 oh
875 2399 1007 2453 ﬁdei
1042 2400 1324 2453 fervorem
1376 2398 1443 2451 ad
1500 2396 1845 2451 seditionem
1900 2411 2036 2465 pro-

388 2490 552 2544 clivis
582 2495 671 2544 est
699 2507 767 2544 ea
806 2488 1029 2557 civitas,
1062 2488 1351 2542 cathedrae
1382 2486 1625 2556 insuper
1655 2484 1810 2539 illius
1844 2483 2035 2554 splen-

389 2580 496 2634 dor
524 2586 577 2633 et
607 2578 792 2650 gloria
823 2579 1103 2646 majorem
1138 2575 1529 2630 contentionis
1560 2572 1865 2627 cumulum
1898 2572 2039 2626 alfe-

390 2668 573 2722 rebat.
608 2671 798 2737 Atque
830 2666 939 2719 hoc
972 2669 1125 2719 statu
1160 2682 1251 2719 res
1291 2668 1413 2718 erat
1446 2680 1458 2717 :
1516 2678 1581 2717 ac
1622 2661 1887 2716 nonnulli
1917 2659 2038 2731 epi-

392 2757 554 2827 scopi
587 2757 853 2821 aderant,
886 2761 951 2808 ut
980 2755 1304 2809 antistitem
1352 2754 1577 2808 darent.
1632 2752 1742 2806 Sed
1792 2768 1924 2805 cum
1978 2751 2037 2805 in

394 2842 591 2916 plures
646 2843 970 2899 sententias
1031 2842 1349 2897 multitudo
1409 2841 1849 2907 distraheretur,
1910 2838 2037 2894 alii-

394 2949 509 3003 que
540 2932 720 2987 alium
756 2938 1163 3004 proponerent,
1196 2930 1690 3001 quemadmodum
1731 2929 1787 2982 in
1833 2928 2039 2999 hujus-

396 3022 553 3077 modi
585 3022 759 3076 rebus
792 3021 914 3075 fieri
948 3020 1268 3084 consuevit,
1292 3024 1464 3091 prout
1485 3018 1734 3090 quisque
1756 3018 1841 3071 vel
1865 3018 2038 3071 bene-

395 3110 646 3165 volentia
677 3126 813 3181 erga
844 3109 1123 3181 aliquem,
1146 3108 1229 3163 vel
1271 3109 1478 3179 pietate
1504 3125 1638 3179 erga
1664 3113 1838 3161 Deum
1871 3107 2040 3161 duce-

2218 1862 2339 1918 ΛΓ’,
2372 1864 2594 1937 ’Έτερον
2647 1860 2703 1917 δὲ
2750 1862 2846 1917 τοῦ
2892 1864 3056 1919 αὐτοῦ
3103 1871 3294 1942 καιροῦ
3342 1868 3431 1921 καὶ
3478 1875 3579 1937 τῆς
3630 1868 3805 1938 αὐτῆς

2145 1946 2362 2021 ἀνδρίας
2394 1953 2509 2021 (63)
2559 1948 2829 2025 διήγημα’
2883 1952 3184 2022 ἐστασίαζεν
3218 1958 3251 2024 ἡ
3288 1958 3598 2031 Καισαρέων
3631 1958 3803 2019 πόλις

2144 2038 2266 2112 περὶ
2299 2034 2584 2112 προϐολὴν
2617 2040 2917 2116 ἀρχιερέως
2953 2045 3086 2115 (64),
3117 2048 3213 2096 τοῦ
3249 2044 3344 2115 μὶν
3386 2045 3799 2114 ὑπεξελθόντος,

2142 2130 2238 2179 τοῦ
2289 2124 2345 2179 δὲ
2392 2125 2842 2199 ἐπιζητουμένου,
2894 2130 2981 2182 καὶ
3038 2133 3071 2198 ἡ
3105 2132 3286 2193 στάσις
3340 2136 3540 2207 θερμὴ,
3573 2135 3662 2187 καὶ
3720 2138 3797 2207 μὴ

2147 2212 2330 2289 ῥᾳδίαν
2378 2216 2475 2283 τὴν
2529 2215 2679 2269 λύσιν
2734 2214 2952 2292 ἔχουσα.
3010 2218 3175 2272 Φύσει
3223 2241 3280 2274 τε
3330 2223 3429 2295 γὰρ
3481 2222 3602 2293 περὶ
3631 2228 3801 2277 τοῦτο

2150 2303 2386 2376 μάλιστα
2417 2303 2719 2373 στασιώδης
2750 2309 2782 2374 ἡ
2816 2306 3003 2377 πόλις,
3055 2305 3143 2361 διὰ
3169 2304 3304 2382 ’(65)
3356 2311 3668 2382 θερμότητα
3710 2314 3801 2367 πί-

2146 2413 2335 2462 στεως,
2365 2392 2453 2445 καὶ
2484 2394 2545 2446 τὸ
2589 2397 2687 2462 τῆς
2734 2392 2994 2469 καθέδρας
3049 2394 3315 2469 ἐπίδοξον,
3348 2395 3526 2453 πλείω
3573 2402 3673 2467 τὴν
3707 2423 3804 2476 φι-

2148 2479 2414 2535 λονεικίαν
2466 2482 2770 2556 εἰργάζετο.
2838 2489 3012 2537 Ταῦτα
3068 2488 3172 2556 ἦν,
3232 2488 3320 2539 καὶ
3378 2495 3625 2562 παρῆσαν
3689 2494 3803 2543 τῶν

2149 2569 2457 2624 ἐπισκόπων
2504 2571 2641 2633 τινες
2691 2572 2781 2626 τὸν
2838 2572 3096 2647 ἀρχιερέα
3150 2572 3433 2637 δώσοντες’
3496 2578 3570 2638 ὡς
3625 2574 3684 2631 δὲ
3726 2579 3805 2639 εἷς

2147 2658 2369 2721 πλείους
2416 2664 2511 2712 τοῦ
2562 2658 2743 2733 δήμου
2794 2658 3150 2734 διαιρεθέντος
3188 2708 3201 2734 ,
3251 2663 3339 2718 καὶ
3393 2662 3579 2720 ἄλλων
3630 2666 3807 2721 ἄλλον

2147 2745 2645 2823 προϐαλλομένων,
2678 2748 2808 2823 ὅπερ
2842 2750 2893 2803 ἐν
2926 2757 3040 2812 τοῖς
3068 2751 3343 2814 τοιούτοις
3373 2752 3525 2829 φιλεῖ
3572 2751 3806 2827 συμϐαί-

2146 2858 2277 2909 νειν,
2310 2838 2384 2898 ὡς
2413 2836 2633 2897 ἕκαστος
2666 2834 2852 2912 ἔτυχεν
2887 2840 2920 2907 ἢ
2950 2838 3132 2915 φιλίας
3179 2841 3313 2912 πρός
3364 2863 3512 2903 τινας
3566 2842 3736 2918 ἔχων,
3770 2847 3806 2913 ἦ

2146 2926 2281 3000 πρὸς
2329 2927 2457 2981 Θεὸν
2525 2921 2838 2997 εὐλαϐείας,
2889 2926 3044 2990 τέλος
3105 2933 3487 3007 συμφρονήσας
3538 2933 3566 2986 ὁ
3617 2931 3802 3005 δῆμος

2149 3016 2308 3085 ἅπας,
2339 3020 2445 3069 τῶν
2497 3016 2726 3090 πρώτων
2758 3019 2869 3089 (66)
2920 3018 3044 3092 παρ’
3092 3018 3275 3080 αὐτοῖς
3304 3017 3410 3087 ἕνα,
3440 3020 3544 3093 βίῳ
3579 3022 3674 3092 μὲν
3712 3021 3800 3094 ἐξ·

2149 3103 2483 3179 ειλεγμένον,
2518 3104 2669 3158 οὔπω
2713 3102 2768 3159 δὲ
2814 3110 2892 3177 τῷ
2942 3105 3069 3177 θείῳ
3120 3108 3446 3182 βαπτίσματι
3493 3131 3797 3187 κατεσφρα-

395 3200 567 3254 batur
601 3217 613 3253 :
663 3198 901 3253 tandem
957 3197 1118 3268 plebs
1163 3202 1282 3252 tota
1313 3214 1426 3251 uno
1457 3213 1744 3251 consensu
1779 3194 2040 3266 primarii

2157 3193 2407 3267 γισμένον
2441 3237 2455 3261 ,
2512 3198 2702 3247 τοῦτον
2761 3191 2958 3249 ἄκοντα
3014 3200 3478 3269 συναρπάσαντες,
3538 3200 3627 3252 καὶ
3688 3201 3805 3271 ἅμα

396 3287 619 3342 ordinis
648 3287 839 3341 virum
875 3304 1080 3350 unum,
1116 3287 1231 3339 vita
1261 3286 1495 3355 quidem
1529 3295 1585 3339 et
1629 3284 1889 3338 moribus
1920 3283 2042 3338 exi-

400 3377 609 3439 mium,
642 3375 837 3431 divino
868 3380 1064 3430 tamen
1096 3374 1388 3445 baptismo
1422 3374 1681 3427 nondum
1732 3374 2043 3444 consigna-

397 3470 545 3532 tum,
580 3463 825 3518 invitum
858 3469 914 3519 et
945 3468 1369 3535 repugnantem
1403 3463 1805 3533 corripientes,
1841 3461 2045 3517 simul-

396 3571 509 3624 que
547 3553 905 3608 militaribus
954 3552 1157 3623 copiis,
1208 3568 1333 3622 quze
1386 3556 1511 3606 tum
1561 3552 1617 3605 in
1672 3552 1813 3605 urbe
1860 3554 2047 3618 erant,

396 3660 565 3714 opem
598 3642 1000 3709 allerentibus,
1031 3640 1089 3695 in
1127 3640 1383 3695 sacrario
1416 3638 1794 3705 collocarunt,
1830 3644 1887 3693 et
1925 3640 2045 3709 epi-

397 3728 590 3800 scopis
622 3728 981 3796 obtulerunt,
1006 3728 1077 3781 ab
1109 3727 1296 3797 iisque
1330 3732 1522 3798 petere
1552 3727 1955 3795 instituerunt,
1985 3731 2050 3781 ut

396 3835 528 3873 eum
588 3817 909 3884 initiarent,
961 3823 1016 3871 et
1074 3816 1398 3871 antistitem
1450 3815 1899 3886 proclamarent,
1930 3815 2045 3869 vim

398 3906 631 3963 interim
664 3906 922 3961 suasioni
956 3906 1349 3961 admiscentes
1385 3922 1398 3960 :
1441 3922 1553 3959 non
1588 3904 1643 3959 id
1678 3906 1913 3974 quidem
1947 3906 2049 3958 ad-

396 3997 637 4052 modum
664 3997 921 4051 modeste
945 4000 1119 4065 atque
1141 3995 1481 4065 composite,
1506 3995 1821 4047 admodum
1853 3999 2047 4047 tamen

396 4086 489 4156 pie
522 4089 694 4154 atque
725 4086 1013 4139 ardenter.
1049 4084 1246 4154 Neque
1278 4082 1370 4136 hic
1403 4082 1740 4149 dicendum,
1772 4082 2048 4151 quisnam

396 4190 484 4241 eo,
519 4171 606 4226 vel
640 4171 866 4242 clarior,
901 4171 986 4227 vel
1034 4173 1245 4243 pietate
1298 4170 1667 4241 prmetantior
1714 4171 2001 4225 exstiterit
2034 4186 2045 4223 :

396 4261 455 4315 id
487 4265 720 4332 tempus
755 4262 1029 4316 ostendit.
1065 4260 1211 4325 Quid
1242 4259 1395 4314 enim
1441 4260 1525 4324 ﬁt,
1576 4266 1630 4313 et
1680 4277 1794 4329 quo
1842 4258 2050 4314 seditio

398 4366 706 4421 progressa
729 4349 860 4404 est?
888 4348 1083 4403 Coacti
1114 4347 1197 4402 illi
1220 4364 1354 4402 eum
1390 4346 1794 4417 purificarunt,
1820 4346 2050 4401 antisti-

396 4444 515 4493 tem
573 4438 1012 4506 renuntiarunt,
1048 4437 1106 4490 in
1166 4436 1378 4490 throno
1436 4435 1818 4501 collocarunt,
1871 4454 2050 4491 manu

396 4532 594 4581 tamen
646 4527 860 4598 potius,
904 4543 1080 4596 quam
1134 4524 1429 4580 voluntate
1478 4525 1775 4596 animique
1819 4526 2046 4595 affectu,

398 4615 554 4671 velut
586 4620 787 4687 postea
826 4614 1182 4669 declaratum
1224 4618 1329 4669 est.
1382 4618 1453 4668 Ut
1500 4616 1655 4669 enim
1705 4613 2042 4670 lubentibus

397 4703 614 4759 animis
644 4702 1065 4769 discesserunt,
1096 4719 1161 4757 ac
1192 4703 1540 4757 sententiam
1574 4720 1741 4757 suam
1787 4703 1845 4757 in
1890 4704 2042 4757 arbi-

400 4792 512 4848 trio
543 4809 651 4846 suo
682 4797 737 4846 et
768 4796 1051 4863 potestate
1084 4791 1435 4859 habuerunt,
1460 4792 1769 4846 consilium
1802 4792 1955 4847 inter
1984 4810 2046 4849 se

390 4885 624 4949 ineunt,
657 4879 813 4935 haud
843 4880 963 4935 scio
1003 4898 1073 4934 an
1111 4878 1365 4951 Spiritus
1397 4879 1677 4950 impulsu,
1712 4881 1810 4935 sed
1846 4881 2050 4937 ineunt

392 4973 615 5035 tamen,
648 4986 857 5041 nempe
892 4973 955 5023 ut
995 4968 1148 5023 nihil
1181 4984 1411 5036 eorum,
1443 4985 1570 5039 quas
1602 4974 1767 5039 gesta
1797 4970 2048 5040 fuerant,

464 5150 576 5220 (58)
614 5148 903 5222 Χαμευνίᾳ.
961 5151 1052 5204 Sic
1109 5148 1284 5205 Coisl.
1336 5150 1391 5215 1,
1444 5150 1587 5215 Jes.,
1637 5155 1745 5205 etc.
1800 5150 1863 5204 In
1922 5151 2037 5219 ed.,

390 5238 602 5295 χαμευν
614 5220 719 5295 ίαν,

466 5289 578 5379 (69)
648 5292 757 5353 Τὰς
814 5289 1047 5366 γεραιάς.
1125 5293 1220 5348 Or.
1290 5293 1314 5346 1
1402 5296 1457 5347 et
1542 5291 1672 5359 alii,
1750 5291 1843 5352 τὰς
1930 5312 2039 5366 γη-

430 5382 571 5424 αιας.

430 5382 519 5415 αια
559 5406 571 5418 ι

396 5380 423 5434 Ρ
463 5384 575 5531 ei»
604 5436 837 5531 ιίεκρέε-
861 5436 1105 5531 ses-.9,
1146 5427 1360 5531 μυξρέν·

484 5503 573 5577 6t)
604 5503 832 5579 regem
861 5503 998 5579 Reg".
1031 5503 1154 5571 bm,
1184 5503 1383 5579 et'Jes.
1422 5503 1677 5579 Deestin
1711 5506 1800 5559 ed.

463 5547 573 5649 (ἑὲ)
607 5547 1644 5650 ἱ(ζὶΪὺἒὲἑῖἾῇἲῖὲέςῗὶξιῖῗὲῖὀῐῖίιξ.

461 5646 571 5720 (63)
634 5648 904 5720 Ἀνδρίας.
965 5651 1057 5705 Sic
1139 5646 1401 5720 plerique
1486 5646 1902 5720 podd._Coisl.
1980 5649 2033 5702 3.

461 5669 571 5719 (οδ)
638 5669 904 5779 ’Λνοξιαᾳ
965 5669 1057 5705 Sic
1139 5669 1401 5720 plerique
1490 5669 1658 5701 conn.
1728 5669 1902 5703 uousi.
1980 5669 2033 5702 ο.

393 5721 449 5775 et
479 5718 573 5776 ΟΡ.
609 5722 659 5797 1,
694 5723 751 5778 ἂν
793 5722 957 5800 ρείας.
1000 5722 1178 5779 Prave
1223 5720 1281 5776 in
1330 5718 1445 5788 ed.,
1476 5713 1782 5797 ἀνανδρίας,
1808 5742 1835 5769 ‹‹
1870 5719 2036 5793 igna-

2156 3285 2547 3357 στρατιωτικῆς
2573 3284 2759 3356 χειρὸς
2808 3279 3231 3356 συλλαϐομένης
3277 3286 3461 3348 αὐτοῖς
3507 3293 3808 3357 τηνικαῦτα

2155 3367 2533 3441 ἐπιδημούσης
2583 3370 2670 3425 ἐπὶ
2722 3373 2783 3425 τὸ
2841 3374 2993 3446 βῆμα
3042 3371 3247 3446 ἔθεσαν,
3298 3376 3386 3429 καὶ
3434 3383 3551 3437 τοῖς
3584 3375 3808 3431 ἐπίσκό-

2155 3481 2279 3521 ποις
2304 3462 2673 3535 προσήγαγον,
2705 3458 3035 3530 τελεσθῆναί
3063 3484 3121 3516 τε
3149 3463 3331 3536 ἠξίουν
3381 3465 3470 3519 καὶ
3518 3474 3818 3541 κηρυχθῆ-

2156 3570 2260 3617 ναι,
2307 3551 2487 3602 πειθοῐ
2541 3549 2657 3623 βίαν
2710 3550 3072 3621 ἀναμίξαντες·
3110 3552 3171 3606 οὐ
3224 3552 3342 3607 λίαν
3378 3555 3471 3625 μὶν
3515 3554 3815 3627 εὐτάκτως,

2157 3636 2278 3692 λίαν
2331 3636 2389 3692 δὲ
2429 3642 2633 3699 πιστῶς
2684 3637 2773 3692 καὶ
2822 3636 3121 3713 διαπύρως.
3178 3641 3452 3697 Κάνταῦθα
3511 3644 3610 3698 οὐκ
3666 3642 3817 3699 ἔστιν

2158 3727 2347 3797 εἰπεῖν,
2399 3727 2577 3781 ὅντινα
2627 3726 3059 3803 εὐδοκιμώτερον
3095 3728 3301 3784 ἐκείνου
3346 3732 3435 3785 καί
3466 3728 3823 3788 Θεοσεϐέστε-

2159 3837 2247 3891 ρον
2285 3813 2532 3885 διέδειξεν
2563 3818 2589 3870 ὁ
2626 3817 2838 3891 καιρός.
2871 3817 2931 3870 Τί
2980 3821 3081 3893 γὰρ
3132 3819 3360 3892 γίνεται,
3391 3821 3480 3875 καὶ
3528 3829 3627 3876 ποῖ
3673 3843 3815 3898 προ-

2156 3905 2320 3973 ἦλθεν
2349 3908 2383 3974 ἡ
2427 3904 2607 3967 στάσις
2642 3926 2654 3975 ;
2687 3901 3065 3976 Ἐϐιάσθησαν,
3114 3908 3344 3983 ἥγνισαν
3371 3955 3385 3979 ,
3433 3911 3761 3985 ἆνεκήρυξαν
3798 3960 3815 3982 ,

2158 3994 2245 4047 ἐπὶ
2302 3994 2391 4047 τὸν
2440 3994 2627 4064 θρόνον
2674 3992 2883 4066 ἔθεσαν,
2933 3998 3079 4071 χειρὶ
3136 3996 3349 4067 μᾶλλον
3397 3999 3431 4067 ἧ
3482 4001 3680 4075 γνώμῃ
3717 4001 3815 4056 καὶ

2162 4080 2389 4136 διαθέσει
2438 4082 2766 4155 πνεύματος·
2822 4082 3079 4154 ἐδηλώθη
3142 4084 3198 4139 δὲ
3253 4093 3369 4149 τοῖς
3432 4090 3566 4160 μετά
3619 4094 3816 4147 ταῦτα.

2159 4172 2244 4231 Ὡς
2274 4170 2376 4244 γὰρ
2409 4168 2805 4247 ἀπηλλάγησαν
2859 4171 3106 4244 ἄσμενοι,
3140 4175 3229 4228 καὶ
3279 4176 3512 4248 γνώμης
3558 4176 3815 4251 ἐγένοντο

2159 4261 2361 4334 κύριοι,
2416 4259 2622 4334 βουλὴν
2680 4258 3033 4334 βουλεύονται
3084 4261 3173 4316 σὺν
3222 4262 3522 4333 ἀλλήλοις,
3556 4266 3656 4319 οὐκ
3689 4265 3817 4321 οἴδα

2164 4348 2257 4419 μὲν
2291 4346 2335 4401 εί
2371 4350 2735 4419 πνευματικὴν
2768 4352 2900 4418 (67),
2956 4348 3303 4423 βουλεύονται
3337 4349 3383 4405 δ’
3413 4351 3589 4424 ὅμως,
3642 4352 3818 4426 μηδὶν

2159 4436 2343 4511 κύριον
2403 4438 2649 4512 ἡγεῖσθαι
2692 4442 2796 4491 τῶν
2856 4437 3273 4513 πεπραγμένων,
3334 4438 3474 4512 μηδὲ
3520 4443 3620 4510 τήν
3656 4445 3821 4497 κατά-

2160 4546 2340 4578 στασιν
2401 4521 2681 4599 ἔγκριτονο
2744 4527 2841 4594 τήν
2899 4547 2957 4580 τε
3018 4527 3135 4601 βίαν
3196 4526 3583 4590 ἐπικαλοῦντες
3641 4530 3810 4602 αὐτῷ,

2161 4610 2327 4685 μηδὲν
2384 4616 2544 4681 ἧττον
2597 4614 2886 4688 βιασθέντι,
2932 4635 3021 4667 και
3082 4614 3342 4690 ῥημάτων
3400 4612 3811 4691 λαμϐανόμενοί

2151 4723 2334 4768 τινων,
2369 4701 2442 4762 ὡς
2492 4702 2795 4776 εἰρημένων
2847 4708 3143 4772 τηνικαῦτα
3189 4707 3613 4782 προπετέστερον
3646 4708 3681 4777 ἢ
3718 4730 3808 4763 σο-

2157 4791 2419 4867 φώτερον,
2455 4790 2531 4846 Οὐ
2570 4792 2675 4862 μὴν
2711 4792 2738 4844 ὁ
2773 4791 2935 4866 μέγας
2976 4791 3287 4867 ἀρχιερεὺς,
3321 4794 3405 4849 καὶ
3458 4792 3668 4858 δίκαιος
3697 4802 3803 4851 τῶν

2158 4880 2494 4953 πραγμάτων
2546 4879 2849 4950 ἐξεταστὴς,
2883 4882 2916 4947 ἢ
2956 4884 3279 4956 σζναπήχθη
3312 4889 3429 4945 τοῖς
3476 4889 3643 4939 ταῦτα
3678 4887 3806 4960 βου-

2163 4966 2503 5040 λευομένοις,
2632 4969 2729 5035 τὴν
2781 4968 3010 5041 γνώμην
3061 4968 3314 5043 ἐπῄνεσεν
3352 4990 3364 5002 ⁸
3419 4972 3543 5027 ἀλλ’
3596 4971 3804 5046 ἔμεινεν

2151 5166 2718 5304 νῖῗϐᾆῖἌρχτερέωις.
2754 5246 2774 5273 ι
2826 5223 3055 5304 Summi
3116 5225 3462 5304 sacerdotis,
3508 5248 3536 5275 »
3587 5227 3646 5282 id
3699 5234 3811 5301 est,

2153 5313 2179 5368 ς
2211 5293 2487 5368 episcopi.
2512 5315 2538 5341 ››
2573 5293 2701 5349 Bill.
2729 5316 2757 5343 «
2793 5294 3235 5367 archiepiscopi,
3268 5318 3294 5345 ι)
3326 5293 3453 5368 qua:
3501 5315 3607 5353 vox
3658 5293 3807 5356 non:

2149 5366 2288 5418 dum
2320 5371 2442 5417 erat
2473 5364 2529 5417 in
2560 5381 2692 5419 usu.

2219 5436 2327 5511 (δῇ)
2362 5432 2475 5511 αιαὶ.
2518 5436 2612 5489 Sic
2662 5437 2837 5509 Regg.
2872 5454 2927 5507 a,
2959 5438 3082 5503 bm,
3114 5437 3230 5491 duo
3277 5438 3479 5511 Coisl.,
3508 5440 3656 5509 Jes.,
3687 5448 3803 5500 etc.

2146 5510 2210 5560 In
2245 5507 2334 5559 ed.
2368 5506 2551 5560 deest.

2217 5577 2329 5650 (66)
2373 5580 2487 5650 Τῷν
2534 5575 2787 5650 πρώτων.
2840 5578 2934 5634 Sic
2982 5578 3155 5635 Coisl.
3214 5580 3263 5650 1,
3314 5581 3411 5637 0r.
3466 5582 3516 5649 1,
3570 5583 3692 5641 Jes.
3744 5592 3807 5642 et

2217 5596 2329 5646 (00)
2383 5596 2487 5628 ιων
2534 5597 2572 5629 π
2612 5597 2787 5634 ωτων.
2840 5596 2934 5634 διο
2982 5596 3030 5634 U

2146 5646 2417 5724 C0m_l_)ef:._
2436 5649 2496 5703 In
2530 5596 2645 5714 Θίςη
2674 5648 3030 5724 τὸνῗπρῷτον.

2218 5720 2325 5790 (67)
2356 5717 2419 5773 Εἰ
2451 5717 2849 5792 πνευματικήν.’
2873 5722 3078 5778 Billius
3112 5738 3125 5777 :
3154 5744 3182 5773 «
3213 5738 3286 5780 an
3318 5723 3646 5798 spirituale.
3670 5747 3703 5781 ιθ
