4094 6288
291 376 448 438 1029

1186 374 1477 439 ORATIO
1520 369 1741 434 XVIII.
1781 398 1852 416 --
1883 368 2276 432 FUNEBRIS
2324 368 2403 428 IN
2445 366 2801 433 PATREM.

3541 382 3699 444 1030

279 505 510 576 ἀκλινὴς
541 508 628 561 καὶ
661 507 953 578 ἀηττητος,
988 504 1138 562 οὐδὲν
1170 527 1230 582 γε
1259 508 1417 573 ἧττον
1452 504 1485 570 ἢ
1524 498 1663 573 μηδὲ
1696 498 1930 574 βιασθεὶς

2048 506 2236 554 ratum
2270 517 2335 554 ac
2370 501 2602 555 firmum
2639 519 2765 557 esse
2797 503 3097 573 ducerent,
3133 523 3233 560 nec
3266 508 3695 570 institutionem

282 596 451 658 ὅλως.
485 602 688 672 Χρῆναι
719 597 843 672 γὰρ,
872 604 1059 666 κοινῆς
1093 598 1204 668 (68)
1235 594 1400 663 οῧσης
1430 597 1531 660 τῆς
1576 589 1720 665 βίας,
1752 588 1787 656 ἢ
1843 609 1933 642 κα-

278 688 645 760 τηγοροῦντας
723 685 1275 761 ἀντικατηγορεῖσθαι,
1349 680 1383 748 ἢ
1462 677 1709 754 ἀφιέντας
1789 675 1935 753 ἀφίε-

278 784 420 843 σθαι,
480 774 514 841 ἢ
576 772 636 827 τό
683 794 744 847 γε
793 770 1153 849 δικαιότερον,
1201 772 1329 843 μήτ’
1361 772 1472 841 (69)
1503 765 1752 843 ἀφιέντας
1788 764 1935 842 ἀφίε-

276 863 416 917 σθαι.
474 860 534 915 Ei
597 861 692 933 μὲν
752 861 855 936 γὰρ
904 861 1100 922 αὐτοὺς
1158 865 1294 914 εἷναι
1352 856 1677 933 συγγνώμης
1727 853 1929 924 ἀξίους,

277 951 520 1005 κάκεῖνον
572 951 808 1012 πάντως·
866 950 909 1004 εἷ
956 948 1011 1005 δὲ
1048 947 1319 1022 μηδαμῶς
1352 946 1579 1013 ίκεῖνον,
1614 947 1795 1019 σχολῇ
1828 943 1931 1017 γὰρ

280 1038 337 1092 ἂν
374 1038 589 1100 αὐτοὺς.
652 1037 854 1110 Πολλῷ
883 1040 984 1114 γάρ
1022 1037 1235 1113 βέλτιον
1269 1037 1424 1105 εἶναι,
1456 1030 1579 1088 τότε
1608 1029 1930 1087 κινδυνεύειν

275 1128 365 1182 καὶ
397 1127 699 1181 ἀντιτείνειν
738 1128 902 1202 μέχρι
929 1129 1143 1199 παντὸς,
1175 1129 1210 1196 ἢ
1263 1126 1483 1201 ὓστερον
1535 1117 1929 1191 ἐπιϐουλεύειν,

276 1218 371 1271 κάν
405 1216 582 1288 τούτῳ
612 1221 689 1287 τῷ
718 1221 891 1292 καιρῷ
924 1218 1035 1289 (70)
1071 1213 1496 1289 μάλιστα,ἡνίκα
1525 1211 1612 1266 καὶ
1644 1210 1739 1270 τὰς
1770 1208 1932 1269 οὓσας

273 1304 475 1381 ἓχθρας
503 1302 786 1359 καταλύειν
820 1303 1040 1377 ἄμεινον
1073 1307 1161 1373 ῆν,
1192 1305 1226 1373 ἣ
1253 1305 1346 1365 τάς
1395 1301 1494 1356 οὐκ
1525 1297 1683 1361 οὔσας
1716 1317 1931 1372 περινο-

277 1399 371 1449 εῖν·
408 1394 524 1468 εἶχε
553 1396 655 1469 γὰρ
688 1394 884 1456 οὕτως.

2040 587 2365 660 legitimam
2403 614 2416 645 :
2448 589 2564 644 vim
2613 591 2663 644 ei
2708 593 3069 665 objicientes,
3104 596 3201 665 qui
3259 614 3373 653 non
3407 600 3692 659 minorem

2040 676 2165 747 ipse
2198 678 2308 732 vim
2343 695 2554 750 passus
2592 681 2799 749 fuerat,
2824 698 2889 735 ac
2915 699 3213 739 sermones
3245 689 3527 757 quosdam
3553 692 3693 746 arri-

2041 769 2282 837 pientes,
2320 773 2382 822 ut
2429 768 2760 839 petulanter
2818 772 3005 843 magis
3052 790 3229 843 quam
3283 779 3577 849 sapienter
3624 798 3690 837 eo

2041 857 2304 925 tempore
2334 855 2612 925 prolatos.
2646 861 2718 912 At
2748 859 3014 931 antistes,
3043 866 3100 916 et
3122 880 3324 935 aequus
3357 883 3549 923 rerum
3584 888 3691 926 aes-

2040 944 2301 1008 timator,
2337 960 2441 998 nec
2472 961 2607 1000 cum
2640 946 2732 1015 iis,
2764 949 2862 1018 qui
2898 948 3235 1020 hujusmodi
3262 956 3573 1013 consilium
3606 960 3695 1015 in-

2042 1031 2228 1097 ibant,
2246 1032 2536 1089 abductus
2558 1039 2666 1100 est,
2695 1052 2796 1090 nec
2828 1053 3029 1093 eorum
3054 1043 3403 1099 sententiam
3428 1062 3695 1119 compro-

2042 1120 2216 1187 bavit,
2253 1138 2453 1175 verum
2499 1128 2776 1179 constans
2827 1132 2996 1197 atque
3048 1128 3296 1187 invictus
3350 1140 3694 1210 permansit,

2043 1227 2154 1264 non
2193 1210 2391 1264 minus
2422 1226 2600 1280 quam
2633 1212 2681 1267 si
2715 1214 2876 1268 nulla
2906 1218 3145 1273 omnino
3170 1221 3255 1275 vis
3284 1221 3394 1293 ipsi
3428 1225 3694 1285 adhibita

2042 1297 2271 1352 fuisset.
2310 1298 2452 1353 Nam
2495 1316 2625 1355 cum
2659 1302 2745 1356 vis
2796 1306 3127 1361 communis
3173 1316 3347 1380 esset,
3381 1320 3691 1389 oporteret,

2042 1393 2108 1441 ut
2138 1393 2241 1441 aut
2288 1394 2634 1445 accusantes
2664 1392 2924 1446 vicissim
2974 1403 3409 1469 accusarentur,
3446 1407 3546 1458 aut
3583 1406 3684 1462 ab-

278 1485 568 1541 solventes
601 1483 1074 1553 absolverentur;
1123 1488 1242 1553 aut,
1277 1483 1433 1554 quod
1477 1479 1700 1552 justius
1748 1478 1891 1566 erat,
1924 1490 1996 1566 ne
2044 1474 2412 1566 absolventes
2444 1478 2681 1548 quidem
2731 1480 3188 1541 absolverentur.
3223 1486 3280 1542 Si
3332 1490 3488 1546 enim
3545 1494 3688 1566 ipsis

274 1574 443 1631 venia
474 1574 803 1639 deberetur,
837 1575 1041 1646 utique
1072 1577 1127 1629 et
1157 1572 1218 1628 ili
1256 1589 1268 1628 :
1304 1573 1395 1627 sin
1429 1569 1514 1625 illi
1548 1567 1708 1624 nullo
1740 1565 1912 1657 modo
1941 1563 2380 1657 ignoscendum
2423 1570 2596 1636 esset,
2633 1567 2816 1657 multo
2848 1574 3001 1626 certe
3049 1572 3245 1629 minus
3300 1577 3463 1649 ipsis.
3499 1563 3692 1657 Longe

276 1662 432 1717 enim
465 1662 651 1717 satius
714 1660 939 1732 fuisset,
975 1669 1038 1717 ut
1069 1662 1178 1734 ipsi
1228 1665 1353 1716 tum
1404 1658 1687 1730 temporis
1737 1652 2062 1727 periculum
2096 1653 2343 1719 adirent,
2377 1657 2548 1725 atque
2581 1656 2651 1709 ad
2683 1661 3007 1713 extremum
3071 1678 3256 1733 usque
3314 1652 3687 1744 obsisterent,

276 1771 453 1825 quam
487 1759 550 1808 ut
581 1758 781 1826 postea
826 1754 1075 1809 insidias
1124 1754 1551 1823 compararent,
1585 1762 1769 1819 eoque
1810 1744 2318 1833 3557praasertim
2351 1750 2630 1818 tempore,
2664 1764 2779 1819 quo
2812 1754 2949 1805 ortae
2971 1751 3098 1822 jam
3133 1752 3448 1813 inimicitiae
3496 1762 3694 1833 potius

275 1848 473 1900 essent
502 1844 878 1914 deponendae,
914 1859 1093 1915 quam
1129 1860 1288 1898 nova}
1317 1839 1730 1913 excogitandis.
1766 1836 1856 1890 Sic
1887 1832 2043 1889 enim
2078 1849 2169 1888 res
2202 1850 2263 1889 se
2293 1833 2562 1890 habebat.

348 1932 465 1987 AA'.
519 1937 701 2004 Παρῆν
764 1931 855 2003 μὲν
918 1932 945 1983 ὁ
999 1928 1251 2005 βασιλεὺς
1301 1929 1518 2004 βρέμων
1555 1928 1919 2001 Χριστιανοῖς,

2101 1922 2343 1978 XXXIV.
2376 1924 2595 1981 Aderat
2638 1926 2958 1998 imperator
3003 1931 3284 1990 adversus
3330 1936 3694 2000 Christianos

279 2016 349 2073 δι’
378 2018 553 2095 ἀργῆς
587 2016 643 2073 δὲ
667 2020 701 2088 ἠ
735 2018 1063 2094 χειροτονία,
1092 2017 1373 2086 ἠπειλεῖτο
1418 2014 1475 2069 δὲ
1522 2016 1550 2069 ὁ
1598 2008 1933 2086 προϐληθείς

283 2108 369 2163 ἐπὶ
430 2106 589 2183 ξυροῦ
643 2110 757 2181 (71)
807 2104 863 2161 δὲ
910 2110 944 2176 ἡ
996 2106 1181 2179 πόλις,
1214 2108 1247 2175 ἣ
1280 2106 1469 2178 μηκέτ’
1502 2105 1637 2159 εἷναι
1670 2102 1803 2175 μετὰ
1832 2101 1930 2168 τὴν

282 2197 488 2272 ἡμέραν
524 2196 753 2267 ἐκείνην,
799 2199 832 2265 ἦ
859 2203 1251 2273 περισωθῆναι,
1289 2196 1378 2249 καί
1427 2215 1574 2255 τινος
1626 2189 1930 2270 φιλανθρω-

282 2284 405 2346 πίας
450 2290 659 2361 τυχεῖν.
712 2284 1100 2360 Προσεγεγόνει
1159 2284 1262 2359 γάρ
1312 2282 1391 2345 οἷς
1440 2282 1755 2357 παρώξυντο
1806 2277 1930 2349 περὶ

281 2381 381 2443 τῆς
423 2373 631 2449 Τύχης,
683 2372 734 2428 ἐν
793 2372 968 2449 καιρῷ
998 2381 1095 2443 τῆς
1123 2372 1375 2448 εὐτυχίας
1407 2369 1810 2446 περιλυθείσης,
1841 2367 1929 2422 καὶ

281 2465 314 2532 ἡ
365 2462 489 2538 περὶ
536 2463 627 2517 τὸν
678 2461 844 2537 ἄνδρα
872 2462 1214 2535 καινοτομία,
1249 2462 1321 2524 ὡς
1350 2466 1457 2516 τῶν
1506 2458 1783 2532 δημοσίων
1844 2478 1928 2511 σε-

281 2550 625 2624 συλημὲνων.
674 2553 885 2622 Ἐζήτει
919 2549 975 2605 δὲ
1007 2553 1033 2605 ὁ
1063 2556 1161 2606 τοῦ
1193 2547 1377 2612 ἔθνους
1412 2548 1595 2625 ἄρχων
1627 2550 1654 2603 ’ὁ
1684 2570 1737 2602 τι
1770 2546 1927 2621 χαρί-

281 2661 430 2695 σαιτο
486 2645 566 2711 τῷ
617 2641 811 2716 καιρῷ,
865 2642 1110 2696 κάκεῖνον
1139 2640 1191 2695 τί
1224 2638 1427 2709 διαθείη
1461 2640 1646 2710 κακὸν,
1680 2634 1803 2691 οὐδὲ
1834 2636 1929 2691 ἄλ-

282 2729 394 2791 λως
425 2730 561 2806 πρὸς
597 2728 753 2784 αὐτὸν
788 2726 930 2806 ἔχων
965 2728 1310 2799 ἐπιτηδείως,
1345 2726 1471 2784 ἀλλ’
1520 2728 1593 2789 ὡς
1626 2727 1677 2796 ἐξ
1703 2727 1927 2780 ἀντιπο-

283 2816 486 2880 λιτείας
522 2815 776 2894 διάφορος
811 2814 904 2875 ὢν.
940 2816 1155 2873 Ἐκάλει
1215 2815 1271 2872 δὶ
1328 2815 1394 2872 δι’
1451 2814 1752 2871 ἐπιστολῶν
1800 2813 1927 2875 τοὺς

281 2909 764 2981 χειροτονήσαντας
823 2907 896 2969 ὡς
953 2910 1454 2983 κατηγορήσοντας,
1487 2905 1586 2960 οὒκ
1616 2902 1692 2959 ἔτι
1752 2904 1927 2978 ἀπρα-

281 2995 528 3069 γμόνως,
562 2993 684 3050 ἀλλ’
722 2993 823 3066 ἤδη
858 3018 909 3050 τι
942 2996 1029 3050 καὶ
1062 2995 1295 3064 ἀπειλῆς
1339 2999 1452 3068 (72)
1505 2993 1927 3069 ωροστιθεῖς,ὡς

277 3088 437 3139 τοῦτο
471 3085 824 3147 ἀπαιτοῦντος
858 3089 967 3159 (73)
998 3090 1094 3140 τοῦ
1133 3084 1422 3161 βασιλέως.
1463 3084 1601 3140 Τότε
1631 3083 1805 3138 τοίνυν
1838 3079 1927 3136 καί

279 3173 414 3246 πρὸς
467 3173 623 3227 αὐτὸν
672 3172 938 3245 ἐλθούσης
987 3173 1302 3246 ἔπιστοΛῆς,
1354 3171 1507 3228 οὗδὶν
1556 3170 1751 3239 δείσας,
1805 3168 1929 3226 οὐδὲ

284 3263 474 3337 μικρὸν
520 3261 761 3337 ἐπισχὼν
810 3266 1121 3336 (σκοπῶμεν
1170 3265 1270 3331 τὴν
1316 3262 1639 3339 παρρησίαν,
1687 3260 1784 3329 ὅση
1837 3260 1925 3314 καὶ
1958 3290 2000 3357 C

284 3352 401 3422 μεθ’
450 3351 577 3406 ὅσου
624 3357 721 3406 τοῦ
770 3352 1099 3424 πνεύματος,
1150 3353 1342 3407 ἐκτῶν
1373 3350 1925 3423 ἀντεπεσταλμένων),

274 3441 489 3513 Ἡμεῖς,
566 3442 752 3515 φησὶν,
830 3443 875 3495 ὧ
952 3443 1199 3517 κράτιστε
1275 3442 1500 3516 ἡγεμὼν
1596 3443 1731 3514 (74),
1806 3438 1932 3493 πάν-

282 3550 387 3582 των
422 3534 527 3583 τῶν
560 3530 945 3605 πραττομένων
997 3528 1196 3607 ἔχομεν
1230 3530 1507 3604 ἐξεταστὴν
1550 3526 1642 3585 ἕνα
1686 3530 1776 3583 καὶ
1830 3529 1931 3604 βα-

283 3615 456 3685 σιλέα,
506 3618 594 3671 τὸν
643 3623 731 3672 νῦν
778 3617 1233 3693 πολεμούμενονο
1298 3619 1500 3681 ἐκεῖνος
1527 3618 1625 3673 ’καὶ
1685 3620 1781 3685 τὴν
1842 3621 1929 3670 νῦν

284 3704 512 3775 ἐξετάσει
544 3709 905 3782 χειροτονίαν,
940 3710 998 3777 ἢν
1047 3707 1303 3782 ἔνθεσμον
1356 3712 1466 3782 (75)
1496 3708 1585 3763 καὶ
1635 3706 1798 3785 φίλην
1845 3706 1934 3761 αὐ-

281 3799 359 3865 τῷ
390 3799 756 3867 πεποιήμεθα.
780 3798 933 3869 Ὑμῖν
968 3795 1023 3851 δὲ
1055 3795 1194 3852 ἄλλο
1230 3799 1322 3869 μέν
1365 3818 1416 3851 τι
1478 3796 1751 3871 βιάζεσθαι
1800 3797 1932 3869 βου-

287 3884 564 3953 λομένοις,
597 3884 685 3937 καὶ
716 3886 854 3937 πάνυ
886 3884 1077 3959 ῥᾷστον
1105 3904 1116 3917 ·
1156 3889 1318 3939 τοῦτο
1352 3882 1409 3938 δὲ
1440 3883 1615 3945 οὐδεὶς
1647 3888 1795 3955 ἡμᾶς
1826 3884 1931 3961 ἀφ-

287 3973 586 4042 αιρήσεται,
631 3971 693 4024 τὸ
743 3978 1078 4046 συνηγορεῖν,
1128 3973 1201 4033 ὡς
1251 3972 1426 4047 ὀρθῶς
1458 3973 1545 4027 καὶ
1580 3970 1803 4033 δικαίως
1832 3994 1931 4027 πε-

286 4060 643 4133 πραγμένοις,
701 4064 816 4121 τοῖς
876 4061 1297 4135 πεπραγμένοις·
1360 4062 1406 4115 εἰ
1466 4063 1541 4134 μὴ
1600 4060 1687 4115 καὶ
1743 4065 1931 4115 τοῦτον

286 4146 466 4215 θείητε
520 4149 608 4202 τὸν
671 4147 860 4220 νόμον,
915 4150 1029 4209 οἷος
1062 4152 1175 4216 (76)
1206 4148 1267 4202 οὐ
1301 4151 1516 4221 θεμιτὸν
1568 4148 1931 4224 παρακύπτειν

285 4232 360 4295 εἰς
418 4236 483 4288 τὰ
534 4236 794 4311 ἡμέτερα.
848 4240 1025 4293 Τοῦτο
1072 4238 1134 4291 τὸ
1178 4236 1407 4312 γράμμα
1453 4240 1541 4293 καὶ
1591 4238 1749 4299 αὐτὸς
1781 4238 1933 4293 ἐθαύ-

288 4343 449 4393 μασεν
484 4324 511 4376 ὁ
540 4320 848 4395 δεξάμενος,
883 4325 928 4380 εἰ
958 4326 1047 4380 καὶ
1078 4326 1211 4393 πρὸς
1248 4324 1437 4401 ὀλίγον
1480 4325 1825 4402 ἐχαλέπηνεν,
1858 4328 1932 4389 ὡς

284 4411 334 4464 οἱ
388 4409 593 4465 πολλοὶ
657 4417 762 4465 τῶν
825 4416 936 4487 (77)
992 4413 1059 4467 τὰ
1115 4413 1315 4468 ἐκείνου
1342 4413 1557 4495 ,καλῶς
1605 4410 1932 4491 γιγνωσκόν-

282 4504 388 4553 τῶν
424 4503 537 4572 (78)
568 4499 922 4575 ἀπήγγελλον
951 4522 962 4533 ·
994 4507 1158 4556 τοῦτο
1190 4504 1278 4557 καὶ
1325 4502 1594 4580 ᾐασιλέως
1624 4505 1724 4573 τὴν
1754 4506 1931 4580 ὁρμὴν

286 4583 493 4659 ἔστησε,
554 4590 642 4643 καὶ
699 4594 794 4644 τοῦ
851 4589 1103 4645 κινδύνου
1144 4593 1242 4661 τὴν
1296 4578 1456 4647 πύλιν
1508 4594 1837 4666 ἀπήκλαξεν,
1870 4593 1931 4648 οὐ

288 4652 509 4752 φαύλως
544 4675 589 4731 δ’
617 4677 678 4732 ἂν
706 4680 1023 4754 προσθείην,
1055 4679 1138 4735 ὅτι
1168 4652 1256 4735 καὶ
1298 4688 1398 4750 τῆς
1449 4652 1713 4757 αἰσχύνης
1737 4652 1932 4755 νἡμᾶς⁵
1966 4652 2012 4715 D

285 4764 489 4820 Τούτου
526 4771 626 4821 τοῦ
663 4769 1062 4844 μικροπολίτου
1104 4771 1165 4824 τὸ
1198 4766 1375 4845 ἔργον,
1407 4770 1495 4824 καὶ
1525 4777 1627 4839 τῆς
1674 4769 1933 4847 καθέδρας

361 4892 500 4979 (68)“
520 4898 739 4966 Κρινῆς.
792 4897 985 4983 schol.
1024 4915 1036 4952 :
1070 4892 1935 4983 Δῌλονότιπῷχειροτονηθέντι,

289 4968 378 5012 καί
410 4968 530 5023 τοῖς
560 4969 998 5040 χειροτονήσασι.
1048 4991 1076 5019 ι(
1108 4971 1257 5024 Tum
1306 4969 1357 5023 ei
1391 4968 1614 5027 scilicet
1645 4972 1743 5043 qui
1786 4973 1938 5028 ordi-

290 5037 462 5088 natus
494 5036 700 5095 fuerat.
731 5047 788 5095 et
816 5042 887 5095 iis
921 5041 1019 5095 oui
1052 5041 1480 5095 ordinaverunt.
1515 5063 1542 5092 ››

290 5049 462 5088 natus
494 5049 700 5106 tuerat,
731 5049 788 5095 et
816 5049 887 5095 iis
921 5049 1019 5111 qui
1052 5049 1480 5095 ordinaverunt.

361 5105 467 5188 ἓξὲξ
498 5108 655 5188 Ψιτῖ
692 5115 828 5188 39.8-
864 5113 985 5188 Em,
1019 5118 1075 5167 et
1105 5111 1200 5188 0!:-
1236 5113 1284 5176 1,
1321 5107 1480 5188 μηδέ

358 5174 470 5258 ΨΟ)
502 5176 591 5250 Τῷ
620 5174 813 5255 καιρᾷῖ.
872 5174 1049 5256 Regg.
1085 5201 1137 5251 a,
1173 5174 1292 5250 bm,
1321 5174 1403 5239 ’ϐξ
1447 5183 1541 5240 Or.
1594 5185 1644 5255 1,
1676 5187 1773 5237 τοῦ
1816 5203 1935 5237 και-

292 5261 471 5409 Ρθῗ7ι1)
541 5320 912 5409 ξΕπὶ
979 5349 1005 5375 ‹‹
1069 5328 1205 5391 Quze
1272 5324 1330 5379 in
1386 5342 1637 5409 summo-
1679 5325 1937 5409 periculo

287 5395 447 5469 sunt,
484 5412 511 5438 »
542 5395 733 5469 inquit
787 5398 1012 5466 Billius,
1065 5420 1092 5448 ‹‹
1124 5414 1209 5461 ea,
1246 5397 1592 5469 proverbiali
1625 5395 1936 5468 locutione,

285 5466 669 5543 in_nqva_culae
715 5470 835 5524 acie
867 5476 1024 5525 stare
1067 5466 1371 5543 dicuntur.
1397 5468 1624 5543 »___Illud
1660 5466 1934 5543 adagium

284 5533 376 5656 ἓξέ
404 5534 475 5587 ab
506 5535 753 5595 Homero
784 5543 1045 5609 ductum,
1078 5541 1195 5612 qui,
1224 5539 1392 5595 Iliad.
1424 5538 1524 5596 lib.
1556 5558 1611 5611 x,
1644 5533 1935 5610 vers7173,

290 5692 397 5745 Νῦν
452 5693 553 5771 γὰρ
610 5694 678 5768 δὴ
736 5700 1020 5756 πάντεσσιν
1080 5697 1168 5754 ἐπὶ
1228 5697 1388 5775 ξυροῦ
1441 5694 1657 5754 1ἵσταται
1732 5701 1935 5775 ἀκμῆς.

2043 2010 2297 2067 fremens
2336 2030 2349 2079 ;
2407 2013 2557 2068 hanc
2601 2020 2797 2069 autem
2846 2018 3274 2078 ordinationem
3323 2025 3469 2083 irato
3519 2035 3693 2102 atque

2042 2098 2280 2155 incenso
2303 2102 2500 2156 animo
2528 2103 2764 2171 ferebat,
2790 2106 2988 2175 gravia
3017 2125 3149 2164 vero
3168 2110 3226 2165 in
3259 2129 3415 2181 eum,
3441 2119 3540 2186 qui
3565 2098 3694 2190 pro-

2044 2194 2237 2243 motus
2271 2191 2477 2257 fuerat,
2513 2192 2851 2248 minabatur
2883 2211 2896 2250 :
2931 2202 3104 2268 atque
3136 2198 3193 2253 in
3244 2207 3535 2260 novaculae
3568 2209 3691 2265 acie

2042 2276 2248 2334 civitas
2280 2284 2425 2346 erat,
2462 2286 2659 2335 utrum
2696 2289 2826 2353 post
2855 2283 3020 2340 illum
3046 2287 3198 2343 diem
3230 2307 3353 2347 esse
3378 2294 3689 2365 desineret,

2042 2383 2113 2421 an
2145 2382 2175 2421 e
2208 2367 2464 2438 periculo
2503 2370 2791 2437 evaderet,
2826 2377 3001 2443 atque
3038 2374 3423 2436 humanitatis
3470 2382 3691 2456 aliquid

2041 2461 2515 2526 consequeretur.
2570 2459 2655 2512 Ad
2700 2474 2833 2514 eum
2883 2461 3039 2517 enim
3089 2464 3369 2535 dolorem,
3402 2485 3576 2539 quem
3620 2474 3693 2530 ob

2047 2543 2307 2598 Fortunae
2355 2548 2639 2616 templum
2693 2548 2984 2605 felicitatis
3034 2555 3295 2623 tempore
3341 2557 3605 2615 dirutum
3638 2568 3697 2618 et

2040 2648 2329 2701 eversum,
2361 2636 2639 2706 capiebat.
2677 2637 2781 2691 viri
2834 2638 2992 2694 illius
3033 2642 3324 2700 ordinatio
3356 2650 3686 2717 accedebat,

2040 2738 2216 2792 quam
2250 2724 2615 2793 publicarum
2641 2742 2837 2782 rerum
2869 2730 3301 2788 convulsionem
3326 2752 3389 2790 ac
3418 2737 3573 2794 velut
3593 2756 3691 2796 ex-

2040 2810 2375 2882 pilationem
2404 2830 2533 2869 esse
2561 2814 3070 2887 interpretabatur.
3101 2820 3154 2874 Is
3185 2826 3403 2895 autem,
3427 2830 3526 2897 qui
3563 2845 3693 2900 pro-

2037 2900 2239 2954 vincia:
2287 2906 2550 2971 praeerat,
2584 2904 2839 2959 rationes
2890 2907 3245 2979 exquirebat,
3281 2913 3495 2983 quibus
3538 2922 3690 2974 tem-

2041 2989 2162 3060 pori
2199 2990 2643 3057 obsecundaret,
2677 2998 2849 3065 atque
2898 2995 3093 3066 ipsum
3130 3000 3281 3053 malo
3308 3001 3503 3073 aliquo
3538 3006 3693 3061 mul-

2040 3080 2208 3145 taret,
2243 3082 2308 3132 ut
2338 3079 2438 3149 qui
2473 3097 2575 3135 nec
2608 3080 2825 3152 alioqui
2853 3084 3042 3139 amico
3073 3102 3138 3141 ac
3172 3088 3447 3147 benevolo
3470 3093 3529 3148 in
3554 3112 3690 3152 eum

2039 3167 2234 3223 animo
2266 3172 2440 3235 esset,
2474 3184 2672 3224 verum
2723 3171 2794 3225 ob
2826 3175 3115 3231 contraria
3158 3177 3215 3232 in
3250 3180 3560 3250 republica
3591 3186 3715 3240 ad-'

2040 3255 2473 3312 ministratione
2497 3259 2691 3313 studia
2713 3260 2783 3314 ab
2815 3277 2879 3315 eo
2904 3261 3231 3320 dissideret.
3257 3267 3537 3331 Quocirca
3568 3290 3686 3339 eos.

2039 3361 2071 3398 a
2101 3345 2317 3416 quibus
2339 3345 2642 3401 ordinatus
2666 3348 2872 3419 fuerat,
2897 3350 3051 3406 velut
3070 3353 3263 3424 ipsum
3287 3366 3689 3431 accusaturos,

2041 3451 2142 3505 per
2165 3433 2390 3489 litteras
2424 3437 2775 3504 accersebat,
2802 3454 2913 3493 non
2939 3439 3065 3509 jam
3097 3440 3306 3500 leniter
3335 3451 3389 3501 et
3420 3450 3684 3521 remisse,

2041 3524 2139 3578 sed
2161 3522 2455 3578 minarum
2474 3524 2646 3580 etiam
2665 3524 2884 3597 aliquid
2909 3529 3260 3602 adjungens,
3275 3540 3555 3608 tanquam
3579 3541 3688 3596 im-

2042 3618 2272 3683 perator
2327 3612 2436 3667 hoc
2492 3613 2764 3685 exigeret.
2806 3618 2948 3671 Cum
3009 3619 3188 3691 igitur
3238 3627 3401 3693 pater
3457 3643 3690 3700 quoque

2043 3706 2165 3757 tum
2202 3701 2273 3757 ab
2319 3717 2384 3757 eo
2429 3702 2735 3774 epistolam
2770 3706 3104 3777 accepisset,
3140 3710 3283 3764 nihil
3315 3713 3553 3780 veritus,
3586 3733 3691 3774 nec

2044 3807 2266 3845 moram
2303 3790 2481 3845 ullam
2532 3792 2907 3863 interponens
2956 3796 3437 3868 (consideremus,
3472 3820 3689 3876 quaeso,

2044 3896 2112 3933 ex
2141 3879 2233 3947 iis,
2267 3894 2394 3949 quae
2426 3881 2754 3949 respondit,
2784 3891 3006 3952 quanta
3035 3884 3223 3955 ipsius
3253 3887 3311 3942 in
3345 3890 3589 3949 dicendo
3621 3894 3691 3949 li-

2045 3968 2260 4031 bertas,
2294 3971 2350 4020 et
2397 3972 2615 4036 quanto
2666 3984 2799 4022 cum
2833 3971 3040 4040 spiritu
3091 3974 3405 4045 conjuncta
3448 3981 3638 4054 fuerit)
3674 3999 3688 4038 :

2046 4055 2181 4121 Nos,
2215 4053 2426 4124 inquit,
2458 4056 2865 4126 potentissime
2913 4076 3143 4128 praeses,
3175 4080 3369 4120 rerum
3402 4071 3690 4139 omnium,

2045 4160 2171 4214 qua:
2203 4146 2505 4213 geruntur,
2525 4159 2821 4199 censorem
2848 4164 3028 4202 unum
3059 4166 3125 4205 ac
3157 4168 3349 4223 regem
3384 4157 3691 4225 habemus,

2045 4232 2141 4303 qui
2163 4248 2317 4286 nunc
2336 4238 2730 4303 oppugnatur.
2752 4235 2805 4289 Is
2822 4243 2878 4289 et
2897 4244 3239 4307 praesentem
3263 4244 3691 4305 ordinationem

2044 4321 2347 4392 expendet,
2402 4337 2577 4391 quam
2638 4339 2743 4377 nos
2793 4323 2903 4379 rite
2957 4342 3022 4380 ac
3072 4325 3350 4401 legitime,
3410 4338 3583 4407 atque
3632 4345 3697 4394 ut

2044 4411 2157 4482 ipsi
2189 4414 2419 4480 gratum
2471 4414 2579 4476 est,
2611 4410 2875 4467 fecimus.
2916 4417 3026 4470 Vos
3077 4424 3273 4475 autem
3312 4421 3424 4478 alia
3455 4426 3692 4495 quidem

2044 4499 2243 4569 aliqua
2285 4498 2341 4551 in
2377 4514 2436 4552 re
2466 4499 2657 4565 nobis,
2688 4500 2738 4554 si
2786 4503 3021 4560 animus
3072 4506 3153 4561 ita
3198 4507 3417 4581 tulerit,
3452 4513 3572 4568 vim
3605 4516 3697 4571 αι.

2046 4586 2193 4643 ferre
2236 4585 2506 4658 perfacile
2555 4588 2797 4657 potestis
2832 4608 2845 4645 :
2879 4592 2934 4645 id
2985 4599 3177 4649 autem
3214 4614 3383 4655 nemo
3434 4618 3695 4673 unquam

2046 4676 2214 4731 nobis
2249 4674 2485 4741 adimet,
2520 4674 2661 4745 quin
2696 4694 2783 4743 ea,
2816 4695 2945 4749 quae
2978 4682 3126 4738 facta
3157 4690 3316 4752 sunt,
3352 4692 3417 4743 ut
3446 4695 3598 4745 recte
3628 4709 3695 4748 ac

2039 4766 2201 4836 juste
2252 4765 2421 4829 facta,
2471 4763 2897 4837 defendamus,
2950 4770 3061 4826 nisi
3095 4773 3238 4827 forte
3285 4773 3435 4830 hanc
3463 4794 3698 4849 quoque

2117 4895 2273 4949 Nunc
2301 4891 2452 4946 enim
2481 4892 2733 4948 omnibus
2782 4895 2842 4949 in
2884 4899 3162 4954 novacula
3191 4902 3309 4957 acie
3335 4903 3447 4958 sita
3475 4919 3565 4960 re:
3593 4910 3695 4962 est.

2136 4982 2229 5123 72)
2260 4977 2542 5047 ’Δπειλῆς.
2577 4983 2744 5038 Coisl.
2782 4986 2831 5054 1,
2865 4982 3111 5047 ἀπειλάς.

2144 5054 2209 5107 73
2260 5051 2671 5113 Ἀπαιτοῦντος.
2722 5056 2893 5111 Coisl.
2944 5060 2996 5123 1,
3046 5058 3111 5112 ἀπ

2260 5051 2671 5113 Ἀπαιτοῦντος.
2722 5051 2893 5111 Οοὶνει.
2944 5060 2996 5123 1,
3046 5056 3422 5130 ἀπειλοῦντος,
3458 5087 3484 5114 α
3519 5066 3695 5121 mini-

2076 5125 2249 5180 antis.
2288 5145 2312 5169 ι·

2046 5132 2525 5275 ιᾶῗίὲλῐέχεμών-
2555 5194 2616 5275 .In
2651 5196 3025 5275 quibusdam.
3059 5198 3288 5275 ἥγεμον-

2139 5268 2226 5325 75)
2278 5263 2772 5348 ,Χειροτονίανίιῆν
2817 5263 3179 5348 ἔνθεσμονίηί
3229 5275 3695 5348 ordinationem,

2048 5336 2226 5421 quam
2278 5336 2554 5421 legitime,
2588 5361 2621 5421 η
2666 5344 2775 5421 δίο,
2827 5336 3125 5405 Quatenus
3172 5346 3415 5421 scilicet,
3451 5336 3694 5421 ἥγνισαν,

2047 5405 2371 5493 ἆγεκήρυξαν
2406 5405 2714 5493 i_rti.op_6.vov
2746 5406 2951 5493 ἔθεσαν,
2992 5439 3020 5464 «
3055 5405 3528 5493 puriﬁcaveruut,
3560 5405 3694 5493 pro:

2047 5484 2465 5550 clamaverunt,
2494 5479 2795 5540 in'tbrono
2826 5479 3204 5543 collocarunt.
3239 5511 3268 5538 ››

2139 5552 2230 5691 76)
2261 5548 2373 5610 Οἷς.
2408 5548 2546 5623 Reg.
2581 5570 2633 5618 a,
2667 5553 2758 5614 ὡς.

2139 5626 2207 5677 77
2261 5622 2407 5676 Τῶν.
2441 5623 2534 5677 Sic
2564 5627 2659 5679 Or.
2696 5629 2744 5681 1.

2138 5622 2230 5686 77)
2261 5622 2407 5676 Τῶν.
2441 5622 2534 5677 Sic
2564 5627 2659 5679 Or.
2696 5629 2744 5681 1.
2781 5626 2953 5684 Deest
2981 5629 3040 5685 in
3074 5632 3164 5686 ed.

2140 5696 2234 5766 78)
2264 5692 2704 5768 Διγνωσκόντων.
2735 5698 2875 5773 Reg.
2908 5702 3030 5774 bm,
3057 5700 3454 5780 γινωσκόντων.
