4094 6288
389 378 542 440 1031

1629 371 1690 434 S.
1744 366 2114 436 GREGORII
2166 370 2557 436 THEOLOGI

3655 376 3817 441 l032

389 512 578 582 legem
634 505 929 574 statuatis,
963 505 1180 577 quibus
1213 523 1284 562 ne
1325 503 1384 559 in
1417 512 1646 561 nostras
1676 507 1913 576 quidem
1946 523 2035 561 res

2148 506 2215 557 τὰ
2243 501 2460 579 δεύτερα
2520 503 2762 580 ἔχοντος.
2824 507 2947 581 Ἆρ’
3007 503 3067 560 οὗ
3123 504 3320 579 πολλῷ
3382 507 3601 582 βέλτιον
3664 510 3814 564 οὕτω

385 597 716 671 prospicere
755 596 841 650 fas
875 598 981 650 est.
1028 595 1143 650 Has
1171 595 1395 650 litteras
1444 593 1540 649 ille
1571 595 1748 650 etiam
1784 595 1907 666 ipse
1939 596 2041 650 ad-

389 687 638 742 miratus
667 689 776 748 est,
809 684 908 756 qui
941 685 1184 754 accepit,
1219 684 1448 740 etiamsi
1483 700 1798 755 parumper
1827 689 2043 739 stoma-

383 777 594 832 chatus
615 774 1218 845 sit,quemadmodum
1243 791 1312 828 ιχ
1331 772 1532 828 multis
1554 773 2038 844 intellectumLest,

2152 595 2470 668 πρωτεξιειν,
2603 593 2709 648 ἀπο
2757 598 2863 648 τῶν
2913 593 3267 670 ὑψηλοοέρων
3304 597 3510 673 θρόνων
3545 600 3814 672 φθέγγεσ-

2152 684 2259 756 θαι,
2295 682 2382 736 καὶ
2413 688 2625 757 κρατεῖν
2660 683 2710 738 ἐν
2741 686 2853 756 (79)
2877 689 2991 746 τοῖς
3039 687 3319 760 πράγμασι
3365 684 3578 758 μᾶλλον
3607 689 3641 756 ἣ
3687 693 3811 750 τοῖς

2153 769 2242 825 ὂνο
2251 792 2407 844 μασιν
2442 791 2455 841 ;

384 865 484 938 qui
518 881 609 920 res
639 863 800 918 illius
833 862 1336 935 perspectissimas
1370 862 1677 918 habebant.
1709 865 1896 934 Atque
1927 861 2036 916 hoc
2067 866 2124 917 et
2165 863 2532 934 imperatoris
2567 865 2848 936 impetum
2883 865 3254 935 compressit,
3288 871 3346 920 et
3375 866 3672 922 civitatem
3706 885 3808 938 pe-

387 953 571 1009 riculo
601 951 887 1020 liberavit,
920 969 1034 1007 non
1068 953 1218 1007 male
1248 958 1444 1008 autem
1476 953 1826 1017 addiderim,
1861 952 2017 1022 quod
2051 968 2158 1007 nos
2190 969 2423 1024 quoque
2471 954 2542 1008 ab
2593 955 2836 1009 infamia
2868 954 3203 1010 vindicavit.
3237 955 3356 1010 Hoc
3387 956 3607 1026 exiguae
3644 957 3810 1011 urbis

384 1042 640 1115 episcopi
671 1059 838 1112 opus,
873 1048 930 1096 et
959 1042 1244 1096 cathedrae
1277 1042 1562 1096 secundas
1607 1041 1882 1096 tenentis.
1914 1048 2124 1095 Annon
2157 1047 2352 1097 autem
2402 1042 2589 1097 multo
2640 1043 2852 1098 melius
2901 1048 2990 1098 est
3039 1042 3432 1114 principatum
3468 1046 3551 1099 ita
3583 1051 3808 1112 tenere,

388 1148 567 1204 quam
600 1147 631 1184 e
660 1129 1106 1184 sublimioribus
1139 1131 1364 1208 thronis
1397 1129 1745 1195 declamare,
1779 1145 1845 1184 ac
1879 1132 2055 1184 rebus
2085 1130 2307 1200 potius,
2341 1148 2518 1201 quam
2563 1131 2924 1197 nominibus,
2957 1132 3321 1202 superiorem
3349 1132 3520 1187 esse?

459 1221 613 1277 856
657 1218 872 1274 XXXV.
923 1218 1054 1274 Jam
1103 1220 1258 1290 quod
1307 1218 1368 1272 in
1429 1218 1589 1274 illius
1638 1219 1811 1274 rebus
1860 1221 2042 1289 gestis

385 1311 590 1366 ordine
621 1307 856 1379 quidem
909 1313 1268 1379 postremum
1301 1313 1410 1372 est,
1443 1310 1494 1362 vi
1546 1314 1741 1362 autem
1775 1313 1831 1362 et
1863 1306 2040 1361 facul-

386 1405 505 1454 tate
537 1397 793 1469 primum
844 1401 902 1450 et
949 1397 1297 1462 maximum,
1327 1397 1460 1466 quis
1493 1400 1611 1450 tam
1663 1399 1733 1451 ab
1766 1397 1904 1450 orbe
1937 1413 2038 1450 no-

384 1493 505 1544 stro
537 1492 794 1540 remotus
817 1491 924 1551 est,
952 1490 1013 1539 ut
1042 1485 1264 1540 nesciat
1293 1487 1313 1538 Ρ
1344 1485 1571 1539 Rursus
1603 1484 1805 1538 eadem
1838 1484 2039 1539 civitas

382 1575 647 1631 eamdem
677 1575 751 1629 ob
783 1589 1026 1628 causam
1080 1573 1365 1628 seditione
1397 1573 1720 1638 laborabat,
1755 1590 1820 1628 eo
1865 1573 2038 1627 nimi-

387 1680 541 1729 rum,
575 1663 667 1717 cui
705 1670 858 1716 recte
889 1661 973 1716 vis
1000 1661 1160 1716 illata
1190 1662 1396 1729 fuerat,
1431 1661 1732 1716 celerrime
1761 1663 1877 1716 vita.
1905 1661 2038 1715 fun-

386 1759 478 1808 cto
509 1756 568 1807 et
586 1753 658 1806 ad
683 1751 886 1818 Deum,
915 1767 1016 1822 pro
1049 1767 1164 1821 quo
1196 1750 1422 1805 fortiter
1454 1767 1519 1804 ac
1543 1756 1778 1805 strenue
1812 1751 1868 1805 in
1901 1767 2036 1820 per-

386 1841 787 1897 secutionibus
817 1840 1166 1906 decertarat,
1202 1839 1475 1909 profecto.
1509 1840 1698 1909 Atque
1729 1857 1797 1894 ea
1827 1840 2034 1894 seditio

388 1934 610 2001 quanto
641 1928 829 1984 acrior
855 1934 914 1984 et
946 1929 1278 1994 ferventior,
1313 1933 1476 1983 tanta
1508 1927 1682 1983 etiam
1716 1928 1950 1982 stultior
1979 1931 2036 1983 et

389 1993 700 2074 absurdior
748 2021 888 2073 erat.
945 2017 1067 2074 Non
1100 1993 1269 2072 enim)
1300 2015 1686 2089 ignorabatur
1735 2015 1867 2088 quis
1898 2033 2040 2087 pras-
2071 1993 2118 2056 B

389 2107 658 2176 celleret,
718 2106 1216 2176 quemadmodum
1286 2122 1390 2160 nec
1449 2104 1536 2161 sol
1596 2105 1749 2160 inter
1805 2105 2037 2173 sidera,

388 2197 489 2252 sed
539 2211 818 2267 perquam
877 2193 1051 2249 etiam
1101 2194 1482 2265 conspicuum
1541 2199 1689 2262 erat,
1729 2211 1862 2248 cum
1908 2192 2038 2248 aliis

389 2285 684 2350 omnibus,
737 2288 862 2338 tum
911 2282 1307 2339 selectissimaa
1358 2283 1682 2354 praesertim
1735 2300 1801 2337 ac
1848 2282 2037 2351 puris-

388 2379 548 2435 simae
600 2377 797 2450 populi
852 2375 1019 2448 parti,
1067 2376 1176 2432 hoc
1221 2383 1310 2431 est
1339 2383 1397 2430 et
1443 2376 1516 2431 iis
1567 2375 1667 2448 qui
1716 2375 1897 2430 altare
1928 2375 2036 2429 cir-

389 2471 688 2522 cumstant
729 2470 787 2520 et
831 2465 1194 2521 nostratibus
1243 2465 1552 2534 Nazaraais,
1611 2465 1826 2535 quibus
1874 2463 2035 2528 solis,

385 2555 472 2611 vel
505 2559 658 2610 certe
705 2555 1100 2625 potissimum,
1130 2553 1441 2608 electiones
1491 2553 1831 2623 hujusmodi
1879 2569 2036 2606 com-

387 2643 540 2699 mitti
571 2643 874 2714 Oportebat
905 2641 1012 2708 (sic
1055 2641 1211 2696 enim
1246 2659 1550 2712 nunquam
1586 2642 1853 2696 Ecclesiis
1886 2641 2036 2694 male

384 2732 580 2802 esset),
615 2747 678 2784 ac
723 2747 836 2785 non
873 2731 944 2785 iis
993 2731 1093 2801 qui
1140 2730 1349 2800 opibus
1395 2749 1457 2784 ac
1487 2729 1745 2801 potentia
1794 2728 2034 2800 pollent,

385 2826 488 2876 aut
520 2820 706 2892 plebis
737 2819 980 2890 impetui
1031 2824 1087 2874 et
1116 2819 1452 2884 temeritati,
1499 2825 1674 2891 atque
1704 2820 1879 2873 etiam
1915 2817 2032 2888 ple-

385 2910 651 2965 beiorum
682 2908 960 2962 vilissimo
991 2915 1045 2962 et
1076 2908 1581 2979 contemptissimo
1605 2909 1834 2980 cuique.
1870 2908 2035 2962 Nunc

387 3015 519 3055 vero
552 3014 759 3070 parum
809 3000 993 3062 abest,
1025 2999 1165 3068 quin
1200 2997 1501 3068 popularia
1533 2998 1777 3068 imperia
1809 2995 2033 3051 meliori

393 3088 597 3142 ordine
657 3103 722 3142 ac
787 3084 1099 3157 disciplina
1155 3091 1421 3141 constare
1475 3087 1823 3151 existimem,
1858 3101 2031 3156 quam

389 3183 611 3246 nostra,
644 3176 859 3248 quibus
890 3175 1083 3230 divina
1108 3175 1293 3245 gratia
1315 3180 1580 3229 omnium
1613 3191 1746 3230 voce
1768 3176 2036 3230 attribui-

387 3270 506 3334 tur,
533 3280 597 3319 ac
631 3281 722 3318 res
755 3263 1089 3333 hujusmodi
1113 3262 1321 3318 timore
1354 3262 1587 3330 melius,
1612 3280 1788 3334 quam
1814 3264 2036 3318 ratione

2225 1219 2346 1274 AE'.
2384 1220 2445 1270 '0
2502 1216 2558 1272 δὲ
2615 1217 2926 1273 τελευταῖον
2986 1221 3077 1291 μὲν
3125 1224 3234 1273 τῶν
3275 1217 3481 1274 ἐκείνου
3539 1222 3606 1293 τῇ
3638 1221 3810 1290 τάξει,

2151 1311 2368 1379 πρῶτον
2429 1304 2486 1360 δὲ
2541 1311 2607 1381 τῇ
2670 1305 2894 1379 δυνάμει
2945 1307 3033 1362 καὶ
3079 1308 3354 1381 μέγιστον,
3387 1307 3469 1369 τίς
3501 1309 3674 1370 οὕτως
3710 1308 3814 1378 ἔξω

2148 1402 2248 1462 τῆς
2276 1391 2398 1458 καθ’
2427 1398 2572 1468 ἡμᾶς
2625 1395 2978 1468 οἶ’κουμὲνης,
3029 1396 3165 1449 ὥστε
3216 1397 3468 1471 ἀγνοεῖν;
3501 1399 3820 1467 Ἐστασίαζε

2150 1481 2314 1538 πάλιν
2343 1487 2377 1553 ἡ
2428 1484 2562 1553 αὐτή
2611 1485 2776 1547 πόλις
2827 1484 2913 1539 ἰπὶ
2945 1491 3062 1547 τοῖς
3108 1485 3315 1553 αὐτοῖς,
3351 1487 3583 1562 τάχιστα
3640 1508 3817 1562 προσ-

2150 1571 2451 1648 ληφθέντος
2499 1577 2612 1646 (80)
2659 1579 2756 1629 τοῦ
2786 1575 2970 1635 καλῶς
3002 1577 3115 1645 (81)
3153 1575 3492 1648 βιασθέντος,
3547 1576 3636 1629 καὶ
3668 1578 3814 1648 πρὸς

2147 1663 2274 1715 Θεὸν
2331 1666 2443 1734 (82)
2494 1661 2903 1735 ἐκδημήσαντος
2950 1666 3088 1735 (83),
3126 1663 3256 1736 ὑπὲρ
3307 1663 3368 1717 οὗ
3401 1664 3656 1738 γενναίως
3717 1665 3812 1718 καὶ

2145 1749 2409 1826 ἀνδρικῶς
2442 1750 2632 1812 ἐντοῖς
2684 1750 2954 1825 διωγμοῖς
3001 1751 3334 1825 ἠγωνίσατο.
3387 1752 3484 1806 Καὶ
3533 1756 3568 1821 ἡ
3620 1756 3811 1815 στοὶσις

2145 1841 2233 1908 ἧν,
2283 1839 2395 1911 ’ὀσῳ
2428 1841 2751 1915 θερμοτέρα,
2787 1839 3025 1912 τοσούτῳ
3055 1841 3143 1894 καὶ
3197 1839 3536 1916 ἀλογωτέρα.
3587 1841 3661 1895 Οὐ
3702 1844 3809 1918 γὰρ

2145 1929 2398 2002 ἠγνοεῖτο
2427 1929 2490 1982 τὸ
2523 1928 2839 2003 ὑπεραῖρον,
2874 1927 3054 2004 ὣσπερ
3107 1926 3220 1982 οὐδ’
3252 1928 3301 1982 ἐν
3331 1929 3584 2002 ἀστράσιν
3616 1929 3806 1998 ἥλιος·

2149 2015 2294 2072 ἀλλὰ
2323 2016 2412 2071 καὶ
2446 2015 2567 2071 λίαν
2604 2014 2866 2086 ἐπίδηλον
2896 2020 2984 2086 ἦν,
3017 2023 3133 2079 τοῖς
3160 2039 3218 2072 τε
3251 2015 3445 2079 ἄλλοις
3495 2019 3681 2085 ἅπασι,
3715 2020 3810 2073 καῖ

2149 2108 2244 2158 τοῦ
2277 2103 2412 2159 λαὸῦ
2473 2105 2706 2178 μάλιστα
2757 2109 2866 2179 (84)
2898 2111 2976 2178 τῷ
3011 2106 3246 2182 ἐγκρίτῳ
3278 2117 3338 2160 τε
3365 2107 3455 2160 καὶ
3486 2110 3810 2183 καθαρωτά-

2148 2215 2248 2266 τῳ,
2285 2193 2408 2250 ὅσον
2439 2216 2496 2249 τε
2527 2197 2649 2271 περὶ
2677 2195 2738 2250 τὸ
2772 2197 2926 2269 βῆμα
2958 2198 3091 2268 (85),
3125 2196 3214 2249 καὶ
3258 2195 3382 2250 ὅσον
3415 2195 3465 2249 ἐν
3516 2202 3632 2258 τοῖς
3691 2200 3813 2251 καθ’

2149 2286 2298 2356 ἡμᾶς
2329 2284 2638 2354 Ναζιραίοις
2669 2287 2803 2358 (86)·
2842 2284 2921 2362 ἐφ’
2955 2284 3035 2346 οἷς
3091 2282 3195 2338 ἔδει
3229 2285 3322 2346 τὰς
3371 2285 3622 2346 τοιαύτας
3671 2307 3812 2361 προ-

2149 2368 2317 2434 ϐολὰς
2351 2380 2579 2440 κεῖσθαι,
2617 2373 2826 2446 μόνοις,
2860 2376 2893 2442 ἣ
2932 2373 3014 2428 ὅτι
3048 2372 3306 2445 μάλιστα,
3338 2374 3427 2428 καὶ
3460 2373 3611 2428 οὐδὲν
3644 2375 3702 2428 ἂν
3741 2379 3810 2445 ἢν

2145 2468 2262 2524 ταῖς
2317 2461 2667 2532 Ἐκκλησίαις
2715 2464 2899 2516 κακόν’
2953 2460 3098 2518 ἀλλά
3133 2466 3207 2534 μή
3251 2469 3368 2524 τοῖς
3403 2463 3812 2536 εὐπορωτάνοις

2143 2573 2202 2605 τε
2231 2553 2319 2606 καὶ
2379 2550 2790 2623 δυνατωτάτοις,
2942 2573 3083 2629 φορᾳ
3132 2549 3313 2623 δήμου
3344 2552 3432 2606 καὶ
3463 2551 3680 2626 ἀλογίᾳ,
3715 2555 3807 2608 καὶ

2143 2640 2347 2694 τούτων
2400 2641 2570 2696 αὐτῶν
2629 2639 2864 2713 μάλιστα
2893 2647 3013 2702 τοῖς
3055 2640 3410 2702 εὐωνοτάτοις
3438 2645 3570 2714 (87).
3607 2647 3713 2695 Νῦν
3748 2641 3806 2697 δὲ

2143 2727 2439 2784 κινδυνεύω
2485 2733 2578 2792 τὰς
2637 2729 2904 2801 δημοσίας
2965 2730 3140 2804 ἀρχὰς
3201 2730 3601 2806 εὑτακτωτὲρας
3665 2732 3801 2786 ὑπο-

2147 2813 2442 2892 λαμϐάνειν
2472 2825 2578 2873 τῶν
2620 2820 2922 2894 ἡμετέρων,
2956 2821 3041 2880 αἷς
3069 2821 3103 2886 ἡ
3154 2818 3268 2872 θεία
3324 2822 3485 2893 χάρις
3539 2818 3803 2894 ἐπιφημί-

2147 2912 2290 2976 ζεται
2316 2926 2326 2938 ·
2378 2908 2466 2961 καὶ
2521 2905 2722 2983 βελτίω
2773 2912 2880 2962 τῶν
2915 2908 3180 2962 τοιούτων
3217 2903 3502 2976 διοικητὴν
3533 2904 3725 2984 φόϐον,
3759 2906 3798 2977 ἤ

2143 2994 2325 3071 λόγον.
2378 2996 2525 3050 Ἐπεὶ
2567 2995 2649 3058 τίς
2698 2996 2754 3050 ἃν
2807 2996 2888 3050 ἐπ’
2929 2994 3096 3051 ἀλλον
3130 2994 3268 3064 ἦλθε
3292 3001 3403 3049 τῶν
3437 2994 3493 3049 εὖ
3525 2997 3795 3074 φροτοόν-

2141 3105 2272 3156 των,
2305 3084 2362 3138 σὲ
2388 3087 2712 3160 παραλιπὼν
2747 3088 2880 3156 (88),
2915 3086 2958 3138 ὦ
3006 3084 3119 3138 Θεία
3170 3084 3258 3138 καὶ
3291 3085 3410 3157 ἰερὰ
3438 3083 3672 3161 κεφαλὴ,
3703 3087 3797 3139 τὸν

2146 3172 2232 3226 ἐπὶ
2288 3177 2394 3227 τῶν
2458 3178 2660 3248 χειρῶν
2715 3173 2909 3248 Κυρίου
2942 3172 3419 3250 ἐζιιιγραφημὲνον,
3452 3174 3542 3227 τὸν
3598 3172 3793 3248 ἄζυγα,

2143 3262 2232 3314 τὸν
2265 3261 2570 3332 ἁκτήμονα,
2602 3263 2691 3316 τὸν
2725 3263 2955 3336 ἄσαρκον
2995 3266 3192 3336 μικροῦ
3224 3262 3313 3316 καὶ
3365 3262 3648 3335 ἀναίμονα,
3700 3263 3794 3317 τὸν

387 3352 785 3409 administrari
817 3352 1070 3406 credam.
1102 3351 1244 3406 Nam
1280 3351 1392 3406 nisi
1437 3353 1516 3406 ita
1547 3357 1719 3417 esset,
1756 3352 2026 3422 quisnam

2148 3349 2191 3404 ἐν
2222 3349 2407 3424 λόγοις
2445 3352 2578 3423 μετὰ
2603 3351 2691 3404 τὸν
2746 3349 2939 3427 Λόγον,
2990 3350 3080 3404 τὸθ
3131 3349 3182 3405 ἐν
3232 3349 3556 3428 φιλοσόφοις
3605 3353 3795 3427 σοφὸν,

386 3459 542 3498 sanas
579 3440 814 3506 mentis,
849 3446 903 3495 te
933 3440 1156 3510 relicto,
1191 3457 1222 3494 o
1273 3440 1535 3494 divinum
1590 3445 1645 3494 et
1676 3457 1908 3495 sacrum
1941 3458 2032 3495 ca-

383 3534 508 3602 put,
542 3530 610 3584 ad
662 3527 841 3583 alium
888 3545 948 3583 se
979 3528 1348 3594 contulisset,
1393 3533 1471 3596 te,
1521 3528 1783 3598 inquam,
1815 3528 2036 3606 relicto,

381 3619 479 3690 qui
512 3619 571 3672 in
605 3617 883 3672 manibus
936 3617 1166 3671 Domini
1215 3617 1480 3687 depictus
1509 3634 1590 3682 es,
1626 3619 1724 3688 qui
1758 3616 2033 3673 connubii

375 3708 588 3778 jugum
619 3705 831 3770 nescis,
867 3704 966 3776 qui
1002 3704 1145 3760 nihil
1177 3706 1465 3776 possides,
1493 3705 1590 3776 qui
1622 3722 1793 3761 carne
1826 3724 2035 3778 prope-

385 3797 625 3851 modum
653 3799 709 3850 et
738 3794 1024 3865 sanguine
1058 3811 1243 3860 cares,
1290 3795 1393 3865 qui
1422 3793 1749 3849 litterarum
1779 3795 1950 3851 laude
1979 3801 2035 3850 et

379 3885 610 3957 eloquio
637 3889 768 3955 post
797 3882 1050 3937 Verbum
1072 3884 1360 3937 secundas
1393 3889 1572 3949 tenes,
1595 3882 1748 3938 inter
1779 3883 2032 3953 philoso-

380 3974 528 4045 phos
573 3973 829 4044 sapiens,
862 3972 1012 4027 inter
1060 3972 1389 4026 mundanos
1449 3973 1668 4026 mundo
1701 3971 2031 4039 sublimior,

379 4060 599 4117 sodalis
630 4077 695 4115 ac
728 4059 925 4116 socius
959 4076 1147 4125 meus,
1179 4067 1374 4130 atque,
1409 4065 1473 4113 ut
1501 4059 1782 4114 audacius
1812 4059 2031 4130 aliquid

381 4151 596 4216 dicam,
631 4149 839 4203 animae
884 4166 1023 4203 meas
1050 4147 1388 4212 dimidium,
1423 4164 1488 4201 ac
1523 4147 1644 4201 vita:
1674 4153 1728 4203 et
1759 4148 2032 4203 doctrinae

379 4237 667 4293 consors?
705 4236 923 4292 Vellem
975 4236 1302 4291 libertatem
1352 4236 1536 4290 oratio
1586 4236 1844 4307 haberet,
1877 4239 2030 4309 apud

384 4326 530 4382 alios
563 4331 618 4380 te
651 4327 918 4398 pingens,
948 4341 1014 4381 ac
1049 4343 1161 4379 non
1194 4331 1249 4378 te
1280 4330 1563 4395 praesente
1597 4323 1716 4379 haec
1745 4327 2027 4396 expende-

381 4421 605 4480 rentur,
641 4415 736 4470 ubi
768 4415 972 4470 laudes
995 4418 1126 4468 tuas
1155 4413 1360 4483 majori
1391 4428 1458 4468 ex
1490 4418 1652 4484 parte
1683 4413 2033 4470 imminuere

384 4521 577 4578 cogor,
629 4519 700 4558 ne
754 4503 813 4558 in
864 4501 1222 4557 adulationis
1271 4501 1663 4572 suspicionem
1712 4502 2029 4558 incurram.

386 4597 624 4659 Verum,
649 4597 715 4647 ut
744 4593 814 4647 ad
846 4590 1183 4647 institutum
1206 4606 1535 4646 sermonem
1570 4591 1825 4661 redeam,
1848 4593 2028 4664 Spiri-

479 4783 572 4854 79)
603 4780 710 4834 Ἐν.
745 4781 921 4854 Deest
948 4780 1001 4835 in
1034 4781 1174 4854 Reg.
1209 4799 1262 4852 a,
1295 4785 1352 4836 et
1382 4780 1476 4835 Or.
1513 4783 1562 4854 1τ

483 4848 572 4924 80)
603 4851 1096 4927 Προσληξρθέντοςᾎ
1112 4848 1257 4924 Ptng
1295 4854 1414 4927 b113,
1447 4848 1884 4927 προληφθὲντος.

461 4923 574 4993 (81)
605 4923 714 4981 Τοῦ
758 4923 960 4984 καλῶς.
1011 4949 1037 4974 ‹‹
1074 4923 1258 4980 Recte.
1295 4946 1320 4973 ››
1367 4923 1504 4994 Reg;
1539 4923 1658 4986 bm,
1689 4926 1784 4975 τοῦ
1833 4927 2033 4992 κακῶς,

392 5021 419 5048 ‹‹
456 4995 626 5074 male.
661 4995 1206 5074 nJUlraqueiectio
1231 4995 1739 5074 admittinpotest,
1779 4995 2032 5074 scilicet,

388 5066 595 5134 καλῶς,
632 5067 850 5123 ratione
883 5065 1011 5122 fidei
1065 5085 1130 5122 ac
1159 5066 1390 5121 virtutis
1438 5065 1596 5119 illius
1628 5066 1725 5132 qui
1762 5067 2034 5137 deposce-

390 5143 586 5206 batur,
617 5143 675 5193 et
703 5141 793 5193 cui
828 5141 913 5194 vis
937 5140 1324 5205 inferebatur;
1357 5139 1534 5195 κακῶς
1565 5143 1779 5207 autem,
1813 5140 2037 5195 ratione

389 5211 699 5284 popularis
719 5211 1032 5284 tumultus.

463 5277 571 5351 (82)
602 5279 753 5354 Θεόν.
791 5288 925 5354 Reg.
965 5283 1084 5348 bm,
1115 5277 1332 5354 li-Sprov:

462 5344 573 5421 (83)
606 5344 1080 5425 Ἐκᾷδημήσίαντοςξ
1103 5344 1282 5425 Otii,
1318 5344 1739 5425 ἐνδημῆσαντος.

461 5426 577 5493 (84)
609 5422 872 5480 Μάλιστα.
907 5430 1077 5479 Deest
1100 5423 1156 5476 in
1188 5422 1327 5493 Reg.
1363 5422 1482 5476 bm.

463 5491 576 5568 (85)
607 5497 766 5549 Ὅσον
798 5516 855 5549 τε
885 5495 1008 5568 περὶ
1053 5494 1113 5548 τὸ
1148 5491 1319 5568 βῆμα.
1358 5493 1480 5568 llic
1531 5491 1745 5558 clerici,
1779 5498 1835 5548 et
1865 5494 1901 5548 ii
1937 5494 2036 5566 qui

395 5564 776 5624 sacerdotalis
808 5564 1201 5624 sunt-ordinis
1233 5564 1660 5631 intelliguntur.

468 5639 580 5708 (86)
634 5644 762 5710 Τοῖς
821 5639 938 5702 καθ’
993 5640 1141 5710 ὖμᾶς
1200 5634 1534 5710 Ναζιραίοιςἶ
1590 5656 1631 5710 «-
1666 5633 2037 5710 Nostratibus

395 5705 704 5782 Nazaraeis,
728 5730 755 5763 ι
783 5709 840 5768 id
867 5715 972 5784 est,
991 5705 1112 5768 «iis
1142 5705 1349 5768 nostrae
1373 5705 1704 5781 provincias,
1727 5728 1755 5756 »
1783 5708 2037 5780 quicum

2143 3437 2235 3492 τὸν
2269 3437 2319 3491 ἐν
2377 3445 2663 3511 κοσμικοῖς
2706 3439 3091 3511 ὑπερκόσμιον,
3143 3440 3233 3493 τὸν
3283 3439 3410 3511 ἐμὸν
3461 3440 3671 3515 ἑταῖρον
3705 3441 3798 3494 καὶ

2150 3527 2424 3599 συνεργὸν,
2475 3528 2565 3581 τὸν
2625 3531 3000 3602 συμμεριστῄν
3059 3535 3158 3597 τῆς
3219 3531 3426 3602 ψυχῆς,
3471 3526 3545 3582 ἵν’
3575 3527 3712 3582 εἶ’πω
3744 3550 3797 3582 τι

2143 3613 2576 3689 τολμηρότερον,
2635 3618 2721 3669 καὶ
2787 3617 2906 3690 βίου
2965 3617 3226 3670 κοινωνὸν
3276 3617 3364 3670 καὶ
3423 3614 3795 3685 παιδιόσεως;

2142 3698 2488 3776 Ἐϐουλόμην
2517 3703 2818 3779 ἐλευθερίαν
2855 3700 2996 3779 ἔχειν
3028 3706 3117 3759 τὸν
3164 3704 3348 3780 λόγον,
3401 3705 3450 3759 ἐν
3498 3703 3695 3766 ἄλλοις
3741 3726 3800 3760 σε

2145 3793 2387 3865 γραφῶν,
2422 3790 2566 3846 ἀλλὰ
2595 3794 2667 3863 μὴ
2715 3792 2981 3866 παρόντος
3031 3814 3124 3846 σου
3172 3794 3238 3846 τὰ
3275 3798 3500 3848 τοιαῦτα
3559 3793 3795 3863 ἐξετάζε-

2145 3881 2282 3947 σθαι,
2317 3881 2404 3933 καὶ
2430 3879 2670 3955 ὑφίεσθαι
2702 3881 2767 3933 τὰ
2816 3878 2992 3934 πλείω
3033 3877 3122 3933 διὰ
3169 3878 3458 3943 κολακείας
3513 3881 3790 3937 ὑπόνοιαν.

2145 3965 2298 4024 Ἀλλ’
2331 3968 2358 4021 ὃ
2394 3989 2486 4038 μοι
2537 3967 2710 4042 λέγειν
2759 3969 2786 4022 ὁ
2842 3966 3008 4043 λόγος
3059 3968 3304 4042 ὥρμησε,
3351 3970 3412 4023 τὸ
3443 3975 3662 4041 Πνεῦμα
3697 3971 3793 4041 μὲν

2142 4056 2261 4131 ᾔδει
2291 4058 2381 4110 τὸν
2417 4058 2764 4130 tanto-50:6);
2788 4057 2886 4132 γὰρ
2920 4057 2980 4111 οὐ
3007 4057 3376 4130 ;)’ἀντεστατει
3409 4056 3465 4112 δὲ
3497 4060 3524 4113 ὁ
3573 4058 3792 4136 φθόνος’

2140 4148 2203 4202 τὸ
2237 4146 2292 4201 δὲ
2321 4147 2416 4214 ὧν,
2451 4145 2781 4220 αἰσχύνομαι
2817 4145 3014 4221 λέγειν*
3053 4145 3159 4201 εἶ’θε
3191 4144 3246 4200 δὲ
3282 4145 3419 4219 μηδ’
3439 4149 3552 4220 (89)
3603 4145 3790 4201 αλλων

2144 4235 2414 4308 λεγόντων
2452 4234 2660 4288 ἀκούειν
2695 4237 2784 4302 ἦν,
2815 4234 2902 4288 καὶ
2937 4232 3354 4306 κωμῳδούντων
3401 4234 3679 4308 ἐπιμελῶς
3727 4237 3796 4290 τὰ

2142 4324 2400 4397 ἡμέτερα.
2437 4325 2611 4379 Τοῦτο
2648 4324 2739 4395 μὲν
2774 4323 2884 4392 οὖν,
2917 4325 3156 4399 καθάπερ
3189 4326 3240 4378 οἱ
3272 4327 3512 4397 ποταμοὶ
3542 4329 3647 4378 τῶν
3699 4345 3795 4377 πε-

2140 4415 2282 4488 τρῶν
2314 4413 2409 4474 τὰς
2442 4411 2493 4466 ἐν
2527 4412 2676 4484 μέσῳ
2704 4416 2783 4482 τῷ
2820 4411 3077 4485 ῥεύματι,
3109 4410 3576 4488 παραδράμωμεν,
3611 4416 3795 4483 σιωπῇ

2140 4505 2408 4574 τιμῶντες
2439 4499 2506 4554 τὰ
2536 4497 2713 4568 λήθης
2746 4498 2882 4570 ἄξια·
2919 4499 3071 4554 αὐτοὶ
3129 4498 3185 4554 δὲ
3233 4502 3368 4574 πρὸς
3414 4501 3480 4555 τὰ
3519 4501 3639 4570 ἑξῆς
3701 4505 3797 4554 τοῦ

2145 4590 2317 4667 λόγου
2349 4586 2650 4664 προΐωμεν.

2066 4786 2113 4848 D
2149 4781 2356 4837 Basilio
2389 4779 2717 4846 versati,vel
2747 4781 2902 4835 abeo
2934 4780 3359 4836 suntinstituti.
3389 4786 3464 4835 De
3489 4780 3795 4835 monachis

2147 4853 2241 4908 hic
2274 4853 2560 4924 praecipue
2592 4853 2810 4906 mentio
2842 4859 2950 4906 est.
2979 4852 3112 4907 lllos
3146 4853 3446 4908 Nazarmos
3478 4858 3796 4924 vocaturc-

2145 4922 2606 5007 gorius,“u_tpote
2636 4928 2744 5005 Deo
2777 4930 3167 5007 consecratos.
3199 4948 3218 4971 α
3256 4925 3438 5007 Penes
3466 4923 3599 4978 illos
3616 4922 3795 4988 solos,

2148 4993 2340 5066 inquit
2369 4995 2542 5063 Elias,
2594 4993 2938 5062 hujusmodi
2969 4995 3245 5050 electione
3293 4994 3434 5050 sitas
3466 5010 3594 5050 esse
3624 5011 3796 5066 opor-

2143 5073 2320 5135 tebat,
2342 5083 2455 5120 non
2479 5066 2904 5138 copiosissimis
2923 5069 3253 5138 quibusque
3269 5071 3326 5122 et
3343 5067 3794 5138 potentissimis,

2145 5145 2202 5194 et
2233 5139 2388 5209 vulgi
2411 5137 2732 5209 temeritati
2765 5144 2940 5209 atque
2972 5137 3236 5194 stultitiae
3267 5137 3576 5195 committi.
3608 5160 3636 5188 »

2219 5207 2745 5283 (87)”Εὐωνοτᾴτοις.
2792 5232 2819 5259 ‹‹
2848 5207 2947 5283 Sic
2979 5210 3233 5283 appellat
3261 5227 3380 5283 eos,
3414 5210 3509 5282 qui
3543 5210 3614 5283 ad
3647 5225 3795 5279 quo-

2146 5281 2424 5337 rumlibet
2475 5281 2701 5347 laudes,
2733 5281 2924 5352 inquit
2953 5281 3130 5344 Elias,
3166 5281 3330 5338 facile
3375 5281 3441 5338 se
3468 5281 3797 5346 conferunt,

2147 5370 2210 5407 ac
2243 5357 2498 5430 quaestus
2530 5353 2722 5423 exigui
2755 5370 2932 5409 causa
2962 5355 3260 5435 veritatem
3295 5354 3649 5410 adulterant.

2218 5425 2328 5496 (88)
2390 5423 2458 5496 Σὲ
2516 5421 2879 5496 παραλιπών.)
2919 5447 2948 5475 ‹‹
3009 5426 3088 5482 Τθ
3145 5425 3365 5481 relicto.
3429 5448 3457 5476 »
3490 5493 3500 5496 _
3530 5422 3702 5480 Schol

2436 5441 2458 5476 ε
2516 5440 2860 5482 παραλιπων,
2919 5447 2948 5475 (ι
3019 5440 3088 5482 [θ
3145 5440 3365 5481 1⁸611οῐ0.
3429 5448 3457 5476 »
3531 5440 3723 5480 senon.
3783 5440 3798 5477 ε

2147 5477 2326 5572 Πρὸς(
2347 5492 2439 5547 τὸν
2516 5477 2695 5572 Μέγαν
2718 5477 3043 5572 -.στρὲφ-εταῖ
3063 5477 3084 5482 ν
3101 5477 3422 5551 καὶῄὴταῖῖτα
3489 5477 3653 5572 λέγει,
3670 5566 3681 5572 _
3697 5498 3803 5546 Βα-

2147 5565 2371 5642 σίλειον.
2413 5568 2554 5642 -_Ad
2600 5565 2882 5622 Basilium
2906 5565 3196 5642 'Magnum
3228 5585 3506 5626 conversa
3534 5565 3805 5623 oratione

2147 5638 2267 5693 haec
2301 5637 2575 5708 loquitur.
2611 5660 2639 5688 »

2218 5711 2330 5784 (89)
2363 5705 2532 5778 Μηδ’.
2564 5709 2705 5781 Reg.
2740 5710 2858 5782 bm,
2887 5711 2981 5767 Or.
3018 5713 3069 5778 1,
3106 5711 3253 5784 μήτ’.
