4094 6288
269 467 423 528 1033
1184 464 1477 525 ORATIO
1520 460 1734 526 XVIII.
1769 497 1845 511 —
1875 462 2262 528 FUNEBRIS
2307 468 2385 528 IN
2434 468 2781 531 PATREM.
3519 472 3677 533 I034

266 607 362 658 tus
394 601 631 673 quidem
665 604 852 667 norat,
886 599 983 670 qui
1016 616 1161 654 suus
1214 604 1371 655 esset
1420 598 1651 671 (quidni
1683 600 1837 654 enim
1864 600 1911 669 ?)
1944 602 2017 655 At
2073 601 2293 657 invidia
2348 604 2711 673 obsistebat;
2773 622 3024 677 quorum
3079 610 3289 673 autem,
3343 606 3535 660 dicere
3568 624 3679 677 pu-

270 690 365 744 det
394 706 405 745 :
440 692 615 759 atque
649 689 877 743 utinam
910 705 1013 743 nec
1045 705 1114 743 ex
1142 687 1392 743 aliorum
1426 704 1721 754 sermone,
1752 688 1851 758 qui
1884 704 1977 744 res
2008 694 2235 745 nostras
2269 692 2531 748 studiose
2562 694 2968 764 proscindunt,
3006 695 3059 749 id
3099 694 3301 749 audire
3329 693 3544 749 liceret.
3578 695 3684 750 Sed

269 780 410 847 haec,
468 783 533 832 ut
583 777 682 832 illa
741 777 903 832 fluvii
960 794 1122 843 saxa,
1181 794 1307 847 quas
1362 778 1420 831 in
1501 777 1693 832 medio
1756 776 1976 832 ﬂuento
2051 785 2386 850 occurrunt,
2467 786 2903 853 praetereamus,
2964 787 3138 855 atque
3197 799 3284 853 ea,
3346 784 3493 840 357
3557 800 3684 855 quae

274 867 564 923 oblivione
597 866 775 937 digna
807 871 967 932 sunt,
1002 866 1235 921 silentio
1268 882 1602 935 premanus,
1635 871 1692 920 et
1726 867 1797 921 ad
1830 883 1917 932 ea,
1951 883 2077 937 quae
2113 868 2386 939 deinceps
2415 878 2761 940 sequuntur,
2794 873 3259 944 progrediamur.

344 956 453 1023 Λζ’.
510 950 662 1022 ’ᾙδει
722 952 787 1006 τὰ
842 957 939 1006 τοῦ
1013 952 1323 1024 Πνεύματος
1400 948 1637 1027 ἀκριϐῶς
1720 954 1747 1006 ὁ
1820 957 1953 1028 τοῖ’),

2105 956 2336 1010 XXXVI.
2374 957 2554 1013 Probe
2605 960 2827 1015 sciebat
2874 961 2963 1015 vir
3011 960 3337 1033 spiritualis
3386 978 3513 1033 quas
3556 960 3687 1032 Spi-

274 1042 621 1115 ΙΙνεύματος·
679 1041 767 1095 καὶ
830 1038 919 1094 διὰ
971 1046 1129 1095 τοῦτο
1192 1038 1361 1113 μηδὲν
1418 1042 1664 1095 ταπεινὸν
1712 1046 1926 1119 φρονεῖν

275 1130 415 1204 ᾤετο
471 1128 603 1203 δεῖν,
662 1128 801 1203 μηδὲ
848 1131 981 1184 κατὰ
1026 1131 1301 1191 συστάσεις
1351 1132 1458 1201 (90)
1498 1130 1586 1184 καὶ
1617 1130 1925 1204 προλήψεις

279 1222 570 1295 μάχεσθαι,
621 1220 809 1295 χάριτι
856 1218 1020 1275 πλέον
1075 1221 1109 1288 ἣ
1142 1223 1257 1290 Θεῷ
1282 1219 1545 1291 νέμοντας
1571 1238 1583 1250 ⁵
1619 1219 1763 1274 ἀλλὰ
1790 1219 1925 1292 πρὸς

274 1306 329 1363 ἓν
370 1306 588 1383 βλέπειν
625 1307 810 1379 μόνον,
842 1308 904 1362 τὸ
942 1312 1051 1361 τῶν
1086 1309 1425 1378 Ἐκκλησιῶν
1458 1304 1680 1385 ὄφελος,
1712 1307 1800 1362 καὶ
1830 1308 1929 1375 τὴν

276 1399 463 1465 κοινὴν
491 1395 786 1470 σωτηρίαν.
822 1397 918 1450 Διά
959 1400 1119 1450 τοῦτο
1166 1393 1413 1472 ἔγραφεν,
1465 1395 1750 1467 ἐνουθέτει,
1806 1417 1928 1448 συν-

278 1488 488 1561 ήρμοζε
554 1487 642 1539 τὸν
699 1484 853 1558 λαὸν,
908 1484 1036 1546 τοὺς
1089 1483 1264 1559 ἰερέας
1317 1486 1451 1556 (91),
1481 1482 1607 1545 τούς
1634 1505 1693 1538 τε
1723 1480 1928 1544 ἄλλους

279 1576 368 1629 καὶ
397 1573 512 1628 ὅσοι
544 1577 642 1627 τοῦ
677 1574 947 1649 βήματος,
994 1570 1402 1647 διεμαρτύρετο,
1452 1571 1743 1649 ἐψηφίζετο
1795 1574 1928 1645 (92),

282 1662 611 1739 ἐχειροτόνει
668 1663 757 1717 καὶ
818 1664 987 1735 μήπω
1047 1662 1274 1737 παρών*
1330 1658 1506 1715 ἐδίδου
1561 1666 1630 1735 τῇ
1672 1659 1842 1731 πολιᾷ
1869 1660 1932 1715 τὸ

283 1752 634 1820 ἐναυθεντεῖν,
689 1752 765 1813 ὡς
823 1749 1066 1816 οἰκείοις,
1101 1755 1218 1812 τοῖς
1245 1748 1585 1826 ἀλλοτρίοις,
1620 1750 1721 1805 Καὶ
1751 1748 1932 1821 τέλος,

285 1839 472 1909 ἐπειδὴ
528 1841 816 1908 κανονικήν
872 1836 977 1894 ἔδει
1039 1840 1277 1915 γενέσθαι
1323 1840 1421 1907 τὴν
1453 1840 1789 1914 χειροτονίαν
1823 1839 1937 1912 (93)

287 1930 452 2002 αὐτῷ,
484 1928 769 1991 λείποντος
801 1930 916 1991 ἐνὸς
946 1931 1057 2001 (94)
1087 1934 1165 1999 τῷ
1222 1928 1437 2003 ἀριθμῷ
1494 1932 1600 1983 τῶν
1665 1928 1938 2003 ἀνακηρυ-

289 2020 510 2090 ξοντων,
566 2023 663 2073 τοῦ
723 2016 1026 2091 σκίμποδος
1084 2018 1268 2071 ἑαυτὸν
1303 2016 1641 2090 ἀποσπάσας,
1674 2019 1819 2093 γήρᾳ
1847 2017 1936 2071 καὶ

288 2109 429 2181 νόσῳ
486 2107 938 2182 συντετριμμένος
997 2109 1131 2179 (95),
1194 2104 1279 2159 ἐπὶ
1336 2107 1433 2173 τὴν
1484 2104 1645 2159 πόλιν
1678 2111 1937 2167 νεανικῶς

285 2196 425 2252 ’ίεται
451 2215 463 2227 '
504 2195 716 2269 μᾶλλον
751 2194 809 2249 δὲ
834 2196 1049 2273 φέρεται
1079 2193 1249 2270 νεκρῷ
1276 2194 1356 2265 τῷ
1387 2195 1620 2266 σώματι,
1649 2194 1737 2247 καὶ
1774 2193 1941 2269 μικρὰ

291 2288 505 2341 πνέοντι
532 2304 544 2317 ⁸
577 2284 743 2339 καλὸν
776 2283 1019 2361 ἐντάφιον
1053 2283 1218 2354 αὐτῷ,
1261 2281 1357 2335 κᾶν
1390 2279 1515 2336 εἷ’τι
1568 2281 1678 2336 δέοι
1730 2288 1917 2346 παθεῖν

289 2378 389 2446 τήν
436 2372 679 2443 σπουδὴν
724 2372 929 2441 ἐκείνην
979 2368 1183 2435 ἔσεσθαι
1233 2370 1612 2443 πεπεισμένος.
1649 2372 1853 2426 Γίνεται
1888 2368 1945 2425 δέ

292 2486 345 2519 τι
402 2466 671 2527 κάνταῦθα
728 2467 954 2534 σημεῖον
1015 2460 1113 2515 οὐκ
1170 2459 1602 2532 ἀπιστούμενον·
1657 2462 1942 2515 Ῥώννυται

292 2559 371 2625 τῷ
427 2552 599 2624 πόνῳ,
658 2550 828 2619 νεάζει
889 2554 956 2623 τῇ
1015 2549 1309 2624 προθυμίᾳ,
1343 2549 1641 2621 οἰκονομεῖ,
1674 2550 1947 2625 παρατάσ-

296 2662 461 2711 σεται,
492 2641 702 2710 τίθησιν
738 2639 825 2694 ἐπὶ
855 2644 952 2694 τοῦ
979 2638 1172 2712 θρόνου
1221 2640 1355 2711 (96),
1387 2640 1788 2711 προπέμπεται,
1849 2638 1947 2692 οὐκ

299 2728 375 2785 ἔτι
409 2728 554 2804 σορῷ
583 2730 661 2801 τῷ
706 2728 931 2805 φορείῳ,
961 2723 1183 2799 κιϐωτῷ
1214 2724 1271 2780 δὲ
1302 2726 1416 2798 Θείᾳ
1446 2728 1813 2801 χρησάμενος.
1845 2728 1943 2781 Ἦν

301 2818 356 2875 δὲ
387 2816 505 2895 ἄρτι
541 2817 911 2893 μακροθυμίαν
953 2817 1184 2871 ἐπαινῶν
1218 2816 1554 2889 ἐπαυσάμην,
1605 2816 1806 2886 ταύτην
1866 2815 1946 2870 ἐν-

298 2910 468 2962 τὀὖθα
520 2907 608 2960 καὶ
666 2904 832 2960 πλέον
894 2902 1181 2962 δείκνυσιν.
1240 2904 1312 2958 Οὐ
1372 2906 1474 2979 γάρ
1534 2905 1804 2982 φερόντων
1840 2909 1949 2959 τῶν

304 2995 743 3071 συλλειτουργῶν
793 2996 891 3064 τὴν
939 2993 1199 3069 αἰσχύνην
1244 3000 1343 3061 τῆς
1388 2993 1580 3062 ἥττης,
1634 2994 1721 3047 καὶ
1766 2994 1863 3061 την
1895 2992 1945 3046 ἐν

300 3091 418 3147 τοῖς
454 3086 735 3160 πράγμασι
783 3088 881 3138 τοῦ
924 3082 1175 3157 γέροντος
1227 3080 1556 3149 δυναστείαν,
1587 3081 1676 3135 καὶ
1708 3078 1797 3135 διὰ
1824 3084 1949 3134 τοῦ-

300 3195 362 3229 το
396 3171 856 3249 δυσχεραινόντων
886 3171 1031 3243 αὐτῷ
1079 3171 1167 3225 καὶ
1213 3168 1673 3243 λοιδορουμένων,
1731 3167 1947 3243 ἰοχυσεν

304 3264 386 3325 οἷς
446 3262 718 3337 ἐκαρτέρει
776 3260 864 3315 καὶ
919 3258 1126 3314 τούτων
1188 3258 1434 3334 ὑπεράνω
1481 3256 1745 3332 γενέσθαι,
1799 3256 1950 3330 μέγι-

305 3373 428 3407 στον
482 3352 650 3423 εὑρὼν
699 3350 777 3411 εἰς
814 3346 1133 3423 συμμαχίαν
1166 3348 1262 3415 τὴν
1293 3346 1603 3419 ἐπιείκειαν,
1634 3345 1721 3399 καὶ
1751 3346 1813 3400 τὸ
1874 3347 1949 3418 μὴ

306 3436 697 3514 ἀντιλοιδορεῖν
755 3435 1178 3511 λοιδορούμενον
1203 3438 1339 3509 (97).
1370 3436 1430 3489 Τί
1459 3437 1559 3511 γὰρ
1592 3436 1725 3490 εἶναι
1757 3432 1951 3505 δεινὸν,

307 3530 352 3582 εἰ
407 3533 525 3590 τοῖς
579 3527 860 3603 πράγμασι
910 3528 1151 3597 νικήσας,
1195 3527 1346 3604 φέροι
1377 3528 1445 3599 τῇ
1476 3523 1702 3600 γλώσσῃ
1724 3525 1956 3596 νικώμε-

306 3638 421 3689 νος,
474 3621 772 3692 Τοιγαροῦν
824 3614 967 3670 οὕτω
1014 3614 1292 3675 κάκείνους
1342 3614 1455 3669 εἷλε
1483 3617 1551 3687 τῇ
1588 3611 1953 3687 μακροθυμίᾳ,

1924 2328 1937 2394 ἰ
1972 2331 2019 2394 Β

2036 1043 2183 1099 ritus
2213 1050 2379 1099 erant
2406 1062 2419 1112 ;
2454 1047 2528 1101 ob
2559 1047 2735 1119 idque
2767 1049 3056 1105 demissos
3085 1066 3290 1105 omnes
3342 1054 3400 1105 et
3428 1050 3689 1121 abjectos

2036 1133 2214 1188 animi
2249 1150 2459 1189 sensus
2490 1136 2853 1205 adjiciendos
2891 1155 3019 1194 esse
3041 1138 3366 1209 judicabat,
3418 1155 3522 1193 nec
3552 1154 3689 1193 con-

2036 1221 2345 1277 venticulis
2402 1227 2458 1277 et
2505 1225 2841 1297 anticipatis
2889 1226 3268 1297 opinionibus
3320 1227 3691 1293 certandum,

2038 1326 2143 1365 nec
2175 1309 2303 1381 plus
2334 1311 2537 1381 favori,
2569 1330 2744 1383 quam
2776 1319 2909 1385 Deo,
2942 1316 3322 1370 tribuendum
3348 1332 3361 1382 ;
3387 1316 3486 1371 sed
3508 1330 3691 1369 unam

2038 1401 2266 1452 tantum
2289 1400 2555 1454 Ecclesiae
2574 1401 2912 1470 utilitatem,
2929 1420 2995 1458 ac
3025 1418 3399 1459 communem
3423 1403 3692 1459 omnium

2039 1485 2288 1541 salutem
2317 1488 2389 1543 ob
2424 1488 2626 1545 oculos
2674 1490 3027 1561 ponendam.
3080 1494 3153 1547 Ac
3199 1492 3440 1564 proinde
3470 1491 3696 1548 litteras

2041 1575 2353 1639 scribebat,
2408 1578 2701 1646 monebat,
2762 1579 3109 1635 conciliabat
3160 1580 3466 1653 populum,
3507 1596 3699 1637 sacer-

2040 1664 2206 1719 dotes
2236 1669 2293 1720 et
2323 1664 2604 1738 reliquos,
2638 1671 2925 1739 quotquot
2960 1673 3125 1724 erant
3166 1669 3382 1738 clerici,
3431 1670 3702 1725 testimo-

2043 1753 2207 1807 nium
2239 1753 2488 1820 dicebat,
2522 1756 2868 1828 suffragium
2908 1757 3146 1823 ferebat,
3183 1758 3493 1813 ordinabat
3523 1758 3701 1812 etiam

2042 1841 2233 1896 adhuc
2264 1842 2501 1911 absens,
2533 1845 2821 1900 senectuti
2844 1846 2952 1901 hoc
2971 1847 3169 1915 dabat,
3194 1850 3258 1901 ut
3279 1850 3430 1918 apud
3456 1846 3701 1914 alienos,

2044 1934 2330 2000 tanquam
2362 1932 2515 2002 apud
2541 1948 2703 2000 suos,
2730 1935 3078 1989 auctoritate
3107 1938 3390 1990 uteretur.
3423 1935 3700 2005 Denique,

2046 2020 2326 2090 quoniam
2359 2020 2787 2077 ordinationem
2832 2024 3171 2078 canonicam
3219 2040 3348 2079 esse
3376 2024 3702 2094 oportebat,

2047 2124 2181 2162 cum
2215 2125 2369 2163 unus
2399 2125 2467 2163 ex
2503 2125 2706 2164 eorum
2755 2127 3023 2175 numero,
3055 2110 3155 2182 qui
3200 2111 3539 2182 episcopum
3572 2127 3703 2182 pro-

2048 2195 2355 2251 clamaturi
2384 2202 2569 2267 erant,
2595 2198 3047 2263 desideraretur,
3086 2204 3383 2255 senectute
3415 2204 3469 2253 et
3501 2200 3703 2254 morbo

2048 2286 2288 2356 fractus,
2322 2301 2351 2339 e
2381 2285 2595 2340 lectulo
2627 2303 2688 2341 se
2720 2287 3034 2355 abstrahit,
3069 2292 3247 2358 atque
3276 2289 3347 2342 ad
3383 2289 3587 2343 urbem
3620 2288 3707 2357 iu-

2050 2373 2223 2429 venili
2273 2374 2470 2445 vigore
2518 2376 2858 2443 contendit;
2908 2376 2997 2432 vel
3048 2377 3241 2449 potius
3294 2381 3526 2431 mortuo
3580 2392 3705 2431 cor-

2053 2478 2210 2535 pore,
2244 2479 2308 2517 ac
2341 2462 2648 2534 paululum
2698 2464 2959 2535 spirante
3010 2465 3213 2535 fertur,
3247 2465 3505 2536 praeclari
3538 2465 3705 2521 fune-

2053 2551 2134 2607 ris
2164 2550 2288 2606 loco
2320 2552 2584 2607 studium
2608 2553 2765 2609 istud
2799 2571 2863 2609 a3
2885 2553 3247 2626 diligentiam
3282 2554 3392 2610 sibi
3426 2555 3544 2610 fore
3575 2570 3704 2626 per-

2055 2640 2329 2707 suadens,
2356 2640 2532 2696 etiam
2563 2641 2611 2697 si
2644 2641 2783 2713 quid
2807 2642 2944 2697 mali
2966 2642 3078 2714 ipsi
3111 2642 3347 2698 fortuito
3370 2643 3706 2698 accidisset.

2056 2729 2159 2784 Hic
2188 2745 2419 2801 quoque
2450 2730 2686 2802 signum
2721 2732 3015 2801 quoddam
3047 2732 3261 2800 editur,
3293 2733 3385 2787 cui
3419 2732 3563 2786 fides
3596 2731 3709 2785 mi-

2057 2818 2213 2873 nime
2243 2819 2579 2889 abroganda
2624 2824 2732 2874 est.
2782 2820 2862 2874 Ex
2907 2820 3103 2875 labore
3154 2821 3332 2875 robur
3379 2823 3707 2890 comparat,

2056 2906 2355 2961 alacritate
2386 2907 2644 2978 vigescit,
2678 2908 2976 2978 negotium
3026 2908 3424 2975 administrat,
3460 2908 3531 2962 ad
3564 2924 3706 2962 con-

2059 2996 2281 3050 ﬂictum
2315 3010 2376 3049 se
2407 2998 2591 3065 parat,
2627 2994 2684 3048 in
2716 2995 2925 3050 throno
2962 2996 3226 3065 collocat,
3259 2997 3502 3051 domum
3536 2996 3709 3051 redu-

2059 3084 2229 3150 citur,
2262 3082 2547 3149 vebiculo,
2583 3084 2837 3154 nonjam
2872 3089 2935 3138 ut
2965 3084 3212 3152 tumulo,
3246 3085 3343 3139 sed
3378 3088 3442 3138 ut
3471 3100 3605 3139 arca
3626 3083 3709 3138 di-

2058 3171 2191 3225 vina
2222 3187 2386 3225 usus.
2420 3172 2605 3235 Quam
2657 3175 2851 3227 autem
2904 3172 3203 3227 lenitatem
3256 3173 3428 3228 modo
3472 3172 3711 3228 laudare

2061 3258 2229 3329 desii,
2263 3274 2390 3313 eam
2423 3258 2519 3314 hic
2551 3275 2785 3331 quoque
2814 3260 3069 3332 amplius
3098 3262 3537 3317 demonstravit.
3567 3264 3710 3317 Cum

2062 3348 2218 3404 enim
2276 3346 2463 3419 ipsius
2511 3346 2742 3421 collegae
2800 3350 3190 3406 contentionis
3246 3350 3431 3420 illius,
3489 3349 3547 3404 in
3599 3365 3716 3422 qua

2062 3436 2197 3492 victi
2252 3435 2501 3507 fuerant,
2552 3436 2959 3508 ignominiam,
3012 3455 3280 3511 eamque,
3331 3455 3507 3510 quam
3540 3453 3718 3495 senex

2065 3525 2163 3581 ille
2192 3525 2468 3581 omnibus
2505 3525 2561 3581 in
2614 3528 2788 3583 rebus
2841 3529 3160 3598 obtinebat,
3212 3527 3615 3583 auctoritatem
3662 3529 3719 3581 et

2067 3615 2387 3687 potentiam
2411 3615 2610 3687 iniquo
2643 3618 2839 3673 animo
2870 3618 3107 3685 ferrent,
3157 3618 3229 3673 ob
3260 3617 3436 3688 idque
3482 3616 3594 3687 ipsi
3627 3616 3717 3670 in-

308 3701 634 3783 προσλαϐὼν
694 3705 781 3760 καὶ
838 3707 930 3760 τὸν
983 3704 1183 3780 χρόνον
1230 3707 1327 3772 τῆς
1380 3705 1607 3779 γνώμης
1640 3702 1953 3776 σύμμαχον,

2070 3704 2219 3760 fensi
2270 3709 2487 3775 essent,
2545 3721 2611 3759 ac
2668 3706 2945 3761 conviciis
2997 3722 3132 3761 eum
3192 3706 3569 3769 incesserent,
3618 3719 3717 3759 eos

312 3795 449 3851 ὥστε
505 3794 897 3869 ἀπελογοῦντο,
958 3793 1348 3868 προσέπιπτον,
1404 3786 1838 3863 μεταϐάλλοντες
1884 3790 1959 3851 εἷς

311 3886 490 3955 θαῦμα
517 3885 616 3951 τὴν
643 3884 1026 3956 ἀγανάκτησιν.
1088 3880 1420 3953 ᾚσχύνοντο
1478 3884 1594 3939 τοῖς
1651 3878 1956 3952 προτέροις,

308 3972 552 4046 ἐχρῶντο
605 3968 937 4043 πατριάρχῃ,
997 3968 1086 4021 καὶ
1142 3967 1431 4039 νομοθέτῃ,
1482 3966 1571 4020 καὶ
1614 3964 1860 4039 δικαστῇ,
1894 3968 1956 4020 τὸ

312 4066 485 4133 μισεῖν
516 4056 932 4133 ἀπορρίψαντες.

2069 3809 2301 3863 quoque
2333 3793 2612 3863 patientia
2640 3809 2748 3847 sua
2795 3794 3109 3864 superavit,
3162 3793 3486 3848 maximum
3515 3790 3712 3846 subsi-

2068 3883 2230 3935 dium
2263 3886 2492 3947 nactus,
2527 3881 2746 3935 scilicet
2775 3882 3283 3939 mansuetudinem
3316 3884 3374 3935 et
3403 3881 3555 3951 quod
3590 3896 3713 3935 ma-

2064 3968 2293 4023 ledictis
2342 3968 2649 4023 lacessitus
2697 3968 3008 4024 maledicta
3050 3986 3165 4024 non
3215 3972 3521 4041 regereret.
3563 3967 3712 4033 Quid

2065 4057 2221 4112 enim
2250 4056 2361 4126 ipsi
2393 4071 2565 4126 grave
2611 4060 2786 4121 esset,
2817 4056 2888 4125 si,
2922 4074 3056 4111 cum
3102 4058 3278 4112 rebus
3308 4056 3563 4124 vicisset,
3594 4054 3715 4111 lin-

311 4158 429 4212 gua
458 4155 521 4195 se
548 4139 700 4195 vinci
734 4137 1076 4210 pateretur?
1125 4136 1515 4203 Quamobrem
1567 4135 1651 4190 sic
1706 4152 1806 4191 eos
1837 4152 2070 4209 quoque
2118 4135 2352 4191 lenitate
2382 4152 2490 4190 sua
2545 4139 2602 4191 et
2644 4136 2923 4207 patientia
2978 4137 3150 4209 cepit,
3181 4136 3362 4193 ascito
3394 4135 3717 4208 praesertim

311 4230 384 4285 ad
413 4228 715 4285 sententiae
750 4244 867 4281 suae
901 4224 1187 4281 auxilium
1250 4230 1533 4296 tempore,
1566 4228 1631 4278 ut
1660 4224 2120 4295 indignationem
2153 4224 2211 4278 in
2271 4223 2718 4279 admirationem
2776 4229 3198 4294 convertentes,
3230 4240 3359 4281 sese
3388 4224 3501 4297 ipsi
3549 4240 3721 4280 excu-

312 4322 529 4389 sarent,
586 4316 834 4389 genibus
889 4314 1041 4371 358
1103 4314 1568 4384 advolverentur,
1625 4314 1867 4385 pudore,
1921 4314 1995 4369 ob
2053 4331 2120 4370 ea
2176 4330 2304 4384 quis
2359 4313 2521 4385 prius
2578 4314 2963 4386 admiserant,
3017 4315 3514 4381 suﬂ’underentur,
3565 4313 3727 4384 abje-

314 4406 543 4477 ctisque
571 4404 745 4469 odiis,
780 4420 847 4459 eo
884 4403 1238 4475 patriarcha,
1270 4401 1605 4473 legislatore
1635 4406 1693 4457 et
1716 4402 1915 4472 judice
1944 4406 2266 4459 uterentur.

386 4494 503 4549 AZ'.
560 4496 665 4545 Τοῖ’)
720 4488 777 4545 δὲ
835 4489 999 4545 αὐτοῦ
1058 4487 1229 4559 ζήλου
1278 4486 1366 4544 καί
1396 4491 1431 4557 ἡ
1463 4487 1599 4543 κατὰ
1624 4493 1734 4544 τῶν
1767 4489 1966 4564 αἱρετι-

396 4637 507 4709 (90)
542 4636 963 4709 Συστάσεις.8ἰο
994 4635 1133 4707 Reg.
1166 4652 1219 4705 a,
1253 4635 1375 4701 bm,
1407 4635 1521 4690 duo
1551 4634 1750 4702 Coisl.,
1784 4637 1880 4691 0r.
1916 4637 1941 4691 1

326 4712 390 4765 In
406 4706 510 4763 'edv.
546 4708 699 4775 Pan,
732 4706 1055 4765 συστάσεως.

395 4782 501 4849 (91)
533 4778 668 4839 Τοὺς
719 4777 913 4853 ἱερέας,
942 4784 1051 4853 et_c.
1103 4776 1381 4853 Billius.«
1434 4775 1795 4853 Sacerdotes,
1845 4782 1973 4853 tum

328 4847 495 4921 alios,
528 4856 656 4906 tum
688 4847 786 4905 eos
819 4852 916 4922 qui
949 4849 1153 4922 altaris
1185 4852 1343 4902 sunt.
1370 4869 1396 4897 »
1432 4847 1706 4922 Displicet
1735 4848 1856 4902 haec
1886 4850 1975 4903 in-

328 4919 686 4994 terpretatio,
720 4919 889 4994 quasi
909 4920 1136 4994 (duplex
1161 4922 1334 4994 esset
1372 4919 1738 4994 sacerdotum
1770 4936 1977 4991 genus,

332 4990 579 5065 quorum
610 4994 706 5048 alii
732 4990 850 5048 sint
871 4990 1097 5055 altaris,
1124 4990 1221 5065 alii
1247 5007 1359 5043 non
1383 4990 1522 5044 sint.
1550 4990 1720 5065 Nam,
1740 4990 1803 5046 ut
1827 4999 1981 5046 recte

334 5062 601 5121 observat
621 5065 795 5133 Elias,
825 5082 924 5136 per
950 5088 976 5113 ‹‹
1011 5062 1435 5136 sacerdotum»
1461 5062 1833 5136 vocabulum,
1866 5080 1979 5117 non

334 5136 490 5193 solos
514 5133 840 5191 sacerdotes
869 5135 1143 5205 intelligit
1165 5133 1513 5203 Gregorius;
1539 5133 1638 5187 sed
1666 5135 1843 5188 etiam
1866 5135 1986 5189 dia-

335 5224 535 5274 conos,
584 5207 995 5272 subdiaconos,
1046 5206 1311 5271 lectores,
1344 5208 1455 5258 etc.
1482 5227 1507 5252 «
1543 5205 1840 5270 Quocirca,
1892 5207 1984 5260 in-

338 5279 487 5350 quit,
523 5280 726 5333 merito
758 5283 1122 5333 sacerdotum
1154 5276 1391 5350 nomine
1427 5292 1859 5350 sacrosomnes
1893 5294 1986 5331 or-

337 5347 504 5403 dines
543 5350 1000 5419 comprebendit,
1033 5353 1097 5403 ut
1143 5349 1242 5418 qui
1293 5347 1443 5401 sacri
1494 5347 1737 5419 catalogi
1796 5348 1988 5403 sint.»

341 5422 557 5477 Omnes
586 5423 765 5491 enim,
789 5426 915 5477 tum
948 5420 1278 5491 sacerdotes
1308 5423 1435 5474 tum
1467 5419 1683 5486 clerici,
1710 5436 1845 5475 cum
1876 5420 1994 5491 epi-

341 5509 539 5620 slcobpo,
571 5494 981 5567 unusquisque
1012 5493 1071 5547 in
1107 5490 1308 5547 ordine
1355 5506 1487 5558 suo,
1520 5491 1703 5547 sacris
1755 5490 1992 5563 operam

390 5583 422 5620 a
466 5570 587 5620 ant.

390 5570 587 5621 ebant.

417 5638 529 5713 (913.)
561 5635 905 5713 Ἐψηφίζετο.
936 5634 1138 5713 Billius
1174 5649 1241 5713 :__«
1276 5633 1694 5713 decernebat.»

416 5703 529 5779 (93)
562 5703 930 5783 Χειρότονίαν.
991 5728 1049 5783 «_
1082 5703 1543 5783 O_rdi_nationem,
1594 5706 1997 5783 consecratio-

349 5774 559 5836 nem.»
591 5774 686 5836 Sic
716 5796 785 5836 ex
813 5794 979 5836 sacro
1008 5774 1281 5833 Ecclesiaa
1331 5790 1446 5831 usu
1488 5778 1855 5833 vertendum.
1889 5777 1998 5833 Mi-

678 5908 940 5974 Ριπιοι..
988 5905 1101 5971 Gn.
1146 5900 1396 5969 XXXV.

2144 4489 2413 4546 XXXVII.
2446 4490 2721 4561 Ejusdem
2766 4507 2937 4563 porro
2987 4492 3094 4548 zeli
3124 4508 3192 4549 ea
3240 4492 3403 4548 illius
3434 4488 3728 4547 contentio

2082 4652 2221 4709 rum
2244 4652 2349 4690 cur
2380 4633 2607 4709 Billius,
2638 4636 2725 4690 vir
2753 4636 2961 4693 doctus
2991 4654 3056 4693 ac
3087 4638 3241 4709 pius,
3265 4634 3599 4709 posthabito
3620 4634 3735 4709 Ec-

2005 4684 2050 4748 D
2086 4706 2274 4763 clesiaa
2307 4723 2441 4774 usu,
2476 4678 2691 4777 ubique
2722 4711 2943 4764 vertat:
2980 4731 3009 4759 «
3052 4678 3414 4775 elsctiogem,
3450 4729 3479 4757 »
3512 4710 3578 4763 ut
3604 4702 3734 4761 Cal-

2084 4779 2327 4843 vinistaa,
2342 4777 2722 4849 interpretari,
2744 4784 2962 4835 amant.

2158 4851 2271 4920 (94)
2305 4847 2597 4909 Λείποντος
2644 4847 2779 4920 ἐνός,
2833 4855 2943 4905 etc.
2998 4850 3073 4904 Ex
3122 4866 3283 4905 conc.
3335 4848 3549 4902 Nicaea.
3586 4861 3733 4920 can.

2088 4922 2141 4993 4,
2168 4917 2293 4975 tres
2326 4917 2774 4993 requirebantur
2801 4922 3055 4993 episcopi
3093 4922 3165 4976 ad
3201 4919 3469 4992 presulis
3502 4917 3736 4993 ordina-

2090 4992 2330 5055 tionem,
2364 4990 2588 5047 sCilicet
2632 4993 2703 5047 ad
2743 4990 3345 5056 solemnitatem,'non
3375 5006 3509 5044 vero
3540 4990 3611 5043 ad
3644 5004 3739 5043 or-

2092 5062 2425 5135 dinationis,
2464 5065 2802 5119 essentiam.
2845 5064 2989 5119 Cum
3048 5063 3353 5135 igituriad
3394 5076 3742 5135 consecran-

2094 5138 2235 5188 dum
2277 5134 2582 5211 Basiliam,
2618 5152 2772 5211 unus
2815 5131 3388 5211 deessem—advolavit
3427 5131 3743 5211 Gregorius

2097 5211 2278 5277 pater,
2313 5206 2432 5260 sive
2464 5211 2527 5260 ut
2570 5208 2779 5261 tertius
2822 5208 3071 5274 adesset,
3106 5206 3223 5262 sive
3255 5222 3327 5261 ne
3354 5203 3613 5274 episcopi
3643 5203 3745 5271 qui

2138 5294 2215 5331 ra:
2245 5277 2464 5331 invidia
2495 5277 2711 5334 Basilio
2744 5278 3223 5346 adversabantur,
3251 5292 3496 5332 numero
3528 5287 3747 5346 preva-

2123 5353 2305 5403 erent.

2172 5420 2285 5490 (95)
2362 5418 2849 5493 Συντετριμμένος.
2935 5420 3110 5475 Coisl.
3201 5420 3264 5486 1,

2100 5508 2212 5545 νον.

2106 5562 2435 5685 8(696)1‘05
2502 5560 2714 5636 θρόνου.
2787 5563 2925 5635 Reg.
2996 5580 3049 5634 a,
3118 5562 3236 5627 bm,
3305 5558 3478 5615 Coisl.
3548 5559 3601 5627 1,
3656 5553 3749 5611 τὸν

2141 5652 2168 5685 Ο
2206 5652 2313 5685 νον.

2141 5652 2313 5705 ρονον.

2178 5705 2285 5776 (97)
2318 5698 2773 5777 Λοιδορούμενον.
2806 5705 3041 5762 Coislin.
3076 5706 3129 5776 1,
3160 5697 3615 5779 λοιδορούμενος.

3355 5412 3753 5490 συντετριμμέο

3368 5900 3447 5968 33
