4094 6288
388 422 410 476 1
424 421 541 478 O39

1624 409 1686 466 S.
1737 404 2106 466 GltEGOlIlI
2151 403 2545 466 THEOLOGI

3635 403 3799 469 1040

377 553 561 606 funus
591 553 762 605 tuum
789 550 974 616 ornet,
1020 547 1102 601 ita
1150 545 1389 617 accipis,
1422 543 1591 615 quasi
1640 542 1907 596 laborum
1939 557 2032 594 eo-

2155 536 2492 611 ἐμόχθησας,
2521 538 2612 592 τὸν
2665 536 2768 592 εἶτε
2825 541 3305 615 προπεμπτήριον,
3364 539 3460 595 εἶτ’
3517 540 3801 620 ἐπιτάφιον

384 656 537 706 rum,
569 654 717 709 quos
749 637 822 692 ob
854 652 984 691 mea
1013 634 1294 690 doctrinae
1325 633 1520 688 studia
1551 629 1879 701 suscepisti,
1916 629 2035 683 fru—

385 733 546 782 ctum
577 725 784 781 tuleris
805 723 832 779 ‘I
862 724 1040 791 Num,
1090 740 1194 794 pro
1234 722 1409 776 veteri
1460 737 1639 791 more,
1673 735 1872 790 pacem
1904 734 2037 772 ora-

385 816 532 872 tioni
571 814 801 882 tribuis,
861 813 1048 884 eique,
1110 829 1182 866 ne
1249 811 1484 866 modum
1543 810 1804 874 excedat,
1859 807 2036 861 finem

388 902 763 976 praescribis?
793 904 879 957 An
913 901 1107 972 potius
1147 899 1368 970 aliquid
1403 899 1644 953 uberius
1691 895 2039 950 desideras?

391 994 500 1050 Sed
525 993 679 1047 haud
706 991 880 1047 dubie
901 989 1230 1062 praescribis
1255 1007 1268 1057 ;
1299 988 1441 1044 satis
1469 987 1624 1042 enim
1649 985 1882 1056 longam
1915 1000 2040 1039 ora-

388 1082 608 1138 tionem
637 1079 976 1136 habuimus.
1016 1079 1134 1134 Hoc
1183 1094 1315 1132 vero
1348 1076 1515 1146 mihi,
1564 1091 1704 1146 pace
1735 1079 1852 1139 tua,
1887 1073 2038 1143 adji-

393 1187 520 1227 cere
551 1171 738 1226 liceat.
801 1169 910 1224 Fac
959 1169 1240 1231 sciamus,
1299 1182 1554 1238 quanam
1606 1164 1664 1218 in
1721 1162 1905 1234 gloria
1934 1161 2036 1232 sis,

392 1262 546 1333 quod
599 1260 797 1314 lumen
847 1264 902 1313 te
959 1257 1320 1321 circumstet,
1375 1261 1550 1325 atque
1604 1269 1842 1308 uxorem
1875 1256 2036 1305 tuam

392 1349 692 1421 aliquanto
725 1352 874 1419 post,
909 1351 966 1401 et
1005 1345 1238 1410 liberos,
1287 1359 1536 1414 quorum
1573 1343 1747 1396 funus
1795 1337 2038 1394 deduxi-

391 1439 487 1509 sti,
523 1454 588 1494 ac
616 1454 708 1492 me
741 1451 988 1506 quoque,
1036 1439 1137 1490 aut
1170 1431 1316 1487 nihil
1362 1431 1574 1498 adhuc,
1609 1434 1710 1484 aut
1756 1433 1908 1483 certe
1939 1444 2040 1498 pa-

392 1542 522 1582 rum
554 1527 734 1596 hujus
765 1525 896 1579 vita;
945 1522 1117 1578 malis
1158 1521 1462 1583 afﬂictum,
1514 1519 1720 1574 iisdem
1766 1518 2038 1572 taberna-

390 1614 538 1670 culis
585 1614 819 1685 excipe:
881 1616 1056 1682 atque
1105 1617 1236 1665 ante
1293 1607 1689 1672 tabernacula,
1743 1605 1852 1659 hoc
1883 1602 2039 1658 dulci

387 1703 601 1774 lapide,
651 1717 823 1772 quem
881 1700 1166 1755 ambobus
1223 1697 1390 1752 nobis
1450 1695 1730 1762 statuisti,
1777 1692 2042 1748 videlicet

390 1793 486 1848 hic
518 1807 750 1863 quoque
782 1790 1143 1844 sacerdotem
1191 1792 1360 1841 tuum
1391 1792 1448 1840 et
1497 1783 1904 1855 cognominem
1936 1781 2037 1836 ho-

390 1897 530 1936 nore
561 1880 844 1944 afﬁciens,
897 1881 954 1932 et
1004 1876 1258 1933 sermoni
1303 1874 1714 1946 praztermisso,
1761 1877 1817 1927 et
1865 1872 1922 1925 in
1956 1870 2038 1924 tui

390 1969 641 2042 gratiam
673 1972 997 2038 assumpto,
1030 1965 1302 2036 ignosce:
1337 1980 1402 2019 ac
1434 1963 1706 2034 denique,
1740 1977 1873 2015 cum
1905 1976 2040 2030 gre-

389 2073 519 2129 gem
552 2057 910 2123 universum,
937 2060 993 2110 et
1013 2054 1317 2125 pontilices
1339 2069 1563 2118 omnes,
1592 2067 1843 2122 quorum
1878 2053 2041 2120 pater

390 2149 626 2201 vocatus
657 2161 738 2211 es,
790 2149 918 2199 tum
952 2159 1045 2198 me
1091 2141 1439 2214 prasertim,
1490 2145 1727 2212 paterae
1774 2156 1840 2194 ac
1865 2137 2038 2208 spiri-

386 2234 625 2290 tualiter
680 2240 968 2297 coactum,
1023 2231 1262 2302 periculi
1321 2247 1558 2285 securos
1625 2232 1907 2300 guberna,
1967 2241 2039 2281 ne

386 2323 500 2377 vim
539 2322 682 2376 mihi
716 2323 820 2376 abs
848 2325 904 2375 te
936 2319 1158 2375 illatam
1193 2333 1616 2390 usquequaque
1644 2332 1937 2371 accusem.

457 2410 600 2465 XLI.
637 2414 710 2464 At
740 2415 826 2475 tu,
861 2408 1001 2480 quid
1052 2422 1275 2478 censes,
1322 2423 1354 2460 ο
1401 2422 1737 2461 sermonum
1774 2418 2035 2459 meorum

385 2503 444 2554 et
474 2498 863 2569 agitationum
888 2496 1117 2566 judex‘!
1145 2495 1206 2550 Si
1251 2495 1370 2549 haec
1402 2498 1492 2549 sat
1523 2493 1826 2548 commode
1857 2497 1911 2546 et
1941 2507 2034 2546 co-

386 2587 568 2658 piose,
597 2593 774 2657 atque
804 2591 869 2639 ut
915 2583 1230 2656 cupiditate
1278 2587 1379 2638 tua
1425 2583 1668 2654 dignum
1709 2586 1852 2648 erat,
1885 2583 2038 2636 dicta

388 2681 546 2742 sunt,
598 2676 705 2731 hoc
764 2673 985 2730 calculo
1034 2677 1135 2728 tuo
1193 2673 1494 2741 conﬁrma,
1553 2676 1610 2726 et
1656 2671 2032 2743 accipiemus.

389 2767 534 2822 Nam
569 2764 824 2837 profecto
875 2763 972 2817 Dei
1027 2760 1284 2817 calculus
1328 2765 1466 2814 tuus
1504 2759 1763 2814 calculus
1794 2765 1902 2814 est.
1937 2761 2033 2815 Sin

389 2860 584 2910 autem
615 2853 785 2922 longe
843 2852 994 2906 infra
1026 2849 1210 2921 ipsius
1267 2849 1513 2921 gloriam
1561 2853 1618 2904 et
1674 2865 1838 2918 spem
1870 2853 2032 2904 tuam

387 2942 786 3006 substitimus,
820 2940 877 2994 in
938 2944 1214 3011 promptu
1261 2943 1351 2993 est
1406 2938 1504 3008 qui
1549 2939 1850 3009 suppetias
1881 2939 2027 2993 861

387 3033 552 3088 ferat.
584 3030 794 3085 Vocem
828 3033 1013 3092 tuam,
1063 3031 1403 3098 opportunae
1447 3026 1649 3096 pluvia:
1697 3025 1905 3091 instar,
1939 3043 2036 3080 ex-

386 3121 626 3192 petitam
659 3118 817 3173 illius
847 3116 1121 3172 laudibus
1164 3116 1435 3170 immitte.
1470 3121 1550 3168 Ac
1580 3131 1720 3169 sane
1751 3115 1876 3186 ipse
1912 3133 2032 3170 ma-

384 3209 558 3264 ximis
588 3215 644 3263 te
675 3207 946 3263 nomibus
978 3205 1088 3261 sibi
1118 3206 1431 3260 obnoxium
1456 3211 1512 3260 et
1543 3204 1891 3259 obstrictum
1925 3204 2031 3258 ha-

2149 631 2340 680 τοῦτον
2376 622 2634 696 ἔπαινονς
2666 627 2755 680 καὶ
2788 624 2948 689 δίδως
2985 629 3207 702 εἷρήνην
3257 629 3337 700 τῷ
3369 628 3544 704 λόγῳ,
3575 631 3666 685 τὸν
3697 652 3803 685 πα-

2150 712 2300 768 λαιὸν
2328 713 2550 789 τρόπον,
2583 715 2853 779 κάνταῦθα
2899 716 3094 771 τυῦτον
3145 717 3370 791 ὁρίζεις,
3435 719 3648 796 φεύγων
3707 719 3801 772 τὸν

2147 802 2330 874 κόρον,
2365 804 2437 863 ὡς
2470 803 2527 857 ἂν
2562 802 2643 872 εἷὴ
2679 803 3030 880 σύμμετρος;
3063 807 3097 875 ἢ
3129 805 3249 861 τίνα
3305 809 3620 882 προσθήκην
3681 807 3800 862 ἐπι-

2151 897 2366 962 ζητεῖς;
2427 893 2670 968 Ὀρίζεις,
2722 891 2824 947 οἶδ’
2874 894 2956 949 δτι
2983 913 2996 928 ⁸
3047 897 3135 950 καὶ
3178 895 3278 972 γὰρ
3309 897 3600 973 αὐτάρκης.
3632 903 3801 952 Ἐκεῖ-

2147 1003 2208 1035 νο
2259 980 2315 1035 δὲ
2372 987 2685 1056 προσθεῖναι
2737 985 3135 1059 συγχώρησον·
3189 987 3458 1061 Γνώρισον
3505 989 3640 1059 ἡμῖν
3692 991 3802 1042 ποῦ

2148 1091 2278 1124 ποτε
2311 1071 2356 1125 εἷ
2394 1069 2575 1142 δόξης,
2607 1073 2694 1126 καὶ
2743 1073 2805 1126 τὸ
2861 1073 2985 1149 περὶ
3019 1074 3075 1127 σε
3116 1079 3252 1151 φῶς,
3286 1074 3375 1129 καὶ
3405 1077 3504 1145 τὴν
3548 1077 3645 1145 σὴν
3683 1075 3800 1148 μετ’

2153 1158 2339 1232 ὀλίγον
2394 1159 2640 1234 ὁμόζυγα
2679 1163 2812 1234 (21),
2846 1162 3073 1216 καὶτῶν
3102 1164 3326 1232 τέκνων,
3379 1164 3409 1218 ἃ
3461 1165 3805 1238 προκατέθα-

2147 1251 2252 1321 ψας
2302 1252 2414 1321 (22)
2440 1269 2452 1281 '
2505 1249 2646 1322 κάμὲ
2689 1256 2806 1312 ταῖς
2859 1251 3044 1314 αὐταῖς
3085 1249 3226 1323 δέξαι
3258 1259 3500 1326 σκηναῖς,
3531 1254 3564 1322 ἢ
3631 1250 3800 1326 μηδὶν

2149 1335 2248 1409 ἔτι,
2279 1339 2312 1406 ἢ
2363 1340 2530 1414 μικρὰ
2558 1343 2636 1410 τῷ
2671 1339 2776 1413 βίῳ
2804 1340 2982 1412 τούτῳ
3026 1344 3470 1412 κακοπαθήσοντα
3495 1362 3505 1374 ·
3557 1343 3647 1396 καὶ
3694 1343 3804 1416 πρὸ

2145 1431 2253 1480 τῶν
2289 1432 2520 1495 σκηνῶν,
2571 1431 2648 1498 τῷ
2693 1427 2888 1501 γλυκεῖ
2928 1427 3066 1502 λίθῳ
3097 1433 3210 1502 (23)
3243 1430 3439 1503 τούτῳ,
3481 1430 3538 1485 ὅν
3573 1431 3810 1508 ἀμφοτέ-

2150 1535 2266 1588 ροις
2325 1510 2575 1586 ἔστησας,
2627 1521 2804 1588 τιμῶν
2859 1516 3128 1580 κάκθταῦθα
3185 1520 3275 1572 τὸν
3355 1521 3444 1573 σὸν
3518 1520 3661 1595 ἱερὸν
3712 1521 3805 1574 καὶ

2151 1603 2483 1675 ὁμώνυμον·
2542 1604 2629 1658 καὶ
2678 1610 2774 1659 τοῦ
2826 1604 2997 1681 λόγου
3039 1611 3152 1680 (24)
3204 1609 3525 1684 συγγνώμην
3559 1606 3674 1684 ἔχε,
3707 1613 3808 1662 τοῦ

2145 1713 2204 1746 τε
2262 1694 2606 1768 παρεθέντος,
2665 1696 2755 1748 καὶ
2811 1700 2907 1749 τοῦ
2965 1695 3412 1774 προσληφθέντος
3471 1699 3568 1766 σήν
3614 1697 3803 1774 χάριν.

2149 1781 2246 1834 Καὶ
2294 1779 2559 1856 διεξάγοις
2617 1780 2910 1845 ἀκινδύνως
2960 1787 3090 1858 (25),
3157 1786 3391 1857 μάλιστα
3445 1787 3540 1859 μὶν
3594 1788 3803 1841 ἅπασαν

2147 1870 2388 1943 ποίμνην
2445 1870 2534 1925 καί
2590 1879 2793 1933 πάντας
2843 1872 3131 1948 ἀρχιερέας
3191 1876 3265 1928 ὧν
3327 1873 3566 1946 ἐκλήθης
3619 1877 3803 1952 πατήρ

2147 1959 2430 2036 ἐξαιρέτως
2464 1957 2520 2013 δὲ
2551 1961 2639 2014 τὸν
2676 1961 2779 2015 ὑπὸ
2812 1965 2905 2015 σοῦ
2941 1962 3244 2036 βιασθέντα,
3277 1965 3368 2018 καὶ
3401 1965 3806 2038 τυραννηθέντα

2147 2053 2422 2123 πατρικῶς
2479 2069 2537 2102 τε
2591 2049 2680 2102 καὶ
2737 2056 3138 2123 πνευματικῶς,
3191 2052 3265 2113 ὡς
3326 2051 3383 2106 ἂν
3437 2054 3510 2127 μὴ
3545 2055 3715 2107 πάντα
3747 2075 3806 2108 σε

2151 2138 2471 2215 μεμφοίμην
2505 2141 2602 2206 τῆς
2634 2137 2910 2214 τυραννίδο
2922 2162 2964 2201 ς.

2220 2405 2350 2460 ΜΑ’.
2389 2405 2485 2458 Σοὶ
2517 2401 2710 2477 δὲ(26)
2765 2404 2817 2459 τί
2868 2403 3156 2478 δοκοῦμεν,
3203 2407 3246 2460 ὦ
3294 2408 3452 2480 κριτᾶ
3496 2411 3604 2462 τῶν
3651 2407 3802 2480 ἐμῶν

2147 2490 2323 2568 λόγων
2381 2492 2470 2546 καὶ
2514 2494 2873 2566 κινημάτων;
2927 2494 2990 2548 Εἴ
3039 2495 3132 2568 μὲν
3182 2495 3458 2568 αὐτάρκως
3503 2494 3799 2552 διείλεκται

2141 2585 2330 2652 ταῦτα,
2387 2580 2474 2634 καὶ
2527 2585 2624 2650 τῆς
2678 2588 2777 2652 σῆς
2834 2581 3123 2656 ἐπιθυμίας
3171 2585 3354 2655 ἀξίως,
3404 2589 3562 2640 τοῦτο
3592 2585 3800 2660 ἐπιψήο

2145 2691 2298 2746 φισον
2349 2671 2483 2743 (27),
2530 2671 2619 2724 καὶ
2670 2668 2981 2746 δεχόμεθα·
3033 2672 3248 2736 πάντως
3300 2671 3357 2728 δὲ
3414 2679 3546 2728 Θεοῦ
3611 2679 3796 2752 ψῆφος

2143 2761 2177 2828 ἡ
2212 2761 2299 2828 σή.
2340 2759 2396 2812 Εἰ
2429 2757 2485 2812 δὲ
2513 2761 2657 2832 παρά
2687 2759 2830 2814 πολὺ
2859 2769 2958 2830 τῆς
2991 2761 3192 2816 ἐκείνου
3227 2759 3406 2834 δόξης,
3434 2764 3522 2818 καὶ
3567 2767 3663 2832 τῆς
3693 2771 3794 2833 σῆς

2143 2845 2386 2917 ἐλπίδος,
2421 2847 2582 2922 ἐγγὺς
2615 2850 2642 2902 δ
2676 2849 2991 2924 σύμμαχος.
3028 2852 3261 2928 Ἐπάφες
3309 2853 3408 2920 τῆν
3462 2853 3560 2920 σήν
3608 2853 3797 2929 φωνὴν

2143 2943 2258 2998 τοῖς
2303 2936 2507 2990 ἐκείνου
2553 2936 2745 2999 καλοῖς
2803 2935 3285 3012 προσδοκωμένην,
3347 2940 3422 3000 ὡς
3455 2941 3604 2994 ὑετὸν
3659 2939 3797 3016 ὥρι-

2148 3047 2245 3098 μον
2281 3029 2392 3097 (28)
2417 3045 2429 3056 ⁶
2464 3025 2678 3087 παντως
2709 3024 2763 3080 δὲ
2797 3026 3082 3102 ὑπόχρεων
3114 3025 3228 3104 ἔχει
3261 3050 3318 3083 σε
3363 3034 3468 3082 τῶν
3503 3029 3797 3105 μεγίστων,

2142 3115 2230 3168 καὶ
2289 3115 2364 3174 ὡς
2412 3114 2647 3187 ποιμένα
2693 3118 2926 3188 ποιμὴν,
2977 3117 3067 3170 καὶ
3117 3118 3192 3179 ὡς
3242 3119 3421 3193 πατὴρ
3467 3119 3580 3172 υἱὸν
3612 3120 3704 3172 τὸν
3742 3118 3795 3173 ἐν

2143 3202 2348 3278 χάριτι.
2399 3201 2458 3255 Τί
2506 3202 2836 3276 θαυμαστὸν,
2886 3203 2932 3258 εἲ
2977 3201 3065 3258 διὰ
3118 3207 3232 3277 (29)
3260 3211 3356 3260 σοῦ
3392 3206 3693 3282 βροντήσας
3726 3210 3799 3281 τῇ

388 3300 505 3368 bet,
539 3313 747 3367 nempe
776 3300 830 3351 et
884 3300 947 3350 ut
975 3299 1174 3365 pastor
1223 3297 1536 3366 pastorem,
1586 3297 1643 3348 et
1673 3298 1738 3347 ut
1770 3297 1933 3363 pater
1963 3293 2032 3346 Ii-

2155 3290 2461 3364 οίκουμὲνῃ,
2491 3291 2580 3345 καὶ
2611 3291 2770 3354 αὐτός
2801 3314 2854 3346 τι
2882 3300 2982 3362 τῆς
3017 3300 3118 3362 σῆς
3167 3301 3354 3369 φωνῆς
3395 3293 3753 3350 ἀπολαύσειεν
3786 3315 3799 3365 ;

386 3387 553 3456 lium,
587 3385 738 3457 quod
789 3384 1024 3455 quidem
1056 3384 1125 3438 ad
1174 3382 1423 3452 gratiam
1468 3381 1693 3437 attinet.
1727 3382 1872 3446 Quid
1906 3397 2039 3436 vero

390 3476 751 3541 mirandum,
783 3472 854 3538 si,
887 3471 986 3544 qui
1035 3475 1320 3527 terrarum
1369 3470 1493 3525 orbi
1547 3487 1649 3541 per
1674 3474 1730 3524 te
1760 3469 2037 3537 intonuit,

390 3565 546 3620 idem
579 3578 736 3617 nunc
784 3561 1040 3615 fructum
1089 3575 1322 3630 quoque
1371 3558 1624 3629 aliquem
1659 3575 1727 3612 ex
1774 3561 1874 3613 tua
1905 3575 2041 3614 voce

2148 3379 2207 3432 Τί
2241 3377 2322 3433 δεῖ
2353 3379 2544 3434 λοιπόν
2572 3399 2584 3448 ;
2618 3385 2693 3454 Τῇ
2726 3385 3063 3455 πνευματικῇ
3099 3381 3301 3457 Σάῥρᾳ,
3357 3387 3424 3456 τῇ
3479 3387 3578 3438 τοῦ
3636 3386 3803 3460 μεγά-

2151 3465 2250 3522 λου
2282 3469 2481 3542 πατρὸς
2510 3471 2669 3542 ἡμῶν
2702 3466 2970 3544 ’Δὸραὰμ,
3002 3470 3090 3525 καὶ
3121 3470 3404 3546 ὁμοζόγῳ,
3431 3473 3520 3526 καὶ
3572 3472 3807 3547 ἷσοχρό-

2149 3578 2248 3630 νῳ,
2282 3557 2762 3636 συμφιλοσοφῆσαι
2793 3561 2861 3614 τὰ
2893 3557 3148 3631 ἐπικήδια
3180 3563 3312 3634 (30).

394 3652 634 3724 capiat?
667 3654 861 3706 Restat
883 3649 1031 3720 jam,
1067 3653 1131 3703 ut
1160 3665 1293 3702 cum
1330 3647 1618 3718 spirituali
1651 3648 1814 3713 Sara,
1867 3649 2066 3720 magni
2099 3648 2280 3703 nostri
2333 3649 2518 3720 patris
2568 3650 2811 3706 Abrahae
2843 3653 3113 3724 conjuge,
3166 3656 3343 3724 atque
3381 3651 3648 3722 ejusdem
3679 3658 3804 3709 ata-

395 3742 514 3808 tiis,
548 3743 650 3796 des
678 3741 769 3809 iis,
805 3756 932 3810 quae
965 3737 1034 3792 ad
1064 3738 1263 3791 fumus
1293 3740 1578 3808 spectant,
1612 3737 1917 3791 disseram.

465 3831 626 3886 XLII.
661 3829 783 3884 Non
813 3833 921 3893 est,
948 3843 981 3882 ο
1012 3831 1219 3896 mater,
1259 3827 1462 3880 eadem
1521 3826 1612 3879 Dei
1645 3830 1702 3880 et
1732 3825 2036 3880 hominum

394 3925 640 3986 natura;
677 3922 797 3983 aut,
848 3921 912 3971 ut
955 3916 1014 3970 in
1064 3931 1272 3986 genere
1320 3914 1548 3984 loquar,
1601 3929 1948 3984 superorum
1981 3919 2038 3969 et

385 4007 773 4064 terrestrium.
809 4005 977 4076 Apud
1010 4004 1140 4059 illos
1171 4003 1328 4058 enim
1379 4008 1653 4058 constans
1699 4007 1757 4057 et
1794 4002 2035 4057 immor-

384 4095 501 4150 tale
530 4099 634 4158 est,
667 4099 793 4149 tum
824 4094 1019 4165 ipsum
1051 4109 1200 4160 esse,
1232 4096 1358 4146 tum
1393 4107 1754 4162 quacunque
1784 4092 1854 4146 ad
1888 4090 2032 4146 illud

385 4184 698 4256 pertinent.
751 4182 1079 4238 Firmorum
1132 4180 1287 4235 enim
1349 4196 1440 4234 res
1488 4181 1666 4234 ﬁrmae
1714 4183 1878 4235 sunt.
1921 4179 2031 4234 Res

459 4317 568 4389 (21)
598 4313 892 4389 Ὀμόζυγα.
926 4315 1020 4368 Sic
1051 4314 1190 4384 Reg.
1222 4331 1274 4381 a,
1307 4313 1428 4379 bm,
1461 4311 1554 4367 Or.
1582 4314 1632 4381 1,
1663 4313 1782 4368 Jes.
1817 4319 1882 4368 1n
1919 4314 2035 4380 ed.,

394 4386 1042 4532 ὁξὶέἒΐγῗῐνροκατὲθ-αψαςζ
1065 4479 1091 4505 ‹‹
1127 4456 1280 4532 Quos
1312 4453 1538 4532 tumulo
1569 4454 1976 4532 composuisti.
2011 4477 2031 4503 ι

387 4526 612 4601 Regna,
647 4526 762 4584 duo
793 4526 974 4593 Colb.,
1008 4528 1104 4582 Or.
1137 4528 1188 4592 1,
1221 4530 1363 4589 Jes.,
1397 4527 1519 4596 ipse
1569 4526 1796 4589 Billius,
1827 4544 2032 4601 ’προκα-
2066 4536 2112 4599 D

385 4596 634 4666 τὲλαϐες,
678 4624 705 4652 ‹‹
760 4601 816 4653 in
878 4604 1268 4661 antecessum,
1330 4604 1676 4669 praevertens
1739 4596 2034 4669 accepisti,

387 4676 553 4746 prius
583 4673 903 4746 occupasti.
929 4694 956 4746 ξ)

456 4747 569 4817 (23)
597 4749 682 4814 Τῷ
710 4738 900 4818 γλυκεῖ
931 4739 1082 4811 λίθῳ.
1119 4741 1174 4818 Id
1213 4746 1319 4818 est,
1347 4738 1540 4810 inquit
1565 4738 1799 4818 _Elias,_«.
1827 4739 2028 4818 Sepulf

385 4810 664 4902 magna
682 4810 894 4902 corpus
943 4810 1110 4902 tuum
1159 4814 1394 4902 tegitur,
1429 4813 1578 4902 quod
1615 4815 1670 4865 et
1699 4810 1802 4891 tibi
1834 4811 1944 4902 ipsi
1977 4814 2033 4864 et

385 4880 870 4943 mihi-statuisti.
922 4909 947 4934 »
995 4885 1137 4952 Mox,
1190 4880 1252 4935 τὸ
1313 4881 1400 4934 σὸν
1463 4880 1628 4954 ἱερόν,
1664 4905 1689 4929 ‹‹
1737 4881 2034 4954 victimam

386 4965 570 5014 tuam.
603 4983 628 5008 »
664 4961 760 5014 Sic
807 4957 1195 5014 Combelisius
1242 4955 1490 5008 libenter
1518 4953 1773 5023 legeret.
1829 4953 2032 5008 Billius

383 5031 596 5102 legisse
627 5032 873 5095 videtur,
904 5027 1069 5102 ispéa,
1099 5049 1126 5077 «
1159 5027 1606 5102 sacerdotem.»

456 5094 567 5174 ('24)
601 5103 696 5154 Καὶ
755 5105 850 5154 τοῦ
909 5094 1092 5174 λόγου.
1148 5103 1266 5174 pu‘o
1316 5094 1664 5174 Quislu‘tres
1721 5094 2030 5174 Oolbmpr.

384 5165 587 5240 1,339}
621 5179 677 5228 et
725 5175 900 5237 Elias,
944 5165 1032 5240 καὶ
1081 5172 1177 5220 τοῦ
1227 5166 1384 5228 λαοῦ,
1424 5171 1536 5240 «et
1569 5165 1856 5240 populo.»
1888 5166 2034 5221 Hinc

379 5235 575 5318 Schol.
614 5263 625 5299 :
662 5235 961 5318 Η-αρεθεντα
1008 5239 1170 5318 λαὸν,
1207 5241 1304 5318 τὸν
1346 5235 1598 5318 gae-{am
1651 5235 1834 5318 141152,.
1865 5256 2032 5310 προσ-

420 5317 654 5395 ηιρθὲντα
695 5308 755 5368 δὲ’
796 5315 886 5368 τὸν
941 5314 1266 5395 Ναζιανζοῦοὶ
1293 5333 1322 5395 «I
1359 5309 1642 5395 Populum
1693 5308 2029 5376 dimissum,

381 5381 483 5446 seu
507 5389 798 5454 relictum,
823 5388 1184 5442 Sasimorum
1213 5381 1441 5454 plebem
1467 5381 1637 5454 dicit;
1660 5385 2031 5454 assumptum

381 5479 534 5527 vero,
564 5452 1049 5515 NazianZonui‘n.»
1075 5452 1487 5527 Quin—quidem
1512 5453 1681 5506 lectio
1711 5452 1914 5506 melior
1942 5452 2030 5527 vi-

379 5525 566 5588 detur.
604 5533 750 5586 Petit
780 5531 1132 5598 Theologus,
1162 5525 1590 5598 exstinctojam
1623 5529 1800 5592 patre,
1842 5525 2028 5577 utriu-

379 5621 526 5674 sque
558 5604 741 5674 plebis
780 5620 921 5658 cura
972 5600 1228 5664 liberari,
1264 5604 1382 5674 tum
1435 5597 1825 5674 Sasimorum,
1850 5612 2027 5666 quam

379 5667 605 5744 pridem
639 5675 973 5744 reliquerat,
1007 5669 1556 5744 tum‘Nazianzcnae,
1586 5684 1760 5738 quam
1813 5667 1868 5720 in
1896 5683 2029 5744 Apa-

381 5738 488 5799 tris
521 5738 789 5816 gratiam,
821 5762 888 5802 ac
931 5746 1115 5800 donec
1147 5741 1204 5796 in
1236 5741 1362 5796 vitae
1412 5748 1709 5812 superstes
1757 5741 1930 5804 esset,
1967 5738 2026 5792 in

2221 3825 2350 3880 MB'.
2401 3824 2517 3900 Οὐχ
2564 3827 2598 3894 ἡ
2649 3825 2784 3895 αὐτή
2835 3827 3013 3904 φύσις,
3065 3829 3109 3881 ὦ
3169 3835 3362 3904 μῆτερ,
3413 3833 3548 3884 Θεοῦ
3587 3829 3677 3883 καὶ
3711 3831 3806 3884 ἆν-

2145 3914 2376 3987 θρώπων
2423 3916 2572 3987 (31)·
2636 3914 2849 3987 μᾶλλον
2905 3914 2961 3970 δὲ
3012 3916 3158 3979 ὅλως
3207 3923 3315 3972 τῶν
3368 3918 3521 3981 θείων
3551 3919 3641 3972 καὶ
3688 3924 3804 3975 τῶν

2146 4001 2412 4078 ἐπιγείωνο
2467 4004 2597 4079 Παρ’
2651 4003 2874 4066 ἐκείνοις
2928 4005 3021 4078 μὲν
3067 4006 3129 4060 τὸ
3182 4008 3442 4083 ἄτρεπτον
3479 4006 3567 4060 καὶ
3600 4008 3806 4062 ἀθανα-

2140 4111 2256 4160 τον,
2306 4089 2470 4145 αὐτοῦ
2513 4112 2572 4146 τε
2624 4097 2722 4146 τοῦ
2771 4093 2926 4162 εἶναι,
2967 4095 3056 4147 καὶ
3095 4098 3200 4148 τῶν
3235 4093 3334 4149 ὅσα
3361 4099 3458 4150 τοῦ
3489 4094 3622 4149 εἶναι
3650 4117 3662 4129 ·
3691 4101 3804 4150 τῶν

2140 4178 2239 4254 γὰρ
2297 4179 2506 4253 παγίων
2563 4181 2630 4233 τὰ
2687 4181 2877 4254 πάγια.
2939 4183 3012 4235 Τὰ
3071 4179 3127 4236 δέ
3184 4183 3427 4259 ἡμέτερα
3483 4187 3598 4245 πῶς
3647 4180 3808 4261 ἕχει;

2150 4329 2212 4395 se
2245 4319 2568 4395 receperat.
2612 4314 2708 4395 Sic
2755 4331 2888 4385 ergo
2939 4317 3293 4395 reddiderim
3328 4335 3342 4374 :
3372 4339 3399 4371 α
3428 4318 3503 4373 da
3550 4318 3809 4388 veniam,

2150 4384 2462 4468 plebisque.
2483 4391 2606 4466 tum
2636 4387 2764 4468 ejus
2794 4384 2922 4458 quea
2954 4406 2987 4442 a
3016 4405 3109 4468 me
3143 4389 3344 4445 relicta
3374 4395 3483 4460 est,
3516 4394 3642 4445 tum
3673 4384 3807 4460 ejus

2149 4473 2323 4532 quam
2358 4462 2415 4532 in
2450 4462 2538 4532 tui_
2563 4462 2810 4532 gratiam
2841 4463 3092 4532 suscepi,
3117 4482 3144 4509 »
3177 4468 3290 4516 etc.

2217 4528 2328 4598 (25)
2361 4524 2708 4604 'Axw§'_5:vt_nc.
2761 4549 2782 4576 ι
2808 4532 2989 4604 ,Citra
3014 4524 3381 4603 "periculum,
3417 4531 3662 4603 periculi
3717 4549 3809 4587 se-

2147 4616 2338 4654 curos.
2371 4622 2398 4648 »
2430 4602 2474 4654 A
2506 4599 2671 4655 Billio
2702 4603 3012 4658 omissum.

2361 4671 2458 4722 Σοὶ
2509 4667 2584 4725 δὲ.
2634 4673 2818 4747 S960].
2868 4673 3074 4747 _:_Ilpcc
3122 4671 3214 4726 τὸν
3277 4673 3440 4746 μέγαν
3494 4669 3803 4727 Βασίλειον·

2147 4759 2168 4787 ι
2205 4741 2483 4816 Magnum
2518 4743 2796 4816 Basilium
2830 4741 3169 4816 alloquitur.
3199 4766 3226 4793 ››

2213 4815 2324 4884 (27)
2357 4814 2739 4890 Ἐπιψήφισον.
2804 4813 3064 4888 Regfa,
3126 4816 3256 4886 bm,
3315 4814 3410 4870 Or.
3474 4816 3536 4881 1,
3598 4813 3804 4885 ἐπιψή-

2190 4902 2318 4936 ισαι.

2145 4903 2327 5023 φιῗὲέ)
2353 4955 2606 5028 "tgptpcv.
2643 4956 2849 5011 Billius
2883 4975 2895 5012 :
2924 4980 2950 5007 «
2990 4963 3249 5012 maturae.
3285 4979 3312 5006 »

2214 5027 2328 5101 (29)
2471 5023 2581 5101 διά,
2632 5033 2740 5082 etc.
2794 5028 2887 5101 Sic
2939 5029 3078 5101 Reg.
3131 5031 3251 5098 bm,
3306 5027 3479 5084 Coisl.
3516 5028 3567 5087 1.
3619 5027 3717 5101 Or.
3754 5029 3807 5101 1.

2265 5093 2354 5151 ed.
2391 5096 2468 5178 ﬁ].
2500 5093 2605 5149 διά.
2648 5121 2683 5178 _«
2732 5099 2881 5178 Quid
2938 5093 3154 5178 autem
3200 5093 3559 5178 mirandum,
3607 5099 3814 5178 inquit

2144 5167 2320 5234 Elias,
2354 5168 2404 5223 si
2453 5169 2527 5234 is,
2561 5170 2659 5240 qui
2712 5171 2981 5226 universo
3032 5171 3158 5227 orbi
3217 5171 3536 5226 salutarem
3588 5167 3811 5225 doctri-

2144 5256 2416 5323 namhper
2445 5245 2500 5295 te
2530 5240 2803 5310 intonuit,
2841 5247 3041 5314 utpote
3071 5242 3172 5323 qui
3216 5243 3324 5323 tibi
3370 5241 3813 5323 manusuimpo-

2143 5312 2503 5393 suerituipse
2547 5329 2777 5393 quoque
2805 5312 3491 5393 _ex:voce_tua_fr_uctum
3542 5312 3811 5393 aliquem

2143 5384 2372 5452 capiat?
2406 5405 2431 5431 ››
2465 5385 2718 5440 Basilius
2769 5385 3084 5467 siquidem,
3118 5387 3215 5457 qui
3288 5387 3343 5442 ia
3393 5384 3663 5440 doctrina
3713 5403 3817 5441 or-

2143 5455 2270 5529 bem
2306 5453 2582 5529 replebat,
2618 5456 2877 5528 Gregorii
2927 5459 3110 5529 patris
3141 5403 3336 5514 stugio
3367 5461 3424 5513 et
3453 5471 3649 5528 opera,
3686 5457 3814 5512 Cae-

2143 5492 2270 5534 υυιξλ
2308 5492 2582 5536 ιι-ὲίιυυιῖυ,
2618 5492 2877 5528 υιῠδυιιι
2928 5492 3110 5529 μαιιιῠ
3141 5492 3336 5514 διυυιυ
3367 5492 3424 5513 ου
3453 5492 3649 5528 υγοια,

2141 5543 2420 5598 sariensis
2455 5543 2765 5598 episcopus
2793 5535 3022 5585 creatus
3055 5531 3277 5598 fuerat.

2209 5597 2322 5666 (30)
2353 5597 2427 5670 Τὰ
2455 5594 2732 5670 ἐπικήδια.
2769 5601 2865 5656 Or.
2901 5602 2952 5668 1,
2983 5600 3048 5654 τὰ
3094 5597 3399 5670 ἐπικήδεια.

2210 5664 2320 5740 (31)
2352 5664 2700 5743 Ἀνδρώπων.
2733 5672 2796 5728 In
2845 5664 3168 5743 nonnullis,
3202 5664 3512 5750 ἀνθρώπου.
