4094 6288
343 381 492 442 1041

1271 389 1566 450 ORATIO
1610 389 1822 449 XVIII.
1855 421 1931 429 —
1959 386 2348 448 FUNEBBIS
2397 387 2471 443 IN
2521 385 2864 445 PA'I‘BEM.

3598 383 3754 444 1042

351 517 464 569 Ῥεῖ
489 533 547 567 τε
575 516 664 567 καί
703 512 973 590 φθείρεται
1007 518 1142 588 (32),
1181 517 1267 571 καὶ
1302 514 1502 572 ἄλλοτε
1534 517 1710 589 ἄλλην
1772 513 1985 590 λαμϐά-

2112 523 2294 572 1utcm
2330 522 2537 572 nostrae
2572 534 2687 588 quo
2721 521 2888 588 pacto
2916 533 2976 570 se
3007 515 3267 570 habent?
3300 516 3513 570 Fluunt
3543 521 3598 571 et
3621 533 3754 575 .cor-

343 623 421 656 νει
477 596 811 674 μεταϐολήν.
863 606 985 673 Ζωὴ
1037 611 1162 680 γοῦν
1214 606 1301 660 καὶ
1361 607 1605 675 θάνατος,
1667 610 1815 662 ταῦθ’
1863 608 1994 681 ἅπερ

343 689 580 766 λέγεται,
641 689 896 746 πλεῖστον
954 692 1220 764 ἀλλήλων
1274 693 1543 774 διαφέρειν
1604 695 1884 765 δοκοῦντα,
1919 696 1996 757 εἷς

344 777 570 850 ἄλληλα
618 787 922 856 περιχωρεῖ
978 804 1094 844 πως
1147 785 1235 838 καὶ
1296 786 1743 842 ἀντικαθίσταται.
1803 787 1864 842 Ἡ
1901 786 1994 857 μὲν

343 869 446 943 γὰρ
482 868 541 922 ἐκ
571 875 772 944 φθορᾶς
823 871 1105 945 ἀρχομένη
1164 880 1263 942 τῆς
1320 878 1525 950 μητρὸς
1572 879 1754 948 ἡμων,
1787 875 1874 929 καὶ
1907 872 1994 928 διὰ

342 959 542 1033 φθορᾶς
591 955 851 1012 ὁδεύουσα
907 966 1006 1028 τῆς
1068 961 1148 1014 ἀεὶ
1206 967 1298 1015 τοῦ
1355 963 1623 1038 παρόντος
1675 963 1991 1034 ἐκστάσεως,

342 1045 416 1107 εἷς
451 1045 650 1122 φθορὰν
697 1047 1048 1125 καταστρέφει
1095 1051 1193 1118 τὴν
1250 1055 1347 1104 τοῦ
1383 1052 1501 1126 βίου
1531 1051 1725 1107 τούτου
1757 1050 1991 1106 κατάλυ-

341 1154 422 1187 σιν
450 1153 462 1164 ·
498 1135 526 1187 6
576 1132 632 1189 δὲ
684 1140 790 1189 τῶν
838 1137 1062 1201 ἐνταῦθα
1110 1144 1288 1192 κακῶν
1344 1140 1670 1216 ἀπαλλαγὴν
1705 1139 1872 1216 ἔχων,
1906 1141 1993 1194 καὶ

339 1222 474 1295 πρὸς
513 1224 613 1292 τὴν
666 1225 774 1278 ἄνω
823 1223 1097 1289 πολλάκις
1151 1230 1395 1304 μετάγων
1451 1232 1614 1301 ζωὴν,
1669 1232 1766 1284 οὐκ
1795 1228 1916 1284 οἴδα
1947 1229 1991 1282 εἰ

339 1332 540 1385 κυριως
587 1314 1052 1390 προσαγορεύοιτο
1102 1318 1348 1386 Θάνατος,
1397 1317 1448 1372 ἐν
1497 1319 1718 1392 ὀνόματι
1775 1317 1988 1391 μᾶλλον

338 1403 372 1470 ἢ
401 1402 676 1476 πράγματι
704 1403 767 1456 τὸ
798 1399 1026 1480 φοϐερὸν
1074 1404 1217 1480 ἔχων
1246 1426 1257 1438 ·
1311 1408 1400 1461 καὶ
1457 1407 1837 1479 κινδυνεύομεν
1888 1409 1990 1462 πά-

342 1509 493 1564 σχειν
519 1511 638 1552 πως
668 1491 870 1566 ἄλογον
904 1494 1094 1562 πάθος,
1131 1494 1161 1548 ἂ
1204 1497 1296 1568 μὶν
1353 1493 1491 1552 ἔστιν
1545 1497 1606 1552 οὐ
1655 1494 1859 1574 φοϐερά
1907 1495 1990 1551 δε-

343 1577 603 1648 δοικότες,
661 1581 692 1634 ἃ
736 1578 792 1634 δὲ
845 1588 1125 1658 φοοεῖσθαι
1182 1585 1326 1656 ἄξιον
1379 1585 1451 1647 ὡς
1483 1587 1809 1661 αἱρετώτερα
1838 1607 1991 1660 περι-

343 1666 581 1730 ὶποντες.
617 1667 727 1724 Μία
757 1671 893 1740 ζωὴ,
925 1672 1062 1745 πρὸς
1107 1673 1208 1741 τήν
1245 1674 1388 1742 ζωήν
1423 1673 1638 1748 βλέπειν
1666 1695 1679 1708 ·
1728 1675 1802 1736 εἷς
1837 1676 1990 1729 θάνα-

342 1777 453 1827 τος,
505 1759 539 1826 ἡ
587 1758 862 1833 ἁμαρτία.
918 1763 1104 1835 ψυχῆς
1153 1763 1256 1837 γὰρ
1306 1760 1554 1839 ὄλεθρος.
1589 1763 1774 1819 Τάλλα
1802 1762 1877 1835 δὲ,
1914 1764 1993 1825 οἷς

2106 611 2482 677 rumpuntur,
2502 616 2671 676 atque
2693 606 2836 660 alias
2871 607 3042 658 alium
3073 606 3453 659 mutationem
3490 606 3750 676 capiunt.

2105 696 2234 750 Vita
2265 697 2479 766 quippe
2518 700 2575 750 et
2626 711 2806 760 mors,
2839 694 2993 764 quod
3040 694 3274 759 dicitur,
3307 694 3543 748 tametsi
3574 695 3754 765 pluri-

2106 800 2268 838 mum
2318 786 2471 838 inter
2500 799 2562 838 se
2593 783 2878 837 dissidere
2907 783 3234 848 videantur,
3267 783 3421 836 inter
3451 799 3512 836 se
3557 788 3752 836 tamen

2105 874 2537 943 quodammodo
2587 873 2904 936 immeant,
2957 878 3128 940 atque
3179 871 3360 926 altera
3408 871 3465 924 in
3516 871 3754 925 alterius

2104 961 2298 1016 locum
2343 962 2519 1015 subit.
2558 961 2663 1014 Illa
2711 960 2860 1014 enim
2912 978 2945 1014 a
2991 960 3382 1030 corruptione,
3419 963 3603 1014 matre
3654 976 3755 1014 n0-

2104 1055 2245 1117 stra,
2303 1051 2610 1121 incipiens,
2675 1067 2740 1103 ac
2801 1067 2902 1120 per
2962 1049 3418 1119 corruptionem,
3479 1049 3586 1102 hoc
3643 1053 3750 1119 est,

2103 1144 2454 1212 perpetuum
2513 1141 2658 1209 ejus,
2719 1139 2872 1209 quod
2933 1154 3186 1209 praesens
3247 1142 3364 1203 est,
3424 1154 3750 1206 excessum,

2103 1229 2398 1300 gradiens,
2453 1227 2511 1282 in
2574 1227 3007 1296 corruptionem
3067 1225 3327 1292 tandem,
3377 1224 3486 1280 hoc
3536 1227 3647 1289 est,
3691 1224 3750 1278 in

2102 1317 2282 1388 hujus
2327 1318 2456 1371 vitae
2506 1317 2679 1370 finem
2732 1313 2975 1381 desinit;
3009 1315 3131 1369 haec
3179 1317 3396 1379 autem,
3427 1330 3553 1384 quae
3604 1330 3749 1384 prae-

2102 1407 2370 1461 sentibus
2437 1404 2606 1459 malis
2670 1403 2911 1469 liberat,
2989 1409 3162 1474 atque
3235 1403 3411 1456 etiam
3470 1417 3623 1473 saepe
3676 1403 3749 1456 ad

2102 1511 2418 1565 supernam
2470 1494 2652 1548 vitam
2700 1491 2976 1559 traducit,
3010 1491 3166 1546 haud
3221 1490 3338 1546 scio
3388 1507 3460 1545 an
3520 1490 3751 1562 proprie

2103 1600 2262 1639 mors
2293 1581 2574 1654 appellari
2607 1587 2802 1651 queat,
2836 1585 3033 1651 utpote
3076 1580 3310 1635 nomine
3353 1580 3542 1651 magis
3572 1596 3750 1651 quam

2105 1689 2162 1728 re
2221 1670 2630 1726 formidabilis.
2671 1671 2858 1740 Atque
2907 1669 3160 1724 absurde
3207 1669 3639 1740 quodammodo
3693 1671 3752 1724 et

2103 1764 2455 1832 praepostere
2485 1758 2675 1814 affecti
2707 1773 2836 1814 esse
2863 1757 3151 1824 videmur,
3180 1759 3279 1828 qui
3309 1773 3396 1823 ea,
3422 1773 3548 1827 quae
3581 1757 3750 1811 mini-

347 1845 486 1920 μὲγα
535 1847 792 1922 φρονοῦσί
847 1869 1012 1916 τινες,
1064 1849 1352 1925 ὀνειράτων
1395 1848 1516 1925 ὄψις
1561 1852 1670 1907 ἐστὶ
1719 1855 1852 1907 κατὰ
1879 1856 1987 1907 τῶν

347 1927 371 1952 Ἰ
647 1934 694 1952 lu
970 1935 982 1952 ε
1059 1940 1068 1952 ι
1171 1945 1197 1952 .-
1296 1939 1310 1952 ιι
1465 1939 1482 1952 κ
1513 1943 1524 1952 1
1637 1941 1646 1952 ο
1886 1948 1907 1952 ..
1930 1950 1935 1952 .

2112 1866 2196 1905 me
2243 1848 2536 1904 horrenda
2583 1855 2748 1915 sunt,
2794 1847 3166 1917 extimemus,
3200 1863 3328 1918 quea
3378 1848 3574 1900 autem
3627 1862 3746 1902 me-

343 1927 510 1987 ὅντων
563 1934 847 2004 παίζουσα.
897 1935 986 1991 καὶ
1045 1940 1230 2013 ψυχῆς
1286 1939 1535 2006 ἀπατηλά
1583 1941 1852 2019 φάσματα.
1886 1948 1984 1996 "Av

344 2019 516 2082 οὕτως
576 2019 812 2096 ἔχωμεν,
873 2024 918 2076 ὦ
979 2030 1172 2100 μῆτερ,
1235 2024 1357 2080 οὕτε
1407 2031 1475 2100 τῇ
1529 2030 1643 2098 ζωῇ
1700 2031 1812 2100 (33)
1856 2027 1990 2101 μέγα

344 2111 708 2186 φρονήσομεν,
770 2107 892 2164 οὔτε
958 2117 1036 2184 τῷ
1096 2113 1306 2186 θανάτῳ
1354 2113 1470 2169 λίαν
1525 2117 1869 2188 ἀνιασόμεθα.
1930 2116 1990 2170 Τί

343 2196 520 2252 τοίνυν
551 2194 723 2251 δεινὸν
756 2199 1116 2272 πεπόνθαμεν,
1151 2201 1195 2255 εἰ
1225 2205 1362 2278 πρὸς
1392 2206 1494 2272 τήο
1533 2203 1798 2274 ἀληθινὴν
1849 2206 1991 2274 ζωὴν

348 2283 552 2341 ἐνθένδε
611 2282 1094 2362 μεταϐεοήκαμεν;
1155 2291 1200 2344 εἰ
1256 2298 1501 2370 στροφῶν
1543 2297 1674 2367 (34),
1728 2295 1816 2348 καὶ
1863 2293 1998 2370 ἰλίγ-

349 2396 484 2450 γων,
515 2375 605 2428 καὶ
636 2374 837 2448 κόρων,
890 2377 977 2430 καὶ
1023 2385 1123 2447 τῆς
1181 2379 1412 2456 αἰσχρᾶς
1453 2381 1784 2459 φορολογίας
1816 2381 1997 2452 ἀπηλ-

353 2463 636 2538 λαγμένοι,
700 2466 835 2536 μετά
890 2470 998 2520 τῶν
1058 2467 1304 2522 ἑστώτων
1358 2470 1447 2524 καὶ
1499 2471 1559 2525 οὐ
1612 2472 1838 2548 ῥεόντων
1891 2472 2003 2526 ἐσό-

359 2553 492 2624 μεθα
562 2556 714 2629 φῶτα
793 2555 979 2628 μικρὰ,
1062 2561 1174 2633 φῶς
1250 2559 1312 2612 τὸ
1402 2558 1540 2634 μέγα
1621 2560 2006 2636 περιχορεύον-

352 2661 438 2701 τες
464 2667 478 2709 ;

2100 1940 2317 1994 tuenda
2374 1940 2534 2005 sunt,
2580 1940 2645 1992 ut
2704 1935 3074 2008 optabiliora,
3125 1935 3589 2006 complectimur.
3624 1935 3749 1991 Una

2099 2030 2216 2083 vita
2246 2032 2356 2094 est,
2380 2028 2451 2080 ad
2486 2028 2664 2080 vitam
2707 2025 3013 2096 respicere.
3039 2025 3166 2080 Una
3195 2041 3373 2093 mors,
3406 2028 3746 2094 peccatum;

2101 2123 2191 2173 est
2221 2117 2375 2171 enim
2408 2115 2615 2170 animae
2648 2114 2940 2170 interitus.
2963 2113 3091 2169 Alia
3111 2118 3327 2183 autem,
3351 2114 3423 2168 ob
3447 2129 3574 2184 quae
3607 2131 3749 2168 non-

2105 2205 2250 2260 nulli
2303 2204 2520 2260 animis
2570 2203 2914 2267 efferuntur,
2943 2203 3372 2257 insomniorum
3405 2202 3550 2256 visio
3593 2208 3756 2270 sunt,

2105 2295 2259 2350 veris
2305 2294 2481 2349 rebus
2514 2292 2788 2357 illudens,
2811 2297 2867 2348 et
2917 2291 3148 2347 fallacia
3176 2291 3386 2346 animm
3416 2296 3664 2363 spectra.
3699 2291 3758 2346 Si

2107 2385 2218 2439 hac
2242 2387 2433 2438 mente
2455 2381 2761 2446 fuerimus,
2784 2399 2815 2435 o
2848 2386 3055 2447 mater,
3082 2397 3188 2435 nec
3217 2381 3291 2435 ob
3322 2379 3495 2435 vitam
3530 2380 3759 2434 animos

2112 2471 2466 2538 attollemus,
2494 2486 2601 2524 nec
2623 2471 2694 2524 ob
2722 2474 2969 2524 mortem
3001 2468 3251 2523 nimium
3283 2485 3588 2539 angemur.
3611 2467 3758 2530 Quid

2113 2563 2292 2634 igitur
2322 2577 2492 2631 grave
2520 2559 2689 2614 nobis
2721 2559 2951 2628 accidit,
2985 2558 3034 2615 si
3065 2559 3202 2612 hinc
3245 2559 3315 2613 ad
3356 2574 3550 2613 veram
3581 2557 3758 2612 vitam

2119 2649 2546 2723 migravimus?
2593 2647 2653 2702 Si
2708 2647 3238 2717 vicissitudinibus,
3281 2645 3546 2716 fallaciis,
3598 2645 3761 2701 fasti-

355 2732 491 2801 diis,
523 2750 590 2790 ac
621 2734 776 2806 turpi
805 2735 908 2792 illa
937 2737 1142 2793 tributi
1191 2740 1487 2796 exactione
1535 2740 1785 2814 liberati,
1815 2759 1948 2798 cum
1989 2741 2305 2798 stabilibus
2336 2741 2532 2809 rebus,
2565 2739 2926 2810 minimeque
2969 2738 3142 2793 ﬂuxis
3189 2742 3246 2792 et
3293 2737 3553 2804 caducis,
3586 2753 3763 2808 parva

353 2821 584 2878 Iumina
615 2823 796 2879 futuri
829 2842 1058 2894 sumus,
1091 2827 1312 2884 circum
1346 2829 1541 2885 lumen
1574 2830 1716 2886 illud
1750 2849 2031 2903 magnum
2061 2830 2498 2903 tripudiantes?

425 2915 548 2963 MI".
583 2907 754 2965 Ἀλλά
801 2908 966 2965 λυπεῖ
1014 2932 1072 2965 σε
1117 2911 1179 2966 τό
1229 2921 1328 2982 τῆς
1363 2913 1716 2985 διαζεύξεως;
1749 2915 1874 2972 ἀλλ’
1907 2917 1997 2971 εὐ-

353 2995 618 3074 φραινέτω
647 2998 708 3050 τὸ
737 3004 836 3065 τῆς
867 2996 1110 3060 ἐλπίδος.
1146 3000 1321 3054 Ἀλλὰ
1351 2999 1517 3056 δεινὸν
1550 3005 1583 3071 ἡ
1618 3005 1816 3079 χηρεία
1984 3024 1996 3072 ;

352 3083 542 3156 ἐκείνῳ
600 3088 714 3159 (36)
765 3082 821 3138 δὲ
877 3086 938 3140 οὐ
999 3084 1193 3144 δεινόν.
1257 3089 1354 3142 Καὶ
1409 3095 1514 3143 ποῦ
1561 3092 1625 3144 τὸ
1653 3098 1753 3160 τῆς
1785 3093 1997 3167 ἀγάπης

351 3173 569 3248 ἀγαθὸν,
630 3174 802 3243 ἑαυτῷ
857 3175 921 3227 τὰ
973 3173 1087 3249 ῥᾴω
1147 3173 1382 3249 διδόντα,
1430 3181 1509 3249 τῷ
1540 3178 1772 3248 πλησίον
1807 3181 1998 3235 ἀπονε-

357 3283 474 3333 μειν
506 3261 571 3314 τὰ
601 3263 1065 3337 προσαντὲστερα;
1102 3263 1169 3320 Τί
1203 3261 1259 3318 δὲ
1289 3265 1379 3319 καὶ
1431 3264 1602 3320 δεινὸν
1635 3265 1780 3328 ὃλως
1809 3272 1874 3341 τῇ
1910 3269 2001 3322 λυ-

355 3347 632 3422 θησομὲνῃ
685 3350 817 3422 μετὰ
866 3346 1097 3426 μικρὸν;
1150 3351 1340 3428 Ἐγγὺς
1387 3356 1421 3423 ἠ
1454 3354 1780 3427 προθεσμία,
1811 3357 1872 3410 τὸ
1904 3354 2000 3409 λυ-

354 3437 530 3512 πηρὸν
583 3438 681 3493 οὐκ
739 3438 1022 3512 ἐπίμονον.
1080 3443 1169 3510 Μὴ
1223 3443 1564 3519 φορτίζωμεν
1613 3446 1725 3517 (37)
1767 3445 2001 3521 ἀγεννέσι

356 3526 645 3602 λογισμοῖς
695 3529 761 3582 τὰ
811 3528 1134 3607 κουφότατα.
1208 3531 1470 3608 Μεγάλων
1527 3532 1856 3609 ἐστερήμεθα
1912 3533 1999 3588 καὶ

353 3615 453 3691 γὰρ
504 3618 880 3692 τετυχήκαμεν
910 3638 921 3649 ·
972 3617 1034 3673 τὰ
1087 3620 1180 3692 μὲν
1225 3623 1544 3696 στερεῖσθαι,
1584 3624 1820 3692 πάντων,
1851 3625 1913 3677 τὸ
1946 3620 2002 3677 δὲ

354 3710 562 3781 τυχεῖν,
596 3706 657 3760 οὐ
687 3705 936 3764 πολλῶν.
970 3709 1059 3777 Mr,
1103 3715 1263 3764 τοῦτο
1294 3713 1610 3784 καμπτὲτω,
1661 3710 1785 3766 ἀλλ’
1833 3711 2001 3767 ἐκεῖνο

353 3794 772 3870 παραμυθείσθω
829 3799 964 3869 (38).
1016 3798 1087 3850 T6
1142 3798 1242 3872 γὰρ
1295 3805 1538 3872 κρεῖττον
1582 3805 1730 3869 νικᾷν
1767 3800 2004 3875 εὐλογώ-

353 3903 533 3956 τερον.
584 3886 850 3958 ’Ήνεγκας
895 3882 1103 3939 παίδων
1163 3881 1464 3958 ἀποϐολὴν,
1519 3892 1625 3940 τῶν
1656 3889 1868 3962 ὡραίων
1899 3887 2001 3957 ἓτι,

355 3971 552 4042 καὶτῷ
585 3976 679 4045 ζῇν
732 3975 842 4045 (39)
891 3970 1236 4045 ἐπιτηδείων,
1284 3973 1656 4048 ἀνδρικώτατα
1701 3977 1790 4029 καὶ
1843 3975 2002 4052 φιλο-

357 4060 681 4135 σοφώτατα’
744 4057 925 4135 ἔνεγκε
979 4061 1070 4116 καί
1115 4067 1348 4138 γηραιοῦ
1404 4065 1680 4118 κατάθεσιν
1751 4066 2003 4137 σώματος

357 4144 465 4216 ἤδη
526 4152 604 4218 τῷ
655 4147 758 4223 βίῳ
815 4151 1136 4220 κάμνοντος,
1181 4150 1225 4205 εἰ
1257 4151 1468 4213 καὶτὰς
1506 4151 1776 4222 αἰσθήσεις
1812 4154 2006 4216 ἀπαθε-

359 4236 552 4296 στάτας
611 4236 638 4289 6
685 4243 786 4305 τῆς
833 4240 1020 4312 ψυχῆς
1063 4239 1216 4300 τόνος
1264 4239 1411 4312 αὐτῷ
1455 4243 1566 4312 (40)
1626 4244 2001 4316 συνετήρησεν.

355 4321 532 4379 Ἀλλὰ
562 4321 653 4397 δὲῃ
681 4329 777 4378 τοῦ
807 4324 1112 4398 κηδεμόνος
1138 4347 1151 4396 ;
1185 4333 1294 4381 ποῦ
1327 4327 1383 4383 δὲ
1414 4331 1440 4383 ὁ
1476 4330 1564 4392 σὸς
1596 4330 1751 4391 οὗτος
1803 4331 1999 4398 Ἰσαάκ,

357 4411 414 4466 ὅν
472 4413 585 4466 ἀντὶ
643 4413 855 4468 πάντων
916 4436 998 4468 σοι
1039 4414 1468 4486 καταλέλοιπεν;
1503 4419 1648 4478 Aiace:
1682 4421 1806 4496 παρ’
1838 4419 2001 4474 αὐτοῦ

2180 2917 2372 2972 XLIII.
2409 2921 2475 2971 At
2521 2915 2836 2984 disjunctio
2868 2918 2926 2969 te
2956 2914 3158 2986 angit?
3197 2915 3342 2985 Spes
3382 2919 3439 2969 te
3486 2913 3758 2971 oblectet.

2111 3013 2184 3060 At
2213 3006 2406 3075 gravis
2438 3021 2530 3058 res
2562 3008 2651 3058 est
2693 3003 2985 3058 viduitas?
3015 3003 3169 3058 362
3218 3003 3326 3057 Sed
3361 3002 3441 3056 illi
3479 3019 3593 3058 non
3625 3019 3758 3074 gra-

2111 3093 2348 3149 vis.Ubi
2394 3109 2565 3162 porro
2615 3090 2917 3145 cbaritatis
2965 3091 3185 3144 bonum
3237 3091 3366 3154 erit,
3401 3090 3449 3145 si
3497 3090 3760 3147 faciliora

2113 3183 2407 3253 quispiam
2431 3180 2541 3234 sibi
2566 3179 2677 3250 ipsi
2700 3181 2864 3243 dans,
2891 3179 3188 3249 asperiora
3208 3180 3470 3250 proximo
3492 3179 3716 3235 tribuat
3733 3181 3761 3234 ‘I

2113 3272 2235 3325 Imo
2269 3269 2408 3340 quid
2444 3274 2533 3323 est
2559 3267 2816 3333 omnino,
2843 3268 2993 3337 quod
3026 3267 3096 3335 ei,
3126 3283 3253 3338 quae
3285 3266 3455 3339 paulo
3487 3271 3618 3340 post
3647 3269 3762 3324 dis-

2111 3359 2388 3416 solvenda
2427 3361 2535 3422 est,
2569 3373 2741 3428 grave
2770 3356 2950 3411 videri
3001 3357 3252 3411 debeat?
3299 3357 3488 3412 Instat
3532 3358 3757 3430 praesti-

2110 3454 2272 3502 tutus
2305 3446 2459 3514 dies;
2493 3445 2768 3500 diuturna
2802 3443 3074 3500 molestia
3105 3462 3218 3500 non
3240 3447 3367 3501 erit.
3397 3446 3478 3501 Ne
3499 3446 3762 3502 commit-

2111 3541 2326 3601 tamus,
2372 3540 2438 3589 ut
2492 3534 2719 3606 ignavis
2777 3533 3231 3604 cogitationibus
3287 3551 3380 3590 res
3434 3534 3759 3591 levissimas

2111 3642 2438 3681 oneremus.
2473 3623 2700 3695 Magnis
2750 3623 2924 3678 rebus
2955 3623 3164 3695 privati
3196 3641 3439 3690 sumus;
3472 3629 3531 3678 at
3581 3624 3758 3680 etiam

2114 3714 2183 3769 iis
2215 3714 2384 3769 nobis
2429 3713 2538 3767 frui
2590 3711 2853 3783 contigit.
2889 3712 3106 3766 Privari
3138 3729 3308 3783 porro
3339 3713 3602 3766 omnium
3635 3716 3759 3780 est;

2113 3803 2225 3857 frui
2269 3818 2608 3873 paucorum.
2641 3804 2830 3864 Quare
2881 3817 2954 3855 ne
2997 3806 3253 3855 mentem
3304 3804 3563 3854 nostram
3616 3801 3759 3855 illud

2113 3891 2367 3960 dejiciat,
2427 3905 2628 3944 verum
2689 3890 2794 3942 hoc
2852 3888 3046 3958 potius
3103 3886 3455 3942 consoletur.
3516 3889 3760 3959 /Equius

2112 3979 2267 4034 enim
2317 3983 2425 4042 est,
2476 3981 2559 4045 ut,
2613 3977 2767 4047 quod
2827 3975 3038 4030 melius
3096 3979 3203 4041 est,
3235 3975 3446 4030 vincat.
3480 3976 3756 4032 Filiorum

2113 4066 2512 4132 amissionem,
2547 4065 2666 4136 qui,
2715 4064 2987 4119 ﬂorentes
3044 4063 3237 4118 adhuc
3292 4068 3477 4131 aetate,
3530 4063 3761 4136 longio-

2113 4173 2233 4211 rem
2265 4155 2442 4210 vitam
2475 4155 2657 4209 acturi
2692 4153 3060 4220 videbantur,
3087 4151 3402 4208 fortissime
3432 4169 3498 4208 ac
3528 4153 3760 4225 sapien-

2111 4244 2340 4300 tissime
2394 4243 2608 4310 tulisti;
2656 4259 2784 4313 age,
2835 4240 3039 4297 senilis
3097 4241 3270 4296 etiam
3326 4243 3605 4313 corporis,
3631 4243 3758 4314 jam

2108 4334 2353 4388 vivendo
2420 4332 2752 4403 defatigati,
2811 4330 3231 4402 depositionem
3291 4331 3472 4398 feras,
3528 4331 3758 4387 etiamsi

2112 4422 2291 4477 animi
2324 4422 2486 4493 vigor
2523 4420 2930 4491 integerrimos
2978 4419 3087 4490 ipsi
3140 4436 3349 4474 sensus
3380 4421 3755 4476 conservarit.

353 4502 420 4555 τὰ
453 4501 638 4577 μικρὰ,
686 4504 784 4571 τὴν
830 4505 1217 4580 χειραγωγίαν,
1265 4508 1354 4560 καὶ
1393 4510 1492 4576 τὴν
1541 4507 1788 4564 δουλείαν
1815 4529 1827 4541 ·
1862 4509 2003 4563 ἀντί-

2112 4515 2181 4566 At
2210 4512 2391 4579 deest,
2426 4510 2525 4581 qui
2575 4509 2660 4565 tui
2708 4525 2908 4564 curam
2958 4508 3168 4580 gerat?
3219 4507 3465 4563 Ubinam
3497 4524 3634 4580 ergo
3665 4509 3759 4564 hic

357 4588 506 4644 δίδου
561 4591 628 4646 τὰ
687 4592 925 4663 μείζονα,
970 4595 1070 4661 τὴν
1132 4597 1400 4668 μητρικήν
1455 4597 1845 4671 εὐλογίαν,καὶ
1903 4599 1998 4660 τὰς

357 4680 543 4756 εὐχὰς,
619 4680 707 4734 καὶ
771 4683 871 4750 τὴν
959 4681 1158 4744 ἐκεῖθεν
1243 4681 1572 4758 ἐλευθερίαν.
1653 4687 2002 4760 Ἀγανακτεῖς

353 4771 789 4841 νουθετουμὲνη;
857 4774 1024 4824 τοῦτο
1101 4771 1341 4825 ἐπαινῶ·
1415 4773 1504 4826 καὶ
1580 4772 1679 4849 γὰρ
1753 4773 1999 4836 πολλοὺς

352 4858 760 4928 νενουθὲτηκας,
823 4857 984 4918 ὅσους
1036 4858 1063 4911 6
1114 4858 1286 4913 πολὺς
1349 4859 1548 4933 χρόνος
1607 4860 1709 4915 ὑπὸ
1768 4863 1865 4930 τήν
1900 4864 1997 4931 σὴν

353 4941 529 5019 ἤγαγε
582 4945 809 5002 σύνεσιν.
880 4945 1050 5002 Οὐδὲν
1100 4947 1128 5000 ὁ
1180 4946 1343 5022 λόγος
1393 4950 1529 5024 πρὸς
1578 4949 1636 5003 σὲ
1680 4951 1778 5018 τὴν
1841 4949 2000 5028 φιλο-

425 5142 533 5221 (3_2)
568 5139 869 5221 Φθείρεται.
921 5141 1061 5214 Reg.
1113 5143 1234 5214 bm,
1267 5147 1324 5199 et
1369 5145 1465 5200 0r.
1500 5147 1550 5213 1,
1584 5145 1818 5221 φέρεται,
1853 5170 1880 5196 ‹‹
1917 5147 1996 5202 fe-

352 5213 585 5281 runtur,
616 5213 948 5268 volvuntur.
979 5235 1008 5263 »

424 5286 536 5356 (33)
564 5282 639 5358 Τῇ
680 5287 812 5358 ζζυῇ.
850 5285 989 5358 Reg.
1023 5303 1076 5352 a,
1109 5286 1224 5341 duo
1266 5286 1466 5358 Coisl.,
1500 5286 1594 5342 Or.
1631 5289 1682 5352 1,
1715 5289 1995 5354 Combef.,

350 5355 439 5427 τῷ
486 5359 580 5428 ζῇν
614 5355 824 5428 τούτῳ.
860 5355 1040 5411 [idem
1099 5359 1325 5414 codices
1388 5357 1506 5412 λίαν
1571 5376 1824 5432 sequens
1883 5377 1997 5413 non

355 5432 700 5501 agnoscunt.

444 5501 534 5573 34)
564 5499 628 5555 Εἰ
662 5501 929 5573 στροφῶν,
963 5501 1072 5553 etc.
1099 5499 1191 5554 Sic
1212 5501 1362 5573 ,Reg.
1388 5518 1442 5569 a,
1465 5501 1579 5555 duo
1602 5502 1799 5572 Coisl.,
1824 5503 1915 5556 Or.
1950 5504 1994 5556 l.

355 5593 383 5621 ‹‹
415 5571 472 5626 Si
509 5589 701 5627 rerum
730 5571 1128 5625 humanarum
1177 5571 1702 5640 vicissitudinibus,
1733 5597 1756 5623 η
1791 5580 1898 5628 etc.
1941 5576 1998 5628 In

353 5642 579 5717 ed.,__elc
619 5645 857 5717 τροφῶν.
891 5641 1118 5717 B_i_llius,
1145 5664 1171 5692 ‹‹
1203 5643 1259 5696 Si
1292 5646 1793 5715 conversionibus,
1824 5646 1999 5703 verti-

354 5713 613 5787 ginibus,
645 5713 1078 5785 sat'uritatibus,
1102 5734 1132 5765 »
1161 5718 1270 5771 etc.

2113 4607 2252 4656 tuus
2308 4601 2486 4666 Isaac,
2521 4616 2692 4668 quem
2747 4598 2853 4652 tibi
2905 4597 3023 4664 ille,
3057 4597 3321 4652 omnium
3370 4597 3573 4666 instar,
3621 4597 3759 4651 reli-

2111 4689 2282 4761 quit?
2327 4694 2508 4743 Parva
2556 4688 2653 4743 illa
2701 4688 2772 4742 ab
2823 4683 2910 4742 eo'
2937 4692 3086 4757 pete,
3123 4702 3331 4757 nempe
3361 4691 3427 4740 ut
3467 4691 3524 4740 te
3577 4702 3753 4741 manu

2110 4780 2308 4843 ducat,
2347 4777 2570 4848 tibique
2618 4777 2830 4831 serviat
2864 4794 2876 4830 :
2912 4775 3136 4844 majora
3181 4775 3454 4846 repende,
3485 4773 3595 4830 hoc
3643 4780 3752 4842 est,

2111 4871 2438 4922 maternam
2487 4864 2974 4931 benedictionem,
3024 4862 3337 4928 orationes,
3375 4867 3547 4935 atque
3593 4861 3754 4919 illius

2110 4955 2212 5008 aevi
2243 4953 2595 5008 libertatem.
2631 4952 2848 5007 Moneri
2883 4955 2936 5005 te
2967 4950 3338 5022 indignaris?
3368 4951 3430 5006 Id
3462 4968 3594 5010 vero
3627 4951 3753 5010 Iau-

2179 5149 2289 5216 (35)
2321 5145 2547 5221 Χηρεία.
2581 5146 2674 5202 Sic
2698 5147 2842 5230 _Reg.
2874 5164 2927 5212 a,
2961 5146 3079 5231 bu}.
3119 5145 3242 5217 Alii,
3268 5144 3468 5272 ξηρὴ.

2179 5217 2562 5272 (3θὶἙκείνω.
2615 5218 2786 5272 Cotsl.
2849 5220 2896 5272 1.
2953 5215 3148 5272 ἰκεινο.
3190 5240 3216 5266 ‹‹
3265 5235 3281 5272 ι
3382 5225 3468 5272 au1

2179 5215 2290 5291 (367)
2321 5215 2562 5289 Ἐκείνῳ.
2615 5215 2817 5274 Cois]:
2849 5220 2896 5286 1,
2953 5215 3148 5284 ἰκεῖνο,
3190 5215 3235 5266 α.
3265 5215 3322 5272 id
3362 5215 3579 5275 autem
3637 5234 3753 5275 non

2107 5306 2698 5435 εἰ,(ὶέξ)ἐξυλρτίζιομεν.
2752 5360 2923 5416 Cois].
2983 5363 3029 5429 1,
3081 5358 3477 5436 φροντίζωμεν,
3521 5382 3548 5411 ‹‹
3596 5376 3758 5416 cure-

2107 5449 2966 5577 ωῗὲέῖῐΜραμυθείσΟω.βοὶεί.
3009 5505 3055 5568 1,
3086 5501 3494 5577 παραμυθείτω.

2182 5578 2286 5644 (39)
2319 5577 2404 5643 Τῷ
2457 5578 2574 5645 ζῇν,
2629 5581 2735 5628 etc.
2771 5575 2941 5631 Coisl.
2981 5577 3028 5643 1,
3060 5575 3174 5628 τοῦ
3207 5577 3324 5645 ζῇν.
3363 5575 3586 5641 Billius,
3624 5596 3650 5623 ‹‹
3683 5575 3754 5629 ad

2110 5647 2422 5719 vivendum
2455 5654 2800 5719 aptorum.»

2185 5719 2289 5792 (40)
2322 5715 2511 5791 Αὐτῷῖ
2535 5724 2671 5791 Reg.
2700 5735 2752 5786 a,
2783 5717 2954 5774 Goisl.
2985 5719 3036 5787 1,
3071 5723 3224 5786 Bas.,
3259 5715 3364 5772 σοί.
