4094 6288
326 401 483 469 1043
1566 408 1633 469 S.
1677 405 2052 469 GBEGORII
2100 403 2497 467 THEOLOGI
3586 400 3749 460 1044

333 540 409 594 do
429 554 442 593 :
462 554 599 594 nam
622 537 841 595 multos
862 538 993 610 ipsa
1014 538 1317 610 monuisti,
1333 538 1615 595 nimirum
1639 556 1737 595 eos
1759 554 1950 595 omnes

2136 536 2459 609 οφωτάτην’
2512 534 2648 589 ἔστω
2706 535 2883 588 κοινὸν
2941 537 3059 595 τοῖς
3116 532 3370 587 πενθοῦσι
3401 531 3753 607 παραμυθίας

336 627 435 698 qui
467 628 527 681 in
556 630 679 682 tam
739 627 911 699 longo
968 628 1246 699 temporis
1298 629 1489 699 spatio
1531 630 1601 683 ad
1632 632 1794 683 tuam
1853 645 1953 699 pru

2141 626 2407 701 άρμακον,
2461 625 2533 688 ὡς
2584 624 2642 679 ἃν
2692 622 2850 679 εἰδεῖν
2904 625 3017 696 (di)
3075 622 3391 699 ἀνθρώπους
3470 622 3756 699 ἄνθρωποι

337 716 599 772 dentiam
631 731 761 772 sese
800 716 1191 773 contulerunt.
1219 720 1403 784 Quare
1433 719 1505 773 ad
1534 721 1592 773 te
1620 717 1899 773 feminam
1932 718 1947 771 i

923 716 1191 773 tulerunt.
1219 720 1403 784 Quare
1433 719 1505 773 ad
1534 721 1592 773 te
1620 717 1899 773 feminam
1932 718 1992 772 in
2101 714 2540 791 προπέμποντες.

344 804 556 875 primis
604 804 949 876 sapientem,
983 805 1127 860 nihil
1177 805 1298 861 haac
1346 806 1529 861 oratio
1579 806 1831 877 pertinet
1866 823 1877 860 :
1912 806 1991 860 sit
2030 809 2224 861 autem
2274 805 2657 860 maerentibus
2708 802 3037 859 communis
3097 802 3288 857 solatii
3346 802 3655 869 medicina,
3690 807 3759 858 ut

343 893 535 951 sciant
565 892 862 959 mortales,
894 910 955 949 se
987 894 1323 949 mortalium
1353 894 1531 949 funus
1563 896 1869 949 deducere.

561 1007 766 1081 Ὡςμᾷν
828 1005 1037 1081 ιῖδεῖεν,
1092 1015 1203 1065 ato.
1256 1010 1348 1064 Sic
1406 1009 1500 1064 Or.
1536 1011 1588 1064 1.
1620 1009 1753 1075 Alii,
1786 1005 2001 1063 εἷ’δοιεν.

2147 1026 2243 1063 um
2276 1025 2518 1081 corpora
2556 1009 2790 1081 quidem
2846 1006 3075 1081 tumuli,
3103 1006 3330 1081 animas
3378 1012 3599 1075 autem,
3632 1025 3763 1079 quae

344 1076 525 1136 Coisli
557 1082 609 1149 1,
640 1076 844 1134 εἴδωσι.
881 1076 1087 1135 Billius
1122 1099 1133 1136 :
1163 1105 1189 1131 ‹‹
1225 1086 1288 1135 ut
1316 1082 1585 1137 homines
1614 1081 1756 1135 illud
1790 1081 1999 1136 intelli-
2112 1076 2472 1136 immortales
2505 1076 2661 1145 sunt,
2685 1080 2792 1135 loci
2818 1080 3057 1152 quidam
3081 1079 3409 1134 actionibus
3441 1076 3766 1152 congruen-

344 1157 508 1225 gant,
544 1152 811 1225 homines
846 1169 878 1207 a
909 1168 970 1207 se
1002 1154 1300 1225 przemitti.
1330 1175 1356 1201 »
1384 1154 1545 1207 Hunc
1574 1152 1767 1208 locum
1798 1153 1880 1207 sic
1905 1169 2001 1225 ex-
2110 1156 2200 1207 tes
2231 1153 2577 1223 suspiciunt,
2611 1168 2798 1222 usque
2827 1152 2907 1225 ad
2952 1151 3209 1205 futuram
3249 1151 3763 1225 resurrectionem,

342 1223 510 1296 ponit
567 1224 741 1292 Elias,
766 1246 799 1296 «7
830 1232 894 1279 ut
942 1223 1175 1279 discant
1232 1224 1527 1291 homines,
1565 1224 1664 1296 qui
1725 1224 2002 1279 mortales
2113 1225 2172 1279 in
2206 1241 2321 1296 qua
2344 1240 2714 1296 unaquaeque
2740 1224 2963 1296 anima,
2995 1240 3206 1293 corpus
3248 1240 3421 1278 suum
3456 1223 3763 1295 recipiens,

343 1300 487 1351 sunt
516 1312 578 1350 se
599 1295 876 1350 mortales
898 1312 1129 1367 quoque
1162 1296 1430 1352 homines
1458 1295 1834 1368 praemittere,
1861 1312 2001 1367 quo-
2112 1295 2388 1351 autlueis
2421 1301 2523 1351 aut
2553 1296 2707 1367 ignis
2737 1295 2921 1350 hmres
2952 1295 3207 1349 exsistet.
3233 1314 3255 1344 ι

1072 1565 1226 1622 ³⁸³
1264 1575 1824 1666 MONITUM
1883 1580 1997 1663 IN
2057 1575 2689 1667 ΟΒΑΤΙΟΝΕΒ

1429 1577 1824 1666 ’ΝΙΤΠΜ
1883 1580 1997 1663 ΙΝ
2057 1575 2745 1667 ΟΒΑΤΙΟΝΕΜ
2798 1577 3046 1663 ΧΙΧ.

434 1866 484 1924 Ι.
551 1864 919 1941 Gregorius,
980 1870 1124 1944 post
1178 1867 1374 1945 patris
1432 1866 1715 1940 obitum,
1772 1866 1837 1926 in
1896 1866 2186 1928 dilectam
2246 1866 2645 1928 solitudinem
2702 1885 2834 1928 sese
2889 1865 3165 1945 recipere
3220 1867 3505 1946 parabat.
3596 1867 3769 1927 Inter

357 1943 479 2026 has
533 1961 765 2021 moras,
823 1943 1134 2017 Julianus,
1182 1943 1324 2007 _non
1379 1948 1703 2026 Apostata,
1767 1948 1874 2026 qui
1924 1947 2059 2025 jam
2116 1966 2149 2008 e
2205 1948 2362 2007 vivis
2419 1953 2788 2020 excesserat,
2851 1947 2956 2007 sed
3017 1943 3177 2007 alter
3220 1943 3515 2026 _Grcgorii
3569 1948 3769 2007 nostri

359 2023 706 2120 amicorum
759 2029 1238 2120 et‘aaqualium.
1277 2023 2071 2120 optimusueade'mﬁum.
2109 2028 2434 2120 Theologo
2491 2028 2698 2120 patria
2756 2023 3381 2120 patusuiisdemque:
3430 2046 3767 2120 usus_ma-

361 2104 571 2182 gistris
612 2123 699 2187 ac
755 2105 1033 2187 imbutus
1090 2104 1454 2186 disciplinis,
1516 2108 1751 2187 quique
1809 2108 1996 2168 etiam
2048 2108 2184 2187 jam
2241 2110 2303 2168 in
2354 2104 2512 2187 jure—
2557 2108 2846 2180 dicendo,
2906 2108 3203 2168 eximium
3262 2104 3379 2168 sibi
3451 2108 3768 2187 aequitatis

362 2202 435 2267 ac
482 2185 823 2267 probitatis
880 2206 1107 2247 nomen
1167 2185 1554 2267 comparat,“
1617 2185 2212 2267 eamquandisitum
2265 2185 2515 2249 tributis
2586 2189 2877 2249 Nazianzi
2945 2189 3308 2266 praeficitur.
3370 2185 3548 2248 Hunc
3608 2206 3763 2248 con-

356 2264 563 2348 festim
614 2267 949 2348 Gregorius
995 2269 1074 2327 ad
1133 2264 1623 2329 misericordiam
1684 2275 1745 2329 et
1774 2264 2251 2346 benignitatem
2301 2288 2451 2347 erga
2505 2287 2837 2348 pauperes,
2890 2264 3147 2328 clericos
3204 2275 3267 2328 et
3323 2268 3757 2347 philosophos,

354 2344 418 2404 id
476 2352 569 2429 est
625 2347 1008 2429 monachos,
1070 2354 1201 2408 tum
1262 2349 1483 2409 litteris
1534 2349 1697 2429 (42),
1758 2353 1892 2429 tum
1950 2344 2226 2410 carmine
2282 2344 2407 2428 (43)
2484 2344 2825 2429 incendere
2876 2349 3115 2409 nititur.
3177 2344 3491 2409 Lubénter
3544 2344 3759 2428 p—etitis

355 2426 580 2507 annuit
632 2426 1111 2507 Julianuskea
1166 2435 1378 2489 tamen
1432 2426 1569 2507 lege
1626 2426 1695 2489 ut
1750 2428 1882 2507 ipse
1938 2430 2209 2490 vicissim
2269 2426 2653 2503 sermonem,
2728 2428 2945 2489 tributi
3003 2429 3170 2501 loco,
3233 2426 3565 2507 penderet:
3616 2430 3761 2489 Fuit

351 2505 676 2589 Theologo
727 2507 935 2583 gravis
990 2506 1125 2589 haec
1178 2505 1652 2589 imposita—lex.
1713 2505 1835 2570 Séd
1891 2510 2104 2569 omnia
2156 2510 2306 2570 vicit
2359 2510 2554 2589 ipsius
2611 2528 2758 2588 erga
2814 2528 3123 2589 pauperes
3178 2505 3405 2569 amor:
3467 2514 3529 2570 et
3584 2528 3756 2586 vero,

350 2583 497 2644 licet
552 2603 931 2663 repugnans,
993 2588 1157 2647 hanc
1212 2583 1478 2650 subinde
1536 2588 1756 2648 habuit
1811 2591 2181 2651 orationem.

432 2665 510 2724 II.
558 2667 899 2749 Exorditur
953 2674 1169 2728 orator
1227 2690 1256 2726 α
1289 2688 1326 2729 a
1381 2668 1737 2747 tyrannide,
1797 2688 1923 2748 qua
1979 2689 2055 2730 ex
2114 2669 2420 2731 charitate
2475 2669 2721 2730 assidue
2778 2668 3169 2749 premitur.»
3223 2671 3364 2749 Ipse
3421 2669 3586 2729 enim
3638 2688 3751 2748 per

353 2761 604 2827 omnem
668 2746 805 2806 vitae
863 2765 1155 2821 cursum,
1233 2749 1380 2808 huic
1442 2749 1676 2809 mundo
1734 2746 1971 2824 emori,
2049 2756 2111 2810 et
2164 2752 2357 2810 vitam
2410 2751 2473 2810 in
2534 2746 2798 2809 Christo'
2836 2746 3273 2809 absconditam
3323 2750 3551 2810 ducere
3608 2746 3752 2827 per-

352 2824 635 2902 optabat.
688 2827 929 2909 Amisso
986 2835 1187 2907 patre,
1246 2829 1560 2889 silentium
1620 2830 2071 2908 amplectitur;
2132 2849 2257 2909 quo
2314 2830 2379 2889 in
2434 2831 2758 2909 proposito
2808 2829 3108 2889 invictum
3158 2849 3221 2889 se
3279 2836 3474 2904 ratus,
3524 2824 3758 2889 victum

353 2922 419 2989 se
465 2911 690 2989 postea
735 2907 1012 2989 fatetur;
1064 2914 1254 2987 atque
1300 2910 1377 2969 iis
1423 2910 1487 2969 in
1533 2910 1837 2987 angustiis
1885 2907 2168 2989 positus,
2199 2907 2453 2989 aliquid
2481 2907 2727 2971 silentio
2776 2910 3194 2988 praestabilius
3243 2910 3450 2970 dicere
3497 2911 3753 2989 expetit.

352 2986 619 3063 Arrepta
675 2986 869 3064 igitur
923 2986 1165 3049 oblatae,
1211 2995 1558 3067 martyrum
1618 2986 1969 3051 festivitatis
2025 2986 2393 3058 occasione,
2470 3009 2686 3051 eorum
2762 2986 3106 3069 exemplis,
3183 2990 3262 3050 ab
3341 2986 3766 3050 humanarum

352 3082 562 3150 rerum
618 3073 987 3150 contemptu
1024 3069 1485 3150 _adicoelestia,
1546 3070 1748 3130 modis
1800 3070 2113 3144 omnibus,
2165 3071 2482 3132 auditores
2540 3070 2770 3132 evehit.
2822 3072 3163 3143 Postquam
3222 3074 3430 3130 autem
3494 3070 3772 3150 plurima

354 3144 433 3205 de
489 3144 900 3231 benignitate,
955 3148 1383 3231 misericordia
1430 3150 1798 3229 caeterisque
1846 3152 2182 3212 virtutibus
2228 3152 2543 3227 disseruit,
2594 3152 2779 3211 docet
2826 3150 2912 3229 (n.
2964 3150 3063 3231 ll)
3120 3144 3773 3212 «reddenda-Caesari

358 3243 503 3303 quae
559 3232 705 3309 sunt
759 3228 1060 3301 Caesaris,
1139 3235 1201 3289 et
1256 3248 1398 3309 quae
1457 3236 1603 3290 sunt
1659 3231 1810 3304 Dei,
1887 3235 2037 3292 Deo.
2092 3254 2120 3290 ι)
2201 3232 2433 3292 Deinde
2488 3232 2565 3291 ad
2621 3228 2942 3292 Julianum
3004 3228 3352 3292 orationem
3430 3234 3771 3304 transfert,

359 3305 1002 3391 eumque__hortatur,
1062 3314 1152 3381 ut,
1213 3305 1321 3387 qui
1377 3310 1613 3391 tributa
1669 3310 1731 3369 in
1788 3312 2071 3391 publicas
2133 3313 2409 3372 rationes
2465 3313 2714 3386 referat,
2767 3310 2902 3371 haec
2959 3330 3141 3390 aequa
3199 3312 3377 3371 lance
3426 3311 3764 3386 describat,

358 3390 553 3471 atque
585 3384 925 3471 “Christum
984 3384 1256 3471 ipsemet
1312 3390 1750 3471 descriptionis
1791 3384 2091 3471 tempore
2146 3398 2363 3452 natum
2420 3410 2551 3471 prae
2606 3384 2804 3452 oculis
2858 3384 3139 3468 habens,
3215 3410 3349 3452 sese
3428 3384 3771 3470 benignum

359 3469 423 3524 et
442 3463 724 3548 __facilem
787 3463 1101 3527 conservis
1159 3468 1286 3528 suis
1342 3463 1646 3548 prmbeat.

442 3543 547 3631 III_.
615 3546 783 3631 1:1&30_
815 3553 926 3631 _est
982 3543 1577 3631 analytica-hujus
1632 3550 1936 3611 orationis
1995 3551 2303 3630 synopsis.
2363 3551 2605 3611 Dictam
2664 3550 2976 3612 credimus
3033 3570 3106 3612 eo
3163 3551 3469 3629 temporis
3522 3550 3767 3631 spatio,

357 3624 528 3714 quod
582 3624 668 3714 ab
728 3626 901 3714 o‘bitu
962 3624 1244 3714 Gregorii
1301 3624 1563 3714 senioris
1626 3649 1824 3714 usque
1881 3631 1956 3714 ad
2018 3624 2324 3709 Theologi
2377 3632 2442 3691 in
2500 3631 2805 3714 Isauriam
2883 3649 3194 3714 secessum
3268 3624 3577 3714 efﬂuxit-
3614 3624 3771 3692 Cum

358 3704 525 3763 enim
582 3704 945 3791 ’l‘heologus
1002 3708 1245 3791 hac_in
1301 3710 1586 3770 oratione
1643 3704 2007 3791 Gregorium
2067 3704 2351 3791 patrem,
2424 3730 2502 3772 ne
2558 3712 2749 3772 semel
2808 3711 3101 3791 quidem,
3173 3716 3243 3771 ut
3296 3712 3359 3771 in
3418 3711 3557 3772 aliis
3616 3730 3770 3772 con-

356 3790 686 3867 sueverat,
764 3788 1221 3859 nominaverit,
1303 3808 1377 3849 eo
1442 3791 1574 3867 jam
1634 3788 1785 3850 vita
1841 3788 2087 3851 functo'
2134 3792 2409 3852 habitam
2492 3811 2624 3852 esse
2690 3788 3046 3852 nullatenus
3108 3791 3544 3852 dubitandum.
3605 3792 3775 3854 Obiit

357 3868 569 3950 autem
634 3866 969 3950 Gregorius
1025 3870 1271 3941 senior,
1334 3875 1404 3929 ut
1447 3866 1517 3930 in
1579 3872 1813 3932 Monito
1889 3872 2266 3950 praecedenti
2322 3872 2633 3947 vidimus,
2704 3873 2909 3932 medio
2966 3872 3214 3932 circiter
3268 3891 3435 3933 anno
3491 3873 3606 3932 374
3639 3918 3654 3943 ,
3711 3878 3777 3932 et

354 3943 842 4030 Theologuspin
896 3949 1197 4030 Isauriam
1258 3967 1426 4010 anno
1485 3952 1771 4029 sequenti
1824 3943 2097 4025 secessit,
2148 3958 2219 4013 ut
2274 3971 2351 4012 ex
2398 3943 2627 4013 rerum
2664 3954 2809 4013 inde
2862 3961 3177 4030 gestarum
3226 3954 3382 4012 serie
3432 3952 3771 4030 colligitur.

353 4022 1033 4112 PraetereaJulianus,
1087 4029 1273 4107 juxta
1317 4022 1799 4112 _Tillemontium
1857 4031 2014 4112 (44),
2074 4022 2195 4093 hoc
2251 4034 2389 4111 ipso
2448 4051 2613 4093 anno
2669 4036 2785 4093 374
2843 4022 3248 4112 ὧιεθᾳυεηόὶε
3305 4032 3553 4093 tributis
3584 4022 3777 4110 'prze-

355 4102 555 4163 fectus
612 4110 725 4165 est.
785 4109 964 4193 Unde
1021 4102 1161 4193 non
1211 4110 1373 4171 male
1413 4111 1790 4193 conjicitur,
1851 4102 2017 4173 hanc
2074 4130 2189 4190 pro
2246 4102 2662 4193 pauperibus,
2723 4114 2961 4174 clericis
2999 4102 3101 4174 iet
3158 4113 3483 4175 monachis
3537 4102 3775 4174 oratio-

356 4199 525 4253 nem,
588 4192 855 4247 exeunte
914 4206 1082 4250 anno
1136 4192 1277 4264 3'74,
1334 4190 1433 4251 vel
1490 4191 1747 4255 ineunte
1801 4193 1938 4269 375,
1999 4190 2325 4254 recitatam
2378 4190 2594 4254 fuisse.

452 4313 541 4385 42)
574 4314 759 4386 Epist.
791 4317 882 4373 67.
2184 4325 2300 4397 (44)
2330 4326 2452 4381 Art.
2486 4342 2622 4394 XLII,
2655 4341 2713 4397 p.
2747 4324 2869 4381 404.

453 4384 539 4457 43)
568 4386 761 4445 Carm.
791 4388 863 4445 ad
892 4389 1013 4446 Jul.

762 4644 1225 4744 ORATIO
1303 4650 1525 4745 XIX
1546 4666 1603 4744 ⁸.

2609 4676 3010 4772 ΛΟΓΟΣ
3113 4674 3271 4769 ΙΘ.

361 4802 516 4860 864
548 4809 626 4861 De
653 4807 771 4862 suis
798 4810 1169 4877 sermonibus,
1191 4816 1240 4868 et
1264 4814 1335 4869 ad
1358 4814 1647 4870 Iulianum
1675 4817 1978 4871 tributorum

2040 4799 2083 4863 Β
2257 4812 2351 4872 Εἰς
2380 4812 2505 4873 τοὺς
2539 4810 2755 4886 λόγους,
2788 4808 2977 4886 καὶήεἷς
3000 4811 3098 4886 κτὸν
3134 4809 3391 4879 ἐξισωτὴν
3426 4806 3623 4862 Ἰουλι-

974 4876 1397 4955 equuatorem.

2621 4876 2631 4886 I
2744 4876 2750 4879 ν
2798 4876 2919 4936 ανόν
2962 4885 3094 4954 (45).

432 4964 775 5029 Ι.Οιιωῐιειω
829 4968 949 5024 haec
996 4974 1263 5043 tyrannis
1312 4978 1422 5041 est,
1451 4992 1567 5045 qua
1613 4993 1680 5030 ex
1729 4975 2013 5031 charitate

2189 4974 2265 5029 A'.
2324 4971 2411 5034 Τίς
2470 4974 2504 5041 ἡ
2555 4970 2823 5044 τυραννὶς,
2872 4973 2938 5041 ἣν
2989 4970 3040 5040 ἐξ
3089 4968 3304 5044 ἀγάπης
3355 4967 3435 5022 ἀεὶ
3485 4968 3775 5043 τυραννού-

361 5053 596 5109 assidue
639 5058 1001 5127 premimur?
1049 5063 1323 5124 Quaenam
1373 5064 1661 5135 sapientia
1710 5067 1909 5119 nostra
1955 5080 1978 5119 e

2153 5060 2289 5129 .εθα;
2348 5060 2431 5121 τίς
2489 5062 2523 5127 ἡ
2584 5059 2690 5132 ἐμὴ
2733 5059 2892 5135 σοφία
2947 5058 3035 5112 καὶ
3069 5057 3372 5130 ἐπιστήμη,
3431 5053 3501 5109 δι’
3529 5056 3589 5123 ἣν
3648 5056 3770 5108 καθ’

361 5140 626 5212 scientia,
656 5145 728 5199 ob
759 5162 936 5217 quam
970 5149 1131 5205 festis
1162 5151 1438 5207 omnibus
1469 5152 1676 5207 diebus
1708 5169 1978 5225 oppugna

2156 5149 2342 5215 ιάστην
2400 5151 2697 5223 πανήγυριν
2759 5145 3189 5221 πολεμούμεθας
3262 5146 3401 5221 Ἐγὼ
3494 5143 3589 5216 μὲν
3666 5145 3773 5218 γὰρ

360 5229 532 5285 mur?
552 5230 835 5302 Equidem
857 5236 1117 5307 undique
1140 5238 1431 5309 meipsum
1449 5239 1755 5311 explorans
1771 5245 1829 5295 et
1844 5258 1977 5296 excu

2159 5235 2371 5309 Βδεμίαν
2418 5238 2666 5312 εὑρίσκω,
2721 5237 3058 5312 πανταχόθεν
3100 5235 3326 5308 ἐμαυτὸν
3365 5232 3619 5309 διεξάγων
3658 5235 3776 5305 (46)

357 5317 529 5385 tiens,
554 5318 777 5377 nullam
810 5324 1047 5379 omnino
1080 5324 1330 5382 invenio.
1365 5328 1648 5383 Caeterum
1682 5329 1790 5384 hoc
1821 5346 1974 5384 unun

2157 5325 2203 5379 1i
2232 5325 2540 5382 διευθύνων.
2578 5326 2729 5394 Πλὴν
2762 5323 2816 5379 ἓν
2866 5346 2926 5402 γε
2972 5329 3133 5380 τοῦτο
3185 5323 3403 5396 ἇμαυτῷ
3452 5320 3774 5376 συνεπίστα-

429 5439 503 5517 (α)
536 5441 693 5497 Alias
725 5444 813 5514 IX,
848 5462 973 5516 quae
1007 5454 1201 5503 autem
1230 5451 1296 5504 19
1325 5455 1468 5517 erat,
1504 5468 1660 5505 nunc
1691 5454 1775 5505 18.
1801 5483 1869 5493 -
1896 5455 2003 5508 Ha-
2113 5450 2380 5505 Nazianzi
2415 5456 2645 5505 exactor
2684 5455 2825 5505 erat.
2854 5472 2882 5499 ››
2910 5450 3068 5505 Alter
3114 5450 3294 5504 codex
3341 5447 3521 5516 addit,
3551 5443 3642 5499 καὶ
3690 5443 3773 5507 εἰς

360 5510 760 5596 bita_exe_unte
788 5510 943 5596 anno
965 5520 1094 5596 374,
1127 5519 1214 5575 vel
1242 5510 1481 5596 ineunte
1510 5523 1632 5596 375.
1946 5594 1975 5596 ﬂ

2154 5522 2210 5588 ὴν
2259 5520 2605 5596 ἀπογραφήν,
2640 5546 2666 5573 ‹‹
2719 5524 2777 5577 in
2829 5522 3355 5595 descriptionem,»
3395 5510 3519 5585 seu,
3553 5541 3580 5567 ι(
3631 5534 3771 5573 cen-

435 5582 903 5663 (jl5)_’louliavr$v.
963 5582 1120 5663 Reg.
1160 5610 1210 5656 a,
1270 5592 1412 5663 Jes.,
1471 5593 1684 5663 aliique
1740 5594 2003 5649 nonnulli

704 5582 903 5642 λιανόν.
963 5582 1120 5663 Reg.
1160 5610 1210 5656 a,
1270 5592 1412 5663 Jes.,
1471 5593 1684 5663 aliique
1740 5594 2003 5649 nonnulli
2114 5582 2321 5647 sum.»

365 5650 607 5748 iddnnty,
636 5650 1227 5744 pomporrp‘rﬁvtadtob
1284 5650 1607 5737 yevdpcvov:
1647 5664 1735 5718 καὶ
1792 5663 1982 5719 ἔκδικα

2184 5665 2296 5748 (49)
2329 5662 2797 5748 Διεξίὶγιυνηθιο..
2840 5664 3069 5748 Nicetes
3125 5663 3363 5748 exponit
3412 5679 3423 5715 :
3478 5658 3768 5730 ἐξετάζων,

368 5723 687 5793 Ναζιανζοῢ,
721 5723 918 5800 '«'qui
958 5723 1145 5803 ipsius
1201 5723 1389 5792 fuerat
1419 5723 1901 5810 condiscipulus,
1950 5756 1980 5795 e

1802 5756 1901 5807 ,us,
1950 5744 2006 5795 et
2112 5723 2199 5789 καῖ
2234 5723 2539 5811 διίρευκῖῶν,
2576 5723 2608 5787 α’
2633 5736 2941 5810 inquirens
2970 5738 3028 5794 et
3055 5723 3363 5808 indagans.
3390 5754 3419 5783 »
