4094 6288
355 380 512 442 1045

835 384 1129 446 ORATIO
1172 387 1331 448 XIX.
1365 421 1439 431 —-
1472 390 1577 448 AD
1621 387 2023 450 JULlANUM
2068 385 2590 448 TRIBUTORUM
2638 386 3275 456 linEOUATOREM.

3601 387 3625 445 1
3637 385 3764 446 υιθ

355 533 473 586 μαι,
503 514 592 567 καὶ
622 511 753 576 ἴσως
787 513 850 568 οὐ
897 516 1123 592 φαῦλον,
1155 517 1249 572 κᾶν
1298 539 1440 580 τινες
1489 518 1734 588 εὐήθειαν
1793 518 1992 590 ὀνομά-

2110 520 2254 575 mihi
2289 519 2562 574 conscius
2600 535 2754 585 sum,
2788 536 2854 574 ac
2898 519 3144 574 fortasse
3174 535 3288 573 non
3337 518 3667 588 improbum
3701 523 3760 576 at

354 608 535 671 ζωσιν.
588 597 935 674 Ἐὗουλήθην
986 605 1036 660 ἰν
1086 613 1258 681 καιρξ)
1307 609 1398 680 μὲν
1449 629 1607 661 παντι
1667 611 1999 682 νεκρωθῆναι

349 694 428 761 τῷ
491 692 616 764 βίῳ,
677 692 768 746 καὶ
826 696 981 761 ζῆσαι
1038 695 1136 762 τὴν
1208 695 1258 750 ἐν
1328 699 1544 771 Χριστῷ
1619 698 2001 770 κεκρυμμένην

355 781 517 850 ζωὴν,
577 780 666 834 καὶ
724 783 962 855 γενέσθαι
1022 804 1104 837 τις
1164 785 1607 861 μεγαλέμπορος,
1667 788 1881 840 πάντων
1927 788 2000 840 ὧν

353 867 468 943 ἔχω
524 870 616 922 τὸν
664 870 848 941 τίμιον
912 871 1261 946 ὠνησάμενος
1319 875 1679 950 μαργαρίτην,
1719 876 1806 928 καὶ
1857 877 1998 929 ἀντι-

353 954 484 1018 δοὺς
533 961 646 1029 (47)
692 961 759 1013 τὰ
808 959 997 1034 ῥέοντα
1042 983 1132 1015 και
1183 963 1452 1035 συρόμενα
1493 969 1600 1017 τῶν
1633 965 1876 1019 ἑστώτων
1910 965 1996 1018 καὶ

352 1046 612 1120 οὐρανίων
640 1067 652 1080 °
687 1047 826 1123 ἥπερ
861 1046 926 1117 δὴ
965 1056 1347 1125 πραγματειῶν
1384 1053 1605 1127 μεγίστη
1657 1053 1745 1106 καὶ
1785 1049 1997 1127 βεϐαιο-

348 1137 480 1204 τάτη
514 1140 632 1197 τοῖς
661 1158 720 1211 γε
748 1142 872 1190 νοῦν
902 1135 1116 1212 ἔχουσιν
1146 1161 1156 1171 ·
1194 1140 1237 1194 εἰ
1270 1139 1316 1194 δ’
1377 1142 1474 1195 οὐκ
1504 1145 1636 1213 (48),
1675 1141 1820 1196 ἀλλά
1871 1146 1997 1195 τοῦ-

349 1223 410 1277 τό
442 1246 502 1299 γε
550 1233 897 1299 καρτερῆσαι,
940 1226 1340 1303 παραχωρῆσαι
1370 1235 1475 1284 τῶν
1510 1232 1710 1305 Θρόνιον
1743 1234 1851 1303 (’10)
1882 1237 1997 1291 τοῖς

355 1311 734 1387 βουλομένοις,
781 1315 940 1376 αὐτὸς
993 1313 1049 1369 δὲ
1108 1314 1196 1371 διὰ
1249 1318 1368 1392 βίου
1423 1323 1532 1391 (50)
1561 1325 1688 1381 παῖς
1722 1320 1850 1373 εἶναι
1909 1321 1996 1373 καὶ

353 1404 626 1474 μαθητής,
690 1403 885 1477 μέχρις
943 1405 999 1457 ἃν
1057 1411 1174 1467 τοῖς
1233 1405 1490 1479 ποτίμοις
1518 1413 1623 1462 τῶν
1661 1408 1841 1482 λόγων
1869 1408 1996 1469 τοὺς

348 1489 631 1565 ἁλμυροὺς
675 1489 1094 1565 ἀποκλύσωμαι.
1142 1497 1235 1550 ’Ἐν
1287 1497 1380 1567 μὲν
1433 1493 1498 1564 δὴ
1539 1501 1700 1550 τοῦτο
1732 1503 1829 1564 τῆς
1861 1497 1997 1568 ἐμῆς

348 1578 482 1633 ἐστω
514 1582 627 1650 (51)
659 1577 1002 1658 φιλοσοφίας,
1037 1581 1144 1636 εἴτε
1169 1583 1440 1653 εὐηθείας,
1474 1583 1562 1639 καί
1594 1589 1812 1660 πρῶτον
1837 1603 1847 1615 ³
1883 1583 1998 1639 δεύ-

347 1688 521 1743 τερον,
563 1665 640 1737 δὲ,
670 1668 701 1722 ὅ
729 1669 817 1724 καὶ
853 1672 1126 1746 μέγιστον.

2112 609 2674 680 reprehendendum,
2709 610 3086 679 quantumvis
3136 607 3397 662 nonnulli
3441 607 3752 662 stultitiam

2110 698 2168 753 id
2219 698 2530 768 appellent.
2571 698 2714 751 Illud
2759 699 3053 768 optabam,
3089 697 3338 752 maxime
3367 698 3605 767 quidem
3656 713 3757 768 per

2111 804 2343 843 onmem
2375 787 2500 841 vita:
2533 803 2792 850 cursum,
2817 787 2952 840 huic
2987 787 3206 840 mundo
3236 785 3757 857 emori,vitamque

2109 875 2166 929 in
2200 875 2427 930 Christo
2459 875 2859 930 absconditam
2883 876 2928 908 7°
2971 875 3201 939 ducere,
3230 890 3297 928 ac
3329 874 3523 945 magni
3556 875 3757 944 cujus-

2111 965 2242 1019 dam
2280 965 2655 1032 negotiatoris
2687 965 2894 1032 instar,
2927 964 3102 1017 rebus
3134 963 3282 1018 meis
3312 963 3609 1027 omnibus,
3634 979 3759 1035 pre-

2111 1053 2320 1106 tiosam
2378 1052 2535 1106 illam
2596 1053 2970 1123 margaritam
3027 1069 3218 1106 emere
3244 1053 3309 1117 ⁸ο,
3344 1051 3648 1123 fluxasque
3703 1057 3760 1107 et

2112 1141 2345 1212 fragiles
2381 1157 2519 1211 opes
2545 1157 2676 1195 cum
2706 1141 2888 1195 lirmis
2919 1145 2976 1194 et
3001 1140 3333 1194 coelestibus
3355 1144 3718 1196 commutare
3743 1158 3756 1196 :

2110 1247 2237 1301 qua:
2270 1231 2506 1300 quidem
2554 1230 2858 1301 negotiatit
2899 1247 3041 1284 sana
3070 1234 3263 1284 mente
3295 1229 3552 1300 przeditis
3589 1229 3761 1300 longe

2112 1319 2366 1374 maxima
2399 1325 2486 1374 est
2519 1335 2583 1374 ac
2609 1320 2968 1386 certissima;
3001 1320 3155 1390 quod
3181 1319 3227 1374 si
3253 1319 3449 1374 minus
3480 1320 3758 1392 consequi

2111 1425 2364 1480 possem,
2395 1424 2488 1463 me
2518 1412 2671 1463 certe
2712 1409 2794 1464 ita
2833 1409 3148 1473 continere,
3182 1413 3247 1462 ut
3278 1408 3559 1463 sublimes
3589 1409 3760 1464 sedes

2111 1497 2202 1564 iis,
2223 1497 2322 1567 qui
2356 1511 2559 1550 earum
2598 1497 2918 1568 cupiditate
2947 1497 3319 1563 ducerentur,
3343 1498 3755 1566 concederem;

2109 1586 2234 1657 ipse
2262 1602 2396 1640 vero
2427 1601 2528 1656 per
2557 1589 2740 1640 totam
2772 1588 2948 1640 vitam
2993 1585 3144 1640 inter
3175 1601 3384 1658 pueros
3413 1591 3471 1642 et
3497 1585 3758 1658 discipu-

2108 1675 2195 1730 los
2224 1690 2510 1739 censerer,
2536 1675 2727 1744 quoad
2763 1673 2919 1730 dulci
2949 1675 3215 1730 doctrina
3258 1673 3476 1730 salsam
3509 1679 3566 1730 et
3594 1691 3756 1730 ama-

349 1773 475 1813 ram
525 1758 850 1815 doctrinam
903 1760 1202 1817 eluisem.
1237 1761 1364 1817 Haec
1413 1768 1608 1818 autem
1663 1779 1823 1830 meae,
1857 1764 1977 1819 sive
2027 1763 2432 1836 philosophia,
2473 1761 2593 1818 sive
2641 1762 3000 1827 stoliditatis,
3034 1762 3226 1832 prima
3271 1779 3450 1818 causa
3502 1764 3755 1839 exstitit;

349 1846 590 1903 alteram
619 1864 776 1919 vero,
808 1866 1056 1923 eamque
1085 1851 1518 1922 gravissimam,
1553 1869 1708 1908 nunc
1739 1853 1955 1908 audite.

418 1935 486 1988 B'.
523 1932 744 2004 Ἐπειδὴ
792 1935 942 2011 Λόγῳ
988 1937 1079 1991 τὸν
1127 1943 1235 1993 τῶν
1285 1937 1512 1992 πολλῶν
1548 1937 1714 2013 λόγον
1749 1938 1992 2014 ἐπισχεῖν

2175 1940 2242 1995 ΙΙ.
2266 1941 2552 2006 Quoniam
2577 1941 2736 1996 enim
2761 1940 3085 1995 multorum
3116 1939 3413 1996 hominum
3445 1940 3758 2011 loquacita-

349 2023 457 2097 οὐχ
500 2022 615 2086 οἷός
660 2044 719 2078 τε
767 2023 1058 2099 ἐγενόμην,
1099 2028 1188 2080 καὶ
1219 2028 1319 2094 τήν
1350 2032 1436 2081 νῦν
1470 2027 1802 2102 κατέχουσαν
1861 2031 1995 2082 πάν-

343 2131 438 2171 τας
482 2111 649 2186 φορᾶν
697 2113 786 2165 καὶ
848 2113 1175 2187 προθυμίαν,
1235 2114 1312 2176 είς
1364 2116 1426 2169 τὸ
1478 2113 1746 2170 διδάσκειν
1791 2138 1849 2170 τε
1906 2117 1994 2171 καὶ

347 2197 535 2253 λαλεῖν
587 2201 652 2254 τὰ
698 2205 793 2254 τοῦ
845 2202 1156 2275 Πνεύματος
1201 2205 1377 2279 χωρὶς
1430 2204 1740 2276 Πνεῦματος
1768 2225 1780 2237 ⁸
1815 2205 1996 2280 ἑτέραν

346 2287 541 2357 ἦλθον,
593 2289 666 2350 ὡς
711 2289 941 2362 ἐμαυτὸν
983 2291 1174 2364 πείθω,
1213 2292 1412 2367 βελτίω
1442 2315 1500 2348 τι
1529 2295 1617 2348 καὶ
1651 2295 1992 2369 ἀπονωτέραν

348 2375 496 2446 ὁδὸν,
528 2376 807 2433 παιδεῦσαι
839 2381 974 2453 πρὸς
1008 2382 1242 2457 ἡσυχίαν
1290 2383 1526 2444 ἅπαντας
1574 2383 1652 2456 τῷ
1700 2383 1995 2458 ἀρχετύπῳ

343 2473 444 2534 τῆς
496 2475 740 2537 σιωπῆς’
793 2469 837 2522 εί
892 2468 984 2540 μέν
1033 2491 1083 2523 τι
1121 2470 1255 2544 μέγα
1285 2472 1408 2546 περὶ
1441 2475 1600 2544 ἡμῶν
1636 2473 1861 2540 οἷόνται,
1894 2475 1992 2542 τὴν

348 2555 626 2631 ὑπεροχήν
658 2555 1015 2630 αἰδουμένους
1040 2577 1053 2590 ⁸
1088 2559 1132 2613 εἰ
1168 2557 1225 2613 δὲ
1259 2561 1450 2635 μικρόν
1482 2581 1541 2615 τε
1570 2561 1658 2615 καὶ
1707 2564 1830 2616 ’ὁσον
1883 2563 1993 2633 (52)

347 2640 514 2714 ἄξιον,
545 2649 624 2716 τῷ
657 2647 915 2720 ὁμοτίμῳ
975 2651 1499 2722 συμμετριάζοντας.
1562 2652 1733 2712 Οὗτος
1767 2652 1793 2704 ὁ
1827 2649 1993 2726 λόγος

347 2738 446 2800 τῆς
475 2732 614 2805 ἐμῆς
643 2739 854 2804 σιωπῆς
877 2755 889 2768 ο
921 2741 1082 2792 τοῦτο
1134 2745 1234 2807 τῆς
1265 2738 1546 2815 καρτερίας
1579 2742 1692 2812 (53)
1723 2742 1880 2813 ἡμῶν
1931 2741 1994 2794 τὸ

351 2824 648 2898 μυστήριον
663 2867 674 2881 .

416 3095 486 3145 Γ’.
521 3087 697 3144 Ἀλλά
737 3089 789 3144 τί
839 3090 1033 3158 πάθω;
1082 3092 1141 3147 Ὀ
1194 3091 1288 3162 μὲν
1339 3089 1483 3154 ἔνθεν
1518 3094 1653 3164 (54),
1686 3093 1713 3146 ὁ
1745 3091 1802 3147 δὲ
1856 3092 1992 3148 ἔνθεν

347 3176 653 3233 διέλκουσιν
715 3181 864 3250 ἡμᾶς
921 3179 1011 3232 καὶ
1068 3180 1450 3254 σπαράττουσι,
1511 3182 1600 3235 καὶ
1680 3182 1810 3255 ὑπὲρ
1885 3187 1991 3235 τῶν

2106 2035 2222 2085 tam
2255 2046 2523 2086 sermons
2556 2031 2873 2101 reprimere
2917 2045 3030 2084 non
3062 2029 3245 2101 potui,
3269 2045 3374 2084 nec
3404 2029 3754 2101 promptitu-

2105 2119 2300 2174 dinem
2334 2119 2495 2174 illam
2529 2119 2831 2189 animique
2871 2119 3178 2190 impetum,
3204 2135 3316 2189 quo
3365 2135 3521 2174 nunc
3551 2135 3756 2175 omnes

2105 2208 2176 2262 ad
2223 2224 2291 2262 ea
2322 2225 2447 2278 quas
2479 2208 2736 2278 Spiritus
2784 2211 2944 2274 sunt,
2978 2206 3105 2262 sine
3153 2206 3373 2278 Spiritu
3407 2207 3668 2262 docenda
3696 2212 3755 2262 et

2104 2297 2445 2368 exponenda
2495 2296 2815 2368 praecipites
2869 2296 3156 2361 feruntur,
3189 2294 3433 2350 alteram
3464 2296 3638 2364 viam,
3673 2301 3750 2366 et,

2107 2389 2172 2439 ut
2208 2384 2351 2439 mihi
2405 2386 2750 2456 persuadeo,
2785 2385 3086 2439 meliorem
3140 2384 3453 2454 minusque
3498 2384 3754 2441 laborio-

2105 2489 2254 2539 sam,
2288 2474 2594 2545 ingressus
2623 2489 2776 2541 sum,
2809 2477 2875 2526 ut
2919 2471 3212 2544 proposito
3244 2471 3461 2527 silentii
3491 2472 3755 2545 exemplo

2105 2567 2340 2617 oreteros
2371 2563 2441 2617 ad
2469 2561 2771 2616 silentium
2794 2561 3086 2616 erudirem
3114 2578 3126 2616 :
3151 2561 3198 2616 si
3223 2561 3461 2632 quidem
3484 2562 3558 2617 de
3587 2562 3757 2618 nobis

2105 2650 2426 2706 honorifice
2475 2650 2750 2716 sentiant,
2785 2650 3185 2721 praestantiam
3220 2649 3437 2705 honore
3485 2666 3552 2705 ac
3599 2667 3755 2706 reve-

2106 2739 2294 2794 rentia
2326 2743 2777 2810 prosequentes;
2823 2739 2910 2794 sin
2945 2743 3138 2794 autem
3185 2755 3393 2810 parum
3424 2738 3755 2810 magnifice,

2107 2845 2173 2884 ac
2204 2829 2445 2900 perinde
2474 2833 2539 2884 ut
2569 2829 2814 2899 dignum
2847 2832 2955 2896 est,
2989 2826 3230 2898 aequalis
3263 2827 3353 2883 sui
3387 2827 3756 2883 mediocrita-

2103 2921 2221 2972 tem
2254 2917 2575 2975 imitantes.
2609 2917 2739 2972 Haac
2790 2933 2930 2971 meas
2978 2915 3398 2972 taciturnitatis
3429 2916 3603 2984 ratio;
3648 2917 3757 2973 hoc

2105 3005 2401 3061 obﬁrmati
2433 3005 2716 3077 propositi
2744 3005 2930 3060 nostri
2962 3005 3294 3060 consilium.

2181 3095 2271 3149 IlI.
2306 3097 2377 3148 At
2405 3095 2547 3164 quid
2591 3094 2842 3150 faciam?
2873 3093 2984 3148 Alii
3037 3093 3274 3149 aliunde
3305 3109 3398 3148 me
3427 3093 3673 3150 trahunt
3701 3097 3759 3150 et

2105 3182 2386 3246 lacerant,
2419 3199 2485 3237 ac
2517 3183 2587 3236 de
2621 3182 2763 3237 meis
2802 3180 3104 3236 laboribus
3152 3181 3295 3236 mihi
3345 3181 3504 3238 litem
3535 3187 3753 3250 creant,

347 3266 494 3337 ἐμῶν
550 3265 854 3334 δικάζονται
916 3266 1121 3335 πόνων,
1183 3267 1362 3342 ὣσπερ
1407 3267 1548 3323 ἄλλο
1593 3289 1644 3322 τι
1697 3270 1861 3345 χρέος
1907 3271 1992 3324 τὸν

347 3350 367 3372 \
397 3352 410 3372 I
606 3354 619 3372 9
854 3356 866 3372 1
1089 3355 1102 3372 ν
1237 3355 1246 3372 1
1655 3356 1668 3372 \
1758 3358 1770 3372 ἱ
1903 3362 1927 3372 ~

2110 3287 2465 3334 sermonem,
2497 3287 2612 3324 non
2655 3286 2823 3325 secus
2855 3286 2921 3324 ac
2960 3271 3110 3326 865
3147 3269 3411 3325 debitum
3443 3271 3757 3341 quoddam,

345 3350 512 3426 λόγον
595 3354 981 3429 ἀπαραιτήτως
1059 3355 1489 3430 είσπράττοντες,
1582 3356 1670 3410 καὶ
1745 3358 1993 3432 ἀγαπῶσι

350 3439 560 3514 μᾶλλον
620 3442 654 3511 ἢ
716 3442 874 3505 αὐτὸς
934 3443 1203 3516 ἐμαυτόν·
1263 3443 1352 3498 καὶ
1421 3443 1522 3500 εἶσὶ
1595 3443 1788 3507 πάντες
1859 3446 1994 3518 ἐμοῦ

346 3531 668 3608 σοφώτεροι,
700 3529 946 3601 πλέον,ἣ
1003 3531 1111 3608 ἐγὼ
1167 3535 1526 3608 γινώσκοντες
1582 3535 1767 3610 καιρὸν
1828 3533 1994 3610 λόγου

344 3621 378 3688 ἢ
566 3628 779 3690 σιωπῆς
805 3641 817 3653 ·
853 3621 942 3676 καί
974 3644 1130 3700 φασιν
1161 3624 1259 3678 οὐκ
1295 3623 1533 3694 ἀνήσειν,
1569 3623 1749 3700 ὣσπερ
1783 3621 1994 3699 σιδήρῳ

344 3715 558 3784 πυρῖτιν
622 3713 730 3785 (56)
781 3708 954 3783 λίθον,
1017 3712 1259 3774 παίοντες
1317 3715 1466 3785 ἡμᾶς
1541 3718 1656 3774 τοῖς
1714 3711 1992 3781 ὀνείδεσιν,

343 3794 446 3859 ἕως
479 3798 536 3852 ἂν
572 3799 629 3853 ἐκ
665 3804 862 3873 μικροῦ
911 3803 1206 3875 σπινθῆρος
1256 3802 1345 3854 τὸν
1405 3806 1512 3855 τῶν
1549 3800 1728 3875 λόγων
1791 3803 1990 3873 πυρσὸν

343 3885 639 3956 ἀνάψωσιν.
700 3886 842 3955 Ἤδη
903 3885 960 3942 δέ
1009 3909 1148 3950 τινες
1205 3887 1380 3941 αὐτῶν
1451 3891 1539 3942 καὶ
1604 3890 1991 3962 ὑπισχνοῦνται

343 3975 708 4049 χρηστότερα,
757 3976 845 4028 καὶ
905 3977 1118 4050 μεγάλα
1168 3975 1512 4050 προτιθέασιν
1562 3976 1701 4030 ἆθλα
1749 3983 1864 4038 τοῖς
1900 3977 1993 4032 λό-

341 4084 458 4138 γοις
487 4081 499 4096 ·
531 4066 745 4138 πρῶτον
783 4063 876 4134 μὶν
908 4063 1126 4126 ἑαυτοὺς
1159 4064 1490 4134 εὐποιήσειν,
1525 4063 1704 4126 δοντες
1746 4069 1822 4136 τῷ
1879 4071 1994 4136 Θεῷ

343 4151 431 4204 καὶ
489 4154 624 4222 ἡμῖν
686 4151 760 4213 εἷς
819 4152 910 4205 τὸν
969 4151 1126 4228 λόγον
1178 4160 1628 4230 καρποφορῆσαιο
1665 4150 1849 4208 ἔπειτα
1902 4154 1991 4207 καὶ

342 4236 535 4292 τούσδε
581 4241 799 4311 πάντας,
849 4236 939 4293 διὰ
990 4247 1087 4309 τῆς
1135 4241 1459 4319 ἀπογραφῆς
1527 4244 1660 4315 (57),
1721 4242 1811 4295 τὸν
1863 4239 1991 4312 ἐμὸν

345 4326 570 4403 κλῆρον,
624 4325 771 4403 εἲίπερ
821 4328 951 4401 ἐμὸς
1005 4330 1040 4382 ἁ
1089 4332 1372 4404 πατρικὸς,
1433 4332 1495 4385 τὸ
1554 4331 1683 4404 ἐμὸν
1713 4330 1990 4402 ποίμνιον,

345 4415 438 4478 οὕς
472 4413 591 4470 λίαν
626 4414 895 4486 ἀδικοίην,
928 4419 1003 4489 μή
1044 4419 1218 4472 πάντα
1264 4418 1466 4492 τρόπον
1514 4418 1805 4496 εὐεργετεῖν
1855 4438 1988 4492 προ-

412 4535 458 4569 ⁷⁹
487 4533 706 4590 Coloss.
741 4551 826 4599 III,
857 4536 912 4590 3.
986 4535 1032 4570 ⁸ο
1064 4536 1266 4592 Matth.
1300 4553 1426 4602 xui,
1457 4538 1524 4591 45
1552 4554 1718 4609 seqq.

557 4645 856 4723 Ἀντιᾷώᾳ
890 4651 1031 4723 les.,
1059 4647 1386 4723 &_v1t8i8o~5c,

439 4715 526 4792 48)
558 4715 687 4775 Οὔκ.
722 4721 860 4792 Reg.
896 4715 1027 4786 bm,
1051 4721 1164 4777 οὗν.

436 4790 524 4863 49)
553 4795 666 4845 Τῶν
713 4790 939 4866 θρόνων.
991 4793 1164 4866 Cois].
1199 4795 1249 4862 1,
1282 4793 1372 4846 τὸν
1419 4793 1632 4866 Θρόνον.
1667 4795 1761 4849 Sic
1814 4794 1989 4849 etiam

342 4859 593 4939 lflicetas,
624 4864 723 4935 qui
750 4859 1147 4939 ’διδασκαλικόν
1197 4859 1253 4918 id
1298 4872 1404 4932 est,
1431 4859 1461 4916 «'
1492 4867 1756 4939 magistri
1789 4866 1989 4920 cathe-

343 4935 530 5009 dram,
558 4956 585 4983 »
618 4953 686 5009 ex
713 4935 1030 5009 episcopali
1064 4953 1324 5003 munere,
1356 4935 1609 5009 exponit:

415 5007 524 5076 (50)
558 5005 655 5059 Διὰ
706 5005 1046 5080 βίουκαίξῇοιι
1091 5014 1272 5063 totam
1322 5005 1521 5064 vitam.
1551 5032 1576 5057 »
1618 5009 1711 5064 Sic
1761 5007 1988 5080 Nicetas

343 5074 762 5150 interpretatur
794 5096 806 5133 :
841 5074 908 5130 δι’
938 5075 1074 5146 δλής
1119 5099 1222 5150 μου
1249 5085 1348 5147 τῆς
1385 5085 1550 5148 ζωῆς.
1585 5080 1780 5149 Neque
1810 5079 1987 5150 enim

345 5148 565 5203 mirum
594 5149 777 5206 videri
808 5150 997 5222 debet,
1031 5148 1375 5222 Gregorium
1423 5158 1586 5208 tanto
1639 5148 1989 5206 humilitatis

346 5236 543 5294 amore
572 5222 901 5294 praeditum,
922 5221 1080 5294 inter
1111 5221 1322 5294 pueros
1353 5241 1418 5278 ac
1449 5224 1773 5294 discipulos
1803 5225 1988 5276 totam

342 5291 522 5365 vitam
552 5293 871 5364 transigere
901 5291 1288 5365 desiderasse,
1317 5297 1506 5365 quoad
1539 5291 1694 5350 dulci
1727 5294 1992 5348 doctrina

345 5361 563 5418 salsam
595 5368 652 5419 et
680 5361 941 5419 amaram
969 5364 1230 5421 cluisset.
1262 5361 1417 5422 Unde
1440 5369 1584 5423 satis
1615 5367 1835 5420 indicat
1865 5370 1988 5417 tum

346 5451 574 5490 morum
607 5440 730 5490 tum
762 5437 1038 5491 doctrinas
1073 5438 1382 5494 puritatem
1424 5445 1544 5494 toto
1575 5439 1701 5492 vitae
1734 5445 1993 5494 tempore

346 5455 574 5490 morum
607 5455 730 5490 tum
762 5455 1038 5491 doctrinas
1113 5455 1382 5493 uritatcm
1424 5455 1544 5494 toto
1575 5455 1701 5492 Vitae
1734 5455 1848 5492 rem
1897 5455 1987 5490 ore

339 5507 437 5560 vix
467 5508 792 5579 comparari
829 5523 1018 5578 posse.
1054 5455 1190 5579 ἕψε
1220 5509 1520 5565 silentium
1554 5527 1665 5563 non
1705 5534 1723 5556 ι
1763 5455 1987 5563 stolidi-

343 5584 458 5652 tas,
484 5601 510 5628 ››
543 5581 643 5635 sed
678 5604 704 5629 ‹‹
739 5581 1054 5652 prudentia
1095 5581 1286 5652 potius
1317 5599 1383 5636 ac
1415 5584 1698 5636 modestia
1730 5603 1755 5652 ξι
1791 5579 1990 5652 appel-

346 5649 454 5705 lari
487 5652 678 5707 debet.
713 5648 839 5707 Non
897 5648 1263 5724 igitur'bene
1315 5653 1537 5717 Billius,
1570 5654 1668 5724 qui
1726 5648 1994 5724 Sui—ﬁn»

348 5737 451 5795 per
476 5745 498 5773 ι
522 5723 810 5796 tantisper
831 5744 860 5774 »
881 5721 1092 5779 reddit.
1123 5723 1264 5789 Quis
1293 5725 1448 5782 enim
1480 5721 1730 5797 ignorat,
1765 5721 1994 5778 nullum

412 4653 431 4863 ἓ

2108 3359 2294 3431 rigide
2324 3359 2676 3428 ﬂagitantes,
2711 3375 2920 3428 meque
2971 3359 3394 3430 vehementius,
3423 3375 3600 3430 quam
3651 3376 3757 3432 ego

2105 3447 2758 3520 meipsum,diligentes,
2776 3464 2842 3502 ac
2865 3463 2957 3502 me
2977 3463 3179 3502 omnes
3197 3447 3755 3519 sapientiavincunt,

2106 3543 2171 3592 ut
2201 3537 2296 3607 qui
2349 3536 2636 3592 sermonis
2685 3535 3024 3607 silentiique
3053 3541 3290 3608 tempus
3345 3536 3532 3608 magis
3578 3553 3756 3608 quam

2104 3643 2230 3697 ego,
2267 3625 2564 3697 cognitum
2599 3629 2654 3679 et
2685 3623 3048 3696 exploratum
3100 3625 3367 3680 habeant.
3403 3625 3550 3690 Quin
3583 3625 3757 3680 etiam

2106 3718 2320 3784 negant
2361 3730 2421 3768 se
2453 3718 2606 3778 ante,
2643 3718 2705 3767 ut
2737 3712 2963 3768 silicem
2995 3713 3168 3783 ferro,
3200 3713 3285 3768 sic
3338 3729 3430 3768 me
3479 3713 3757 3768 conviciis

2105 3801 2391 3857 tundendi
2422 3802 2597 3855 finem
2630 3801 2905 3869 facturos,
2939 3818 3117 3871 quam
3165 3818 3235 3856 ex
3271 3817 3450 3871 parva
3499 3801 3758 3856 scintilla

2105 3891 2402 3961 ingentem
2425 3905 2764 3944 sermonum
2789 3890 3086 3944 ﬂammam
3109 3888 3436 3944 excitarint.
3453 3889 3588 3944 Jam
3622 3906 3753 3945 vero

2104 3979 2345 4050 quidam
2401 3978 2578 4032 etiam
2631 3978 2990 4048 jucundiora
3048 3977 3428 4048 promittunt,
3488 3976 3753 4048 meisque

2104 4067 2474 4123 sermonibus
2525 4066 2765 4137 praemia
2819 4081 3034 4136 magna
3079 4070 3440 4136 proponunt;
3491 4065 3748 4136 primum

2103 4155 2362 4227 quidem,
2387 4159 2451 4208 ut
2483 4155 2554 4209 de
2576 4154 2788 4224 seipsis
2810 4153 3029 4224 optime
3061 4157 3420 4219 mereantur,
3444 4153 3559 4208 Deo
3583 4154 3752 4208 nimi-

2103 4260 2231 4299 rum
2267 4259 2332 4297 ac
2362 4242 2534 4297 nobis
2564 4243 2672 4297 hoc
2703 4243 2930 4308 dantes,
2963 4245 3029 4296 ut
3071 4257 3214 4296 suus
3245 4241 3492 4297 orationi
3541 4246 3750 4298 nostra

2103 4332 2329 4386 fructus
2360 4335 2589 4386 constet
2620 4347 2633 4386 :
2669 4331 2879 4386 deinde
2909 4334 2975 4384 ut
3017 4330 3407 4401 descriptione
3435 4330 3543 4386 hos
3571 4330 3749 4386 etiam

2101 4436 2304 4478 omnes
2328 4421 2564 4492 juvant;
2587 4420 2719 4489 hos,
2740 4420 3007 4490 inquam,
3029 4423 3244 4474 sortem
3269 4435 3484 4487 meam,
3506 4419 3554 4476 si
3579 4420 3750 4476 modo

2023 4657 2070 4720 Ι)
2103 4668 2231 4709 esse
2288 4652 2442 4707 inter
2492 4650 2784 4722 homines,
2809 4650 2912 4722 qui
2945 4672 2972 4700 «
3004 4649 3292 4722 tantisper
3335 4671 3364 4700 »
3420 4648 3748 4722 discipulus

2101 4741 2230 4780 esse
2262 4741 2373 4778 non
2405 4721 2658 4776 debeat?

2174 4796 2285 4866 (51)
2316 4794 2512 4846 Ἔστω.
2547 4793 2719 4848 Deest
2773 4791 2830 4846 in
2890 4795 3051 4847 Pass.
3087 4791 3228 4864 Reg.
3270 4808 3322 4860 c,
3374 4791 3568 4856 habet,
3617 4785 3745 4859 εἴτε,

2102 4865 2408 5009 [Ἲὲζῗῗξάὶ
2441 4932 2586 5009 ὅσον,
2619 4934 2714 5009 Sic
2741 4938 2858 4988 tres
2903 4935 3101 5009 Regg.,
3133 4936 3242 4988 etc.
3279 4934 3338 4987 In
3372 4933 3486 5009 ed.,
3519 4927 3746 5009 agmineex

2099 5001 2298 5075 806v,'«
2333 5024 2438 5063 nec
2469 5007 2708 5078 perinde
2754 5012 2930 5076 atquc
2961 5001 3205 5076 dignum
3235 5009 3343 5074 est,
3371 5026 3400 5055 »
3431 5007 3494 5059 ut
3539 5001 3745 5058 suum;

2099 5081 2540 5152 interpretaturf

2169 5143 2281 5223 (53.)
2314 5147 2626 5224 ξςαρτερίας.
2669 5146 2844 5205 Coisl.
2875 5150 2929 5212 2,
2954 5143 3258 5224 σωτηρίας,
3294 5166 3322 5195 α
3353 5143 3584 5224 salutis,
3609 5166 3639 5194 »

2169 5215 2279 5290 (54)
2314 5222 2374 5278 'O
2395 5215 2502 5292 ’μὲν
2535 5217 2701 5288 ἔνθεν,
2735 5224 2842 5273 etc.
2878 5240 2905 5268 ‹‹
2937 5215 3289 5284 Αιίιιι’1]ἱῐιο,
3323 5216 3474 5273 alius
3502 5215 3687 5279 illinc,
3717 5234 3746 5264 η

2100 5298 2285 5434 εή((55)
2314 5363 2402 5416 Ἠ.
2435 5360 2736 5434 Nonnulli,
2767 5357 2879 5413 καί.

2351 5438 2592 5508 Πυρῖτιν.
2675 5432 2808 5503 Reg.
2884 5433 3016 5497 bm,

2102 5526 2285 5651 ἪῘὶ(57)
2314 5565 2556 5651 ’Διά-τῇς
2608 5572 2956 5651 ᾇπογραφῆς.
2991 5596 3031 5651 «ξ.
3050 5574 3156 5627 Per
3212 5570 3690 5651 descriptionem,
3720 5589 3748 5617 »

2105 5648 2383 5730 nimirum
2419 5647 2669 5729 Juliani.
2698 5664 2894 5730 opera,
2945 5648 3292 5701 tributorum
3342 5647 3747 5718 exaquatoris,

2107 5720 2382 5794 Gregorio
2415 5720 2780 5777 amicissimi.

3089 5438 3145 5486 et
3210 5431 3383 5487 Cois].
3453 5431 3517 5500 1,
3592 5425 3749 5499 πυρί-
