4094 6288
341 336 495 402 1047

1578 343 1644 403 S.
1691 337 2065 403 GREGORII
2110 336 2505 398 THEOLOGI

3595 343 3757 405 1048

340 490 471 546 quae
515 477 758 545 paterna
805 492 952 546 sors,
978 492 1108 531 mea
1150 478 1444 532 censenda
1486 481 1594 543 est,
1646 492 1863 542 meum,
1898 474 1987 527 in-

2121 468 2465 543 ιυμοόμενος.
2498 470 2567 523 Τὸ
2596 466 2653 523 δὲ
2682 468 2999 541 κάλλιπον,
3032 470 3137 542 ὅτι,
3170 472 3199 526 ὃ
3248 470 3434 527 πολλᾶ
3482 476 3752 545 πονήσαψ

342 577 543 631 quam,
568 579 825 635 gregem,
850 580 1018 633 quem
1054 564 1288 635 quidem
1323 565 1436 620 nisi
1468 565 1744 620 omnibus
1772 563 1989 619 beneﬁ-

344 650 452 706 ciis
482 667 694 723 augere
724 653 1045 723 studerem,
1076 654 1447 725 iniquissime
1477 655 1746 710 facerem.
1781 654 1841 707 In
1876 668 1991 723 quo

346 740 525 794 etiam
558 739 701 795 illud
733 747 821 796 est
853 743 1580 815 praeclarissimum,quod,
1601 748 1667 805 ut
1693 760 1725 797 a
1746 759 1839 797 me
1869 759 1992 796 ser-

348 845 582 884 monem
606 830 941 901 impetrent,
968 831 1075 886 hoc
1100 832 1293 903 ipsum
1317 833 1755 902 oﬁ'erunt,quod
1781 836 1843 886 ut
1864 847 1995 885 con-

349 933 643 989 sequerer,
670 935 921 991 magnus
942 920 1083 974 mihi
1120 920 1281 975 labor
1312 923 1369 974 in
1402 922 1645 976 dicendo
1670 919 1993 991 suscipien-

348 1008 461 1063 dus
512 1008 737 1062 fuisset.
773 1008 816 1063 Ο
871 1008 1205 1079 praeclaram
1258 1010 1849 1080 contentionem,qua
1904 1024 1997 1062 me

347 1096 577 1151 vincere
610 1097 991 1152 adnituntur!
1027 1114 1057 1152 ο
1087 1097 1378 1170 insignem
1419 1097 1865 1153 liberalitatem!
1898 1095 1996 1149 Vi-

348 1185 478 1239 dete
508 1184 647 1255 quid
697 1184 996 1240 silentium
1048 1190 1315 1241 nostrum
1365 1186 1617 1242 effecerit
1651 1203 1662 1239 :
1695 1187 1889 1256 majus
1938 1184 1997 1238 in

2101 580 2192 620 τας
2226 556 2332 613 ἔδει
2358 560 2693 634 κατορθῶσαι
2725 564 2840 621 τοῖς
2875 560 3083 636 λόγοις,
3114 565 3273 616 τοῦτο
3315 562 3447 640 ὖπὶρ
3495 568 3603 617 τῶν
3655 560 3758 619 λό-

2099 669 2207 723 γων
2260 646 2432 701 αὐτῶν
2484 648 2844 725 εἰσφέρουσιν.
2887 651 2951 704 Ὠ
2994 658 3093 719 τῆς
3144 650 3322 720 καλῆς
3388 651 3756 731 φιλονεικίας,

2101 738 2161 805 ἣν
2196 736 2293 809 ἐμὲ
2323 744 2535 805 νικῆσαι
2570 736 2967 813 φιλονεικοῦσιν
2997 742 3007 794 l
3042 742 3106 793 Ὠ
3143 743 3240 809 τῆς
3290 741 3577 809 ἐπαινετῆς
3636 742 3758 797 ἄπι-

2105 823 2305 886 δόσεως
2332 828 2343 881 l
2378 827 2565 900 Ὁρᾶτε
2593 825 2827 895 πηλίκον
2858 829 2921 881 τὸ
2952 827 3109 902 ἔργον
3154 836 3254 897 τῆς
3306 828 3445 901 ἐμῆς
3492 838 3710 900 σιωπῆς
3740 851 3756 865 ·

2104 914 2297 975 αὐτοὺς
2360 915 2484 985 ὑμῖν
2543 916 2810 985 πεποίηκε
2863 917 2990 977 τοὺς
3046 917 3242 992 Λόγους
3317 920 3756 995 ποθεινοτὲρους.

2105 1004 2293 1078 Ὁρᾶτε
2346 1004 2438 1057 τὸν
2493 1005 2697 1078 καρπὸν
2747 1012 2845 1073 τῆς
2894 1003 3110 1075 ἀδοξίας
3160 1014 3260 1074 τῆς
3311 1008 3581 1081 ἡμετέρας
3622 1013 3757 1081 (58).

2105 1088 2229 1146 Εἴθε
2258 1113 2307 1144 τι
2340 1089 2547 1165 γένοιτο
2602 1092 2691 1146 καὶ
2738 1098 2845 1147 τῶν
2879 1092 3059 1168 λόγων
3088 1100 3344 1150 τοσοῦτον
3379 1092 3598 1174 ὄφελος,
3632 1098 3757 1152 ὅσον

2105 1187 2205 1249 τῆς
2234 1187 2415 1249 σιωπῆ
2428 1202 2473 1242 ς.

346 1274 512 1329 vobis
541 1290 881 1329 sermonum
912 1275 1176 1346 ipsorum
1207 1275 1564 1331 desiderium
1594 1275 1885 1331 excitavit.
1918 1273 2123 1327 Videte
2153 1286 2326 1341 quem
2382 1271 2636 1325 fructum
2686 1287 2855 1327 meus
2893 1271 3089 1344 gloriae
3121 1278 3495 1347 contemptus
3523 1294 3763 1350 pepere-

346 1362 442 1419 rit.
478 1363 712 1419 Utinam
748 1369 1033 1435 quantum
1066 1365 1339 1421 utilitatis
1367 1364 1668 1421 silentium
1701 1363 1918 1434 attulit,
1948 1366 2180 1417 tantum
2212 1376 2513 1415 sermones
2542 1359 2655 1431 ipsi
2686 1360 2949 1416 afferant.

422 1451 515 1505 IV.
548 1451 835 1517 Quoniam
884 1453 1065 1524 igitur
1119 1453 1324 1524 placet,
1366 1458 1537 1523 atque
1584 1452 1869 1507 invictum
1918 1451 2002 1505 vi-

2185 1451 2255 1502 A'.
2288 1445 2499 1503 Οὐκοῦν
2542 1444 2727 1516 ἐπειδή
2776 1451 2942 1502 ταῦτα
2990 1445 3159 1520 δοκεῖ,
3210 1449 3297 1503 καὶ
3329 1453 3645 1521 νενικήκατε
3672 1455 3765 1507 τὸν

352 1540 537 1610 cistis,
571 1558 636 1596 ac
678 1541 749 1596 de
793 1546 994 1597 nostra
1041 1542 1413 1614 philosophia
1455 1548 1738 1613 tropaeum
1791 1542 2003 1595 statui-

2121 1534 2385 1605 Ξιήττητον
2437 1538 2571 1607 (59),
2619 1535 2709 1589 καὶ
2754 1536 3013 1611 τρόπαιον
3067 1536 3323 1608 ὲστήσατε
3498 1542 3635 1595 κατὰ
3662 1549 3765 1610 τῆς

354 1631 483 1698 stis,
516 1646 641 1702 age,
665 1629 883 1700 aliquid
925 1632 996 1686 ad
1027 1648 1129 1686 vos
1178 1632 1368 1687 dicam
1400 1630 1629 1686 silentio
1678 1630 1889 1685 melius
1938 1645 2004 1683 ac

2121 1623 2253 1695 ἐμῆς
2285 1622 2628 1701 φιλοσοφίας,
2663 1625 2791 1700 φέρε
2816 1646 2870 1678 τι
2902 1625 3217 1702 φθέγξωμαι
3258 1630 3370 1699 (61)
3416 1628 3553 1703 πρὸς
3596 1629 3762 1702 ὑμᾶς,

354 1718 766 1794 praestabilius.
792 1719 946 1774 Nihil
979 1719 1159 1791 igitur
1184 1719 1359 1775 molle
1388 1736 1453 1775 ac
1485 1720 1825 1785 remissum,
1858 1717 2003 1773 nihil

2121 1719 2212 1781 τῆς
2261 1719 2475 1781 σιωπῆς
2525 1714 2767 1785 ἄμεινον.
2820 1713 3127 1790 Φθέγξομαι
3164 1721 3477 1791 τοιγαροῦν,
3539 1719 3601 1772 οὗ
3659 1741 3765 1793 μα-

354 1824 671 1864 numerosa
702 1807 1090 1862 concinnitate
1134 1807 1497 1863 multitudini
1520 1808 1854 1879 jucundum
1886 1807 2002 1863 elo-

2121 1796 2282 1855 λακόν
2328 1822 2379 1855 τι
2428 1800 2517 1855 καὶ
2572 1796 3040 1875 ἀναϐεϐλημένον,
3085 1803 3211 1858 οὐδὲ
3256 1812 3356 1874 τῆς
3387 1804 3617 1877 ἡδίστης
3644 1813 3763 1870 τοῖς

354 1914 529 1969 quar;
565 1913 680 1952 non
713 1896 865 1951 enim
911 1896 1183 1952 eximiam
1214 1897 1464 1969 gratiam
1508 1898 1621 1953 mei
1671 1896 2004 1952 amantibus

2121 1889 2350 1952 πολλοῖς
2404 1891 2664 1966 ἁρμονίας
2712 1888 2858 1965 (οὐδὲ
2905 1893 3007 1967 γὰρ
3076 1893 3135 1946 ἃν
3188 1894 3373 1956 καλῶς
3423 1891 3761 1969 ἂμειϐοίμην

355 1986 757 2057 rependerem,
806 1984 913 2041 hoc
964 1986 1246 2041 orationis
1293 2002 1505 2058 genere
1553 1990 1757 2054 utens;
1807 2001 2004 2041 verum

2121 1979 2245 2041 τοὺς
2286 1979 2451 2052 ἐμοὺς
2500 1978 2746 2054 ἐραστὰς,
2797 1979 2940 2034 οὕτω
2993 1978 3425 2057 διαλεγόμενος),
3481 1982 3628 2039 ἀλλᾶ
3674 1986 3764 2039 καὶ

356 2075 675 2131 admodum
726 2074 968 2130 robusta
1012 2078 1069 2130 et
1116 2075 1235 2130 acri
1288 2092 1353 2130 ac
1404 2075 1730 2131 vehementi
1778 2074 2009 2129 dicendi

355 2163 581 2219 ratione
612 2167 766 2226 utar,
798 2168 855 2218 et
887 2180 1002 2235 qua
1055 2164 1165 2234 ipsi
1199 2163 1445 2219 fortasse
1475 2163 1747 2219 meliores
1796 2162 2009 2218 efﬁcie-

356 2251 523 2318 mini,
557 2251 837 2306 nimirum
872 2268 906 2306 a
933 2267 1108 2307 carne
1147 2253 1219 2306 ad
1251 2252 1525 2324 spiritum
1556 2251 1847 2314 translati,
1882 2251 2012 2306 ani-

357 2340 588 2411 misque
618 2340 677 2395 in
709 2340 895 2395 altum
926 2342 1159 2396 abunde
1204 2341 1487 2396 subvecti.
1522 2342 1660 2409 Filii
1702 2341 2008 2409 hominum,

358 2444 632 2501 mquequo
671 2430 833 2499 gravi
872 2428 1067 2483 corde?
1096 2429 1354 2500 (initium
1388 2429 1545 2484 enim
1578 2446 1611 2483 a
1638 2428 1856 2484 Davide
1902 2429 2012 2483 du-

360 2536 509 2587 cam,
534 2518 817 2590 propheta
846 2518 903 2571 in
936 2518 1180 2573 dicendo
1212 2520 1465 2573 maxime
1491 2518 1787 2588 sublimi;)
1817 2517 2013 2589 utquid

358 2608 591 2679 diligitis
634 2609 952 2677 vanitatem,
986 2610 1039 2662 et
1079 2608 1331 2679 quantis
1361 2607 1714 2663 mendacium
1735 2607 1824 2662 t3‘?
1852 2607 2012 2663 Hanc

359 2696 581 2753 scilicet
607 2696 807 2763 vitam,
843 2701 899 2751 et
928 2695 1193 2764 delicias,
1217 2701 1274 2752 et
1302 2697 1572 2768 exiguam
1606 2696 1932 2769 gloriolam,
1956 2700 2010 2752 et

358 2785 641 2841 humilem
676 2786 1017 2856 potentiam,
1039 2792 1092 2841 et
1128 2784 1339 2841 falsam
1380 2786 1852 2857 prosperitatem,
1887 2802 2009 2840 ma-

358 2892 541 2948 gnum
572 2873 789 2944 aliquid
830 2878 887 2929 et
934 2873 1198 2945 amplum
1248 2892 1379 2931 esse
1426 2876 1847 2931 existimantes.
1880 2879 2011 2930 Haec

355 2968 556 3019 tamen
600 2979 714 3017 non
749 2962 937 3034 magis
968 2979 1169 3018 eorum
1215 2964 1318 3035 qui
1366 2980 1434 3018 ea
1480 2964 1799 3034 possident,
1833 2979 2007 3034 quam

355 3068 555 3108 eorum
580 3051 678 3121 qui
707 3068 774 3106 ea
805 3051 862 3105 in
887 3067 989 3122 spe
1021 3051 1260 3119 habent,
1283 3053 1546 3122 propria;
1580 3067 1768 3123 neque
1799 3051 2009 3106 horum

357 3158 565 3196 rursus
614 3141 824 3211 magis,
858 3156 1036 3211 quam
1066 3139 1303 3195 illorum
1335 3142 1489 3212 apud
1523 3157 1671 3211 quos
1717 3156 1790 3195 ne
1820 3140 1878 3194 in
1910 3156 2006 3195 ex-

358 3230 721 3301 spectatione
751 3228 991 3300 quidem
1022 3244 1284 3299 unquam
1317 3230 1554 3284 fuerunt
1582 3245 1595 3283 :
1624 3245 1822 3283 verum
1858 3229 2011 3283 366

360 3323 425 3374 ut
456 3318 650 3389 pulvis
683 3333 715 3371 a
742 3317 976 3372 turbine
995 3317 1063 3387 ⁸³,
1088 3317 1173 3372 sic
1212 3333 1280 3372 ea
1332 3318 1403 3373 ab
1449 3317 1580 3372 aliis
1609 3322 1667 3373 et
1697 3317 1843 3373 alios
1873 3317 2013 3371 sub-

359 3407 497 3461 inde
526 3404 884 3460 ventilantur
930 3409 1105 3476 atque
1152 3405 1476 3476 jactantur,
1509 3409 1566 3460 et
1611 3405 1765 3460 sicut
1813 3406 2012 3460 fumus

2119 2067 2240 2123 λίαν
2292 2066 2543 2143 ἀνδρικόν
2592 2089 2651 2122 τε
2700 2069 2789 2123 καὶ
2835 2069 3087 2124 σύντονον
3139 2073 3273 2143 (62),
3324 2071 3412 2125 καὶ
3464 2074 3509 2143 ᾧ
3538 2072 3685 2148 τάχα
3708 2074 3770 2127 ἂν

2120 2157 2370 2229 ἀμείνους
2424 2156 2685 2231 γένοισθε,
2746 2157 2852 2212 ἀπὸ
2907 2166 3007 2227 τῆς
3066 2161 3261 2233 σαρκὸς
3318 2160 3403 2214 ἐπὶ
3450 2162 3513 2215 τὸ
3560 2167 3777 2234 πνεῦμα

2124 2247 2552 2320 μετενεχθέντες,
2597 2245 2685 2300 καὶ
2738 2246 3042 2319 ὐψωθὲντες
3100 2249 3298 2309 ἱκανῶς
3356 2251 3455 2317 τήν
3507 2248 3771 2307 διάνοιαν.

2120 2334 2236 2389 Υἱοὶ
2297 2336 2620 2409 ἀνθρώπων,
2676 2336 2779 2397 ἓως
2836 2336 2968 2391 πότε
3041 2336 3391 2413 βαρυκάρδιοι
3450 2342 3773 2413 (προοιμιά-

2120 2444 2287 2495 σομαι
2366 2424 2470 2498 γὰρ
2545 2424 2682 2498 πρὸς
2756 2425 2893 2496 ὑμᾶς
2960 2424 3019 2478 ἐκ
3088 2430 3185 2480 τοῦ
3242 2424 3774 2505 μεγαλοφωνοτάτου

2121 2507 2350 2582 Δαόἰδ);
2409 2515 2522 2566 Ἵνα
2578 2512 2631 2566 τί
2685 2512 2928 2587 ἀγαπᾶτε
2990 2514 3346 2587 ματαιότητα,
3405 2516 3494 2570 καὶ
3559 2523 3772 2585 ζητεῖ-ιε

2120 2598 2336 2674 ψεῦδος,
2391 2599 2531 2675 μέγα
2571 2622 2623 2654 τι
2660 2601 2751 2655 τὸν
2802 2600 3024 2656 ἐνταῦθα
3076 2602 3218 2677 βίον,
3267 2606 3356 2658 καὶ
3402 2606 3501 2673 τὴν
3531 2608 3765 2683 τρυφὴν,

2118 2690 2207 2744 καὶ
2236 2690 2299 2744 τὸ
2334 2691 2525 2765 μικρὸν
2559 2687 2825 2764 δοξάριον,
2862 2691 2951 2745 καὶ
2981 2692 3080 2760 τὴν
3132 2695 3389 2761 ταπεινὴν
3440 2693 3772 2768 δυναστείαν,

2119 2780 2206 2836 καὶ
2263 2781 2361 2849 τήν
2411 2777 2750 2854 ψευδομένην
2806 2779 3099 2855 εὐημερίαν
3152 2777 3665 2854 ὑπολαμϐάνοντες;
3698 2788 3769 2838 "A

2124 2871 2200 2942 μή
2232 2874 2337 2923 τῶν
2372 2868 2608 2944 ἑχόντων
2648 2868 2859 2942 μᾶλλόν
2894 2869 3032 2924 ἐστιν
3065 2871 3223 2938 ἣτῶν
3250 2869 3610 2944 ἆλπισάντων,
3646 2870 3773 2927 οὐδὲ

2117 2959 2323 3012 τούτων
2384 2955 2595 3030 μᾶλλον
2645 2960 2678 3026 ἦ
2722 2964 2829 3013 τῶν
2860 2956 2984 3013 οὐδὲ
3013 2957 3510 3034 προσδοκησάντων
3539 2979 3553 2994 ⁸
3587 2960 3769 3036 ὥσπερ

2119 3052 2257 3122 χοῦς
2298 3046 2402 3101 ὐπὸ
2456 3046 2724 3108 λαίλαπος
2772 3046 2975 3103 ἄλλοτε
3019 3047 3094 3109 εἷς
3126 3047 3332 3111 ἄλλους
3364 3050 3687 3125 ῥιπιζόμενά
3712 3072 3776 3105 τε

2121 3135 2210 3189 καὶ
2266 3133 2791 3209 μεταρῥιπτούμενα,
2849 3137 2882 3203 ἢ
2934 3134 3113 3210 ὥσπερ
3172 3137 3374 3198 καπνὸς
3432 3135 3775 3213 διαρῥὲοντα,

2123 3223 2211 3278 καὶ
2264 3224 2339 3285 ὡς
2387 3219 2512 3297 ὄναρ
2564 3224 2843 3295 παίζοντα,
2885 3225 2974 3278 καὶ
3031 3225 3104 3286 ὡς
3147 3225 3269 3279 σκιὰ
3302 3226 3377 3297 μὴ
3410 3226 3773 3301 κρατούμεναο

2123 3311 2246 3366 οὔτε
2276 3311 2479 3366 ἀπόντα
2510 3309 2839 3367 δυσὲλπιστα
2865 3317 2981 3373 τοῖς
3015 3312 3075 3367 οὐ
3106 3313 3485 3386 κεκτημένοις,
3520 3315 3645 3369 οὑτι
3675 3336 3777 3370 πα-

2125 3400 2283 3477 ρόντα
2313 3402 2479 3455 πιστά
2509 3405 2627 3463 τοῖς
2659 3400 2900 3476 ἔχουσιν.

363 3495 707 3550 dilabuntur
726 3495 789 3562 ⁸³,
823 3498 879 3549 et
910 3498 1192 3566 tanquam
1224 3494 1582 3549 insomnium
1616 3494 1886 3549 homines
1917 3492 2204 3548 deludunt
2222 3491 2287 3557 ⁸⁸,
2320 3492 2656 3562 umbraeque
2682 3491 2888 3561 instar,
2922 3492 3193 3548 manibus
3224 3494 3406 3549 teneri
3437 3500 3771 3566 nequeunt;

360 3600 428 3641 ac
459 3583 709 3655 denique
741 3583 823 3638 ita
853 3586 1189 3654 comparata
1219 3588 1376 3648 sunt,
1409 3587 1475 3638 ut
1527 3598 1653 3648 nec,
1688 3598 1821 3637 cum
1854 3582 2089 3649 absunt,
2120 3581 2191 3635 de
2238 3579 2310 3636 iis
2362 3580 2791 3650 consequendis
2838 3582 3169 3653 desperent,
3201 3584 3302 3654 qui
3351 3601 3467 3639 non
3520 3584 3773 3654 habent;

360 3687 467 3727 nec
498 3688 632 3726 cum
663 3671 901 3738 adsunt,
930 3670 1285 3726 habentibus
1316 3670 1433 3725 fida
1463 3673 1521 3725 et
1547 3674 1706 3725 certa
1734 3670 1873 3724 sint.

430 3763 498 3815 V.
541 3760 667 3816 Non
713 3760 772 3814 in
823 3759 1034 3815 ccelum
1094 3776 1333 3815 sursum
1391 3759 1826 3831 suspiciamus?
1882 3759 2007 3814 Non

358 3848 872 3921 expergiscemur?
908 3848 1035 3903 Non
1067 3847 1250 3904 lamas
1280 3864 1349 3903 ex
1379 3847 1563 3905 oculis
1593 3847 2009 3903 detrahemus?

358 3936 507 4004 Non,
532 3952 804 4008 quamam
834 3951 978 3991 verae
1010 3934 1221 3990 divitias
1250 3939 1408 4001 sunt,
1434 3934 1866 4007 intelligemus?
1899 3934 2008 3999 Qui

358 4040 531 4080 verus
562 4023 879 4096 splendor?
921 4022 1027 4079 Ubi
1061 4023 1314 4095 dignitas
1366 4022 1708 4078 mutationis
1755 4022 2008 4093 expers?

360 4113 494 4177 Quea
516 4112 692 4167 ﬁnem
716 4112 982 4167 nesciens
1005 4111 1340 4167 beatitudo?
1362 4111 1468 4167 Ubi
1492 4112 1711 4166 bonum
1733 4110 1879 4165 illud
1903 4126 2007 4165 nec

360 4200 674 4267 ﬂuctuans,
700 4216 804 4255 nec
827 4199 940 4255 alio
965 4200 1248 4272 migrans,
1270 4214 1376 4255 nec
1399 4198 1633 4254 insidiis
1654 4198 2010 4253 obnoxium?

360 4288 486 4344 Non
537 4288 658 4343 haec
706 4288 911 4343 multis
960 4288 1283 4357 laboribus,
1334 4287 1784 4358 sudoribusque,
1827 4287 1876 4342 si
1926 4287 2008 4341 ita

360 4376 678 4449 contingat,
701 4376 1132 4447 adipiscemur?
1153 4380 1300 4443 Non,
1330 4376 1378 4432 si
1402 4375 1540 4447 quid
1568 4374 1793 4431 deliciis
1816 4375 1875 4430 in
1899 4376 2006 4431 hac

356 4465 477 4520 vita
508 4466 769 4521 dandum
818 4469 926 4534 est,
959 4480 1156 4519 rerum
1190 4464 1519 4520 futurarum
1568 4481 1703 4537 spes
1732 4482 1835 4536 pro
1868 4464 2007 4519 deli-

357 4552 464 4609 ciis
495 4553 883 4609 habebimus?
912 4553 1036 4607 Non
1070 4552 1620 4623 animadvertemus,
1645 4558 1769 4608 tum
1802 4569 2006 4608 omnes

2231 3754 2242 3771 Ι
2351 3752 2363 3769 ν
2475 3754 2489 3769 9
2643 3754 2661 3784 1
2933 3755 2946 3775 τ
3071 3758 3083 3771 \
3224 3757 3237 3775 ⁸1
3355 3759 3369 3777 \
3465 3755 3489 3773 ν
3712 3760 3726 3777 ι

2188 3754 2409 3821 Ε,Ουκ
2464 3747 2842 3828 αναϐλεψομεν
2904 3776 2978 3817 εις
3031 3777 3121 3811 τον
3182 3776 3407 3832 ουρανον
3460 3778 3609 3828 ανω;
3670 3780 3776 3814 ουκ

2115 3842 2466 3914 ἐκνήψομεν;
2521 3842 2580 3896 οὐ
2628 3848 2734 3897 τῶν
2788 3842 3086 3918 ὀφθαλμῶν
3128 3846 3228 3913 τὴν
3261 3844 3450 3918 λήμην
3481 3851 3771 3923 περιαιρή-

2116 3949 2320 4003 σομεν;
2381 3930 2480 3985 οὐκ
2536 3931 2810 4003 εἰσόμεθα,
2866 3932 2947 3994 τίς
2989 3934 3016 3987 ὁ
3076 3931 3341 4004 ἀληθινὰς
3372 3933 3634 4006 πλοῦτος,
3673 3937 3769 3991 καὶ

2112 4020 2196 4081 τίς
2228 4023 2263 4089 ἡ
2298 4015 2466 4081 ὅντως
2501 4019 2845 4092 λαμπρότης,
2877 4021 2966 4075 καὶ
2993 4022 3102 4075 ποῦ
3124 4022 3185 4077 τὰ
3220 4026 3295 4093 μὴ
3331 4021 3619 4079 διαπῖπτον
3649 4028 3771 4098 (63)

2114 4107 2363 4182 ἀξίωμα;
2420 4107 2504 4171 τίς
2553 4111 2588 4178 ἡ
2641 4109 2936 4185 ἀπέραντος
3007 4108 3342 4183 εὐδαιμονία,
3392 4114 3482 4167 καὶ
3537 4118 3643 4169 ποῦ
3700 4116 3769 4171 τὸ

2116 4196 2433 4263 ἀσάλευτον,
2490 4197 2685 4273 ἀγαθὸν
2749 4200 2878 4270 (64),
2922 4198 3055 4271 μηδὲ
3088 4202 3498 4273 μεθιστάμενον,
3554 4204 3588 4272 ἢ
3646 4203 3768 4258 ἄπι-

2115 4279 2545 4357 ϐουλευόμενον;
2580 4286 2651 4339 Οὐ
2703 4287 3014 4359 κτησόμεθα
3065 4293 3233 4345 ταῦτα
3278 4288 3519 4353 πολλοῖς
3569 4290 3765 4368 ἱδρῶσι

2113 4371 2201 4426 καὶ
2249 4373 2453 4445 πόνοις,
2516 4373 2573 4427 ἂν
2636 4374 2778 4428 οὕτω
2830 4370 3133 4450 συμϐαίνῃ;
3186 4376 3302 4447 οὔκ,
3337 4377 3463 4434 εἶ’τι
3500 4376 3583 4435 δεῖ
3636 4401 3771 4453 τρο-

2115 4465 2213 4538 φᾷν
2268 4461 2527 4532 ἔπιτεῦθεν,
2577 4462 2627 4517 ἐν
2672 4470 2790 4526 ταῖς
2842 4462 3023 4519 ἐλπίσι
3074 4469 3466 4545 τρυφήσομεν;
3520 4469 3582 4523 οὐ
3630 4492 3773 4545 ’ρω-

2114 4549 2321 4623 σόμεθα
2365 4552 2489 4613 τοὺς
2537 4551 2724 4626 ἁγίους
2778 4551 3072 4628 μάρτυρας,
3124 4557 3251 4617 τούς
3292 4578 3351 4611 τε
3380 4555 3585 4620 ἄλλους
3635 4561 3771 4613 πάν-

357 4645 591 4697 sanctos
648 4645 957 4714 martyres,
991 4640 1115 4711 qui,
1157 4640 1318 4696 velut
1365 4657 1710 4697 communes
1763 4642 2004 4712 quidam

2121 4617 2205 4701 τας
2257 4643 2391 4713 (65),
2441 4638 2493 4694 ο’ί
2541 4617 2711 4695 πασαν
2755 4617 3070 4719 διειιλήφασί
3097 4645 3193 4712 τὴν
3228 4645 3549 4717 οἰκουμένην
3574 4617 3768 4723 ⁷ὥσπερ

358 4729 515 4796 nodi,
549 4728 884 4786 universum
934 4733 1221 4784 terrarum
1262 4730 1461 4786 orbem
1512 4730 1793 4803 complexi
1843 4734 2001 4793 sunt,

357 4822 484 4873 tum
514 4818 623 4874 hos
654 4818 828 4874 etiam
862 4835 1111 4889 quorum
1143 4818 1379 4875 nomine
1416 4820 1627 4875 festum
1662 4820 1817 4874 hunc
1848 4818 2004 4873 diem

358 4906 689 4977 agitamus?
719 4909 902 4973 Quam
935 4906 1005 4961 ob
1038 4924 1275 4963 causam
1306 4907 1567 4976 vulnera,
1590 4907 1844 4978 vincula,
1873 4922 2004 4962 oru-

2110 4729 2248 4790 τινὲς
2310 4729 2483 4783 κοινοὶ
2541 4727 2848 4802 σύνδεσμοι,
2905 4731 2995 4785 καὶ
3055 4730 3128 4786 ὧν
3170 4736 3204 4804 ἡ
3238 4739 3483 4807 παροῦσα
3514 4740 3765 4811 πανήγυ-

2116 4837 2237 4893 ρις;
2296 4819 2450 4893 Ὑπὲρ
2520 4818 2667 4881 τίνος
2728 4819 3031 4893 τραύματα,
3091 4822 3179 4875 καὶ
3239 4820 3410 4897 δεσμὰ
3468 4824 3557 4879 καὶ
3617 4845 3773 4901 στρε-

2115 4900 2372 4978 ϐλώσεις,
2423 4907 2511 4961 καὶ
2551 4908 2722 4982 πυρὸς
2765 4906 3021 4978 ἀπειλὴν,
3071 4910 3159 4963 καὶ
3200 4910 3363 4988 ξιφῶν
3408 4912 3617 4986 ἀκμὴν,
3674 4900 3771 4970 καί

426 5004 469 5040 ⁸¹
504 5003 655 5059 Psal.
689 5021 764 5071 1v,
798 5005 850 5058 3.
927 5005 972 5038 ⁸³
1001 5005 1135 5076 Sap.
1169 5023 1223 5074 v,
1258 5005 1343 5059 15.
1418 5006 1463 5040 ³³
1492 5006 1599 5062 Job
1626 5023 1745 5071 xxx,
1778 5005 1863 5059 18.
1940 5004 1987 5038 ⁸⁴

2121 5002 2188 5059 ;Ῑί.
2218 5022 2407 5075 xxxxv,
2443 5007 2491 5059 1.

570 5103 707 5175 Τῆς,
740 5098 957 5175 ἀδοξίας
1012 5104 1109 5171 τῆς
1167 5103 1455 5175 ἡμετερας.
1517 5104 1722 5159 Billius
1757 5120 1770 5157 :
1810 5126 1839 5154 (ι
1888 5103 2004 5157 mei

357 5173 615 5230 nominis
664 5174 1003 5247 obscuritas
1042 5173 1354 5247 gloriaeque
1401 5175 1776 5246 contemptio.
1806 5197 1833 5223 »
1878 5175 2001 5228 Non

354 5248 541 5312 recte;
566 5260 697 5300 cum
722 5246 936 5317 potius,
958 5246 1030 5300 ob
1052 5246 1309 5301 hominis
1331 5247 1678 5317 claritatem,
1704 5262 2001 5301 sermones

355 5317 427 5372 ab
458 5330 525 5371 eo
556 5316 965 5387 poscebantur,
1000 5333 1064 5372 eo
1097 5318 1249 5389 quod
1298 5318 1525 5372 dicendi
1557 5319 1721 5390 copia
1750 5316 2001 5389 insignis

351 5386 695 5443 habebatur.

397 5403 695 5443 enecatur.

425 5459 538 5529 (59)
568 5459 887 5526 ’Δήττητον.
923 5481 951 5507 ‹‹
1000 5457 1359 5529 Invictum.»
1392 5459 1564 5513 Addit
1598 5459 1799 5514 Billius
1836 5476 1847 5512 :
1881 5482 1900 5508 α
1936 5463 2001 5513 ut

353 5528 479 5598 ipse
522 5528 759 5600 quidem
810 5530 921 5584 sibi
970 5528 1345 5584 videbatur.»
1379 5532 1510 5594 Quae
1542 5547 1674 5585 cum
1720 5549 1753 5586 a
1800 5532 1997 5587 Graeco

354 5599 569 5655 absint.
598 5601 845 5655 delenda
874 5599 1275 5655 iudieavimus.

354 5616 569 5662 αοειιη,
598 5616 845 5655 delenda
867 5616 1275 5668 JUGICEVlmUS.

428 5668 539 5739 (60)
567 5671 873 5740 Ἐστήσατε.
909 5671 1093 5738 Pass.,
1124 5669 1433 5740 ἆστήσασθε.

2158 5104 2297 5227 α(61)
2366 5101 2709 5179 Φθίγξωμαι.
2789 5104 2883 5160 Sic
2969 5105 3106 5179 Reg.
3176 5108 3234 5163 d.
3317 5109 3458 5181 Alii,
3538 5111 3769 5188 φθέγξο-

2197 5195 2232 5227 ι.

2116 5192 2294 5387 μῖἓὲ)
2327 5245 2610 5301 Σόντονον.
2644 5246 2817 5302 Coisl.
2855 5248 2905 5316 1,
2940 5242 3177 5302 εὔτονον.

2203 5318 2295 5385 63)
2328 5322 2645 5373 Διαπῖπτον.
2692 5319 2959 5387 Quinque
3010 5320 3177 5387 Regg.

2203 5318 2645 5407 63)'Atanimov.
2692 5319 2959 5389 Quinque
3010 5320 3212 5392 Regg.,
3247 5331 3301 5377 et
3334 5324 3533 5381 decem
3581 5326 3770 5399 Colb.,

2116 5406 2286 5459 μεναπ
2295 5409 2441 5441 ιπτον
2450 5432 2460 5442 .

2318 5460 2395 5515 Τὸ
2426 5458 2716 5513 ἀσάλευτον
2751 5457 2969 5533 ἀγαθόν.
2989 5461 3161 5518 Coisl.
3189 5467 3245 5533 2,
3268 5464 3329 5518 τὸ
3363 5465 3439 5538 μὴ
3471 5462 3771 5541 ἀλλότριον

2180 5603 2289 5673 (65)
2324 5601 2553 5663 Πάντας.
2590 5602 2729 5675 Reg.
2762 5604 2820 5658 d.
2859 5602 3116 5665 ἅπαντας.
