  <div class='ocr_page' id='page_1' title='image "/cluster/home/n/w/nwhite01/storage/ocr_20150623/35/mdp.39015012934389/532.png"; bbox 0 0 4094 6288; ppageno 0'>
   <div class='ocr_carea' id='block_1_1' title="bbox 283 388 445 452">
    <p class='ocr_par' dir='ltr' id='par_1_1' title="bbox 283 388 445 452">
     <span class='ocr_line' id='line_1_1' title="bbox 283 388 445 452; baseline -0.006 -1"><span class='ocrx_word' id='word_1_1' title='bbox 283 388 445 452; x_wconf 74' lang='grc'>1049</span> 
     </span>
    </p>
   </div>
   <div class='ocr_carea' id='block_1_2' title="bbox 769 387 3212 461">
    <p class='ocr_par' dir='ltr' id='par_1_2' title="bbox 769 387 3212 461">
     <span class='ocr_line' id='line_1_2' title="bbox 769 387 3212 461; baseline 0 -13"><span class='ocrx_word' id='word_1_2' title='bbox 769 387 1058 449; x_wconf 79' lang='lat' dir='ltr'>ORATIO</span> <span class='ocrx_word' id='word_1_3' title='bbox 1102 389 1263 450; x_wconf 81' lang='lat' dir='ltr'>XIX.</span> <span class='ocrx_word' id='word_1_4' title='bbox 1298 424 1375 433; x_wconf 93' lang='lat'>—</span> <span class='ocrx_word' id='word_1_5' title='bbox 1417 390 1524 452; x_wconf 88' lang='lat' dir='ltr'><strong>AD</strong></span> <span class='ocrx_word' id='word_1_6' title='bbox 1567 388 1961 452; x_wconf 80' lang='lat' dir='ltr'>JULIANUM</span> <span class='ocrx_word' id='word_1_7' title='bbox 2005 389 2525 454; x_wconf 82' lang='lat' dir='ltr'>TRIBUTORUM</span> <span class='ocrx_word' id='word_1_8' title='bbox 2570 388 3212 461; x_wconf 69' lang='lat' dir='ltr'>EXIEQUATOREM.</span> 
     </span>
    </p>
   </div>
   <div class='ocr_carea' id='block_1_3' title="bbox 3447 388 3697 449">
    <p class='ocr_par' dir='ltr' id='par_1_3' title="bbox 3447 388 3697 449">
     <span class='ocr_line' id='line_1_3' title="bbox 3447 388 3697 449; baseline -0.008 0"><span class='ocrx_word' id='word_1_9' title='bbox 3447 404 3454 410; x_wconf 88' lang='lat'><em>‘</em></span> <span class='ocrx_word' id='word_1_10' title='bbox 3541 388 3697 449; x_wconf 82' lang='grc'>1050</span> 
     </span>
    </p>
   </div>
   <div class='ocr_carea' id='block_1_4' title="bbox 292 518 1937 596">
    <p class='ocr_par' dir='ltr' id='par_1_4' title="bbox 292 518 1931 596">
     <span class='ocr_line' id='line_1_4' title="bbox 292 518 1931 596; baseline -0.001 -22"><span class='ocrx_word' id='word_1_11' title='bbox 292 523 475 596; x_wconf 80' lang='grc' dir='ltr'>θηρῶν</span> <span class='ocrx_word' id='word_1_12' title='bbox 510 520 827 594; x_wconf 74' lang='grc' dir='ltr'>ἀγριότητα,</span> <span class='ocrx_word' id='word_1_13' title='bbox 858 518 946 572; x_wconf 89' lang='grc' dir='ltr'>καὶ</span> <span class='ocrx_word' id='word_1_14' title='bbox 980 518 1196 585; x_wconf 81' lang='grc' dir='ltr'>σκότος,</span> <span class='ocrx_word' id='word_1_15' title='bbox 1244 518 1331 574; x_wconf 89' lang='grc' dir='ltr'>καὶ</span> <span class='ocrx_word' id='word_1_16' title='bbox 1386 518 1573 592; x_wconf 82' lang='grc' dir='ltr'>λιμὸν,</span> <span class='ocrx_word' id='word_1_17' title='bbox 1624 518 1712 573; x_wconf 84' lang='grc' dir='ltr'>καὶ</span> <span class='ocrx_word' id='word_1_18' title='bbox 1768 521 1931 595; x_wconf 77' lang='grc' dir='ltr'>βάρα-</span> 
     </span>
    </p>
   </div>
   <div class='ocr_carea' id='block_1_5' title="bbox 2058 518 3693 596">
    <p class='ocr_par' dir='ltr' id='par_1_5' title="bbox 2058 520 3693 594">
     <span class='ocr_line' id='line_1_5' title="bbox 2058 520 3693 594; baseline -0.002 -18"><span class='ocrx_word' id='word_1_19' title='bbox 2058 521 2259 591; x_wconf 77' lang='lat' dir='ltr'>3iatus,</span> <span class='ocrx_word' id='word_1_20' title='bbox 2292 522 2447 594; x_wconf 83' lang='lat' dir='ltr'>ignis</span> <span class='ocrx_word' id='word_1_21' title='bbox 2495 523 2708 589; x_wconf 88' lang='lat' dir='ltr'>minas,</span> <span class='ocrx_word' id='word_1_22' title='bbox 2750 522 3080 594; x_wconf 82' lang='lat' dir='ltr'>gladiorum</span> <span class='ocrx_word' id='word_1_23' title='bbox 3129 521 3335 589; x_wconf 89' lang='lat' dir='ltr'>aciem,</span> <span class='ocrx_word' id='word_1_24' title='bbox 3368 520 3693 576; x_wconf 87' lang='lat' dir='ltr'>belluarum</span> 
     </span>
    </p>
   </div>
   <div class='ocr_carea' id='block_1_6' title="bbox 288 602 1935 683">
    <p class='ocr_par' dir='ltr' id='par_1_6' title="bbox 288 602 1935 683">
     <span class='ocr_line' id='line_1_6' title="bbox 288 602 1935 683; baseline -0.002 -19"><span class='ocrx_word' id='word_1_25' title='bbox 288 612 410 683; x_wconf 86' lang='grc' dir='ltr'>θρα,</span> <span class='ocrx_word' id='word_1_26' title='bbox 468 608 557 663; x_wconf 81' lang='grc' dir='ltr'>καὶ</span> <span class='ocrx_word' id='word_1_27' title='bbox 602 608 907 682; x_wconf 80' lang='grc' dir='ltr'>χρημάτων</span> <span class='ocrx_word' id='word_1_28' title='bbox 952 609 1215 683; x_wconf 58' lang='grc' dir='ltr'>ἁρπαγὰς,</span> <span class='ocrx_word' id='word_1_29' title='bbox 1267 609 1355 663; x_wconf 86' lang='lat' dir='ltr'>xui</span> <span class='ocrx_word' id='word_1_30' title='bbox 1406 609 1587 681; x_wconf 81' lang='grc' dir='ltr'>μελῶν</span> <span class='ocrx_word' id='word_1_31' title='bbox 1633 602 1935 680; x_wconf 68' lang='grc' dir='ltr'>ἀποϐολάς,</span> 
     </span>
    </p>
   </div>
   <div class='ocr_carea' id='block_1_7' title="bbox 288 694 1939 773">
    <p class='ocr_par' dir='ltr' id='par_1_7' title="bbox 288 694 1939 773">
     <span class='ocr_line' id='line_1_7' title="bbox 288 694 1939 773; baseline -0.002 -19"><span class='ocrx_word' id='word_1_32' title='bbox 288 699 377 754; x_wconf 80' lang='grc' dir='ltr'>καὶ</span> <span class='ocrx_word' id='word_1_33' title='bbox 435 698 691 759; x_wconf 81' lang='grc' dir='ltr'>θανάτους</span> <span class='ocrx_word' id='word_1_34' title='bbox 749 698 810 751; x_wconf 85' lang='grc' dir='ltr'>τὸ</span> <span class='ocrx_word' id='word_1_35' title='bbox 866 694 1200 768; x_wconf 82' lang='grc' dir='ltr'>τελευταῖον,</span> <span class='ocrx_word' id='word_1_36' title='bbox 1262 698 1351 751; x_wconf 80' lang='grc' dir='ltr'>καὶ</span> <span class='ocrx_word' id='word_1_37' title='bbox 1414 698 1587 752; x_wconf 85' lang='grc' dir='ltr'>πάντα</span> <span class='ocrx_word' id='word_1_38' title='bbox 1642 696 1939 773; x_wconf 79' lang='grc' dir='ltr'>προθύμως</span> 
     </span>
    </p>
   </div>
   <div class='ocr_carea' id='block_1_8' title="bbox 293 784 1938 862">
    <p class='ocr_par' dir='ltr' id='par_1_8' title="bbox 293 784 1938 862">
     <span class='ocr_line' id='line_1_8' title="bbox 293 784 1938 862; baseline -0.001 -20"><span class='ocrx_word' id='word_1_39' title='bbox 293 788 619 857; x_wconf 74' lang='grc' dir='ltr'>ὑπέστησαν,</span> <span class='ocrx_word' id='word_1_40' title='bbox 673 784 854 860; x_wconf 85' lang='grc' dir='ltr'>ὣσπερ</span> <span class='ocrx_word' id='word_1_41' title='bbox 906 784 957 839; x_wconf 70' lang='grc' dir='ltr'>ἰν</span> <span class='ocrx_word' id='word_1_42' title='bbox 1020 784 1334 861; x_wconf 69' lang='grc' dir='ltr'>ἀλλοτρίοις</span> <span class='ocrx_word' id='word_1_43' title='bbox 1389 786 1782 862; x_wconf 79' lang='grc' dir='ltr'>ἀγωνιζόμενοι</span> <span class='ocrx_word' id='word_1_44' title='bbox 1830 789 1938 841; x_wconf 90' lang='grc' dir='ltr'>σώ-</span> 
     </span>
    </p>
   </div>
   <div class='ocr_carea' id='block_1_9' title="bbox 298 872 1939 951">
    <p class='ocr_par' dir='ltr' id='par_1_9' title="bbox 298 872 1939 951">
     <span class='ocr_line' id='line_1_9' title="bbox 298 872 1939 951; baseline -0.001 -20"><span class='ocrx_word' id='word_1_45' title='bbox 298 895 497 950; x_wconf 71' lang='grc' dir='ltr'>μασιν,</span> <span class='ocrx_word' id='word_1_46' title='bbox 542 873 636 930; x_wconf 63' lang='grc' dir='ltr'>ἵνα</span> <span class='ocrx_word' id='word_1_47' title='bbox 676 874 729 929; x_wconf 89' lang='grc' dir='ltr'>τί</span> <span class='ocrx_word' id='word_1_48' title='bbox 780 874 1057 951; x_wconf 67' lang='grc' dir='ltr'>γένωνται,</span> <span class='ocrx_word' id='word_1_49' title='bbox 1107 872 1197 928; x_wconf 83' lang='lat' dir='ltr'>xui</span> <span class='ocrx_word' id='word_1_50' title='bbox 1249 874 1367 929; x_wconf 91' lang='grc' dir='ltr'>τίνα</span> <span class='ocrx_word' id='word_1_51' title='bbox 1582 878 1939 951; x_wconf 74' lang='grc' dir='ltr'>κληρονομή-</span> 
     </span>
    </p>
   </div>
   <div class='ocr_carea' id='block_1_10' title="bbox 295 961 1938 1040">
    <p class='ocr_par' dir='ltr' id='par_1_10' title="bbox 295 961 1938 1040">
     <span class='ocr_line' id='line_1_10' title="bbox 295 961 1938 1040; baseline -0.002 -19"><span class='ocrx_word' id='word_1_52' title='bbox 295 988 480 1033; x_wconf 87' lang='grc' dir='ltr'>σωσιν,</span> <span class='ocrx_word' id='word_1_53' title='bbox 528 966 563 1034; x_wconf 77' lang='grc' dir='ltr'><strong>ἢ</strong></span> <span class='ocrx_word' id='word_1_54' title='bbox 616 966 724 1038; x_wconf 87' lang='grc'>(67)</span> <span class='ocrx_word' id='word_1_55' title='bbox 774 970 904 1019; x_wconf 80' lang='grc' dir='ltr'>πᾶσι</span> <span class='ocrx_word' id='word_1_56' title='bbox 950 961 1117 1033; x_wconf 80' lang='grc' dir='ltr'>δῆλα,</span> <span class='ocrx_word' id='word_1_57' title='bbox 1166 962 1258 1018; x_wconf 70' lang='grc' dir='ltr'>κᾶν</span> <span class='ocrx_word' id='word_1_58' title='bbox 1309 967 1471 1037; x_wconf 75' lang='grc' dir='ltr'>ἡμεῖς</span> <span class='ocrx_word' id='word_1_59' title='bbox 1526 966 1600 1039; x_wconf 78' lang='grc' dir='ltr'>μὴ</span> <span class='ocrx_word' id='word_1_60' title='bbox 1652 964 1938 1040; x_wconf 70' lang='grc' dir='ltr'>λέγωμεν,</span> 
     </span>
    </p>
   </div>
   <div class='ocr_carea' id='block_1_11' title="bbox 291 1050 1940 1131">
    <p class='ocr_par' dir='ltr' id='par_1_11' title="bbox 291 1050 1940 1131">
     <span class='ocr_line' id='line_1_11' title="bbox 291 1050 1940 1131; baseline -0.001 -20"><span class='ocrx_word' id='word_1_61' title='bbox 291 1055 362 1111; x_wconf 84' lang='grc' dir='ltr'>Οὐ</span> <span class='ocrx_word' id='word_1_62' title='bbox 400 1056 533 1128; x_wconf 81' lang='grc' dir='ltr'>μετᾶ</span> <span class='ocrx_word' id='word_1_63' title='bbox 581 1057 679 1123; x_wconf 75' lang='grc' dir='ltr'>τῆς</span> <span class='ocrx_word' id='word_1_64' title='bbox 729 1054 895 1123; x_wconf 73' lang='grc' dir='ltr'>αὐτῆς</span> <span class='ocrx_word' id='word_1_65' title='bbox 947 1051 1191 1126; x_wconf 69' lang='grc' dir='ltr'>ἰλπίδος,</span> <span class='ocrx_word' id='word_1_66' title='bbox 1242 1054 1344 1108; x_wconf 86' lang='grc' dir='ltr'>ὑπὸ</span> <span class='ocrx_word' id='word_1_67' title='bbox 1380 1059 1459 1126; x_wconf 81' lang='grc' dir='ltr'>τῷ</span> <span class='ocrx_word' id='word_1_68' title='bbox 1490 1054 1635 1127; x_wconf 79' lang='grc' dir='ltr'>αὐτῷ</span> <span class='ocrx_word' id='word_1_69' title='bbox 1670 1050 1940 1131; x_wconf 76' lang='grc' dir='ltr'>βραϐευτῇ</span> 
     </span>
    </p>
   </div>
   <div class='ocr_carea' id='block_1_12' title="bbox 292 1142 1943 1219">
    <p class='ocr_par' dir='ltr' id='par_1_12' title="bbox 292 1142 1943 1219">
     <span class='ocr_line' id='line_1_12' title="bbox 292 1142 1943 1219; baseline -0.001 -21"><span class='ocrx_word' id='word_1_70' title='bbox 292 1144 381 1199; x_wconf 83' lang='grc' dir='ltr'>καὶ</span> <span class='ocrx_word' id='word_1_71' title='bbox 433 1143 766 1218; x_wconf 76' lang='grc' dir='ltr'>ἆγωνοθὲτῃ,</span> <span class='ocrx_word' id='word_1_72' title='bbox 819 1144 953 1218; x_wconf 89' lang='grc' dir='ltr'>πρὸς</span> <span class='ocrx_word' id='word_1_73' title='bbox 1012 1144 1101 1197; x_wconf 90' lang='grc' dir='ltr'>τὸν</span> <span class='ocrx_word' id='word_1_74' title='bbox 1163 1142 1320 1197; x_wconf 78' lang='grc' dir='ltr'>αὐτὸν</span> <span class='ocrx_word' id='word_1_75' title='bbox 1380 1145 1798 1219; x_wconf 81' lang='grc' dir='ltr'>παραταξόμεθα</span> <span class='ocrx_word' id='word_1_76' title='bbox 1854 1143 1943 1198; x_wconf 88' lang='grc' dir='ltr'>τύ-</span> 
     </span>
    </p>
   </div>
   <div class='ocr_carea' id='block_1_13' title="bbox 294 1229 1943 1308">
    <p class='ocr_par' dir='ltr' id='par_1_13' title="bbox 294 1229 1943 1308">
     <span class='ocr_line' id='line_1_13' title="bbox 294 1229 1943 1308; baseline 0 -23"><span class='ocrx_word' id='word_1_77' title='bbox 294 1248 515 1308; x_wconf 79' lang='grc' dir='ltr'>ραννον,</span> <span class='ocrx_word' id='word_1_78' title='bbox 572 1232 663 1286; x_wconf 86' lang='grc' dir='ltr'>τὸν</span> <span class='ocrx_word' id='word_1_79' title='bbox 710 1231 903 1306; x_wconf 86' lang='grc' dir='ltr'>πικρὸν</span> <span class='ocrx_word' id='word_1_80' title='bbox 962 1230 1052 1284; x_wconf 86' lang='grc' dir='ltr'>καὶ</span> <span class='ocrx_word' id='word_1_81' title='bbox 1108 1229 1232 1284; x_wconf 89' lang='grc' dir='ltr'>τότε</span> <span class='ocrx_word' id='word_1_82' title='bbox 1290 1231 1379 1285; x_wconf 82' lang='grc' dir='ltr'>καὶ</span> <span class='ocrx_word' id='word_1_83' title='bbox 1436 1235 1525 1285; x_wconf 76' lang='grc' dir='ltr'>νῦν</span> <span class='ocrx_word' id='word_1_84' title='bbox 1585 1236 1690 1285; x_wconf 79' lang='grc' dir='ltr'>τῶν</span> <span class='ocrx_word' id='word_1_85' title='bbox 1751 1235 1943 1306; x_wconf 76' lang='grc' dir='ltr'>ψυχῶν</span> 
     </span>
    </p>
   </div>
   <div class='ocr_carea' id='block_1_14' title="bbox 294 1318 1945 1395">
    <p class='ocr_par' dir='ltr' id='par_1_14' title="bbox 294 1318 1945 1395">
     <span class='ocr_line' id='line_1_14' title="bbox 294 1318 1945 1395; baseline -0.001 -20"><span class='ocrx_word' id='word_1_86' title='bbox 294 1319 553 1393; x_wconf 77' lang='grc' dir='ltr'>διώκτην,</span> <span class='ocrx_word' id='word_1_87' title='bbox 611 1321 703 1375; x_wconf 90' lang='grc' dir='ltr'>τὸν</span> <span class='ocrx_word' id='word_1_88' title='bbox 767 1320 994 1393; x_wconf 81' lang='grc' dir='ltr'>ἀόρατον</span> <span class='ocrx_word' id='word_1_89' title='bbox 1055 1319 1250 1395; x_wconf 78' lang='grc' dir='ltr'>ἐχθρὸν</span> <span class='ocrx_word' id='word_1_90' title='bbox 1300 1318 1387 1374; x_wconf 85' lang='grc' dir='ltr'>καὶ</span> <span class='ocrx_word' id='word_1_91' title='bbox 1444 1320 1767 1393; x_wconf 84' lang='grc' dir='ltr'>πολὲμιον;</span> <span class='ocrx_word' id='word_1_92' title='bbox 1831 1320 1945 1376; x_wconf 81' lang='grc' dir='ltr'>Οὐκ</span> 
     </span>
    </p>
   </div>
   <div class='ocr_carea' id='block_1_15' title="bbox 296 1406 1945 1485">
    <p class='ocr_par' dir='ltr' id='par_1_15' title="bbox 296 1406 1945 1485">
     <span class='ocr_line' id='line_1_15' title="bbox 296 1406 1945 1485; baseline -0.001 -22"><span class='ocrx_word' id='word_1_93' title='bbox 296 1408 660 1485; x_wconf 84' lang='grc' dir='ltr'>ἀνδριούμεθα</span> <span class='ocrx_word' id='word_1_94' title='bbox 732 1412 846 1479; x_wconf 90' lang='grc'>(68)</span> <span class='ocrx_word' id='word_1_95' title='bbox 920 1406 1321 1484; x_wconf 82' lang='grc' dir='ltr'>παραπλησίως</span> <span class='ocrx_word' id='word_1_96' title='bbox 1394 1406 1573 1483; x_wconf 82' lang='grc' dir='ltr'>ὥσπερ</span> <span class='ocrx_word' id='word_1_97' title='bbox 1650 1409 1701 1464; x_wconf 77' lang='grc' dir='ltr'>ἐν</span> <span class='ocrx_word' id='word_1_98' title='bbox 1777 1413 1945 1480; x_wconf 83' lang='grc' dir='ltr'>κοινῷ</span> 
     </span>
    </p>
   </div>
   <div class='ocr_carea' id='block_1_16' title="bbox 294 1495 1944 1571">
    <p class='ocr_par' dir='ltr' id='par_1_16' title="bbox 294 1495 1944 1571">
     <span class='ocr_line' id='line_1_16' title="bbox 294 1495 1944 1571; baseline -0.001 -19"><span class='ocrx_word' id='word_1_99' title='bbox 294 1499 503 1571; x_wconf 82' lang='grc' dir='ltr'>θεάτρῳ</span> <span class='ocrx_word' id='word_1_100' title='bbox 554 1495 693 1569; x_wconf 81' lang='grc' dir='ltr'>τῷδε</span> <span class='ocrx_word' id='word_1_101' title='bbox 736 1502 815 1568; x_wconf 84' lang='grc' dir='ltr'>τῷ</span> <span class='ocrx_word' id='word_1_102' title='bbox 860 1496 1074 1570; x_wconf 89' lang='grc' dir='ltr'>κόσμῳ,</span> <span class='ocrx_word' id='word_1_103' title='bbox 1125 1496 1170 1551; x_wconf 72' lang='grc' dir='ltr'>εἰ</span> <span class='ocrx_word' id='word_1_104' title='bbox 1214 1497 1304 1551; x_wconf 84' lang='grc' dir='ltr'>καὶ</span> <span class='ocrx_word' id='word_1_105' title='bbox 1358 1499 1432 1570; x_wconf 78' lang='grc' dir='ltr'>μὴ</span> <span class='ocrx_word' id='word_1_106' title='bbox 1484 1497 1634 1571; x_wconf 83' lang='grc' dir='ltr'>ἀκμῇ</span> <span class='ocrx_word' id='word_1_107' title='bbox 1684 1500 1795 1570; x_wconf 81' lang='grc'>(69)</span> <span class='ocrx_word' id='word_1_108' title='bbox 1844 1501 1944 1551; x_wconf 75' lang='grc' dir='ltr'>τοῦ</span> 
     </span>
    </p>
   </div>
   <div class='ocr_carea' id='block_1_17' title="bbox 293 1584 1945 1663">
    <p class='ocr_par' dir='ltr' id='par_1_17' title="bbox 293 1584 1945 1663">
     <span class='ocr_line' id='line_1_17' title="bbox 293 1584 1945 1663; baseline -0.001 -22"><span class='ocrx_word' id='word_1_109' title='bbox 293 1586 541 1642; x_wconf 76' lang='grc' dir='ltr'>κινδύνου</span> <span class='ocrx_word' id='word_1_110' title='bbox 599 1590 821 1662; x_wconf 82' lang='grc' dir='ltr'>ταχεῖαν</span> <span class='ocrx_word' id='word_1_111' title='bbox 874 1586 1079 1663; x_wconf 69' lang='grc' dir='ltr'>ἐχούσῃ</span> <span class='ocrx_word' id='word_1_112' title='bbox 1126 1586 1215 1641; x_wconf 83' lang='grc' dir='ltr'>καὶ</span> <span class='ocrx_word' id='word_1_113' title='bbox 1254 1588 1352 1655; x_wconf 74' lang='grc' dir='ltr'>τήν</span> <span class='ocrx_word' id='word_1_114' title='bbox 1389 1586 1739 1662; x_wconf 77' lang='grc' dir='ltr'>ἀπαλλαγὴν,</span> <span class='ocrx_word' id='word_1_115' title='bbox 1800 1584 1945 1641; x_wconf 77' lang='grc' dir='ltr'>ἀλλὰ</span> 
     </span>
    </p>
   </div>
   <div class='ocr_carea' id='block_1_18' title="bbox 290 1674 1944 1752">
    <p class='ocr_par' dir='ltr' id='par_1_18' title="bbox 290 1674 1944 1752">
     <span class='ocr_line' id='line_1_18' title="bbox 290 1674 1944 1752; baseline -0.001 -22"><span class='ocrx_word' id='word_1_116' title='bbox 290 1680 405 1738; x_wconf 85' lang='grc' dir='ltr'>τοῖς</span> <span class='ocrx_word' id='word_1_117' title='bbox 437 1697 501 1750; x_wconf 84' lang='grc' dir='ltr'>γε</span> <span class='ocrx_word' id='word_1_118' title='bbox 530 1676 648 1730; x_wconf 85' lang='grc' dir='ltr'>καθ’</span> <span class='ocrx_word' id='word_1_119' title='bbox 681 1674 907 1747; x_wconf 64' lang='grc' dir='ltr'>ἑκάστην</span> <span class='ocrx_word' id='word_1_120' title='bbox 939 1675 1147 1752; x_wconf 68' lang='grc' dir='ltr'>ἡμέραν</span> <span class='ocrx_word' id='word_1_121' title='bbox 1181 1674 1519 1751; x_wconf 87' lang='grc' dir='ltr'>ἀγωνίσμασι</span> <span class='ocrx_word' id='word_1_122' title='bbox 1569 1676 1659 1730; x_wconf 85' lang='grc' dir='ltr'>καὶ</span> <span class='ocrx_word' id='word_1_123' title='bbox 1710 1674 1944 1731; x_wconf 90' lang='grc' dir='ltr'>παλαίσ-</span> 
     </span>
    </p>
   </div>
   <div class='ocr_carea' id='block_1_19' title="bbox 296 1764 1941 1844">
    <p class='ocr_par' dir='ltr' id='par_1_19' title="bbox 296 1764 1941 1844">
     <span class='ocr_line' id='line_1_19' title="bbox 296 1764 1941 1844; baseline 0 -25"><span class='ocrx_word' id='word_1_124' title='bbox 296 1787 477 1840; x_wconf 85' lang='grc' dir='ltr'>μασιν,</span> <span class='ocrx_word' id='word_1_125' title='bbox 503 1764 595 1819; x_wconf 82' lang='grc' dir='ltr'>’ίνα</span> <span class='ocrx_word' id='word_1_126' title='bbox 624 1764 712 1820; x_wconf 80' lang='grc' dir='ltr'>καὶ</span> <span class='ocrx_word' id='word_1_127' title='bbox 742 1770 849 1820; x_wconf 81' lang='grc' dir='ltr'>τῶν</span> <span class='ocrx_word' id='word_1_128' title='bbox 883 1764 1057 1820; x_wconf 80' lang='grc' dir='ltr'>αὐτῶν</span> <span class='ocrx_word' id='word_1_129' title='bbox 1091 1764 1359 1844; x_wconf 76' lang='grc' dir='ltr'>στεφάνων</span> <span class='ocrx_word' id='word_1_130' title='bbox 1412 1767 1750 1839; x_wconf 78' lang='grc' dir='ltr'>ἀξιωθῴμεν,</span> <span class='ocrx_word' id='word_1_131' title='bbox 1859 1764 1941 1820; x_wconf 78' lang='grc' dir='ltr'>ὅτι</span> 
     </span>
    </p>
   </div>
   <div class='ocr_carea' id='block_1_20' title="bbox 292 1853 756 1931">
    <p class='ocr_par' dir='ltr' id='par_1_20' title="bbox 292 1853 756 1931">
     <span class='ocr_line' id='line_1_20' title="bbox 292 1853 756 1931; baseline 0 -21"><span class='ocrx_word' id='word_1_132' title='bbox 292 1853 573 1931; x_wconf 68' lang='grc' dir='ltr'>ἐγγυτάτω</span> <span class='ocrx_word' id='word_1_133' title='bbox 605 1857 718 1929; x_wconf 91' lang='grc'>(70)</span> <span class='ocrx_word' id='word_1_134' title='bbox 743 1874 756 1924; x_wconf 88' lang='grc'><strong>;</strong></span> 
     </span>
    </p>
   </div>
   <div class='ocr_carea' id='block_1_21' title="bbox 362 2030 1941 2107">
    <p class='ocr_par' dir='ltr' id='par_1_21' title="bbox 362 2030 1941 2107">
     <span class='ocr_line' id='line_1_21' title="bbox 362 2030 1941 2107; baseline 0 -20"><span class='ocrx_word' id='word_1_135' title='bbox 362 2037 422 2102; x_wconf 84' lang='grc' dir='ltr'>ζ’.</span> <span class='ocrx_word' id='word_1_136' title='bbox 478 2034 621 2107; x_wconf 83' lang='grc' dir='ltr'>Ἐγὼ</span> <span class='ocrx_word' id='word_1_137' title='bbox 674 2032 767 2105; x_wconf 71' lang='grc' dir='ltr'>μὶν</span> <span class='ocrx_word' id='word_1_138' title='bbox 822 2034 981 2087; x_wconf 84' lang='grc' dir='ltr'>παντὶ</span> <span class='ocrx_word' id='word_1_139' title='bbox 1029 2030 1438 2105; x_wconf 77' lang='grc' dir='ltr'>διακελεύομαι,</span> <span class='ocrx_word' id='word_1_140' title='bbox 1490 2032 1581 2086; x_wconf 86' lang='lat' dir='ltr'>xui</span> <span class='ocrx_word' id='word_1_141' title='bbox 1648 2030 1801 2107; x_wconf 83' lang='grc' dir='ltr'>ἀνδρὶ</span> <span class='ocrx_word' id='word_1_142' title='bbox 1853 2033 1941 2088; x_wconf 79' lang='grc' dir='ltr'>καὶ</span> 
     </span>
    </p>
   </div>
   <div class='ocr_carea' id='block_1_22' title="bbox 290 2119 1943 2197">
    <p class='ocr_par' dir='ltr' id='par_1_22' title="bbox 290 2119 1943 2197">
     <span class='ocr_line' id='line_1_22' title="bbox 290 2119 1943 2197; baseline 0.001 -22"><span class='ocrx_word' id='word_1_143' title='bbox 290 2122 525 2197; x_wconf 79' lang='grc' dir='ltr'>γυναικὶ,</span> <span class='ocrx_word' id='word_1_144' title='bbox 584 2121 672 2175; x_wconf 84' lang='grc' dir='ltr'>καὶ</span> <span class='ocrx_word' id='word_1_145' title='bbox 731 2119 1004 2197; x_wconf 75' lang='grc' dir='ltr'>πρεσϐύτῃ</span> <span class='ocrx_word' id='word_1_146' title='bbox 1060 2121 1149 2175; x_wconf 86' lang='grc' dir='ltr'>καὶ</span> <span class='ocrx_word' id='word_1_147' title='bbox 1206 2121 1332 2194; x_wconf 77' lang='grc' dir='ltr'>νὲῳ,</span> <span class='ocrx_word' id='word_1_148' title='bbox 1390 2121 1593 2194; x_wconf 81' lang='grc' dir='ltr'>ἀστικῷ</span> <span class='ocrx_word' id='word_1_149' title='bbox 1642 2143 1700 2176; x_wconf 91' lang='grc' dir='ltr'>τε</span> <span class='ocrx_word' id='word_1_150' title='bbox 1731 2122 1795 2175; x_wconf 79' lang='grc' dir='ltr'>αὖ</span> <span class='ocrx_word' id='word_1_151' title='bbox 1853 2124 1943 2177; x_wconf 92' lang='lat' dir='ltr'>xui</span> 
     </span>
    </p>
   </div>
   <div class='ocr_carea' id='block_1_23' title="bbox 289 2206 1939 2287">
    <p class='ocr_par' dir='ltr' id='par_1_23' title="bbox 289 2206 1939 2287">
     <span class='ocr_line' id='line_1_23' title="bbox 289 2206 1939 2287; baseline 0 -22"><span class='ocrx_word' id='word_1_152' title='bbox 289 2211 552 2287; x_wconf 80' lang='grc' dir='ltr'>ἀγροίκῳ,</span> <span class='ocrx_word' id='word_1_153' title='bbox 627 2206 817 2283; x_wconf 81' lang='grc' dir='ltr'>ἰδιώτῃ</span> <span class='ocrx_word' id='word_1_154' title='bbox 863 2210 953 2263; x_wconf 89' lang='grc' dir='ltr'>καὶ</span> <span class='ocrx_word' id='word_1_155' title='bbox 1007 2211 1256 2286; x_wconf 79' lang='grc' dir='ltr'>ἄρχοντι,</span> <span class='ocrx_word' id='word_1_156' title='bbox 1306 2210 1554 2282; x_wconf 77' lang='grc' dir='ltr'>πλουσίῳ</span> <span class='ocrx_word' id='word_1_157' title='bbox 1601 2210 1689 2265; x_wconf 87' lang='lat' dir='ltr'>xui</span> <span class='ocrx_word' id='word_1_158' title='bbox 1748 2211 1939 2281; x_wconf 72' lang='grc' dir='ltr'>πένητι</span> 
     </span>
    </p>
   </div>
   <div class='ocr_carea' id='block_1_24' title="bbox 292 2298 1939 2376">
    <p class='ocr_par' dir='ltr' id='par_1_24' title="bbox 292 2298 1939 2376">
     <span class='ocr_line' id='line_1_24' title="bbox 292 2298 1939 2376; baseline -0.001 -23"><span class='ocrx_word' id='word_1_159' title='bbox 292 2300 401 2369; x_wconf 85' lang='grc' dir='ltr'>(καὶ</span> <span class='ocrx_word' id='word_1_160' title='bbox 450 2300 551 2375; x_wconf 80' lang='grc' dir='ltr'>γὰρ</span> <span class='ocrx_word' id='word_1_161' title='bbox 601 2300 628 2353; x_wconf 84' lang='grc' dir='ltr'>ὁ</span> <span class='ocrx_word' id='word_1_162' title='bbox 683 2298 843 2360; x_wconf 80' lang='grc' dir='ltr'>αὐτὸς</span> <span class='ocrx_word' id='word_1_163' title='bbox 894 2298 1035 2376; x_wconf 75' lang='grc' dir='ltr'>ἅγὼν</span> <span class='ocrx_word' id='word_1_164' title='bbox 1063 2299 1220 2354; x_wconf 84' lang='grc' dir='ltr'>καλεῖ</span> <span class='ocrx_word' id='word_1_165' title='bbox 1250 2300 1500 2371; x_wconf 82' lang='grc' dir='ltr'>πάντας),</span> <span class='ocrx_word' id='word_1_166' title='bbox 1559 2300 1696 2375; x_wconf 85' lang='grc' dir='ltr'>πρὸς</span> <span class='ocrx_word' id='word_1_167' title='bbox 1749 2304 1939 2354; x_wconf 78' lang='grc' dir='ltr'>τοῦτον</span> 
     </span>
    </p>
   </div>
   <div class='ocr_carea' id='block_1_25' title="bbox 291 2386 1943 2463">
    <p class='ocr_par' dir='ltr' id='par_1_25' title="bbox 291 2386 1943 2463">
     <span class='ocr_line' id='line_1_25' title="bbox 291 2386 1943 2463; baseline 0 -20"><span class='ocrx_word' id='word_1_168' title='bbox 291 2386 616 2451; x_wconf 82' lang='grc' dir='ltr'>ἀποδύεσθαι</span> <span class='ocrx_word' id='word_1_169' title='bbox 680 2387 995 2463; x_wconf 82' lang='grc' dir='ltr'>προθύμως,</span> <span class='ocrx_word' id='word_1_170' title='bbox 1054 2386 1145 2442; x_wconf 81' lang='lat' dir='ltr'>xui</span> <span class='ocrx_word' id='word_1_171' title='bbox 1207 2389 1283 2461; x_wconf 80' lang='grc' dir='ltr'>μὴ</span> <span class='ocrx_word' id='word_1_172' title='bbox 1338 2388 1744 2461; x_wconf 80' lang='grc' dir='ltr'>μαλακίζεσθαι,</span> <span class='ocrx_word' id='word_1_173' title='bbox 1800 2386 1943 2461; x_wconf 59' lang='grc' dir='ltr'>μηδὲ</span> 
     </span>
    </p>
   </div>
   <div class='ocr_carea' id='block_1_26' title="bbox 296 2474 1941 2554">
    <p class='ocr_par' dir='ltr' id='par_1_26' title="bbox 296 2474 1941 2554">
     <span class='ocr_line' id='line_1_26' title="bbox 296 2474 1941 2554; baseline 0 -23"><span class='ocrx_word' id='word_1_174' title='bbox 296 2476 543 2551; x_wconf 74' lang='grc' dir='ltr'>μέλλειν,</span> <span class='ocrx_word' id='word_1_175' title='bbox 598 2474 738 2549; x_wconf 77' lang='grc' dir='ltr'>μηδὶ</span> <span class='ocrx_word' id='word_1_176' title='bbox 784 2474 1066 2550; x_wconf 66' lang='grc' dir='ltr'>προΐεσθαι</span> <span class='ocrx_word' id='word_1_177' title='bbox 1115 2478 1205 2532; x_wconf 88' lang='grc' dir='ltr'>τὸν</span> <span class='ocrx_word' id='word_1_178' title='bbox 1252 2478 1461 2554; x_wconf 87' lang='grc' dir='ltr'>καιρὸν,</span> <span class='ocrx_word' id='word_1_179' title='bbox 1524 2478 1586 2533; x_wconf 80' lang='grc' dir='ltr'>οὗ</span> <span class='ocrx_word' id='word_1_180' title='bbox 1629 2475 1793 2532; x_wconf 87' lang='grc' dir='ltr'>πάλιν</span> <span class='ocrx_word' id='word_1_181' title='bbox 1842 2499 1941 2532; x_wconf 73' lang='grc' dir='ltr'>τυ-</span> 
     </span>
    </p>
   </div>
   <div class='ocr_carea' id='block_1_27' title="bbox 290 2566 1941 2644">
    <p class='ocr_par' dir='ltr' id='par_1_27' title="bbox 290 2566 1941 2644">
     <span class='ocr_line' id='line_1_27' title="bbox 290 2566 1941 2644; baseline 0.001 -23"><span class='ocrx_word' id='word_1_182' title='bbox 290 2572 410 2642; x_wconf 85' lang='grc' dir='ltr'>χεῖν</span> <span class='ocrx_word' id='word_1_183' title='bbox 470 2567 781 2642; x_wconf 78' lang='grc' dir='ltr'>ἀμήχανον.</span> <span class='ocrx_word' id='word_1_184' title='bbox 843 2567 1127 2642; x_wconf 82' lang='grc' dir='ltr'>Ἐργασίας</span> <span class='ocrx_word' id='word_1_185' title='bbox 1182 2567 1283 2644; x_wconf 74' lang='grc' dir='ltr'>γὰρ</span> <span class='ocrx_word' id='word_1_186' title='bbox 1334 2569 1361 2622; x_wconf 91' lang='grc' dir='ltr'>ὁ</span> <span class='ocrx_word' id='word_1_187' title='bbox 1410 2569 1596 2644; x_wconf 84' lang='grc' dir='ltr'>παρὼν</span> <span class='ocrx_word' id='word_1_188' title='bbox 1642 2570 1776 2641; x_wconf 94' lang='grc'>(71),</span> <span class='ocrx_word' id='word_1_189' title='bbox 1806 2569 1833 2622; x_wconf 84' lang='grc' dir='ltr'><strong>ὁ</strong></span> <span class='ocrx_word' id='word_1_190' title='bbox 1883 2566 1941 2622; x_wconf 70' lang='grc' dir='ltr'>δὲ</span> 
     </span>
    </p>
   </div>
   <div class='ocr_carea' id='block_1_28' title="bbox 294 2654 1939 2733">
    <p class='ocr_par' dir='ltr' id='par_1_28' title="bbox 294 2654 1939 2733">
     <span class='ocr_line' id='line_1_28' title="bbox 294 2654 1939 2733; baseline 0.002 -24"><span class='ocrx_word' id='word_1_191' title='bbox 294 2654 515 2728; x_wconf 75' lang='grc' dir='ltr'>μέλλων</span> <span class='ocrx_word' id='word_1_192' title='bbox 568 2654 998 2719; x_wconf 78' lang='grc' dir='ltr'>ἀνταποδόσεως.</span> <span class='ocrx_word' id='word_1_193' title='bbox 1052 2656 1358 2733; x_wconf 83' lang='grc' dir='ltr'>Ἐγείρεσθε</span> <span class='ocrx_word' id='word_1_194' title='bbox 1406 2660 1543 2729; x_wconf 86' lang='grc'>(72),</span> <span class='ocrx_word' id='word_1_195' title='bbox 1591 2659 1810 2732; x_wconf 78' lang='grc' dir='ltr'>ἄγωμεν</span> <span class='ocrx_word' id='word_1_196' title='bbox 1860 2657 1939 2713; x_wconf 81' lang='grc' dir='ltr'>ἐν-</span> 
     </span>
    </p>
   </div>
   <div class='ocr_carea' id='block_1_29' title="bbox 287 2744 1937 2821">
    <p class='ocr_par' dir='ltr' id='par_1_29' title="bbox 287 2744 1937 2821">
     <span class='ocr_line' id='line_1_29' title="bbox 287 2744 1937 2821; baseline 0.001 -21"><span class='ocrx_word' id='word_1_197' title='bbox 287 2747 491 2813; x_wconf 77' lang='grc' dir='ltr'>τεῦθεν,</span> <span class='ocrx_word' id='word_1_198' title='bbox 541 2745 806 2814; x_wconf 78' lang='grc' dir='ltr'>ἠκούσατε</span> <span class='ocrx_word' id='word_1_199' title='bbox 851 2744 949 2801; x_wconf 76' lang='grc' dir='ltr'>τοῦ</span> <span class='ocrx_word' id='word_1_200' title='bbox 1003 2749 1261 2820; x_wconf 76' lang='grc' dir='ltr'>Σωτῆρος</span> <span class='ocrx_word' id='word_1_201' title='bbox 1316 2746 1592 2821; x_wconf 71' lang='grc' dir='ltr'>λέγοντος,</span> <span class='ocrx_word' id='word_1_202' title='bbox 1626 2745 1687 2801; x_wconf 83' lang='grc' dir='ltr'>οὐ</span> <span class='ocrx_word' id='word_1_203' title='bbox 1716 2746 1937 2819; x_wconf 80' lang='grc' dir='ltr'>μᾶλλόν</span> 
     </span>
    </p>
   </div>
   <div class='ocr_carea' id='block_1_30' title="bbox 290 2833 1937 2907">
    <p class='ocr_par' dir='ltr' id='par_1_30' title="bbox 290 2833 1937 2907">
     <span class='ocr_line' id='line_1_30' title="bbox 290 2833 1937 2907; baseline 0.001 -18"><span class='ocrx_word' id='word_1_204' title='bbox 290 2855 343 2889; x_wconf 82' lang='grc' dir='ltr'>τι</span> <span class='ocrx_word' id='word_1_205' title='bbox 397 2834 523 2897; x_wconf 83' lang='grc' dir='ltr'>τοὺς</span> <span class='ocrx_word' id='word_1_206' title='bbox 580 2834 703 2889; x_wconf 90' lang='grc' dir='ltr'>τότε</span> <span class='ocrx_word' id='word_1_207' title='bbox 754 2837 998 2907; x_wconf 81' lang='grc' dir='ltr'>μαθητὰς</span> <span class='ocrx_word' id='word_1_208' title='bbox 1043 2834 1101 2889; x_wconf 77' lang='grc' dir='ltr'>ἐκ</span> <span class='ocrx_word' id='word_1_209' title='bbox 1150 2840 1248 2891; x_wconf 79' lang='grc' dir='ltr'>τοῦ</span> <span class='ocrx_word' id='word_1_210' title='bbox 1298 2835 1469 2890; x_wconf 90' lang='grc' dir='ltr'>τόπου</span> <span class='ocrx_word' id='word_1_211' title='bbox 1521 2842 1621 2905; x_wconf 83' lang='grc' dir='ltr'>τῆς</span> <span class='ocrx_word' id='word_1_212' title='bbox 1674 2833 1937 2898; x_wconf 82' lang='grc' dir='ltr'>Ἰουδαίας</span> 
     </span>
    </p>
   </div>
   <div class='ocr_carea' id='block_1_31' title="bbox 294 2921 1940 2999">
    <p class='ocr_par' dir='ltr' id='par_1_31' title="bbox 294 2921 1940 2999">
     <span class='ocr_line' id='line_1_31' title="bbox 294 2921 1940 2999; baseline 0.001 -22"><span class='ocrx_word' id='word_1_213' title='bbox 294 2922 618 2999; x_wconf 80' lang='grc' dir='ltr'>ἀπάγοντος,</span> <span class='ocrx_word' id='word_1_214' title='bbox 668 2921 813 2977; x_wconf 86' lang='grc' dir='ltr'>άλλά</span> <span class='ocrx_word' id='word_1_215' title='bbox 856 2923 945 2977; x_wconf 87' lang='grc' dir='ltr'>καὶ</span> <span class='ocrx_word' id='word_1_216' title='bbox 994 2923 1122 2985; x_wconf 82' lang='grc' dir='ltr'>τοὺς</span> <span class='ocrx_word' id='word_1_217' title='bbox 1169 2923 1388 2997; x_wconf 80' lang='grc' dir='ltr'>ὕστερον</span> <span class='ocrx_word' id='word_1_218' title='bbox 1437 2921 1673 2986; x_wconf 76' lang='grc' dir='ltr'>ἅπαντας</span> <span class='ocrx_word' id='word_1_219' title='bbox 1704 2923 1940 2987; x_wconf 77' lang='grc' dir='ltr'>ἐντεῦθεν</span> 
     </span>
    </p>
   </div>
   <div class='ocr_carea' id='block_1_32' title="bbox 293 3010 1938 3087">
    <p class='ocr_par' dir='ltr' id='par_1_32' title="bbox 293 3010 1938 3087">
     <span class='ocr_line' id='line_1_32' title="bbox 293 3010 1938 3087; baseline 0 -22"><span class='ocrx_word' id='word_1_220' title='bbox 293 3010 681 3073; x_wconf 82' lang='grc' dir='ltr'>ἀπανιστάντος</span> <span class='ocrx_word' id='word_1_221' title='bbox 731 3014 861 3084; x_wconf 84' lang='grc'>(73),</span> <span class='ocrx_word' id='word_1_222' title='bbox 910 3012 1001 3065; x_wconf 86' lang='lat' dir='ltr'>xui</span> <span class='ocrx_word' id='word_1_223' title='bbox 1069 3011 1206 3087; x_wconf 87' lang='grc' dir='ltr'>πρὸς</span> <span class='ocrx_word' id='word_1_224' title='bbox 1258 3012 1442 3066; x_wconf 64' lang='grc' dir='ltr'>ἑαυτὸν</span> <span class='ocrx_word' id='word_1_225' title='bbox 1495 3011 1794 3085; x_wconf 79' lang='grc' dir='ltr'>ὑψούμενον</span> <span class='ocrx_word' id='word_1_226' title='bbox 1848 3010 1938 3066; x_wconf 68' lang='grc' dir='ltr'>ἴλ-</span> 
     </span>
    </p>
   </div>
   <div class='ocr_carea' id='block_1_33' title="bbox 1973 1898 2020 1963">
    <p class='ocr_par' dir='ltr' id='par_1_33' title="bbox 1973 1898 2020 1963">
     <span class='ocr_line' id='line_1_33' title="bbox 1973 1898 2020 1963; baseline 0 0"><span class='ocrx_word' id='word_1_227' title='bbox 1973 1898 2020 1963; x_wconf 94' lang='grc' dir='ltr'><strong>Β</strong></span> 
     </span>
    </p>
   </div>
   <div class='ocr_carea' id='block_1_34' title="bbox 2047 610 3694 683">
    <p class='ocr_par' dir='ltr' id='par_1_34' title="bbox 2047 610 3694 683">
     <span class='ocr_line' id='line_1_34' title="bbox 2047 610 3694 683; baseline 0 -19"><span class='ocrx_word' id='word_1_228' title='bbox 2047 610 2325 681; x_wconf 85' lang='lat' dir='ltr'>furorem,</span> <span class='ocrx_word' id='word_1_229' title='bbox 2362 612 2656 683; x_wconf 81' lang='lat' dir='ltr'>tenebras,</span> <span class='ocrx_word' id='word_1_230' title='bbox 2690 613 2929 680; x_wconf 58' lang='lat' dir='ltr'>famem,</span> <span class='ocrx_word' id='word_1_231' title='bbox 2952 611 3281 682; x_wconf 81' lang='lat' dir='ltr'>voragines,</span> <span class='ocrx_word' id='word_1_232' title='bbox 3314 610 3579 683; x_wconf 78' lang='lat' dir='ltr'>pecunia;</span> <span class='ocrx_word' id='word_1_233' title='bbox 3602 631 3694 665; x_wconf 69' lang='lat' dir='ltr'>um</span> 
     </span>
    </p>
   </div>
   <div class='ocr_carea' id='block_1_35' title="bbox 2047 699 3696 771">
    <p class='ocr_par' dir='ltr' id='par_1_35' title="bbox 2047 699 3696 771">
     <span class='ocr_line' id='line_1_35' title="bbox 2047 699 3696 771; baseline -0.001 -18"><span class='ocrx_word' id='word_1_234' title='bbox 2047 700 2438 771; x_wconf 81' lang='lat' dir='ltr'>direptiones,</span> <span class='ocrx_word' id='word_1_235' title='bbox 2519 702 2919 755; x_wconf 81' lang='lat' dir='ltr'>membrorum</span> <span class='ocrx_word' id='word_1_236' title='bbox 2989 699 3378 771; x_wconf 87' lang='lat' dir='ltr'>abjectiones,</span> <span class='ocrx_word' id='word_1_237' title='bbox 3450 705 3696 754; x_wconf 89' lang='lat' dir='ltr'>mortem</span> 
     </span>
    </p>
   </div>
   <div class='ocr_carea' id='block_1_36' title="bbox 2048 779 3700 863">
    <p class='ocr_par' dir='ltr' id='par_1_36' title="bbox 2048 779 3700 863">
     <span class='ocr_line' id='line_1_36' title="bbox 2048 779 3700 863; baseline 0 -20"><span class='ocrx_word' id='word_1_238' title='bbox 2048 789 2299 859; x_wconf 89' lang='lat' dir='ltr'>denique</span> <span class='ocrx_word' id='word_1_239' title='bbox 2348 794 2525 863; x_wconf 90' lang='lat' dir='ltr'>atque</span> <span class='ocrx_word' id='word_1_240' title='bbox 2554 794 2812 845; x_wconf 82' lang='lat' dir='ltr'>extrema</span> <span class='ocrx_word' id='word_1_241' title='bbox 2841 789 3039 845; x_wconf 81' lang='lat' dir='ltr'>omnia</span> <span class='ocrx_word' id='word_1_242' title='bbox 3098 792 3369 861; x_wconf 90' lang='lat' dir='ltr'>prompto</span> <span class='ocrx_word' id='word_1_243' title='bbox 3420 791 3476 843; x_wconf 91' lang='lat' dir='ltr'>et</span> <span class='ocrx_word' id='word_1_244' title='bbox 3522 779 3700 843; x_wconf 82' lang='lat' dir='ltr'>alacri</span> 
     </span>
    </p>
   </div>
   <div class='ocr_carea' id='block_1_37' title="bbox 2049 878 3698 951">
    <p class='ocr_par' dir='ltr' id='par_1_37' title="bbox 2049 878 3698 951">
     <span class='ocr_line' id='line_1_37' title="bbox 2049 878 3698 951; baseline 0 -18"><span class='ocrx_word' id='word_1_245' title='bbox 2049 878 2269 947; x_wconf 90' lang='lat' dir='ltr'>animo,</span> <span class='ocrx_word' id='word_1_246' title='bbox 2293 884 2574 951; x_wconf 93' lang='lat' dir='ltr'>tanquam</span> <span class='ocrx_word' id='word_1_247' title='bbox 2608 879 2667 934; x_wconf 91' lang='lat' dir='ltr'>in</span> <span class='ocrx_word' id='word_1_248' title='bbox 2710 879 2915 935; x_wconf 89' lang='lat' dir='ltr'>alienis</span> <span class='ocrx_word' id='word_1_249' title='bbox 2956 878 3295 950; x_wconf 82' lang='lat' dir='ltr'>corporibus</span> <span class='ocrx_word' id='word_1_250' title='bbox 3326 878 3698 946; x_wconf 80' lang='lat' dir='ltr'>dimicantes,</span> 
     </span>
    </p>
   </div>
   <div class='ocr_carea' id='block_1_38' title="bbox 2050 967 3699 1039">
    <p class='ocr_par' dir='ltr' id='par_1_38' title="bbox 2050 967 3699 1039">
     <span class='ocr_line' id='line_1_38' title="bbox 2050 967 3699 1039; baseline 0 -18"><span class='ocrx_word' id='word_1_251' title='bbox 2050 968 2503 1022; x_wconf 85' lang='lat' dir='ltr'>sustinuerunt?</span> <span class='ocrx_word' id='word_1_252' title='bbox 2553 968 2769 1039; x_wconf 89' lang='lat' dir='ltr'>thuid</span> <span class='ocrx_word' id='word_1_253' title='bbox 2829 971 3059 1033; x_wconf 89' lang='lat' dir='ltr'>essent,</span> <span class='ocrx_word' id='word_1_254' title='bbox 3109 967 3320 1039; x_wconf 84' lang='lat' dir='ltr'>utquid</span> <span class='ocrx_word' id='word_1_255' title='bbox 3386 982 3699 1037; x_wconf 88' lang='lat' dir='ltr'>conseque-</span> 
     </span>
    </p>
   </div>
   <div class='ocr_carea' id='block_1_39' title="bbox 2051 1057 3703 1129">
    <p class='ocr_par' dir='ltr' id='par_1_39' title="bbox 2051 1057 3703 1129">
     <span class='ocr_line' id='line_1_39' title="bbox 2051 1057 3703 1129; baseline -0.001 -18"><span class='ocrx_word' id='word_1_256' title='bbox 2051 1060 2275 1126; x_wconf 85' lang='lat' dir='ltr'>rentur,</span> <span class='ocrx_word' id='word_1_257' title='bbox 2301 1074 2493 1111; x_wconf 92' lang='lat' dir='ltr'>nonne</span> <span class='ocrx_word' id='word_1_258' title='bbox 2523 1058 2798 1113; x_wconf 89' lang='lat' dir='ltr'>omnibus</span> <span class='ocrx_word' id='word_1_259' title='bbox 2831 1058 3033 1128; x_wconf 91' lang='lat' dir='ltr'>utique</span> <span class='ocrx_word' id='word_1_260' title='bbox 3078 1057 3135 1111; x_wconf 90' lang='lat' dir='ltr'>in</span> <span class='ocrx_word' id='word_1_261' title='bbox 3184 1062 3494 1129; x_wconf 90' lang='lat' dir='ltr'>prospectu</span> <span class='ocrx_word' id='word_1_262' title='bbox 3526 1060 3703 1122; x_wconf 85' lang='lat' dir='ltr'>esset,</span> 
     </span>
    </p>
   </div>
   <div class='ocr_carea' id='block_1_40' title="bbox 2052 1142 3701 1217">
    <p class='ocr_par' dir='ltr' id='par_1_40' title="bbox 2052 1142 3701 1217">
     <span class='ocr_line' id='line_1_40' title="bbox 2052 1142 3701 1217; baseline 0 -18"><span class='ocrx_word' id='word_1_263' title='bbox 2052 1142 2138 1200; x_wconf 87' lang='lat' dir='ltr'>vel</span> <span class='ocrx_word' id='word_1_264' title='bbox 2170 1145 2338 1200; x_wconf 92' lang='lat' dir='ltr'>nobis</span> <span class='ocrx_word' id='word_1_265' title='bbox 2368 1146 2743 1201; x_wconf 82' lang='lat' dir='ltr'>tacentibus?</span> <span class='ocrx_word' id='word_1_266' title='bbox 2775 1147 2900 1201; x_wconf 88' lang='lat' dir='ltr'>Non</span> <span class='ocrx_word' id='word_1_267' title='bbox 2952 1146 3132 1217; x_wconf 86' lang='lat' dir='ltr'>igitur</span> <span class='ocrx_word' id='word_1_268' title='bbox 3181 1162 3286 1200; x_wconf 88' lang='lat' dir='ltr'>nos</span> <span class='ocrx_word' id='word_1_269' title='bbox 3336 1145 3535 1209; x_wconf 85' lang='lat' dir='ltr'>etiam,</span> <span class='ocrx_word' id='word_1_270' title='bbox 3567 1162 3701 1199; x_wconf 88' lang='lat' dir='ltr'>eum</span> 
     </span>
    </p>
   </div>
   <div class='ocr_carea' id='block_1_41' title="bbox 2051 1234 3703 1305">
    <p class='ocr_par' dir='ltr' id='par_1_41' title="bbox 2051 1234 3703 1305">
     <span class='ocr_line' id='line_1_41' title="bbox 2051 1234 3703 1305; baseline -0.001 -17"><span class='ocrx_word' id='word_1_271' title='bbox 2051 1234 2255 1289; x_wconf 87' lang='lat' dir='ltr'>eadem</span> <span class='ocrx_word' id='word_1_272' title='bbox 2288 1250 2412 1305; x_wconf 89' lang='lat' dir='ltr'>spe,</span> <span class='ocrx_word' id='word_1_273' title='bbox 2439 1235 2547 1289; x_wconf 90' lang='lat' dir='ltr'>sub</span> <span class='ocrx_word' id='word_1_274' title='bbox 2580 1236 2779 1289; x_wconf 91' lang='lat' dir='ltr'>eodem</span> <span class='ocrx_word' id='word_1_275' title='bbox 2799 1236 3138 1289; x_wconf 85' lang='lat' dir='ltr'>certaminis</span> <span class='ocrx_word' id='word_1_276' title='bbox 3162 1234 3360 1304; x_wconf 90' lang='lat' dir='ltr'>judice</span> <span class='ocrx_word' id='word_1_277' title='bbox 3382 1251 3447 1288; x_wconf 89' lang='lat' dir='ltr'>ac</span> <span class='ocrx_word' id='word_1_278' title='bbox 3478 1234 3703 1305; x_wconf 67' lang='lat' dir='ltr'>praemii</span> 
     </span>
    </p>
   </div>
   <div class='ocr_carea' id='block_1_42' title="bbox 2052 1322 3707 1395">
    <p class='ocr_par' dir='ltr' id='par_1_42' title="bbox 2052 1322 3707 1395">
     <span class='ocr_line' id='line_1_42' title="bbox 2052 1322 3707 1395; baseline -0.001 -17"><span class='ocrx_word' id='word_1_279' title='bbox 2052 1322 2590 1391; x_wconf 88' lang='lat' dir='ltr'>arbitro,adversus</span> <span class='ocrx_word' id='word_1_280' title='bbox 2612 1323 2881 1378; x_wconf 91' lang='lat' dir='ltr'>eumdem</span> <span class='ocrx_word' id='word_1_281' title='bbox 2906 1328 3225 1395; x_wconf 76' lang='lat' dir='ltr'>tyrannum</span> <span class='ocrx_word' id='word_1_282' title='bbox 3248 1324 3434 1377; x_wconf 89' lang='lat' dir='ltr'>aciem</span> <span class='ocrx_word' id='word_1_283' title='bbox 3456 1322 3707 1378; x_wconf 88' lang='lat' dir='ltr'>instrue-</span> 
     </span>
    </p>
   </div>
   <div class='ocr_carea' id='block_1_43' title="bbox 2054 1413 3702 1485">
    <p class='ocr_par' dir='ltr' id='par_1_43' title="bbox 2054 1413 3702 1485">
     <span class='ocr_line' id='line_1_43' title="bbox 2054 1413 3702 1485; baseline 0 -18"><span class='ocrx_word' id='word_1_284' title='bbox 2054 1430 2206 1480; x_wconf 90' lang='lat' dir='ltr'>mus,</span> <span class='ocrx_word' id='word_1_285' title='bbox 2234 1413 2655 1482; x_wconf 90' lang='lat' dir='ltr'>truculentum,</span> <span class='ocrx_word' id='word_1_286' title='bbox 2682 1416 2946 1485; x_wconf 88' lang='lat' dir='ltr'>inquam,</span> <span class='ocrx_word' id='word_1_287' title='bbox 2970 1413 3156 1480; x_wconf 92' lang='lat' dir='ltr'>illum,</span> <span class='ocrx_word' id='word_1_288' title='bbox 3190 1418 3245 1468; x_wconf 92' lang='lat' dir='ltr'>et</span> <span class='ocrx_word' id='word_1_289' title='bbox 3274 1417 3436 1481; x_wconf 88' lang='lat' dir='ltr'>tunc,</span> <span class='ocrx_word' id='word_1_290' title='bbox 3461 1418 3517 1468; x_wconf 91' lang='lat' dir='ltr'>et</span> <span class='ocrx_word' id='word_1_291' title='bbox 3548 1430 3702 1467; x_wconf 88' lang='lat' dir='ltr'>nunc</span> 
     </span>
    </p>
   </div>
   <div class='ocr_carea' id='block_1_44' title="bbox 2052 1499 3702 1573">
    <p class='ocr_par' dir='ltr' id='par_1_44' title="bbox 2052 1499 3702 1573">
     <span class='ocr_line' id='line_1_44' title="bbox 2052 1499 3702 1573; baseline 0.002 -20"><span class='ocrx_word' id='word_1_292' title='bbox 2052 1499 2251 1565; x_wconf 87' lang='lat' dir='ltr'>etiam,</span> <span class='ocrx_word' id='word_1_293' title='bbox 2270 1501 2603 1556; x_wconf 90' lang='lat' dir='ltr'>animarum</span> <span class='ocrx_word' id='word_1_294' title='bbox 2623 1506 3075 1573; x_wconf 85' lang='lat' dir='ltr'>persecutorem,</span> <span class='ocrx_word' id='word_1_295' title='bbox 3096 1501 3449 1557; x_wconf 89' lang='lat' dir='ltr'>invisibilem</span> <span class='ocrx_word' id='word_1_296' title='bbox 3472 1501 3702 1557; x_wconf 84' lang='lat' dir='ltr'>hostem</span> 
     </span>
    </p>
   </div>
   <div class='ocr_carea' id='block_1_45' title="bbox 2052 1590 3708 1663">
    <p class='ocr_par' dir='ltr' id='par_1_45' title="bbox 2052 1590 3708 1663">
     <span class='ocr_line' id='line_1_45' title="bbox 2052 1590 3708 1663; baseline 0.002 -21"><span class='ocrx_word' id='word_1_297' title='bbox 2052 1592 2109 1643; x_wconf 90' lang='lat' dir='ltr'>et</span> <span class='ocrx_word' id='word_1_298' title='bbox 2139 1590 2584 1645; x_wconf 85' lang='lat' dir='ltr'>adversarium?</span> <span class='ocrx_word' id='word_1_299' title='bbox 2612 1590 2737 1645; x_wconf 94' lang='lat' dir='ltr'>Non</span> <span class='ocrx_word' id='word_1_300' title='bbox 2770 1590 2893 1663; x_wconf 91' lang='lat' dir='ltr'>pari</span> <span class='ocrx_word' id='word_1_301' title='bbox 2923 1590 3141 1645; x_wconf 88' lang='lat' dir='ltr'>virtute</span> <span class='ocrx_word' id='word_1_302' title='bbox 3192 1591 3253 1645; x_wconf 92' lang='lat' dir='ltr'>in</span> <span class='ocrx_word' id='word_1_303' title='bbox 3304 1590 3413 1645; x_wconf 92' lang='lat' dir='ltr'>hoc</span> <span class='ocrx_word' id='word_1_304' title='bbox 3464 1592 3708 1659; x_wconf 90' lang='lat' dir='ltr'>mundo,</span> 
     </span>
    </p>
   </div>
   <div class='ocr_carea' id='block_1_46' title="bbox 2054 1677 3710 1750">
    <p class='ocr_par' dir='ltr' id='par_1_46' title="bbox 2054 1677 3710 1750">
     <span class='ocr_line' id='line_1_46' title="bbox 2054 1677 3710 1750; baseline 0.001 -18"><span class='ocrx_word' id='word_1_305' title='bbox 2054 1677 2221 1748; x_wconf 89' lang='lat' dir='ltr'>quasi</span> <span class='ocrx_word' id='word_1_306' title='bbox 2255 1678 2312 1732; x_wconf 93' lang='lat' dir='ltr'>in</span> <span class='ocrx_word' id='word_1_307' title='bbox 2338 1679 2633 1734; x_wconf 92' lang='lat' dir='ltr'>communi</span> <span class='ocrx_word' id='word_1_308' title='bbox 2668 1678 2918 1750; x_wconf 87' lang='lat' dir='ltr'>theatro,</span> <span class='ocrx_word' id='word_1_309' title='bbox 2942 1678 3317 1750; x_wconf 88' lang='lat' dir='ltr'>certabimus,</span> <span class='ocrx_word' id='word_1_310' title='bbox 3344 1679 3391 1734; x_wconf 90' lang='lat' dir='ltr'>si</span> <span class='ocrx_word' id='word_1_311' title='bbox 3422 1696 3535 1735; x_wconf 91' lang='lat' dir='ltr'>non</span> <span class='ocrx_word' id='word_1_312' title='bbox 3562 1680 3710 1750; x_wconf 91' lang='lat' dir='ltr'>peri-</span> 
     </span>
    </p>
   </div>
   <div class='ocr_carea' id='block_1_47' title="bbox 2053 1766 3707 1841">
    <p class='ocr_par' dir='ltr' id='par_1_47' title="bbox 2053 1766 3707 1841">
     <span class='ocr_line' id='line_1_47' title="bbox 2053 1766 3707 1841; baseline 0.001 -19"><span class='ocrx_word' id='word_1_313' title='bbox 2053 1766 2170 1822; x_wconf 91' lang='lat' dir='ltr'>culi</span> <span class='ocrx_word' id='word_1_314' title='bbox 2202 1768 2341 1835; x_wconf 88' lang='lat' dir='ltr'>acie,</span> <span class='ocrx_word' id='word_1_315' title='bbox 2368 1772 2424 1823; x_wconf 91' lang='lat' dir='ltr'>et</span> <span class='ocrx_word' id='word_1_316' title='bbox 2454 1785 2571 1840; x_wconf 90' lang='lat' dir='ltr'>qua</span> <span class='ocrx_word' id='word_1_317' title='bbox 2601 1768 2869 1841; x_wconf 88' lang='lat' dir='ltr'>protinus</span> <span class='ocrx_word' id='word_1_318' title='bbox 2900 1768 3138 1833; x_wconf 70' lang='lat' dir='ltr'>defungi</span> <span class='ocrx_word' id='word_1_319' title='bbox 3171 1768 3359 1837; x_wconf 88' lang='lat' dir='ltr'>liceat,</span> <span class='ocrx_word' id='word_1_320' title='bbox 3386 1772 3443 1823; x_wconf 88' lang='lat' dir='ltr'>at</span> <span class='ocrx_word' id='word_1_321' title='bbox 3473 1770 3531 1823; x_wconf 92' lang='lat' dir='ltr'>in</span> <span class='ocrx_word' id='word_1_322' title='bbox 3566 1786 3707 1840; x_wconf 85' lang='lat' dir='ltr'>quo-</span> 
     </span>
    </p>
   </div>
   <div class='ocr_carea' id='block_1_48' title="bbox 2053 1856 3710 1930">
    <p class='ocr_par' dir='ltr' id='par_1_48' title="bbox 2053 1856 3710 1930">
     <span class='ocr_line' id='line_1_48' title="bbox 2053 1856 3710 1930; baseline 0 -17"><span class='ocrx_word' id='word_1_323' title='bbox 2053 1857 2297 1913; x_wconf 87' lang='lat' dir='ltr'>tidianis</span> <span class='ocrx_word' id='word_1_324' title='bbox 2328 1856 2536 1913; x_wconf 86' lang='lat' dir='ltr'>saltem</span> <span class='ocrx_word' id='word_1_325' title='bbox 2558 1858 3042 1914; x_wconf 85' lang='lat' dir='ltr'>dimicationibus</span> <span class='ocrx_word' id='word_1_326' title='bbox 3074 1862 3129 1913; x_wconf 90' lang='lat' dir='ltr'>et</span> <span class='ocrx_word' id='word_1_327' title='bbox 3158 1857 3468 1930; x_wconf 72' lang='lat' dir='ltr'>palaastris,</span> <span class='ocrx_word' id='word_1_328' title='bbox 3492 1861 3558 1911; x_wconf 91' lang='lat' dir='ltr'>ut</span> <span class='ocrx_word' id='word_1_329' title='bbox 3584 1874 3710 1913; x_wconf 87' lang='lat' dir='ltr'>eas-</span> 
     </span>
    </p>
   </div>
   <div class='ocr_carea' id='block_1_49' title="bbox 2052 1947 3562 2018">
    <p class='ocr_par' dir='ltr' id='par_1_49' title="bbox 2052 1947 3562 2018">
     <span class='ocr_line' id='line_1_49' title="bbox 2052 1947 3562 2018; baseline -0.001 -17"><span class='ocrx_word' id='word_1_330' title='bbox 2052 1947 2185 2002; x_wconf 90' lang='lat' dir='ltr'>dem</span> <span class='ocrx_word' id='word_1_331' title='bbox 2216 1963 2482 2013; x_wconf 88' lang='lat' dir='ltr'>coronas,</span> <span class='ocrx_word' id='word_1_332' title='bbox 2513 1952 2613 2002; x_wconf 91' lang='lat' dir='ltr'>aut</span> <span class='ocrx_word' id='word_1_333' title='bbox 2641 1947 2735 2003; x_wconf 93' lang='lat' dir='ltr'>his</span> <span class='ocrx_word' id='word_1_334' title='bbox 2767 1948 3084 2018; x_wconf 83' lang='lat' dir='ltr'>proximas,</span> <span class='ocrx_word' id='word_1_335' title='bbox 3109 1963 3562 2017; x_wconf 88' lang='lat' dir='ltr'>consequamur.</span> 
     </span>
    </p>
   </div>
   <div class='ocr_carea' id='block_1_50' title="bbox 2122 2034 3714 2107">
    <p class='ocr_par' dir='ltr' id='par_1_50' title="bbox 2122 2034 3714 2107">
     <span class='ocr_line' id='line_1_50' title="bbox 2122 2034 3714 2107; baseline 0.001 -17"><span class='ocrx_word' id='word_1_336' title='bbox 2122 2036 2215 2091; x_wconf 88' lang='lat' dir='ltr'>VI.</span> <span class='ocrx_word' id='word_1_337' title='bbox 2252 2037 2535 2107; x_wconf 88' lang='lat' dir='ltr'>Equidem</span> <span class='ocrx_word' id='word_1_338' title='bbox 2580 2052 2804 2105; x_wconf 89' lang='lat' dir='ltr'>omnes,</span> <span class='ocrx_word' id='word_1_339' title='bbox 2838 2041 2958 2091; x_wconf 93' lang='lat' dir='ltr'>tam</span> <span class='ocrx_word' id='word_1_340' title='bbox 3002 2036 3157 2091; x_wconf 91' lang='lat' dir='ltr'>viros</span> <span class='ocrx_word' id='word_1_341' title='bbox 3206 2053 3380 2106; x_wconf 91' lang='lat' dir='ltr'>quam</span> <span class='ocrx_word' id='word_1_342' title='bbox 3444 2034 3714 2102; x_wconf 87' lang='lat' dir='ltr'>feminas,</span> 
     </span>
    </p>
   </div>
   <div class='ocr_carea' id='block_1_51' title="bbox 2051 2125 3716 2196">
    <p class='ocr_par' dir='ltr' id='par_1_51' title="bbox 2051 2125 3716 2196">
     <span class='ocr_line' id='line_1_51' title="bbox 2051 2125 3716 2196; baseline -0.001 -16"><span class='ocrx_word' id='word_1_343' title='bbox 2051 2129 2173 2181; x_wconf 89' lang='lat' dir='ltr'>tam</span> <span class='ocrx_word' id='word_1_344' title='bbox 2206 2142 2375 2180; x_wconf 89' lang='lat' dir='ltr'>senes</span> <span class='ocrx_word' id='word_1_345' title='bbox 2398 2141 2573 2196; x_wconf 89' lang='lat' dir='ltr'>quam</span> <span class='ocrx_word' id='word_1_346' title='bbox 2599 2126 2870 2195; x_wconf 87' lang='lat' dir='ltr'>juvenes,</span> <span class='ocrx_word' id='word_1_347' title='bbox 2894 2129 3012 2180; x_wconf 88' lang='lat' dir='ltr'>tam</span> <span class='ocrx_word' id='word_1_348' title='bbox 3039 2125 3295 2179; x_wconf 90' lang='lat' dir='ltr'>urbanos</span> <span class='ocrx_word' id='word_1_349' title='bbox 3331 2141 3509 2194; x_wconf 92' lang='lat' dir='ltr'>quam</span> <span class='ocrx_word' id='word_1_350' title='bbox 3539 2125 3716 2179; x_wconf 90' lang='lat' dir='ltr'>rusti-</span> 
     </span>
    </p>
   </div>
   <div class='ocr_carea' id='block_1_52' title="bbox 2051 2213 3707 2285">
    <p class='ocr_par' dir='ltr' id='par_1_52' title="bbox 2051 2213 3707 2285">
     <span class='ocr_line' id='line_1_52' title="bbox 2051 2213 3707 2285; baseline -0.001 -16"><span class='ocrx_word' id='word_1_351' title='bbox 2051 2218 2310 2279; x_wconf 90' lang='lat' dir='ltr'>cos,tam</span> <span class='ocrx_word' id='word_1_352' title='bbox 2335 2213 2590 2285; x_wconf 88' lang='lat' dir='ltr'>privatos</span> <span class='ocrx_word' id='word_1_353' title='bbox 2612 2230 2791 2285; x_wconf 91' lang='lat' dir='ltr'>quam</span> <span class='ocrx_word' id='word_1_354' title='bbox 2819 2214 3269 2285; x_wconf 89' lang='lat' dir='ltr'>principes,tam</span> <span class='ocrx_word' id='word_1_355' title='bbox 3299 2213 3507 2267; x_wconf 85' lang='lat' dir='ltr'>divites</span> <span class='ocrx_word' id='word_1_356' title='bbox 3528 2230 3707 2284; x_wconf 88' lang='lat' dir='ltr'>quam</span> 
     </span>
    </p>
   </div>
   <div class='ocr_carea' id='block_1_53' title="bbox 2051 2301 3707 2375">
    <p class='ocr_par' dir='ltr' id='par_1_53' title="bbox 2051 2301 3707 2375">
     <span class='ocr_line' id='line_1_53' title="bbox 2051 2301 3707 2375; baseline -0.001 -18"><span class='ocrx_word' id='word_1_357' title='bbox 2051 2318 2358 2375; x_wconf 89' lang='lat' dir='ltr'>pauperes,</span> <span class='ocrx_word' id='word_1_358' title='bbox 2386 2302 2609 2371; x_wconf 86' lang='lat' dir='ltr'>hortor,</span> <span class='ocrx_word' id='word_1_359' title='bbox 2648 2303 2823 2372; x_wconf 90' lang='lat' dir='ltr'>(idem</span> <span class='ocrx_word' id='word_1_360' title='bbox 2874 2302 3031 2357; x_wconf 89' lang='lat' dir='ltr'>enim</span> <span class='ocrx_word' id='word_1_361' title='bbox 3083 2306 3376 2356; x_wconf 87' lang='lat' dir='ltr'>certamen</span> <span class='ocrx_word' id='word_1_362' title='bbox 3426 2301 3707 2356; x_wconf 88' lang='lat' dir='ltr'>omnibus</span> 
     </span>
    </p>
   </div>
   <div class='ocr_carea' id='block_1_54' title="bbox 2050 2390 3709 2465">
    <p class='ocr_par' dir='ltr' id='par_1_54' title="bbox 2050 2390 3709 2465">
     <span class='ocr_line' id='line_1_54' title="bbox 2050 2390 3709 2465; baseline -0.001 -19"><span class='ocrx_word' id='word_1_363' title='bbox 2050 2392 2415 2465; x_wconf 90' lang='lat' dir='ltr'>propositum</span> <span class='ocrx_word' id='word_1_364' title='bbox 2460 2391 2596 2462; x_wconf 89' lang='lat' dir='ltr'>est,)</span> <span class='ocrx_word' id='word_1_365' title='bbox 2640 2396 2704 2445; x_wconf 93' lang='lat' dir='ltr'>ut</span> <span class='ocrx_word' id='word_1_366' title='bbox 2752 2392 2822 2446; x_wconf 89' lang='lat' dir='ltr'>ad</span> <span class='ocrx_word' id='word_1_367' title='bbox 2874 2408 3131 2463; x_wconf 83' lang='lat' dir='ltr'>pugnam</span> <span class='ocrx_word' id='word_1_368' title='bbox 3183 2407 3315 2445; x_wconf 91' lang='lat' dir='ltr'>cum</span> <span class='ocrx_word' id='word_1_369' title='bbox 3374 2390 3481 2445; x_wconf 90' lang='lat' dir='ltr'>hoc</span> <span class='ocrx_word' id='word_1_370' title='bbox 3542 2390 3709 2445; x_wconf 89' lang='lat' dir='ltr'>hoste</span> 
     </span>
    </p>
   </div>
   <div class='ocr_carea' id='block_1_55' title="bbox 2049 2478 3743 2551">
    <p class='ocr_par' dir='ltr' id='par_1_55' title="bbox 2049 2478 3743 2551">
     <span class='ocr_line' id='line_1_55' title="bbox 2049 2478 3743 2551; baseline -0.002 -16"><span class='ocrx_word' id='word_1_371' title='bbox 2049 2478 2467 2535; x_wconf 88' lang='lat' dir='ltr'>conserendam</span> <span class='ocrx_word' id='word_1_372' title='bbox 2518 2479 2765 2551; x_wconf 88' lang='lat' dir='ltr'>impigre</span> <span class='ocrx_word' id='word_1_373' title='bbox 2820 2496 2882 2535; x_wconf 90' lang='lat' dir='ltr'>se</span> <span class='ocrx_word' id='word_1_374' title='bbox 2924 2478 3250 2550; x_wconf 76' lang='lat' dir='ltr'>accingant,</span> <span class='ocrx_word' id='word_1_375' title='bbox 3283 2494 3345 2533; x_wconf 87' lang='lat' dir='ltr'>ac</span> <span class='ocrx_word' id='word_1_376' title='bbox 3392 2494 3507 2532; x_wconf 92' lang='lat' dir='ltr'>non</span> <span class='ocrx_word' id='word_1_377' title='bbox 3558 2479 3701 2533; x_wconf 72' lang='lat'>367</span> <span class='ocrx_word' id='word_1_378' title='bbox 3734 2481 3743 2487; x_wconf 88' lang='grc'><strong>’</strong></span> 
     </span>
    </p>
   </div>
   <div class='ocr_carea' id='block_1_56' title="bbox 2052 2568 3708 2641">
    <p class='ocr_par' dir='ltr' id='par_1_56' title="bbox 2052 2568 3708 2641">
     <span class='ocr_line' id='line_1_56' title="bbox 2052 2568 3708 2641; baseline -0.001 -18"><span class='ocrx_word' id='word_1_379' title='bbox 2052 2568 2285 2641; x_wconf 83' lang='lat' dir='ltr'>ignavia</span> <span class='ocrx_word' id='word_1_380' title='bbox 2334 2568 2619 2636; x_wconf 88' lang='lat' dir='ltr'>laborent,</span> <span class='ocrx_word' id='word_1_381' title='bbox 2647 2572 2747 2623; x_wconf 89' lang='lat' dir='ltr'>aut</span> <span class='ocrx_word' id='word_1_382' title='bbox 2777 2585 2970 2623; x_wconf 86' lang='lat' dir='ltr'>moras</span> <span class='ocrx_word' id='word_1_383' title='bbox 3028 2571 3280 2633; x_wconf 82' lang='lat' dir='ltr'>nectent,</span> <span class='ocrx_word' id='word_1_384' title='bbox 3314 2570 3491 2639; x_wconf 88' lang='lat' dir='ltr'>atque</span> <span class='ocrx_word' id='word_1_385' title='bbox 3542 2582 3708 2622; x_wconf 89' lang='lat' dir='ltr'>occa-</span> 
     </span>
    </p>
   </div>
   <div class='ocr_carea' id='block_1_57' title="bbox 2052 2655 3705 2729">
    <p class='ocr_par' dir='ltr' id='par_1_57' title="bbox 2052 2655 3705 2729">
     <span class='ocr_line' id='line_1_57' title="bbox 2052 2655 3705 2729; baseline -0.002 -17"><span class='ocrx_word' id='word_1_386' title='bbox 2052 2658 2301 2729; x_wconf 89' lang='lat' dir='ltr'>sionem,</span> <span class='ocrx_word' id='word_1_387' title='bbox 2336 2674 2513 2729; x_wconf 89' lang='lat' dir='ltr'>quam</span> <span class='ocrx_word' id='word_1_388' title='bbox 2545 2656 2707 2713; x_wconf 87' lang='lat' dir='ltr'>nulla</span> <span class='ocrx_word' id='word_1_389' title='bbox 2738 2664 2941 2729; x_wconf 89' lang='lat' dir='ltr'>postea</span> <span class='ocrx_word' id='word_1_390' title='bbox 2968 2658 3193 2712; x_wconf 87' lang='lat' dir='ltr'>ratione</span> <span class='ocrx_word' id='word_1_391' title='bbox 3226 2655 3485 2711; x_wconf 87' lang='lat' dir='ltr'>nancisci</span> <span class='ocrx_word' id='word_1_392' title='bbox 3517 2655 3705 2722; x_wconf 89' lang='lat' dir='ltr'>liceat,</span> 
     </span>
    </p>
   </div>
   <div class='ocr_carea' id='block_1_58' title="bbox 2049 2746 3701 2818">
    <p class='ocr_par' dir='ltr' id='par_1_58' title="bbox 2049 2746 3701 2818">
     <span class='ocr_line' id='line_1_58' title="bbox 2049 2746 3701 2818; baseline -0.002 -16"><span class='ocrx_word' id='word_1_393' title='bbox 2049 2747 2352 2817; x_wconf 87' lang='lat' dir='ltr'>abjiciant.</span> <span class='ocrx_word' id='word_1_394' title='bbox 2387 2746 2629 2802; x_wconf 87' lang='lat' dir='ltr'>Laboris</span> <span class='ocrx_word' id='word_1_395' title='bbox 2678 2747 2835 2802; x_wconf 91' lang='lat' dir='ltr'>enim</span> <span class='ocrx_word' id='word_1_396' title='bbox 2868 2763 3125 2818; x_wconf 60' lang='lat' dir='ltr'>praesens</span> <span class='ocrx_word' id='word_1_397' title='bbox 3173 2746 3282 2800; x_wconf 93' lang='lat' dir='ltr'>hoc</span> <span class='ocrx_word' id='word_1_398' title='bbox 3315 2751 3547 2816; x_wconf 84' lang='lat' dir='ltr'>tempus</span> <span class='ocrx_word' id='word_1_399' title='bbox 3579 2748 3701 2811; x_wconf 88' lang='lat' dir='ltr'>est;</span> 
     </span>
    </p>
   </div>
   <div class='ocr_carea' id='block_1_59' title="bbox 2049 2833 3703 2907">
    <p class='ocr_par' dir='ltr' id='par_1_59' title="bbox 2049 2833 3703 2907">
     <span class='ocr_line' id='line_1_59' title="bbox 2049 2833 3703 2907; baseline -0.002 -16"><span class='ocrx_word' id='word_1_400' title='bbox 2049 2837 2340 2904; x_wconf 85' lang='lat' dir='ltr'>futurum,</span> <span class='ocrx_word' id='word_1_401' title='bbox 2375 2836 2772 2907; x_wconf 75' lang='lat' dir='ltr'>praamiorum.</span> <span class='ocrx_word' id='word_1_402' title='bbox 2806 2835 3072 2889; x_wconf 88' lang='lat' dir='ltr'>Audistis</span> <span class='ocrx_word' id='word_1_403' title='bbox 3116 2834 3475 2889; x_wconf 89' lang='lat' dir='ltr'>Salvatorem</span> <span class='ocrx_word' id='word_1_404' title='bbox 3506 2833 3703 2888; x_wconf 92' lang='lat' dir='ltr'>dicen-</span> 
     </span>
    </p>
   </div>
   <div class='ocr_carea' id='block_1_60' title="bbox 2049 2922 3700 2995">
    <p class='ocr_par' dir='ltr' id='par_1_60' title="bbox 2049 2922 3700 2995">
     <span class='ocr_line' id='line_1_60' title="bbox 2049 2922 3700 2995; baseline -0.003 -15"><span class='ocrx_word' id='word_1_405' title='bbox 2049 2930 2188 2991; x_wconf 88' lang='lat' dir='ltr'>tem,</span> <span class='ocrx_word' id='word_1_406' title='bbox 2241 2925 2484 2995; x_wconf 76' lang='lat' dir='ltr'>Surgite,</span> <span class='ocrx_word' id='word_1_407' title='bbox 2531 2925 2795 2980; x_wconf 71' lang='lat' dir='ltr'>abeamus</span> <span class='ocrx_word' id='word_1_408' title='bbox 2851 2924 3031 2979; x_wconf 80' lang='lat' dir='ltr'>hinc:</span> <span class='ocrx_word' id='word_1_409' title='bbox 3064 2924 3279 2995; x_wconf 88' lang='lat' dir='ltr'>quibus</span> <span class='ocrx_word' id='word_1_410' title='bbox 3336 2922 3527 2977; x_wconf 89' lang='lat' dir='ltr'>verbis</span> <span class='ocrx_word' id='word_1_411' title='bbox 3584 2939 3700 2976; x_wconf 92' lang='lat' dir='ltr'>non</span> 
     </span>
    </p>
   </div>
   <div class='ocr_carea' id='block_1_61' title="bbox 2048 3010 3692 3083">
    <p class='ocr_par' dir='ltr' id='par_1_61' title="bbox 2048 3010 3692 3083">
     <span class='ocr_line' id='line_1_61' title="bbox 2048 3010 3692 3083; baseline -0.001 -16"><span class='ocrx_word' id='word_1_412' title='bbox 2048 3012 2240 3068; x_wconf 90' lang='lat' dir='ltr'>solum</span> <span class='ocrx_word' id='word_1_413' title='bbox 2273 3011 2594 3083; x_wconf 89' lang='lat' dir='ltr'>discipulos</span> <span class='ocrx_word' id='word_1_414' title='bbox 2628 3029 2775 3083; x_wconf 89' lang='lat' dir='ltr'>quos</span> <span class='ocrx_word' id='word_1_415' title='bbox 2805 3016 2945 3067; x_wconf 90' lang='lat' dir='ltr'>tunc</span> <span class='ocrx_word' id='word_1_416' title='bbox 2978 3012 3234 3066; x_wconf 87' lang='lat' dir='ltr'>habebat</span> <span class='ocrx_word' id='word_1_417' title='bbox 3262 3028 3296 3065; x_wconf 88' lang='lat' dir='ltr'>a</span> <span class='ocrx_word' id='word_1_418' title='bbox 3322 3011 3536 3065; x_wconf 73' lang='lat' dir='ltr'>Judsaaa</span> <span class='ocrx_word' id='word_1_419' title='bbox 3567 3010 3692 3065; x_wconf 92' lang='lat' dir='ltr'>loco</span> 
     </span>
    </p>
   </div>
   <div class='ocr_carea' id='block_1_62' title="bbox 291 3095 1937 3175">
    <p class='ocr_par' dir='ltr' id='par_1_62' title="bbox 291 3098 1937 3175">
     <span class='ocr_line' id='line_1_62' title="bbox 291 3098 1937 3175; baseline -0.001 -20"><span class='ocrx_word' id='word_1_420' title='bbox 291 3122 498 3170; x_wconf 91' lang='grc' dir='ltr'>κοντος,</span> <span class='ocrx_word' id='word_1_421' title='bbox 574 3100 647 3161; x_wconf 87' lang='grc' dir='ltr'>ὡς</span> <span class='ocrx_word' id='word_1_422' title='bbox 714 3102 749 3168; x_wconf 75' lang='grc' dir='ltr'>ἡ</span> <span class='ocrx_word' id='word_1_423' title='bbox 829 3098 1146 3174; x_wconf 83' lang='grc' dir='ltr'>ὑπόσχεσις.</span> <span class='ocrx_word' id='word_1_424' title='bbox 1206 3098 1697 3171; x_wconf 76' lang='grc' dir='ltr'>’Δκολουθήσωμεν</span> <span class='ocrx_word' id='word_1_425' title='bbox 1759 3101 1937 3175; x_wconf 77' lang='grc' dir='ltr'>ἀγαθῷ</span> 
     </span>
    </p>
   </div>
   <div class='ocr_carea' id='block_1_63' title="bbox 2058 3095 3696 3175">
    <p class='ocr_par' dir='ltr' id='par_1_63' title="bbox 2058 3095 3696 3169">
     <span class='ocr_line' id='line_1_63' title="bbox 2058 3095 3696 3169; baseline -0.003 -14"><span class='ocrx_word' id='word_1_426' title='bbox 2058 3100 2396 3165; x_wconf 79' lang='lat' dir='ltr'>abducebat,</span> <span class='ocrx_word' id='word_1_427' title='bbox 2432 3100 2531 3154; x_wconf 88' lang='lat' dir='ltr'>sed</span> <span class='ocrx_word' id='word_1_428' title='bbox 2563 3100 2739 3153; x_wconf 86' lang='lat' dir='ltr'>etiam</span> <span class='ocrx_word' id='word_1_429' title='bbox 2774 3114 2976 3153; x_wconf 91' lang='lat' dir='ltr'>omnes</span> <span class='ocrx_word' id='word_1_430' title='bbox 3010 3097 3110 3169; x_wconf 92' lang='lat' dir='ltr'>qui</span> <span class='ocrx_word' id='word_1_431' title='bbox 3150 3101 3350 3168; x_wconf 89' lang='lat' dir='ltr'>postea</span> <span class='ocrx_word' id='word_1_432' title='bbox 3387 3097 3576 3169; x_wconf 87' lang='lat' dir='ltr'>ipsius</span> <span class='ocrx_word' id='word_1_433' title='bbox 3608 3095 3696 3150; x_wconf 93' lang='lat' dir='ltr'>di-</span> 
     </span>
    </p>
   </div>
   <div class='ocr_carea' id='block_1_64' title="bbox 288 3186 1937 3266">
    <p class='ocr_par' dir='ltr' id='par_1_64' title="bbox 288 3187 1937 3266">
     <span class='ocr_line' id='line_1_64' title="bbox 288 3187 1937 3266; baseline -0.001 -22"><span class='ocrx_word' id='word_1_434' title='bbox 288 3189 566 3262; x_wconf 78' lang='grc' dir='ltr'>Δεσπότῃ·</span> <span class='ocrx_word' id='word_1_435' title='bbox 618 3188 873 3265; x_wconf 76' lang='grc' dir='ltr'>φύγωμεν</span> <span class='ocrx_word' id='word_1_436' title='bbox 920 3188 1016 3249; x_wconf 81' lang='grc' dir='ltr'>τὰς</span> <span class='ocrx_word' id='word_1_437' title='bbox 1066 3189 1331 3261; x_wconf 74' lang='grc' dir='ltr'>κοσμικὰς</span> <span class='ocrx_word' id='word_1_438' title='bbox 1396 3187 1702 3261; x_wconf 76' lang='grc' dir='ltr'>ἐπιθυμίας,</span> <span class='ocrx_word' id='word_1_439' title='bbox 1753 3189 1937 3266; x_wconf 80' lang='grc' dir='ltr'>φύγω-</span> 
     </span>
    </p>
   </div>
   <div class='ocr_carea' id='block_1_65' title="bbox 2058 3186 3690 3266">
    <p class='ocr_par' dir='ltr' id='par_1_65' title="bbox 2058 3186 3690 3259">
     <span class='ocr_line' id='line_1_65' title="bbox 2058 3186 3690 3259; baseline -0.004 -15"><span class='ocrx_word' id='word_1_440' title='bbox 2058 3187 2259 3259; x_wconf 80' lang='lat' dir='ltr'>scipuli</span> <span class='ocrx_word' id='word_1_441' title='bbox 2292 3188 2471 3243; x_wconf 90' lang='lat' dir='ltr'>futuri</span> <span class='ocrx_word' id='word_1_442' title='bbox 2520 3191 2685 3243; x_wconf 91' lang='lat' dir='ltr'>erant</span> <span class='ocrx_word' id='word_1_443' title='bbox 2721 3187 2859 3242; x_wconf 90' lang='lat' dir='ltr'>hinc</span> <span class='ocrx_word' id='word_1_444' title='bbox 2889 3186 3282 3251; x_wconf 86' lang='lat' dir='ltr'>abstrahebat,</span> <span class='ocrx_word' id='word_1_445' title='bbox 3316 3190 3371 3240; x_wconf 89' lang='lat' dir='ltr'>et</span> <span class='ocrx_word' id='word_1_446' title='bbox 3418 3186 3487 3240; x_wconf 91' lang='lat' dir='ltr'>ad</span> <span class='ocrx_word' id='word_1_447' title='bbox 3541 3186 3690 3257; x_wconf 89' lang='lat' dir='ltr'>seip-</span> 
     </span>
    </p>
   </div>
   <div class='ocr_carea' id='block_1_66' title="bbox 292 3260 1937 3354">
    <p class='ocr_par' dir='ltr' id='par_1_66' title="bbox 292 3276 1937 3354">
     <span class='ocr_line' id='line_1_66' title="bbox 292 3276 1937 3354; baseline -0.001 -21"><span class='ocrx_word' id='word_1_448' title='bbox 292 3300 385 3352; x_wconf 85' lang='grc' dir='ltr'>μεν</span> <span class='ocrx_word' id='word_1_449' title='bbox 416 3278 505 3332; x_wconf 80' lang='grc' dir='ltr'>τὸν</span> <span class='ocrx_word' id='word_1_450' title='bbox 540 3276 745 3333; x_wconf 87' lang='grc' dir='ltr'>πλάνον</span> <span class='ocrx_word' id='word_1_451' title='bbox 773 3276 979 3349; x_wconf 79' lang='grc' dir='ltr'>κόσμον</span> <span class='ocrx_word' id='word_1_452' title='bbox 1029 3276 1119 3331; x_wconf 85' lang='lat' dir='ltr'>xui</span> <span class='ocrx_word' id='word_1_453' title='bbox 1167 3278 1602 3354; x_wconf 88' lang='grc' dir='ltr'>κοσμοκράτορα,</span> <span class='ocrx_word' id='word_1_454' title='bbox 1653 3278 1937 3353; x_wconf 85' lang='grc' dir='ltr'>γενώμεθα</span> 
     </span>
    </p>
   </div>
   <div class='ocr_carea' id='block_1_67' title="bbox 2058 3260 3695 3354">
    <p class='ocr_par' dir='ltr' id='par_1_67' title="bbox 2058 3276 3695 3347">
     <span class='ocr_line' id='line_1_67' title="bbox 2058 3276 3695 3347; baseline -0.002 -15"><span class='ocrx_word' id='word_1_455' title='bbox 2058 3294 2200 3346; x_wconf 77' lang='lat' dir='ltr'>sum,</span> <span class='ocrx_word' id='word_1_456' title='bbox 2225 3277 2282 3332; x_wconf 93' lang='lat' dir='ltr'>in</span> <span class='ocrx_word' id='word_1_457' title='bbox 2317 3277 2502 3332; x_wconf 87' lang='lat' dir='ltr'>altum</span> <span class='ocrx_word' id='word_1_458' title='bbox 2535 3280 2796 3331; x_wconf 89' lang='lat' dir='ltr'>evectum</span> <span class='ocrx_word' id='word_1_459' title='bbox 2819 3277 2885 3347; x_wconf 75' lang='grc'>⁸⁵,</span> <span class='ocrx_word' id='word_1_460' title='bbox 2905 3276 3400 3347; x_wconf 90' lang='lat' dir='ltr'>quemadmodum</span> <span class='ocrx_word' id='word_1_461' title='bbox 3425 3291 3485 3329; x_wconf 90' lang='lat' dir='ltr'>se</span> <span class='ocrx_word' id='word_1_462' title='bbox 3518 3276 3695 3330; x_wconf 88' lang='lat' dir='ltr'>factu-</span> 
     </span>
    </p>
   </div>
   <div class='ocr_carea' id='block_1_68' title="bbox 285 3366 1937 3441">
    <p class='ocr_par' dir='ltr' id='par_1_68' title="bbox 285 3366 1934 3441">
     <span class='ocr_line' id='line_1_68' title="bbox 285 3366 1934 3441; baseline 0 -20"><span class='ocrx_word' id='word_1_463' title='bbox 285 3369 532 3441; x_wconf 79' lang='grc' dir='ltr'>καθαρῶς</span> <span class='ocrx_word' id='word_1_464' title='bbox 562 3368 673 3439; x_wconf 84' lang='grc'>(74)</span> <span class='ocrx_word' id='word_1_465' title='bbox 702 3370 801 3420; x_wconf 75' lang='grc' dir='ltr'>τοῦ</span> <span class='ocrx_word' id='word_1_466' title='bbox 830 3367 1181 3436; x_wconf 76' lang='grc' dir='ltr'>ποιήσαντος,</span> <span class='ocrx_word' id='word_1_467' title='bbox 1212 3368 1535 3439; x_wconf 81' lang='grc' dir='ltr'>τιμήσωμεν</span> <span class='ocrx_word' id='word_1_468' title='bbox 1585 3367 1683 3435; x_wconf 77' lang='grc' dir='ltr'>τὴν</span> <span class='ocrx_word' id='word_1_469' title='bbox 1738 3366 1934 3437; x_wconf 77' lang='grc' dir='ltr'>εἰκόνα,</span> 
     </span>
    </p>
   </div>
   <div class='ocr_carea' id='block_1_69' title="bbox 2058 3366 3692 3441">
    <p class='ocr_par' dir='ltr' id='par_1_69' title="bbox 2058 3367 3692 3440">
     <span class='ocr_line' id='line_1_69' title="bbox 2058 3367 3692 3440; baseline -0.002 -16"><span class='ocrx_word' id='word_1_470' title='bbox 2058 3385 2177 3424; x_wconf 70' lang='lat' dir='ltr'>rum</span> <span class='ocrx_word' id='word_1_471' title='bbox 2225 3369 2576 3440; x_wconf 90' lang='lat' dir='ltr'>promiserat</span> <span class='ocrx_word' id='word_1_472' title='bbox 2600 3368 2665 3439; x_wconf 75' lang='grc'>⁸⁸,</span> <span class='ocrx_word' id='word_1_473' title='bbox 2716 3368 3111 3440; x_wconf 75' lang='lat' dir='ltr'>pertrahebat.</span> <span class='ocrx_word' id='word_1_474' title='bbox 3150 3367 3429 3431; x_wconf 89' lang='lat' dir='ltr'>Quocirca</span> <span class='ocrx_word' id='word_1_475' title='bbox 3475 3368 3692 3422; x_wconf 91' lang='lat' dir='ltr'>bonum</span> 
     </span>
    </p>
   </div>
   <div class='ocr_carea' id='block_1_70' title="bbox 286 3452 1937 3530">
    <p class='ocr_par' dir='ltr' id='par_1_70' title="bbox 286 3452 1933 3529">
     <span class='ocr_line' id='line_1_70' title="bbox 286 3452 1933 3529; baseline 0.001 -21"><span class='ocrx_word' id='word_1_476' title='bbox 286 3452 617 3529; x_wconf 79' lang='grc' dir='ltr'>αἶδεσθῶμεν</span> <span class='ocrx_word' id='word_1_477' title='bbox 676 3454 775 3522; x_wconf 84' lang='grc' dir='ltr'>τήν</span> <span class='ocrx_word' id='word_1_478' title='bbox 835 3452 1051 3524; x_wconf 81' lang='grc' dir='ltr'>κλῆσιν,</span> <span class='ocrx_word' id='word_1_479' title='bbox 1106 3456 1460 3528; x_wconf 83' lang='grc' dir='ltr'>μεταθώμεθα</span> <span class='ocrx_word' id='word_1_480' title='bbox 1501 3456 1599 3525; x_wconf 76' lang='grc' dir='ltr'>τὴν</span> <span class='ocrx_word' id='word_1_481' title='bbox 1650 3457 1814 3526; x_wconf 82' lang='grc' dir='ltr'>ζωήν.</span> <span class='ocrx_word' id='word_1_482' title='bbox 1873 3456 1933 3510; x_wconf 91' lang='grc' dir='ltr'>Τί</span> 
     </span>
    </p>
   </div>
   <div class='ocr_carea' id='block_1_71' title="bbox 2058 3452 3696 3530">
    <p class='ocr_par' dir='ltr' id='par_1_71' title="bbox 2058 3457 3696 3530">
     <span class='ocr_line' id='line_1_71' title="bbox 2058 3457 3696 3530; baseline -0.002 -17"><span class='ocrx_word' id='word_1_483' title='bbox 2058 3458 2360 3515; x_wconf 91' lang='lat' dir='ltr'>Dominum</span> <span class='ocrx_word' id='word_1_484' title='bbox 2411 3474 2764 3529; x_wconf 80' lang='lat' dir='ltr'>sequamur;</span> <span class='ocrx_word' id='word_1_485' title='bbox 2810 3457 3109 3530; x_wconf 81' lang='lat' dir='ltr'>fugiamus</span> <span class='ocrx_word' id='word_1_486' title='bbox 3156 3463 3417 3511; x_wconf 87' lang='lat' dir='ltr'>terrenas</span> <span class='ocrx_word' id='word_1_487' title='bbox 3470 3457 3696 3527; x_wconf 91' lang='lat' dir='ltr'>cupidi-</span> 
     </span>
    </p>
   </div>
   <div class='ocr_carea' id='block_1_72' title="bbox 289 3543 1937 3621">
    <p class='ocr_par' dir='ltr' id='par_1_72' title="bbox 289 3543 1932 3621">
     <span class='ocr_line' id='line_1_72' title="bbox 289 3543 1932 3621; baseline 0.002 -23"><span class='ocrx_word' id='word_1_488' title='bbox 289 3549 552 3617; x_wconf 74' lang='grc' dir='ltr'>ποιοῦμεν</span> <span class='ocrx_word' id='word_1_489' title='bbox 602 3547 750 3618; x_wconf 76' lang='grc' dir='ltr'>ἡμᾶς</span> <span class='ocrx_word' id='word_1_490' title='bbox 796 3543 993 3605; x_wconf 78' lang='grc' dir='ltr'>αὐτοὺς</span> <span class='ocrx_word' id='word_1_491' title='bbox 1034 3544 1343 3616; x_wconf 82' lang='grc' dir='ltr'>ταπεινοὺς,</span> <span class='ocrx_word' id='word_1_492' title='bbox 1376 3544 1579 3619; x_wconf 80' lang='grc' dir='ltr'>ὑψηλοὶ</span> <span class='ocrx_word' id='word_1_493' title='bbox 1610 3544 1932 3621; x_wconf 88' lang='grc' dir='ltr'>γεγονότες;</span> 
     </span>
    </p>
   </div>
   <div class='ocr_carea' id='block_1_73' title="bbox 2058 3543 3694 3621">
    <p class='ocr_par' dir='ltr' id='par_1_73' title="bbox 2058 3545 3694 3620">
     <span class='ocr_line' id='line_1_73' title="bbox 2058 3545 3694 3620; baseline -0.003 -17"><span class='ocrx_word' id='word_1_494' title='bbox 2058 3553 2214 3617; x_wconf 73' lang='lat' dir='ltr'>:ates,</span> <span class='ocrx_word' id='word_1_495' title='bbox 2265 3548 2559 3620; x_wconf 84' lang='lat' dir='ltr'>fugiamus</span> <span class='ocrx_word' id='word_1_496' title='bbox 2608 3546 2987 3617; x_wconf 88' lang='lat' dir='ltr'>impostorem</span> <span class='ocrx_word' id='word_1_497' title='bbox 3038 3545 3346 3614; x_wconf 90' lang='lat' dir='ltr'>mundum,</span> <span class='ocrx_word' id='word_1_498' title='bbox 3386 3550 3442 3599; x_wconf 91' lang='lat' dir='ltr'>et</span> <span class='ocrx_word' id='word_1_499' title='bbox 3490 3545 3694 3599; x_wconf 87' lang='lat' dir='ltr'>mundi</span> 
     </span>
    </p>
   </div>
   <div class='ocr_carea' id='block_1_74' title="bbox 286 3632 1937 3711">
    <p class='ocr_par' dir='ltr' id='par_1_74' title="bbox 286 3632 1471 3711">
     <span class='ocr_line' id='line_1_74' title="bbox 286 3632 1471 3711; baseline 0.006 -25"><span class='ocrx_word' id='word_1_500' title='bbox 286 3632 346 3687; x_wconf 89' lang='grc' dir='ltr'>Τί</span> <span class='ocrx_word' id='word_1_501' title='bbox 376 3639 491 3696; x_wconf 86' lang='grc' dir='ltr'>τοῖς</span> <span class='ocrx_word' id='word_1_502' title='bbox 522 3634 825 3710; x_wconf 71' lang='grc' dir='ltr'>ὁρωμένοις</span> <span class='ocrx_word' id='word_1_503' title='bbox 857 3633 1287 3711; x_wconf 51' lang='grc' dir='ltr'>ἐγκαταμὼομεν</span> <span class='ocrx_word' id='word_1_504' title='bbox 1321 3637 1471 3707; x_wconf 84' lang='grc'>(75);</span> 
     </span>
    </p>
   </div>
   <div class='ocr_carea' id='block_1_75' title="bbox 2058 3632 3693 3711">
    <p class='ocr_par' dir='ltr' id='par_1_75' title="bbox 2058 3632 3693 3709">
     <span class='ocr_line' id='line_1_75' title="bbox 2058 3632 3693 3709; baseline -0.002 -18"><span class='ocrx_word' id='word_1_505' title='bbox 2058 3637 2392 3709; x_wconf 83' lang='lat' dir='ltr'>principem,</span> <span class='ocrx_word' id='word_1_506' title='bbox 2426 3654 2574 3709; x_wconf 88' lang='lat' dir='ltr'>pura</span> <span class='ocrx_word' id='word_1_507' title='bbox 2625 3640 2819 3691; x_wconf 89' lang='lat' dir='ltr'>mente</span> <span class='ocrx_word' id='word_1_508' title='bbox 2868 3634 3124 3691; x_wconf 86' lang='lat' dir='ltr'>Creatori</span> <span class='ocrx_word' id='word_1_509' title='bbox 3172 3650 3279 3689; x_wconf 90' lang='lat' dir='ltr'>nos</span> <span class='ocrx_word' id='word_1_510' title='bbox 3329 3632 3693 3703; x_wconf 84' lang='lat' dir='ltr'>addicamus,</span> 
     </span>
    </p>
   </div>
   <div class='ocr_carea' id='block_1_76' title="bbox 289 3722 3694 3799">
    <p class='ocr_par' dir='ltr' id='par_1_76' title="bbox 289 3722 3694 3799">
     <span class='ocr_line' id='line_1_76' title="bbox 289 3722 3694 3799; baseline -0 -21"><span class='ocrx_word' id='word_1_511' title='bbox 289 3724 544 3780; x_wconf 87' lang='lat' dir='ltr'>divinam</span> <span class='ocrx_word' id='word_1_512' title='bbox 577 3726 893 3798; x_wconf 87' lang='lat' dir='ltr'>imaginem</span> <span class='ocrx_word' id='word_1_513' title='bbox 924 3725 1143 3781; x_wconf 87' lang='lat' dir='ltr'>honore</span> <span class='ocrx_word' id='word_1_514' title='bbox 1170 3724 1652 3797; x_wconf 88' lang='lat' dir='ltr'>complectamur,</span> <span class='ocrx_word' id='word_1_515' title='bbox 1683 3727 2045 3782; x_wconf 90' lang='lat' dir='ltr'>vocationem</span> <span class='ocrx_word' id='word_1_516' title='bbox 2091 3732 2349 3782; x_wconf 88' lang='lat' dir='ltr'>nostram</span> <span class='ocrx_word' id='word_1_517' title='bbox 2390 3742 2779 3799; x_wconf 81' lang='lat' dir='ltr'>revereamur,</span> <span class='ocrx_word' id='word_1_518' title='bbox 2812 3726 2991 3780; x_wconf 87' lang='lat' dir='ltr'>vitam</span> <span class='ocrx_word' id='word_1_519' title='bbox 3022 3725 3082 3779; x_wconf 92' lang='lat' dir='ltr'>in</span> <span class='ocrx_word' id='word_1_520' title='bbox 3116 3722 3327 3778; x_wconf 90' lang='lat' dir='ltr'>melius</span> <span class='ocrx_word' id='word_1_521' title='bbox 3374 3729 3694 3777; x_wconf 86' lang='lat' dir='ltr'>commute-</span> 
     </span>
    </p>
   </div>
   <div class='ocr_carea' id='block_1_77' title="bbox 288 3811 3693 3885">
    <p class='ocr_par' dir='ltr' id='par_1_77' title="bbox 288 3811 3693 3885">
     <span class='ocr_line' id='line_1_77' title="bbox 288 3811 3693 3885; baseline -0.001 -18"><span class='ocrx_word' id='word_1_522' title='bbox 288 3829 441 3868; x_wconf 88' lang='lat' dir='ltr'>mus.</span> <span class='ocrx_word' id='word_1_523' title='bbox 467 3813 613 3879; x_wconf 90' lang='lat' dir='ltr'>Quid</span> <span class='ocrx_word' id='word_1_524' title='bbox 647 3814 1039 3885; x_wconf 86' lang='lat' dir='ltr'>nosmetipsos</span> <span class='ocrx_word' id='word_1_525' title='bbox 1070 3819 1277 3885; x_wconf 89' lang='lat' dir='ltr'>sponte</span> <span class='ocrx_word' id='word_1_526' title='bbox 1307 3815 1640 3885; x_wconf 89' lang='lat' dir='ltr'>dejicimus,</span> <span class='ocrx_word' id='word_1_527' title='bbox 1663 3832 1791 3871; x_wconf 91' lang='lat' dir='ltr'>cum</span> <span class='ocrx_word' id='word_1_528' title='bbox 1826 3816 2110 3872; x_wconf 89' lang='lat' dir='ltr'>sublimes</span> <span class='ocrx_word' id='word_1_529' title='bbox 2140 3821 2197 3872; x_wconf 90' lang='lat' dir='ltr'>et</span> <span class='ocrx_word' id='word_1_530' title='bbox 2216 3815 2424 3872; x_wconf 82' lang='lat' dir='ltr'>excelsi</span> <span class='ocrx_word' id='word_1_531' title='bbox 2455 3814 2630 3870; x_wconf 89' lang='lat' dir='ltr'>creati</span> <span class='ocrx_word' id='word_1_532' title='bbox 2653 3814 2884 3870; x_wconf 83' lang='lat' dir='ltr'>simus?</span> <span class='ocrx_word' id='word_1_533' title='bbox 2914 3813 3061 3879; x_wconf 89' lang='lat' dir='ltr'>Quid</span> <span class='ocrx_word' id='word_1_534' title='bbox 3092 3813 3268 3868; x_wconf 89' lang='lat' dir='ltr'>rebus</span> <span class='ocrx_word' id='word_1_535' title='bbox 3300 3811 3359 3866; x_wconf 92' lang='lat' dir='ltr'>in</span> <span class='ocrx_word' id='word_1_536' title='bbox 3391 3815 3693 3881; x_wconf 82' lang='lat' dir='ltr'>aspectum</span> 
     </span>
    </p>
   </div>
   <div class='ocr_carea' id='block_1_78' title="bbox 283 3902 1063 3957">
    <p class='ocr_par' dir='ltr' id='par_1_78' title="bbox 283 3902 1063 3957">
     <span class='ocr_line' id='line_1_78' title="bbox 283 3902 1063 3957; baseline -0.003 0"><span class='ocrx_word' id='word_1_537' title='bbox 283 3902 631 3957; x_wconf 90' lang='lat' dir='ltr'>cadentibus</span> <span class='ocrx_word' id='word_1_538' title='bbox 660 3902 1017 3957; x_wconf 64' lang='lat' dir='ltr'>inhaeremus</span> <span class='ocrx_word' id='word_1_539' title='bbox 1035 3903 1063 3955; x_wconf 82' lang='lat'>‘?</span> 
     </span>
    </p>
   </div>
   <div class='ocr_carea' id='block_1_79' title="bbox 355 3987 1932 4065">
    <p class='ocr_par' dir='ltr' id='par_1_79' title="bbox 355 3987 1932 4065">
     <span class='ocr_line' id='line_1_79' title="bbox 355 3987 1932 4065; baseline 0.003 -24"><span class='ocrx_word' id='word_1_540' title='bbox 355 3990 422 4043; x_wconf 95' lang='grc' dir='ltr'>Ζ’.</span> <span class='ocrx_word' id='word_1_541' title='bbox 456 3990 739 4057; x_wconf 82' lang='grc' dir='ltr'>Ἕκαστος,</span> <span class='ocrx_word' id='word_1_542' title='bbox 772 3988 801 4043; x_wconf 80' lang='grc' dir='ltr'>ὅ</span> <span class='ocrx_word' id='word_1_543' title='bbox 828 4010 881 4043; x_wconf 90' lang='grc' dir='ltr'>τι</span> <span class='ocrx_word' id='word_1_544' title='bbox 913 3988 973 4042; x_wconf 79' lang='grc' dir='ltr'>ἂν</span> <span class='ocrx_word' id='word_1_545' title='bbox 1007 3987 1123 4051; x_wconf 85' lang='grc' dir='ltr'>οἶός</span> <span class='ocrx_word' id='word_1_546' title='bbox 1151 4010 1209 4044; x_wconf 88' lang='grc' dir='ltr'>τε</span> <span class='ocrx_word' id='word_1_547' title='bbox 1251 3988 1306 4063; x_wconf 73' lang='grc' dir='ltr'>ᾗ,</span> <span class='ocrx_word' id='word_1_548' title='bbox 1360 3988 1772 4065; x_wconf 80' lang='grc' dir='ltr'>καρποφορείτω</span> <span class='ocrx_word' id='word_1_549' title='bbox 1822 3992 1932 4062; x_wconf 87' lang='grc'>(76)</span> 
     </span>
    </p>
   </div>
   <div class='ocr_carea' id='block_1_80' title="bbox 280 4074 1932 4153">
    <p class='ocr_par' dir='ltr' id='par_1_80' title="bbox 280 4074 1932 4153">
     <span class='ocr_line' id='line_1_80' title="bbox 280 4074 1932 4153; baseline 0.001 -22"><span class='ocrx_word' id='word_1_550' title='bbox 280 4077 362 4148; x_wconf 79' lang='grc' dir='ltr'>τῷ</span> <span class='ocrx_word' id='word_1_551' title='bbox 393 4081 507 4149; x_wconf 84' lang='grc' dir='ltr'>Θεῷ</span> <span class='ocrx_word' id='word_1_552' title='bbox 537 4076 587 4131; x_wconf 73' lang='grc' dir='ltr'>ἐν</span> <span class='ocrx_word' id='word_1_553' title='bbox 616 4077 813 4153; x_wconf 88' lang='grc' dir='ltr'>καιρῷ,</span> <span class='ocrx_word' id='word_1_554' title='bbox 862 4078 1043 4147; x_wconf 84' lang='grc' dir='ltr'>παντὶ,</span> <span class='ocrx_word' id='word_1_555' title='bbox 1083 4077 1170 4131; x_wconf 84' lang='grc' dir='ltr'>καὶ</span> <span class='ocrx_word' id='word_1_556' title='bbox 1214 4074 1329 4149; x_wconf 75' lang='grc' dir='ltr'>ἰδέᾳ</span> <span class='ocrx_word' id='word_1_557' title='bbox 1359 4079 1501 4151; x_wconf 81' lang='grc' dir='ltr'>πάσῃ</span> <span class='ocrx_word' id='word_1_558' title='bbox 1531 4076 1621 4133; x_wconf 84' lang='lat' dir='ltr'>xui</span> <span class='ocrx_word' id='word_1_559' title='bbox 1654 4077 1787 4153; x_wconf 90' lang='grc' dir='ltr'>βίων</span> <span class='ocrx_word' id='word_1_560' title='bbox 1818 4080 1932 4151; x_wconf 88' lang='grc'>(77)</span> 
     </span>
    </p>
   </div>
   <div class='ocr_carea' id='block_1_81' title="bbox 284 4164 1934 4242">
    <p class='ocr_par' dir='ltr' id='par_1_81' title="bbox 284 4164 1934 4242">
     <span class='ocr_line' id='line_1_81' title="bbox 284 4164 1934 4242; baseline 0.001 -23"><span class='ocrx_word' id='word_1_561' title='bbox 284 4165 374 4219; x_wconf 85' lang='grc' dir='ltr'>καὶ</span> <span class='ocrx_word' id='word_1_562' title='bbox 406 4167 797 4241; x_wconf 88' lang='grc' dir='ltr'>περιστάσεων,</span> <span class='ocrx_word' id='word_1_563' title='bbox 828 4166 963 4221; x_wconf 71' lang='grc' dir='ltr'>κατὰ</span> <span class='ocrx_word' id='word_1_564' title='bbox 1008 4166 1070 4221; x_wconf 87' lang='grc' dir='ltr'>τὸ</span> <span class='ocrx_word' id='word_1_565' title='bbox 1106 4164 1300 4242; x_wconf 70' lang='grc' dir='ltr'>μέτρον</span> <span class='ocrx_word' id='word_1_566' title='bbox 1327 4174 1426 4237; x_wconf 81' lang='grc' dir='ltr'>τῆς</span> <span class='ocrx_word' id='word_1_567' title='bbox 1455 4166 1755 4241; x_wconf 85' lang='grc' dir='ltr'>παρούσης,</span> <span class='ocrx_word' id='word_1_568' title='bbox 1787 4166 1934 4240; x_wconf 85' lang='grc' dir='ltr'>αύτῷ</span> 
     </span>
    </p>
   </div>
   <div class='ocr_carea' id='block_1_82' title="bbox 285 4251 1930 4331">
    <p class='ocr_par' dir='ltr' id='par_1_82' title="bbox 285 4251 1930 4331">
     <span class='ocr_line' id='line_1_82' title="bbox 285 4251 1930 4331; baseline 0.002 -23"><span class='ocrx_word' id='word_1_569' title='bbox 285 4251 581 4328; x_wconf 83' lang='grc' dir='ltr'>δυνάμεως,</span> <span class='ocrx_word' id='word_1_570' title='bbox 630 4255 767 4309; x_wconf 76' lang='grc' dir='ltr'>κατὰ</span> <span class='ocrx_word' id='word_1_571' title='bbox 811 4257 874 4309; x_wconf 90' lang='grc' dir='ltr'>τὸ</span> <span class='ocrx_word' id='word_1_572' title='bbox 932 4252 1083 4319; x_wconf 72' lang='grc' dir='ltr'>δοθὲν</span> <span class='ocrx_word' id='word_1_573' title='bbox 1131 4256 1277 4328; x_wconf 84' lang='grc' dir='ltr'>αύτῷ</span> <span class='ocrx_word' id='word_1_574' title='bbox 1324 4258 1606 4331; x_wconf 77' lang='grc' dir='ltr'>χάρισμα·</span> <span class='ocrx_word' id='word_1_575' title='bbox 1655 4254 1747 4313; x_wconf 73' lang='grc' dir='ltr'>’ίνα</span> <span class='ocrx_word' id='word_1_576' title='bbox 1802 4263 1930 4311; x_wconf 74' lang='grc' dir='ltr'>πᾶσι</span> 
     </span>
    </p>
   </div>
   <div class='ocr_carea' id='block_1_83' title="bbox 288 4342 1932 4420">
    <p class='ocr_par' dir='ltr' id='par_1_83' title="bbox 288 4342 1932 4420">
     <span class='ocr_line' id='line_1_83' title="bbox 288 4342 1932 4420; baseline 0.001 -23"><span class='ocrx_word' id='word_1_577' title='bbox 288 4342 507 4419; x_wconf 72' lang='grc' dir='ltr'>μίτροις</span> <span class='ocrx_word' id='word_1_578' title='bbox 539 4346 636 4411; x_wconf 74' lang='grc' dir='ltr'>τῆς</span> <span class='ocrx_word' id='word_1_579' title='bbox 669 4344 885 4417; x_wconf 72' lang='grc' dir='ltr'>ἀρετῆς,</span> <span class='ocrx_word' id='word_1_580' title='bbox 934 4344 1105 4405; x_wconf 88' lang='grc' dir='ltr'>πάσας</span> <span class='ocrx_word' id='word_1_581' title='bbox 1152 4344 1245 4406; x_wconf 75' lang='grc' dir='ltr'>τὰς</span> <span class='ocrx_word' id='word_1_582' title='bbox 1279 4344 1476 4408; x_wconf 78' lang='grc' dir='ltr'>ἐκεῖθεν</span> <span class='ocrx_word' id='word_1_583' title='bbox 1515 4345 1680 4418; x_wconf 78' lang='grc' dir='ltr'>μονὰς</span> <span class='ocrx_word' id='word_1_584' title='bbox 1706 4344 1932 4420; x_wconf 87' lang='grc' dir='ltr'>κληρώ-</span> 
     </span>
    </p>
   </div>
   <div class='ocr_carea' id='block_1_84' title="bbox 283 4432 1931 4509">
    <p class='ocr_par' dir='ltr' id='par_1_84' title="bbox 283 4432 1931 4509">
     <span class='ocr_line' id='line_1_84' title="bbox 283 4432 1931 4509; baseline 0.002 -23"><span class='ocrx_word' id='word_1_585' title='bbox 283 4452 485 4504; x_wconf 88' lang='grc' dir='ltr'>σωμεν,</span> <span class='ocrx_word' id='word_1_586' title='bbox 535 4436 793 4487; x_wconf 80' lang='grc' dir='ltr'>τοσοῦτον</span> <span class='ocrx_word' id='word_1_587' title='bbox 844 4432 1143 4507; x_wconf 85' lang='grc' dir='ltr'>θερίσαντες</span> <span class='ocrx_word' id='word_1_588' title='bbox 1204 4435 1339 4506; x_wconf 88' lang='grc'>(78),</span> <span class='ocrx_word' id='word_1_589' title='bbox 1406 4432 1528 4489; x_wconf 75' lang='grc' dir='ltr'>ὅσον</span> <span class='ocrx_word' id='word_1_590' title='bbox 1588 4434 1931 4509; x_wconf 74' lang='grc' dir='ltr'>ἑσπείραμεν,</span> 
     </span>
    </p>
   </div>
   <div class='ocr_carea' id='block_1_85' title="bbox 2116 3988 3691 4064">
    <p class='ocr_par' dir='ltr' id='par_1_85' title="bbox 2116 3988 3691 4064">
     <span class='ocr_line' id='line_1_85' title="bbox 2116 3988 3691 4064; baseline -0.002 -20"><span class='ocrx_word' id='word_1_591' title='bbox 2116 3992 2240 4047; x_wconf 89' lang='lat' dir='ltr'>VII.</span> <span class='ocrx_word' id='word_1_592' title='bbox 2298 3992 2713 4064; x_wconf 89' lang='lat' dir='ltr'>Unusquisque</span> <span class='ocrx_word' id='word_1_593' title='bbox 2768 3990 2907 4061; x_wconf 90' lang='lat' dir='ltr'>Deo,</span> <span class='ocrx_word' id='word_1_594' title='bbox 2965 3989 3117 4060; x_wconf 91' lang='lat' dir='ltr'>quod</span> <span class='ocrx_word' id='word_1_595' title='bbox 3181 3988 3409 4059; x_wconf 80' lang='lat' dir='ltr'>poterit,</span> <span class='ocrx_word' id='word_1_596' title='bbox 3468 3988 3691 4057; x_wconf 76' lang='lat' dir='ltr'>offerat,</span> 
     </span>
    </p>
   </div>
   <div class='ocr_carea' id='block_1_86' title="bbox 2044 4077 3691 4152">
    <p class='ocr_par' dir='ltr' id='par_1_86' title="bbox 2044 4077 3691 4152">
     <span class='ocr_line' id='line_1_86' title="bbox 2044 4077 3691 4152; baseline -0.002 -18"><span class='ocrx_word' id='word_1_597' title='bbox 2044 4080 2250 4152; x_wconf 86' lang='lat' dir='ltr'>quovis</span> <span class='ocrx_word' id='word_1_598' title='bbox 2300 4084 2586 4151; x_wconf 91' lang='lat' dir='ltr'>tempore,</span> <span class='ocrx_word' id='word_1_599' title='bbox 2612 4079 2818 4150; x_wconf 90' lang='lat' dir='ltr'>quovis</span> <span class='ocrx_word' id='word_1_600' title='bbox 2869 4094 3077 4151; x_wconf 90' lang='lat' dir='ltr'>genere</span> <span class='ocrx_word' id='word_1_601' title='bbox 3125 4077 3253 4132; x_wconf 76' lang='lat' dir='ltr'>vitae</span> <span class='ocrx_word' id='word_1_602' title='bbox 3314 4080 3370 4131; x_wconf 92' lang='lat' dir='ltr'>et</span> <span class='ocrx_word' id='word_1_603' title='bbox 3428 4077 3691 4144; x_wconf 64' lang='lat' dir='ltr'>fortunis,</span> 
     </span>
    </p>
   </div>
   <div class='ocr_carea' id='block_1_87' title="bbox 2042 4165 3692 4241">
    <p class='ocr_par' dir='ltr' id='par_1_87' title="bbox 2042 4165 3692 4241">
     <span class='ocr_line' id='line_1_87' title="bbox 2042 4165 3692 4241; baseline -0.004 -17"><span class='ocrx_word' id='word_1_604' title='bbox 2042 4186 2146 4241; x_wconf 89' lang='lat' dir='ltr'>pro</span> <span class='ocrx_word' id='word_1_605' title='bbox 2195 4169 2499 4241; x_wconf 75' lang='lat' dir='ltr'>praesentis</span> <span class='ocrx_word' id='word_1_606' title='bbox 2551 4168 2844 4224; x_wconf 78' lang='lat' dir='ltr'>facultatis</span> <span class='ocrx_word' id='word_1_607' title='bbox 2896 4166 3156 4236; x_wconf 91' lang='lat' dir='ltr'>modulo,</span> <span class='ocrx_word' id='word_1_608' title='bbox 3191 4184 3293 4237; x_wconf 91' lang='lat' dir='ltr'>pro</span> <span class='ocrx_word' id='word_1_609' title='bbox 3343 4165 3532 4237; x_wconf 86' lang='lat' dir='ltr'>gratia</span> <span class='ocrx_word' id='word_1_610' title='bbox 3578 4166 3692 4220; x_wconf 92' lang='lat' dir='ltr'>sibi</span> 
     </span>
    </p>
   </div>
   <div class='ocr_carea' id='block_1_88' title="bbox 2042 4256 3693 4330">
    <p class='ocr_par' dir='ltr' id='par_1_88' title="bbox 2042 4256 3693 4330">
     <span class='ocr_line' id='line_1_88' title="bbox 2042 4256 3693 4330; baseline -0.003 -17"><span class='ocrx_word' id='word_1_611' title='bbox 2042 4275 2340 4327; x_wconf 85' lang='lat' dir='ltr'>concessa,</span> <span class='ocrx_word' id='word_1_612' title='bbox 2364 4263 2446 4327; x_wconf 91' lang='lat' dir='ltr'>ut,</span> <span class='ocrx_word' id='word_1_613' title='bbox 2469 4274 2570 4330; x_wconf 90' lang='lat' dir='ltr'>per</span> <span class='ocrx_word' id='word_1_614' title='bbox 2600 4274 2804 4313; x_wconf 90' lang='lat' dir='ltr'>omnes</span> <span class='ocrx_word' id='word_1_615' title='bbox 2831 4256 3062 4313; x_wconf 87' lang='lat' dir='ltr'>virtutis</span> <span class='ocrx_word' id='word_1_616' title='bbox 3092 4256 3319 4325; x_wconf 89' lang='lat' dir='ltr'>modos,</span> <span class='ocrx_word' id='word_1_617' title='bbox 3345 4272 3548 4310; x_wconf 90' lang='lat' dir='ltr'>omnes</span> <span class='ocrx_word' id='word_1_618' title='bbox 3580 4272 3693 4309; x_wconf 76' lang='lat' dir='ltr'>c03-</span> 
     </span>
    </p>
   </div>
   <div class='ocr_carea' id='block_1_89' title="bbox 2040 4343 3695 4420">
    <p class='ocr_par' dir='ltr' id='par_1_89' title="bbox 2040 4343 3695 4420">
     <span class='ocr_line' id='line_1_89' title="bbox 2040 4343 3695 4420; baseline -0.003 -18"><span class='ocrx_word' id='word_1_619' title='bbox 2040 4346 2204 4403; x_wconf 89' lang='lat' dir='ltr'>lestis</span> <span class='ocrx_word' id='word_1_620' title='bbox 2237 4349 2397 4420; x_wconf 89' lang='lat' dir='ltr'>regni</span> <span class='ocrx_word' id='word_1_621' title='bbox 2428 4346 2764 4404; x_wconf 89' lang='lat' dir='ltr'>mansiones</span> <span class='ocrx_word' id='word_1_622' title='bbox 2808 4345 3184 4417; x_wconf 86' lang='lat' dir='ltr'>impleamus,</span> <span class='ocrx_word' id='word_1_623' title='bbox 3218 4348 3441 4399; x_wconf 90' lang='lat' dir='ltr'>tantum</span> <span class='ocrx_word' id='word_1_624' title='bbox 3474 4343 3695 4398; x_wconf 88' lang='lat' dir='ltr'>scilicet</span> 
     </span>
    </p>
   </div>
   <div class='ocr_carea' id='block_1_90' title="bbox 2042 4431 3691 4507">
    <p class='ocr_par' dir='ltr' id='par_1_90' title="bbox 2042 4431 3691 4507">
     <span class='ocr_line' id='line_1_90' title="bbox 2042 4431 3691 4507; baseline -0.004 -14"><span class='ocrx_word' id='word_1_625' title='bbox 2042 4443 2348 4507; x_wconf 78' lang='lat' dir='ltr'>metentes,</span> <span class='ocrx_word' id='word_1_626' title='bbox 2373 4440 2661 4507; x_wconf 88' lang='lat' dir='ltr'>quantum</span> <span class='ocrx_word' id='word_1_627' title='bbox 2702 4436 3053 4499; x_wconf 80' lang='lat' dir='ltr'>severimus;</span> <span class='ocrx_word' id='word_1_628' title='bbox 3087 4433 3174 4488; x_wconf 92' lang='lat' dir='ltr'>vel</span> <span class='ocrx_word' id='word_1_629' title='bbox 3216 4438 3279 4487; x_wconf 90' lang='lat' dir='ltr'>ut</span> <span class='ocrx_word' id='word_1_630' title='bbox 3318 4432 3575 4487; x_wconf 84' lang='lat' dir='ltr'>exactius</span> <span class='ocrx_word' id='word_1_631' title='bbox 3610 4431 3691 4486; x_wconf 92' lang='lat' dir='ltr'>lo-</span> 
     </span>
    </p>
   </div>
   <div class='ocr_carea' id='block_1_91' title="bbox 286 4518 1937 4598">
    <p class='ocr_par' dir='ltr' id='par_1_91' title="bbox 286 4518 1931 4594">
     <span class='ocr_line' id='line_1_91' title="bbox 286 4518 1931 4594; baseline 0.001 -20"><span class='ocrx_word' id='word_1_632' title='bbox 286 4518 500 4592; x_wconf 80' lang='grc' dir='ltr'>μᾶλλον</span> <span class='ocrx_word' id='word_1_633' title='bbox 554 4518 611 4574; x_wconf 70' lang='grc' dir='ltr'>δὲ</span> <span class='ocrx_word' id='word_1_634' title='bbox 655 4525 914 4575; x_wconf 77' lang='grc' dir='ltr'>τοσοῦτον</span> <span class='ocrx_word' id='word_1_635' title='bbox 943 4520 1327 4594; x_wconf 75' lang='grc' dir='ltr'>ἐναποθὲμενοι</span> <span class='ocrx_word' id='word_1_636' title='bbox 1359 4528 1477 4585; x_wconf 81' lang='grc' dir='ltr'>ταῖς</span> <span class='ocrx_word' id='word_1_637' title='bbox 1507 4523 1671 4586; x_wconf 89' lang='grc' dir='ltr'>θείαις</span> <span class='ocrx_word' id='word_1_638' title='bbox 1721 4522 1931 4594; x_wconf 79' lang='grc' dir='ltr'>ληνοῖς,</span> 
     </span>
    </p>
   </div>
   <div class='ocr_carea' id='block_1_92' title="bbox 2058 4518 3691 4598">
    <p class='ocr_par' dir='ltr' id='par_1_92' title="bbox 2058 4520 3691 4598">
     <span class='ocr_line' id='line_1_92' title="bbox 2058 4520 3691 4598; baseline -0.005 -17"><span class='ocrx_word' id='word_1_639' title='bbox 2058 4544 2210 4598; x_wconf 69' lang='grc' dir='ltr'>μιαν,</span> <span class='ocrx_word' id='word_1_640' title='bbox 2234 4530 2463 4581; x_wconf 88' lang='lat' dir='ltr'>tantum</span> <span class='ocrx_word' id='word_1_641' title='bbox 2495 4525 2553 4579; x_wconf 91' lang='lat' dir='ltr'>in</span> <span class='ocrx_word' id='word_1_642' title='bbox 2579 4524 2791 4579; x_wconf 89' lang='lat' dir='ltr'>divinis</span> <span class='ocrx_word' id='word_1_643' title='bbox 2821 4524 3046 4579; x_wconf 89' lang='lat' dir='ltr'>horreis</span> <span class='ocrx_word' id='word_1_644' title='bbox 3078 4520 3439 4577; x_wconf 80' lang='lat' dir='ltr'>reconditum</span> <span class='ocrx_word' id='word_1_645' title='bbox 3471 4521 3691 4574; x_wconf 86' lang='lat' dir='ltr'>haben-</span> 
     </span>
    </p>
   </div>
   <div class='ocr_carea' id='block_1_93' title="bbox 279 4606 1935 4688">
    <p class='ocr_par' dir='ltr' id='par_1_93' title="bbox 279 4606 1935 4688">
     <span class='ocr_line' id='line_1_93' title="bbox 279 4606 1935 4688; baseline 0.013 -27"><span class='ocrx_word' id='word_1_646' title='bbox 279 4606 403 4663; x_wconf 75' lang='grc' dir='ltr'>ὅσον</span> <span class='ocrx_word' id='word_1_647' title='bbox 437 4608 851 4685; x_wconf 70' lang='grc' dir='ltr'>ἑγεωργήσαμεν</span> <span class='ocrx_word' id='word_1_648' title='bbox 898 4612 1030 4683; x_wconf 86' lang='grc'>(79).</span> <span class='ocrx_word' id='word_1_649' title='bbox 1083 4609 1394 4688; x_wconf 75' lang='grc' dir='ltr'>Εῒσφερέτω</span> <span class='ocrx_word' id='word_1_650' title='bbox 1442 4632 1544 4681; x_wconf 78' lang='grc' dir='ltr'>τις,</span> <span class='ocrx_word' id='word_1_651' title='bbox 1596 4612 1624 4667; x_wconf 75' lang='grc' dir='ltr'>δ</span> <span class='ocrx_word' id='word_1_652' title='bbox 1667 4613 1760 4685; x_wconf 75' lang='grc' dir='ltr'>μὶν</span> <span class='ocrx_word' id='word_1_653' title='bbox 1794 4614 1935 4687; x_wconf 75' lang='grc' dir='ltr'>χρή·</span> 
     </span>
    </p>
   </div>
   <div class='ocr_carea' id='block_1_94' title="bbox 352 4736 1429 4810">
    <p class='ocr_par' dir='ltr' id='par_1_94' title="bbox 352 4736 1429 4810">
     <span class='ocr_line' id='line_1_94' title="bbox 352 4736 1429 4810; baseline 0.002 -18"><span class='ocrx_word' id='word_1_654' title='bbox 352 4738 397 4772; x_wconf 81' lang='grc'>⁸⁸</span> <span class='ocrx_word' id='word_1_655' title='bbox 424 4738 591 4793; x_wconf 88' lang='lat' dir='ltr'>Joan.</span> <span class='ocrx_word' id='word_1_656' title='bbox 624 4753 739 4804; x_wconf 70' lang='lat' dir='ltr'>xxv,</span> <span class='ocrx_word' id='word_1_657' title='bbox 772 4736 860 4793; x_wconf 93' lang='grc'>31.</span> <span class='ocrx_word' id='word_1_658' title='bbox 937 4737 982 4772; x_wconf 76' lang='grc'>⁸⁸</span> <span class='ocrx_word' id='word_1_659' title='bbox 1010 4738 1175 4795; x_wconf 88' lang='lat' dir='ltr'>Joan.</span> <span class='ocrx_word' id='word_1_660' title='bbox 1207 4756 1311 4810; x_wconf 81' lang='lat' dir='ltr'>xu,</span> <span class='ocrx_word' id='word_1_661' title='bbox 1342 4739 1429 4796; x_wconf 88' lang='lat'>32.</span> 
     </span>
    </p>
   </div>
   <div class='ocr_carea' id='block_1_95' title="bbox 351 4859 993 4929">
    <p class='ocr_par' dir='ltr' id='par_1_95' title="bbox 351 4859 993 4929">
     <span class='ocr_line' id='line_1_95' title="bbox 351 4859 993 4929; baseline -0.003 -13"><span class='ocrx_word' id='word_1_662' title='bbox 351 4863 461 4929; x_wconf 87' lang='lat'>(66)</span> <span class='ocrx_word' id='word_1_663' title='bbox 490 4859 635 4914; x_wconf 88' lang='grc' dir='ltr'>Τίνα.</span> <span class='ocrx_word' id='word_1_664' title='bbox 670 4861 808 4929; x_wconf 83' lang='lat' dir='ltr'>Reg.</span> <span class='ocrx_word' id='word_1_665' title='bbox 838 4878 889 4927; x_wconf 91' lang='lat' dir='ltr'>c,</span> <span class='ocrx_word' id='word_1_666' title='bbox 920 4860 993 4915; x_wconf 89' lang='grc' dir='ltr'>τί.</span> 
     </span>
    </p>
   </div>
   <div class='ocr_carea' id='block_1_96' title="bbox 371 4932 1751 5007">
    <p class='ocr_par' dir='ltr' id='par_1_96' title="bbox 371 4932 1751 5007">
     <span class='ocr_line' id='line_1_96' title="bbox 371 4932 1751 5007; baseline 0.003 -21"><span class='ocrx_word' id='word_1_667' title='bbox 371 4932 461 5007; x_wconf 66' lang='grc' dir='ltr'>ῥῖ)</span> <span class='ocrx_word' id='word_1_668' title='bbox 492 4932 857 5007; x_wconf 33' lang='lat' dir='ltr'>fﬂqSicduo</span> <span class='ocrx_word' id='word_1_669' title='bbox 892 4934 1185 5007; x_wconf 38' lang='lat' dir='ltr'>Regglet</span> <span class='ocrx_word' id='word_1_670' title='bbox 1212 4935 1417 5007; x_wconf 67' lang='lat' dir='ltr'>Comb1</span> <span class='ocrx_word' id='word_1_671' title='bbox 1446 4936 1510 4989; x_wconf 85' lang='lat' dir='ltr'>In</span> <span class='ocrx_word' id='word_1_672' title='bbox 1547 4935 1663 5007; x_wconf 83' lang='lat' dir='ltr'>ed.,</span> <span class='ocrx_word' id='word_1_673' title='bbox 1694 4932 1751 5007; x_wconf 76' lang='grc' dir='ltr'>ᾗ.</span> 
     </span>
    </p>
   </div>
   <div class='ocr_carea' id='block_1_97' title="bbox 370 4999 1741 5129">
    <p class='ocr_par' dir='ltr' id='par_1_97' title="bbox 370 4999 1741 5129">
     <span class='ocr_line' id='line_1_97' title="bbox 370 4999 1741 5129; baseline 0.004 -71"><span class='ocrx_word' id='word_1_674' title='bbox 370 4999 461 5129; x_wconf 74' lang='grc'>68)</span> <span class='ocrx_word' id='word_1_675' title='bbox 489 4999 739 5093; x_wconf 53' lang='grc' dir='ltr'>ςΑνδριού</span> <span class='ocrx_word' id='word_1_676' title='bbox 792 5004 898 5059; x_wconf 87' lang='grc' dir='ltr'>εθα,</span> <span class='ocrx_word' id='word_1_677' title='bbox 934 4999 1058 5060; x_wconf 56' lang='lat' dir='ltr'>ob?)</span> <span class='ocrx_word' id='word_1_678' title='bbox 1082 4999 1212 5076; x_wconf 81' lang='lat' dir='ltr'>Reg</span> <span class='ocrx_word' id='word_1_679' title='bbox 1259 5046 1295 5073; x_wconf 89' lang='lat'>.,</span> <span class='ocrx_word' id='word_1_680' title='bbox 1322 4999 1741 5089; x_wconf 53' lang='grc' dir='ltr'>ἐνδρειούμεθᾲ.</span> 
     </span>
     <span class='ocr_line' id='line_1_98' title="bbox 370 5022 1713 5129; baseline 0.001 -1"><span class='ocrx_word' id='word_1_681' title='bbox 370 5076 439 5128; x_wconf 85' lang='grc'>69</span> <span class='ocrx_word' id='word_1_682' title='bbox 510 5078 696 5129; x_wconf 77' lang='grc' dir='ltr'>Δκμτι.</span> <span class='ocrx_word' id='word_1_683' title='bbox 748 5024 873 5129; x_wconf 57' lang='lat' dir='ltr'>Suo</span> <span class='ocrx_word' id='word_1_684' title='bbox 922 5080 1085 5129; x_wconf 66' lang='lat' dir='ltr'>Reg&quot;.</span> <span class='ocrx_word' id='word_1_685' title='bbox 1117 5074 1167 5129; x_wconf 73' lang='grc' dir='ltr'>ἰν</span> <span class='ocrx_word' id='word_1_686' title='bbox 1202 5022 1371 5129; x_wconf 56' lang='grc' dir='ltr'>ἕκητι.</span> <span class='ocrx_word' id='word_1_687' title='bbox 1401 5100 1429 5128; x_wconf 91' lang='grc'>‹‹</span> <span class='ocrx_word' id='word_1_688' title='bbox 1464 5077 1713 5129; x_wconf 78' lang='lat' dir='ltr'>Periculi</span> 
     </span>
    </p>
   </div>
   <div class='ocr_carea' id='block_1_98' title="bbox 369 5074 1928 5147">
    <p class='ocr_par' dir='ltr' id='par_1_98' title="bbox 369 5074 1928 5147">
     <span class='ocr_line' id='line_1_99' title="bbox 369 5074 1928 5147; baseline 0.003 -19"><span class='ocrx_word' id='word_1_689' title='bbox 369 5074 460 5146; x_wconf 85' lang='lat'>69)</span> <span class='ocrx_word' id='word_1_690' title='bbox 492 5074 696 5147; x_wconf 81' lang='grc' dir='ltr'>’Δκμῇ.</span> <span class='ocrx_word' id='word_1_691' title='bbox 724 5074 873 5147; x_wconf 17' lang='lat' dir='ltr'>,Duo</span> <span class='ocrx_word' id='word_1_692' title='bbox 922 5080 1085 5147; x_wconf 84' lang='lat' dir='ltr'>Reg-,</span> <span class='ocrx_word' id='word_1_693' title='bbox 1117 5074 1167 5130; x_wconf 69' lang='grc' dir='ltr'>ἰν</span> <span class='ocrx_word' id='word_1_694' title='bbox 1181 5074 1371 5147; x_wconf 52' lang='grc' dir='ltr'>’ἆκμῇλ</span> <span class='ocrx_word' id='word_1_695' title='bbox 1401 5074 1437 5128; x_wconf 59' lang='grc'>‹‹’</span> <span class='ocrx_word' id='word_1_696' title='bbox 1464 5074 1713 5133; x_wconf 83' lang='lat' dir='ltr'>Periculi</span> <span class='ocrx_word' id='word_1_697' title='bbox 1762 5078 1928 5133; x_wconf 87' lang='lat' dir='ltr'>ﬂam-</span> 
     </span>
    </p>
   </div>
   <div class='ocr_carea' id='block_1_99' title="bbox 444 4864 461 5146">
    <p class='ocr_par' dir='ltr' id='par_1_99' title="bbox 444 4864 461 5146">
     <span class='ocr_line' id='line_1_100' title="bbox 444 4864 461 5146; baseline 0 0"><span class='ocrx_word' id='word_1_698' title='bbox 444 4864 461 5146; x_wconf 68' lang='grc' dir='ltr'>ἒ</span> 
     </span>
    </p>
   </div>
   <div class='ocr_carea' id='block_1_100' title="bbox 348 4933 367 5145">
    <p class='ocr_par' dir='ltr' id='par_1_100' title="bbox 348 4933 367 5145">
     <span class='ocr_line' id='line_1_101' title="bbox 348 4933 367 5145; baseline 0 0"><span class='ocrx_word' id='word_1_699' title='bbox 348 4933 367 5145; x_wconf 70' lang='grc' dir='ltr'><em>ἓ</em></span> 
     </span>
    </p>
   </div>
   <div class='ocr_carea' id='block_1_101' title="bbox 2042 4608 3693 4683">
    <p class='ocr_par' dir='ltr' id='par_1_101' title="bbox 2042 4608 3693 4683">
     <span class='ocr_line' id='line_1_102' title="bbox 2042 4608 3693 4683; baseline -0.005 -14"><span class='ocrx_word' id='word_1_700' title='bbox 2042 4618 2150 4680; x_wconf 87' lang='lat' dir='ltr'>tes,</span> <span class='ocrx_word' id='word_1_701' title='bbox 2184 4618 2475 4683; x_wconf 90' lang='lat' dir='ltr'>quantum</span> <span class='ocrx_word' id='word_1_702' title='bbox 2514 4611 2958 4667; x_wconf 88' lang='lat' dir='ltr'>messuerimus.</span> <span class='ocrx_word' id='word_1_703' title='bbox 2992 4609 3263 4665; x_wconf 79' lang='lat' dir='ltr'>Conferat</span> <span class='ocrx_word' id='word_1_704' title='bbox 3302 4608 3564 4679; x_wconf 90' lang='lat' dir='ltr'>quidem,</span> <span class='ocrx_word' id='word_1_705' title='bbox 3599 4608 3693 4662; x_wconf 92' lang='lat' dir='ltr'>hie</span> 
     </span>
    </p>
   </div>
   <div class='ocr_carea' id='block_1_102' title="bbox 2111 4858 3139 4937">
    <p class='ocr_par' dir='ltr' id='par_1_102' title="bbox 2111 4858 3139 4937">
     <span class='ocr_line' id='line_1_103' title="bbox 2111 4858 3139 4937; baseline -0.001 -21"><span class='ocrx_word' id='word_1_706' title='bbox 2111 4863 2222 4937; x_wconf 72' lang='lat'>(&#39;72)</span> <span class='ocrx_word' id='word_1_707' title='bbox 2254 4860 2573 4937; x_wconf 78' lang='grc' dir='ltr'>Ἐγείρεσθε.</span> <span class='ocrx_word' id='word_1_708' title='bbox 2607 4862 2793 4937; x_wconf 61' lang='lat' dir='ltr'>Pass,</span> <span class='ocrx_word' id='word_1_709' title='bbox 2827 4858 3139 4936; x_wconf 73' lang='grc' dir='ltr'>ἐγείρωμεν.</span> 
     </span>
    </p>
   </div>
   <div class='ocr_carea' id='block_1_103' title="bbox 2113 4930 3690 5021">
    <p class='ocr_par' dir='ltr' id='par_1_103' title="bbox 2113 4930 3690 5021">
     <span class='ocr_line' id='line_1_104' title="bbox 2113 4930 3690 5021; baseline -0.005 -32"><span class='ocrx_word' id='word_1_710' title='bbox 2113 4930 2229 5021; x_wconf 69' lang='grc'>(73)</span> <span class='ocrx_word' id='word_1_711' title='bbox 2270 4930 2705 4995; x_wconf 69' lang='grc' dir='ltr'>’Ᾱπάνιστάπος.</span> <span class='ocrx_word' id='word_1_712' title='bbox 2764 4930 2903 5005; x_wconf 83' lang='lat' dir='ltr'>Reg.</span> <span class='ocrx_word' id='word_1_713' title='bbox 2940 4930 3033 5001; x_wconf 61' lang='grc' dir='ltr'>ὀ,</span> <span class='ocrx_word' id='word_1_714' title='bbox 3075 4939 3131 4989; x_wconf 89' lang='lat' dir='ltr'>et</span> <span class='ocrx_word' id='word_1_715' title='bbox 3182 4932 3464 4999; x_wconf 88' lang='lat' dir='ltr'>Combef.,</span> <span class='ocrx_word' id='word_1_716' title='bbox 3522 4930 3690 4983; x_wconf 76' lang='grc' dir='ltr'>ἀπαν-</span> 
     </span>
    </p>
   </div>
   <div class='ocr_carea' id='block_1_104' title="bbox 2044 5024 3687 5150">
    <p class='ocr_par' dir='ltr' id='par_1_104' title="bbox 2044 5024 3687 5150">
     <span class='ocr_line' id='line_1_105' title="bbox 2044 5024 3687 5150; baseline -0.005 -18"><span class='ocrx_word' id='word_1_717' title='bbox 2044 5024 2532 5150; x_wconf 46' lang='grc' dir='ltr'>ισῖΐέἷῗαθαρῶς,</span> <span class='ocrx_word' id='word_1_718' title='bbox 2567 5081 2674 5131; x_wconf 92' lang='lat' dir='ltr'>etc.</span> <span class='ocrx_word' id='word_1_719' title='bbox 2708 5074 2881 5150; x_wconf 81' lang='lat' dir='ltr'>Coisl.</span> <span class='ocrx_word' id='word_1_720' title='bbox 2918 5077 2963 5150; x_wconf 58' lang='grc' dir='ltr'>1Δ</span> <span class='ocrx_word' id='word_1_721' title='bbox 2976 5079 3219 5150; x_wconf 71' lang='lat' dir='ltr'>etunus</span> <span class='ocrx_word' id='word_1_722' title='bbox 3248 5072 3431 5150; x_wconf 78' lang='lat' dir='ltr'>C91b.,</span> <span class='ocrx_word' id='word_1_723' title='bbox 3466 5072 3687 5150; x_wconf 76' lang='grc' dir='ltr'>καθαροὶ</span> 
     </span>
    </p>
   </div>
   <div class='ocr_carea' id='block_1_105' title="bbox 278 5146 1937 5221">
    <p class='ocr_par' dir='ltr' id='par_1_105' title="bbox 278 5146 1931 5221">
     <span class='ocr_line' id='line_1_106' title="bbox 278 5146 1931 5221; baseline 0.002 -20"><span class='ocrx_word' id='word_1_724' title='bbox 278 5161 492 5221; x_wconf 78' lang='lat' dir='ltr'>mam»</span> <span class='ocrx_word' id='word_1_725' title='bbox 529 5146 676 5221; x_wconf 78' lang='lat' dir='ltr'>solet</span> <span class='ocrx_word' id='word_1_726' title='bbox 705 5146 897 5221; x_wconf 82' lang='lat' dir='ltr'>dicere</span> <span class='ocrx_word' id='word_1_727' title='bbox 941 5146 1189 5203; x_wconf 77' lang='lat' dir='ltr'>Tullius.</span> <span class='ocrx_word' id='word_1_728' title='bbox 1222 5146 1537 5221; x_wconf 83' lang='lat' dir='ltr'>Gregorius</span> <span class='ocrx_word' id='word_1_729' title='bbox 1584 5167 1717 5206; x_wconf 88' lang='lat' dir='ltr'>vero</span> <span class='ocrx_word' id='word_1_730' title='bbox 1765 5154 1931 5205; x_wconf 86' lang='lat' dir='ltr'>vocat</span> 
     </span>
    </p>
   </div>
   <div class='ocr_carea' id='block_1_106' title="bbox 2058 5146 3687 5221">
    <p class='ocr_par' dir='ltr' id='par_1_106' title="bbox 2058 5146 3687 5221">
     <span class='ocr_line' id='line_1_107' title="bbox 2058 5146 3687 5221; baseline -0.002 -18"><span class='ocrx_word' id='word_1_731' title='bbox 2058 5146 2127 5221; x_wconf 62' lang='lat' dir='ltr'>:q.‘</span> <span class='ocrx_word' id='word_1_732' title='bbox 2146 5146 2432 5217; x_wconf 72' lang='grc' dir='ltr'>ποιήσαντι</span> <span class='ocrx_word' id='word_1_733' title='bbox 2465 5149 2631 5221; x_wconf 72' lang='grc' dir='ltr'>ἡμᾶς,</span> <span class='ocrx_word' id='word_1_734' title='bbox 2664 5170 2691 5197; x_wconf 88' lang='grc'><em>‹‹</em></span> <span class='ocrx_word' id='word_1_735' title='bbox 2729 5147 2859 5218; x_wconf 88' lang='lat' dir='ltr'>puri</span> <span class='ocrx_word' id='word_1_736' title='bbox 2905 5147 3232 5221; x_wconf 77' lang='lat' dir='ltr'>efficiamur</span> <span class='ocrx_word' id='word_1_737' title='bbox 3278 5146 3535 5200; x_wconf 88' lang='lat' dir='ltr'>Creatori</span> <span class='ocrx_word' id='word_1_738' title='bbox 3584 5162 3687 5200; x_wconf 86' lang='lat' dir='ltr'>no-</span> 
     </span>
    </p>
   </div>
   <div class='ocr_carea' id='block_1_107' title="bbox 278 5217 1927 5293">
    <p class='ocr_par' dir='ltr' id='par_1_107' title="bbox 278 5217 1927 5293">
     <span class='ocr_line' id='line_1_108' title="bbox 278 5217 1927 5293; baseline 0.004 -24"><span class='ocrx_word' id='word_1_739' title='bbox 278 5240 306 5269; x_wconf 77' lang='grc' dir='ltr'>(ι</span> <span class='ocrx_word' id='word_1_740' title='bbox 344 5217 582 5293; x_wconf 84' lang='lat' dir='ltr'>periculi</span> <span class='ocrx_word' id='word_1_741' title='bbox 640 5217 899 5293; x_wconf 75' lang='lat' dir='ltr'>aciem,»</span> <span class='ocrx_word' id='word_1_742' title='bbox 939 5235 1073 5293; x_wconf 84' lang='lat' dir='ltr'>cum</span> <span class='ocrx_word' id='word_1_743' title='bbox 1134 5217 1615 5293; x_wconf 10' lang='lat' dir='ltr'>statimliacerbo</span> <span class='ocrx_word' id='word_1_744' title='bbox 1666 5222 1927 5293; x_wconf 89' lang='lat' dir='ltr'>quodam</span> 
     </span>
    </p>
   </div>
   <div class='ocr_carea' id='block_1_108' title="bbox 278 5289 1929 5363">
    <p class='ocr_par' dir='ltr' id='par_1_108' title="bbox 278 5289 1929 5363">
     <span class='ocr_line' id='line_1_109' title="bbox 278 5289 1929 5363; baseline 0.002 -19"><span class='ocrx_word' id='word_1_745' title='bbox 278 5289 485 5363; x_wconf 78' lang='lat' dir='ltr'>mortis</span> <span class='ocrx_word' id='word_1_746' title='bbox 533 5290 919 5363; x_wconf 9' lang='lat' dir='ltr'>genere,gvita</span> <span class='ocrx_word' id='word_1_747' title='bbox 947 5291 1079 5363; x_wconf 81' lang='lat' dir='ltr'>_piis</span> <span class='ocrx_word' id='word_1_748' title='bbox 1109 5292 1248 5347; x_wconf 91' lang='lat' dir='ltr'>viris</span> <span class='ocrx_word' id='word_1_749' title='bbox 1275 5290 1532 5363; x_wconf 81' lang='lat' dir='ltr'>tollitur;</span> <span class='ocrx_word' id='word_1_750' title='bbox 1584 5289 1706 5359; x_wconf 69' lang='lat' dir='ltr'>cui,</span> <span class='ocrx_word' id='word_1_751' title='bbox 1736 5299 1798 5348; x_wconf 88' lang='lat' dir='ltr'>ut</span> <span class='ocrx_word' id='word_1_752' title='bbox 1847 5294 1929 5347; x_wconf 87' lang='lat' dir='ltr'>ait</span> 
     </span>
    </p>
   </div>
   <div class='ocr_carea' id='block_1_109' title="bbox 274 5360 1927 5434">
    <p class='ocr_par' dir='ltr' id='par_1_109' title="bbox 274 5360 1927 5434">
     <span class='ocr_line' id='line_1_110' title="bbox 274 5360 1927 5434; baseline 0.002 -18"><span class='ocrx_word' id='word_1_753' title='bbox 274 5360 823 5434; x_wconf 25' lang='lat' dir='ltr'>Nicetasiopponit</span> <span class='ocrx_word' id='word_1_754' title='bbox 880 5360 1003 5423; x_wconf 60' lang='grc' dir='ltr'>τοὺς</span> <span class='ocrx_word' id='word_1_755' title='bbox 1055 5361 1384 5432; x_wconf 79' lang='grc' dir='ltr'>ἀσκητικοὺς</span> <span class='ocrx_word' id='word_1_756' title='bbox 1435 5361 1656 5430; x_wconf 83' lang='grc' dir='ltr'>πόνους,</span> <span class='ocrx_word' id='word_1_757' title='bbox 1715 5387 1742 5415; x_wconf 89' lang='grc'>‹‹</span> <span class='ocrx_word' id='word_1_758' title='bbox 1793 5381 1927 5419; x_wconf 90' lang='lat' dir='ltr'>san-</span> 
     </span>
    </p>
   </div>
   <div class='ocr_carea' id='block_1_110' title="bbox 273 5431 1928 5509">
    <p class='ocr_par' dir='ltr' id='par_1_110' title="bbox 273 5431 1928 5509">
     <span class='ocr_line' id='line_1_111' title="bbox 273 5431 1928 5509; baseline 0.002 -21"><span class='ocrx_word' id='word_1_759' title='bbox 273 5437 375 5488; x_wconf 67' lang='lat' dir='ltr'>ctis</span> <span class='ocrx_word' id='word_1_760' title='bbox 403 5456 429 5481; x_wconf 90' lang='grc'><strong>››</strong></span> <span class='ocrx_word' id='word_1_761' title='bbox 453 5431 719 5509; x_wconf 72' lang='lat' dir='ltr'>scilicet_u</span> <span class='ocrx_word' id='word_1_762' title='bbox 747 5438 804 5489; x_wconf 90' lang='lat' dir='ltr'>et</span> <span class='ocrx_word' id='word_1_763' title='bbox 834 5434 1119 5509; x_wconf 65' lang='lat' dir='ltr'>religiosa</span> <span class='ocrx_word' id='word_1_764' title='bbox 1148 5431 1277 5509; x_wconf 62' lang='lat' dir='ltr'>vita</span> <span class='ocrx_word' id='word_1_765' title='bbox 1307 5436 1560 5504; x_wconf 90' lang='lat' dir='ltr'>labores,</span> <span class='ocrx_word' id='word_1_766' title='bbox 1582 5436 1683 5509; x_wconf 87' lang='lat' dir='ltr'>qui</span> <span class='ocrx_word' id='word_1_767' title='bbox 1719 5437 1775 5492; x_wconf 93' lang='lat' dir='ltr'>in</span> <span class='ocrx_word' id='word_1_768' title='bbox 1809 5436 1928 5492; x_wconf 92' lang='lat' dir='ltr'>lon-</span> 
     </span>
    </p>
   </div>
   <div class='ocr_carea' id='block_1_111' title="bbox 272 5505 1507 5579">
    <p class='ocr_par' dir='ltr' id='par_1_111' title="bbox 272 5505 1507 5579">
     <span class='ocr_line' id='line_1_112' title="bbox 272 5505 1507 5579; baseline -0.002 -20"><span class='ocrx_word' id='word_1_769' title='bbox 272 5521 409 5577; x_wconf 90' lang='lat' dir='ltr'>gum</span> <span class='ocrx_word' id='word_1_770' title='bbox 443 5505 726 5579; x_wconf 81' lang='lat' dir='ltr'>temporis</span> <span class='ocrx_word' id='word_1_771' title='bbox 758 5505 1017 5579; x_wconf 69' lang='lat' dir='ltr'>spatium</span> <span class='ocrx_word' id='word_1_772' title='bbox 1051 5507 1453 5579; x_wconf 90' lang='lat' dir='ltr'>porriguntur.</span> <span class='ocrx_word' id='word_1_773' title='bbox 1480 5531 1507 5557; x_wconf 87' lang='grc'><strong>››</strong></span> 
     </span>
    </p>
   </div>
   <div class='ocr_carea' id='block_1_112' title="bbox 343 5575 1923 5653">
    <p class='ocr_par' dir='ltr' id='par_1_112' title="bbox 343 5575 1923 5653">
     <span class='ocr_line' id='line_1_113' title="bbox 343 5575 1923 5653; baseline 0.003 -23"><span class='ocrx_word' id='word_1_774' title='bbox 343 5578 453 5646; x_wconf 89' lang='grc'>(70)</span> <span class='ocrx_word' id='word_1_775' title='bbox 487 5575 817 5653; x_wconf 53' lang='grc' dir='ltr'>Ἐγςγυτάτωζ</span> <span class='ocrx_word' id='word_1_776' title='bbox 867 5578 1014 5653; x_wconf 41' lang='grc' dir='ltr'>ῌΘεε</span> <span class='ocrx_word' id='word_1_777' title='bbox 1051 5575 1157 5653; x_wconf 62' lang='lat' dir='ltr'>bII}</span> <span class='ocrx_word' id='word_1_778' title='bbox 1207 5575 1481 5653; x_wconf 67' lang='lat' dir='ltr'>ét_Cpisl_.</span> <span class='ocrx_word' id='word_1_779' title='bbox 1535 5580 1585 5651; x_wconf 94' lang='grc'>1,</span> <span class='ocrx_word' id='word_1_780' title='bbox 1639 5577 1923 5653; x_wconf 69' lang='grc' dir='ltr'>ιγγύτατα.</span> 
     </span>
    </p>
   </div>
   <div class='ocr_carea' id='block_1_113' title="bbox 275 5646 1497 5721">
    <p class='ocr_par' dir='ltr' id='par_1_113' title="bbox 275 5646 1497 5721">
     <span class='ocr_line' id='line_1_114' title="bbox 275 5646 1497 5721; baseline 0.002 -19"><span class='ocrx_word' id='word_1_781' title='bbox 275 5646 682 5721; x_wconf 53' lang='grc' dir='ltr'>Μοξριδοῖγῲ</span> <span class='ocrx_word' id='word_1_782' title='bbox 718 5649 836 5721; x_wconf 57' lang='grc' dir='ltr'>μίν,</span> <span class='ocrx_word' id='word_1_783' title='bbox 865 5646 1014 5706; x_wconf 68' lang='grc' dir='ltr'>Οτῖί</span> <span class='ocrx_word' id='word_1_784' title='bbox 1057 5650 1252 5721; x_wconf 85' lang='lat' dir='ltr'>habet,</span> <span class='ocrx_word' id='word_1_785' title='bbox 1285 5647 1388 5721; x_wconf 65' lang='grc' dir='ltr'>ἐγὼ</span> <span class='ocrx_word' id='word_1_786' title='bbox 1420 5646 1497 5705; x_wconf 85' lang='grc' dir='ltr'>δέ.</span> 
     </span>
    </p>
   </div>
   <div class='ocr_carea' id='block_1_114' title="bbox 343 5718 1618 5797">
    <p class='ocr_par' dir='ltr' id='par_1_114' title="bbox 343 5718 1618 5797">
     <span class='ocr_line' id='line_1_115' title="bbox 343 5718 1618 5797; baseline 0.005 -25"><span class='ocrx_word' id='word_1_787' title='bbox 343 5718 458 5791; x_wconf 88' lang='grc'>(71)</span> <span class='ocrx_word' id='word_1_788' title='bbox 489 5718 980 5795; x_wconf 54' lang='grc' dir='ltr'>ΠαρῶνζΝθωρθ,</span> <span class='ocrx_word' id='word_1_789' title='bbox 1010 5719 1217 5797; x_wconf 82' lang='grc' dir='ltr'>καιρός,</span> <span class='ocrx_word' id='word_1_790' title='bbox 1239 5718 1283 5775; x_wconf 12' lang='grc' dir='ltr'>γι(</span> <span class='ocrx_word' id='word_1_791' title='bbox 1313 5718 1567 5794; x_wconf 79' lang='lat' dir='ltr'>tempus.</span> <span class='ocrx_word' id='word_1_792' title='bbox 1595 5743 1618 5779; x_wconf 67' lang='grc' dir='ltr'>ε</span> 
     </span>
    </p>
   </div>
   <div class='ocr_carea' id='block_1_115' title="bbox 2040 5219 3173 5293">
    <p class='ocr_par' dir='ltr' id='par_1_115' title="bbox 2040 5219 3173 5293">
     <span class='ocr_line' id='line_1_116' title="bbox 2040 5219 3173 5293; baseline -0.007 -16"><span class='ocrx_word' id='word_1_793' title='bbox 2040 5219 2181 5278; x_wconf 81' lang='lat' dir='ltr'>stro.</span> <span class='ocrx_word' id='word_1_794' title='bbox 2210 5244 2251 5293; x_wconf 14' lang='grc' dir='ltr'>»γ</span> <span class='ocrx_word' id='word_1_795' title='bbox 2271 5222 2457 5287; x_wconf 81' lang='lat' dir='ltr'>Pass.,</span> <span class='ocrx_word' id='word_1_796' title='bbox 2488 5220 2732 5293; x_wconf 80' lang='grc' dir='ltr'>καθαρῶς</span> <span class='ocrx_word' id='word_1_797' title='bbox 2763 5222 2850 5293; x_wconf 31' lang='grc' dir='ltr'>τῷ.</span> <span class='ocrx_word' id='word_1_798' title='bbox 2868 5219 3173 5293; x_wconf 73' lang='grc' dir='ltr'>ποιήσαντι.</span> 
     </span>
    </p>
   </div>
   <div class='ocr_carea' id='block_1_116' title="bbox 2108 5286 3685 5365">
    <p class='ocr_par' dir='ltr' id='par_1_116' title="bbox 2108 5286 3685 5365">
     <span class='ocr_line' id='line_1_117' title="bbox 2108 5286 3685 5365; baseline -0.003 -20"><span class='ocrx_word' id='word_1_799' title='bbox 2108 5294 2219 5362; x_wconf 87' lang='grc'>(75)</span> <span class='ocrx_word' id='word_1_800' title='bbox 2244 5286 2733 5365; x_wconf 71' lang='grc' dir='ltr'>Ἐγκαταμὲνομεν.</span> <span class='ocrx_word' id='word_1_801' title='bbox 2759 5286 2929 5345; x_wconf 76' lang='lat' dir='ltr'>COisl.</span> <span class='ocrx_word' id='word_1_802' title='bbox 2959 5292 3007 5358; x_wconf 90' lang='grc'>1,</span> <span class='ocrx_word' id='word_1_803' title='bbox 3034 5287 3471 5359; x_wconf 69' lang='grc' dir='ltr'>ἕναπομὲνωμεν.</span> <span class='ocrx_word' id='word_1_804' title='bbox 3501 5286 3641 5341; x_wconf 79' lang='lat' dir='ltr'>Pass</span> <span class='ocrx_word' id='word_1_805' title='bbox 3672 5328 3685 5354; x_wconf 91' lang='lat'>,</span> 
     </span>
    </p>
   </div>
   <div class='ocr_carea' id='block_1_117' title="bbox 2039 5361 2464 5436">
    <p class='ocr_par' dir='ltr' id='par_1_117' title="bbox 2039 5361 2464 5436">
     <span class='ocr_line' id='line_1_118' title="bbox 2039 5361 2464 5436; baseline -0.005 -19"><span class='ocrx_word' id='word_1_806' title='bbox 2039 5361 2201 5417; x_wconf 69' lang='grc' dir='ltr'>ἰναπο</span> <span class='ocrx_word' id='word_1_807' title='bbox 2210 5361 2440 5436; x_wconf 69' lang='grc' dir='ltr'>μένομεν</span> <span class='ocrx_word' id='word_1_808' title='bbox 2453 5404 2464 5415; x_wconf 91' lang='grc'><strong>.</strong></span> 
     </span>
    </p>
   </div>
   <div class='ocr_carea' id='block_1_118' title="bbox 2110 5430 3611 5509">
    <p class='ocr_par' dir='ltr' id='par_1_118' title="bbox 2110 5430 3611 5509">
     <span class='ocr_line' id='line_1_119' title="bbox 2110 5430 3611 5509; baseline -0.003 -20"><span class='ocrx_word' id='word_1_809' title='bbox 2110 5430 2220 5509; x_wconf 75' lang='grc'>(76)</span> <span class='ocrx_word' id='word_1_810' title='bbox 2251 5430 2820 5509; x_wconf 36' lang='grc' dir='ltr'>ΚαρποερορείτωΑηΟΡ.</span> <span class='ocrx_word' id='word_1_811' title='bbox 2856 5434 2905 5501; x_wconf 87' lang='grc'>1,</span> <span class='ocrx_word' id='word_1_812' title='bbox 2939 5432 3343 5508; x_wconf 70' lang='grc' dir='ltr'>καρποφορήτω</span> <span class='ocrx_word' id='word_1_813' title='bbox 3376 5432 3611 5502; x_wconf 79' lang='lat' dir='ltr'>[prave].</span> 
     </span>
    </p>
   </div>
   <div class='ocr_carea' id='block_1_119' title="bbox 2108 5501 2794 5577">
    <p class='ocr_par' dir='ltr' id='par_1_119' title="bbox 2108 5501 2794 5577">
     <span class='ocr_line' id='line_1_120' title="bbox 2108 5501 2794 5577; baseline -0.001 -17"><span class='ocrx_word' id='word_1_814' title='bbox 2108 5501 2221 5577; x_wconf 83' lang='grc'>(77)</span> <span class='ocrx_word' id='word_1_815' title='bbox 2252 5501 2413 5577; x_wconf 79' lang='grc' dir='ltr'>Βίων.</span> <span class='ocrx_word' id='word_1_816' title='bbox 2446 5501 2538 5561; x_wconf 62' lang='grc' dir='ltr'>Οῐί.</span> <span class='ocrx_word' id='word_1_817' title='bbox 2571 5506 2619 5575; x_wconf 90' lang='grc'>1,</span> <span class='ocrx_word' id='word_1_818' title='bbox 2657 5501 2794 5577; x_wconf 88' lang='grc' dir='ltr'>βίον.</span> 
     </span>
    </p>
   </div>
   <div class='ocr_carea' id='block_1_120' title="bbox 2108 5576 3680 5651">
    <p class='ocr_par' dir='ltr' id='par_1_120' title="bbox 2108 5576 3680 5651">
     <span class='ocr_line' id='line_1_121' title="bbox 2108 5576 3680 5651; baseline -0.003 -20"><span class='ocrx_word' id='word_1_819' title='bbox 2108 5576 2217 5650; x_wconf 78' lang='grc'>(78)</span> <span class='ocrx_word' id='word_1_820' title='bbox 2251 5576 2582 5651; x_wconf 72' lang='grc' dir='ltr'>Θερίσαντες.</span> <span class='ocrx_word' id='word_1_821' title='bbox 2616 5576 2717 5651; x_wconf 63' lang='lat' dir='ltr'>0r.</span> <span class='ocrx_word' id='word_1_822' title='bbox 2757 5578 2807 5643; x_wconf 89' lang='grc'>1,</span> <span class='ocrx_word' id='word_1_823' title='bbox 2856 5576 3215 5648; x_wconf 62' lang='grc' dir='ltr'>τηρ-(σαντες,</span> <span class='ocrx_word' id='word_1_824' title='bbox 3252 5597 3278 5623; x_wconf 92' lang='grc'><em>‹‹</em></span> <span class='ocrx_word' id='word_1_825' title='bbox 3313 5577 3628 5629; x_wconf 87' lang='lat' dir='ltr'>servantes.</span> <span class='ocrx_word' id='word_1_826' title='bbox 3661 5597 3680 5620; x_wconf 77' lang='grc' dir='ltr'>ιι</span> 
     </span>
    </p>
   </div>
   <div class='ocr_carea' id='block_1_121' title="bbox 2109 5646 3687 5722">
    <p class='ocr_par' dir='ltr' id='par_1_121' title="bbox 2109 5646 3687 5722">
     <span class='ocr_line' id='line_1_122' title="bbox 2109 5646 3687 5722; baseline -0.011 -17"><span class='ocrx_word' id='word_1_827' title='bbox 2109 5646 2223 5721; x_wconf 76' lang='grc'>(79)</span> <span class='ocrx_word' id='word_1_828' title='bbox 2260 5646 2939 5722; x_wconf 15' lang='grc' dir='ltr'>’Ὀσονηίγεωργήσαμενς</span> <span class='ocrx_word' id='word_1_829' title='bbox 2981 5672 3006 5696; x_wconf 81' lang='grc' dir='ltr'>(ι</span> <span class='ocrx_word' id='word_1_830' title='bbox 3068 5651 3361 5722; x_wconf 45' lang='lat' dir='ltr'>Quantum</span> <span class='ocrx_word' id='word_1_831' title='bbox 3424 5663 3687 5722; x_wconf 55' lang='lat' dir='ltr'>mesggc-</span> 
     </span>
    </p>
   </div>
   <div class='ocr_carea' id='block_1_122' title="bbox 2037 5717 3685 5793">
    <p class='ocr_par' dir='ltr' id='par_1_122' title="bbox 2037 5717 3685 5793">
     <span class='ocr_line' id='line_1_123' title="bbox 2037 5717 3685 5793; baseline -0.007 -10"><span class='ocrx_word' id='word_1_832' title='bbox 2037 5717 2298 5782; x_wconf 83' lang='lat' dir='ltr'>rimus.»</span> <span class='ocrx_word' id='word_1_833' title='bbox 2333 5717 2539 5779; x_wconf 82' lang='lat' dir='ltr'>Billius</span> <span class='ocrx_word' id='word_1_834' title='bbox 2589 5717 2674 5777; x_wconf 61' lang='lat' dir='ltr'>:kc&#39;</span> <span class='ocrx_word' id='word_1_835' title='bbox 2706 5722 2993 5793; x_wconf 84' lang='lat' dir='ltr'>quantum</span> <span class='ocrx_word' id='word_1_836' title='bbox 3056 5719 3435 5778; x_wconf 85' lang='lat' dir='ltr'>araverimus.</span> <span class='ocrx_word' id='word_1_837' title='bbox 3481 5740 3509 5767; x_wconf 88' lang='grc'><strong>››</strong></span> <span class='ocrx_word' id='word_1_838' title='bbox 3559 5717 3685 5773; x_wconf 83' lang='lat' dir='ltr'>Non</span> 
     </span>
    </p>
   </div>
  </div>
