4094 6288
399 373 549 435 1051

1633 380 1698 441 S.
1748 379 2120 442 GREGORII
2165 379 2563 442 THEOLOGI

3648 376 3819 437 1052

396 507 698 578 pecunias,
742 507 839 562 ille
887 507 995 562 hoc
1041 508 1238 580 ipsum
1272 512 1427 581 quod
1484 511 1629 567 nihil
1680 512 1922 579 habeat;
1954 530 2046 568 me

2163 532 2323 583 ματα,
2356 513 2383 565 6
2415 510 2471 565 δὲ
2500 511 2562 565 τὸ
2598 508 2764 584 μηδὲν
2798 508 2942 586 ἔχειν
2971 511 3087 581 (80)
3112 526 3126 541 ⁸
3162 510 3189 562 ὁ
3239 509 3331 581 μὶν
3389 508 3452 563 τὸ
3508 513 3815 585 προθυμεῖ-

394 613 745 667 ι›.ινιει-ηεειῐῐ]
779 598 848 651 ad
887 599 1030 652 bene
1061 599 1131 651 de
1176 602 1435 669 qumo
1470 603 1812 657 merendum
1845 602 2045 657 volun-

396 692 597 751 tatem,
620 684 717 738 ille
749 686 957 740 bonam
993 687 1230 740 alterius
1260 689 1615 745 voluntatem
1642 692 2046 763 suscipiendo;

398 774 493 828 hic
526 774 830 829 honestam
853 777 1163 845 actionem,
1188 777 1283 832 ille
1306 779 1513 833 scitam
1536 785 1591 834 et
1613 779 1883 835 solertem
1910 798 2045 835 con-

397 862 869 932 templationem;
904 864 997 918 hic
1018 866 1429 935 tempestivum
1452 872 1508 921 et
1528 870 1901 923 commodum
1926 885 2044 924 scr-

401 951 778 1015 monem,ille
824 969 955 1006 cum
1009 954 1232 1009 ratione
1273 957 1649 1026 conjunclum
1712 957 2042 1027 silentium;

399 1039 492 1093 hic
514 1040 862 1096 inoffensam
888 1043 1209 1098 doctrinam
1235 1046 1528 1117 vitamque
1553 1047 1794 1101 minime
1818 1052 2045 1102 contra-

399 1128 571 1194 riam,
607 1129 704 1185 ille
755 1133 1170 1202 obsequentem
1222 1140 1277 1188 et
1324 1135 1635 1190 candidam
1684 1153 1918 1203 aurem;
1954 1137 2047 1191 hic

400 1224 621 1273 castam
667 1220 1084 1291 virginitatem,
1116 1228 1172 1277 et
1201 1242 1234 1279 a
1267 1225 1484 1279 mundo
1535 1227 1769 1296 penitus
1816 1226 2045 1281 abscin-

400 1307 657 1374 dentem,
691 1308 789 1365 ille
837 1312 1081 1381 pudicas
1128 1314 1386 1383 nuptias,
1417 1331 1522 1369 nec
1568 1332 1807 1385 prorsus
1852 1333 1885 1370 a
1932 1316 2046 1370 Deo

400 1397 836 1467 disjungentes;
863 1397 952 1451 hic
975 1398 1271 1468 jejunium
1304 1402 1491 1456 fastus
1521 1418 1744 1472 expers,
1780 1402 1875 1457 ille
1904 1420 2045 1474 epu-

399 1484 487 1539 las
531 1486 603 1540 ab
640 1487 1091 1557 intemperantia
1142 1492 1199 1543 et
1246 1489 1568 1560 petulantia
1616 1496 1902 1559 remotas;
1954 1491 2046 1547 hic

396 1574 775 1629 attentionem
810 1581 868 1629 et
910 1577 1318 1632 assiduitatem
1347 1578 1406 1632 in
1440 1580 1803 1635 orationibus
1833 1584 1890 1635 et
1920 1581 2047 1651 spi-

2159 602 2296 669 σθαι,
2333 602 2359 653 6
2392 598 2448 654 δὲ
2476 601 2538 655 τὸ
2566 601 2657 654 τὸν
2690 600 3143 675 προθυμούμηον
3196 599 3311 670 (81)
3340 594 3741 672 ἀποδέχεσθαι·
3784 599 3813 651 6

2163 690 2256 762 μὶν
2288 690 2475 763 πρᾶξιν
2511 690 2814 758 ἐπαινετὴν,
2851 690 2877 743 6
2911 686 2967 742 δὲ
3006 686 3231 762 θεωρίαν
3283 682 3543 761 εὔστοχον
3566 706 3577 718 ·
3632 689 3660 740 6
3713 688 3817 760 μὲν

2158 777 2323 851 λόγον
2356 778 2587 853 καίριον,
2624 780 2650 831 6
2679 776 2735 832 δὲ
2768 778 2976 845 σιωπὴν
3007 776 3233 850 εὔλογον
3262 795 3274 808 ·
3311 777 3338 829 ὁ
3393 776 3489 847 μὲν
3517 796 3601 837 τις
3652 772 3810 831 διδα-

2156 866 2378 921 σκαλίαν
2429 864 2716 921 ἄπταιστον
2775 866 2863 921 καὶ
2924 868 3037 940 βίον
3104 888 3178 937 μη
3234 864 3643 937 ἀνθιστάμενον,
3686 864 3714 918 6
3750 863 3813 919 δὲ

2158 958 2329 1025 ἀκοὴν
2364 957 2581 1025 εὺπειθῆ
2617 958 2704 1011 καὶ
2742 960 2853 1029 (82)
2885 956 3206 1030 εὐγνώμονα
3230 973 3243 986 ·
3280 955 3308 1007 ὁ
3359 954 3451 1026 μὲν
3512 953 3809 1029 παρθενίαν

2158 1046 2325 1119 ἀγνὴν
2372 1046 2458 1100 καὶ
2492 1045 2699 1117 κόσμου
2732 1044 3013 1105 παντελῶς
3044 1042 3476 1115 ἀποτέμνουσαν,
3524 1043 3551 1095 ὁ
3598 1040 3655 1096 δὲ
3704 1046 3810 1117 γά-

2160 1155 2259 1205 μον
2293 1134 2482 1205 σεμνὸν
2513 1135 2599 1188 καὶ
2636 1135 2710 1205 μή
2745 1134 2913 1198 πάντη
2947 1137 3079 1186 Θεοῦ
3110 1132 3421 1207 χωρίζοντα
3444 1151 3457 1163 ·
3517 1132 3544 1184 6
3582 1132 3673 1204 μὲν
3704 1154 3813 1201 νη-

2157 1223 2331 1277 στείαν
2368 1220 2587 1300 ἄτυφον,
2621 1224 2648 1277 6
2681 1221 2735 1277 δὲ
2764 1220 3063 1275 ἀπόλαυσιν
3114 1224 3187 1294 μὴ
3242 1220 3543 1275 ἀκόλαστον
3574 1240 3585 1251 ·
3633 1219 3810 1282 ἄλλος

2155 1313 2216 1365 τὸ
2267 1312 2317 1365 ἐν
2364 1317 2697 1387 προσευχαῖς
2743 1312 3135 1386 ἀπερίσπαστον
3162 1308 3251 1363 καὶ
3284 1309 3476 1382 ὕμνοις
3508 1331 3812 1382 πνευματι-

2154 1406 2293 1467 κοῖς,
2328 1400 2497 1463 ἄλλος
2526 1403 2587 1455 τὸ
2618 1401 2667 1454 ἐν
2702 1400 3000 1476 προστασίᾳ
3030 1401 3141 1473 (83)
3170 1404 3275 1453 τῶν
3320 1397 3587 1471 δεομένων
3613 1417 3627 1430 ⁸
3674 1399 3809 1452 πάν-

2153 1510 2241 1552 τες
2275 1488 2496 1563 δάκρυα,
2530 1492 2724 1552 πάντες
2757 1491 3034 1564 κάθαρσιν,
3068 1483 3321 1543 ἀνάϐασιν
3368 1487 3562 1549 πάντες
3607 1488 3697 1541 καὶ
3747 1489 3813 1542 τὸ

2154 1584 2271 1639 τοῖς
2302 1576 2604 1653 ἔμπροσθεν
2639 1577 3051 1641 ἐπεκτείνεσθαι.

396 1661 710 1717 ritualibus
742 1663 999 1734 hymnis,
1033 1665 1132 1719 ille
1170 1684 1491 1738 pauperum
1544 1685 1743 1723 curam
1776 1673 1831 1723 et
1861 1669 2199 1740 praesidium
2236 1684 2249 1723 :
2283 1685 2487 1723 omnes
2536 1674 2731 1723 autem
2779 1669 3089 1739 lacrymas,
3123 1682 3326 1722 omnes
3375 1666 3815 1739 purgationem,

398 1767 602 1806 omnes
634 1769 966 1821 ascensum,
1000 1759 1172 1825 atque
1204 1757 1597 1812 extensionem
1633 1759 1702 1812 ad
1738 1775 1804 1813 ea
1835 1776 1961 1829 qua:
1995 1759 2190 1829 priora
2220 1762 2361 1813 sunt
2380 1759 2443 1811 ⁸⁷.

469 1840 617 1894 VIII.
655 1841 995 1896 Praeclarum
1033 1860 1265 1915 quoque
1297 1863 1513 1902 munus
1544 1851 1633 1901 est
1674 1846 2045 1918 simplicitas,

2230 1846 2308 1901 Π.
2346 1842 2498 1913 Καλή
2530 1844 2618 1898 καὶ
2650 1843 2895 1913 ἁπλότης
2925 1862 3288 1919 καρποφορια,
3338 1842 3427 1896 καὶ
3476 1839 3654 1918 γέλως
3703 1862 3815 1896 σω-

397 1932 455 1984 et
490 1929 669 1984 risum
703 1946 984 2001 coercere,
1018 1934 1163 1988 iram
1216 1936 1553 2006 reprimere,
1586 1936 1822 1991 oculum
1879 1936 2042 1991 cohi-

397 2018 553 2088 bere,
579 2022 754 2075 menti
782 2024 1027 2093 vagandi
1067 2029 1408 2094 potestatem
1439 2026 1591 2081 368
1626 2042 1855 2097 negare.
1893 2025 2043 2080 Nihil

395 2123 597 2163 eorum
629 2127 753 2178 quae
782 2115 891 2165 Deo
913 2111 1257 2183 olI'eruntur,
1282 2118 1398 2168 tam
1434 2132 1674 2186 parvum
1704 2120 1811 2179 est,
1837 2132 2044 2186 quam-

394 2196 481 2252 vis
512 2198 685 2253 etiam
724 2199 951 2254 minimi
1004 2202 1285 2257 momenti
1318 2203 1414 2268 sit,
1439 2203 1707 2274 quamvis
1738 2203 1906 2273 longe
1956 2204 2043 2256 in-

397 2286 485 2340 tra
517 2286 673 2341 illius
720 2288 1085 2360 dignitatem,
1119 2293 1274 2361 quod
1325 2308 1439 2346 non
1489 2292 1727 2346 omnino
1776 2291 2043 2362 accipiat,

398 2380 749 2447 gratumque
782 2377 1011 2449 habeat,
1035 2380 1264 2435 tametsi
1284 2381 1445 2451 justo
1469 2383 1694 2451 judicio
1718 2381 2047 2436 misericor-

356 2452 555 2519 ‘(liam
616 2467 936 2536 ponderare
995 2468 1179 2522 soleat
1203 2470 1266 2522 ⁸⁸.
1317 2470 1539 2539 Accipit
1597 2470 1711 2535 ille,
1771 2474 1825 2523 et
1887 2467 2048 2522 Pauli

399 2552 841 2622 plantationem,
880 2559 941 2608 ut
986 2556 1169 2621 Pauli,
1193 2562 1247 2610 et
1296 2557 1640 2628 rigationcm
1673 2557 1875 2628 Apollo
1895 2558 1959 2624 3°,
1993 2560 2051 2612 et

397 2641 515 2695 duo
547 2642 732 2696 viduas
785 2643 1009 2697 minuta
1029 2645 1092 2714 9°,
1126 2644 1422 2715 publicani
1474 2646 1868 2700 humilitatem
1891 2647 1959 2713 θί,
1993 2649 2050 2700 et

403 2730 693 2786 Manassis
722 2732 1146 2788 confessionem
1172 2735 1235 2788 ’2.
1263 2735 1488 2806 Moyses
1514 2735 1955 2789 tabernaculum
1987 2733 2051 2788 il-

399 2818 524 2885 lud,
550 2820 620 2897 ad
655 2819 977 2876 ccelestium
1023 2824 1318 2894 exemplar
1348 2828 1770 2888 constructum,
1805 2825 1860 2878 in
1896 2829 2051 2879 terra

400 2908 642 2979 ﬁgebat;
677 2913 732 2963 et
763 2925 987 2974 omnes,
1023 2913 1176 2981 quod
1222 2912 1431 2982 cuique
1475 2913 1887 2967 denuntiatum
1921 2914 2049 2968 fue-

401 3000 509 3063 rat,
534 2998 927 3053 conferebant.
953 3000 1102 3064 Quin
1129 3001 1303 3055 etiam
1337 3008 1543 3073 suapte
1574 3007 1781 3074 sponte
1813 3002 1908 3057 alii
1943 3019 2051 3057 au-

400 3103 552 3153 rum,
588 3086 686 3140 alii
721 3092 1052 3159 argentum,
1081 3089 1179 3143 alii
1221 3107 1483 3161 gemmas
1526 3091 1810 3162 pretiosas
1842 3092 1912 3145 ad
1947 3108 2050 3146 su-

400 3175 829 3247 perhumeralis
877 3183 1145 3233 ornatum
1189 3181 1554 3249 erogabant:
1590 3180 1865 3235 mulieres
1916 3198 2049 3252 par-

400 3264 503 3310 tim
548 3265 786 3310 hvaanm
840 3271 1131 3310 retnrtnm,
1190 3269 1398 3310 nnrtim
1452 3270 1749 3310 nnnninnm
1802 3274 2022 3310 fartum

2163 3176 2449 3250 νησμὲνον,
2485 3178 2535 3231 οἱ
2568 3174 2626 3231 δὲ
2654 3176 2955 3252 πορφύραν,
2992 3176 3044 3229 οἱ
3076 3172 3132 3229 δὲ
3177 3172 3416 3250 δὲρματα
3462 3177 3630 3249 κριῶν
3680 3173 3819 3248 ἠρυ-

2163 3264 2548 3310 Ηηηὲηνωηένη
2572 3284 2583 3296 ·
2619 3266 2669 3310 ηἹ
2706 3263 2761 3310 δὲ
2791 3265 2877 3310 νηὶ
2908 3264 3105 3310 τοί-νας
3134 3263 3343 3310 αἰγείαε
3386 3261 3462 3310 εἰς
3507 3262 3574 3310 τὰ
3620 3261 3819 3310 κάτει)-

400 3264 505 3318 tim
548 3265 789 3335 byssum
840 3271 1136 3333 retortam,
1190 3269 1401 3339 partim
1452 3270 1751 3323 coccinum
1802 3274 2047 3338 textum,

402 3353 613 3423 partim
640 3370 981 3425 purpuram,
1000 3356 1203 3426 partim
1229 3357 1473 3413 arietum
1500 3358 1677 3428 pelles
1700 3359 2048 3426 rubricatas,

405 3442 617 3513 partim
651 3459 956 3514 caprarum
1002 3446 1173 3516 pilos,
1209 3464 1327 3501 rem
1378 3447 1747 3511 vilissimam,
1782 3448 1849 3500 ad
1904 3464 2052 3518 opus

402 3532 765 3587 tabernaculi
789 3533 863 3601 93;
899 3534 1015 3599 alii,
1054 3537 1205 3605 quod
1240 3536 1488 3607 quisque
1522 3542 1622 3591 aut
1654 3553 1898 3608 quaeque
1950 3538 2052 3591 ha-

404 3621 607 3687 bebat;
641 3626 912 3677 caeterum
968 3640 1172 3678 omnes
1221 3626 1555 3695 efferebant,
1591 3643 1693 3679 nec
1742 3626 2052 3696 quisquam

404 3709 689 3765 immunis
740 3716 881 3775 erat,
917 3729 987 3767 ne
1031 3713 1361 3767 tenuiorum
1399 3714 2051 3781 quidem.Consimilem

404 3815 511 3853 nos
543 3816 773 3871 quoque
819 3802 877 3854 in
928 3802 1165 3855 modum
1223 3803 1467 3871 pretioso
1511 3804 1606 3859 Dei
1657 3803 2053 3869 tabernaculo,

404 3888 513 3943 hoc
544 3896 651 3957 cst,
687 3889 863 3959 hujus
897 3890 1181 3958 Ecclesiae,
1216 3893 1369 3961 quod
1408 3909 1521 3945 non
1556 3894 1626 3946 ab
1659 3893 1915 3958 homine,
1953 3893 2053 3947 sed

406 3994 439 4032 a
468 3979 582 4033 Deo
616 3980 792 4033 ﬁxum
839 3984 927 4033 est
947 3980 1011 4048 9‘,
1042 3981 1316 4050 quodque
1346 3981 1521 4036 variis
1552 3981 1831 4035 virtutum
1884 3997 2053 4034 orna-

408 4066 621 4121 mentis
644 4068 1021 4134 construitur,
1049 4069 1201 4123 alius
1225 4069 1418 4123 minus
1443 4070 1745 4140 quiddam,
1766 4069 1915 4124 alius
1938 4086 2056 4123 ma-

398 4157 524 4226 jus,
549 4172 751 4211 omnea
794 4161 989 4211 tamen
1024 4158 1167 4211 citra
1196 4159 1593 4229 exceptionem
1628 4159 1961 4224 offeramus,
1994 4159 2055 4211 in

409 4260 556 4314 opus
605 4245 945 4315 perfectum,
981 4246 1041 4300 in
1094 4245 1497 4300 habitaculum
1530 4247 1765 4314 Christi,
1796 4247 1853 4301 in
1903 4251 2055 4302 tem-

409 4331 572 4404 plum
608 4337 874 4388 sanctum
898 4335 961 4400 95,
987 4334 1434 4390 architectonica
1456 4335 1707 4406 Spiritus
1741 4339 1863 4390 arte
1894 4352 2058 4391 cons-

412 4422 668 4492 tructi,et
685 4423 1254 4495 coagmentati.lllud
1278 4424 1515 4493 quidem
1542 4424 1782 4480 minime
1811 4425 2055 4479 dubium

2156 1934 2569 2013 φρονιζόμενος,
2603 1932 2691 1987 καὶ
2736 1932 2905 2000 θυμὸς
2947 1930 3343 2003 κολαζόμενος,
3375 1933 3465 1985 καὶ
3496 1926 3653 2004 ὄμμα
3682 1952 3814 1985 παι-

2156 2019 2596 2098 δαγωγούμενον,
2646 2022 2733 2075 καὶ
2783 2025 2905 2081 νοῦς
2954 2018 3256 2082 πλανᾶσθαι
3305 2020 3380 2092 μή
3415 2020 3814 2095 συγχωρούμε-

2154 2133 2266 2173 νος.
2300 2110 2467 2168 Οὐδὲν
2498 2111 2640 2165 οὕτω
2694 2111 2884 2184 μικρὸν
2929 2113 3036 2163 τῶν
3089 2109 3486 2185 εἰσφερομένων
3540 2113 3674 2181 Θεῷ,
3709 2110 3812 2162 κᾶν

2157 2199 2444 2277 ἰλάχιστον
2478 2202 2537 2272 ᾖ,
2567 2200 2661 2254 κᾶν
2696 2199 2841 2273 παρὰ
2874 2201 2982 2271 (84)
3013 2198 3157 2253 πολὺ
3201 2204 3300 2266 τῆς
3348 2197 3494 2270 ἀξίας
3554 2196 3820 2269 λειπόμε-

2156 2309 2245 2344 νον
2306 2292 2437 2363 (85),
2491 2288 2519 2343 ὅ
2569 2290 2642 2361 μὴ
2694 2287 2973 2363 προσίεται
3016 2286 3231 2347 πάντως
3260 2286 3348 2340 καὶ
3380 2283 3729 2360 ἀποδέχεται,
3770 2286 3817 2339 εἰ

2156 2378 2245 2432 καὶ
2278 2377 2585 2450 σταθμίζειν
2619 2375 2732 2431 οἶδε
2752 2382 2819 2450 τῇ
2854 2374 3033 2446 δικαίᾳ
3063 2375 3235 2448 κρίσει
3263 2374 3328 2429 τὸ
3359 2372 3532 2436 ἔλεος.
3585 2374 3813 2449 Δέχεται

2156 2467 2246 2522 καὶ
2278 2465 2497 2521 Παύλου
2527 2467 2624 2534 τήν
2649 2465 2886 2543 φυτείαν,
2920 2464 2993 2525 ὡς
3018 2462 3261 2535 Παύλου,
3292 2463 3381 2517 καὶ
3416 2461 3680 2517 Ἀπολλῶ
3708 2464 3812 2530 τὴν

2160 2552 2392 2628 ἀρδείαν,
2426 2556 2514 2609 καὶ
2542 2555 2608 2608 τὰ
2639 2552 2733 2608 δύο
2766 2552 2939 2608 λεπτᾶ
2966 2559 3066 2621 τῆς
3097 2554 3295 2627 χήρας,
3327 2551 3415 2606 καὶ
3446 2557 3545 2607 τοῦ
3568 2550 3815 2606 τελώνου

2156 2645 2256 2713 τήν
2315 2642 2660 2711 ταπείνωσιν,
2720 2643 2809 2697 καὶ
2866 2646 2962 2697 τοῦ
3013 2648 3264 2710 Μανασσῆ
3310 2642 3408 2709 τὴν
3450 2639 3812 2715 ὲξαγόρευσιν,

2158 2736 2361 2801 Μωσῆς
2393 2731 2660 2806 ἐπήγνυτο
2708 2732 2806 2799 τὴν
2860 2732 3066 2800 σκηνὴν
3113 2732 3224 2803 (86)
3254 2729 3421 2799 κάτω,
3448 2729 3549 2797 τὴν
3576 2732 3682 2782 τῶν
3716 2728 3813 2782 οὐ·

2161 2821 2357 2897 ρανίων
2414 2820 2721 2893 ἀντίτυπον,
2761 2817 2849 2874 καί
2897 2821 3091 2881 πάντες
3140 2818 3410 2895 εἰσέφερον
3440 2818 3504 2872 τὸ
3532 2818 3812 2893 κηρυχθὶν

2158 2911 2365 2972 αὐτοῖς.
2399 2912 2462 2963 Οἱ
2494 2908 2550 2964 δὲ
2579 2911 2667 2964 καὶ
2699 2906 3148 2985 αὐτεπάγγελτοι,
3181 2909 3233 2962 οἱ
3269 2908 3362 2981 μὶν
3408 2910 3522 2981 (87)
3580 2908 3812 2981 χρυσὸν,

2162 3000 2214 3053 οἱ
2246 2997 2303 3053 δὲ
2334 2997 2589 3074 ἄργυρον,
2624 3000 2676 3052 οἱ
2705 2996 2763 3052 δὲ
2802 2998 2984 3059 λίθους
3012 2997 3226 3071 τιμίους
3280 2996 3356 3058 εἷς
3384 2998 3486 3064 τὴν
3516 2993 3773 3068 ἐπωμίδα
3796 3015 3809 3025 ·

2161 3089 2215 3144 αἱ
2270 3086 2325 3142 δὲ
2382 3089 2576 3163 βύσσον
2634 3085 3134 3159 διακεκλωσμὲνην,
3195 3086 3250 3139 αὶ
3309 3083 3365 3140 δὲ
3419 3086 3670 3139 κόκκινον
3724 3105 3815 3138 νε-

2162 3264 2549 3340 Θροδανωμένα
2572 3284 2583 3296 ·
2619 3266 2674 3320 αἳ
2706 3263 2762 3320 δὲ
2791 3265 2878 3319 καὶ
2908 3264 3105 3339 τρίχας
3134 3263 3343 3337 αἰγείας
3386 3261 3462 3323 είς
3507 3262 3574 3316 τὰ
3620 3261 3819 3337 κάτερο

2161 3377 2229 3433 γα
2276 3363 2378 3424 τῆς
2428 3358 2650 3425 σκηνῆς,
2697 3355 2759 3408 τὸ
2809 3352 3143 3432 φαυλότατον
3171 3371 3183 3383 ·
3237 3353 3287 3406 οἱ
3325 3349 3381 3406 δὲ
3406 3350 3436 3405 6'
3462 3372 3517 3405 τι
3684 3348 3818 3404 Exa-

2164 3466 2310 3517 στος,
2362 3446 2395 3513 ἢ
2445 3443 2637 3513 ἑκάστη
2699 3443 2919 3519 τύχοιεν
2981 3439 3199 3516 ἔχοντες
3241 3443 3475 3502 ’πάντες
3510 3437 3567 3495 δὲ
3597 3438 3813 3516 ἔφερον,

2162 3532 2251 3587 καὶ
2282 3530 2456 3594 οὐδεὶς
2488 3535 2553 3600 ἦν
2585 3530 2902 3599 ἂσυντελής,
2939 3528 3063 3584 οὐδὲ
3094 3535 3201 3583 τῶν
3249 3528 3603 3584 πενεστάτων.
3654 3528 3817 3585 Οὒτω

2162 3622 2251 3676 καὶ
2282 3624 2443 3693 ἡμεῖς
2474 3620 2542 3694 τῇ
2575 3620 2741 3693 μιμίᾳ
2768 3625 2865 3675 τοῦ
2920 3624 3053 3674 Θεοῦ
3101 3623 3275 3693 σκηνῇ
3323 3616 3490 3687 τῆσδε
3546 3625 3647 3687 τῆς
3698 3619 3818 3671 Ἐκ-

2162 3710 2413 3781 κλησίας,
2444 3711 2505 3778 ἣν
2534 3711 2561 3763 ὁ
2590 3709 2784 3784 Κύριος
2816 3708 2995 3778 επηξε,
3055 3707 3145 3761 καὶ
3195 3709 3307 3781 (89)
3358 3706 3457 3762 οὐκ
3508 3704 3817 3782 ἄνθρωπος,

2163 3801 2197 3868 ἣ
2229 3798 2510 3875 διαφόροις
2556 3800 2747 3870 ἀρετῆς
2798 3794 3261 3869 συνοικοδομεῖται
3309 3794 3591 3862 κάλλεσιν,
3634 3796 3663 3849 ὁ
3717 3796 3817 3867 μὶν

2169 3889 2385 3964 μικρὸν,
2433 3889 2459 3941 ὁ
2510 3885 2565 3941 δὲ
2618 3892 2823 3959 μεῖζον,
2868 3885 3057 3947 πάντες
3114 3883 3171 3939 δὲ
3222 3886 3432 3958 ὁμοίως
3478 3883 3819 3961 εἷσφὲρωμεν

2166 3976 2243 4039 εἷς
2304 3976 2461 4051 ἔργον
2519 3975 2747 4042 τέλειον,
2802 3975 2876 4037 εἷς
2922 3977 3345 4048 κατοικητήριον
3395 3976 3627 4049 Χριστοῦ
3678 3974 3822 4045 (90),

2166 4065 2243 4127 εἷς
2287 4065 2412 4119 ναὸν
2472 4063 2646 4139 ἅγιον,
2702 4064 3087 4137 συντιθέμενοι,
3148 4064 3236 4118 καὶ
3295 4060 3821 4138 συναρμολογούμε-

2164 4174 2250 4209 νοι
2317 4156 2426 4228 (91)
2484 4158 2552 4227 τῇ
2585 4152 2963 4229 ἀρχιτεκτονίᾳ
2989 4157 3085 4207 τοῦ
3113 4152 3449 4225 Πνεύματος.
3483 4152 3703 4211 Πάντως
3763 4148 3821 4205 δὲ

2168 4241 2292 4298 οὐδὲ
2366 4243 2668 4317 εἰσοίσομεν
2752 4247 3030 4312 τοσοῦτον,
3112 4241 3235 4296 ὅσον
3315 4240 3641 4319 εἰλήφαμεν,
3715 4241 3817 4294 κᾶν

2165 4332 2339 4387 πάντα
2393 4331 2744 4408 είσφὲρωμεν.
2808 4330 2950 4385 Ἐπεὶ
3011 4330 3099 4385 καὶ
3145 4330 3207 4385 τὸ
3240 4331 3367 4384 εἶναι
3400 4332 3534 4403 ἡμῖν
3570 4328 3630 4383 ἐκ
3659 4333 3819 4402 Θεοῦ,

2165 4422 2256 4478 καὶ
2312 4421 2375 4475 τὸ
2435 4419 2626 4475 εἰδέναι
2684 4421 2836 4489 Θεὸν,
2892 4420 2981 4475 καὶ
3013 4419 3143 4475 αὐτὸ
3172 4419 3236 4475 τὸ
3269 4418 3414 4496 ἔχειν
3446 4417 3476 4473 6'
3507 4417 3819 4494 εἰσενέγκω-

410 4516 517 4579 est,
544 4513 710 4582 quin,
741 4512 972 4567 etiamsi
1021 4512 1217 4566 omnia
1265 4513 1708 4581 contulerimus,
1742 4514 1939 4569 minus
1970 4518 2049 4569 ta-

2172 4532 2287 4586 μεν.
2322 4510 2391 4565 Τὸ
2424 4507 2480 4564 δὲ
2528 4484 2831 4564 κάλλιστον’
2880 4509 2969 4563 καὶ
3029 4484 3564 4587 φιλανθρωπότατον,
3598 4484 3697 4562 δτι¹
3740 4508 3817 4579 μὴ

484 4646 525 4680 ετ
557 4646 746 4717 Philip

411 4735 608 4784 xxxm,
646 4720 709 4772 12
741 4734 870 4789 sqq.
949 4718 991 4751 93
1025 4718 1195 4773 Exod.
1229 4735 1357 4785 xxv,
1390 4720 1422 4771 3
1454 4737 1602 4789 sqq.;
1632 4738 1799 4790 xxxv,
1830 4723 1900 4775 22
1927 4739 2058 4793 sqq.

753 4663 807 4717 p.
843 4663 925 4712 III,
962 4648 1046 4699 13.
1124 4647 1167 4679 ⁸⁸
1202 4649 1308 4699 lsa.
1361 4664 1556 4715 XXVIII,
1614 4649 1696 4701 17.
1774 4650 1819 4683 ⁸ο
1855 4652 1871 4703 Ι
1906 4650 2033 4705 Cor.

753 4734 870 4787 sqq.
949 4718 991 4751 93
1025 4718 1195 4773 Exod.
1229 4735 1357 4785 xxv,
1390 4720 1422 4771 3
1454 4737 1602 4787 sqq.;
1632 4738 1799 4787 xxxv,
1830 4723 1900 4775 22
1927 4739 2049 4787 sqq.

2184 4648 2237 4701 6.
2315 4647 2359 4681 9°
2390 4646 2527 4700 Luc.
2579 4661 2694 4711 xxI,
2743 4648 2795 4698 2.
2874 4644 2913 4679 ⁰¹
2950 4645 3086 4699 Luc.
3119 4660 3277 4712 xvm,
3314 4644 3400 4699 13.
3475 4643 3521 4679 ⁹²
3552 4645 3600 4699 ΙΙ
3627 4642 3817 4698 Paral.

2163 4721 2181 4754 ‘
2209 4719 2380 4774 Hebr.
2412 4734 2535 4783 VIII,
2567 4717 2619 4771 2.
2696 4716 2741 4751 9³
2772 4716 2980 4787 Ephes.
3014 4732 3078 4787 II,
3106 4716 3196 4770 21.

2368 4760 2380 4772 ο
2424 4756 2535 4783 πιιι,
2567 4756 2619 4771 HC
2772 4756 2980 4787 util-IV“.
3016 4756 3078 4787 ll,
3107 4756 3196 4770 νδ.

413 4861 565 4913 recte
598 4856 856 4930 quidem.
890 4856 1281 4929 Etenim'post
1327 4875 1575 4914 messem
1606 4859 1802 4930 fruges
1832 4859 1891 4913 in
1922 4859 2061 4913 hor-
2168 4856 2326 4930 tione
2353 4857 2670 4930 verte_rat,_«
2698 4852 3218 4930 tabernaculum,»
3248 4850 3403 4930 quod
3435 4867 3578 4930 sane
3609 4851 3822 4930 rectius

413 4930 528 4984 reis
560 4929 975 4983 reconduntur.

486 5001 599 5141 (80)
630 5000 706 5055 Τὸ
741 4996 909 5071 μηδὲν
940 4996 1107 5073 ἔχειν.
1143 5001 1345 5057 Billius
1380 5019 1391 5057 :
1420 5024 1446 5051 κ(
1480 5004 1902 5125 paupertatem.
1940 5022 1966 5049 ››

510 5073 573 5126 81
629 5072 699 5124 Τὸ
728 5072 817 5125 τὸν
859 5070 1333 5141 προθυμούμενον,
1367 5078 1475 5128 etc.
1508 5073 1593 5127 Bil
1625 5073 1716 5127 ius
1748 5073 1925 5127 nimis
1958 5090 1966 5141 ]

416 5220 471 5272 et
502 5216 1140 5272 commendationem.»

487 5288 599 5359 (8‘2)
631 5286 749 5342 Καί.
788 5288 880 5343 Sic
931 5290 1131 5342 decem
1166 5286 1345 5354 Colb.,
1382 5288 1476 5341 Or.
1516 5288 1567 5356 1,
1600 5290 1655 5341 et
1704 5290 1863 5341 Pass.
1898 5286 2067 5341 Deest

416 5360 474 5415 in
507 5360 599 5414 ed.

629 5072 701 5145 Τὸ
728 5070 817 5125 τὸν
859 5070 1333 5145 προθυμούμενον,
1367 5070 1925 5145 etchilliusnimis
1958 5090 2062 5143 p8.-

416 5144 775 5216 raphrastice
810 5160 821 5197 :
851 5167 876 5193 ‹‹
905 5143 1168 5200 hominis
1198 5162 1264 5201 eo
1295 5146 1502 5201 affectu
1558 5144 1780 5216 praediti
1831 5143 2063 5200 laudem

2168 4928 2417 4983 videtur.
2452 4921 2630 4980 Aliud
2660 4925 2817 4980 enim
2849 4928 2973 4979 erat
3007 4946 3027 4973 α
3062 4940 3214 4991 arca,
3237 4921 3281 4973 »ἡ
3300 4921 3456 4978 aliud
3492 4946 3519 4973 «
3551 4923 3821 4979 taberna-

2173 4997 2396 5055 culum.
2425 5018 2454 5045 ››

2267 5070 2358 5138 87)
2389 5066 2451 5120 0t
2489 5065 2605 5136 μὲν.
2642 5070 2763 5120 Duo
2795 5066 2971 5138 Regg.
3005 5070 3064 5120 et
3089 5065 3185 5121 Or.
3218 5066 3266 5133 1,
3300 5063 3328 5117 ὁ
3364 5063 3479 5138 μιν.

2266 5135 2354 5204 88)
2384 5141 2448 5191 ’Ὀ
2485 5135 2557 5193 τι.
2592 5139 2778 5204 Pass.,
2813 5135 2959 5191 et’h‘.

2267 5207 2358 5266 89)
2390 5207 2509 5264 Καί.
2543 5210 2638 5264 Sic
2668 5214 2833 5263 Pass.
2866 5210 3037 5264 Deest
3063 5207 3122 5263 in
3155 5207 3247 5262 ed.

2266 5280 2357 5351 90)
2392 5284 2645 5355 Χριστοῦ.
2680 5280 2838 5336 Colb.
2876 5282 3109 5355 1,0506.

2248 5346 2360 5425 (91)
2421 5346 2790 5424 Συντιθὲμινοι
2866 5346 2958 5405 καί
3031 5346 3627 5425 συναρμολογούμενοιῌ.
3705 5347 3827 5425 Bil-

488 5432 599 5502 (83)
650 5430 735 5506 Ἐν
798 5428 1115 5504 προστασίᾳ.
1168 5428 1340 5483 Cois].
1404 5429 1436 5481 3
1486 5435 1539 5483 et
1588 5429 1682 5482 ΟΡ.
1738 5430 1785 5493 1,
1851 5427 1900 5481 ἐν
1949 5432 2049 5481 ταῖς

2174 5420 2394 5506 Ιὶυελξα
2426 5420 2831 5506 constructum
2878 5430 2933 5479 et
2964 5420 3472 5506 coagmentatum.
3498 5443 3525 5470 »
3555 5422 3631 5506 .Ιά’
3656 5420 3835 5506 refert

416 5500 791 5578 “apparatibus.

490 5577 604 5646 (84)
638 5575 805 5646 Παρὰ,
839 5574 931 5628 Sic
969 5573 1105 5641 Reg.
1140 5572 1447 5646 ph.iDeest‘
1476 5572 1531 5624 in
1568 5572 1657 5646 ed.

497 5640 599 5716 ’85)
638 5640 991 5716 Λειπὸμενον.
1025 5640 1199 5700 Coisl.
1238 5645 1285 5713 1,
1323 5640 1781 5716 ἀπολειπόμενον.

492 5658 605 5792 (86)
632 5718 739 5786 Τὴν
774 5718 996 5788 σκηνήν.
1025 5716 1230 5775 Billius
1267 5735 1293 5770 α
1332 5732 1545 5775 arcam.
1568 5734 1594 5769 ιι
1632 5721 1696 5772 In
1728 5732 1781 5790 pi

513 5714 605 5789 86)
632 5718 739 5786 Τὴν
774 5714 996 5788 σκηνήν.
1025 5716 1230 5775 Billtus
1267 5735 1293 5770 α
1332 5732 1545 5775 arcam.
1568 5714 1609 5769 ni
1632 5721 1696 5772 In
1728 5716 1919 5790 prima
1947 5714 2065 5774 edi-

2177 5522 2204 5548 ‹‹
2242 5498 2311 5552 ad
2346 5496 2655 5568 templum,
2686 5519 2712 5546 ››
2746 5512 2879 5552 cum
2913 5496 2981 5551 ad
3014 5512 3120 5551 nos
3164 5494 3325 5568 ipsos
3367 5494 3565 5568 referri
3582 5494 3830 5568 debeat.

2174 5569 2291 5624 Nos
2321 5565 2485 5623 enim
2510 5569 2621 5638 ipsi
2670 5585 2899 5630 sumus,
2934 5568 3056 5639 qui,
3088 5565 3542 5621 architectonica
3571 5565 3832 5635 Spiritus

2178 5640 2378 5770 sanctit
2396 5645 2537 5712 arte,
2563 5662 2590 5691 «
2624 5641 2683 5697 in
2712 5640 2999 5714 templum
3032 5639 3130 5696 Dei
3159 5639 3582 5709 construimur,
3613 5642 3672 5693 et
3700 5651 3832 5692 coa-

2178 5729 2350 5770 Izmen
2382 5728 2572 5770 amur.

2177 5728 2572 5787 gmentamur.
