4094 6288
270 413 425 477 1053

750 414 1046 476 ORATIO
1090 414 1243 476 XIX.
1278 449 1353 460 —
1384 417 1487 476 AD
1530 413 1928 478 JULIANUM
1972 413 2489 476 TRIBUTORUM
2536 411 3181 483 EXIEQUATOBEM.

3521 410 3677 472 1054

263 546 333 621 τῇ
396 546 516 619 ἀξίᾳ
570 549 667 601 τοῦ
739 543 1045 619 διδομένου,
1121 548 1189 622 τῇ
1264 545 1321 602 δὲ
1396 545 1621 621 δυνάμει
1694 547 1783 601 καὶ
1848 548 1907 618 τῇ

2030 563 2162 603 men
2214 546 2480 603 collaturi
2534 546 2741 611 simus,
2794 562 2969 613 quam
3020 544 3375 616 accepimus.
3408 545 3679 608 Quando-

269 633 504 691 διαθέσει
550 639 646 689 τοῦ
695 641 1193 714 καρποφοροῦντ-.ης,
1250 642 1435 711 μετρεῖ
1481 638 1608 699 Θεὸς
1654 638 1752 706 τήν
1800 634 1917 690 ἰπί-

268 722 440 780 δοσιν.

2030 637 2265 709 quidem
2322 636 2498 692 divini
2555 637 2817 691 beneﬁci;
2884 635 3187 705 u..t,quod
3245 651 3473 705 sumus,
3523 650 3711 705 quas

2029 726 2211 781 Deum
2255 727 2688 797 cognoscimus,
2722 725 2990 794 quodque
3038 724 3233 792 etiam,
3268 724 3421 794 quod
3469 724 3674 777 olioru-

270 831 423 881 mus,
459 814 768 871 habemus.
797 817 986 887 Atque
1027 816 1171 871 illud
1217 816 1677 888 pulcherrimum
1710 815 2327 886 humanissimumque
2358 817 2713 870 censendum
2740 818 2850 879 est,
2882 815 3037 885 quod
3085 819 3233 869 Deus
3280 812 3675 884 largitionem,

270 922 383 960 non
418 904 623 959 oblatae
655 904 737 960 rei
769 906 955 976 pretio
985 908 1042 959 et
1072 906 1372 978 dignitate,
1405 908 1505 962 sed
1539 907 1831 963 offerentis
1865 908 2069 962 all'ectu
2101 909 2156 959 et
2186 905 2459 959 facultate
2490 905 2783 959 metiatur.

341 994 414 1048 ϐ’.
447 996 535 1060 Μή
570 993 660 1046 οὖν
693 992 979 1066 ἀναμείνῃς
1017 993 1259 1069 γενέσθαι
1311 995 1570 1071 χρηστὸς,
1622 993 1747 1050 ἀλλ’
1804 992 1913 1063 ἤδη

269 1086 428 1155 γενοῦ
454 1101 465 1113 ·
506 1079 645 1154 μηδὶ
676 1081 756 1136 ὅτι
788 1089 888 1150 τῆς
923 1081 1068 1155 ἀξίας
1101 1082 1348 1158 λείπῃ,τὸ
1377 1090 1478 1137 πᾶν
1516 1083 1745 1159 έλλίπῃς
1781 1086 1910 1158 (92).

265 1169 444 1226 Ἀλλᾶ
496 1173 557 1226 τὸ
616 1173 709 1245 μὲν
761 1171 1051 1247 εἰσένεγκε,
1108 1174 1171 1227 τὸ
1236 1171 1292 1228 δὲ
1342 1176 1726 1250 προθυμήθητι
1782 1176 1913 1247 (93),

265 1261 394 1336 ὑπὲρ
428 1258 483 1314 δὲ
508 1266 603 1315 τοῦ
638 1259 862 1332 δεήθητι
894 1260 1116 1331 δοθῆναι
1165 1264 1487 1339 συγγνώμην
1535 1267 1603 1337 τῇ
1656 1263 1912 1333 ἀσθενείᾳ.

264 1349 377 1407 Ούκ
436 1349 669 1427 ὀφθήσῃ,
738 1350 890 1428 φησὶ,
966 1352 1123 1414 κενὸς
1198 1351 1433 1407 ἐναντίον
1514 1374 1640 1425 μου.
1708 1349 1912 1421 Μηδεὶς

264 1439 400 1493 ἔστω
448 1440 621 1508 κενὸς,
676 1436 817 1512 μηδὲ
849 1436 1111 1517 ἄκαρπος,
1149 1439 1289 1513 μηδέ
1313 1462 1396 1504 τις
1428 1446 1611 1517 στεῖρα
1640 1442 1793 1516 ψυχὴ
1825 1441 1913 1495 καὶ

265 1528 478 1603 ἄγονος.
534 1530 799 1592 Ἕκαστος
857 1528 915 1584 ἐκ
974 1534 1081 1584 τῶν
1155 1529 1438 1606 παρόντων
1496 1530 1912 1608 καρποφορείτω

269 1622 405 1689 Θεῷ,
436 1618 526 1672 καὶ
556 1617 616 1673 έκ
642 1620 749 1673 τῶν
782 1616 995 1673 οἰκείων
1029 1620 1139 1693 (94)
1164 1637 1177 1651 ⁸
1214 1619 1242 1673 6
1293 1618 1610 1696 ἁμαρτάνων
1666 1620 1765 1689 τὴν
1819 1641 1912 1693 με·

266 1702 532 1779 ταϐολὴν,
565 1707 594 1760 6
623 1706 809 1770 καλῶς
839 1708 1071 1783 νρέχων,
1101 1708 1203 1777 τὴν
1254 1706 1515 1782 εὐτονίαν,
1567 1709 1594 1762 6
1642 1710 1760 1770 νέος
1814 1710 1913 1777 τὴν

268 1795 602 1872 ἐγκράτειαν,
650 1797 685 1866 ἠ
739 1795 911 1852 πολιὰ
954 1796 1053 1866 τὴν
1107 1796 1390 1875 φρόνησιν,
1443 1796 1471 1853 6
1519 1796 1783 1859 πλούσιος
1810 1799 1909 1867 τήν

271 1856 637 1957 μετάδοσινίὸ
667 1856 835 1954 πένης
868 1886 964 1954 τὴν
999 1856 1428 1962 εύχάριστίαν,’ὁ
1460 1887 1511 1940 έν
1555 1856 1779 1958 ἰξουσίᾳ-
1812 1856 1910 1955 την
1949 1856 1997 1923 Β

266 1973 514 2047 ἆτυγίαν,
575 1974 602 2028 6
662 1974 995 2050 εἰσπράττων
1056 1977 1155 2044 τὴν
1214 1976 1554 2048 ἡμερότητα.
1614 1977 1677 2029 Οἱ
1727 1977 1913 2051 ἱερεῖς,

264 2061 549 2127 ἰνδύσασθε
587 2062 955 2135 δικαιοσύνην,
1008 2065 1067 2135 ἢ,
1118 2063 1177 2118 τό
1235 2086 1295 2141 γε
1324 2064 1686 2141 ἀληθέστερον
1722 2066 1915 2132 εἰπεῖν,

268 2149 649 2224 ἐνδυσώμεθα.
686 2153 759 2224 μὴ
803 2148 1196 2228 διασπείρωμεν
1242 2155 1309 2207 τὰ
1363 2149 1613 2229 πρόϐατα
1666 2161 1766 2222 τῆς
1822 2175 1912 2208 νο-

269 2247 398 2313 μῆς,
461 2240 548 2295 καὶ
582 2238 1000 2318 διαφθείρωμεν,
1064 2243 1194 2317 ὑπὲρ
1229 2244 1301 2296 ὧν
1333 2240 1489 2311 ἔθηκε
1520 2244 1617 2309 τὴν
1652 2244 1834 2318 ψυχήν
1887 2242 1914 2296 6

264 2332 473 2402 ποιμὴν
509 2332 536 2384 6
566 2330 756 2397 καλὸς,
792 2332 818 2385 6
849 2332 1127 2404 γινώσκων
1157 2334 1225 2385 τὰ
1257 2330 1383 2399 ἴδια,
1434 2331 1522 2385 καὶ
1580 2331 1917 2406 γινωσκόμε-

263 2439 352 2480 νος
403 2419 507 2473 ίιπὸ
555 2424 662 2472 τῶν
706 2416 882 2491 ἰδίων,
932 2418 1020 2474 καί
1065 2419 1245 2475 καλῶν
1296 2421 1413 2475 κατ’
1443 2416 1635 2494 ὄνομα,
1669 2421 1757 2474 καὶ
1806 2419 1912 2474 εἰσ-

268 2506 414 2583 άγων
447 2507 599 2579 αὐτὰ,
632 2508 721 2561 καὶ
772 2506 970 2583 ἐξάγων
1022 2508 1127 2563 ἀπό
1182 2530 1241 2563 τε
1286 2508 1534 2570 ἀπιστίας
1589 2508 1664 2571 είς
1714 2508 1912 2577 πίστιν,

270 2596 359 2651 καὶ
415 2596 519 2651 ἀπὸ
578 2603 677 2665 τῆς
731 2600 872 2666 ζωῆς
918 2596 1117 2669 ταύτης
1164 2598 1251 2653 ἐπὶ
1296 2600 1395 2668 τήν
1450 2597 1647 2661 ἐκεῖθεν
1681 2598 1913 2653 ἀνάπαυ-

270 2706 375 2741 σιν.
412 2680 775 2759 Φοϐηθῶμεν,
813 2688 887 2759 μὴ
924 2687 1011 2764 ἀφ’
1044 2689 1202 2760 ἡμῶν
1236 2685 1459 2761 ἄρξηται
1490 2688 1553 2742 τὸ
1583 2692 1773 2764 κρῖμα,
1818 2708 1913 2742 κα-

266 2775 331 2829 τὰ
360 2775 457 2843 τὴν
490 2772 719 2845 ἀπειλήν
744 2795 755 2807 ·
794 2777 869 2849 μὴ
899 2770 1153 2849 λάϐωμεν
1196 2775 1255 2831 ἐκ
1284 2779 1470 2853 χειρὸς
1511 2776 1713 2853 Κυρίου
1744 2774 1913 2831 διπλᾶ

264 2863 330 2916 τὰ
392 2862 762 2937 ἁμαρτήματα
819 2867 950 2937 (95),
1011 2865 1165 2919 αὐτοί
1220 2887 1279 2920 τε
1334 2866 1433 2921 οὐκ
1490 2866 1764 2936 εἰσιόντες,
1820 2865 1910 2921 καὶ

262 2950 389 3011 τοὺς
424 2950 679 3015 εἰσελθεῖν
716 2950 1043 3025 δυναμένους
1076 2953 1404 3017 κωλύοντες.

2100 996 2183 1050 IX.
2224 994 2469 1049 Proinde
2502 1011 2572 1048 ne
2603 993 2889 1065 benignus
2922 1009 3049 1048 esse
3081 992 3391 1061 cunctaris,
3422 992 3521 1047 sed
3547 993 3671 1062 jam

2025 1092 2177 1153 esto;
2224 1101 2345 1152 nec,
2381 1085 2519 1154 quia
2568 1082 2711 1137 satis
2745 1084 2987 1154 dignum
3040 1100 3255 1137 munus
3304 1082 3507 1135 offerre
3557 1100 3671 1135 non

2025 1179 2209 1246 potes,
2242 1172 2457 1229 idcirco
2516 1172 2773 1227 ofﬁcium
2828 1173 3067 1227 omnino
3115 1173 3334 1227 desere.
3370 1171 3516 1234 Quin
3575 1188 3670 1241 po-

2025 1263 2141 1317 tius
2192 1263 2272 1317 ita
2320 1266 2375 1317 te
2427 1278 2721 1332 compara,
2756 1266 2819 1315 ut
2865 1261 2979 1316 alia
3034 1262 3233 1315 statim
3288 1260 3516 1329 offeras,
3561 1259 3675 1313 alia

2027 1357 2297 1424 prompta
2326 1368 2393 1405 ac
2424 1367 2717 1422 propensa
2755 1350 3050 1405 voluntate
3081 1350 3284 1404 oﬂ‘erre
3315 1353 3569 1419 exoptes,
3604 1348 3674 1402 do

2026 1440 2156 1495 aliis
2194 1439 2522 1495 inﬁrmitati
2552 1444 2664 1494 tuae
2694 1439 2923 1493 veniam
2972 1444 3157 1509 petas.
3189 1442 3309 1493 Non
3358 1438 3669 1508 apparebz’s,

2026 1528 2239 1600 inquit,
2288 1544 2473 1584 coram
2518 1543 2604 1583 me
2654 1544 2854 1583 vacuus
2875 1528 2938 1581 9°.
2971 1528 3151 1583 Nemo
3199 1527 3380 1598 igitur
3427 1543 3669 1591 vacuus,

2024 1623 2082 1675 et
2112 1618 2514 1673 infructuosus
2546 1618 2641 1685 sit,
2674 1634 2779 1673 nec
2810 1616 3007 1673 anima
3037 1616 3158 1672 ulla
3197 1616 3413 1672 sterilis
3443 1623 3495 1671 et
3526 1615 3672 1670 infe-

2025 1708 2237 1764 cunda.
2269 1705 2690 1778 Unusquisque
2737 1711 2850 1762 Deo
2899 1722 3025 1777 quae
3072 1709 3414 1777 suppetunt,
3446 1708 3502 1759 et
3545 1722 3671 1775 quae

2025 1796 2263 1869 propria
2293 1799 2452 1863 sunt,
2482 1796 2633 1850 869
2666 1794 2928 1851 muneris
2960 1795 3083 1850 loco
3127 1794 3331 1849 offerat
3364 1810 3375 1847 :
3410 1792 3508 1864 qui
3542 1811 3670 1865 pec-

2027 1890 2141 1957 cat,
2171 1884 2300 1941 vitaa
2349 1886 2768 1952 mutationem;
2801 1884 2901 1955 qui
2959 1888 3110 1939 recte
3155 1883 3358 1952 currit,
3391 1882 3451 1937 in
3497 1899 3673 1939 cursu

2027 1975 2449 2042 constantiam;
2482 1974 2820 2029 adolescens
2852 1974 3293 2038 continentiam,
3329 1989 3505 2028 senex
3536 1990 3673 2044 pru-

2026 2065 2305 2131 dentiam,
2327 2065 2485 2119 dives
2506 2064 2893 2135 largitionem,
2915 2080 3134 2135 pauper
3154 2064 3476 2134 gratiarum
3501 2063 3675 2117 actio-

2028 2171 2191 2221 nem;
2238 2153 2339 2224 qui
2390 2153 2646 2224 potentia
2694 2151 2890 2221 pollet,
2924 2151 3309 2216 modestiam;
3342 2151 3440 2222 qui
3474 2152 3672 2223 exigit,

2026 2242 2559 2297 mansuetudinem.
2634 2241 2974 2307 Sacerdotes,
3036 2239 3249 2295 induite
3303 2241 3583 2311 justitiam
3607 2243 3670 2309 97,

2027 2335 2148 2399 aut,
2180 2334 2244 2384 ut
2274 2328 2468 2384 verius
2497 2330 2710 2394 dicam,
2741 2328 3054 2383 induamus
3088 2344 3100 2381 :
3136 2345 3361 2399 pascuae
3414 2346 3547 2383 oves
3602 2346 3672 2384 no

2025 2419 2435 2490 dispergamus
2461 2422 2515 2473 et
2541 2416 2887 2490 jugulemus
2908 2418 2971 2485 93,
2996 2434 3098 2489 pro
3120 2418 3335 2489 quibus
3358 2417 3546 2472 bonus
3576 2418 3671 2473 ille

2025 2509 2227 2564 Pastor
2256 2508 2514 2565 animam
2546 2525 2711 2563 suam
2745 2507 2959 2579 posuit,
2984 2507 3085 2578 qui
3118 2524 3249 2561 oves
3282 2524 3418 2562 suas
3452 2524 3669 2579 cogno-

2023 2598 2153 2668 scit,
2177 2604 2235 2655 et
2264 2617 2297 2655 a
2327 2598 2449 2655 suis
2501 2598 2890 2670 cognoscitur,
2924 2600 2981 2652 et
3017 2613 3115 2652 eas
3160 2601 3343 2663 vocat,
3377 2601 3433 2651 et
3480 2596 3666 2652 intro-

2022 2691 2183 2745 ducit
2211 2695 2387 2761 atque
2417 2689 2697 2761 educit”,
2730 2692 2856 2743 tum
2889 2689 2961 2743 ab
2991 2687 3291 2759 impietate
3344 2688 3414 2743 ad
3468 2687 3665 2759 ﬁdem,

2020 2782 2148 2835 tum
2180 2780 2251 2835 ab
2282 2780 2390 2835 hac
2418 2780 2539 2835 vita
2568 2779 2640 2833 ad
2688 2778 2946 2833 futuram
2991 2778 3273 2848 requiem.
3307 2776 3663 2844 Timeamus,

2021 2885 2112 2936 ne,
2137 2870 2292 2939 quod
2332 2868 2633 2938 Scriptura
2676 2866 3086 2935 comminatur,
3119 2882 3153 2920 a
3184 2865 3351 2919 nobis
3383 2865 3479 2919 Dei
3505 2866 3664 2935 judi-

2021 2956 2176 3012 cium
2207 2956 2517 3027 incipiat‘;
2551 2972 2624 3010 ne
2653 2956 2723 3010 de
2754 2972 2932 3010 manu
2976 2954 3204 3009 Domini
3238 2953 3497 3026 duplicia
3527 2970 3662 3024 pec-

259 3046 387 3096 cata
432 3043 794 3114 accipiamus
815 3044 856 3111 ²,
890 3060 1005 3098 non
1054 3045 1226 3099 modo
1275 3046 1389 3116 ipsi
1440 3061 1555 3099 non
1612 3045 1999 3112 introeuntes,
2031 3047 2131 3102 sed
2178 3046 2355 3101 etiam
2387 3049 2445 3100 et
2473 3061 2571 3100 eos
2624 3044 2721 3115 qui
2768 3045 3009 3099 introire
3057 3048 3326 3115 possunt,
3359 3043 3668 3115 prohiben-

255 3133 343 3185 tes
368 3131 410 3186 ⁸.

330 3218 386 3274 Ῑ’.
456 3218 532 3271 Τὰ
608 3213 875 3293 πρόϐατα,
937 3219 1012 3290 μή
1069 3218 1382 3291 ποιμαίνετε
1434 3220 1563 3283 τοὺς
1619 3222 1905 3295 ποιμένας,

2084 3223 2151 3279 Χ.
2185 3224 2350 3293 Oves,
2384 3227 2646 3295 pastores
2706 3238 2778 3279 ne
2836 3221 3077 3295 pascite,
3122 3238 3226 3277 nec
3284 3238 3464 3293 supra
3523 3222 3667 3277 ﬁnes

269 3302 411 3379 μηδὲ
459 3304 589 3381 ὑπὲρ
638 3304 763 3367 τοὺς
823 3306 1022 3361 ἑαυτῶν
1071 3307 1230 3383 ὅρους
1262 3307 1575 3385 ἐπαίρεσθε·
1610 3310 1764 3385 ἀρκεῖ
1807 3311 1907 3387 γὰρ

262 3393 417 3467 ὑμῖν,
475 3393 535 3448 ἃν
577 3392 760 3457 καλῶς
806 3396 1169 3469 ποιμαίνησθε
1414 3400 1500 3468 Μὴ
1554 3397 1762 3473 κρίνετε
1784 3400 1909 3462 τοὺς

261 3483 467 3558 κριτὰς,
534 3481 674 3556 μηδὲ
721 3490 1065 3557 νομοτεθεῖτε
1109 3491 1225 3549 τοῖς
1278 3487 1632 3559 νομοθέταις·
1686 3488 1747 3543 οὖ
1804 3494 1907 3565 γάρ

263 3571 371 3626 ἐστι
433 3573 560 3634 Θεὸς
620 3572 1009 3637 ἀκαταστασίας
1064 3576 1152 3630 καὶ
1212 3577 1445 3649 ἀταξίας,
1505 3576 1631 3633 ἀλλ’
1688 3578 1907 3655 εἰρήνης

258 3660 345 3715 καὶ
393 3661 615 3733 τάξεως.
665 3664 753 3732 Μὴ
801 3664 980 3719 τοίνυν
1033 3663 1169 3720 ἔστω
1207 3687 1289 3728 τις
1318 3666 1551 3743 κεφαλὴ,
1588 3667 1750 3742 μόγις
1804 3690 1909 3723 που

259 3751 383 3826 χεὶρ
413 3751 721 3827 τυγχάνων,
751 3754 785 3820 ἢ
819 3758 976 3825 ποῦς,
1009 3756 1042 3822 ἢ
1084 3754 1225 3810 ἄλλο
1270 3776 1321 3809 τι
1369 3760 1477 3810 τῶν
1519 3755 1907 3832 εὐτελεστέρων

264 3840 443 3911 μελῶν
496 3843 609 3912 (97)
654 3846 750 3894 τοῦ
791 3844 1042 3913 σώματος
1067 3862 1079 3874 ·
1114 3841 1239 3898 ἀλλ’
1270 3841 1492 3904 ἕκαστος
1525 3844 1575 3898 έν
1610 3844 1646 3918 ᾖ
1697 3843 1903 3917 ἐκλήθη

253 3927 419 3998 τάξει,
472 3926 725 4005 ἀδελφοὶ,
774 3928 826 3982 έν
874 3928 1041 4003 ταύτῃ
1096 3932 1322 4003 μενέτω,
1351 3932 1446 3985 κᾶν
1479 3931 1515 4005 ᾖ
1541 3940 1641 4000 τῆς
1668 3933 1909 4007 κρείττο-

254 4036 344 4077 νος
404 4016 551 4087 ἄξιος
580 4036 593 4049 ⁸
654 4016 706 4072 έν
757 4019 802 4091 ᾧ
852 4020 1064 4093 στέργει
1096 4022 1207 4093 (98)
1236 4041 1265 4074 τ
1290 4021 1353 4089 ὴν
1387 4025 1683 4097 παροῦσαν,
1740 4020 1905 4076 πλέον

253 4102 581 4178 εὐδοκιμῶν,
638 4108 672 4175 ἢ
726 4105 776 4160 ἐν
824 4111 902 4178 τῷ
956 4112 1134 4178 ζητεῖν
1182 4111 1241 4177 ἣν
1295 4110 1394 4165 οὐκ
1436 4105 1650 4166 ἔλαϐεν.
1685 4113 1771 4180 Μή
1800 4132 1907 4184 τις,

252 4192 365 4248 ἰνὸν
426 4190 724 4256 ἀκινδύνως
772 4191 1015 4269 ἕπεσθαι,
1075 4194 1261 4273 ἄρχειν
1324 4196 1677 4261 ἐπικινδύνως
1729 4199 1911 4263 ἐπιθυ-

256 4280 461 4356 μείτω’
520 4281 661 4357 μηδὲ
708 4284 736 4339 6
782 4290 884 4353 τῆς
937 4284 1217 4361 ὑποταγῆς
1265 4286 1435 4360 νόμος
1473 4286 1843 4358 καταλυέσθω,
1874 4290 1909 4359 ἢ

251 4370 341 4427 καὶ
398 4373 465 4427 τὰ
522 4369 731 4448 έπίγεια
778 4373 993 4449 συνέχει
1024 4375 1209 4430 καὶτὰ
1238 4374 1496 4449 ούράνια’
1535 4373 1677 4449 μηδὶ
1723 4381 1896 4433 ποιῶ-

259 4480 353 4532 μεν
421 4457 683 4535 ἀναρχίαν
736 4461 834 4530 τήν
880 4458 1248 4537 πολυαρχίαν.
1299 4466 1360 4518 Ol
1390 4464 1513 4540 περὶ
1572 4463 1792 4542 λόγους,
1828 4468 1902 4540 μὴ

2018 3316 2244 3369 vestros
2302 3313 2625 3384 assurgite;
2660 3312 2803 3367 satis
2849 3312 3005 3367 enim
3054 3312 3216 3367 vobis
3273 3316 3381 3381 est,
3415 3310 3464 3365 si
3522 3317 3673 3366 recte

2019 3402 2361 3475 pascamini.
2396 3402 2584 3457 Nolite
2607 3402 2874 3473 judicare
2905 3401 3156 3473 judices,
3192 3418 3295 3456 nec
3326 3400 3672 3471 legislatori-

2019 3492 2131 3547 bus
2162 3491 2317 3565 leges
2367 3492 2744 3563 prascribite.
2780 3492 2905 3546 Non
2960 3495 3045 3546 est
3096 3491 3251 3546 enim
3286 3489 3672 3546 dissensionis

2019 3585 2075 3637 et
2106 3580 2465 3637 confusionis
2496 3586 2669 3649 Deus,
2694 3582 2795 3635 sed
2837 3580 2995 3652 pacis
3024 3584 3080 3635 et
3110 3580 3333 3635 ordinis
3354 3580 3394 3634 ⁸.
3425 3580 3505 3634 Ne
3536 3580 3671 3649 quis

2018 3670 2200 3743 igitur
2251 3675 2425 3742 caput
2468 3671 2563 3737 sit,
2588 3670 2688 3741 qui
2718 3670 2811 3724 vix
2856 3674 2956 3723 aut
3004 3687 3236 3733 manus,
3270 3674 3370 3723 aut
3418 3686 3539 3739 pes,
3573 3674 3673 3722 aut

2017 3759 2192 3814 vilius
2217 3760 2509 3831 quoddam
2554 3759 2708 3813 aliud
2744 3758 3003 3830 corporis
3044 3760 3373 3813 membrum
3410 3763 3499 3812 est
3531 3774 3543 3812 :
3578 3775 3669 3811 ve-

2020 3865 2314 3919 rum.quo
2343 3852 2580 3903 vocatus
2636 3852 2743 3916 est,
2778 3848 2835 3902 in
2886 3864 2953 3902 eo
3003 3849 3185 3919 gradu
3242 3848 3492 3919 quisque
3542 3864 3667 3901 ma-

2019 3942 2171 4005 neat,
2205 3936 2437 3991 etiamsi
2481 3936 2697 4006 alioqui
2733 3936 3119 4008 przestantiori
3153 3936 3367 4007 dignus
3398 3935 3503 4003 sit;
3541 3936 3670 4003 plus

2018 4013 2222 4097 utique
2247 4026 2440 4080 laudis
2471 4025 2776 4080 habiturus
2808 4041 2877 4079 ex
2905 4041 2970 4079 eo
2994 4025 3149 4095 quod
3183 4024 3450 4095 praesenti
3482 4026 3667 4095 gradu

2019 4115 2359 4186 acquiescit,
2393 4131 2571 4187 quam
2620 4115 2668 4169 si
2711 4130 2844 4170 eum
2879 4118 3117 4185 quaerat,
3153 4130 3326 4184 quem
3361 4131 3475 4168 non
3508 4131 3669 4169 acce-

2018 4204 2123 4276 pit.
2148 4203 2229 4259 Ne
2258 4203 2409 4275 quis,
2435 4220 2567 4259 cum
2610 4203 2734 4258 sine
2774 4202 3032 4275 periculo
3065 4202 3246 4257 alium
3279 4202 3443 4274 sequi
3476 4202 3667 4267 liceat,

2017 4292 2219 4365 praeire
2248 4309 2382 4348 cum
2415 4292 2671 4365 periculo
2720 4296 2984 4364 expetat;
3019 4309 3124 4347 nec
3173 4292 3508 4347 obedientiaa
3559 4292 3669 4359 lex,

2018 4398 2145 4454 quae
2176 4386 2296 4438 tam
2328 4387 2559 4437 terrena
2600 4397 2775 4452 quam
2811 4379 3068 4436 ccelestia
3096 4385 3293 4435 tuetur
3323 4385 3501 4451 atque
3531 4398 3665 4436 con-

2016 4475 2228 4538 servat,
2264 4470 2647 4539 infringatur:
2678 4486 2867 4541 neque
2915 4470 3375 4535 committamus,
3409 4476 3474 4524 ut
3522 4487 3660 4539 pree-

255 4544 831 4661 σφόδραὶτοῖςλλόγρις
870 4549 1137 4661 θαρρεῖτε,
1174 4549 1315 4625 μηδὲ
1346 4553 1626 4631 σοφίζεσθε
1681 4555 1905 4630 περισσὰ

2025 4560 2299 4615 tectorum
2331 4559 2650 4613 multitudo
2672 4558 2729 4612 in
2753 4558 3101 4613 dissolutam
3133 4558 3261 4612 sine
3292 4556 3429 4612 ullis
3460 4560 3659 4629 prazt’e-

253 4636 344 4691 καὶ
394 4636 525 4713 ὑπὶρ
569 4637 660 4691 τὸν
703 4636 890 4714 λόγον,
927 4636 1067 4712 μηδὶ
1096 4645 1242 4711 νικᾷν
1276 4640 1587 4715 έπιθυμεῖτε
1616 4644 1786 4699 πάντα
1812 4666 1903 4700 και

250 4728 380 4795 κῶς,
411 4724 539 4781 ἀλλ’
569 4724 709 4781 ἔστιν
744 4726 777 4781 ἃ
803 4726 891 4782 καὶ
920 4729 1180 4796 ἡττᾶσθαι
1219 4727 1405 4792 καλῶς
1453 4730 1704 4807 ἀνέχεσθε
1761 4736 1897 4808 (99).

255 4814 385 4868 Δότε
414 4820 491 4887 τῷ
520 4815 683 4891 Λόγῳ
704 4816 793 4870 τὸν
818 4814 985 4891 λόγον
1016 4838 1028 4852 ο
1047 4820 1313 4890 ποιήσατε
1334 4816 1678 4892 δικαιοσύνης
1700 4821 1893 4895 ὅπλον,

255 4904 331 4976 μὴ
364 4904 591 4959 θανάτου
618 4906 718 4973 τὴν
741 4903 1040 4963 παίδευσιν.

2011 4652 2119 4705 ctis
2149 4648 2375 4704 vivendi
2422 4647 2719 4703 licentiam
2752 4647 2991 4703 recidat.
3023 4647 3129 4711 Qui
3184 4647 3392 4701 litteris
3423 4664 3657 4718 operam

2009 4738 2181 4805 datis,
2216 4753 2289 4793 ne
2314 4735 2590 4793 doctrinm
2622 4740 2795 4808 atque
2826 4736 3167 4807 eloquontim
3201 4740 3401 4791 vestrae
3425 4752 3660 4807 magno-

2008 4843 2143 4900 pere
2186 4826 2517 4895 conﬁdatis,
2550 4842 2653 4882 nec
2685 4826 2997 4881 immodice
3027 4829 3083 4880 et
3113 4825 3247 4897 plus
3280 4842 3457 4896 quam
3512 4826 3658 4880 ratio

2005 4916 2282 4988 postulat,
2342 4915 2637 4988 sapientes
2692 4916 2844 4983 sitis,
2886 4931 2990 4970 nec
3047 4914 3323 4971 omnibus
3375 4914 3432 4968 in
3485 4915 3658 4970 rebus

321 5040 765 5122 “AEXOSI...X_X_I_II,
799 5043 884 5097 15.
962 5044 1407 5122 "_’jsal._c§xx1,
1442 5048 1529 5102 16.
1563 5119 1581 5122 _
1604 5048 1649 5122 f’“
1680 5050 1881 5107 Ezeoh.

2028 5068 2104 5120 1v,
2125 5053 2257 5121 5,6.
2334 5052 2377 5088 9°
2404 5052 2572 5108 Joan.
2604 5071 2655 5119 ι,
2691 5054 2749 5107 11
2786 5068 2912 5122 sqq.
2992 5051 3007 5085 ί
3041 5051 3193 5105 Petr.
3223 5067 3299 5115 ιν,
3326 5051 3413 5104 17.
3490 5050 3510 5083 ²
3546 5052 3654 5104 Isa.

246 5127 336 5181 ιι,
368 5112 424 5167 2.
499 5111 520 5145 ³
550 5110 751 5170 Matth.
786 5130 948 5182 χχιιι,
980 5115 1066 5171 13.
1142 5116 1166 5150 ⁴
1196 5116 1219 5171 l
1247 5116 1374 5173 Cor.
1390 5110 1525 5185 'xxv,
1556 5119 1648 5177 33.

337 5243 429 5386 92;
458 5240 747 5317 Ἐλλίπῃς.
781 5246 877 5301 Or.
913 5248 963 5314 1,
998 5243 1513 5377 instancjmaleh

317 5244 407 5440 (93
457 5315 526 5368 Τὸ
559 5311 615 5369 δὲ
640 5318 1049 5440 πέοθυμήθητι.
1071 5321 1165 5375 Sic
1186 5338 1442 5405 quinque

317 5386 431 5440 νὺ..
465 5387 561 5440 Or.
609 5389 657 5440 1-
727 5406 867 5440 ass..
920 5408 1166 5440 (morum
1217 5398 1513 5440 suntm-itm

339 5311 428 5396 93)
457 5315 526 5396 "re
559 5311 1049 5396 Sevc'poeupvﬁeqn.
1071 5321 1165 5375 Sic
1186 5311 1442 5394 quinque
1466 5311 1670 5396 Regg.,
1696 5324 1896 5380 decem

249 5386 431 5454 Colb.,
465 5387 561 5462 Or.
609 5389 657 5457 1,
684 5386 891 5457 Pass},
920 5386 1167 5462 quorum
1203 5386 1893 5452 'auctoritatewresecavi-

412 5460 487 5530 μή
530 5464 662 5516 ante
702 5460 1112 5536 προθυμῆθητι,
1143 5466 1298 5537 quod
1350 5466 1409 5522 in
1456 5466 1627 5523 editis
1677 5468 1892 5540 reperi-

318 5603 431 5669 (94)
464 5601 564 5657 Καὶ
594 5599 654 5657 ἐκ
680 5605 786 5657 τῶν
821 5602 1051 5659 οἶκείων.
1082 5605 1176 5661 Sic
1210 5606 1405 5669 plures
1434 5609 1600 5664 codd.
1634 5609 1807 5667 Deest
1835 5631 1895 5665 εκ

247 5670 309 5726 in
330 5673 429 5748 ed.
464 5672 669 5748 Billgius
699 5680 871 5748 vertit
898 5692 909 5730 :
934 5698 962 5728 ‹‹
993 5682 1050 5748 et
1076 5670 1232 5748 quod
1267 5679 1379 5734 Deo
1407 5680 1695 5737 convenit.
1720 5704 1748 5732 »

324 5744 432 5818 (95)
462 5743 640 5801 Διπλᾶ
679 5744 747 5801 τὰ
793 5743 1179 5822 ἁμαρτήματα.
1214 5772 1236 5803 ε
1271 5749 1538 5827 Duplioia
1582 5758 1891 5828 peccata,»

2009 5255 2066 5310 id
2098 5260 2208 5326 est,
2236 5279 2257 5306 ι
2292 5256 2555 5329 duplices
2589 5260 2958 5329 peccatorum
2992 5272 3221 5329 pmnas.
3245 5278 3273 5329 »_

2077 5330 2186 5401 (96)
2219 5326 2605 5401 Ποιμᾶιίνησθεξ
2665 5330 2801 5401 Reg.
2869 5328 2966 5400 ph.
2994 5326 3075 5383 iet
3130 5327 3302 5383 Coisl.
3340 5328 3389 5393 1,
3436 5326 3656 5399 ποιμαί-

2003 5400 2197 5455 νοισθε.

2074 5469 2186 5547 (97)
2218 5468 2433 5528 Μελῶν.
2467 5473 2603 5547 Reg.
2645 5471 2744 5546 pb,
2778 5469 2951 5528 Coisl.
2987 5472 3037 5539 1,
3072 5474 3200 5526 octo
3248 5470 3431 5541 Colb.,
3466 5470 3561 5525 Or.
3598 5472 3649 5535 1,

2006 5546 2225 5616 μερῶν,
2243 5563 2264 5590 ι
2299 5561 2452 5615 pars.
2487 5568 2513 5594 »ι

2093 5616 2183 5685 98)
2410 5616 2635 5689 στέργει.
2675 5613 2994 5689 Ρονδυῃνέν
3028 5617 3103 5689 τῷ
3134 5610 3386 5687 στέργειν.

2095 5689 2184 5759 99)
2220 5685 2521 5763 Ἀνέχεσθε.
2550 5685 2725 5745 Coisl.
2765 5691 2814 5761 1,
2846 5688 3145 5761 ἀνέχεσθαι.
