4094 6288
398 327 556 390 1053

1637 337 1701 397 S.
1750 338 2123 399 GREGORII
2172 336 2567 399 THEOLOGI

3650 335 3818 396 1056

396 462 626 518 vincere
658 464 806 519 male
837 466 1106 537 cupiatis,
1139 469 1238 522 sed
1270 469 1327 523 in
1360 468 1714 541 quibusdam
1747 470 1921 525 etiam
1962 471 2206 526 honeste
2236 470 2389 525 vinei
2428 487 2592 542 aequo
2624 470 2816 525 animo
2848 468 3065 525 feratis.
3098 468 3286 523 Verbo
3318 484 3620 523 sermones
3652 468 3819 525 date.

399 550 625 618 Curate,
663 558 726 607 ut
755 556 1038 620 doctrina,
1076 575 1184 610 non
1226 561 1441 615 zzlr'lrlis.
1480 561 1579 615 sed
1604 561 1846 632 justitia:
1878 561 2041 615 vobis
2072 560 2531 616 instrumentum
2562 560 2657 615 sit.

470 642 556 695 ΧΙ.
592 643 805 711 Milites,
855 649 1097 701 contenti
1146 653 1310 703 estote
1359 651 1552 704 vestris
1596 651 1909 720 stipendiis,
1942 667 2048 705 nec

2238 651 2340 705 IA'.
2375 650 2649 723 Ἀρκεῖσθε
2675 652 2790 708 τοῖς
2824 645 2983 707 ἰδίοις
3021 645 3303 717 ὀψωνίοις,
3359 646 3411 699 οἳ
3460 650 3816 719 στρατιῶται,

401 733 719 800 quidquam
769 741 974 800 praeter
1023 736 1077 789 id
1128 738 1279 806 quod
1313 739 1476 792 vobis
1508 740 1889 793 constitutum
1941 744 2047 807 est,

402 822 695 890 exposcite
715 822 754 874 ⁵.
788 822 904 878 Hoc
952 840 1180 879 mecum
1212 827 1375 881 vobis
1407 828 1736 883 faciendum
1782 828 2049 900 praescri-

405 909 490 962 bit
538 926 788 981 magnus
834 911 931 966 ille
960 914 1222 969 veritatis
1275 933 1458 987 praeco
1508 918 1785 982 Joannes,
1817 935 1924 972 vox
1954 917 2055 972 illa

406 998 579 1052 Verbi
612 1000 838 1069 praevia.
873 1002 1015 1066 Quid
1061 1004 1421 1075 stipendium
1472 1006 1766 1079 appellat?
1813 1007 2051 1078 Regiam

409 1093 562 1141 certe
611 1104 927 1155 annonam,
978 1096 1154 1162 atque
1201 1110 1444 1150 munera
1493 1096 1612 1165 illa,
1658 1114 1783 1167 quae
1829 1096 1921 1165 iis,
1955 1096 2055 1167 qui

409 1177 565 1231 370
584 1177 896 1248 dignitates
914 1181 1197 1249 obtinent,
1212 1182 1366 1255 leges
1386 1188 1703 1240 constituta
1725 1185 2053 1251 sunt.Quod

408 1270 604 1320 autem
639 1268 1003 1338 superfluum
1037 1275 1144 1341 est,
1169 1274 1476 1341 cujusnam
1512 1274 1628 1328 sit?
1660 1276 1788 1344 Ipse
1818 1275 2055 1344 quidem

409 1371 609 1410 vereor
639 1356 849 1424 dicere,
884 1375 952 1412 ne
986 1359 1123 1429 quid
1177 1361 1397 1416 sinistri
1451 1363 1664 1417 ominis
1718 1364 1813 1417 hic
1864 1380 2055 1418 sermo

410 1443 663 1499 habeat:
698 1446 798 1501 sed
848 1447 960 1518 ipsi
1009 1457 1166 1503 certe
1218 1451 1361 1506 satis
1409 1470 1511 1523 per
1557 1469 1656 1507 vos
1708 1452 2054 1523 intelligitis,

411 1534 680 1604 quamvis
707 1535 897 1590 dicere
928 1539 1364 1607 supersedeam.
1391 1541 1496 1605 Qui
1529 1558 1562 1595 a
1593 1541 1922 1612 reipublicae
1954 1542 2056 1596 ad-

413 1621 841 1678 ministratione
898 1643 1105 1681 nomen
1164 1628 1401 1696 ducitis,
1447 1646 1563 1701 quae
1609 1629 1858 1686 Caesaris
1904 1633 2054 1700 sunt,

417 1711 637 1764 Cwsari
689 1712 922 1781 reddite,
968 1720 1017 1767 et
1070 1732 1189 1785 quae
1239 1718 1351 1782 Dei,
1404 1719 1583 1784 Deo“;
1646 1718 1729 1771 illi
1789 1717 2053 1790 vectigal,

413 1797 550 1852 huic
580 1800 885 1868 timorem;
933 1803 1202 1859 timorem
1250 1811 1438 1861 autem
1492 1823 1625 1861 cum
1658 1808 1806 1875 dico,
1839 1808 2056 1879 expila-

413 1886 628 1941 tionem
658 1890 956 1958 prohibeo.
983 1892 1128 1956 Quid
1160 1910 1292 1949 vero
1322 1896 1537 1966 magni,
1568 1896 1811 1952 fortasse
1844 1897 2058 1951 dicturi

417 1977 581 2044 estis,
616 1994 682 2031 ex
716 1994 779 2032 ea
827 1996 887 2034 re
933 1979 1336 2037 lucrabimur?
1367 1985 1503 2039 Rem
1555 1987 1819 2040 omnium
1872 1985 2059 2040 maxi-

419 2081 603 2135 mam;
648 2084 874 2139 meque,
927 2071 974 2124 si
1030 2072 1112 2125 ita
1156 2072 1354 2139 vultis,
1388 2074 1724 2140 mediatore,
1778 2074 2060 2129 nimirum

418 2172 553 2226 spes
584 2154 829 2227 faustas,
864 2176 929 2213 ac
962 2160 1181 2231 primas
1214 2179 1477 2233 supernae
1510 2164 1779 2233 civitatis,
1804 2181 1917 2218 non
1950 2164 2061 2218 hu-

419 2245 513 2315 ius
560 2247 778 2319 exiguae
831 2249 1207 2321 minim-sque
1255 2252 1406 2307 inter
1452 2252 1738 2319 civitates,
1773 2254 1943 2323 cujus
1992 2269 2063 2308 ne

418 2334 731 2404 imperium
766 2338 1003 2407 quidem
1052 2344 1267 2404 tenere,
1294 2346 1357 2394 ut
1387 2342 1443 2394 in
1477 2341 1698 2397 altricis
1753 2360 1890 2398 meae
1933 2360 2063 2414 gra-

418 2423 559 2477 tiam
595 2425 934 2494 parcissime
964 2426 1190 2498 loquar,
1224 2430 1541 2485 admodum
1576 2430 1836 2502 amplum
1868 2436 1955 2486 est
1998 2448 2065 2486 ac

419 2512 763 2583 gloriosum.
790 2514 910 2567 Illic
943 2515 1161 2585 primas
1193 2520 1387 2571 tenere
1421 2518 1756 2588 cupiamus;
1790 2520 1951 2575 illius
1982 2520 2065 2574 vi-

417 2605 488 2653 tae
540 2600 909 2671 splendorem
960 2604 1185 2673 assequi
1238 2607 1611 2675 studeamus;
1667 2625 1770 2679 pro
1820 2609 2065 2663 misera—

421 2690 578 2744 tione
625 2690 680 2743 in
733 2689 841 2745 hac
872 2691 991 2746 vita
1022 2692 1378 2749 calamitosis
1427 2695 1700 2765 exhibita,
1733 2696 1790 2750 in
1824 2697 2066 2752 Abrahae

420 2778 555 2834 sinu
588 2779 1057 2850 requiescamus;
1092 2783 1318 2852 justum
1361 2784 1651 2853 judicium
1694 2786 2067 2855 judicemus;

421 2884 735 2939 pauperem
768 2873 821 2924 et
853 2886 1099 2940 egenum
1125 2871 1444 2942 eripiamus
1470 2891 1483 2927 :
1508 2873 1691 2927 viduae
1723 2878 1778 2928 et
1808 2874 2069 2945 orphano

421 2958 883 3013 misericordiam
944 2959 1382 3031 impertiamur;
1434 2978 1553 3028 eos,
1601 2963 1698 3033 qui
1748 2964 1818 3017 ad
1870 2978 2071 3017 necem

421 3046 759 3110 trahuntur,
793 3047 1188 3116 redimamus;
1239 3054 1360 3111 aut.
1402 3057 1466 3105 ut
1514 3051 1807 3106 levissime
1854 3051 2070 3117 dicam,

424 3152 638 3190 manus
694 3135 838 3208 ipsis
900 3153 971 3191 ne
1029 3138 1387 3194 afferamus:
1434 3156 1567 3194 eum
1630 3140 1729 3210 qui
1787 3144 2071 3211 nostram,

423 3224 599 3279 etiam
634 3241 820 3296 usque
852 3226 920 3279 ad
956 3243 1169 3281 mensa:
1204 3229 1384 3283 micas
1407 3230 1447 3290 7,
1472 3246 1638 3301 opem
1671 3229 1968 3301 implorat,
2003 3245 2074 3284 ne

424 3313 856 3385 despiciamus:
888 3315 1214 3371 ulcerosum
1249 3322 1304 3371 et
1346 3335 1445 3386 pro
1489 3318 1712 3373 foribus
1745 3318 2075 3387 nostrisja-

425 3406 650 3457 cantem
687 3420 757 3456 ne
788 3409 1201 3473 praetereamus
1228 3423 1239 3460 :
1280 3405 1681 3461 laborantibus
1714 3406 1865 3473 aliis,
1900 3410 2075 3477 atque

426 3491 485 3545 in
518 3490 846 3547 calamitate
877 3494 1232 3560 constitutis,
1270 3494 1427 3549 luxui
1464 3512 1534 3549 ne
1564 3497 1937 3562 studeamus;
1971 3512 2077 3551 nec

427 3596 769 3636 conservum
830 3585 1095 3636 nostrum
1155 3583 1660 3640 exhorrescamus.
1704 3585 1806 3651 Ne,
1858 3602 2076 3655 quasso,

427 3671 635 3725 fratres
667 3676 723 3725 et
764 3671 958 3734 amici,
992 3689 1023 3726 a
1055 3672 1252 3728 divitis
1303 3672 1460 3728 illius
1515 3674 1782 3744 partibus
1830 3679 2075 3743 stemus,

429 3775 534 3814 nec
567 3758 821 3814 ﬂammis
865 3761 1215 3828 cruciemur,
1249 3778 1353 3816 nec
1386 3771 1544 3817 vasto
1591 3762 1753 3817 hiatu
1785 3780 1817 3817 a
1847 3763 2077 3833 piorum

429 3856 578 3905 coetu
634 3851 984 3906 dirimamur
1018 3870 1029 3908 :
1064 3869 1168 3907 nec
1220 3870 1353 3907 cum
1405 3855 1617 3909 Lazaro
1678 3871 1930 3926 paupere
1981 3853 2078 3907 illo

430 3938 726 4011 supplices
758 3957 1025 4011 agamus,
1049 3946 1114 3996 ut
1148 3947 1408 3997 nostram
1442 3943 1705 4015 linguam
1739 3944 1891 4014 ignis
1914 3943 2080 3997 ardo-

430 4028 595 4082 ribus
626 4035 919 4095 exustam,
946 4035 1201 4085 extremo
1235 4032 1417 4102 digito
1466 4033 1786 4103 refrigeret,
1819 4048 1885 4086 ac
1918 4048 1987 4085 ne
2020 4031 2079 4085 id

431 4117 665 4186 quidem
698 4118 1099 4189 impetremus.
1133 4121 1327 4175 Simus
1358 4120 2079 4192 benigni,:misericordes,

433 4205 724 4260 humani:
774 4206 1033 4279 Magistri
1092 4210 1276 4263 nostri
1338 4210 1655 4264 bonitatem
1715 4209 2080 4277 aemulemur,

435 4292 534 4363 qui
568 4293 751 4348 solem
774 4296 910 4350 oriri
937 4297 1092 4366 facit,
1121 4315 1232 4351 non
1268 4298 1465 4351 minus
1493 4315 1669 4369 super
1690 4297 2082 4369 malos,quam

436 4399 613 4453 super
643 4384 847 4455 bonos,
874 4384 1186 4456 pluviaque
1228 4402 1336 4440 sua
1379 4403 1582 4441 omnes
1614 4403 1776 4457 aeque
1808 4385 1966 4441 alit“.
2001 4386 2083 4441 Ne

436 4488 505 4526 ex
536 4471 784 4527 aliorum
834 4478 1088 4545 egestate
1130 4491 1249 4529 rem
1295 4474 1640 4530 familiarem
1692 4492 2083 4546 augeresus-

506 4574 527 4606 ⁵
561 4574 697 4628 Luc.
733 4590 815 4641 III,
852 4574 937 4627 14.
1013 4574 1034 4608 θ
1067 4574 1273 4629 Matth.
1306 4592 1444 4644 xxn,
1475 4577 1564 4630 21.
1640 4577 1659 4609 ⁷
1692 4576 1830 4630 Luc.
1863 4592 1977 4643 xv1,
2007 4576 2077 4630 20
2107 4589 2237 4644 sqq.

2118 4677 2166 4741 D

508 4674 581 4745 (1)
614 4673 698 4745 Ἡ.
733 4672 825 4745 Sic
856 4673 1180 4745 duo_Regg.
1215 4674 1276 4728 In
1309 4676 1423 4745 ed.,
1452 4675 1508 4741 ἡ.

507 4740 582 4815 (2)
622 4742 681 4795 Τί
724 4740 915 4817 ,λέγων
970 4740 1227 4817 etiam,
1278 4740 1418 4817 Haec
1456 4740 1513 4800 et
1559 4762 1684 4816 quas
1733 4750 2079 4817 sequuntur,

435 4814 625 4887 usque
670 4816 739 4891 ad
792 4814 1143 4891 haeeverba,
1175 4816 1235 4869 τὸ
1285 4814 1341 4870 δὲ
1398 4814 1668 4891 περισσὸν,
1717 4814 1903 4891 τίνος;
1965 4814 2083 4891 non

436 4893 617 4960 sunt,
659 4888 830 4958 juxta
885 4889 1343 4956 Montacutium,
1399 4888 1658 4960 Gregorii
1717 4890 1921 4957 verba,
1981 4889 2083 4943 sed

436 4958 777 5032 scholiaste
808 4962 1114 5029 cujusdam
1173 4961 1483 5032 glossema,
1520 4958 1682 5032 quod
1742 4961 1801 5014 in
1859 4964 2084 5032 textum

435 5029 686 5101 irrepsit.
735 5031 974 5086 Miratur
1022 5033 1077 5087 id
1119 5029 1426 5089 a'nemine
1474 5029 1867 5088 Observatum.
1920 5030 2083 5085 Nice-

435 5106 527 5227 tqs
577 5108 773 5157 tamen
807 5109 873 5158 ut
910 5104 1226 5175 genuinam
1276 5105 1534 5177 Gregorii
1585 5103 1935 5158 sententiam
1988 5119 2082 5157 ex-

436 5191 471 5227 n
500 5173 634 5227 icat.

436 5179 634 5245 plicat.

507 5246 583 5317 (3)
613 5243 683 5296 Τὸ
729 5240 785 5297 δὲ
827 5246 1100 5317 περισσὸν,
1132 5244 1315 5312 τίνος;
1362 5246 1583 5300 Alludit
1627 5245 1960 5315 Gregorius,
1994 5244 2082 5298 in-

437 5317 567 5389 quit
601 5318 848 5383 Nicetes,
883 5320 952 5372 ad
996 5319 1138 5373 illud
1172 5318 1407 5387 Christi,
1440 5318 1593 5387 apud
1638 5317 1845 5389 Matth.
1878 5335 1931 5383 v,
1966 5317 2034 5369 37
2068 5330 2083 5371 :

442 5388 465 5437 ά
500 5390 659 5453 Quod
696 5394 887 5444 autem
936 5390 1026 5444 his
1076 5391 1471 5445 abundantius
1511 5392 1618 5456 est,
1652 5406 1685 5442 a
1716 5388 1867 5443 malo
1918 5392 2023 5441 est.
2055 5408 2084 5436 »

439 5462 649 5517 Eodem
679 5464 849 5516 modo
882 5462 1076 5516 innuit
1099 5461 1448 5530 Theologus,
1474 5478 1560 5529 ea,
1586 5478 1708 5530 quae
1743 5459 2087 5515 necessariis

440 5537 568 5587 vita:
604 5534 808 5589 usibus
849 5539 1187 5604 supersunt,
1221 5543 1292 5588 ab
1332 5534 1560 5604 impuro
1594 5532 1804 5601 spiritu
1835 5548 1990 5599 esse;
2027 5531 2085 5604 id

438 5612 633 5661 tamen
664 5606 857 5678 eloqui
900 5602 1015 5662 non
1047 5606 1243 5678 audet,
1277 5622 1348 5660 ne
1378 5602 1516 5678 quid
1549 5604 1827 5661 tristioris
1870 5602 2087 5659 ominis

439 5680 653 5736 habeat
679 5680 883 5735 oratio.

2161 738 2249 791 καὶ
2300 735 2466 808 μηδὲν
2521 738 2650 809 ὑπὶρ
2702 738 2763 790 τὸ
2814 734 3227 810 διατεταγμένον
3280 734 3579 793 ἀπαιτεῖτε.
3638 740 3821 790 Ταῦτα

2165 828 2288 900 ὑμῖν
2340 825 2706 881 διακελεύεται
2762 826 2874 899 μεθ’
2926 828 3085 896 ἡμῶν
3137 825 3414 893 Ἰωάννης,
3448 824 3476 877 ὁ
3514 822 3677 899 μέγας
3709 832 3815 893 τῆς

2162 914 2423 985 ἀληθείας
2457 915 2644 991 κῆρυξ,
2677 917 2710 983 ἡ
2748 918 2822 988 (1)
2854 912 3170 990 πρόδρομος
3198 911 3294 967 τοῖ’)
3329 912 3506 987 Λόγου
3539 916 3719 990 φωνή.
3753 913 3820 967 Τί

2164 1004 2336 1080 λὲγων
2393 1004 2624 1077 ὀψώνιον
2679 1008 2793 1074 (2);
2844 1004 2912 1057 Τὸ
2956 1003 3236 1078 βασιλικὸν
3270 1003 3574 1076 σιτηρέσιον
3609 1000 3819 1071 δηλον-

2165 1092 2269 1161 ότι,
2296 1092 2383 1148 καὶ
2413 1094 2508 1154 τὰς
2542 1091 2897 1168 ὐωαρχοῦσας
2932 1092 2989 1146 ἐκ
3018 1091 3188 1165 νόμου
3230 1097 3347 1153 τοῖς
3395 1091 3666 1164 ἀξιώμασι
3716 1090 3826 1145 δω-

2167 1182 2310 1256 ρεάς.
2369 1182 2439 1235 Τὸ
2488 1180 2544 1235 δὲ
2590 1182 2860 1256 περισσὸν,
2910 1182 3051 1242 τίνος
3102 1183 3217 1254 (3);
3264 1182 3391 1255 Εγὼ
3427 1183 3520 1253 μὲν
3556 1180 3700 1234 όκνῶ
3733 1180 3826 1235 Λέ-

2164 1292 2276 1347 γειν
2330 1272 2392 1325 τὸ
2456 1270 2816 1349 βλάσφημον·
2881 1272 3033 1343 ὑμεῖς
3088 1267 3165 1342 δὲ,
3215 1267 3316 1324 οἷδ’
3365 1269 3447 1323 ὅτι
3481 1272 3558 1341 (4)
3589 1270 3821 1342 συνίετε,

2164 1359 2258 1415 κᾶν
2321 1359 2430 1435 ἐγὼ
2488 1358 2778 1437 φείδωμαι.
2840 1355 3106 1414 Ἀπόδοτε
3180 1360 3246 1413 τά
3302 1358 3566 1434 Καίσαρος
3616 1359 3817 1413 Καίσα-

2167 1470 2239 1524 ρι,
2290 1448 2379 1502 καὶ
2430 1449 2496 1502 τὰ
2542 1453 2637 1502 τοῦ
2688 1453 2821 1503 Θεοῦ
2867 1447 2947 1520 τῷ
2989 1453 3139 1519 Θεῷ·
3170 1452 3249 1519 τῷ
3283 1449 3376 1520 μὲν
3404 1448 3466 1502 τὸ
3494 1445 3679 1517 τέλος,
3740 1453 3824 1519 τῷ

2166 1536 2223 1593 δὲ
2251 1539 2340 1592 τὸν
2375 1533 2564 1615 φόϐον,
2600 1539 2752 1610 ὑμεῖς
2784 1538 2835 1591 οἳ
2865 1544 2965 1605 τῆς
2998 1534 3275 1597 πολιτείας
3298 1535 3578 1609 ἐπώνυμοι
3605 1557 3617 1568 ·
3650 1532 3828 1613 φόϐον

2166 1625 2223 1681 δὲ
2254 1626 2376 1681 ὅταν
2425 1624 2580 1697 εἷίπω,
2632 1625 2834 1680 κωλύω
2881 1627 2979 1693 τὴν
3025 1623 3355 1693 πλεονεξίαν.
3406 1625 3465 1678 Τί
3517 1624 3608 1679 οὗν
3650 1627 3824 1698 ἡμεῖς

2165 1713 2549 1790 κερδανοῦμεν,
2580 1716 2724 1789 τάχα
2756 1715 2813 1769 ἂν
2859 1711 3082 1782 εἷίιτοιτε,
3140 1716 3314 1787 μὲγα;
3366 1714 3436 1768 Τὸ
3465 1715 3679 1768 πάντων
3722 1714 3825 1787 μὲ-

2167 1825 2349 1880 γιστον
2382 1828 2383 1831 π
2421 1806 2511 1858 ναὶ
2544 1804 2589 1858 εἴ
2625 1803 2902 1879 βούλεσθε,
2938 1800 3007 1857 δι’
3057 1803 3191 1875 ἐμοῦ
3240 1802 3480 1875 μεσίτου,
3528 1804 3625 1864 τὰς
3672 1822 3827 1878 χρη-

2168 1895 2294 1955 στὰς
2342 1891 2590 1961 ἐλπίδας,
2638 1892 2727 1947 καὶ
2777 1892 2842 1945 τὰ
2892 1896 3134 1967 πρωτεῖα
3181 1898 3281 1960 τῆς
3315 1892 3424 1945 ἅνω
3454 1890 3693 1960 πόλεως,
3758 1891 3825 1946 οὗ

2165 1990 2264 2052 τῆς
2299 1980 2725 2058 μικρᾶςξταύτης
2757 1982 2845 2035 καὶ
2878 1979 3178 2056 ἐλαχιστης
3208 1980 3258 2035 ἐν
3305 1980 3546 2050 πόλεσιν,
3603 1983 3669 2049 ἧς
3732 1979 3826 2034 οὖ-

2171 2072 2229 2128 δὶ
2256 2075 2319 2128 τὸ
2382 2075 2592 2149 ἄρχειν,
2637 2071 2728 2126 ’ίνα
2773 2070 3006 2145 μετρίως
3056 2068 3192 2124 εἷ’πω
3235 2075 3411 2143 τιμῶν
3445 2070 3518 2132 ὡς
3550 2070 3829 2146 θρεψαμέ-

2170 2184 2292 2232 νην,
2344 2164 2482 2217 πάνυ
2531 2184 2581 2215 τι
2622 2162 2815 2233 σεμνὸν
2866 2160 2953 2215 καὶ
3003 2161 3415 2233 ὑπέρλαμπρον.
3471 2160 3617 2213 Ἐκεῖ
3671 2162 3824 2233 γενὲ-

2173 2264 2293 2316 σθαι
2322 2255 2533 2327 πρῶτοι
2567 2250 2883 2322 θελήσωμεν
2909 2268 2921 2280 ·
2968 2250 3423 2322 μεταποιηθῶμεν
3469 2254 3569 2316 τῆς
3618 2248 3827 2310 ἐκεῖθεν

2173 2335 2589 2415 λαμπρότητοςο
2641 2338 2692 2392 ὲν
2737 2336 2967 2398 κόλποις
2997 2332 3268 2410 Ἀϐραὰμ,
3301 2335 3417 2391 ἀντὶ
3446 2343 3547 2405 τῆς
3579 2335 3824 2390 ἐντεῦθεν

2173 2427 2599 2502 εὐσπλαγχνίας,
2649 2427 3116 2498 ἀναπαυσώμεθα·
3168 2430 3339 2500 κρῖμα
3384 2422 3589 2479 δίκαιον
3622 2424 3829 2498 κρίνω-

2178 2538 2311 2591 μεν·
2374 2516 2681 2589 ἰξελώμεθα
2754 2514 2957 2585 πένητα
3013 2514 3102 2568 καὶ
3160 2514 3382 2589 πτωχόν
3420 2533 3431 2546 ·
3492 2515 3671 2587 χήραν
3732 2512 3827 2567 καὶ

2176 2605 2406 2686 ὀρφανὸν
2484 2605 2837 2677 ἐλεήσωμεν·
2916 2604 3266 2679 ἐκπριώμεθα
3335 2600 3740 2674 κτεινομένους,
3794 2603 3831 2671 ἢ

2174 2696 2235 2751 τό
2293 2716 2356 2770 γε
2416 2695 2779 2768 μετριώτατον
2840 2695 2917 2766 (5)
2995 2692 3188 2765 εἰπεῖν,
3251 2692 3325 2765 μὴ
3380 2689 3534 2745 αὐτοὶ
3594 2690 3831 2745 κτείνω-

2182 2806 2275 2859 μεν
2303 2803 2315 2815 ’
2372 2785 2446 2857 μή
2502 2780 2818 2859 παρίδωμεν
2860 2782 2950 2835 τὸν
3001 2777 3255 2854 δεόμενον
3307 2782 3494 2852 ἡμῶν,
3538 2781 3705 2855 μέχρι
3734 2781 3831 2834 καὶ

2175 2878 2281 2929 τῶν
2316 2874 2421 2927 ἀπὸ
2450 2871 2718 2948 τραπέζης
2748 2871 2951 2946 ψιχίων
2986 2873 3062 2943 (6)
3089 2888 3101 2901 '
3133 2868 3222 2924 καὶ
3260 2871 3333 2943 μὴ
3380 2868 3832 2944 παραδράμωμεν

2177 2964 2268 3017 τὸν
2318 2959 2642 3033 ἡλκωμένον
2697 2963 2793 3032 (7),
2843 2960 2931 3014 καὶ
2987 2954 3327 3035 βεϐλημένον
3376 2958 3427 3012 ἐν
3476 2962 3595 3019 τοῖς
3627 2957 3838 3029 ἡμετέ-

2183 3072 2297 3127 ροις
2349 3049 2635 3104 πυλῶσιν⁶
2699 3049 2775 3121 μή
2866 3050 3251 3124 τρυφήσωμεν,
3318 3045 3503 3101 ἄλλων
3584 3066 3835 3100 κακοπα-

2182 3139 2420 3194 Θούντων
2448 3157 2460 3170 ’
2500 3140 2573 3210 μη
2612 3135 2996 3211 βδελυξώμεθα
3024 3137 3113 3190 τὸν
3158 3133 3464 3209 ὁμόδουλον
3493 3154 3505 3166 ·
3542 3136 3642 3208 μὴ,
3676 3132 3839 3206 φίλοι

2181 3230 2271 3283 καὶ
2328 3226 2577 3304 ἀδελφοὶ,
2628 3228 2908 3302 γενώμεθα
2964 3233 3063 3295 τῆς
3120 3229 3216 3279 τοῦ
3266 3224 3533 3279 πλουσίου
3586 3220 3840 3299 μερίδος,

2191 3316 2331 3391 μηδὲ
2364 3315 2712 3388 ὀδυνηθῶμεν
2743 3315 2793 3370 ἰν
2829 3315 2896 3389 τῇ
2930 3313 3121 3393 φλογὶ,
3158 3311 3296 3386 μηδὲ
3325 3318 3401 3384 τῷ
3430 3312 3675 3388 χάσματι
3726 3309 3846 3365 διας

2105 3389 2148 3456 C
2188 3389 2397 3478 στῶμεν
2453 3405 2558 3459 ἀπὸ
2605 3408 2712 3458 τῶν
2753 3389 3110 3476 ὁσίωνξμηδὲ
3142 3400 3421 3473 δεηθῶμεν
3455 3402 3703 3475 Λαζάρου
3739 3404 3844 3454 τοῦ

2185 3497 2261 3569 (8)
2291 3494 2545 3565 πίνητος,
2577 3490 2727 3566 ἄκρῳ
2758 3491 3010 3564 δακτύλῳ
3038 3494 3115 3564 (9)
3147 3494 3441 3564 καταψῦξαι
3499 3490 3598 3558 τὴν
3646 3487 3841 3565 γλῶσ-

2187 3605 2277 3637 σαν
2310 3586 2469 3655 ἡμῶν
2501 3580 2868 3659 φλεγομένην,
2918 3582 3007 3635 καὶ
3061 3578 3201 3653 μηδὲ
3241 3579 3501 3634 τοσούτου
3546 3579 3836 3653 τυγχάνω-

2190 3694 2307 3746 μεν.
2392 3672 2677 3743 Γενώμεθα
2734 3670 2968 3746 χρηστοὶ
3040 3666 3432 3743 εὔσπλαγχνοι,
3490 3668 3839 3740 συμπαθεῖς’

2191 3762 2560 3835 μιμησώμεθα
2603 3764 2700 3813 τοῦ
2749 3758 3019 3813 Δεσπότου
3065 3760 3164 3827 τὴν
3213 3758 3545 3832 ἀγαθότητα,
3595 3754 3652 3816 ὅς
3701 3754 3842 3809 ἀνα-

2183 3848 2369 3905 τέλλει
2399 3850 2489 3903 τὸν
2518 3847 2674 3917 ἣλιον
2707 3847 2923 3922 ἀγαθοῖς
2953 3846 3043 3901 καὶ
3076 3851 3336 3921 πονηροῖς
3368 3848 3498 3917 (10),
3532 3843 3617 3898 καὶ
3649 3845 3845 3919 τρέφει

2185 3943 2253 4012 τῇ
2287 3940 2468 4014 βροχῇ
2498 3938 2700 3997 πάντας
2753 3935 2981 4008 ὁμοίως.
3027 3939 3116 4003 Μὴ
3150 3933 3429 4007 δεξώμεθα
3454 3932 3713 3987 πλουτεῖν
3750 3930 3847 3986 διὰ

2187 4035 2286 4097 τῆς
2330 4032 2436 4080 τῶν
2489 4024 2674 4080 ἄλλων
2723 4026 2941 4086 πενίας’
2998 4026 3072 4097 μὴ
3123 4024 3268 4100 παρὰ
3296 4027 3550 4077 τοσοῦτον
3585 4020 3841 4093 ἔλθωμεν

2188 4124 2286 4186 τῆς
2345 4115 2488 4179 θείας
2550 4114 2837 4184 ἷσότητος’
2923 4111 3062 4186 μηδὲ
3123 4113 3363 4186 μίξωμεν
3416 4113 3506 4166 τὸν
3563 4111 3839 4184 ἡμέτερον

2190 4202 2428 4258 πλοῦτον
2478 4199 2795 4276 ἀλλοτρίοις
2845 4198 3120 4276 δάκρυσιν,
3174 4202 3258 4277 ὑφ’
3290 4202 3363 4253 ὧν
3393 4200 3465 4261 ὡς
3498 4198 3582 4252 io?)
3611 4199 3701 4252 καὶ
3734 4219 3845 4268 ση-

2190 4294 2279 4354 τὸς
2351 4288 2872 4360 ἐκδαπανηθήσεται,
2928 4291 2980 4359 ἣ,
3056 4289 3117 4343 τό
3192 4310 3251 4364 γε
3308 4295 3409 4357 τῆς
3480 4290 3695 4363 Γραφῆς
3767 4286 3845 4340 εί-

2192 4388 2335 4451 πεῖν,
2406 4379 2801 4451 ἰξεμεϐήσεται.
2864 4376 3042 4432 Ἀλλὰ
3089 4377 3247 4450 ἐσμεν
3292 4381 3388 4431 τοῦ
3449 4374 3664 4436 δέοντος
3712 4374 3849 4428 ἀπο-

2196 4469 2558 4543 πληστότεροι
2619 4470 2730 4540 (11)
2756 4487 2768 4537 ;

2315 4571 2335 4604 ⁸
2368 4568 2572 4625 Matth.
2604 4586 2659 4637 v,
2692 4569 2781 4623 45.

2269 4670 2346 4741 (li)
2377 4664 2491 4720 Οἱὸ⁹
2522 4664 2623 4741 ὅτι.
2662 4666 2757 4741 Sic
2785 4682 2989 4741 omnes
3033 4666 3278 4722 codices.
3311 4665 3404 4721 Sic
3437 4665 3578 4737 legit
3604 4664 3834 4741 _Pi_rchy_--

2196 4736 2414 4806 merus,
2449 4738 2549 4811 qui
2580 4739 2769 4811 reddit
2799 4756 2811 4794 :
2844 4762 2864 4788 α
2899 4739 3015 4794 Vos
3045 4743 3263 4810 autem,
3295 4741 3449 4793 recte
3489 4736 3644 4805 novi,
3674 4736 3837 4791 intel-

2191 4812 2393 4886 ligitis.
2424 4806 2654 4886 {Deest
2685 4806 2897 4886 ot8a_in
2929 4811 3020 4886 ed_.

2266 4877 2339 4953 (5)
2370 4882 2770 4955 Μετριώτατον.
2804 4882 2946 4937 Tres
2996 4883 3203 4953 Regg.,
3233 4883 3487 4951 quatuor
3531 4878 3717 4946 Colb.,
3754 4877 3849 4932 Or.

2191 4956 2247 5026 1,
2280 4956 2464 5023 Pass.,
2487 4954 2879 5028 μετριωτερον

2264 5028 2341 5107 (ρ)
2369 5022 2610 5107 Ἢιχζωνζ
2644 5022 2783 5107 Tres
2815 5025 3000 5107 Regg.
3025 5022 3120 5078 Or.
3134 5024 3202 5107 ‘1,
3234 5022 3423 5107 Pass.,
3456 5022 3664 5107 «ptxc‘pv‘.

2263 5092 2341 5170 (7)
2369 5092 2834 5170 Τὸν“ἡλκ‹ι›μὲνον.
2864 5092 2966 5151 sta
2986 5099 3104 5170 tres
3134 5094 3469 5170 liegg.,_duo
3499 5092 3699 5158 Coisl.,
3729 5092 3845 5147 duo

2193 5162 2375 5237 Colb.,
2408 5173 2464 5222 et
2493 5162 2589 5225 Or.
2625 5162 2675 5237 1,
2710 5168 2768 5223 in
2800 5172 2929 5222 Par.
2964 5168 3080 5232 ed.,
3112 5162 3471 5237 είλκῶμὲνον.

2263 5243 2340 5314 (8)
2366 5234 2498 5314 Τοῦ.
2531 5242 2626 5296 Sic
2658 5234 2921 5313 quinque
2952 5239 3155 5311 Regg.,
3177 5234 3351 5293 Coisl.
3387 5238 3437 5304 1,
3470 5236 3565 5291 Or.
3600 5235 3656 5302 1,
3684 5234 3851 5289 Pass.

2197 5312 2364 5369 Deest
2392 5312 2448 5365 in
2481 5315 2571 5367 ed.

2265 5387 2343 5453 (9)
2374 5380 2655 5453 Δακτύλῳ.
2686 5382 2887 5453 Plures
2920 5375 3489 5453 codicesLSax'tultoo.

2266 5445 2378 5523 (10)
2406 5445 2666 5543 ’,Αγαθοῖς
2714 5452 2803 5507 καὶ
2848 5456 3131 5526 πονηροῖς.
3157 5445 3349 5519 Pass”
3384 5448 3470 5503 ἐπὶ
3502 5445 3737 5521 ἀγαθοὺς
3764 5445 3860 5500 καὶ

2194 5545 2495 5584 πονηρους.

2266 5546 2913 5669 ἴ1η1ςοξποπληστότεροι
2940 5595 3101 5669 ;HS_ic
3132 5595 3269 5669 ῌθε.
3306 5593 3421 5669 bII},
3457 5590 3556 5664 ph,
3590 5608 3729 5649 cum
3762 5591 3860 5647 in-

2266 5609 2378 5669 (11)
2412 5609 2825 5663 ’Δποπληστοτε
2865 5614 2953 5665 οι;
3008 5609 3101 5651 blc
3132 5609 3209 5650 ne
3256 5634 3269 5647 .
3306 5609 3421 5662 Dm,
3457 5609 3556 5664 pn,

2192 5669 2604 5745 terrogationis
2634 5672 2792 5729 nota.
2825 5616 2891 5728 in
2921 5667 3113 5740 editis,
3137 5609 3560 5740 ἀπληστότεροι.

2847 4465 2957 4521 ἔστι
3030 4466 3119 4521 καὶ
3184 4464 3577 4533 πλεονεκτῆσαι
3635 4462 3838 4524 καλῶς.
