4094 6288
257 430 412 495 10157
735 430 1026 492 ORATIO
1070 430 1225 491 ΧΙΧ.
1260 464 1338 477 -
1374 432 1475 490 AD
1521 430 1874 492 JULIANUJ

2047 429 2487 490 tlBUTORUM
2535 427 3151 497 EX/EQUA'I‘OREM
3167 473 3179 485 .
3508 428 3664 490 1058

258 566 445 639 Δωμέν
476 588 527 620 τι
564 566 756 640 μικρὸν
786 563 1040 637 ἐντεῦθεν,
1068 562 1140 619 ἵν’
1172 564 1368 628 ἐκεῖθεν
1404 563 1827 635 πλουτήσωμεν.

2046 564 2344 631 ineamus;
2405 564 2562 619 absit
2603 573 2667 617 ut
2712 568 2834 616 tam
2882 562 3051 633 longe
3082 580 3116 617 a
3146 563 3341 619 divina
3391 565 3663 636 (equitate

258 659 630 724 recedamus;
682 673 788 711 nec
835 656 1069 711 divitias
1114 662 1345 710 nostras
1397 672 1531 709 cum
1583 654 1829 708 aliorum
1885 652 2157 724 lacrymis
2207 654 2583 722 misceamus,
2618 670 2649 705 a
2680 652 2894 723 quibus
2949 657 3227 722 tanquam
3263 670 3294 707 a
3324 654 3572 725 rubigne
3604 672 3669 709 ac

256 747 414 801 tinea.
445 748 889 811 consumantur,
923 748 1043 810 aut,
1080 747 1143 797 ut
1184 743 1491 815 Scriptura:
1524 744 1697 797 verbo
1742 747 1893 808 utar,
1928 746 2331 797 evomentur”.
2366 746 2579 795 Verum
2614 743 2683 795 ad
2720 758 2837 795 rem
2891 740 3176 794 avidiores
3227 758 3455 809 sumus,
3489 760 3665 813 quam

259 853 365 908 par
394 835 511 890 sit?
540 833 694 888 Nihil
728 832 1017 905 prohibet,
1052 833 1369 904 quominus
1420 832 1699 887 laudabili
1732 830 1975 887 avaritia
2014 836 2335 886 teneamur.
2370 830 2678 886 Paululum
2714 830 2990 902 quiddam
3048 830 3141 885 hic
3172 831 3402 901 demus,
3437 836 3501 887 ut
3552 832 3672 888 illic

259 924 467 978 divites
497 926 555 976 et
585 920 805 992 ecpiosi
838 921 1045 976 simus.

331 1012 423 1066 IB'.
474 1012 663 1081 Ταῦτα*
706 1008 797 1080 μὶν
850 1005 940 1061 οὖν
985 1009 1096 1079 (12)
1150 1005 1256 1077 ἤδη
1301 1009 1459 1062 κοινά
1503 1007 1638 1081 πρὸς
1683 1008 1908 1079 πάντας,

2096 1008 2242 1063 37]
2280 1008 2399 1062 ΧΙΙ.
2424 1007 2553 1061 Haac
2586 1007 2823 1078 quidem
2872 1011 3157 1078 praecepta
3200 1025 3315 1063 non
3346 1008 3415 1063 ad
3449 1024 3547 1064 eos
3579 1026 3671 1064 so-

260 1098 321 1153 οὐ
352 1097 480 1159 τοὺς
532 1099 645 1169 (13)
695 1096 744 1150 ἐν
796 1093 1046 1165 πολιτείᾳ
1101 1096 1282 1168 μόνον,
1333 1096 1399 1150 τά
1440 1084 1872 1172 φαραγγὲλματα

2059 1112 2167 1165 1m,
2194 1096 2292 1167 qui
2325 1095 2748 1168 rempublicam
2782 1102 3010 1167 gerunt,
3038 1098 3137 1151 sed
3164 1099 3339 1152 etiam
3372 1099 3444 1153 ad
3471 1114 3676 1153 omnes

260 1188 417 1241 κοινὰ
463 1188 566 1262 γάρ
615 1184 704 1239 xui
752 1192 940 1254 κοινῆς
990 1184 1292 1260 ἀρρωστίας
1323 1186 1390 1239 τά
1420 1185 1695 1262 φάρμακα.
1733 1184 1806 1237 Σὺ
1858 1181 1877 1237 ἓ

2061 1186 2417 1239 ommuniter
2446 1190 2729 1255 spectant.
2753 1185 3095 1239 Communis
3127 1186 3282 1240 enim
3308 1186 3494 1242 morbi
3522 1203 3678 1241 com-

262 1277 539 1353 ἀπόγραφε
570 1272 794 1335 δικαίως
826 1277 998 1346 ἡμᾶς,
1040 1275 1067 1328 ὁ
1097 1278 1204 1328 τῶν
1238 1276 1518 1348 ἡμετέρων
1566 1274 1745 1350 φόρων
1777 1272 1879 1326 ἀπο

2059 1275 2231 1328 iunia
2262 1290 2494 1344 quoque
2526 1274 2953 1328 medicamenta
2983 1280 3139 1328 sunt.
3171 1274 3253 1328 Tu
3286 1292 3418 1330 vero
3444 1276 3539 1346 qui
3574 1276 3676 1329 tri-

262 1365 499 1442 γραφεὺς
531 1366 641 1437 (14)
667 1383 680 1398 ’
732 1363 1033 1441 ἀπόγραφε,
1088 1365 1163 1435 μὴ
1213 1363 1337 1423 τοὺς
1370 1362 1533 1435 ἐμοὺς
1569 1360 1765 1437 λόγους
1797 1362 1879 1416 ἐπι

2068 1367 2167 1417 uta
2221 1369 2418 1417 nostra
2466 1363 2524 1416 in
2576 1362 2841 1433 publicas
2894 1363 3150 1417 rationes
3197 1364 3397 1431 refers,
3430 1364 3520 1419 fac
3570 1380 3678 1419 nos

268 1450 470 1524 μελῶς,
503 1451 577 1504 ὧν
608 1446 780 1519 οὐδὲν,
812 1452 845 1517 ἣ
882 1450 1072 1525 μικρὸν
1099 1449 1161 1503 τὸ
1192 1446 1404 1525 κέρδος,
1440 1451 1473 1517 ἦ
1504 1449 1577 1510 εἷς
1610 1450 1721 1521 (15)
1744 1450 1878 1517 ἀκοῆ

2062 1455 2179 1505 iste
2209 1451 2536 1517 describas;
2572 1452 2627 1505 id
2662 1468 2787 1521 age,
2823 1468 2932 1504 non
2984 1458 3045 1505 ut
3093 1452 3295 1506 sedulo
3326 1458 3381 1506 et
3412 1457 3679 1507 accurate

262 1542 423 1615 χάριν
450 1540 539 1593 καὶ
570 1536 798 1608 ἡδονὴν,
834 1536 977 1593 ἀλλὰ
1002 1540 1091 1592 τὸν
1126 1537 1255 1611 ἐμὸν
1291 1539 1421 1593 λαὸν
1474 1538 1637 1599 ὁσίως
1686 1538 1774 1591 καὶ
1822 1559 1879 1614 φι

2064 1539 2319 1595 rationes
2351 1556 2535 1607 meas,
2569 1556 2841 1610 quarum,
2872 1539 2957 1593 vel
2992 1540 3171 1603 nulla,
3203 1540 3288 1595 vel
3320 1558 3497 1613 parva
3525 1540 3680 1595 utili-

264 1629 602 1704 λανθρώπως
630 1648 641 1659 °
695 1625 979 1699 αἰδεσθεὶς,
1030 1627 1074 1682 εἰ
1127 1630 1201 1700 μή
1249 1649 1299 1681 τι
1342 1624 1504 1699 ἄλλο,
1604 1628 1695 1680 τὸν
1726 1628 1881 1701 καιρὸ

2061 1645 2118 1683 as
2150 1633 2260 1693 est,
2290 1627 2377 1681 vel
2425 1627 2665 1683 auribus
2696 1632 2924 1682 tantum
2965 1633 3129 1699 grata
3178 1634 3353 1700 atque
3390 1630 3678 1700 jucunda,

265 1718 446 1789 αὐτὸν,
499 1717 582 1771 ὅτι
629 1717 717 1771 καὶ
765 1718 792 1771 ὁ
846 1718 1040 1790 Σωτὴρ
1090 1716 1140 1771 ἐν
1175 1718 1467 1793 ἀπογραφῇ
1515 1716 1771 1771 τίκτεται.
1807 1716 1882 1785 Ἐξ

2061 1718 2125 1772 ed
2159 1716 2441 1788 populum
2469 1733 2663 1773 meum
2690 1722 2887 1772 sancte
2907 1724 2964 1772 et
2984 1718 3239 1772 humane
3263 1719 3558 1774 describas
3585 1736 3596 1772 :
3630 1718 3678 1774 si

266 1806 404 1876 ἦλθε
477 1806 578 1883 γὰρ
653 1804 848 1881 δόγμα,
928 1806 1083 1883 φησὶ,
1160 1807 1305 1881 παρᾶ
1378 1805 1643 1877 Καίσαρος
1704 1804 1883 1879 Δύγού

2072 1806 2173 1859 ihil
2206 1804 2385 1876 aliud,
2419 1812 2477 1861 at
2508 1810 2659 1861 certe
2691 1811 2924 1877 tempus
2958 1806 3065 1861 hoc
3116 1808 3436 1862 reverentia
3484 1824 3680 1879 prose-

268 1918 416 1967 στου,
474 1900 570 1949 τοῦ
623 1895 1032 1973 ἀπογράιρεσϐαι
1106 1898 1217 1968 (16)
1277 1900 1448 1949 πᾶσαν
1506 1896 1605 1963 τήν
1663 1892 1885 1966 οἲκωμὲ

2066 1902 2227 1963 utus;
2262 1897 2738 1967 quandoquidem
2768 1876 2893 1967 ipse
2921 1914 3153 1968 quoque
3180 1897 3446 1953 Salvator
3472 1876 3683 1953 descri-

268 2004 409 2055 νην·
462 1984 551 2038 xui
624 1984 986 2061 ἀπεγράφετο.
1060 1979 1249 2053 Ἀνέϐη
1313 1982 1369 2037 δὶ
1443 1984 1532 2037 καὶ
1602 1984 1803 2059 Ἰωσὴφ
1862 1982 1884 2036 ἐ

2070 1985 2246 2040 tionis
2288 1991 2548 2056 tempore
2599 1985 2879 2040 nascitur.
2907 1987 3076 2053 Emit,
3109 1987 3287 2051 enim,
3323 1987 3536 2057 inquit,
3567 1987 3683 2041 edi-

277 2070 523 2145 Βηθλεὲμ
600 2072 691 2126 σὺν
768 2074 999 2147 Μαριάμ
1069 2076 1137 2145 τῇ
1235 2071 1677 2145 μεμνηστευμένῃ
1770 2071 1894 2141 αὐτῇ

2068 2081 2173 2127 tum
2212 2091 2246 2127 α
2291 2078 2511 2129 Caesare
2558 2075 2816 2143 Augusto,
2850 2083 2910 2128 ut
2955 2075 3349 2129 describeretur
3394 2077 3685 2130 universus

273 2162 487 2236 γυναικὶ
572 2163 686 2234 (17)
770 2160 1205 2235 ἀπογράψασθαι,
1279 2157 1367 2213 διὰ
1432 2161 1494 2214 τὸ
1550 2161 1681 2215 εἶναι
1759 2160 1887 2213 αὐτὸ

2069 2164 2204 2223 rbis;
2246 2167 2301 2216 et
2352 2162 2586 2233 quidem
2622 2163 3076 2217 describebatur.
3107 2164 3357 2218 Ascendit
3404 2168 3590 2218 autem
3635 2172 3686 2219 et

276 2250 326 2320 ἐξ
380 2250 532 2304 οἲκου
582 2250 670 2303 καὶ
721 2255 949 2324 πατριᾶς
998 2244 1184 2306 Δαϐὶδ.
1242 2249 1340 2302 Καὶ
1390 2253 1686 2318 τηνικαῦτα
1738 2249 1766 2301 ὁ
1797 2255 1885 2301 Σω

2072 2256 2226 2321 oseph
2260 2253 2317 2305 in
2370 2250 2705 2315 Bcthlehem,
2738 2256 2798 2304 ut
2849 2268 2973 2304 cum
3023 2251 3195 2305 Maria
3237 2251 3553 2323 desponsata
3580 2252 3689 2307 sibi

273 2341 378 2413 τήρ
425 2338 684 2408 τίκτεται,
734 2339 797 2392 τὸ
846 2339 1165 2410 Θαυμάσιον,
1213 2338 1240 2391 ὁ
1304 2338 1517 2391 πάντων
1587 2334 1890 2411 δημιουργὸ

2071 2356 2205 2394 more
2233 2341 2608 2409 proﬁteretur,
2639 2356 2698 2394 eo
2728 2340 2869 2411 quod
2910 2344 3043 2394 esset
3071 2339 3136 2395 de
3165 2340 3325 2395 domo
3372 2345 3425 2395 et
3467 2342 3688 2411 familia

275 2430 387 2501 (18)
437 2428 525 2481 xui
563 2424 853 2497 δεσπότης,
888 2425 938 2481 ἓν
982 2424 1175 2504 φαύλῳ
1207 2429 1319 2499 (19)
1353 2427 1440 2479 καὶ
1478 2431 1656 2501 μικρῷ
1685 2425 1890 2479 καταλύ

2067 2428 2213 2483 ὶαυὶιί
2244 2430 2305 2484 ¹⁰.
2338 2432 2524 2499 Atque
2550 2446 2615 2483 eo
2648 2434 2910 2500 tempore
2938 2428 3145 2483 salutis
3178 2434 3379 2485 auctor
3409 2430 3466 2483 in
3498 2429 3684 2485 lucem

281 2537 429 2591 ματι.
479 2512 820 2589 Φοϐηθῶμεν
870 2516 932 2569 τὸ
979 2518 1277 2590 μυστήριον
1306 2536 1317 2548 ·
1353 2514 1685 2587 αἷδεσΟῶμεν
1718 2516 1814 2583 τὴν
1848 2514 1898 2567 οἱ

2072 2517 2275 2585 ιιοάἰὶι,
2310 2534 2399 2572 res
2434 2517 2808 2571 admiranda!
2855 2517 3114 2572 omnium
3166 2535 3359 2573 rerum
3410 2518 3601 2590 opifex
3633 2522 3689 2572 et

276 2605 534 2677 κονομίαν
589 2608 721 2678 (20),
772 2605 862 2659 καὶ
912 2604 1064 2659 αὐτοὶ
1109 2609 1187 2676 τῷ
1235 2603 1408 2680 καιρῷ
1436 2626 1485 2658 τι
1517 2603 1893 2678 συνεισενέγκω

2071 2608 2337 2673 lominus,
2355 2607 2412 2660 in
2433 2607 2640 2678 exiguo
2660 2612 2715 2661 et
2732 2607 2974 2678 ignobili
2993 2606 3328 2662 diversorio.
3350 2608 3688 2679 Mysterium

287 2716 395 2767 μεν.
438 2698 541 2747 Νῦν
589 2693 812 2770 ἄγγελοι
860 2697 1135 2769 χαίρουσι,
1186 2698 1275 2747 νῦν
1324 2694 1577 2767 ποιμένες
1609 2692 1902 2767 περιαστρά

2073 2714 2151 2751 ιοο
2182 2698 2531 2762 timeamus;
2556 2695 2769 2750 Christi
2799 2695 3259 2750 incarnationem
3289 2713 3690 2762 revereamur;

282 2804 527 2855 πτονται,
575 2787 665 2836 νῦν
716 2782 884 2856 ἀστὴρ
936 2782 985 2852 ἐξ
1036 2781 1334 2839 Ἀνατολῶν
1366 2784 1550 2857 τρέχει
1585 2784 1717 2858 πρὸς
1749 2783 1809 2835 τὸ
1845 2782 1899 2853 μὲ

2072 2804 2103 2839 n
2136 2785 2383 2857 gratiam
2417 2784 2698 2854 temporis
2725 2801 2830 2839 nos
2862 2800 3093 2854 quoque
3116 2784 3338 2855 aliquid
3361 2802 3689 2855 erogemus.

291 2894 475 2947 γιστον
527 2876 641 2948 φῶς
692 2872 778 2925 καὶ
830 2871 1115 2944 ἀπρόσιτον
1145 2891 1157 2903 ·
1191 2876 1281 2924 νῦν
1320 2873 1479 2947 μάγοι
1513 2872 1908 2946 προσπίπτουσι

2075 2876 2210 2929 lunc
2238 2872 2425 2943 angeli
2454 2874 2730 2943 gaudent,
2756 2878 3016 2943 pastores
3045 2873 3288 2927 luminis
3312 2874 3533 2944 fulgore
3566 2890 3692 2944 per-

292 2960 379 3014 xui
413 2959 807 3038 δωροφοροῦσι,
859 2960 946 3014 καὶ
991 2961 1082 3013 τὸν
1129 2960 1336 3013 πάντων
1380 2960 1604 3034 βασιλέα
1642 2961 1906 3036 γινώσκου

2079 2963 2418 3033 tringuntur
2436 2963 2475 2995 ¹¹
2502 2978 2512 3015 :
2538 2978 2693 3014 nunc
2715 2962 2785 3015 ab
2808 2962 3040 3015 Oriente
3062 2962 3131 3014 ad
3162 2960 3350 3015 lucem
3376 2962 3692 3016 maximam

298 3072 369 3121 σι,
419 3052 506 3104 καὶ
554 3049 735 3110 καλῶς
787 3050 865 3122 τῷ
913 3050 1093 3121 ἀστέρι
1132 3049 1479 3123 τεκμαίροντι
1530 3050 1619 3102 τὸν
1653 3049 1897 3124 οὐράνιον

2051 3056 2104 3106 et
2132 3049 2593 3105 inaccessibilem
2624 3048 2790 3103 stella
2814 3050 3028 3116 currit;
3064 3066 3217 3103 nunc
3248 3049 3401 3121 magi
3430 3066 3668 3121 procum

294 3138 408 3193 νυνί
457 3159 514 3192 τε
561 3136 807 3213 Ἡρώδης
861 3137 1125 3210 μαίνεται,
1173 3136 1261 3190 καὶ
1314 3136 1653 3213 παιδοφονεῖ,
1713 3138 1802 3191 καὶ
1852 3135 1911 3190 διι

2074 3145 2217 3205 lunt,
2251 3156 2316 3193 ac
2347 3139 2498 3193 dona
2529 3139 2799 3201 offerunt,
2822 3138 3206 3208 omniumque
3238 3138 3448 3209 Regem
3485 3155 3691 3207 agnos-

292 3235 382 3282 τὸν
433 3225 824 3299 ἐλευθερωτὴν,
882 3226 1088 3301 ἀναιρεῖ
1132 3226 1257 3286 τοὺς
1298 3232 1397 3294 τῆς
1452 3224 1759 3301 ἐλευθερίας
1806 3247 1909 3301 τυγι

2076 3234 2210 3296 unt,
2233 3233 2289 3282 et
2314 3244 2383 3282 ex
2407 3228 2617 3281 sideris
2643 3231 2878 3297 aspectu
2901 3226 3193 3281 cmlestem
3217 3227 3444 3299 egregie
3466 3228 3693 3299 conjec-

294 3321 478 3390 χάνειν
513 3312 846 3391 ὀφείλοντας.
903 3312 1057 3369 Ἀλλ’
1087 3315 1250 3386 ἡμεῖς
1282 3336 1343 3390 γε
1379 3316 1511 3387 μετά
1537 3320 1643 3369 τῶν
1702 3335 1909 3390 προσκυ

2082 3337 2181 3373 ura
2212 3320 2627 3388 assequuntur.
2653 3316 2817 3370 Nunc
2838 3316 3089 3371 Herodes
3113 3316 3273 3386 furit,
3293 3320 3348 3371 et
3369 3333 3579 3388 pueros
3602 3318 3699 3371 ob-

294 3404 526 3458 νοόντων
581 3404 885 3478 γενώμεθα,
935 3404 1024 3457 καὶ
1074 3405 1522 3479 προσενέγκωμεν
1574 3409 1651 3476 τῷ
1694 3402 1762 3458 δι’
1793 3406 1911 3477 ἦμᾶ

2079 3412 2303 3474 runcat,
2330 3412 2387 3462 et
2418 3410 2652 3478 propter
2680 3405 2967 3460 libertatis
2998 3410 3207 3461 nostra;
3237 3405 3548 3472 vindicem,
3577 3422 3696 3473 eos,

297 3491 672 3567 πτωχεόσαντι
727 3492 890 3569 μέχρι
935 3494 1024 3548 καὶ
1070 3495 1344 3567 σώματος,
1410 3495 1485 3567 μὴ
1522 3490 1765 3567 λίϐανον,
1803 3492 1913 3567 μηδ

2082 3496 2153 3569 [ιιὶ
2184 3497 2240 3550 in
2269 3495 2594 3551 libertatem
2622 3494 2920 3550 asserendi
2944 3499 3129 3565 erant,
3155 3495 3225 3549 de
3248 3494 3439 3551 medio
3461 3494 3612 3550 tollit
3636 3495 3699 3550 ¹².

300 3582 526 3656 χρυσὸν,
583 3579 723 3654 μηδὲ
754 3583 992 3658 σμύρναν
1024 3601 1037 3617 ’
1064 3584 1155 3638 τὸν
1190 3583 1282 3657 μὲν
1316 3584 1390 3645 ὡς
1423 3588 1538 3655 Θεῷ
1572 3587 1702 3657 (21),
1746 3585 1835 3638 τὸν
1890 3581 1916 3638 δ

2086 3590 2131 3639 ιι
2162 3602 2266 3641 nos
2309 3586 2379 3639 ab
2431 3584 2814 3639 adorantibus
2844 3589 3092 3650 stemus;
3127 3584 3297 3655 eique
3344 3583 3445 3654 qui
3494 3590 3703 3639 nostras

302 3671 377 3733 ὡς
433 3670 666 3746 βασιλεῖ,
714 3673 812 3741 τήν
864 3670 920 3726 δὲ
959 3673 1034 3735 ὡς
1065 3673 1383 3747 γευσαμένῳ
1417 3670 1487 3739 δι’
1517 3675 1663 3745 ἡμᾶς
1695 3673 1919 3747 νεκρότη

2092 3673 2267 3729 alutis
2298 3690 2479 3728 causa
2515 3689 2581 3727 eo
2627 3671 2988 3743 paupertatis
3020 3689 3079 3726 se
3111 3671 3367 3736 demisit,
3402 3677 3466 3726 ut
3495 3688 3709 3743 corpus

300 3780 393 3820 τος
442 3764 592 3832 (22)·
649 3759 794 3815 ἀλλᾶ
836 3758 983 3835 δῶρα
1036 3762 1285 3833 μυστικὰ,
1332 3761 1421 3816 καὶ
1482 3762 1612 3837 ὑπὲρ
1642 3762 1705 3816 τὸ
1764 3760 1917 3838 φαινό

2095 3764 2236 3817 tiam
2268 3764 2586 3833 acciperet;
2619 3778 2734 3815 non
2785 3762 2943 3827 thus,
2977 3778 3091 3815 non
3124 3777 3355 3825 aurum,
3389 3777 3503 3815 non
3554 3777 3708 3832 myr-

311 3870 467 3920 μενον
494 3868 506 3880 °
542 3848 600 3902 τό
630 3870 689 3923 γε
720 3847 887 3920 μηδὲν
922 3845 1131 3920 λαϐεῖν,
1182 3848 1321 3920 μηδὲ
1366 3854 1445 3921 τῷ
1493 3848 1718 3922 πλούτῳ
1746 3872 1798 3904 τι
1830 3872 1928 3924 συγ

2093 3850 2253 3917 ham,
2290 3851 2545 3920 primum
2584 3852 2646 3903 ut
2676 3849 2812 3915 Deo,
2846 3850 3171 3903 secundum
3204 3852 3268 3902 ut
3298 3849 3438 3919 regi,
3471 3850 3708 3904 tertium

308 3942 561 4009 χωρῆσαι
621 3937 754 3990 κατὰ
810 3938 1015 4005 πενίας,
1069 3935 1196 4009 μηδ’
1238 3935 1489 4006 ἀδικῆσαι
1520 3939 1582 3992 τὸ
1611 3937 1836 4010 πλάσμα
1868 3937 1918 3992 δι

2096 3944 2131 3994 it
2159 3940 2209 3993 ei
2242 3938 2341 4010 qui
2374 3942 2569 3991 nostra
2605 3954 2783 3991 causa
2828 3941 3074 3991 mortem
3127 3937 3476 4007 degustavit,
3508 3937 3713 3993 offera-

307 4030 405 4078 τοῦ
436 4026 781 4097 πλάσματος.

2103 4045 2229 4094 aus;
2265 4028 2365 4082 sed
2402 4025 2647 4097 mystica
2677 4026 2851 4092 dona,
2876 4024 3086 4096 iisque,
3109 4041 3234 4095 quae
3264 4025 3446 4080 oculis
3471 4042 3720 4081 cernun-

311 4120 425 4183 tur,
458 4115 839 4181 sublimiora;
875 4114 1175 4182 nimirum,
1211 4119 1273 4170 ut
1303 4116 1453 4170 nihil
1484 4116 1861 4188 accipiamus,
1896 4134 1999 4172 nec
2030 4116 2249 4172 divitiis
2297 4116 2621 4187 quidquam
2663 4115 2943 4169 adversus
2990 4118 3391 4186 paupertatem
3437 4116 3720 4171 conceda-

314 4219 468 4272 mus,
504 4219 607 4258 nec
639 4202 736 4258 Dei
768 4208 1095 4259 creaturam
1128 4222 1230 4275 per
1262 4206 1437 4261 aliam
1470 4211 1797 4261 creaturam
1831 4207 2047 4277 injuria
2076 4206 2423 4262 afﬁciamus.

384 4290 481 4347 ll".
516 4289 621 4343 Σὺν
674 4295 895 4366 Χριστῷ
944 4294 1189 4368 γράφεις,
1222 4292 1312 4346 σὺν
1349 4298 1563 4365 Χριστῷ
1592 4291 1957 4363 ταλαντεύεις,

2142 4294 2287 4351 ΧΙΙΙ.
2322 4294 2466 4349 Cum
2498 4292 2726 4348 Christo
2758 4292 3064 4358 describis,
3103 4308 3234 4348 eum
3267 4292 3495 4349 Christo
3529 4294 3720 4349 tribu-

313 4377 404 4432 σὺν
457 4382 523 4451 τῇ
574 4377 786 4456 κεφαλῇ
833 4376 1163 4452 δοκιμάζεις,
1220 4382 1355 4454 μετὰ
1400 4385 1497 4435 τοῦ
1550 4380 1716 4457 λόγου
1748 4380 1930 4458 λογίζῃ

2105 4401 2195 4439 um
2256 4382 2557 4454 expendis,
2591 4398 2725 4435 cum
2784 4382 2972 4452 capite
3030 4397 3339 4436 censuram
3392 4382 3555 4447 facis,
3588 4398 3722 4437 cum

313 4467 541 4541 Χριστὸς
590 4464 709 4542 ἄρτι
753 4469 990 4543 γεννᾶταί
1043 4490 1151 4538 σοι,
1208 4470 1297 4523 καὶ
1351 4470 1479 4532 Θεός
1539 4470 1671 4544 ἐστι,
1718 4472 1807 4525 καὶ
1869 4471 1927 4526 ἅν

2108 4473 2254 4527 'erbo
2284 4472 2569 4527 rationem
2595 4470 2898 4525 subdueis.
2924 4470 3089 4524 Nunc
3113 4470 3380 4525 Christus
3407 4470 3514 4525 tibi
3535 4470 3725 4525 nasci-

315 4556 532 4630 Ορωπος
578 4556 807 4630 γίνεται,
854 4558 942 4611 καὶ
992 4557 1297 4631 ἀνθρώποις
1334 4562 1833 4638 συναναστρὲφεται.
1894 4564 1932 4617 Τ

2107 4578 2190 4625 ur,
2218 4565 2274 4615 et
2305 4560 2457 4614 Deus
2491 4563 2600 4624 est,
2625 4563 2679 4613 et
2711 4558 2886 4612 homo
2918 4559 3197 4625 efficitur,
3219 4565 3276 4613 et
3306 4575 3439 4613 cum
3473 4558 3724 4612 homini-

316 4648 411 4697 τοῦ
461 4640 632 4719 λόγου
683 4642 1023 4715 δηλοῦντος;
1078 4647 1236 4719 Ἐμοὶ
1286 4644 1433 4701 δοκεῖ
1481 4651 1615 4721 (23),
1668 4649 1743 4710 εἷς
1777 4651 1932 4703 νουθε

2114 4667 2182 4703 us
2214 4652 2611 4703 conversatur.
2647 4646 2793 4711 Quid
2826 4653 3022 4701 autem
3064 4646 3176 4701 sibi
3208 4646 3331 4700 vult
3364 4647 3457 4701 hic
3488 4663 3679 4702 sermo
3700 4646 3727 4700 ?

320 4732 433 4785 σίαν
464 4737 571 4787 τῶν
598 4733 665 4787 τὰ
706 4738 927 4787 τοιαῦτα
974 4736 1374 4806 πιστευομένων
1427 4739 1559 4809 (24),
1608 4736 1689 4791 ὅτι
1718 4743 1837 4799 ταῖς
1874 4759 1937 4810 με

2113 4752 2241 4805 aue,
2268 4736 2378 4790 nisi
2413 4753 2505 4789 me
2536 4736 2829 4791 sententia
2854 4735 3020 4804 fallit,
3047 4754 3164 4806 eos,
3189 4737 3341 4791 372
3368 4736 3581 4807 quibus
3616 4736 3725 4790 hu-

320 4820 529 4894 γίσταις
578 4826 685 4875 τῶν
736 4818 1056 4893 διοικήσεων
1107 4824 1233 4884 Θεὸς
1268 4824 1347 4877 ἀεὶ
1384 4825 1803 4899 συνεισέρχεται.
1867 4832 1937 4879 Κα

2106 4824 2332 4880 usmodi
2366 4841 2607 4879 munera
2649 4824 2967 4879 commissa
3018 4831 3178 4889 sunt,
3212 4825 3508 4892 admonet,
3547 4830 3723 4879 Deum

393 4966 413 4999 ⁰
439 4966 563 5020 Job.
595 4983 688 5032 xx,
722 4967 807 5021 15.
888 4969 932 5003 ¹⁰
958 4968 1094 5023 Luc.
1129 4985 1190 5035 ιι,
1225 4970 1249 5022 1
1280 4984 1412 5040 sqq.
1491 4970 1532 5006 “
1568 4969 1713 5024 Ibid.
1746 4970 1779 5023 9
1810 4988 1939 5042 sqq.

1009 4984 1094 5023 uc.
1129 4985 1190 5035 ιι,
1225 4970 1249 5022 1
1280 4984 1412 5040 sqq.
1491 4970 1532 5006 “
1568 4969 1713 5024 Ibid.
1746 4970 1779 5023 9
1810 4988 1939 5042 sqq.
2021 4970 2065 5005 19
2100 4968 2306 5024 Matth.
2341 4985 2399 5033 ιι,
2435 4968 2459 5021 1
2498 4984 2626 5039 sqq.

395 5108 505 5181 (12)
538 5104 662 5181 Οὗν.
704 5109 869 5181 Deest
900 5109 955 5164 in
986 5110 1075 5164 ed.

986 5110 1075 5164 ed.
2090 5134 2116 5161 «
2152 5110 2208 5165 in
2241 5109 2539 5181 praesepio.
2556 5131 2593 5181 in

534 5176 690 5251 To_-5c.
726 5180 908 5251 Pass,
946 5186 1081 5251 τοῖς,

2152 5176 2265 5249 (20)
2296 5176 2650 5251 Οἰκόνομίαν.
2685 5180 2889 5236 Billius
2924 5198 2935 5235 :
2965 5205 2991 5231 (ι
3024 5179 3455 5235 humanitatem
3502 5197 3730 5237 assum-

422 5250 503 5326 1ξι)
536 5248 1139 5326 ¢6pmv_&1r0‘{pucps'3;.
1173 5252 1270 5326 Sic
1297 5251 1470 5326 Coisl.
1508 5253 1557 5307 1.
1594 5254 1655 5307 In
1706 5253 1879 5310 Coisl.
1914 5257 1970 5324 2,

709 5248 1139 5326 v_&1r0‘{pucps'3§.
1173 5252 1270 5326 Sic
1297 5251 1470 5326 Coisl.
1508 5253 1557 5307 1.
1594 5254 1655 5307 In
1706 5253 1879 5310 Coisl.
1914 5257 1970 5324 2,
2085 5260 2266 5326 ptam.
2301 5276 2326 5301 ››

320 5324 377 5376 et
400 5322 521 5399 ed.,
554 5320 809 5399 γραφεύς.
848 5320 1015 5399 Deest
1045 5322 1224 5399 φόρων
1257 5323 1314 5399 in
1350 5325 1477 5399 ed:
1526 5395 1536 5399 _
1576 5395 1589 5399 _
1661 5396 1667 5399 Α

2154 5324 2266 5393 (21)
2299 5321 2397 5399 Τὸν
2450 5320 2551 5399 μὶν
2593 5321 2666 5399 ᾡς
2716 5325 2853 5399 Θεῷ,
2904 5327 3011 5399 etc.
3064 5321 3265 5376 Billius
3311 5343 3375 5374 ιιι
3406 5325 3618 5395 partim
3671 5326 3733 5377 ut

392 5393 503 5467 (15)
535 5394 647 5467 Εἲς.
674 5393 853 5467 Deest
881 5397 937 5450 in
974 5393 1149 5467 Regg.
1184 5411 1245 5467 ο,
1268 5396 1324 5461 (1,
1358 5401 1413 5449 et
1443 5395 1614 5467 Coisl.
1650 5396 1700 5449 1.

1606 5438 1614 5449 .
1650 5396 1700 5449 1.
2084 5397 2221 5459 Deo,
2255 5394 2465 5467 partim
2500 5398 2563 5445 ut
2595 5394 2755 5464 Regi,
2792 5396 3027 5464 partim,
3057 5404 3223 5467 nete.

394 5465 983 5571 (16),"A‘rr<z‘{piapeoﬁut.
1044 5462 1185 5523 'l‘Ees
1219 5462 1393 5538 'Regq
1447 5466 1619 5522 Coisl.
1674 5469 1735 5538 1,
1786 5468 1971 5534 Pass,

2155 5462 2271 5537 (22)
2300 5462 2896 5533 ΝεκρότητοςδΡᾶἓιεη
2946 5465 3277 5538 νεκρώσεως,
3332 5488 3357 5514 ‹‹
3414 5464 3734 5520 mortalita-

320 5534 754 5659 ἀπογράψασθαι.
790 5534 798 5540 ’
1319 5534 1347 5538 ⁷
1721 5534 1730 5538 ’
2084 5534 2222 5592 tein.
2251 5534 2276 5584 ἆ)
2559 5608 2564 5613 Ι
3038 5534 3045 5538 ’

392 5611 507 5681 (1
538 5606 776 5663 Γυναικί.
811 5610 903 5681 Sic
936 5614 1073 5681 Reg.
1110 5625 1158 5663 c.
1192 5607 1364 5681 Deest
1398 5607 1459 5663 in
1493 5609 1583 5681 ed.
2160 5610 2267 5677 (23)
2300 5609 2474 5660 Δοκεῖ.
2510 5608 2603 5681 Sic
2635 5607 2807 5681 Coisl.
2846 5610 2893 5661 1.
2928 5613 2989 5663 In
3022 5609 3135 5673 ed.,
3171 5602 3367 5659 δοκεῖν.

418 5679 509 5754 18)
544 5679 902 5754 Δημιουργός.
937 5676 1120 5754 ΟΓΪ1,
1152 5679 1760 5754 ποιητήςια-Ῑροιοτει)

2160 5676 2276 5754 (24)-
2305 5678 2736 5750 Πιστευομένων.
2793 5680 2970 5752 ltegg.
3006 5697 3056 5751 c,
3087 5681 3145 5747 d,
3188 5686 3243 5734 et
3290 5676 3460 5733 Coisl.
3497 5678 3549 5746 1,
3575 5697 3736 5732 πεπι-

418 5687 509 5749 18)
544 5687 902 5754 Δημιουργός.
937 5687 1033 5737 Or.
1068 5687 1120 5749 1,
1152 5687 1413 5748 ποιητής,
1443 5700 1471 5729 ‹‹
1507 5687 1707 5737 factor.
1732 5701 1760 5733 ι)

398 5687 624 5822 (19)Ἐν
674 5750 888 5829 φαύλῳ.
946 5753 1087 5824 Reg.
1138 5750 1238 5823 ph.
1290 5755 1346 5807 et
1394 5749 1545 5808 Coisl
1596 5755 1645 5821 1,
1699 5751 1750 5807 ἐν
1786 5754 1976 5830 φάτνῃ,

795 5687 902 5754 γός.
937 5687 1033 5737 Or.
1068 5687 1120 5749 1,
1152 5687 1413 5748 ποιητής.
1443 5700 1471 5729 ‹‹
1507 5687 1707 5737 factor.
1732 5701 1760 5733 ι)
2160 5687 2270 5749 (24)
2306 5687 2412 5730 ιιισι

795 5753 888 5825 λῳ.
946 5753 1087 5824 Reg.
1138 5750 1238 5823 ph.
1290 5755 1346 5807 et
1394 5749 1545 5808 Coisl
1596 5755 1645 5821 1,
1699 5751 1750 5807 ἐν
1786 5754 1976 5830 φάτνῃ,
2087 5749 2412 5825 στευμὲνων.
