  <div class='ocr_page' id='page_1' title='image "/cluster/home/n/w/nwhite01/storage/ocr_20150623/35/mdp.39015012934389/537.png"; bbox 0 0 4094 6288; ppageno 0'>
   <div class='ocr_carea' id='block_1_1' title="bbox 435 366 589 427">
    <p class='ocr_par' dir='ltr' id='par_1_1' title="bbox 435 366 589 427">
     <span class='ocr_line' id='line_1_1' title="bbox 435 366 589 427; baseline 0.006 -2"><span class='ocrx_word' id='word_1_1' title='bbox 435 366 589 427; x_wconf 78' lang='grc'>1059</span> 
     </span>
    </p>
   </div>
   <div class='ocr_carea' id='block_1_2' title="bbox 1670 358 2593 451">
    <p class='ocr_par' dir='ltr' id='par_1_2' title="bbox 1670 358 2593 451">
     <span class='ocr_line' id='line_1_2' title="bbox 1670 358 2593 451; baseline -0.005 -27"><span class='ocrx_word' id='word_1_2' title='bbox 1670 365 1734 424; x_wconf 89' lang='lat' dir='ltr'>s.</span> <span class='ocrx_word' id='word_1_3' title='bbox 1784 360 2155 423; x_wconf 79' lang='lat' dir='ltr'>casaoau</span> <span class='ocrx_word' id='word_1_4' title='bbox 2202 358 2593 451; x_wconf 84' lang='lat' dir='ltr'>THEOLOGI</span> 
     </span>
    </p>
   </div>
   <div class='ocr_carea' id='block_1_3' title="bbox 3682 367 3849 429">
    <p class='ocr_par' dir='ltr' id='par_1_3' title="bbox 3682 367 3849 429">
     <span class='ocr_line' id='line_1_3' title="bbox 3682 367 3849 429; baseline 0.018 -3"><span class='ocrx_word' id='word_1_5' title='bbox 3682 367 3849 429; x_wconf 73' lang='lat'>1060</span> 
     </span>
    </p>
   </div>
   <div class='ocr_carea' id='block_1_4' title="bbox 434 489 2070 573">
    <p class='ocr_par' dir='ltr' id='par_1_4' title="bbox 434 496 2070 569">
     <span class='ocr_line' id='line_1_4' title="bbox 434 496 2070 569; baseline -0.002 -15"><span class='ocrx_word' id='word_1_6' title='bbox 434 516 549 553; x_wconf 89' lang='lat' dir='ltr'>una</span> <span class='ocrx_word' id='word_1_7' title='bbox 580 513 810 569; x_wconf 83' lang='lat' dir='ltr'>semper</span> <span class='ocrx_word' id='word_1_8' title='bbox 830 496 1102 551; x_wconf 78' lang='lat' dir='ltr'>maximis</span> <span class='ocrx_word' id='word_1_9' title='bbox 1126 512 1319 551; x_wconf 89' lang='lat' dir='ltr'>rerum</span> <span class='ocrx_word' id='word_1_10' title='bbox 1351 496 1959 552; x_wconf 81' lang='lat' dir='ltr'>administrationibus</span> <span class='ocrx_word' id='word_1_11' title='bbox 1984 512 2070 550; x_wconf 90' lang='lat' dir='ltr'>co-</span> 
     </span>
    </p>
   </div>
   <div class='ocr_carea' id='block_1_5' title="bbox 2182 489 3848 573">
    <p class='ocr_par' dir='ltr' id='par_1_5' title="bbox 2188 489 3848 573">
     <span class='ocr_line' id='line_1_5' title="bbox 2188 489 3848 573; baseline 0.005 -28"><span class='ocrx_word' id='word_1_12' title='bbox 2188 489 2275 546; x_wconf 68' lang='grc' dir='ltr'>’ίνα</span> <span class='ocrx_word' id='word_1_13' title='bbox 2328 493 2422 565; x_wconf 72' lang='grc' dir='ltr'>μὲν</span> <span class='ocrx_word' id='word_1_14' title='bbox 2466 490 2793 547; x_wconf 76' lang='grc' dir='ltr'>καταιδέσειε</span> <span class='ocrx_word' id='word_1_15' title='bbox 3013 492 3143 556; x_wconf 81' lang='grc' dir='ltr'>τοὺς</span> <span class='ocrx_word' id='word_1_16' title='bbox 3192 494 3625 573; x_wconf 71' lang='grc' dir='ltr'>ἀπο-γράφοντας,</span> <span class='ocrx_word' id='word_1_17' title='bbox 3685 520 3848 569; x_wconf 83' lang='grc' dir='ltr'>τηνι-</span> 
     </span>
    </p>
   </div>
   <div class='ocr_carea' id='block_1_6' title="bbox 434 585 2081 657">
    <p class='ocr_par' dir='ltr' id='par_1_6' title="bbox 434 585 2081 657">
     <span class='ocr_line' id='line_1_6' title="bbox 434 585 2081 657; baseline -0.002 -16"><span class='ocrx_word' id='word_1_18' title='bbox 434 588 625 642; x_wconf 81' lang='lat' dir='ltr'>mitem</span> <span class='ocrx_word' id='word_1_19' title='bbox 660 588 962 641; x_wconf 79' lang='lat' dir='ltr'>interesse.</span> <span class='ocrx_word' id='word_1_20' title='bbox 987 587 1053 640; x_wconf 90' lang='lat' dir='ltr'>Et</span> <span class='ocrx_word' id='word_1_21' title='bbox 1080 585 1421 656; x_wconf 90' lang='lat' dir='ltr'>quidem,ut</span> <span class='ocrx_word' id='word_1_22' title='bbox 1442 585 1833 657; x_wconf 85' lang='lat' dir='ltr'>descriptores</span> <span class='ocrx_word' id='word_1_23' title='bbox 1861 585 2081 657; x_wconf 91' lang='lat' dir='ltr'>pudore</span> 
     </span>
    </p>
   </div>
   <div class='ocr_carea' id='block_1_7' title="bbox 429 675 2078 746">
    <p class='ocr_par' dir='ltr' id='par_1_7' title="bbox 429 675 2078 746">
     <span class='ocr_line' id='line_1_7' title="bbox 429 675 2078 746; baseline -0.001 -17"><span class='ocrx_word' id='word_1_24' title='bbox 429 676 679 746; x_wconf 89' lang='lat' dir='ltr'>quodam</span> <span class='ocrx_word' id='word_1_25' title='bbox 711 675 948 737; x_wconf 83' lang='lat' dir='ltr'>afliciat,</span> <span class='ocrx_word' id='word_1_26' title='bbox 969 690 1034 727; x_wconf 88' lang='lat' dir='ltr'>ac</span> <span class='ocrx_word' id='word_1_27' title='bbox 1062 681 1445 740; x_wconf 79' lang='lat' dir='ltr'>Commoveat,</span> <span class='ocrx_word' id='word_1_28' title='bbox 1473 691 1537 729; x_wconf 91' lang='lat' dir='ltr'>eo</span> <span class='ocrx_word' id='word_1_29' title='bbox 1560 678 1821 745; x_wconf 89' lang='lat' dir='ltr'>tempore</span> <span class='ocrx_word' id='word_1_30' title='bbox 1845 688 2078 728; x_wconf 91' lang='lat' dir='ltr'>carnem</span> 
     </span>
    </p>
   </div>
   <div class='ocr_carea' id='block_1_8' title="bbox 428 763 2079 831">
    <p class='ocr_par' dir='ltr' id='par_1_8' title="bbox 428 763 2079 831">
     <span class='ocr_line' id='line_1_8' title="bbox 428 763 2079 831; baseline -0.001 -15"><span class='ocrx_word' id='word_1_31' title='bbox 428 764 700 831; x_wconf 83' lang='lat' dir='ltr'>assumit,</span> <span class='ocrx_word' id='word_1_32' title='bbox 723 770 935 817; x_wconf 91' lang='lat' dir='ltr'>etcum</span> <span class='ocrx_word' id='word_1_33' title='bbox 958 763 1297 817; x_wconf 89' lang='lat' dir='ltr'>hominibus</span> <span class='ocrx_word' id='word_1_34' title='bbox 1330 768 1621 830; x_wconf 85' lang='lat' dir='ltr'>versatur;</span> <span class='ocrx_word' id='word_1_35' title='bbox 1648 768 1711 817; x_wconf 90' lang='lat' dir='ltr'>ut</span> <span class='ocrx_word' id='word_1_36' title='bbox 1735 767 1927 817; x_wconf 90' lang='lat' dir='ltr'>autem</span> <span class='ocrx_word' id='word_1_37' title='bbox 1960 778 2079 817; x_wconf 88' lang='lat' dir='ltr'>ser-</span> 
     </span>
    </p>
   </div>
   <div class='ocr_carea' id='block_1_9' title="bbox 427 850 2078 922">
    <p class='ocr_par' dir='ltr' id='par_1_9' title="bbox 427 850 2078 922">
     <span class='ocr_line' id='line_1_9' title="bbox 427 850 2078 922; baseline -0.001 -17"><span class='ocrx_word' id='word_1_38' title='bbox 427 852 595 905; x_wconf 90' lang='lat' dir='ltr'>vituti</span> <span class='ocrx_word' id='word_1_39' title='bbox 631 858 841 906; x_wconf 73' lang='lat' dir='ltr'>nostrze</span> <span class='ocrx_word' id='word_1_40' title='bbox 870 850 1143 906; x_wconf 83' lang='lat' dir='ltr'>solatium</span> <span class='ocrx_word' id='word_1_41' title='bbox 1168 852 1388 920; x_wconf 82' lang='lat' dir='ltr'>afferat,</span> <span class='ocrx_word' id='word_1_42' title='bbox 1416 851 1717 922; x_wconf 86' lang='lat' dir='ltr'>animique</span> <span class='ocrx_word' id='word_1_43' title='bbox 1748 850 2078 921; x_wconf 69' lang='lat' dir='ltr'>aequitatem</span> 
     </span>
    </p>
   </div>
   <div class='ocr_carea' id='block_1_10' title="bbox 428 939 2078 1011">
    <p class='ocr_par' dir='ltr' id='par_1_10' title="bbox 428 939 2078 1011">
     <span class='ocr_line' id='line_1_10' title="bbox 428 939 2078 1011; baseline -0.002 -16"><span class='ocrx_word' id='word_1_44' title='bbox 428 940 605 995; x_wconf 87' lang='lat' dir='ltr'>veluti</span> <span class='ocrx_word' id='word_1_45' title='bbox 639 941 762 1010; x_wconf 86' lang='lat' dir='ltr'>lege</span> <span class='ocrx_word' id='word_1_46' title='bbox 794 940 1015 994; x_wconf 82' lang='lat' dir='ltr'>sanciat</span> <span class='ocrx_word' id='word_1_47' title='bbox 1038 941 1195 1011; x_wconf 87' lang='lat' dir='ltr'>(nam</span> <span class='ocrx_word' id='word_1_48' title='bbox 1232 957 1301 995; x_wconf 90' lang='lat' dir='ltr'>ne</span> <span class='ocrx_word' id='word_1_49' title='bbox 1338 941 1394 994; x_wconf 92' lang='lat' dir='ltr'>id</span> <span class='ocrx_word' id='word_1_50' title='bbox 1430 941 1661 1011; x_wconf 89' lang='lat' dir='ltr'>quidem</span> <span class='ocrx_word' id='word_1_51' title='bbox 1697 939 2078 1010; x_wconf 87' lang='lat' dir='ltr'>contemptim</span> 
     </span>
    </p>
   </div>
   <div class='ocr_carea' id='block_1_11' title="bbox 431 1027 2079 1101">
    <p class='ocr_par' dir='ltr' id='par_1_11' title="bbox 431 1027 2079 1101">
     <span class='ocr_line' id='line_1_11' title="bbox 431 1027 2079 1101; baseline -0.001 -20"><span class='ocrx_word' id='word_1_52' title='bbox 431 1029 899 1101; x_wconf 63' lang='lat' dir='ltr'>praetereundum</span> <span class='ocrx_word' id='word_1_53' title='bbox 926 1030 1054 1097; x_wconf 87' lang='lat' dir='ltr'>est),</span> <span class='ocrx_word' id='word_1_54' title='bbox 1080 1046 1194 1082; x_wconf 90' lang='lat' dir='ltr'>non</span> <span class='ocrx_word' id='word_1_55' title='bbox 1228 1030 1399 1083; x_wconf 88' lang='lat' dir='ltr'>modo</span> <span class='ocrx_word' id='word_1_56' title='bbox 1423 1046 1549 1094; x_wconf 91' lang='lat' dir='ltr'>suo,</span> <span class='ocrx_word' id='word_1_57' title='bbox 1578 1030 1675 1083; x_wconf 91' lang='lat' dir='ltr'>sed</span> <span class='ocrx_word' id='word_1_58' title='bbox 1702 1030 1877 1084; x_wconf 87' lang='lat' dir='ltr'>etiam</span> <span class='ocrx_word' id='word_1_59' title='bbox 1900 1027 2079 1092; x_wconf 87' lang='lat' dir='ltr'>Petri,</span> 
     </span>
    </p>
   </div>
   <div class='ocr_carea' id='block_1_12' title="bbox 429 1116 2081 1189">
    <p class='ocr_par' dir='ltr' id='par_1_12' title="bbox 429 1116 2081 1189">
     <span class='ocr_line' id='line_1_12' title="bbox 429 1116 2081 1189; baseline -0.001 -17"><span class='ocrx_word' id='word_1_60' title='bbox 429 1118 855 1189; x_wconf 88' lang='lat' dir='ltr'>discipulorum</span> <span class='ocrx_word' id='word_1_61' title='bbox 890 1117 1153 1171; x_wconf 88' lang='lat' dir='ltr'>omnium</span> <span class='ocrx_word' id='word_1_62' title='bbox 1210 1116 1569 1187; x_wconf 90' lang='lat' dir='ltr'>charissimi,</span> <span class='ocrx_word' id='word_1_63' title='bbox 1604 1118 1839 1172; x_wconf 89' lang='lat' dir='ltr'>nomine</span> <span class='ocrx_word' id='word_1_64' title='bbox 1887 1117 2081 1171; x_wconf 85' lang='lat' dir='ltr'>didra-</span> 
     </span>
    </p>
   </div>
   <div class='ocr_carea' id='block_1_13' title="bbox 429 1206 2077 1277">
    <p class='ocr_par' dir='ltr' id='par_1_13' title="bbox 429 1206 2077 1277">
     <span class='ocr_line' id='line_1_13' title="bbox 429 1206 2077 1277; baseline -0.001 -17"><span class='ocrx_word' id='word_1_65' title='bbox 429 1206 667 1261; x_wconf 90' lang='lat' dir='ltr'>chmum</span> <span class='ocrx_word' id='word_1_66' title='bbox 692 1206 889 1277; x_wconf 83' lang='lat' dir='ltr'>pendit</span> <span class='ocrx_word' id='word_1_67' title='bbox 906 1208 969 1259; x_wconf 85' lang='grc'>¹³.</span> <span class='ocrx_word' id='word_1_68' title='bbox 992 1206 1133 1261; x_wconf 81' lang='lat' dir='ltr'>Nam</span> <span class='ocrx_word' id='word_1_69' title='bbox 1159 1209 1393 1277; x_wconf 80' lang='lat' dir='ltr'>propter</span> <span class='ocrx_word' id='word_1_70' title='bbox 1410 1223 1515 1260; x_wconf 91' lang='lat' dir='ltr'>nos</span> <span class='ocrx_word' id='word_1_71' title='bbox 1532 1206 1707 1260; x_wconf 90' lang='lat' dir='ltr'>homo</span> <span class='ocrx_word' id='word_1_72' title='bbox 1727 1206 1914 1260; x_wconf 85' lang='lat' dir='ltr'>factus</span> <span class='ocrx_word' id='word_1_73' title='bbox 1935 1209 2077 1271; x_wconf 89' lang='lat' dir='ltr'>erat,</span> 
     </span>
    </p>
   </div>
   <div class='ocr_carea' id='block_1_14' title="bbox 431 1294 2081 1366">
    <p class='ocr_par' dir='ltr' id='par_1_14' title="bbox 431 1294 2081 1366">
     <span class='ocr_line' id='line_1_14' title="bbox 431 1294 2081 1366; baseline -0.001 -15"><span class='ocrx_word' id='word_1_74' title='bbox 431 1296 697 1366; x_wconf 84' lang='lat' dir='ltr'>servique</span> <span class='ocrx_word' id='word_1_75' title='bbox 749 1296 995 1350; x_wconf 88' lang='lat' dir='ltr'>formam</span> <span class='ocrx_word' id='word_1_76' title='bbox 1048 1295 1392 1366; x_wconf 72' lang='lat' dir='ltr'>suscepit”,</span> <span class='ocrx_word' id='word_1_77' title='bbox 1418 1300 1474 1349; x_wconf 94' lang='lat' dir='ltr'>et</span> <span class='ocrx_word' id='word_1_78' title='bbox 1519 1312 1620 1366; x_wconf 93' lang='lat' dir='ltr'>pro</span> <span class='ocrx_word' id='word_1_79' title='bbox 1669 1294 2081 1365; x_wconf 87' lang='lat' dir='ltr'>iniquitatibus</span> 
     </span>
    </p>
   </div>
   <div class='ocr_carea' id='block_1_15' title="bbox 430 1383 2077 1449">
    <p class='ocr_par' dir='ltr' id='par_1_15' title="bbox 430 1383 2077 1449">
     <span class='ocr_line' id='line_1_15' title="bbox 430 1383 2077 1449; baseline -0.001 -10"><span class='ocrx_word' id='word_1_80' title='bbox 430 1386 649 1440; x_wconf 86' lang='lat' dir='ltr'>nostris</span> <span class='ocrx_word' id='word_1_81' title='bbox 679 1386 747 1439; x_wconf 91' lang='lat' dir='ltr'>ad</span> <span class='ocrx_word' id='word_1_82' title='bbox 778 1389 1020 1439; x_wconf 88' lang='lat' dir='ltr'>mortem</span> <span class='ocrx_word' id='word_1_83' title='bbox 1046 1384 1256 1439; x_wconf 90' lang='lat' dir='ltr'>ductus</span> <span class='ocrx_word' id='word_1_84' title='bbox 1277 1388 1365 1438; x_wconf 91' lang='lat' dir='ltr'>est</span> <span class='ocrx_word' id='word_1_85' title='bbox 1387 1384 1448 1438; x_wconf 69' lang='grc'>1⁵.</span> <span class='ocrx_word' id='word_1_86' title='bbox 1473 1388 1603 1438; x_wconf 77' lang='lat' dir='ltr'>Haec</span> <span class='ocrx_word' id='word_1_87' title='bbox 1627 1383 1894 1439; x_wconf 84' lang='lat' dir='ltr'>Salvator</span> <span class='ocrx_word' id='word_1_88' title='bbox 1926 1383 2077 1449; x_wconf 86' lang='lat' dir='ltr'>fecit,</span> 
     </span>
    </p>
   </div>
   <div class='ocr_carea' id='block_1_16' title="bbox 430 1472 2077 1544">
    <p class='ocr_par' dir='ltr' id='par_1_16' title="bbox 430 1472 2077 1544">
     <span class='ocr_line' id='line_1_16' title="bbox 430 1472 2077 1544; baseline -0.001 -17"><span class='ocrx_word' id='word_1_89' title='bbox 430 1474 606 1544; x_wconf 89' lang='lat' dir='ltr'>idque</span> <span class='ocrx_word' id='word_1_90' title='bbox 637 1490 770 1527; x_wconf 92' lang='lat' dir='ltr'>cum</span> <span class='ocrx_word' id='word_1_91' title='bbox 800 1473 1095 1528; x_wconf 86' lang='lat' dir='ltr'>voluntate</span> <span class='ocrx_word' id='word_1_92' title='bbox 1126 1473 1249 1527; x_wconf 89' lang='lat' dir='ltr'>sola</span> <span class='ocrx_word' id='word_1_93' title='bbox 1282 1473 1469 1539; x_wconf 91' lang='lat' dir='ltr'>nobis,</span> <span class='ocrx_word' id='word_1_94' title='bbox 1496 1478 1695 1543; x_wconf 78' lang='lat' dir='ltr'>utpote</span> <span class='ocrx_word' id='word_1_95' title='bbox 1719 1478 1889 1543; x_wconf 85' lang='lat' dir='ltr'>Deus,</span> <span class='ocrx_word' id='word_1_96' title='bbox 1920 1472 2077 1527; x_wconf 89' lang='lat' dir='ltr'>salu-</span> 
     </span>
    </p>
   </div>
   <div class='ocr_carea' id='block_1_17' title="bbox 428 1562 2081 1632">
    <p class='ocr_par' dir='ltr' id='par_1_17' title="bbox 428 1562 2081 1632">
     <span class='ocr_line' id='line_1_17' title="bbox 428 1562 2081 1632; baseline 0.001 -17"><span class='ocrx_word' id='word_1_97' title='bbox 428 1566 545 1616; x_wconf 87' lang='lat' dir='ltr'>tem</span> <span class='ocrx_word' id='word_1_98' title='bbox 572 1563 774 1617; x_wconf 74' lang='lat' dir='ltr'>allerre</span> <span class='ocrx_word' id='word_1_99' title='bbox 804 1566 1020 1632; x_wconf 88' lang='lat' dir='ltr'>posset,</span> <span class='ocrx_word' id='word_1_100' title='bbox 1044 1562 1539 1632; x_wconf 81' lang='lat' dir='ltr'>quemadmodum</span> <span class='ocrx_word' id='word_1_101' title='bbox 1564 1566 1619 1616; x_wconf 91' lang='lat' dir='ltr'>et</span> <span class='ocrx_word' id='word_1_102' title='bbox 1642 1562 1972 1616; x_wconf 83' lang='lat' dir='ltr'>universam</span> <span class='ocrx_word' id='word_1_103' title='bbox 1997 1577 2081 1616; x_wconf 89' lang='lat' dir='ltr'>re-</span> 
     </span>
    </p>
   </div>
   <div class='ocr_carea' id='block_1_18' title="bbox 428 1650 2077 1722">
    <p class='ocr_par' dir='ltr' id='par_1_18' title="bbox 428 1650 2077 1722">
     <span class='ocr_line' id='line_1_18' title="bbox 428 1650 2077 1722; baseline -0.001 -17"><span class='ocrx_word' id='word_1_104' title='bbox 428 1668 557 1705; x_wconf 92' lang='lat' dir='ltr'>rum</span> <span class='ocrx_word' id='word_1_105' title='bbox 592 1652 926 1705; x_wconf 89' lang='lat' dir='ltr'>machinam</span> <span class='ocrx_word' id='word_1_106' title='bbox 962 1650 1084 1705; x_wconf 91' lang='lat' dir='ltr'>solo</span> <span class='ocrx_word' id='word_1_107' title='bbox 1108 1652 1285 1719; x_wconf 82' lang='lat' dir='ltr'>jussu</span> <span class='ocrx_word' id='word_1_108' title='bbox 1326 1655 1501 1720; x_wconf 88' lang='lat' dir='ltr'>atque</span> <span class='ocrx_word' id='word_1_109' title='bbox 1530 1650 1775 1720; x_wconf 89' lang='lat' dir='ltr'>imperio</span> <span class='ocrx_word' id='word_1_110' title='bbox 1808 1666 2077 1722; x_wconf 87' lang='lat' dir='ltr'>procrea-</span> 
     </span>
    </p>
   </div>
   <div class='ocr_carea' id='block_1_19' title="bbox 428 1740 2078 1810">
    <p class='ocr_par' dir='ltr' id='par_1_19' title="bbox 428 1740 2078 1810">
     <span class='ocr_line' id='line_1_19' title="bbox 428 1740 2078 1810; baseline 0 -18"><span class='ocrx_word' id='word_1_111' title='bbox 428 1741 525 1793; x_wconf 86' lang='lat' dir='ltr'>vit.</span> <span class='ocrx_word' id='word_1_112' title='bbox 561 1742 745 1809; x_wconf 79' lang='lat' dir='ltr'>Majus</span> <span class='ocrx_word' id='word_1_113' title='bbox 791 1746 1006 1801; x_wconf 85' lang='lat' dir='ltr'>autem,</span> <span class='ocrx_word' id='word_1_114' title='bbox 1042 1744 1097 1793; x_wconf 88' lang='lat' dir='ltr'>et</span> <span class='ocrx_word' id='word_1_115' title='bbox 1131 1742 1198 1793; x_wconf 91' lang='lat' dir='ltr'>ad</span> <span class='ocrx_word' id='word_1_116' title='bbox 1230 1740 1630 1793; x_wconf 91' lang='lat' dir='ltr'>incutiendum</span> <span class='ocrx_word' id='word_1_117' title='bbox 1664 1741 1947 1810; x_wconf 88' lang='lat' dir='ltr'>pudorem</span> <span class='ocrx_word' id='word_1_118' title='bbox 1980 1755 2078 1793; x_wconf 88' lang='lat' dir='ltr'>ac-</span> 
     </span>
    </p>
   </div>
   <div class='ocr_carea' id='block_1_20' title="bbox 426 1826 2077 1898">
    <p class='ocr_par' dir='ltr' id='par_1_20' title="bbox 426 1826 2077 1898">
     <span class='ocr_line' id='line_1_20' title="bbox 426 1826 2077 1898; baseline 0 -17"><span class='ocrx_word' id='word_1_119' title='bbox 426 1829 855 1882; x_wconf 83' lang='lat' dir='ltr'>commodatius</span> <span class='ocrx_word' id='word_1_120' title='bbox 904 1828 1070 1881; x_wconf 86' lang='lat' dir='ltr'>nobis</span> <span class='ocrx_word' id='word_1_121' title='bbox 1121 1826 1383 1893; x_wconf 86' lang='lat' dir='ltr'>contulit,</span> <span class='ocrx_word' id='word_1_122' title='bbox 1420 1842 1629 1898; x_wconf 87' lang='lat' dir='ltr'>nempe</span> <span class='ocrx_word' id='word_1_123' title='bbox 1685 1827 1961 1898; x_wconf 88' lang='lat' dir='ltr'>pietatem</span> <span class='ocrx_word' id='word_1_124' title='bbox 2011 1843 2077 1881; x_wconf 91' lang='lat' dir='ltr'>ac</span> 
     </span>
    </p>
   </div>
   <div class='ocr_carea' id='block_1_21' title="bbox 427 1916 2075 1986">
    <p class='ocr_par' dir='ltr' id='par_1_21' title="bbox 427 1916 2075 1986">
     <span class='ocr_line' id='line_1_21' title="bbox 427 1916 2075 1986; baseline 0 -16"><span class='ocrx_word' id='word_1_125' title='bbox 427 1917 915 1982; x_wconf 83' lang='lat' dir='ltr'>misericordiam,</span> <span class='ocrx_word' id='word_1_126' title='bbox 970 1921 1145 1986; x_wconf 89' lang='lat' dir='ltr'>atque</span> <span class='ocrx_word' id='word_1_127' title='bbox 1191 1916 1426 1970; x_wconf 88' lang='lat' dir='ltr'>honoris</span> <span class='ocrx_word' id='word_1_128' title='bbox 1486 1916 1891 1985; x_wconf 69' lang='lat' dir='ltr'>aequalitatem.</span> <span class='ocrx_word' id='word_1_129' title='bbox 1928 1916 2075 1980; x_wconf 90' lang='lat' dir='ltr'>Quid</span> 
     </span>
    </p>
   </div>
   <div class='ocr_carea' id='block_1_22' title="bbox 426 2003 2078 2075">
    <p class='ocr_par' dir='ltr' id='par_1_22' title="bbox 426 2003 2078 2075">
     <span class='ocr_line' id='line_1_22' title="bbox 426 2003 2078 2075; baseline -0.001 -15"><span class='ocrx_word' id='word_1_130' title='bbox 426 2022 561 2060; x_wconf 86' lang='lat' dir='ltr'>vero</span> <span class='ocrx_word' id='word_1_131' title='bbox 596 2022 720 2067; x_wconf 87' lang='lat' dir='ltr'>nos,</span> <span class='ocrx_word' id='word_1_132' title='bbox 744 2004 953 2059; x_wconf 84' lang='lat' dir='ltr'>Christi</span> <span class='ocrx_word' id='word_1_133' title='bbox 989 2003 1282 2074; x_wconf 87' lang='lat' dir='ltr'>discipuli,</span> <span class='ocrx_word' id='word_1_134' title='bbox 1317 2004 1494 2071; x_wconf 90' lang='lat' dir='ltr'>illius,</span> <span class='ocrx_word' id='word_1_135' title='bbox 1529 2004 1791 2075; x_wconf 88' lang='lat' dir='ltr'>inquam,</span> <span class='ocrx_word' id='word_1_136' title='bbox 1830 2004 1990 2059; x_wconf 88' lang='lat' dir='ltr'>mitis</span> <span class='ocrx_word' id='word_1_137' title='bbox 2021 2009 2078 2059; x_wconf 89' lang='lat' dir='ltr'>et</span> 
     </span>
    </p>
   </div>
   <div class='ocr_carea' id='block_1_23' title="bbox 426 2093 2074 2166">
    <p class='ocr_par' dir='ltr' id='par_1_23' title="bbox 426 2093 2074 2166">
     <span class='ocr_line' id='line_1_23' title="bbox 426 2093 2074 2166; baseline -0.001 -17"><span class='ocrx_word' id='word_1_138' title='bbox 426 2094 685 2166; x_wconf 81' lang='lat' dir='ltr'>benigni,</span> <span class='ocrx_word' id='word_1_139' title='bbox 711 2100 767 2148; x_wconf 91' lang='lat' dir='ltr'>et</span> <span class='ocrx_word' id='word_1_140' title='bbox 799 2093 896 2164; x_wconf 89' lang='lat' dir='ltr'>qui</span> <span class='ocrx_word' id='word_1_141' title='bbox 930 2093 1098 2147; x_wconf 89' lang='lat' dir='ltr'>nobis</span> <span class='ocrx_word' id='word_1_142' title='bbox 1132 2110 1318 2163; x_wconf 90' lang='lat' dir='ltr'>usque</span> <span class='ocrx_word' id='word_1_143' title='bbox 1350 2094 1491 2149; x_wconf 90' lang='lat' dir='ltr'>adeo</span> <span class='ocrx_word' id='word_1_144' title='bbox 1524 2094 1917 2149; x_wconf 85' lang='lat' dir='ltr'>ministravit?</span> <span class='ocrx_word' id='word_1_145' title='bbox 1950 2094 2074 2148; x_wconf 93' lang='lat' dir='ltr'>Non</span> 
     </span>
    </p>
   </div>
   <div class='ocr_carea' id='block_1_24' title="bbox 429 2182 2075 2253">
    <p class='ocr_par' dir='ltr' id='par_1_24' title="bbox 429 2182 2075 2253">
     <span class='ocr_line' id='line_1_24' title="bbox 429 2182 2075 2253; baseline 0 -17"><span class='ocrx_word' id='word_1_146' title='bbox 429 2182 689 2253; x_wconf 75' lang='lat' dir='ltr'>magistri</span> <span class='ocrx_word' id='word_1_147' title='bbox 722 2183 992 2253; x_wconf 83' lang='lat' dir='ltr'>pietatem</span> <span class='ocrx_word' id='word_1_148' title='bbox 1041 2182 1209 2236; x_wconf 91' lang='lat' dir='ltr'>nobis</span> <span class='ocrx_word' id='word_1_149' title='bbox 1241 2182 1589 2236; x_wconf 86' lang='lat' dir='ltr'>imitandam</span> <span class='ocrx_word' id='word_1_150' title='bbox 1637 2182 2075 2253; x_wconf 88' lang='lat' dir='ltr'>proponemus?</span> 
     </span>
    </p>
   </div>
   <div class='ocr_carea' id='block_1_25' title="bbox 425 2269 2074 2341">
    <p class='ocr_par' dir='ltr' id='par_1_25' title="bbox 425 2269 2074 2341">
     <span class='ocr_line' id='line_1_25' title="bbox 425 2269 2074 2341; baseline -0.001 -14"><span class='ocrx_word' id='word_1_151' title='bbox 425 2273 547 2327; x_wconf 83' lang='lat' dir='ltr'>Non</span> <span class='ocrx_word' id='word_1_152' title='bbox 580 2272 864 2341; x_wconf 88' lang='lat' dir='ltr'>benignos</span> <span class='ocrx_word' id='word_1_153' title='bbox 892 2288 955 2324; x_wconf 90' lang='lat' dir='ltr'>ac</span> <span class='ocrx_word' id='word_1_154' title='bbox 991 2269 1187 2325; x_wconf 75' lang='lat' dir='ltr'>faciles</span> <span class='ocrx_word' id='word_1_155' title='bbox 1216 2287 1321 2324; x_wconf 89' lang='lat' dir='ltr'>nos</span> <span class='ocrx_word' id='word_1_156' title='bbox 1354 2270 1511 2341; x_wconf 92' lang='lat' dir='ltr'>ipsos</span> <span class='ocrx_word' id='word_1_157' title='bbox 1537 2271 1831 2326; x_wconf 85' lang='lat' dir='ltr'>conservis</span> <span class='ocrx_word' id='word_1_158' title='bbox 1858 2272 2074 2341; x_wconf 62' lang='lat' dir='ltr'>praebe-</span> 
     </span>
    </p>
   </div>
   <div class='ocr_carea' id='block_1_26' title="bbox 426 2358 2071 2430">
    <p class='ocr_par' dir='ltr' id='par_1_26' title="bbox 426 2358 2071 2430">
     <span class='ocr_line' id='line_1_26' title="bbox 426 2358 2071 2430; baseline -0.001 -16"><span class='ocrx_word' id='word_1_159' title='bbox 426 2361 642 2428; x_wconf 87' lang='lat' dir='ltr'>bimus,</span> <span class='ocrx_word' id='word_1_160' title='bbox 669 2365 732 2412; x_wconf 90' lang='lat' dir='ltr'>ut</span> <span class='ocrx_word' id='word_1_161' title='bbox 754 2358 924 2413; x_wconf 89' lang='lat' dir='ltr'>talem</span> <span class='ocrx_word' id='word_1_162' title='bbox 962 2358 1072 2428; x_wconf 91' lang='lat' dir='ltr'>ipsi</span> <span class='ocrx_word' id='word_1_163' title='bbox 1100 2375 1333 2430; x_wconf 91' lang='lat' dir='ltr'>quoque</span> <span class='ocrx_word' id='word_1_164' title='bbox 1355 2359 1659 2413; x_wconf 90' lang='lat' dir='ltr'>dominum</span> <span class='ocrx_word' id='word_1_165' title='bbox 1684 2358 2071 2429; x_wconf 85' lang='lat' dir='ltr'>experiamur,</span> 
     </span>
    </p>
   </div>
   <div class='ocr_carea' id='block_1_27' title="bbox 426 2447 2073 2519">
    <p class='ocr_par' dir='ltr' id='par_1_27' title="bbox 426 2447 2073 2519">
     <span class='ocr_line' id='line_1_27' title="bbox 426 2447 2073 2519; baseline -0.001 -16"><span class='ocrx_word' id='word_1_166' title='bbox 426 2450 594 2505; x_wconf 90' lang='lat' dir='ltr'>nobis</span> <span class='ocrx_word' id='word_1_167' title='bbox 625 2448 887 2502; x_wconf 89' lang='lat' dir='ltr'>videlicet</span> <span class='ocrx_word' id='word_1_168' title='bbox 930 2449 1131 2501; x_wconf 87' lang='lat' dir='ltr'>eadem</span> <span class='ocrx_word' id='word_1_169' title='bbox 1184 2464 1480 2513; x_wconf 88' lang='lat' dir='ltr'>mensura,</span> <span class='ocrx_word' id='word_1_170' title='bbox 1514 2465 1631 2519; x_wconf 87' lang='lat' dir='ltr'>qua</span> <span class='ocrx_word' id='word_1_171' title='bbox 1677 2448 1863 2502; x_wconf 88' lang='lat' dir='ltr'>mensi</span> <span class='ocrx_word' id='word_1_172' title='bbox 1899 2447 2073 2502; x_wconf 89' lang='lat' dir='ltr'>fueri-</span> 
     </span>
    </p>
   </div>
   <div class='ocr_carea' id='block_1_28' title="bbox 428 2535 2074 2607">
    <p class='ocr_par' dir='ltr' id='par_1_28' title="bbox 428 2535 2074 2607">
     <span class='ocr_line' id='line_1_28' title="bbox 428 2535 2074 2607; baseline 0 -16"><span class='ocrx_word' id='word_1_173' title='bbox 428 2555 581 2603; x_wconf 89' lang='lat' dir='ltr'>mus,</span> <span class='ocrx_word' id='word_1_174' title='bbox 616 2552 1001 2607; x_wconf 89' lang='lat' dir='ltr'>repensurum</span> <span class='ocrx_word' id='word_1_175' title='bbox 1026 2535 1107 2588; x_wconf 69' lang='lat'>&#39;6?</span> <span class='ocrx_word' id='word_1_176' title='bbox 1138 2536 1261 2589; x_wconf 91' lang='lat' dir='ltr'>Non</span> <span class='ocrx_word' id='word_1_177' title='bbox 1293 2535 1520 2590; x_wconf 89' lang='lat' dir='ltr'>animas</span> <span class='ocrx_word' id='word_1_178' title='bbox 1546 2542 1797 2591; x_wconf 82' lang='lat' dir='ltr'>&#39;nostras</span> <span class='ocrx_word' id='word_1_179' title='bbox 1836 2535 2074 2591; x_wconf 81' lang='lat' dir='ltr'>lenitate</span> 
     </span>
    </p>
   </div>
   <div class='ocr_carea' id='block_1_29' title="bbox 427 2624 2070 2695">
    <p class='ocr_par' dir='ltr' id='par_1_29' title="bbox 427 2624 2070 2695">
     <span class='ocr_line' id='line_1_29' title="bbox 427 2624 2070 2695; baseline -0.001 -15"><span class='ocrx_word' id='word_1_180' title='bbox 427 2625 827 2681; x_wconf 86' lang='lat' dir='ltr'>redimemus?</span> <span class='ocrx_word' id='word_1_181' title='bbox 858 2624 1013 2679; x_wconf 87' lang='lat' dir='ltr'>Satis</span> <span class='ocrx_word' id='word_1_182' title='bbox 1035 2640 1325 2694; x_wconf 87' lang='lat' dir='ltr'>superque</span> <span class='ocrx_word' id='word_1_183' title='bbox 1356 2642 1525 2695; x_wconf 86' lang='lat' dir='ltr'>grave</span> <span class='ocrx_word' id='word_1_184' title='bbox 1548 2630 1635 2679; x_wconf 83' lang='lat' dir='ltr'>est</span> <span class='ocrx_word' id='word_1_185' title='bbox 1658 2624 1856 2679; x_wconf 90' lang='lat' dir='ltr'>liberis</span> <span class='ocrx_word' id='word_1_186' title='bbox 1879 2624 2070 2679; x_wconf 91' lang='lat' dir='ltr'>homi-</span> 
     </span>
    </p>
   </div>
   <div class='ocr_carea' id='block_1_30' title="bbox 429 2712 2073 2785">
    <p class='ocr_par' dir='ltr' id='par_1_30' title="bbox 429 2712 2073 2785">
     <span class='ocr_line' id='line_1_30' title="bbox 429 2712 2073 2785; baseline -0.001 -16"><span class='ocrx_word' id='word_1_187' title='bbox 429 2716 600 2769; x_wconf 85' lang='lat' dir='ltr'>nibus</span> <span class='ocrx_word' id='word_1_188' title='bbox 632 2715 909 2769; x_wconf 87' lang='lat' dir='ltr'>servitute</span> <span class='ocrx_word' id='word_1_189' title='bbox 945 2712 1148 2785; x_wconf 89' lang='lat' dir='ltr'>premi,</span> <span class='ocrx_word' id='word_1_190' title='bbox 1169 2718 1515 2783; x_wconf 87' lang='lat' dir='ltr'>tantumque</span> <span class='ocrx_word' id='word_1_191' title='bbox 1548 2713 1701 2767; x_wconf 88' lang='lat' dir='ltr'>inter</span> <span class='ocrx_word' id='word_1_192' title='bbox 1728 2729 1848 2781; x_wconf 90' lang='lat' dir='ltr'>eos,</span> <span class='ocrx_word' id='word_1_193' title='bbox 1874 2712 1974 2783; x_wconf 90' lang='lat' dir='ltr'>qui</span> <span class='ocrx_word' id='word_1_194' title='bbox 2004 2730 2073 2767; x_wconf 83' lang='lat' dir='ltr'>ex</span> 
     </span>
    </p>
   </div>
   <div class='ocr_carea' id='block_1_31' title="bbox 426 2802 2072 2872">
    <p class='ocr_par' dir='ltr' id='par_1_31' title="bbox 426 2802 2072 2872">
     <span class='ocr_line' id='line_1_31' title="bbox 426 2802 2072 2872; baseline -0.001 -14"><span class='ocrx_word' id='word_1_195' title='bbox 426 2805 628 2859; x_wconf 87' lang='lat' dir='ltr'>eadem</span> <span class='ocrx_word' id='word_1_196' title='bbox 657 2810 819 2857; x_wconf 71' lang='lat' dir='ltr'>terrae</span> <span class='ocrx_word' id='word_1_197' title='bbox 846 2819 1040 2855; x_wconf 88' lang='lat' dir='ltr'>massa</span> <span class='ocrx_word' id='word_1_198' title='bbox 1071 2805 1462 2872; x_wconf 87' lang='lat' dir='ltr'>coagmentati</span> <span class='ocrx_word' id='word_1_199' title='bbox 1491 2807 1648 2868; x_wconf 89' lang='lat' dir='ltr'>sunt,</span> <span class='ocrx_word' id='word_1_200' title='bbox 1672 2802 1976 2870; x_wconf 88' lang='lat' dir='ltr'>interesse,</span> <span class='ocrx_word' id='word_1_201' title='bbox 2009 2807 2072 2857; x_wconf 84' lang='lat' dir='ltr'>ut.</span> 
     </span>
    </p>
   </div>
   <div class='ocr_carea' id='block_1_32' title="bbox 428 2890 2070 2962">
    <p class='ocr_par' dir='ltr' id='par_1_32' title="bbox 428 2890 2070 2962">
     <span class='ocr_line' id='line_1_32' title="bbox 428 2890 2070 2962; baseline -0.001 -16"><span class='ocrx_word' id='word_1_202' title='bbox 428 2892 522 2947; x_wconf 91' lang='lat' dir='ltr'>alii</span> <span class='ocrx_word' id='word_1_203' title='bbox 569 2893 877 2962; x_wconf 88' lang='lat' dir='ltr'>imperent,</span> <span class='ocrx_word' id='word_1_204' title='bbox 911 2891 1008 2945; x_wconf 88' lang='lat' dir='ltr'>alii</span> <span class='ocrx_word' id='word_1_205' title='bbox 1043 2890 1286 2961; x_wconf 85' lang='lat' dir='ltr'>imperio</span> <span class='ocrx_word' id='word_1_206' title='bbox 1336 2895 1667 2957; x_wconf 85' lang='lat' dir='ltr'>teneantur;</span> <span class='ocrx_word' id='word_1_207' title='bbox 1704 2890 1801 2945; x_wconf 90' lang='lat' dir='ltr'>alii</span> <span class='ocrx_word' id='word_1_208' title='bbox 1850 2892 2070 2945; x_wconf 88' lang='lat' dir='ltr'>tributa</span> 
     </span>
    </p>
   </div>
   <div class='ocr_carea' id='block_1_33' title="bbox 427 2979 2067 3045">
    <p class='ocr_par' dir='ltr' id='par_1_33' title="bbox 427 2979 2067 3045">
     <span class='ocr_line' id='line_1_33' title="bbox 427 2979 2067 3045; baseline -0.002 -9"><span class='ocrx_word' id='word_1_209' title='bbox 427 2982 807 3045; x_wconf 86' lang='lat' dir='ltr'>constituant,</span> <span class='ocrx_word' id='word_1_210' title='bbox 842 2980 939 3033; x_wconf 90' lang='lat' dir='ltr'>alii</span> <span class='ocrx_word' id='word_1_211' title='bbox 996 2979 1198 3033; x_wconf 86' lang='lat' dir='ltr'>tributi</span> <span class='ocrx_word' id='word_1_212' title='bbox 1257 2996 1433 3034; x_wconf 86' lang='lat' dir='ltr'>causa</span> <span class='ocrx_word' id='word_1_213' title='bbox 1481 2980 1916 3045; x_wconf 82' lang='lat' dir='ltr'>describantur;</span> <span class='ocrx_word' id='word_1_214' title='bbox 1970 2980 2067 3034; x_wconf 86' lang='lat' dir='ltr'>alii</span> 
     </span>
    </p>
   </div>
   <div class='ocr_carea' id='block_1_34' title="bbox 2190 581 3847 663">
    <p class='ocr_par' dir='ltr' id='par_1_34' title="bbox 2190 581 3847 663">
     <span class='ocr_line' id='line_1_34' title="bbox 2190 581 3847 663; baseline 0.005 -29"><span class='ocrx_word' id='word_1_215' title='bbox 2190 585 2357 634; x_wconf 87' lang='grc' dir='ltr'>καῦτα</span> <span class='ocrx_word' id='word_1_216' title='bbox 2410 581 2599 654; x_wconf 72' lang='grc' dir='ltr'>ὁμιλεῖ</span> <span class='ocrx_word' id='word_1_217' title='bbox 2646 581 2799 656; x_wconf 82' lang='grc' dir='ltr'>σαρκὶ</span> <span class='ocrx_word' id='word_1_218' title='bbox 2848 581 2937 635; x_wconf 89' lang='lat' dir='ltr'>xui</span> <span class='ocrx_word' id='word_1_219' title='bbox 2985 582 3330 657; x_wconf 83' lang='grc' dir='ltr'>ἀνθρώποις·</span> <span class='ocrx_word' id='word_1_220' title='bbox 3358 582 3447 639; x_wconf 56' lang='grc' dir='ltr'>τίνα</span> <span class='ocrx_word' id='word_1_221' title='bbox 3478 582 3534 639; x_wconf 77' lang='grc' dir='ltr'>δὲ</span> <span class='ocrx_word' id='word_1_222' title='bbox 3586 608 3847 663; x_wconf 86' lang='grc' dir='ltr'>παραμυ-</span> 
     </span>
    </p>
   </div>
   <div class='ocr_carea' id='block_1_35' title="bbox 2192 667 3842 749">
    <p class='ocr_par' dir='ltr' id='par_1_35' title="bbox 2192 667 3842 749">
     <span class='ocr_line' id='line_1_35' title="bbox 2192 667 3842 749; baseline 0.006 -27"><span class='ocrx_word' id='word_1_223' title='bbox 2192 672 2421 739; x_wconf 76' lang='grc' dir='ltr'>θήσηται</span> <span class='ocrx_word' id='word_1_224' title='bbox 2468 676 2567 739; x_wconf 82' lang='grc' dir='ltr'>τῆς</span> <span class='ocrx_word' id='word_1_225' title='bbox 2625 667 2873 732; x_wconf 79' lang='grc' dir='ltr'>δουλείας</span> <span class='ocrx_word' id='word_1_226' title='bbox 2927 673 3096 743; x_wconf 81' lang='grc' dir='ltr'>ἡμᾶς,</span> <span class='ocrx_word' id='word_1_227' title='bbox 3151 673 3241 726; x_wconf 88' lang='lat' dir='ltr'>xui</span> <span class='ocrx_word' id='word_1_228' title='bbox 3282 674 3381 742; x_wconf 79' lang='grc' dir='ltr'>τήν</span> <span class='ocrx_word' id='word_1_229' title='bbox 3413 673 3842 749; x_wconf 75' lang='grc' dir='ltr'>εὐγνωμοσύνην</span> 
     </span>
    </p>
   </div>
   <div class='ocr_carea' id='block_1_36' title="bbox 2188 756 3844 835">
    <p class='ocr_par' dir='ltr' id='par_1_36' title="bbox 2188 756 3844 835">
     <span class='ocr_line' id='line_1_36' title="bbox 2188 756 3844 835; baseline 0.005 -22"><span class='ocrx_word' id='word_1_230' title='bbox 2188 760 2525 832; x_wconf 78' lang='grc' dir='ltr'>νομοθετήσῃ</span> <span class='ocrx_word' id='word_1_231' title='bbox 2580 756 2729 832; x_wconf 74' lang='grc' dir='ltr'>(οὐδὲ</span> <span class='ocrx_word' id='word_1_232' title='bbox 2782 760 2882 835; x_wconf 78' lang='grc' dir='ltr'>γάρ</span> <span class='ocrx_word' id='word_1_233' title='bbox 2933 764 3093 814; x_wconf 89' lang='grc' dir='ltr'>τοῦτο</span> <span class='ocrx_word' id='word_1_234' title='bbox 3151 763 3502 835; x_wconf 67' lang='grc' dir='ltr'>παροπτέον),</span> <span class='ocrx_word' id='word_1_235' title='bbox 3559 764 3711 821; x_wconf 88' lang='grc' dir='ltr'>τελεῖ</span> <span class='ocrx_word' id='word_1_236' title='bbox 3750 767 3844 821; x_wconf 83' lang='lat' dir='ltr'>xui</span> 
     </span>
    </p>
   </div>
   <div class='ocr_carea' id='block_1_37' title="bbox 2190 844 3837 927">
    <p class='ocr_par' dir='ltr' id='par_1_37' title="bbox 2190 844 3837 927">
     <span class='ocr_line' id='line_1_37' title="bbox 2190 844 3837 927; baseline 0.006 -27"><span class='ocrx_word' id='word_1_237' title='bbox 2190 847 2348 909; x_wconf 77' lang='grc' dir='ltr'>αὐτὸς</span> <span class='ocrx_word' id='word_1_238' title='bbox 2403 847 2465 901; x_wconf 86' lang='grc' dir='ltr'>τὸ</span> <span class='ocrx_word' id='word_1_239' title='bbox 2525 844 2848 923; x_wconf 84' lang='grc' dir='ltr'>δίδραχμον,</span> <span class='ocrx_word' id='word_1_240' title='bbox 2909 848 2995 902; x_wconf 85' lang='grc' dir='ltr'>καὶ</span> <span class='ocrx_word' id='word_1_241' title='bbox 3055 849 3163 924; x_wconf 72' lang='grc' dir='ltr'>οὐχ</span> <span class='ocrx_word' id='word_1_242' title='bbox 3219 850 3349 925; x_wconf 77' lang='grc' dir='ltr'>ὑπὲρ</span> <span class='ocrx_word' id='word_1_243' title='bbox 3404 851 3593 907; x_wconf 74' lang='grc' dir='ltr'>ἑαυτοῦ</span> <span class='ocrx_word' id='word_1_244' title='bbox 3648 854 3837 927; x_wconf 78' lang='grc' dir='ltr'>μόνον,</span> 
     </span>
    </p>
   </div>
   <div class='ocr_carea' id='block_1_38' title="bbox 2191 934 3841 1013">
    <p class='ocr_par' dir='ltr' id='par_1_38' title="bbox 2191 934 3841 1013">
     <span class='ocr_line' id='line_1_38' title="bbox 2191 934 3841 1013; baseline 0.004 -23"><span class='ocrx_word' id='word_1_245' title='bbox 2191 934 2335 991; x_wconf 87' lang='grc' dir='ltr'>ἀλλά</span> <span class='ocrx_word' id='word_1_246' title='bbox 2363 936 2451 990; x_wconf 86' lang='grc' dir='ltr'>καὶ</span> <span class='ocrx_word' id='word_1_247' title='bbox 2484 938 2688 1011; x_wconf 72' lang='grc' dir='ltr'>Πέτρου</span> <span class='ocrx_word' id='word_1_248' title='bbox 2739 941 2835 991; x_wconf 81' lang='grc' dir='ltr'>τοῦ</span> <span class='ocrx_word' id='word_1_249' title='bbox 2879 937 3214 1010; x_wconf 84' lang='grc' dir='ltr'>τιμιωτάτου</span> <span class='ocrx_word' id='word_1_250' title='bbox 3252 944 3359 993; x_wconf 82' lang='grc' dir='ltr'>τῶν</span> <span class='ocrx_word' id='word_1_251' title='bbox 3393 943 3649 1013; x_wconf 76' lang='grc' dir='ltr'>μαθητῶν</span> <span class='ocrx_word' id='word_1_252' title='bbox 3676 984 3689 996; x_wconf 94' lang='grc'>.</span> <span class='ocrx_word' id='word_1_253' title='bbox 3724 943 3841 999; x_wconf 82' lang='grc' dir='ltr'>ἐπεὶ</span> 
     </span>
    </p>
   </div>
   <div class='ocr_carea' id='block_1_39' title="bbox 2189 1023 3837 1109">
    <p class='ocr_par' dir='ltr' id='par_1_39' title="bbox 2189 1023 3837 1109">
     <span class='ocr_line' id='line_1_39' title="bbox 2189 1023 3837 1109; baseline 0.004 -30"><span class='ocrx_word' id='word_1_254' title='bbox 2189 1025 2276 1079; x_wconf 89' lang='lat' dir='ltr'>xui</span> <span class='ocrx_word' id='word_1_255' title='bbox 2331 1024 2597 1101; x_wconf 78' lang='grc' dir='ltr'>ἅνθροπος</span> <span class='ocrx_word' id='word_1_256' title='bbox 2648 1025 2859 1100; x_wconf 71' lang='grc' dir='ltr'>ἐγένετο</span> <span class='ocrx_word' id='word_1_257' title='bbox 2910 1023 2979 1080; x_wconf 84' lang='grc' dir='ltr'>δι’</span> <span class='ocrx_word' id='word_1_258' title='bbox 3018 1029 3188 1099; x_wconf 80' lang='grc' dir='ltr'>ἡμᾶς,</span> <span class='ocrx_word' id='word_1_259' title='bbox 3239 1029 3327 1082; x_wconf 86' lang='grc' dir='ltr'>καὶ</span> <span class='ocrx_word' id='word_1_260' title='bbox 3381 1026 3583 1083; x_wconf 84' lang='grc' dir='ltr'>δούλου</span> <span class='ocrx_word' id='word_1_261' title='bbox 3619 1034 3837 1109; x_wconf 73' lang='grc' dir='ltr'>μορφὴν</span> 
     </span>
    </p>
   </div>
   <div class='ocr_carea' id='block_1_40' title="bbox 2189 1111 3842 1195">
    <p class='ocr_par' dir='ltr' id='par_1_40' title="bbox 2189 1111 3842 1195">
     <span class='ocr_line' id='line_1_40' title="bbox 2189 1111 3842 1195; baseline 0.004 -28"><span class='ocrx_word' id='word_1_262' title='bbox 2189 1111 2467 1183; x_wconf 68' lang='grc' dir='ltr'>ἀνεδέξατο</span> <span class='ocrx_word' id='word_1_263' title='bbox 2517 1117 2651 1187; x_wconf 84' lang='grc'>(26),</span> <span class='ocrx_word' id='word_1_264' title='bbox 2696 1115 2783 1169; x_wconf 90' lang='grc' dir='ltr'>καὶ</span> <span class='ocrx_word' id='word_1_265' title='bbox 2819 1115 2948 1190; x_wconf 74' lang='grc' dir='ltr'>ὑπὲρ</span> <span class='ocrx_word' id='word_1_266' title='bbox 2981 1120 3086 1169; x_wconf 82' lang='grc' dir='ltr'>τῶν</span> <span class='ocrx_word' id='word_1_267' title='bbox 3120 1117 3364 1190; x_wconf 82' lang='grc' dir='ltr'>ἀνομιῶν</span> <span class='ocrx_word' id='word_1_268' title='bbox 3386 1121 3546 1190; x_wconf 76' lang='grc' dir='ltr'>ἡμῶν</span> <span class='ocrx_word' id='word_1_269' title='bbox 3579 1116 3730 1195; x_wconf 75' lang='grc' dir='ltr'>ἤχθη</span> <span class='ocrx_word' id='word_1_270' title='bbox 3766 1120 3842 1181; x_wconf 84' lang='grc' dir='ltr'>εἷς</span> 
     </span>
    </p>
   </div>
   <div class='ocr_carea' id='block_1_41' title="bbox 2189 1202 3840 1281">
    <p class='ocr_par' dir='ltr' id='par_1_41' title="bbox 2189 1202 3840 1281">
     <span class='ocr_line' id='line_1_41' title="bbox 2189 1202 3840 1281; baseline 0.004 -26"><span class='ocrx_word' id='word_1_271' title='bbox 2189 1202 2431 1259; x_wconf 83' lang='grc' dir='ltr'>θάνατον.</span> <span class='ocrx_word' id='word_1_272' title='bbox 2481 1206 2654 1257; x_wconf 87' lang='grc' dir='ltr'>Ταῦτα</span> <span class='ocrx_word' id='word_1_273' title='bbox 2705 1204 2797 1276; x_wconf 76' lang='grc' dir='ltr'>μὶν</span> <span class='ocrx_word' id='word_1_274' title='bbox 2849 1204 2876 1257; x_wconf 93' lang='grc' dir='ltr'>ὁ</span> <span class='ocrx_word' id='word_1_275' title='bbox 2924 1205 3142 1280; x_wconf 74' lang='grc' dir='ltr'>Σωτὴρ,</span> <span class='ocrx_word' id='word_1_276' title='bbox 3188 1206 3275 1258; x_wconf 86' lang='grc' dir='ltr'>καὶ</span> <span class='ocrx_word' id='word_1_277' title='bbox 3320 1210 3399 1277; x_wconf 80' lang='grc' dir='ltr'>τῷ</span> <span class='ocrx_word' id='word_1_278' title='bbox 3429 1204 3701 1280; x_wconf 74' lang='grc' dir='ltr'>θελήματι</span> <span class='ocrx_word' id='word_1_279' title='bbox 3736 1208 3840 1281; x_wconf 89' lang='grc' dir='ltr'>μό-</span> 
     </span>
    </p>
   </div>
   <div class='ocr_carea' id='block_1_42' title="bbox 2188 1290 3844 1367">
    <p class='ocr_par' dir='ltr' id='par_1_42' title="bbox 2188 1290 3844 1367">
     <span class='ocr_line' id='line_1_42' title="bbox 2188 1290 3844 1367; baseline 0.004 -23"><span class='ocrx_word' id='word_1_280' title='bbox 2188 1312 2303 1359; x_wconf 91' lang='grc' dir='ltr'>νον,</span> <span class='ocrx_word' id='word_1_281' title='bbox 2354 1292 2428 1353; x_wconf 80' lang='grc' dir='ltr'>ώς</span> <span class='ocrx_word' id='word_1_282' title='bbox 2472 1292 2619 1362; x_wconf 83' lang='grc' dir='ltr'>Θεὸς,</span> <span class='ocrx_word' id='word_1_283' title='bbox 2670 1297 2837 1364; x_wconf 78' lang='grc' dir='ltr'>σῶσα,</span> <span class='ocrx_word' id='word_1_284' title='bbox 2894 1290 3209 1367; x_wconf 85' lang='grc' dir='ltr'>δυνάμενος,</span> <span class='ocrx_word' id='word_1_285' title='bbox 3260 1293 3375 1348; x_wconf 82' lang='grc' dir='ltr'>ἐπεὶ</span> <span class='ocrx_word' id='word_1_286' title='bbox 3426 1296 3517 1349; x_wconf 87' lang='grc' dir='ltr'>καὶ</span> <span class='ocrx_word' id='word_1_287' title='bbox 3564 1297 3633 1351; x_wconf 81' lang='grc' dir='ltr'>τὰ</span> <span class='ocrx_word' id='word_1_288' title='bbox 3668 1296 3844 1351; x_wconf 89' lang='grc' dir='ltr'>πάντα</span> 
     </span>
    </p>
   </div>
   <div class='ocr_carea' id='block_1_43' title="bbox 2188 1380 3845 1457">
    <p class='ocr_par' dir='ltr' id='par_1_43' title="bbox 2188 1380 3845 1457">
     <span class='ocr_line' id='line_1_43' title="bbox 2188 1380 3845 1457; baseline 0.004 -23"><span class='ocrx_word' id='word_1_289' title='bbox 2188 1382 2563 1457; x_wconf 84' lang='grc' dir='ltr'>προστάγματι</span> <span class='ocrx_word' id='word_1_290' title='bbox 2601 1383 2998 1453; x_wconf 81' lang='grc' dir='ltr'>συνεστήσατο’</span> <span class='ocrx_word' id='word_1_291' title='bbox 3052 1387 3234 1455; x_wconf 84' lang='grc' dir='ltr'>μεῖζον</span> <span class='ocrx_word' id='word_1_292' title='bbox 3286 1380 3344 1437; x_wconf 75' lang='grc' dir='ltr'>δὲ</span> <span class='ocrx_word' id='word_1_293' title='bbox 3391 1386 3480 1439; x_wconf 85' lang='grc' dir='ltr'>καὶ</span> <span class='ocrx_word' id='word_1_294' title='bbox 3533 1382 3845 1457; x_wconf 68' lang='grc' dir='ltr'>δυσωπητι-</span> 
     </span>
    </p>
   </div>
   <div class='ocr_carea' id='block_1_44' title="bbox 2187 1468 3843 1545">
    <p class='ocr_par' dir='ltr' id='par_1_44' title="bbox 2187 1468 3843 1545">
     <span class='ocr_line' id='line_1_44' title="bbox 2187 1468 3843 1545; baseline 0.004 -23"><span class='ocrx_word' id='word_1_295' title='bbox 2187 1468 2421 1542; x_wconf 83' lang='grc' dir='ltr'>κώτερον</span> <span class='ocrx_word' id='word_1_296' title='bbox 2485 1468 2787 1545; x_wconf 77' lang='grc' dir='ltr'>εἰσήνεγκεν</span> <span class='ocrx_word' id='word_1_297' title='bbox 2865 1472 3023 1542; x_wconf 79' lang='grc' dir='ltr'>ἡμῖν,</span> <span class='ocrx_word' id='word_1_298' title='bbox 3080 1471 3179 1538; x_wconf 77' lang='grc' dir='ltr'>τὴν</span> <span class='ocrx_word' id='word_1_299' title='bbox 3237 1471 3569 1544; x_wconf 81' lang='grc' dir='ltr'>συμπάθειαν</span> <span class='ocrx_word' id='word_1_300' title='bbox 3629 1474 3719 1528; x_wconf 86' lang='lat' dir='ltr'>xui</span> <span class='ocrx_word' id='word_1_301' title='bbox 3779 1475 3843 1529; x_wconf 82' lang='grc' dir='ltr'>τὸ</span> 
     </span>
    </p>
   </div>
   <div class='ocr_carea' id='block_1_45' title="bbox 2188 1556 3842 1634">
    <p class='ocr_par' dir='ltr' id='par_1_45' title="bbox 2188 1556 3842 1634">
     <span class='ocr_line' id='line_1_45' title="bbox 2188 1556 3842 1634; baseline 0.004 -24"><span class='ocrx_word' id='word_1_302' title='bbox 2188 1556 2457 1630; x_wconf 83' lang='grc' dir='ltr'>ὁμότιμον</span> <span class='ocrx_word' id='word_1_303' title='bbox 2507 1560 2640 1631; x_wconf 87' lang='lat'>(27).</span> <span class='ocrx_word' id='word_1_304' title='bbox 2688 1558 2747 1611; x_wconf 89' lang='grc' dir='ltr'>Τί</span> <span class='ocrx_word' id='word_1_305' title='bbox 2801 1556 2858 1612; x_wconf 74' lang='grc' dir='ltr'>δὲ</span> <span class='ocrx_word' id='word_1_306' title='bbox 2904 1560 3067 1631; x_wconf 79' lang='grc' dir='ltr'>ἡμεῖς</span> <span class='ocrx_word' id='word_1_307' title='bbox 3119 1559 3171 1612; x_wconf 77' lang='lat' dir='ltr'>0i.</span> <span class='ocrx_word' id='word_1_308' title='bbox 3204 1562 3441 1632; x_wconf 79' lang='grc' dir='ltr'>Χριστοῦ</span> <span class='ocrx_word' id='word_1_309' title='bbox 3476 1564 3712 1634; x_wconf 82' lang='grc' dir='ltr'>μαθηταὶ</span> <span class='ocrx_word' id='word_1_310' title='bbox 3742 1568 3842 1619; x_wconf 86' lang='grc' dir='ltr'>τοῦ</span> 
     </span>
    </p>
   </div>
   <div class='ocr_carea' id='block_1_46' title="bbox 2187 1646 3844 1726">
    <p class='ocr_par' dir='ltr' id='par_1_46' title="bbox 2187 1646 3844 1726">
     <span class='ocr_line' id='line_1_46' title="bbox 2187 1646 3844 1726; baseline 0.005 -27"><span class='ocrx_word' id='word_1_311' title='bbox 2187 1646 2360 1722; x_wconf 84' lang='grc' dir='ltr'>πράου</span> <span class='ocrx_word' id='word_1_312' title='bbox 2410 1646 2499 1701; x_wconf 84' lang='grc' dir='ltr'>καὶ</span> <span class='ocrx_word' id='word_1_313' title='bbox 2548 1646 2956 1724; x_wconf 78' lang='grc' dir='ltr'>φιλανθρώπου,</span> <span class='ocrx_word' id='word_1_314' title='bbox 3008 1648 3096 1702; x_wconf 90' lang='lat' dir='ltr'>xui</span> <span class='ocrx_word' id='word_1_315' title='bbox 3134 1653 3391 1703; x_wconf 90' lang='grc' dir='ltr'>τοσοῦτον</span> <span class='ocrx_word' id='word_1_316' title='bbox 3420 1652 3555 1723; x_wconf 82' lang='grc' dir='ltr'>ἡμῖν</span> <span class='ocrx_word' id='word_1_317' title='bbox 3593 1650 3844 1726; x_wconf 83' lang='grc' dir='ltr'>λειτουρ-</span> 
     </span>
    </p>
   </div>
   <div class='ocr_carea' id='block_1_47' title="bbox 2185 1735 3845 1810">
    <p class='ocr_par' dir='ltr' id='par_1_47' title="bbox 2185 1735 3845 1810">
     <span class='ocr_line' id='line_1_47' title="bbox 2185 1735 3845 1810; baseline 0.006 -23"><span class='ocrx_word' id='word_1_318' title='bbox 2185 1736 2488 1810; x_wconf 79' lang='grc' dir='ltr'>γήσαντος;</span> <span class='ocrx_word' id='word_1_319' title='bbox 2548 1736 2621 1789; x_wconf 82' lang='grc' dir='ltr'>Οὐ</span> <span class='ocrx_word' id='word_1_320' title='bbox 2684 1735 3039 1809; x_wconf 79' lang='grc' dir='ltr'>μιμησόμεθα</span> <span class='ocrx_word' id='word_1_321' title='bbox 3096 1741 3197 1791; x_wconf 85' lang='grc' dir='ltr'>τοῦ</span> <span class='ocrx_word' id='word_1_322' title='bbox 3257 1738 3529 1793; x_wconf 87' lang='grc' dir='ltr'>Δεσπότου</span> <span class='ocrx_word' id='word_1_323' title='bbox 3593 1742 3694 1809; x_wconf 77' lang='grc' dir='ltr'>τήν</span> <span class='ocrx_word' id='word_1_324' title='bbox 3759 1742 3845 1797; x_wconf 73' lang='grc' dir='ltr'>εύ-</span> 
     </span>
    </p>
   </div>
   <div class='ocr_carea' id='block_1_48' title="bbox 2107 1821 3842 1931">
    <p class='ocr_par' dir='ltr' id='par_1_48' title="bbox 2107 1821 3842 1931">
     <span class='ocr_line' id='line_1_48' title="bbox 2107 1821 3842 1931; baseline 0.005 -55"><span class='ocrx_word' id='word_1_325' title='bbox 2107 1868 2154 1931; x_wconf 84' lang='lat' dir='ltr'><strong>B</strong></span> <span class='ocrx_word' id='word_1_326' title='bbox 2189 1822 2566 1900; x_wconf 82' lang='grc' dir='ltr'>σπλαγχνίαν;</span> <span class='ocrx_word' id='word_1_327' title='bbox 2619 1825 2717 1879; x_wconf 83' lang='grc' dir='ltr'>οὐκ</span> <span class='ocrx_word' id='word_1_328' title='bbox 2763 1821 2996 1898; x_wconf 77' lang='grc' dir='ltr'>ἐσόμεθα</span> <span class='ocrx_word' id='word_1_329' title='bbox 3050 1826 3286 1902; x_wconf 75' lang='grc' dir='ltr'>χρηστοὶ</span> <span class='ocrx_word' id='word_1_330' title='bbox 3332 1833 3447 1890; x_wconf 89' lang='grc' dir='ltr'>τοῖς</span> <span class='ocrx_word' id='word_1_331' title='bbox 3480 1826 3842 1902; x_wconf 80' lang='grc' dir='ltr'>ὁμοδούλοις,</span> 
     </span>
    </p>
   </div>
   <div class='ocr_carea' id='block_1_49' title="bbox 2180 1910 3843 1993">
    <p class='ocr_par' dir='ltr' id='par_1_49' title="bbox 2180 1910 3843 1993">
     <span class='ocr_line' id='line_1_49' title="bbox 2180 1910 3843 1993; baseline 0.005 -28"><span class='ocrx_word' id='word_1_332' title='bbox 2180 1910 2272 1967; x_wconf 66' lang='grc' dir='ltr'>ἵνα</span> <span class='ocrx_word' id='word_1_333' title='bbox 2301 1912 2550 1968; x_wconf 90' lang='grc' dir='ltr'>τοιούτου</span> <span class='ocrx_word' id='word_1_334' title='bbox 2600 1913 2855 1989; x_wconf 79' lang='grc' dir='ltr'>τύχωμεν</span> <span class='ocrx_word' id='word_1_335' title='bbox 2906 1913 2993 1968; x_wconf 86' lang='lat' dir='ltr'>xui</span> <span class='ocrx_word' id='word_1_336' title='bbox 3031 1914 3184 1969; x_wconf 82' lang='grc' dir='ltr'>αὐτοὶ</span> <span class='ocrx_word' id='word_1_337' title='bbox 3216 1921 3313 1969; x_wconf 89' lang='grc' dir='ltr'>τοῦ</span> <span class='ocrx_word' id='word_1_338' title='bbox 3345 1916 3545 1993; x_wconf 81' lang='grc' dir='ltr'>Κυρίου</span> <span class='ocrx_word' id='word_1_339' title='bbox 3580 1924 3843 1992; x_wconf 84' lang='grc' dir='ltr'>μετροῦν-</span> 
     </span>
    </p>
   </div>
   <div class='ocr_carea' id='block_1_50' title="bbox 2184 2002 3841 2078">
    <p class='ocr_par' dir='ltr' id='par_1_50' title="bbox 2184 2002 3841 2078">
     <span class='ocr_line' id='line_1_50' title="bbox 2184 2002 3841 2078; baseline 0.005 -24"><span class='ocrx_word' id='word_1_340' title='bbox 2184 2022 2299 2070; x_wconf 90' lang='grc' dir='ltr'>τος,</span> <span class='ocrx_word' id='word_1_341' title='bbox 2361 2002 2434 2062; x_wconf 78' lang='grc' dir='ltr'>ὡς</span> <span class='ocrx_word' id='word_1_342' title='bbox 2488 2003 2546 2056; x_wconf 86' lang='grc' dir='ltr'>ἄν</span> <span class='ocrx_word' id='word_1_343' title='bbox 2597 2005 2994 2076; x_wconf 79' lang='grc' dir='ltr'>μετρήσωμεν;</span> <span class='ocrx_word' id='word_1_344' title='bbox 3048 2002 3108 2057; x_wconf 83' lang='grc' dir='ltr'>ού</span> <span class='ocrx_word' id='word_1_345' title='bbox 3157 2004 3469 2078; x_wconf 75' lang='grc' dir='ltr'>κτησόμεθα</span> <span class='ocrx_word' id='word_1_346' title='bbox 3505 2007 3601 2068; x_wconf 78' lang='grc' dir='ltr'>τὰς</span> <span class='ocrx_word' id='word_1_347' title='bbox 3633 2008 3841 2062; x_wconf 79' lang='grc' dir='ltr'>ἑαυτῶν</span> 
     </span>
    </p>
   </div>
   <div class='ocr_carea' id='block_1_51' title="bbox 2186 2087 3843 2168">
    <p class='ocr_par' dir='ltr' id='par_1_51' title="bbox 2186 2087 3843 2168">
     <span class='ocr_line' id='line_1_51' title="bbox 2186 2087 3843 2168; baseline 0.005 -25"><span class='ocrx_word' id='word_1_348' title='bbox 2186 2091 2387 2164; x_wconf 77' lang='grc' dir='ltr'>ψυχὰς,</span> <span class='ocrx_word' id='word_1_349' title='bbox 2441 2087 2529 2145; x_wconf 74' lang='grc' dir='ltr'>διὰ</span> <span class='ocrx_word' id='word_1_350' title='bbox 2567 2097 2666 2159; x_wconf 78' lang='grc' dir='ltr'>τῆς</span> <span class='ocrx_word' id='word_1_351' title='bbox 2719 2090 3106 2165; x_wconf 78' lang='grc' dir='ltr'>ἡμερότητος;</span> <span class='ocrx_word' id='word_1_352' title='bbox 3160 2094 3342 2168; x_wconf 81' lang='grc' dir='ltr'>Ἀρκεῖ</span> <span class='ocrx_word' id='word_1_353' title='bbox 3389 2091 3667 2149; x_wconf 71' lang='grc' dir='ltr'>δουλεύειν</span> <span class='ocrx_word' id='word_1_354' title='bbox 3719 2102 3843 2160; x_wconf 87' lang='grc' dir='ltr'>τοῖς</span> 
     </span>
    </p>
   </div>
   <div class='ocr_carea' id='block_1_52' title="bbox 2186 2177 3843 2259">
    <p class='ocr_par' dir='ltr' id='par_1_52' title="bbox 2186 2177 3843 2259">
     <span class='ocr_line' id='line_1_52' title="bbox 2186 2177 3843 2259; baseline 0.005 -27"><span class='ocrx_word' id='word_1_355' title='bbox 2186 2177 2513 2255; x_wconf 73' lang='grc' dir='ltr'>ἐλευθᾶροις,</span> <span class='ocrx_word' id='word_1_356' title='bbox 2589 2180 2679 2233; x_wconf 89' lang='grc' dir='ltr'>καὶ</span> <span class='ocrx_word' id='word_1_357' title='bbox 2735 2184 2990 2234; x_wconf 89' lang='grc' dir='ltr'>τοσοῦτον</span> <span class='ocrx_word' id='word_1_358' title='bbox 3051 2181 3181 2234; x_wconf 82' lang='grc' dir='ltr'>εἶναι</span> <span class='ocrx_word' id='word_1_359' title='bbox 3237 2182 3300 2236; x_wconf 85' lang='grc' dir='ltr'>τὸ</span> <span class='ocrx_word' id='word_1_360' title='bbox 3358 2181 3641 2259; x_wconf 75' lang='grc' dir='ltr'>διάφορον,</span> <span class='ocrx_word' id='word_1_361' title='bbox 3701 2184 3843 2240; x_wconf 80' lang='grc' dir='ltr'>ὥστε</span> 
     </span>
    </p>
   </div>
   <div class='ocr_carea' id='block_1_53' title="bbox 2182 2267 3841 2347">
    <p class='ocr_par' dir='ltr' id='par_1_53' title="bbox 2182 2267 3841 2347">
     <span class='ocr_line' id='line_1_53' title="bbox 2182 2267 3841 2347; baseline 0.004 -27"><span class='ocrx_word' id='word_1_362' title='bbox 2182 2272 2278 2321; x_wconf 88' lang='grc' dir='ltr'>τοῦ</span> <span class='ocrx_word' id='word_1_363' title='bbox 2330 2267 2491 2322; x_wconf 82' lang='grc' dir='ltr'>αὐτοῦ</span> <span class='ocrx_word' id='word_1_364' title='bbox 2535 2270 2689 2342; x_wconf 81' lang='grc' dir='ltr'>χοὸς,</span> <span class='ocrx_word' id='word_1_365' title='bbox 2718 2269 2780 2322; x_wconf 91' lang='grc' dir='ltr'>τὸ</span> <span class='ocrx_word' id='word_1_366' title='bbox 2815 2268 2909 2340; x_wconf 70' lang='grc' dir='ltr'>μὲν</span> <span class='ocrx_word' id='word_1_367' title='bbox 2937 2274 3175 2341; x_wconf 82' lang='grc' dir='ltr'>κρατεῖν,</span> <span class='ocrx_word' id='word_1_368' title='bbox 3204 2270 3267 2324; x_wconf 86' lang='grc' dir='ltr'>τὸ</span> <span class='ocrx_word' id='word_1_369' title='bbox 3300 2268 3357 2324; x_wconf 74' lang='grc' dir='ltr'>δὲ</span> <span class='ocrx_word' id='word_1_370' title='bbox 3388 2271 3646 2347; x_wconf 80' lang='grc' dir='ltr'>ἄρχεσθαι</span> <span class='ocrx_word' id='word_1_371' title='bbox 3673 2293 3685 2305; x_wconf 86' lang='grc'>·</span> <span class='ocrx_word' id='word_1_372' title='bbox 3747 2275 3841 2328; x_wconf 82' lang='grc' dir='ltr'>καὶ</span> 
     </span>
    </p>
   </div>
   <div class='ocr_carea' id='block_1_54' title="bbox 2180 2355 3835 2437">
    <p class='ocr_par' dir='ltr' id='par_1_54' title="bbox 2180 2355 3835 2437">
     <span class='ocr_line' id='line_1_54' title="bbox 2180 2355 3835 2437; baseline 0.004 -28"><span class='ocrx_word' id='word_1_373' title='bbox 2180 2356 2243 2410; x_wconf 86' lang='grc' dir='ltr'>τὸ</span> <span class='ocrx_word' id='word_1_374' title='bbox 2277 2357 2371 2429; x_wconf 78' lang='grc' dir='ltr'>μὶν</span> <span class='ocrx_word' id='word_1_375' title='bbox 2401 2357 2612 2411; x_wconf 80' lang='grc' dir='ltr'>τάσσειν</span> <span class='ocrx_word' id='word_1_376' title='bbox 2664 2357 2884 2435; x_wconf 78' lang='grc' dir='ltr'>φόρους,</span> <span class='ocrx_word' id='word_1_377' title='bbox 2938 2358 2999 2411; x_wconf 88' lang='grc' dir='ltr'>τὸ</span> <span class='ocrx_word' id='word_1_378' title='bbox 3034 2355 3091 2411; x_wconf 79' lang='grc' dir='ltr'>δὲ</span> <span class='ocrx_word' id='word_1_379' title='bbox 3121 2359 3521 2437; x_wconf 76' lang='grc' dir='ltr'>ἀπογράφεσθαι</span> <span class='ocrx_word' id='word_1_380' title='bbox 3549 2379 3561 2391; x_wconf 91' lang='grc'><strong>·</strong></span> <span class='ocrx_word' id='word_1_381' title='bbox 3594 2363 3684 2415; x_wconf 88' lang='lat' dir='ltr'>xui</span> <span class='ocrx_word' id='word_1_382' title='bbox 3712 2368 3835 2424; x_wconf 87' lang='grc' dir='ltr'>τοῖς</span> 
     </span>
    </p>
   </div>
   <div class='ocr_carea' id='block_1_55' title="bbox 2186 2443 3833 2521">
    <p class='ocr_par' dir='ltr' id='par_1_55' title="bbox 2186 2443 3833 2521">
     <span class='ocr_line' id='line_1_55' title="bbox 2186 2443 3833 2521; baseline 0.004 -22"><span class='ocrx_word' id='word_1_383' title='bbox 2186 2446 2279 2517; x_wconf 75' lang='grc' dir='ltr'>μὶν</span> <span class='ocrx_word' id='word_1_384' title='bbox 2323 2443 2525 2500; x_wconf 81' lang='grc' dir='ltr'>ἀδικεῖν</span> <span class='ocrx_word' id='word_1_385' title='bbox 2588 2447 2780 2516; x_wconf 77' lang='grc' dir='ltr'>ἐξεῖναι</span> <span class='ocrx_word' id='word_1_386' title='bbox 2838 2447 2929 2500; x_wconf 86' lang='lat' dir='ltr'>xui</span> <span class='ocrx_word' id='word_1_387' title='bbox 2986 2452 3162 2501; x_wconf 82' lang='grc' dir='ltr'>ποιεῖν</span> <span class='ocrx_word' id='word_1_388' title='bbox 3216 2452 3418 2519; x_wconf 81' lang='grc' dir='ltr'>κακῶς,</span> <span class='ocrx_word' id='word_1_389' title='bbox 3462 2454 3579 2511; x_wconf 89' lang='grc' dir='ltr'>τοῖς</span> <span class='ocrx_word' id='word_1_390' title='bbox 3628 2446 3686 2504; x_wconf 73' lang='grc' dir='ltr'>δὲ</span> <span class='ocrx_word' id='word_1_391' title='bbox 3715 2454 3833 2521; x_wconf 85' lang='grc'>(28)</span> 
     </span>
    </p>
   </div>
   <div class='ocr_carea' id='block_1_56' title="bbox 2184 2533 3835 2614">
    <p class='ocr_par' dir='ltr' id='par_1_56' title="bbox 2184 2533 3835 2614">
     <span class='ocr_line' id='line_1_56' title="bbox 2184 2533 3835 2614; baseline 0.003 -25"><span class='ocrx_word' id='word_1_392' title='bbox 2184 2535 2314 2611; x_wconf 66' lang='grc' dir='ltr'>ὑπὲρ</span> <span class='ocrx_word' id='word_1_393' title='bbox 2366 2539 2464 2589; x_wconf 90' lang='grc' dir='ltr'>τοῦ</span> <span class='ocrx_word' id='word_1_394' title='bbox 2528 2537 2602 2607; x_wconf 81' lang='grc' dir='ltr'>μὴ</span> <span class='ocrx_word' id='word_1_395' title='bbox 2652 2538 2764 2609; x_wconf 83' lang='grc'>(29)</span> <span class='ocrx_word' id='word_1_396' title='bbox 2812 2537 2998 2589; x_wconf 83' lang='grc' dir='ltr'>παθεῖν</span> <span class='ocrx_word' id='word_1_397' title='bbox 3046 2533 3248 2600; x_wconf 85' lang='grc' dir='ltr'>δεῖσθαι</span> <span class='ocrx_word' id='word_1_398' title='bbox 3298 2537 3387 2591; x_wconf 82' lang='grc' dir='ltr'>καὶ</span> <span class='ocrx_word' id='word_1_399' title='bbox 3437 2538 3835 2614; x_wconf 84' lang='grc' dir='ltr'>ἀγωνίζεσθαι·</span> 
     </span>
    </p>
   </div>
   <div class='ocr_carea' id='block_1_57' title="bbox 2179 2624 3831 2699">
    <p class='ocr_par' dir='ltr' id='par_1_57' title="bbox 2179 2624 3831 2699">
     <span class='ocr_line' id='line_1_57' title="bbox 2179 2624 3831 2699; baseline 0.004 -22"><span class='ocrx_word' id='word_1_400' title='bbox 2179 2625 2268 2677; x_wconf 84' lang='grc' dir='ltr'>καὶ</span> <span class='ocrx_word' id='word_1_401' title='bbox 2311 2628 2476 2678; x_wconf 87' lang='grc' dir='ltr'>ταῦτα</span> <span class='ocrx_word' id='word_1_402' title='bbox 2534 2625 2663 2678; x_wconf 82' lang='grc' dir='ltr'>εἷναι</span> <span class='ocrx_word' id='word_1_403' title='bbox 2720 2624 2844 2699; x_wconf 86' lang='grc' dir='ltr'>περὶ</span> <span class='ocrx_word' id='word_1_404' title='bbox 2901 2626 2997 2693; x_wconf 80' lang='grc' dir='ltr'>τὴν</span> <span class='ocrx_word' id='word_1_405' title='bbox 3063 2624 3185 2699; x_wconf 88' lang='grc' dir='ltr'>μίαν</span> <span class='ocrx_word' id='word_1_406' title='bbox 3246 2626 3447 2699; x_wconf 82' lang='grc' dir='ltr'>εἰκόνα,</span> <span class='ocrx_word' id='word_1_407' title='bbox 3506 2627 3596 2682; x_wconf 87' lang='grc' dir='ltr'>καὶ</span> <span class='ocrx_word' id='word_1_408' title='bbox 3652 2629 3715 2682; x_wconf 89' lang='grc' dir='ltr'>τὸ</span> <span class='ocrx_word' id='word_1_409' title='bbox 3776 2626 3831 2683; x_wconf 70' lang='grc' dir='ltr'>ἓν</span> 
     </span>
    </p>
   </div>
   <div class='ocr_carea' id='block_1_58' title="bbox 2179 2712 3831 2792">
    <p class='ocr_par' dir='ltr' id='par_1_58' title="bbox 2179 2712 3831 2792">
     <span class='ocr_line' id='line_1_58' title="bbox 2179 2712 3831 2792; baseline 0.004 -26"><span class='ocrx_word' id='word_1_410' title='bbox 2179 2712 2411 2785; x_wconf 78' lang='grc' dir='ltr'>ἀξιωμα,</span> <span class='ocrx_word' id='word_1_411' title='bbox 2441 2714 2569 2775; x_wconf 81' lang='grc' dir='ltr'>τοὺς</span> <span class='ocrx_word' id='word_1_412' title='bbox 2599 2720 2699 2782; x_wconf 82' lang='grc' dir='ltr'>τῆς</span> <span class='ocrx_word' id='word_1_413' title='bbox 2728 2713 2893 2783; x_wconf 78' lang='grc' dir='ltr'>αὐτῆς</span> <span class='ocrx_word' id='word_1_414' title='bbox 2946 2718 3091 2783; x_wconf 82' lang='grc' dir='ltr'>ζωῆς</span> <span class='ocrx_word' id='word_1_415' title='bbox 3137 2713 3543 2791; x_wconf 80' lang='grc' dir='ltr'>κληρονόμους·</span> <span class='ocrx_word' id='word_1_416' title='bbox 3589 2718 3721 2792; x_wconf 72' lang='grc' dir='ltr'>ὑπὲρ</span> <span class='ocrx_word' id='word_1_417' title='bbox 3757 2719 3831 2772; x_wconf 82' lang='grc' dir='ltr'>ὧν</span> 
     </span>
    </p>
   </div>
   <div class='ocr_carea' id='block_1_59' title="bbox 2178 2802 3833 2879">
    <p class='ocr_par' dir='ltr' id='par_1_59' title="bbox 2178 2802 3833 2879">
     <span class='ocr_line' id='line_1_59' title="bbox 2178 2802 3833 2879; baseline 0.004 -24"><span class='ocrx_word' id='word_1_418' title='bbox 2178 2803 2405 2877; x_wconf 80' lang='grc' dir='ltr'>Χριστὸς</span> <span class='ocrx_word' id='word_1_419' title='bbox 2454 2802 2660 2875; x_wconf 82' lang='grc' dir='ltr'>ὁμοίως</span> <span class='ocrx_word' id='word_1_420' title='bbox 2711 2802 2989 2866; x_wconf 69' lang='grc' dir='ltr'>ἀπέθανεν.</span> <span class='ocrx_word' id='word_1_421' title='bbox 3043 2804 3220 2879; x_wconf 75' lang='grc' dir='ltr'>Ἀρκεὶ</span> <span class='ocrx_word' id='word_1_422' title='bbox 3264 2809 3429 2858; x_wconf 87' lang='grc' dir='ltr'>ταῦτα</span> <span class='ocrx_word' id='word_1_423' title='bbox 3458 2811 3574 2867; x_wconf 88' lang='grc' dir='ltr'>τοῖς</span> <span class='ocrx_word' id='word_1_424' title='bbox 3610 2805 3833 2862; x_wconf 77' lang='grc' dir='ltr'>ἐλευθέ-</span> 
     </span>
    </p>
   </div>
   <div class='ocr_carea' id='block_1_60' title="bbox 2180 2888 3833 2968">
    <p class='ocr_par' dir='ltr' id='par_1_60' title="bbox 2180 2888 3833 2968">
     <span class='ocr_line' id='line_1_60' title="bbox 2180 2888 3833 2968; baseline 0.004 -25"><span class='ocrx_word' id='word_1_425' title='bbox 2180 2910 2333 2964; x_wconf 85' lang='grc' dir='ltr'>ροις·</span> <span class='ocrx_word' id='word_1_426' title='bbox 2400 2892 2473 2964; x_wconf 81' lang='grc' dir='ltr'>μή</span> <span class='ocrx_word' id='word_1_427' title='bbox 2525 2888 2834 2966; x_wconf 82' lang='grc' dir='ltr'>βαρυνέσθω</span> <span class='ocrx_word' id='word_1_428' title='bbox 2886 2889 2943 2946; x_wconf 80' lang='grc' dir='ltr'><strong>δέ</strong></span> <span class='ocrx_word' id='word_1_429' title='bbox 2990 2892 3017 2945; x_wconf 88' lang='grc' dir='ltr'>ὁ</span> <span class='ocrx_word' id='word_1_430' title='bbox 3070 2893 3251 2968; x_wconf 85' lang='grc' dir='ltr'>ζυγὸς,</span> <span class='ocrx_word' id='word_1_431' title='bbox 3306 2891 3445 2966; x_wconf 75' lang='grc' dir='ltr'>μηδὲ</span> <span class='ocrx_word' id='word_1_432' title='bbox 3473 2902 3572 2963; x_wconf 84' lang='grc' dir='ltr'>τῆς</span> <span class='ocrx_word' id='word_1_433' title='bbox 3602 2896 3833 2968; x_wconf 73' lang='grc' dir='ltr'>πρώτης</span> 
     </span>
    </p>
   </div>
   <div class='ocr_carea' id='block_1_61' title="bbox 2177 2980 3057 3055">
    <p class='ocr_par' dir='ltr' id='par_1_61' title="bbox 2177 2980 3057 3055">
     <span class='ocr_line' id='line_1_61' title="bbox 2177 2980 3057 3055; baseline 0.003 -23"><span class='ocrx_word' id='word_1_434' title='bbox 2177 2981 2337 3051; x_wconf 75' lang='grc' dir='ltr'>ἡμῶν</span> <span class='ocrx_word' id='word_1_435' title='bbox 2369 2980 2636 3055; x_wconf 82' lang='grc' dir='ltr'>ἁμαρτίας</span> <span class='ocrx_word' id='word_1_436' title='bbox 2666 2980 2728 3034; x_wconf 86' lang='grc' dir='ltr'>τὸ</span> <span class='ocrx_word' id='word_1_437' title='bbox 2760 2980 3057 3053; x_wconf 78' lang='grc' dir='ltr'>ἐπιτίμιον.</span> 
     </span>
    </p>
   </div>
   <div class='ocr_carea' id='block_1_62' title="bbox 427 3068 3839 3143">
    <p class='ocr_par' dir='ltr' id='par_1_62' title="bbox 427 3068 3839 3143">
     <span class='ocr_line' id='line_1_62' title="bbox 427 3068 3839 3143; baseline 0.002 -19"><span class='ocrx_word' id='word_1_438' title='bbox 427 3070 702 3138; x_wconf 85' lang='lat' dir='ltr'>injuriam</span> <span class='ocrx_word' id='word_1_439' title='bbox 736 3068 969 3135; x_wconf 83' lang='lat' dir='ltr'>inferre,</span> <span class='ocrx_word' id='word_1_440' title='bbox 994 3068 1263 3138; x_wconf 86' lang='lat' dir='ltr'>maloque</span> <span class='ocrx_word' id='word_1_441' title='bbox 1296 3070 1523 3123; x_wconf 79' lang='lat' dir='ltr'>afficere</span> <span class='ocrx_word' id='word_1_442' title='bbox 1556 3069 1793 3139; x_wconf 88' lang='lat' dir='ltr'>impune</span> <span class='ocrx_word' id='word_1_443' title='bbox 1826 3069 2074 3140; x_wconf 88' lang='lat' dir='ltr'>possint,</span> <span class='ocrx_word' id='word_1_444' title='bbox 2108 3069 2226 3138; x_wconf 88' lang='lat' dir='ltr'>alii,</span> <span class='ocrx_word' id='word_1_445' title='bbox 2262 3086 2331 3124; x_wconf 90' lang='lat' dir='ltr'>ne</span> <span class='ocrx_word' id='word_1_446' title='bbox 2362 3071 2502 3141; x_wconf 92' lang='lat' dir='ltr'>quid</span> <span class='ocrx_word' id='word_1_447' title='bbox 2538 3071 2858 3141; x_wconf 88' lang='lat' dir='ltr'>patiantur,</span> <span class='ocrx_word' id='word_1_448' title='bbox 2886 3071 3171 3141; x_wconf 89' lang='lat' dir='ltr'>laborent,</span> <span class='ocrx_word' id='word_1_449' title='bbox 3197 3088 3263 3127; x_wconf 92' lang='lat' dir='ltr'>ac</span> <span class='ocrx_word' id='word_1_450' title='bbox 3295 3074 3563 3143; x_wconf 86' lang='lat' dir='ltr'>precibus</span> <span class='ocrx_word' id='word_1_451' title='bbox 3594 3081 3839 3131; x_wconf 86' lang='lat' dir='ltr'>conten-</span> 
     </span>
    </p>
   </div>
   <div class='ocr_carea' id='block_1_63' title="bbox 426 3157 3838 3233">
    <p class='ocr_par' dir='ltr' id='par_1_63' title="bbox 426 3157 3838 3233">
     <span class='ocr_line' id='line_1_63' title="bbox 426 3157 3838 3233; baseline 0.002 -20"><span class='ocrx_word' id='word_1_452' title='bbox 426 3161 593 3225; x_wconf 88' lang='lat' dir='ltr'>dant;</span> <span class='ocrx_word' id='word_1_453' title='bbox 624 3175 806 3227; x_wconf 88' lang='lat' dir='ltr'>eaque</span> <span class='ocrx_word' id='word_1_454' title='bbox 838 3158 991 3211; x_wconf 90' lang='lat' dir='ltr'>circa</span> <span class='ocrx_word' id='word_1_455' title='bbox 1040 3174 1217 3211; x_wconf 88' lang='lat' dir='ltr'>unam</span> <span class='ocrx_word' id='word_1_456' title='bbox 1249 3162 1303 3211; x_wconf 90' lang='lat' dir='ltr'>et</span> <span class='ocrx_word' id='word_1_457' title='bbox 1333 3158 1597 3211; x_wconf 88' lang='lat' dir='ltr'>eamdem</span> <span class='ocrx_word' id='word_1_458' title='bbox 1647 3157 1983 3228; x_wconf 84' lang='lat' dir='ltr'>imaginem,</span> <span class='ocrx_word' id='word_1_459' title='bbox 2016 3158 2170 3212; x_wconf 89' lang='lat' dir='ltr'>circa</span> <span class='ocrx_word' id='word_1_460' title='bbox 2210 3176 2385 3215; x_wconf 89' lang='lat' dir='ltr'>unam</span> <span class='ocrx_word' id='word_1_461' title='bbox 2418 3165 2475 3214; x_wconf 91' lang='lat' dir='ltr'>et</span> <span class='ocrx_word' id='word_1_462' title='bbox 2505 3161 2771 3215; x_wconf 88' lang='lat' dir='ltr'>eamdem</span> <span class='ocrx_word' id='word_1_463' title='bbox 2821 3160 3126 3233; x_wconf 80' lang='lat' dir='ltr'>dignitatis</span> <span class='ocrx_word' id='word_1_464' title='bbox 3177 3161 3574 3231; x_wconf 67' lang='lat' dir='ltr'>praestantiam</span> <span class='ocrx_word' id='word_1_465' title='bbox 3605 3166 3838 3219; x_wconf 87' lang='lat' dir='ltr'>contin-</span> 
     </span>
    </p>
   </div>
   <div class='ocr_carea' id='block_1_64' title="bbox 424 3247 3843 3321">
    <p class='ocr_par' dir='ltr' id='par_1_64' title="bbox 424 3247 3843 3321">
     <span class='ocr_line' id='line_1_64' title="bbox 424 3247 3843 3321; baseline 0.002 -20"><span class='ocrx_word' id='word_1_466' title='bbox 424 3264 579 3320; x_wconf 86' lang='lat' dir='ltr'>gere,</span> <span class='ocrx_word' id='word_1_467' title='bbox 612 3249 766 3302; x_wconf 87' lang='lat' dir='ltr'>circa</span> <span class='ocrx_word' id='word_1_468' title='bbox 796 3248 1057 3314; x_wconf 85' lang='lat' dir='ltr'>ejusdem</span> <span class='ocrx_word' id='word_1_469' title='bbox 1093 3247 1218 3300; x_wconf 61' lang='lat' dir='ltr'>vitae</span> <span class='ocrx_word' id='word_1_470' title='bbox 1255 3247 1528 3314; x_wconf 81' lang='lat' dir='ltr'>haeredes,</span> <span class='ocrx_word' id='word_1_471' title='bbox 1562 3251 1618 3299; x_wconf 83' lang='lat' dir='ltr'>et</span> <span class='ocrx_word' id='word_1_472' title='bbox 1650 3264 1748 3316; x_wconf 87' lang='lat' dir='ltr'>pro</span> <span class='ocrx_word' id='word_1_473' title='bbox 1780 3248 1991 3318; x_wconf 87' lang='lat' dir='ltr'>quibus</span> <span class='ocrx_word' id='word_1_474' title='bbox 2022 3247 2287 3303; x_wconf 86' lang='lat' dir='ltr'>Christus</span> <span class='ocrx_word' id='word_1_475' title='bbox 2319 3268 2345 3299; x_wconf 64' lang='grc' dir='ltr'>ιη</span> <span class='ocrx_word' id='word_1_476' title='bbox 2370 3265 2483 3320; x_wconf 91' lang='lat' dir='ltr'>que</span> <span class='ocrx_word' id='word_1_477' title='bbox 2531 3255 2800 3305; x_wconf 89' lang='lat' dir='ltr'>mortuus</span> <span class='ocrx_word' id='word_1_478' title='bbox 2829 3254 2917 3304; x_wconf 89' lang='lat' dir='ltr'>est</span> <span class='ocrx_word' id='word_1_479' title='bbox 2971 3250 3148 3315; x_wconf 90' lang='lat' dir='ltr'>Satis,</span> <span class='ocrx_word' id='word_1_480' title='bbox 3182 3250 3447 3321; x_wconf 89' lang='lat' dir='ltr'>inquam,</span> <span class='ocrx_word' id='word_1_481' title='bbox 3480 3251 3601 3308; x_wconf 62' lang='lat' dir='ltr'>hinc</span> <span class='ocrx_word' id='word_1_482' title='bbox 3636 3252 3843 3309; x_wconf 88' lang='lat' dir='ltr'>liberis</span> 
     </span>
    </p>
   </div>
   <div class='ocr_carea' id='block_1_65' title="bbox 423 3334 3840 3411">
    <p class='ocr_par' dir='ltr' id='par_1_65' title="bbox 423 3334 3840 3411">
     <span class='ocr_line' id='line_1_65' title="bbox 423 3334 3840 3411; baseline 0.002 -20"><span class='ocrx_word' id='word_1_483' title='bbox 423 3337 761 3391; x_wconf 89' lang='lat' dir='ltr'>hominibus</span> <span class='ocrx_word' id='word_1_484' title='bbox 793 3334 1040 3388; x_wconf 83' lang='lat' dir='ltr'>molesta</span> <span class='ocrx_word' id='word_1_485' title='bbox 1070 3337 1237 3401; x_wconf 89' lang='lat' dir='ltr'>sunt;</span> <span class='ocrx_word' id='word_1_486' title='bbox 1270 3351 1338 3387; x_wconf 92' lang='lat' dir='ltr'>ne</span> <span class='ocrx_word' id='word_1_487' title='bbox 1370 3334 1506 3405; x_wconf 92' lang='lat' dir='ltr'>quid</span> <span class='ocrx_word' id='word_1_488' title='bbox 1541 3334 1674 3388; x_wconf 89' lang='lat' dir='ltr'>huic</span> <span class='ocrx_word' id='word_1_489' title='bbox 1699 3336 1844 3406; x_wconf 88' lang='lat' dir='ltr'>jugo</span> <span class='ocrx_word' id='word_1_490' title='bbox 1884 3335 2158 3407; x_wconf 87' lang='lat' dir='ltr'>ponderis</span> <span class='ocrx_word' id='word_1_491' title='bbox 2189 3337 2458 3407; x_wconf 85' lang='lat' dir='ltr'>addatur,</span> <span class='ocrx_word' id='word_1_492' title='bbox 2492 3354 2564 3393; x_wconf 88' lang='lat' dir='ltr'>ne</span> <span class='ocrx_word' id='word_1_493' title='bbox 2595 3338 2735 3410; x_wconf 89' lang='lat' dir='ltr'>quid</span> <span class='ocrx_word' id='word_1_494' title='bbox 2779 3355 2959 3411; x_wconf 79' lang='lat' dir='ltr'>pcenas</span> <span class='ocrx_word' id='word_1_495' title='bbox 2990 3337 3097 3407; x_wconf 91' lang='lat' dir='ltr'>illi,</span> <span class='ocrx_word' id='word_1_496' title='bbox 3129 3354 3242 3409; x_wconf 91' lang='lat' dir='ltr'>qua</span> <span class='ocrx_word' id='word_1_497' title='bbox 3270 3339 3528 3411; x_wconf 88' lang='lat' dir='ltr'>primum</span> <span class='ocrx_word' id='word_1_498' title='bbox 3564 3345 3840 3399; x_wconf 83' lang='lat' dir='ltr'>nostrum</span> 
     </span>
    </p>
   </div>
   <div class='ocr_carea' id='block_1_66' title="bbox 422 3422 1894 3495">
    <p class='ocr_par' dir='ltr' id='par_1_66' title="bbox 422 3422 1894 3495">
     <span class='ocr_line' id='line_1_66' title="bbox 422 3422 1894 3495; baseline -0.001 -16"><span class='ocrx_word' id='word_1_499' title='bbox 422 3428 722 3495; x_wconf 88' lang='lat' dir='ltr'>peccatum</span> <span class='ocrx_word' id='word_1_500' title='bbox 757 3422 1103 3476; x_wconf 88' lang='lat' dir='ltr'>mulctatum</span> <span class='ocrx_word' id='word_1_501' title='bbox 1135 3426 1241 3487; x_wconf 89' lang='lat' dir='ltr'>est,</span> <span class='ocrx_word' id='word_1_502' title='bbox 1278 3422 1610 3476; x_wconf 90' lang='lat' dir='ltr'>acerbitatis</span> <span class='ocrx_word' id='word_1_503' title='bbox 1639 3424 1894 3478; x_wconf 88' lang='lat' dir='ltr'>accedat.</span> 
     </span>
    </p>
   </div>
   <div class='ocr_carea' id='block_1_67' title="bbox 494 3509 2141 3582">
    <p class='ocr_par' dir='ltr' id='par_1_67' title="bbox 494 3509 2141 3582">
     <span class='ocr_line' id='line_1_67' title="bbox 494 3509 2141 3582; baseline 0.002 -17"><span class='ocrx_word' id='word_1_504' title='bbox 494 3511 629 3566; x_wconf 84' lang='lat' dir='ltr'>XIV.</span> <span class='ocrx_word' id='word_1_505' title='bbox 667 3511 893 3565; x_wconf 81' lang='lat' dir='ltr'>Utinam</span> <span class='ocrx_word' id='word_1_506' title='bbox 932 3511 1196 3565; x_wconf 78' lang='lat' dir='ltr'>funditus</span> <span class='ocrx_word' id='word_1_507' title='bbox 1242 3514 1435 3581; x_wconf 88' lang='lat' dir='ltr'>pereat</span> <span class='ocrx_word' id='word_1_508' title='bbox 1462 3509 1690 3577; x_wconf 90' lang='lat' dir='ltr'>vitium,</span> <span class='ocrx_word' id='word_1_509' title='bbox 1725 3515 1779 3566; x_wconf 92' lang='lat' dir='ltr'>et</span> <span class='ocrx_word' id='word_1_510' title='bbox 1811 3510 2067 3582; x_wconf 89' lang='lat' dir='ltr'>primum</span> <span class='ocrx_word' id='word_1_511' title='bbox 2099 3513 2141 3579; x_wconf 87' lang='lat' dir='ltr'>C</span> 
     </span>
    </p>
   </div>
   <div class='ocr_carea' id='block_1_68' title="bbox 421 3598 2065 3669">
    <p class='ocr_par' dir='ltr' id='par_1_68' title="bbox 421 3598 2065 3669">
     <span class='ocr_line' id='line_1_68' title="bbox 421 3598 2065 3669; baseline -0.001 -13"><span class='ocrx_word' id='word_1_512' title='bbox 421 3601 578 3656; x_wconf 90' lang='lat' dir='ltr'>illius</span> <span class='ocrx_word' id='word_1_513' title='bbox 611 3616 833 3663; x_wconf 88' lang='lat' dir='ltr'>semen,</span> <span class='ocrx_word' id='word_1_514' title='bbox 868 3616 932 3653; x_wconf 87' lang='lat' dir='ltr'>ac</span> <span class='ocrx_word' id='word_1_515' title='bbox 965 3616 1177 3669; x_wconf 86' lang='lat' dir='ltr'>pravus</span> <span class='ocrx_word' id='word_1_516' title='bbox 1209 3598 1325 3665; x_wconf 90' lang='lat' dir='ltr'>ille,</span> <span class='ocrx_word' id='word_1_517' title='bbox 1351 3599 1471 3669; x_wconf 89' lang='lat' dir='ltr'>qui,</span> <span class='ocrx_word' id='word_1_518' title='bbox 1506 3600 1933 3655; x_wconf 91' lang='lat' dir='ltr'>dormientibus</span> <span class='ocrx_word' id='word_1_519' title='bbox 1966 3618 2065 3655; x_wconf 91' lang='lat' dir='ltr'>no-</span> 
     </span>
    </p>
   </div>
   <div class='ocr_carea' id='block_1_69' title="bbox 420 3688 2064 3760">
    <p class='ocr_par' dir='ltr' id='par_1_69' title="bbox 420 3688 2064 3760">
     <span class='ocr_line' id='line_1_69' title="bbox 420 3688 2064 3760; baseline 0.001 -16"><span class='ocrx_word' id='word_1_520' title='bbox 420 3690 531 3759; x_wconf 91' lang='lat' dir='ltr'>bis,</span> <span class='ocrx_word' id='word_1_521' title='bbox 564 3689 785 3742; x_wconf 88' lang='lat' dir='ltr'>zizania</span> <span class='ocrx_word' id='word_1_522' title='bbox 830 3688 1318 3757; x_wconf 85' lang='lat' dir='ltr'>superseminavit</span> <span class='ocrx_word' id='word_1_523' title='bbox 1343 3689 1405 3754; x_wconf 67' lang='lat'>‘7,</span> <span class='ocrx_word' id='word_1_524' title='bbox 1436 3691 1499 3742; x_wconf 90' lang='lat' dir='ltr'>ut</span> <span class='ocrx_word' id='word_1_525' title='bbox 1531 3688 1666 3743; x_wconf 90' lang='lat' dir='ltr'>mali</span> <span class='ocrx_word' id='word_1_526' title='bbox 1712 3689 2064 3760; x_wconf 86' lang='lat' dir='ltr'>principium</span> 
     </span>
    </p>
   </div>
   <div class='ocr_carea' id='block_1_70' title="bbox 420 3778 2066 3845">
    <p class='ocr_par' dir='ltr' id='par_1_70' title="bbox 420 3778 2066 3845">
     <span class='ocr_line' id='line_1_70' title="bbox 420 3778 2066 3845; baseline 0 -12"><span class='ocrx_word' id='word_1_527' title='bbox 420 3794 486 3833; x_wconf 88' lang='lat' dir='ltr'>ex</span> <span class='ocrx_word' id='word_1_528' title='bbox 518 3778 649 3833; x_wconf 90' lang='lat' dir='ltr'>boni</span> <span class='ocrx_word' id='word_1_529' title='bbox 686 3778 912 3831; x_wconf 86' lang='lat' dir='ltr'>incuria</span> <span class='ocrx_word' id='word_1_530' title='bbox 959 3783 1315 3845; x_wconf 82' lang='lat' dir='ltr'>nasceretur,</span> <span class='ocrx_word' id='word_1_531' title='bbox 1343 3794 1455 3832; x_wconf 91' lang='lat' dir='ltr'>non</span> <span class='ocrx_word' id='word_1_532' title='bbox 1505 3794 1671 3832; x_wconf 82' lang='lat' dir='ltr'>secus</span> <span class='ocrx_word' id='word_1_533' title='bbox 1705 3795 1768 3832; x_wconf 90' lang='lat' dir='ltr'>ac</span> <span class='ocrx_word' id='word_1_534' title='bbox 1798 3780 2066 3833; x_wconf 87' lang='lat' dir='ltr'>tenebra-</span> 
     </span>
    </p>
   </div>
   <div class='ocr_carea' id='block_1_71' title="bbox 419 3864 2067 3937">
    <p class='ocr_par' dir='ltr' id='par_1_71' title="bbox 419 3864 2067 3937">
     <span class='ocr_line' id='line_1_71' title="bbox 419 3864 2067 3937; baseline 0 -16"><span class='ocrx_word' id='word_1_535' title='bbox 419 3884 546 3921; x_wconf 89' lang='lat' dir='ltr'>rum</span> <span class='ocrx_word' id='word_1_536' title='bbox 585 3866 963 3937; x_wconf 85' lang='lat' dir='ltr'>principium,</span> <span class='ocrx_word' id='word_1_537' title='bbox 996 3870 1084 3919; x_wconf 85' lang='lat' dir='ltr'>est</span> <span class='ocrx_word' id='word_1_538' title='bbox 1134 3864 1279 3919; x_wconf 91' lang='lat' dir='ltr'>lucis</span> <span class='ocrx_word' id='word_1_539' title='bbox 1312 3865 1581 3920; x_wconf 90' lang='lat' dir='ltr'>secessio.</span> <span class='ocrx_word' id='word_1_540' title='bbox 1616 3866 1746 3921; x_wconf 61' lang='lat' dir='ltr'>Haec</span> <span class='ocrx_word' id='word_1_541' title='bbox 1795 3868 1963 3922; x_wconf 90' lang='lat' dir='ltr'>nobis</span> <span class='ocrx_word' id='word_1_542' title='bbox 1995 3867 2067 3921; x_wconf 91' lang='lat' dir='ltr'>li-</span> 
     </span>
    </p>
   </div>
   <div class='ocr_carea' id='block_1_72' title="bbox 423 3954 2068 4027">
    <p class='ocr_par' dir='ltr' id='par_1_72' title="bbox 423 3954 2068 4027">
     <span class='ocr_line' id='line_1_72' title="bbox 423 3954 2068 4027; baseline 0.001 -17"><span class='ocrx_word' id='word_1_543' title='bbox 423 3972 605 4027; x_wconf 85' lang='lat' dir='ltr'>gnum</span> <span class='ocrx_word' id='word_1_544' title='bbox 638 3955 777 4009; x_wconf 88' lang='lat' dir='ltr'>illud</span> <span class='ocrx_word' id='word_1_545' title='bbox 804 3954 1040 4021; x_wconf 81' lang='lat' dir='ltr'>invexit,</span> <span class='ocrx_word' id='word_1_546' title='bbox 1061 3958 1117 4007; x_wconf 88' lang='lat' dir='ltr'>et</span> <span class='ocrx_word' id='word_1_547' title='bbox 1163 3971 1400 4009; x_wconf 84' lang='lat' dir='ltr'>amarus</span> <span class='ocrx_word' id='word_1_548' title='bbox 1425 3972 1582 4020; x_wconf 89' lang='lat' dir='ltr'>esus,</span> <span class='ocrx_word' id='word_1_549' title='bbox 1606 3961 1663 4009; x_wconf 89' lang='lat' dir='ltr'>et</span> <span class='ocrx_word' id='word_1_550' title='bbox 1690 3955 1924 4010; x_wconf 85' lang='lat' dir='ltr'>invidus</span> <span class='ocrx_word' id='word_1_551' title='bbox 1952 3973 2068 4011; x_wconf 88' lang='lat' dir='ltr'>ser-</span> 
     </span>
    </p>
   </div>
   <div class='ocr_carea' id='block_1_73' title="bbox 416 4044 2064 4117">
    <p class='ocr_par' dir='ltr' id='par_1_73' title="bbox 416 4044 2064 4117">
     <span class='ocr_line' id='line_1_73' title="bbox 416 4044 2064 4117; baseline 0.002 -19"><span class='ocrx_word' id='word_1_552' title='bbox 416 4062 580 4116; x_wconf 89' lang='lat' dir='ltr'>pens,</span> <span class='ocrx_word' id='word_1_553' title='bbox 601 4051 657 4099; x_wconf 88' lang='lat' dir='ltr'>et</span> <span class='ocrx_word' id='word_1_554' title='bbox 687 4044 775 4097; x_wconf 77' lang='lat' dir='ltr'>lex</span> <span class='ocrx_word' id='word_1_555' title='bbox 806 4044 1038 4110; x_wconf 83' lang='lat' dir='ltr'>violata,</span> <span class='ocrx_word' id='word_1_556' title='bbox 1065 4061 1191 4114; x_wconf 75' lang='lat' dir='ltr'>quae</span> <span class='ocrx_word' id='word_1_557' title='bbox 1220 4045 1368 4098; x_wconf 74' lang='lat'>373</span> <span class='ocrx_word' id='word_1_558' title='bbox 1399 4045 1545 4098; x_wconf 88' lang='lat' dir='ltr'>hanc</span> <span class='ocrx_word' id='word_1_559' title='bbox 1581 4062 1808 4115; x_wconf 73' lang='lat' dir='ltr'>pmnam</span> <span class='ocrx_word' id='word_1_560' title='bbox 1841 4046 2064 4117; x_wconf 84' lang='lat' dir='ltr'>irroga-</span> 
     </span>
    </p>
   </div>
   <div class='ocr_carea' id='block_1_74' title="bbox 414 4133 2059 4203">
    <p class='ocr_par' dir='ltr' id='par_1_74' title="bbox 414 4133 2059 4203">
     <span class='ocr_line' id='line_1_74' title="bbox 414 4133 2059 4203; baseline 0.001 -16"><span class='ocrx_word' id='word_1_561' title='bbox 414 4134 512 4198; x_wconf 89' lang='lat' dir='ltr'>vit,</span> <span class='ocrx_word' id='word_1_562' title='bbox 541 4140 602 4187; x_wconf 89' lang='lat' dir='ltr'>ut</span> <span class='ocrx_word' id='word_1_563' title='bbox 635 4134 689 4186; x_wconf 92' lang='lat' dir='ltr'>in</span> <span class='ocrx_word' id='word_1_564' title='bbox 716 4134 927 4187; x_wconf 88' lang='lat' dir='ltr'>sudore</span> <span class='ocrx_word' id='word_1_565' title='bbox 950 4134 1145 4188; x_wconf 90' lang='lat' dir='ltr'>vultus</span> <span class='ocrx_word' id='word_1_566' title='bbox 1169 4133 1336 4187; x_wconf 90' lang='lat' dir='ltr'>nobis</span> <span class='ocrx_word' id='word_1_567' title='bbox 1360 4133 1549 4187; x_wconf 88' lang='lat' dir='ltr'>victus</span> <span class='ocrx_word' id='word_1_568' title='bbox 1577 4133 1653 4188; x_wconf 87' lang='lat' dir='ltr'>sit</span> <span class='ocrx_word' id='word_1_569' title='bbox 1679 4136 1973 4203; x_wconf 89' lang='lat' dir='ltr'>parandus</span> <span class='ocrx_word' id='word_1_570' title='bbox 1998 4135 2059 4169; x_wconf 72' lang='grc'>1³·</span> 
     </span>
    </p>
   </div>
   <div class='ocr_carea' id='block_1_75' title="bbox 416 4221 2063 4308">
    <p class='ocr_par' dir='ltr' id='par_1_75' title="bbox 416 4221 2063 4308">
     <span class='ocr_line' id='line_1_75' title="bbox 416 4221 2063 4308; baseline 0.001 -33"><span class='ocrx_word' id='word_1_571' title='bbox 416 4221 557 4276; x_wconf 84' lang='lat' dir='ltr'>Hinc</span> <span class='ocrx_word' id='word_1_572' title='bbox 580 4237 685 4293; x_wconf 87' lang='lat' dir='ltr'>ego</span> <span class='ocrx_word' id='word_1_573' title='bbox 714 4222 907 4279; x_wconf 89' lang='lat' dir='ltr'>nudus</span> <span class='ocrx_word' id='word_1_574' title='bbox 934 4226 991 4275; x_wconf 89' lang='lat' dir='ltr'>et</span> <span class='ocrx_word' id='word_1_575' title='bbox 1021 4222 1352 4285; x_wconf 88' lang='lat' dir='ltr'>indecorus,</span> <span class='ocrx_word' id='word_1_576' title='bbox 1372 4227 1428 4275; x_wconf 92' lang='lat' dir='ltr'>et</span> <span class='ocrx_word' id='word_1_577' title='bbox 1450 4222 1775 4277; x_wconf 89' lang='lat' dir='ltr'>nuditatem</span> <span class='ocrx_word' id='word_1_578' title='bbox 1800 4222 2063 4308; x_wconf 63' lang='lat' dir='ltr'>cognovi,</span> 
     </span>
    </p>
   </div>
   <div class='ocr_carea' id='block_1_76' title="bbox 414 4308 2063 4382">
    <p class='ocr_par' dir='ltr' id='par_1_76' title="bbox 414 4308 2063 4382">
     <span class='ocr_line' id='line_1_76' title="bbox 414 4308 2063 4382; baseline 0.002 -18"><span class='ocrx_word' id='word_1_579' title='bbox 414 4314 470 4364; x_wconf 89' lang='lat' dir='ltr'>et</span> <span class='ocrx_word' id='word_1_580' title='bbox 503 4310 803 4382; x_wconf 89' lang='lat' dir='ltr'>pelliceam</span> <span class='ocrx_word' id='word_1_581' title='bbox 839 4316 1055 4364; x_wconf 81' lang='lat' dir='ltr'>vestem</span> <span class='ocrx_word' id='word_1_582' title='bbox 1106 4308 1289 4375; x_wconf 89' lang='lat' dir='ltr'>indui,</span> <span class='ocrx_word' id='word_1_583' title='bbox 1323 4315 1379 4364; x_wconf 87' lang='lat' dir='ltr'>et</span> <span class='ocrx_word' id='word_1_584' title='bbox 1418 4326 1447 4364; x_wconf 91' lang='lat' dir='ltr'>e</span> <span class='ocrx_word' id='word_1_585' title='bbox 1478 4310 1751 4381; x_wconf 87' lang='lat' dir='ltr'>paradiso</span> <span class='ocrx_word' id='word_1_586' title='bbox 1802 4312 2063 4381; x_wconf 84' lang='lat' dir='ltr'>dejectus</span> 
     </span>
    </p>
   </div>
   <div class='ocr_carea' id='block_1_77' title="bbox 413 4400 2060 4472">
    <p class='ocr_par' dir='ltr' id='par_1_77' title="bbox 413 4400 2060 4472">
     <span class='ocr_line' id='line_1_77' title="bbox 413 4400 2060 4472; baseline 0.002 -19"><span class='ocrx_word' id='word_1_587' title='bbox 413 4404 770 4471; x_wconf 87' lang='lat' dir='ltr'>sum,atque</span> <span class='ocrx_word' id='word_1_588' title='bbox 818 4400 885 4467; x_wconf 78' lang='lat' dir='ltr'>ad</span> <span class='ocrx_word' id='word_1_589' title='bbox 932 4404 1170 4467; x_wconf 88' lang='lat' dir='ltr'>terram,</span> <span class='ocrx_word' id='word_1_590' title='bbox 1212 4415 1279 4452; x_wconf 80' lang='lat' dir='ltr'>ex</span> <span class='ocrx_word' id='word_1_591' title='bbox 1330 4415 1448 4469; x_wconf 89' lang='lat' dir='ltr'>qua</span> <span class='ocrx_word' id='word_1_592' title='bbox 1495 4403 1765 4471; x_wconf 84' lang='lat' dir='ltr'>sumptus</span> <span class='ocrx_word' id='word_1_593' title='bbox 1815 4401 2060 4472; x_wconf 83' lang='lat' dir='ltr'>fueram,</span> 
     </span>
    </p>
   </div>
   <div class='ocr_carea' id='block_1_78' title="bbox 413 4486 2061 4560">
    <p class='ocr_par' dir='ltr' id='par_1_78' title="bbox 413 4486 2061 4560">
     <span class='ocr_line' id='line_1_78' title="bbox 413 4486 2061 4560; baseline 0.002 -19"><span class='ocrx_word' id='word_1_594' title='bbox 413 4505 649 4543; x_wconf 82' lang='lat' dir='ltr'>aversus</span> <span class='ocrx_word' id='word_1_595' title='bbox 674 4506 825 4554; x_wconf 86' lang='lat' dir='ltr'>sum,</span> <span class='ocrx_word' id='word_1_596' title='bbox 854 4488 909 4541; x_wconf 93' lang='lat' dir='ltr'>id</span> <span class='ocrx_word' id='word_1_597' title='bbox 936 4503 1117 4541; x_wconf 90' lang='lat' dir='ltr'>unum</span> <span class='ocrx_word' id='word_1_598' title='bbox 1141 4486 1481 4541; x_wconf 89' lang='lat' dir='ltr'>deliciarum</span> <span class='ocrx_word' id='word_1_599' title='bbox 1504 4487 1629 4543; x_wconf 92' lang='lat' dir='ltr'>loco</span> <span class='ocrx_word' id='word_1_600' title='bbox 1654 4488 2061 4560; x_wconf 86' lang='lat' dir='ltr'>habens,quod</span> 
     </span>
    </p>
   </div>
   <div class='ocr_carea' id='block_1_79' title="bbox 412 4575 2065 4650">
    <p class='ocr_par' dir='ltr' id='par_1_79' title="bbox 412 4575 2065 4650">
     <span class='ocr_line' id='line_1_79' title="bbox 412 4575 2065 4650; baseline 0.002 -20"><span class='ocrx_word' id='word_1_601' title='bbox 412 4575 774 4631; x_wconf 86' lang='lat' dir='ltr'>calamitates</span> <span class='ocrx_word' id='word_1_602' title='bbox 810 4593 967 4630; x_wconf 90' lang='lat' dir='ltr'>meas</span> <span class='ocrx_word' id='word_1_603' title='bbox 1008 4576 1270 4646; x_wconf 85' lang='lat' dir='ltr'>cognitas</span> <span class='ocrx_word' id='word_1_604' title='bbox 1309 4575 1555 4631; x_wconf 86' lang='lat' dir='ltr'>habeam</span> <span class='ocrx_word' id='word_1_605' title='bbox 1590 4595 1601 4631; x_wconf 87' lang='lat'><strong>:</strong></span> <span class='ocrx_word' id='word_1_606' title='bbox 1638 4582 1693 4632; x_wconf 90' lang='lat' dir='ltr'>et</span> <span class='ocrx_word' id='word_1_607' title='bbox 1723 4594 1826 4648; x_wconf 90' lang='lat' dir='ltr'>pro</span> <span class='ocrx_word' id='word_1_608' title='bbox 1855 4579 2065 4650; x_wconf 87' lang='lat' dir='ltr'>exigua</span> 
     </span>
    </p>
   </div>
   <div class='ocr_carea' id='block_1_80' title="bbox 414 4664 2061 4735">
    <p class='ocr_par' dir='ltr' id='par_1_80' title="bbox 414 4664 2061 4735">
     <span class='ocr_line' id='line_1_80' title="bbox 414 4664 2061 4735; baseline 0.003 -18"><span class='ocrx_word' id='word_1_609' title='bbox 414 4664 728 4735; x_wconf 87' lang='lat' dir='ltr'>voluptate,</span> <span class='ocrx_word' id='word_1_610' title='bbox 765 4669 1042 4735; x_wconf 90' lang='lat' dir='ltr'>perpetuo</span> <span class='ocrx_word' id='word_1_611' title='bbox 1093 4680 1337 4719; x_wconf 78' lang='lat' dir='ltr'>mmrore</span> <span class='ocrx_word' id='word_1_612' title='bbox 1382 4666 1698 4721; x_wconf 87' lang='lat' dir='ltr'>damnatus</span> <span class='ocrx_word' id='word_1_613' title='bbox 1731 4683 1897 4735; x_wconf 86' lang='lat' dir='ltr'>sum;</span> <span class='ocrx_word' id='word_1_614' title='bbox 1933 4683 2061 4722; x_wconf 87' lang='lat' dir='ltr'>eam</span> 
     </span>
    </p>
   </div>
   <div class='ocr_carea' id='block_1_81' title="bbox 412 4753 2061 4827">
    <p class='ocr_par' dir='ltr' id='par_1_81' title="bbox 412 4753 2061 4827">
     <span class='ocr_line' id='line_1_81' title="bbox 412 4753 2061 4827; baseline 0.003 -21"><span class='ocrx_word' id='word_1_615' title='bbox 412 4769 524 4823; x_wconf 90' lang='lat' dir='ltr'>que</span> <span class='ocrx_word' id='word_1_616' title='bbox 556 4769 787 4824; x_wconf 80' lang='lat' dir='ltr'>pcenam</span> <span class='ocrx_word' id='word_1_617' title='bbox 836 4754 1047 4824; x_wconf 91' lang='lat' dir='ltr'>pendo,</span> <span class='ocrx_word' id='word_1_618' title='bbox 1080 4758 1145 4807; x_wconf 88' lang='lat' dir='ltr'>ut</span> <span class='ocrx_word' id='word_1_619' title='bbox 1186 4753 1330 4807; x_wconf 84' lang='lat' dir='ltr'>mihi</span> <span class='ocrx_word' id='word_1_620' title='bbox 1362 4770 1494 4808; x_wconf 90' lang='lat' dir='ltr'>cum</span> <span class='ocrx_word' id='word_1_621' title='bbox 1528 4770 1614 4823; x_wconf 92' lang='lat' dir='ltr'>eo,</span> <span class='ocrx_word' id='word_1_622' title='bbox 1651 4754 1750 4827; x_wconf 92' lang='lat' dir='ltr'>qui</span> <span class='ocrx_word' id='word_1_623' title='bbox 1804 4756 1952 4811; x_wconf 86' lang='lat' dir='ltr'>male</span> <span class='ocrx_word' id='word_1_624' title='bbox 2003 4757 2061 4811; x_wconf 91' lang='lat' dir='ltr'>in</span> 
     </span>
    </p>
   </div>
   <div class='ocr_carea' id='block_1_82' title="bbox 483 4895 1625 4967">
    <p class='ocr_par' dir='ltr' id='par_1_82' title="bbox 483 4895 1625 4967">
     <span class='ocr_line' id='line_1_82' title="bbox 483 4895 1625 4967; baseline 0.002 -17"><span class='ocrx_word' id='word_1_625' title='bbox 483 4897 523 4929; x_wconf 82' lang='grc'>¹³</span> <span class='ocrx_word' id='word_1_626' title='bbox 552 4895 754 4950; x_wconf 89' lang='lat' dir='ltr'>Matth.</span> <span class='ocrx_word' id='word_1_627' title='bbox 785 4912 921 4963; x_wconf 82' lang='lat' dir='ltr'>xvn,</span> <span class='ocrx_word' id='word_1_628' title='bbox 952 4897 1041 4951; x_wconf 83' lang='lat'>26.</span> <span class='ocrx_word' id='word_1_629' title='bbox 1121 4896 1162 4929; x_wconf 80' lang='grc'>¹⁴</span> <span class='ocrx_word' id='word_1_630' title='bbox 1191 4895 1445 4967; x_wconf 90' lang='lat' dir='ltr'>Philipp.</span> <span class='ocrx_word' id='word_1_631' title='bbox 1479 4914 1540 4967; x_wconf 77' lang='grc' dir='ltr'>ιι,</span> <span class='ocrx_word' id='word_1_632' title='bbox 1570 4898 1625 4953; x_wconf 90' lang='lat'>7.</span> 
     </span>
    </p>
   </div>
   <div class='ocr_carea' id='block_1_83' title="bbox 1706 4898 2132 4968">
    <p class='ocr_par' dir='ltr' id='par_1_83' title="bbox 1706 4898 2132 4968">
     <span class='ocr_line' id='line_1_83' title="bbox 1706 4898 2132 4968; baseline 0.005 -15"><span class='ocrx_word' id='word_1_633' title='bbox 1706 4898 1750 4934; x_wconf 80' lang='grc'>¹⁵</span> <span class='ocrx_word' id='word_1_634' title='bbox 1780 4899 1893 4954; x_wconf 92' lang='lat' dir='ltr'>Isa.</span> <span class='ocrx_word' id='word_1_635' title='bbox 1926 4916 2045 4968; x_wconf 83' lang='lat' dir='ltr'>LIII,</span> <span class='ocrx_word' id='word_1_636' title='bbox 2076 4899 2132 4956; x_wconf 86' lang='lat'>5.</span> 
     </span>
    </p>
   </div>
   <div class='ocr_carea' id='block_1_84' title="bbox 2252 3512 3838 3592">
    <p class='ocr_par' dir='ltr' id='par_1_84' title="bbox 2252 3512 3838 3592">
     <span class='ocr_line' id='line_1_84' title="bbox 2252 3512 3838 3592; baseline 0.003 -26"><span class='ocrx_word' id='word_1_637' title='bbox 2252 3514 2348 3568; x_wconf 78' lang='lat' dir='ltr'>IA&#39;.</span> <span class='ocrx_word' id='word_1_638' title='bbox 2397 3514 2483 3576; x_wconf 82' lang='grc' dir='ltr'>Ὡς</span> <span class='ocrx_word' id='word_1_639' title='bbox 2536 3512 2798 3567; x_wconf 84' lang='grc' dir='ltr'>ἀπόλοιτο</span> <span class='ocrx_word' id='word_1_640' title='bbox 2847 3515 2881 3583; x_wconf 77' lang='grc' dir='ltr'>ἡ</span> <span class='ocrx_word' id='word_1_641' title='bbox 2933 3513 3112 3584; x_wconf 75' lang='grc' dir='ltr'>κακία,</span> <span class='ocrx_word' id='word_1_642' title='bbox 3161 3514 3252 3569; x_wconf 85' lang='lat' dir='ltr'>xui</span> <span class='ocrx_word' id='word_1_643' title='bbox 3301 3517 3335 3584; x_wconf 79' lang='grc' dir='ltr'>ἠ</span> <span class='ocrx_word' id='word_1_644' title='bbox 3385 3516 3578 3592; x_wconf 80' lang='grc' dir='ltr'>πρώτη</span> <span class='ocrx_word' id='word_1_645' title='bbox 3625 3516 3838 3588; x_wconf 85' lang='grc' dir='ltr'>ταύτης</span> 
     </span>
    </p>
   </div>
   <div class='ocr_carea' id='block_1_85' title="bbox 2176 3596 3837 3681">
    <p class='ocr_par' dir='ltr' id='par_1_85' title="bbox 2176 3596 3837 3681">
     <span class='ocr_line' id='line_1_85' title="bbox 2176 3596 3837 3681; baseline 0.004 -27"><span class='ocrx_word' id='word_1_646' title='bbox 2176 3596 2480 3674; x_wconf 75' lang='grc' dir='ltr'>καταϐολὴ,</span> <span class='ocrx_word' id='word_1_647' title='bbox 2528 3602 2617 3655; x_wconf 81' lang='grc' dir='ltr'>καὶ</span> <span class='ocrx_word' id='word_1_648' title='bbox 2666 3603 2693 3655; x_wconf 92' lang='grc' dir='ltr'>ὁ</span> <span class='ocrx_word' id='word_1_649' title='bbox 2735 3600 3084 3657; x_wconf 67' lang='grc' dir='ltr'>καθεύδουσιν</span> <span class='ocrx_word' id='word_1_650' title='bbox 3131 3605 3267 3677; x_wconf 81' lang='grc' dir='ltr'>ἡμῖν</span> <span class='ocrx_word' id='word_1_651' title='bbox 3304 3602 3619 3681; x_wconf 80' lang='grc' dir='ltr'>ἐπισπείρας</span> <span class='ocrx_word' id='word_1_652' title='bbox 3651 3605 3719 3659; x_wconf 76' lang='grc' dir='ltr'>τὰ</span> <span class='ocrx_word' id='word_1_653' title='bbox 3752 3610 3837 3674; x_wconf 80' lang='grc' dir='ltr'>ζι-</span> 
     </span>
    </p>
   </div>
   <div class='ocr_carea' id='block_1_86' title="bbox 2180 3689 3832 3767">
    <p class='ocr_par' dir='ltr' id='par_1_86' title="bbox 2180 3689 3832 3767">
     <span class='ocr_line' id='line_1_86' title="bbox 2180 3689 3832 3767; baseline 0.004 -24"><span class='ocrx_word' id='word_1_654' title='bbox 2180 3691 2327 3759; x_wconf 84' lang='grc' dir='ltr'>ζάνια</span> <span class='ocrx_word' id='word_1_655' title='bbox 2379 3689 2762 3765; x_wconf 65' lang='grc' dir='ltr'>Πονηρὸς,’“ίν’</span> <span class='ocrx_word' id='word_1_656' title='bbox 2809 3691 2955 3767; x_wconf 83' lang='grc' dir='ltr'>ἀρχὴ</span> <span class='ocrx_word' id='word_1_657' title='bbox 3005 3696 3101 3746; x_wconf 89' lang='grc' dir='ltr'>τοῦ</span> <span class='ocrx_word' id='word_1_658' title='bbox 3151 3697 3321 3747; x_wconf 88' lang='grc' dir='ltr'>κακοῦ</span> <span class='ocrx_word' id='word_1_659' title='bbox 3351 3693 3568 3767; x_wconf 69' lang='grc' dir='ltr'>γένηται</span> <span class='ocrx_word' id='word_1_660' title='bbox 3597 3694 3661 3748; x_wconf 81' lang='grc' dir='ltr'>τὸ</span> <span class='ocrx_word' id='word_1_661' title='bbox 3690 3694 3832 3767; x_wconf 87' lang='grc' dir='ltr'>ἀμε-</span> 
     </span>
    </p>
   </div>
   <div class='ocr_carea' id='block_1_87' title="bbox 2177 3778 3832 3859">
    <p class='ocr_par' dir='ltr' id='par_1_87' title="bbox 2177 3778 3832 3859">
     <span class='ocr_line' id='line_1_87' title="bbox 2177 3778 3832 3859; baseline 0.002 -25"><span class='ocrx_word' id='word_1_662' title='bbox 2177 3778 2340 3848; x_wconf 83' lang='grc' dir='ltr'>λῆσαι</span> <span class='ocrx_word' id='word_1_663' title='bbox 2389 3785 2484 3834; x_wconf 89' lang='grc' dir='ltr'>τοῦ</span> <span class='ocrx_word' id='word_1_664' title='bbox 2531 3781 2755 3854; x_wconf 78' lang='grc' dir='ltr'>ἀγαθοῦ,</span> <span class='ocrx_word' id='word_1_665' title='bbox 2808 3780 2987 3854; x_wconf 83' lang='grc' dir='ltr'>ὥσπερ</span> <span class='ocrx_word' id='word_1_666' title='bbox 3038 3781 3124 3835; x_wconf 87' lang='lat' dir='ltr'>xui</span> <span class='ocrx_word' id='word_1_667' title='bbox 3172 3782 3395 3843; x_wconf 85' lang='grc' dir='ltr'>σκότους</span> <span class='ocrx_word' id='word_1_668' title='bbox 3439 3785 3473 3852; x_wconf 77' lang='grc' dir='ltr'>ἡ</span> <span class='ocrx_word' id='word_1_669' title='bbox 3513 3788 3611 3837; x_wconf 85' lang='grc' dir='ltr'>τοῦ</span> <span class='ocrx_word' id='word_1_670' title='bbox 3647 3785 3832 3859; x_wconf 76' lang='grc' dir='ltr'>φωτὸς</span> 
     </span>
    </p>
   </div>
   <div class='ocr_carea' id='block_1_88' title="bbox 2178 3869 3829 3946">
    <p class='ocr_par' dir='ltr' id='par_1_88' title="bbox 2178 3869 3829 3946">
     <span class='ocr_line' id='line_1_88' title="bbox 2178 3869 3829 3946; baseline 0.002 -24"><span class='ocrx_word' id='word_1_671' title='bbox 2178 3869 2554 3943; x_wconf 82' lang='grc' dir='ltr'>ὑποχώρησις,</span> <span class='ocrx_word' id='word_1_672' title='bbox 2604 3873 2777 3923; x_wconf 87' lang='grc' dir='ltr'>Ταῦτα</span> <span class='ocrx_word' id='word_1_673' title='bbox 2823 3869 2886 3924; x_wconf 88' lang='grc' dir='ltr'>τὸ</span> <span class='ocrx_word' id='word_1_674' title='bbox 2930 3869 3111 3941; x_wconf 81' lang='grc' dir='ltr'>ξύλον,</span> <span class='ocrx_word' id='word_1_675' title='bbox 3180 3870 3269 3925; x_wconf 83' lang='grc' dir='ltr'>καὶ</span> <span class='ocrx_word' id='word_1_676' title='bbox 3317 3873 3353 3939; x_wconf 79' lang='grc' dir='ltr'>ἡ</span> <span class='ocrx_word' id='word_1_677' title='bbox 3403 3871 3570 3946; x_wconf 86' lang='grc' dir='ltr'>πικρά</span> <span class='ocrx_word' id='word_1_678' title='bbox 3614 3876 3829 3945; x_wconf 83' lang='grc' dir='ltr'>γεῦσις,</span> 
     </span>
    </p>
   </div>
   <div class='ocr_carea' id='block_1_89' title="bbox 2174 3954 3831 4034">
    <p class='ocr_par' dir='ltr' id='par_1_89' title="bbox 2174 3954 3831 4034">
     <span class='ocr_line' id='line_1_89' title="bbox 2174 3954 3831 4034; baseline 0.003 -24"><span class='ocrx_word' id='word_1_679' title='bbox 2174 3958 2261 4010; x_wconf 83' lang='lat' dir='ltr'>xui</span> <span class='ocrx_word' id='word_1_680' title='bbox 2307 3959 2334 4010; x_wconf 86' lang='lat'>6</span> <span class='ocrx_word' id='word_1_681' title='bbox 2384 3956 2646 4031; x_wconf 82' lang='grc' dir='ltr'>βάσκανος</span> <span class='ocrx_word' id='word_1_682' title='bbox 2702 3954 2845 4034; x_wconf 75' lang='grc' dir='ltr'>ὄφις,</span> <span class='ocrx_word' id='word_1_683' title='bbox 2895 3959 2983 4011; x_wconf 86' lang='grc' dir='ltr'>καὶ</span> <span class='ocrx_word' id='word_1_684' title='bbox 3042 3960 3075 4027; x_wconf 82' lang='grc' dir='ltr'>ἡ</span> <span class='ocrx_word' id='word_1_685' title='bbox 3120 3960 3368 4033; x_wconf 86' lang='grc' dir='ltr'>παρακοὴ</span> <span class='ocrx_word' id='word_1_686' title='bbox 3403 3959 3455 4014; x_wconf 76' lang='grc' dir='ltr'>ἐν</span> <span class='ocrx_word' id='word_1_687' title='bbox 3490 3956 3675 4030; x_wconf 81' lang='grc' dir='ltr'>ἱδρῶτι</span> <span class='ocrx_word' id='word_1_688' title='bbox 3726 3965 3831 4015; x_wconf 81' lang='grc' dir='ltr'>τοῦ</span> 
     </span>
    </p>
   </div>
   <div class='ocr_carea' id='block_1_90' title="bbox 2174 4046 3830 4125">
    <p class='ocr_par' dir='ltr' id='par_1_90' title="bbox 2174 4046 3830 4125">
     <span class='ocr_line' id='line_1_90' title="bbox 2174 4046 3830 4125; baseline 0.002 -26"><span class='ocrx_word' id='word_1_689' title='bbox 2174 4048 2472 4120; x_wconf 88' lang='grc' dir='ltr'>προσώπου</span> <span class='ocrx_word' id='word_1_690' title='bbox 2540 4050 2632 4119; x_wconf 83' lang='grc' dir='ltr'>ζῇν</span> <span class='ocrx_word' id='word_1_691' title='bbox 2697 4046 3075 4122; x_wconf 79' lang='grc' dir='ltr'>κατακρίνασα.</span> <span class='ocrx_word' id='word_1_692' title='bbox 3143 4049 3409 4102; x_wconf 87' lang='grc' dir='ltr'>Ἐντεῦθεν</span> <span class='ocrx_word' id='word_1_693' title='bbox 3458 4049 3664 4124; x_wconf 84' lang='grc' dir='ltr'>γυμνὸς</span> <span class='ocrx_word' id='word_1_694' title='bbox 3720 4048 3830 4125; x_wconf 80' lang='grc' dir='ltr'>ἐγὼ</span> 
     </span>
    </p>
   </div>
   <div class='ocr_carea' id='block_1_91' title="bbox 2172 4133 3832 4214">
    <p class='ocr_par' dir='ltr' id='par_1_91' title="bbox 2172 4133 3832 4214">
     <span class='ocr_line' id='line_1_91' title="bbox 2172 4133 3832 4214; baseline 0.002 -26"><span class='ocrx_word' id='word_1_695' title='bbox 2172 4136 2259 4189; x_wconf 79' lang='grc' dir='ltr'>καὶ</span> <span class='ocrx_word' id='word_1_696' title='bbox 2290 4135 2582 4210; x_wconf 74' lang='grc' dir='ltr'>ἀσχήμων,</span> <span class='ocrx_word' id='word_1_697' title='bbox 2632 4136 2721 4188; x_wconf 88' lang='lat' dir='ltr'>xui</span> <span class='ocrx_word' id='word_1_698' title='bbox 2771 4137 2869 4204; x_wconf 74' lang='grc' dir='ltr'>τήν</span> <span class='ocrx_word' id='word_1_699' title='bbox 2918 4135 3191 4211; x_wconf 72' lang='grc' dir='ltr'>γύμνωσιν</span> <span class='ocrx_word' id='word_1_700' title='bbox 3242 4133 3435 4214; x_wconf 77' lang='grc' dir='ltr'>ἔγνων,</span> <span class='ocrx_word' id='word_1_701' title='bbox 3464 4136 3553 4191; x_wconf 86' lang='grc' dir='ltr'>καὶ</span> <span class='ocrx_word' id='word_1_702' title='bbox 3583 4138 3675 4191; x_wconf 83' lang='grc' dir='ltr'>τὸν</span> <span class='ocrx_word' id='word_1_703' title='bbox 3708 4135 3832 4212; x_wconf 86' lang='grc' dir='ltr'>δερ-</span> 
     </span>
    </p>
   </div>
   <div class='ocr_carea' id='block_1_92' title="bbox 2177 4223 3827 4302">
    <p class='ocr_par' dir='ltr' id='par_1_92' title="bbox 2177 4223 3827 4302">
     <span class='ocr_line' id='line_1_92' title="bbox 2177 4223 3827 4302; baseline 0.002 -26"><span class='ocrx_word' id='word_1_704' title='bbox 2177 4224 2395 4297; x_wconf 84' lang='grc' dir='ltr'>μάτινον</span> <span class='ocrx_word' id='word_1_705' title='bbox 2457 4228 2665 4299; x_wconf 76' lang='grc' dir='ltr'>χιτῶνα</span> <span class='ocrx_word' id='word_1_706' title='bbox 2721 4224 3107 4302; x_wconf 76' lang='grc' dir='ltr'>ἠμφιασάμην,</span> <span class='ocrx_word' id='word_1_707' title='bbox 3167 4226 3258 4279; x_wconf 84' lang='grc' dir='ltr'>καὶ</span> <span class='ocrx_word' id='word_1_708' title='bbox 3317 4231 3415 4281; x_wconf 91' lang='grc' dir='ltr'>τοῦ</span> <span class='ocrx_word' id='word_1_709' title='bbox 3489 4223 3827 4297; x_wconf 83' lang='grc' dir='ltr'>παραδείσου</span> 
     </span>
    </p>
   </div>
   <div class='ocr_carea' id='block_1_93' title="bbox 2174 4309 3833 4394">
    <p class='ocr_par' dir='ltr' id='par_1_93' title="bbox 2174 4309 3833 4394">
     <span class='ocr_line' id='line_1_93' title="bbox 2174 4309 3833 4394; baseline 0.002 -28"><span class='ocrx_word' id='word_1_710' title='bbox 2174 4309 2415 4367; x_wconf 72' lang='grc' dir='ltr'>διέπεσον</span> <span class='ocrx_word' id='word_1_711' title='bbox 2468 4315 2600 4385; x_wconf 88' lang='grc'>(30),</span> <span class='ocrx_word' id='word_1_712' title='bbox 2650 4313 2737 4367; x_wconf 67' lang='grc' dir='ltr'>καὶ</span> <span class='ocrx_word' id='word_1_713' title='bbox 2780 4312 2855 4376; x_wconf 82' lang='grc' dir='ltr'>εἷς</span> <span class='ocrx_word' id='word_1_714' title='bbox 2885 4315 2983 4382; x_wconf 77' lang='grc' dir='ltr'>τήν</span> <span class='ocrx_word' id='word_1_715' title='bbox 3014 4321 3115 4389; x_wconf 82' lang='grc' dir='ltr'>γῆν</span> <span class='ocrx_word' id='word_1_716' title='bbox 3146 4314 3515 4394; x_wconf 65' lang='grc' dir='ltr'>ἀπεστράφην,</span> <span class='ocrx_word' id='word_1_717' title='bbox 3549 4314 3667 4369; x_wconf 78' lang='grc' dir='ltr'>ὅθεν</span> <span class='ocrx_word' id='word_1_718' title='bbox 3699 4316 3833 4386; x_wconf 78' lang='grc' dir='ltr'>ἐλή-</span> 
     </span>
    </p>
   </div>
   <div class='ocr_carea' id='block_1_94' title="bbox 2173 4398 3828 4481">
    <p class='ocr_par' dir='ltr' id='par_1_94' title="bbox 2173 4398 3828 4481">
     <span class='ocr_line' id='line_1_94' title="bbox 2173 4398 3828 4481; baseline 0.002 -26"><span class='ocrx_word' id='word_1_719' title='bbox 2173 4404 2332 4477; x_wconf 77' lang='grc' dir='ltr'>φθην,</span> <span class='ocrx_word' id='word_1_720' title='bbox 2363 4399 2417 4455; x_wconf 68' lang='grc' dir='ltr'>ἓν</span> <span class='ocrx_word' id='word_1_721' title='bbox 2462 4406 2626 4456; x_wconf 85' lang='grc' dir='ltr'>τοῦτο</span> <span class='ocrx_word' id='word_1_722' title='bbox 2673 4401 2789 4456; x_wconf 87' lang='grc' dir='ltr'>ἀντὶ</span> <span class='ocrx_word' id='word_1_723' title='bbox 2832 4409 3041 4481; x_wconf 80' lang='grc' dir='ltr'>τρυφῆς</span> <span class='ocrx_word' id='word_1_724' title='bbox 3092 4398 3256 4478; x_wconf 78' lang='grc' dir='ltr'>ἔχων,</span> <span class='ocrx_word' id='word_1_725' title='bbox 3286 4405 3354 4458; x_wconf 79' lang='grc' dir='ltr'>τὰ</span> <span class='ocrx_word' id='word_1_726' title='bbox 3386 4403 3623 4477; x_wconf 73' lang='grc' dir='ltr'>ἐμαυτοῦ</span> <span class='ocrx_word' id='word_1_727' title='bbox 3655 4405 3828 4480; x_wconf 83' lang='grc' dir='ltr'>γινώ-</span> 
     </span>
    </p>
   </div>
   <div class='ocr_carea' id='block_1_95' title="bbox 2171 4489 3826 4566">
    <p class='ocr_par' dir='ltr' id='par_1_95' title="bbox 2171 4489 3826 4566">
     <span class='ocr_line' id='line_1_95' title="bbox 2171 4489 3826 4566; baseline 0.001 -20"><span class='ocrx_word' id='word_1_728' title='bbox 2171 4511 2313 4546; x_wconf 85' lang='grc' dir='ltr'>σκειν</span> <span class='ocrx_word' id='word_1_729' title='bbox 2371 4492 2508 4545; x_wconf 81' lang='grc' dir='ltr'>κακά</span> <span class='ocrx_word' id='word_1_730' title='bbox 2537 4508 2548 4520; x_wconf 92' lang='grc'><strong>·</strong></span> <span class='ocrx_word' id='word_1_731' title='bbox 2608 4491 2698 4545; x_wconf 81' lang='grc' dir='ltr'>καὶ</span> <span class='ocrx_word' id='word_1_732' title='bbox 2758 4489 2939 4562; x_wconf 87' lang='grc' dir='ltr'>λύπην</span> <span class='ocrx_word' id='word_1_733' title='bbox 2991 4491 3312 4566; x_wconf 81' lang='grc' dir='ltr'>κατεκρίθην</span> <span class='ocrx_word' id='word_1_734' title='bbox 3379 4492 3653 4547; x_wconf 80' lang='grc' dir='ltr'>ἄπαυστον</span> <span class='ocrx_word' id='word_1_735' title='bbox 3712 4493 3826 4547; x_wconf 82' lang='grc' dir='ltr'>ἀντὶ</span> 
     </span>
    </p>
   </div>
   <div class='ocr_carea' id='block_1_96' title="bbox 2170 4576 3825 4658">
    <p class='ocr_par' dir='ltr' id='par_1_96' title="bbox 2170 4576 3825 4658">
     <span class='ocr_line' id='line_1_96' title="bbox 2170 4576 3825 4658; baseline 0.001 -24"><span class='ocrx_word' id='word_1_736' title='bbox 2170 4581 2269 4647; x_wconf 76' lang='grc' dir='ltr'>τῆς</span> <span class='ocrx_word' id='word_1_737' title='bbox 2304 4584 2500 4654; x_wconf 80' lang='grc' dir='ltr'>μικρᾶς</span> <span class='ocrx_word' id='word_1_738' title='bbox 2532 4581 2643 4653; x_wconf 85' lang='grc'>(31)</span> <span class='ocrx_word' id='word_1_739' title='bbox 2675 4576 2905 4649; x_wconf 83' lang='grc' dir='ltr'>ἡδονῆς,</span> <span class='ocrx_word' id='word_1_740' title='bbox 2936 4580 3025 4634; x_wconf 84' lang='grc' dir='ltr'>καὶ</span> <span class='ocrx_word' id='word_1_741' title='bbox 3058 4578 3302 4653; x_wconf 89' lang='grc' dir='ltr'>πόλεμον</span> <span class='ocrx_word' id='word_1_742' title='bbox 3333 4581 3468 4657; x_wconf 86' lang='grc' dir='ltr'>πρὸς</span> <span class='ocrx_word' id='word_1_743' title='bbox 3499 4581 3591 4635; x_wconf 86' lang='grc' dir='ltr'>τὸν</span> <span class='ocrx_word' id='word_1_744' title='bbox 3644 4596 3825 4658; x_wconf 64' lang='grc' dir='ltr'>φιλιω-</span> 
     </span>
    </p>
   </div>
   <div class='ocr_carea' id='block_1_97' title="bbox 2174 4665 3818 4743">
    <p class='ocr_par' dir='ltr' id='par_1_97' title="bbox 2174 4665 3818 4743">
     <span class='ocr_line' id='line_1_97' title="bbox 2174 4665 3818 4743; baseline 0.002 -21"><span class='ocrx_word' id='word_1_745' title='bbox 2174 4666 2324 4731; x_wconf 71' lang='grc' dir='ltr'>θὲντα</span> <span class='ocrx_word' id='word_1_746' title='bbox 2371 4672 2573 4738; x_wconf 83' lang='grc' dir='ltr'>κακῶς,</span> <span class='ocrx_word' id='word_1_747' title='bbox 2632 4668 2721 4722; x_wconf 86' lang='lat' dir='ltr'>xui</span> <span class='ocrx_word' id='word_1_748' title='bbox 2780 4665 2868 4722; x_wconf 81' lang='grc' dir='ltr'>διὰ</span> <span class='ocrx_word' id='word_1_749' title='bbox 2938 4675 3038 4738; x_wconf 81' lang='grc' dir='ltr'>τῆς</span> <span class='ocrx_word' id='word_1_750' title='bbox 3101 4669 3337 4743; x_wconf 89' lang='grc' dir='ltr'>γεύσεως</span> <span class='ocrx_word' id='word_1_751' title='bbox 3416 4670 3818 4726; x_wconf 79' lang='grc' dir='ltr'>ὑποσπάσαντα.</span> 
     </span>
    </p>
   </div>
   <div class='ocr_carea' id='block_1_98' title="bbox 2170 4754 3817 4834">
    <p class='ocr_par' dir='ltr' id='par_1_98' title="bbox 2170 4754 3817 4834">
     <span class='ocr_line' id='line_1_98' title="bbox 2170 4754 3817 4834; baseline 0 -23"><span class='ocrx_word' id='word_1_752' title='bbox 2170 4761 2346 4811; x_wconf 86' lang='grc' dir='ltr'>Ταῦτα</span> <span class='ocrx_word' id='word_1_753' title='bbox 2397 4763 2497 4826; x_wconf 84' lang='grc' dir='ltr'>τῆς</span> <span class='ocrx_word' id='word_1_754' title='bbox 2553 4754 2744 4819; x_wconf 82' lang='grc' dir='ltr'>κακίας</span> <span class='ocrx_word' id='word_1_755' title='bbox 2802 4756 2925 4831; x_wconf 75' lang='grc' dir='ltr'>ἐμοί</span> <span class='ocrx_word' id='word_1_756' title='bbox 2978 4759 3046 4812; x_wconf 77' lang='grc' dir='ltr'>τὰ</span> <span class='ocrx_word' id='word_1_757' title='bbox 3102 4756 3393 4834; x_wconf 74' lang='grc' dir='ltr'>ἐπίχειραο</span> <span class='ocrx_word' id='word_1_758' title='bbox 3467 4757 3703 4814; x_wconf 74' lang='grc' dir='ltr'>ἐντεῦθεν</span> <span class='ocrx_word' id='word_1_759' title='bbox 3759 4756 3817 4813; x_wconf 78' lang='grc' dir='ltr'>τὸ</span> 
     </span>
    </p>
   </div>
   <div class='ocr_carea' id='block_1_99' title="bbox 2212 4900 3823 4972">
    <p class='ocr_par' dir='ltr' id='par_1_99' title="bbox 2212 4900 3823 4972">
     <span class='ocr_line' id='line_1_99' title="bbox 2212 4900 3823 4972; baseline 0.001 -16"><span class='ocrx_word' id='word_1_760' title='bbox 2212 4902 2254 4936; x_wconf 84' lang='grc'>¹⁶</span> <span class='ocrx_word' id='word_1_761' title='bbox 2287 4902 2420 4956; x_wconf 90' lang='lat' dir='ltr'>Luc.</span> <span class='ocrx_word' id='word_1_762' title='bbox 2454 4917 2530 4971; x_wconf 80' lang='grc' dir='ltr'>γι,</span> <span class='ocrx_word' id='word_1_763' title='bbox 2563 4900 2652 4955; x_wconf 89' lang='grc'>38.</span> <span class='ocrx_word' id='word_1_764' title='bbox 2730 4901 2771 4935; x_wconf 72' lang='grc'>1⁷</span> <span class='ocrx_word' id='word_1_765' title='bbox 2802 4901 3007 4957; x_wconf 88' lang='lat' dir='ltr'>Matth.</span> <span class='ocrx_word' id='word_1_766' title='bbox 3037 4919 3159 4970; x_wconf 87' lang='lat' dir='ltr'>xm,</span> <span class='ocrx_word' id='word_1_767' title='bbox 3189 4904 3278 4957; x_wconf 81' lang='lat'>25.</span> <span class='ocrx_word' id='word_1_768' title='bbox 3358 4903 3401 4939; x_wconf 72' lang='grc'>1⁸</span> <span class='ocrx_word' id='word_1_769' title='bbox 3432 4906 3575 4959; x_wconf 90' lang='lat' dir='ltr'>Gen.</span> <span class='ocrx_word' id='word_1_770' title='bbox 3606 4919 3694 4972; x_wconf 77' lang='grc' dir='ltr'>ιιι,</span> <span class='ocrx_word' id='word_1_771' title='bbox 3732 4902 3823 4958; x_wconf 86' lang='grc'>19.</span> 
     </span>
    </p>
   </div>
   <div class='ocr_carea' id='block_1_100' title="bbox 481 5040 2070 5125">
    <p class='ocr_par' dir='ltr' id='par_1_100' title="bbox 481 5040 2055 5125">
     <span class='ocr_line' id='line_1_100' title="bbox 481 5040 2055 5125; baseline 0.004 -29"><span class='ocrx_word' id='word_1_772' title='bbox 481 5040 981 5125; x_wconf 46' lang='grc' dir='ltr'>(25)]ᾗατοιιδὲσειεἒ</span> <span class='ocrx_word' id='word_1_773' title='bbox 1017 5046 1216 5100; x_wconf 83' lang='lat' dir='ltr'>Plures</span> <span class='ocrx_word' id='word_1_774' title='bbox 1242 5047 1439 5125; x_wconf 31' lang='lat' dir='ltr'>“Begg.</span> <span class='ocrx_word' id='word_1_775' title='bbox 1475 5051 1532 5102; x_wconf 83' lang='lat' dir='ltr'>et</span> <span class='ocrx_word' id='word_1_776' title='bbox 1576 5046 1751 5103; x_wconf 86' lang='lat' dir='ltr'>Coisl.</span> <span class='ocrx_word' id='word_1_777' title='bbox 1788 5049 1840 5118; x_wconf 88' lang='grc'>1,</span> <span class='ocrx_word' id='word_1_778' title='bbox 1872 5068 2055 5103; x_wconf 88' lang='grc' dir='ltr'>καται-</span> 
     </span>
    </p>
   </div>
   <div class='ocr_carea' id='block_1_101' title="bbox 2182 5040 3823 5125">
    <p class='ocr_par' dir='ltr' id='par_1_101' title="bbox 2182 5048 3823 5125">
     <span class='ocr_line' id='line_1_101' title="bbox 2182 5048 3823 5125; baseline 0 -21"><span class='ocrx_word' id='word_1_779' title='bbox 2182 5052 2333 5125; x_wconf 64' lang='lat' dir='ltr'>Mdu;</span> <span class='ocrx_word' id='word_1_780' title='bbox 2364 5052 2520 5123; x_wconf 75' lang='grc' dir='ltr'>ἡμῖν,</span> <span class='ocrx_word' id='word_1_781' title='bbox 2552 5048 2641 5125; x_wconf 78' lang='grc' dir='ltr'>καὶ</span> <span class='ocrx_word' id='word_1_782' title='bbox 2691 5048 2960 5125; x_wconf 80' lang='grc' dir='ltr'>ὁμότιμος</span> <span class='ocrx_word' id='word_1_783' title='bbox 3002 5051 3317 5125; x_wconf 85' lang='grc' dir='ltr'>γενόμενος,</span> <span class='ocrx_word' id='word_1_784' title='bbox 3343 5049 3432 5106; x_wconf 76' lang='grc' dir='ltr'>’ίνα</span> <span class='ocrx_word' id='word_1_785' title='bbox 3478 5056 3646 5106; x_wconf 85' lang='grc' dir='ltr'>ταῦτα</span> <span class='ocrx_word' id='word_1_786' title='bbox 3697 5048 3823 5106; x_wconf 80' lang='grc' dir='ltr'>δυσ-</span> 
     </span>
    </p>
   </div>
   <div class='ocr_carea' id='block_1_102' title="bbox 410 5111 1396 5189">
    <p class='ocr_par' dir='ltr' id='par_1_102' title="bbox 410 5111 1396 5189">
     <span class='ocr_line' id='line_1_102' title="bbox 410 5111 1396 5189; baseline 0.004 -22"><span class='ocrx_word' id='word_1_787' title='bbox 410 5111 559 5189; x_wconf 70' lang='grc' dir='ltr'>δέσῃ.</span> <span class='ocrx_word' id='word_1_788' title='bbox 577 5116 834 5189; x_wconf 77' lang='lat' dir='ltr'>Plurimi</span> <span class='ocrx_word' id='word_1_789' title='bbox 868 5116 1049 5185; x_wconf 84' lang='lat' dir='ltr'>Colb.,</span> <span class='ocrx_word' id='word_1_790' title='bbox 1077 5111 1396 5189; x_wconf 62' lang='grc' dir='ltr'>καταιδήσῇξ</span> 
     </span>
    </p>
   </div>
   <div class='ocr_carea' id='block_1_103' title="bbox 410 5184 2054 5308">
    <p class='ocr_par' dir='ltr' id='par_1_103' title="bbox 410 5184 2054 5308">
     <span class='ocr_line' id='line_1_103' title="bbox 410 5184 2054 5308; baseline 0.004 -69"><span class='ocrx_word' id='word_1_791' title='bbox 641 5184 965 5255; x_wconf 60' lang='grc' dir='ltr'>’Λνεδὲξατα</span> <span class='ocrx_word' id='word_1_792' title='bbox 1029 5184 1300 5254; x_wconf 67' lang='lat' dir='ltr'>Quatuor</span> <span class='ocrx_word' id='word_1_793' title='bbox 1341 5184 1516 5260; x_wconf 75' lang='lat' dir='ltr'>Regg.</span> <span class='ocrx_word' id='word_1_794' title='bbox 1579 5193 1635 5243; x_wconf 82' lang='lat' dir='ltr'>et</span> <span class='ocrx_word' id='word_1_795' title='bbox 1692 5188 1785 5244; x_wconf 90' lang='lat' dir='ltr'>Or.</span> <span class='ocrx_word' id='word_1_796' title='bbox 1847 5192 1912 5252; x_wconf 82' lang='grc'>1,</span> <span class='ocrx_word' id='word_1_797' title='bbox 1966 5191 2054 5245; x_wconf 89' lang='grc' dir='ltr'>ἀν-</span> 
     </span>
    </p>
   </div>
   <div class='ocr_carea' id='block_1_104' title="bbox 441 5266 1825 5309">
    <p class='ocr_par' dir='ltr' id='par_1_104' title="bbox 441 5266 1825 5309">
     <span class='ocr_line' id='line_1_104' title="bbox 441 5266 1825 5309; baseline 0.004 -2"><span class='ocrx_word' id='word_1_798' title='bbox 441 5266 591 5309; x_wconf 70' lang='grc' dir='ltr'>λαῦε.</span> <span class='ocrx_word' id='word_1_799' title='bbox 1822 5296 1825 5301; x_wconf 60' lang='grc' dir='ltr'><strong><em>ν</em></strong></span> 
     </span>
    </p>
   </div>
   <div class='ocr_carea' id='block_1_105' title="bbox 477 5326 2053 5405">
    <p class='ocr_par' dir='ltr' id='par_1_105' title="bbox 477 5326 2053 5405">
     <span class='ocr_line' id='line_1_105' title="bbox 477 5326 2053 5405; baseline 0.004 -24"><span class='ocrx_word' id='word_1_800' title='bbox 477 5330 592 5399; x_wconf 67' lang='grc'>(27)</span> <span class='ocrx_word' id='word_1_801' title='bbox 644 5326 1030 5405; x_wconf 36' lang='grc' dir='ltr'>Εἲσήνεγκενη..</span> <span class='ocrx_word' id='word_1_802' title='bbox 1077 5331 1138 5383; x_wconf 85' lang='grc' dir='ltr'>τὸ</span> <span class='ocrx_word' id='word_1_803' title='bbox 1191 5329 1482 5405; x_wconf 78' lang='grc' dir='ltr'>ὁμότιμον.</span> <span class='ocrx_word' id='word_1_804' title='bbox 1516 5330 1689 5405; x_wconf 59' lang='lat' dir='ltr'>Cois].</span> <span class='ocrx_word' id='word_1_805' title='bbox 1725 5332 1777 5401; x_wconf 91' lang='lat'>3,</span> <span class='ocrx_word' id='word_1_806' title='bbox 1808 5331 1886 5405; x_wconf 69' lang='grc' dir='ltr'>τὸ</span> <span class='ocrx_word' id='word_1_807' title='bbox 1919 5332 2053 5405; x_wconf 87' lang='grc' dir='ltr'>ὁμό-</span> 
     </span>
    </p>
   </div>
   <div class='ocr_carea' id='block_1_106' title="bbox 407 5396 2056 5477">
    <p class='ocr_par' dir='ltr' id='par_1_106' title="bbox 407 5396 2056 5477">
     <span class='ocr_line' id='line_1_106' title="bbox 407 5396 2056 5477; baseline 0.007 -26"><span class='ocrx_word' id='word_1_808' title='bbox 407 5396 625 5477; x_wconf 56' lang='grc' dir='ltr'>δουλον,</span> <span class='ocrx_word' id='word_1_809' title='bbox 659 5423 686 5449; x_wconf 88' lang='grc'>‹‹</span> <span class='ocrx_word' id='word_1_810' title='bbox 738 5396 1034 5477; x_wconf 70' lang='lat' dir='ltr'>servitutis</span> <span class='ocrx_word' id='word_1_811' title='bbox 1091 5396 1505 5477; x_wconf 58' lang='lat' dir='ltr'>aequalitatem.</span> <span class='ocrx_word' id='word_1_812' title='bbox 1538 5423 1566 5451; x_wconf 79' lang='lat' dir='ltr'><em>n</em></span> <span class='ocrx_word' id='word_1_813' title='bbox 1615 5396 2056 5477; x_wconf 24' lang='lat' dir='ltr'>Haec&#39;AGregorii</span> 
     </span>
    </p>
   </div>
   <div class='ocr_carea' id='block_1_107' title="bbox 403 5471 2052 5544">
    <p class='ocr_par' dir='ltr' id='par_1_107' title="bbox 403 5471 2052 5544">
     <span class='ocr_line' id='line_1_107' title="bbox 403 5471 2052 5544; baseline 0.008 -21"><span class='ocrx_word' id='word_1_814' title='bbox 403 5471 585 5544; x_wconf 84' lang='lat' dir='ltr'>verba</span> <span class='ocrx_word' id='word_1_815' title='bbox 610 5488 721 5525; x_wconf 89' lang='lat' dir='ltr'>non</span> <span class='ocrx_word' id='word_1_816' title='bbox 756 5473 903 5526; x_wconf 87' lang='lat' dir='ltr'>male</span> <span class='ocrx_word' id='word_1_817' title='bbox 952 5471 1367 5544; x_wconf 75' lang='lat' dir='ltr'>interpretatur</span> <span class='ocrx_word' id='word_1_818' title='bbox 1408 5474 1638 5528; x_wconf 88' lang='lat' dir='ltr'>Nicetas</span> <span class='ocrx_word' id='word_1_819' title='bbox 1671 5476 1739 5529; x_wconf 83' lang='lat' dir='ltr'>de</span> <span class='ocrx_word' id='word_1_820' title='bbox 1776 5471 2052 5535; x_wconf 48' lang='lat' dir='ltr'>bum—anis</span> 
     </span>
    </p>
   </div>
   <div class='ocr_carea' id='block_1_108' title="bbox 405 5542 2051 5615">
    <p class='ocr_par' dir='ltr' id='par_1_108' title="bbox 405 5542 2051 5615">
     <span class='ocr_line' id='line_1_108' title="bbox 405 5542 2051 5615; baseline 0.007 -19"><span class='ocrx_word' id='word_1_821' title='bbox 405 5542 727 5611; x_wconf 69' lang='lat' dir='ltr'>affectibus,</span> <span class='ocrx_word' id='word_1_822' title='bbox 754 5562 898 5614; x_wconf 88' lang='lat' dir='ltr'>quos</span> <span class='ocrx_word' id='word_1_823' title='bbox 934 5542 1123 5599; x_wconf 84' lang='lat' dir='ltr'>induit</span> <span class='ocrx_word' id='word_1_824' title='bbox 1144 5547 1430 5615; x_wconf 74' lang='lat' dir='ltr'>Christus,</span> <span class='ocrx_word' id='word_1_825' title='bbox 1456 5551 1716 5601; x_wconf 88' lang='lat' dir='ltr'>nostram</span> <span class='ocrx_word' id='word_1_826' title='bbox 1740 5564 2051 5606; x_wconf 89' lang='lat' dir='ltr'>assumens</span> 
     </span>
    </p>
   </div>
   <div class='ocr_carea' id='block_1_109' title="bbox 408 5616 2049 5692">
    <p class='ocr_par' dir='ltr' id='par_1_109' title="bbox 408 5616 2049 5692">
     <span class='ocr_line' id='line_1_109' title="bbox 408 5616 2049 5692; baseline 0.009 -27"><span class='ocrx_word' id='word_1_827' title='bbox 408 5618 700 5692; x_wconf 67' lang='lat' dir='ltr'>naturam,</span> <span class='ocrx_word' id='word_1_828' title='bbox 744 5616 1023 5692; x_wconf 71' lang='lat' dir='ltr'>nobisque</span> <span class='ocrx_word' id='word_1_829' title='bbox 1072 5633 1172 5687; x_wconf 91' lang='lat' dir='ltr'>per</span> <span class='ocrx_word' id='word_1_830' title='bbox 1219 5618 1435 5692; x_wconf 81' lang='lat' dir='ltr'>omnia,</span> <span class='ocrx_word' id='word_1_831' title='bbox 1470 5622 1677 5692; x_wconf 68' lang='lat' dir='ltr'>praeter</span> <span class='ocrx_word' id='word_1_832' title='bbox 1723 5628 2049 5692; x_wconf 88' lang='lat' dir='ltr'>peccatum,</span> 
     </span>
    </p>
   </div>
   <div class='ocr_carea' id='block_1_110' title="bbox 404 5682 2052 5767">
    <p class='ocr_par' dir='ltr' id='par_1_110' title="bbox 404 5682 2052 5767">
     <span class='ocr_line' id='line_1_110' title="bbox 404 5682 2052 5767; baseline 0.007 -30"><span class='ocrx_word' id='word_1_833' title='bbox 404 5682 599 5739; x_wconf 82' lang='lat' dir='ltr'>factus</span> <span class='ocrx_word' id='word_1_834' title='bbox 630 5685 841 5742; x_wconf 79' lang='lat' dir='ltr'>similis</span> <span class='ocrx_word' id='word_1_835' title='bbox 876 5704 888 5742; x_wconf 88' lang='lat'>:</span> <span class='ocrx_word' id='word_1_836' title='bbox 923 5682 1021 5739; x_wconf 75' lang='grc' dir='ltr'>Διὰ</span> <span class='ocrx_word' id='word_1_837' title='bbox 1046 5682 1207 5743; x_wconf 67' lang='grc' dir='ltr'>τοῦτο</span> <span class='ocrx_word' id='word_1_838' title='bbox 1246 5682 1796 5763; x_wconf 71' lang='grc' dir='ltr'>γέγονεν’ἅνθρωπὸς,</span> <span class='ocrx_word' id='word_1_839' title='bbox 1831 5682 2052 5767; x_wconf 57' lang='grc' dir='ltr'>συμπαέ</span> 
     </span>
    </p>
   </div>
   <div class='ocr_carea' id='block_1_111' title="bbox 2168 5121 3827 5197">
    <p class='ocr_par' dir='ltr' id='par_1_111' title="bbox 2168 5121 3827 5197">
     <span class='ocr_line' id='line_1_111' title="bbox 2168 5121 3827 5197; baseline 0.002 -20"><span class='ocrx_word' id='word_1_840' title='bbox 2168 5121 2479 5194; x_wconf 85' lang='grc' dir='ltr'>ωπούμενοι</span> <span class='ocrx_word' id='word_1_841' title='bbox 2538 5121 3144 5197; x_wconf 56' lang='grc' dir='ltr'>φιλανθρωπευώμεθαί</span> <span class='ocrx_word' id='word_1_842' title='bbox 3178 5148 3206 5174; x_wconf 85' lang='grc'>‹‹</span> <span class='ocrx_word' id='word_1_843' title='bbox 3263 5126 3573 5197; x_wconf 81' lang='lat' dir='ltr'>Propterea</span> <span class='ocrx_word' id='word_1_844' title='bbox 3633 5125 3827 5197; x_wconf 82' lang='lat' dir='ltr'>factus</span> 
     </span>
    </p>
   </div>
   <div class='ocr_carea' id='block_1_112' title="bbox 2167 5195 3831 5268">
    <p class='ocr_par' dir='ltr' id='par_1_112' title="bbox 2167 5195 3831 5268">
     <span class='ocr_line' id='line_1_112' title="bbox 2167 5195 3831 5268; baseline 0 -17"><span class='ocrx_word' id='word_1_845' title='bbox 2167 5201 2255 5251; x_wconf 91' lang='lat' dir='ltr'>est</span> <span class='ocrx_word' id='word_1_846' title='bbox 2286 5197 2481 5262; x_wconf 82' lang='lat' dir='ltr'>homo,</span> <span class='ocrx_word' id='word_1_847' title='bbox 2504 5195 2756 5268; x_wconf 78' lang='lat' dir='ltr'>affectus</span> <span class='ocrx_word' id='word_1_848' title='bbox 2788 5200 3021 5268; x_wconf 86' lang='lat' dir='ltr'>nostros</span> <span class='ocrx_word' id='word_1_849' title='bbox 3052 5196 3109 5250; x_wconf 89' lang='lat' dir='ltr'>in</span> <span class='ocrx_word' id='word_1_850' title='bbox 3145 5213 3207 5252; x_wconf 88' lang='lat' dir='ltr'>se</span> <span class='ocrx_word' id='word_1_851' title='bbox 3237 5196 3547 5268; x_wconf 85' lang='lat' dir='ltr'>recipiens,</span> <span class='ocrx_word' id='word_1_852' title='bbox 3582 5196 3831 5268; x_wconf 88' lang='lat' dir='ltr'>perinde</span> 
     </span>
    </p>
   </div>
   <div class='ocr_carea' id='block_1_113' title="bbox 2168 5266 3829 5340">
    <p class='ocr_par' dir='ltr' id='par_1_113' title="bbox 2168 5266 3829 5340">
     <span class='ocr_line' id='line_1_113' title="bbox 2168 5266 3829 5340; baseline 0 -18"><span class='ocrx_word' id='word_1_853' title='bbox 2168 5284 2233 5323; x_wconf 89' lang='lat' dir='ltr'>ac</span> <span class='ocrx_word' id='word_1_854' title='bbox 2266 5286 2371 5324; x_wconf 91' lang='lat' dir='ltr'>nos</span> <span class='ocrx_word' id='word_1_855' title='bbox 2404 5267 2575 5322; x_wconf 88' lang='lat' dir='ltr'>malis</span> <span class='ocrx_word' id='word_1_856' title='bbox 2620 5266 2925 5335; x_wconf 87' lang='lat' dir='ltr'>obnoxius,</span> <span class='ocrx_word' id='word_1_857' title='bbox 2961 5272 3024 5322; x_wconf 91' lang='lat' dir='ltr'>ut</span> <span class='ocrx_word' id='word_1_858' title='bbox 3055 5285 3161 5323; x_wconf 88' lang='lat' dir='ltr'>nos</span> <span class='ocrx_word' id='word_1_859' title='bbox 3191 5266 3413 5340; x_wconf 78' lang='lat' dir='ltr'>pudore</span> <span class='ocrx_word' id='word_1_860' title='bbox 3460 5266 3681 5340; x_wconf 82' lang='lat' dir='ltr'>perfusi</span> <span class='ocrx_word' id='word_1_861' title='bbox 3714 5267 3829 5322; x_wconf 88' lang='lat' dir='ltr'>hu-</span> 
     </span>
    </p>
   </div>
   <div class='ocr_carea' id='block_1_114' title="bbox 2165 5341 2833 5396">
    <p class='ocr_par' dir='ltr' id='par_1_114' title="bbox 2165 5341 2833 5396">
     <span class='ocr_line' id='line_1_114' title="bbox 2165 5341 2833 5396; baseline -0.013 0"><span class='ocrx_word' id='word_1_862' title='bbox 2165 5341 2459 5396; x_wconf 89' lang='lat' dir='ltr'>maniores</span> <span class='ocrx_word' id='word_1_863' title='bbox 2488 5353 2774 5394; x_wconf 87' lang='lat' dir='ltr'>essemus.</span> <span class='ocrx_word' id='word_1_864' title='bbox 2803 5359 2833 5388; x_wconf 84' lang='lat'><em>»</em></span> 
     </span>
    </p>
   </div>
   <div class='ocr_carea' id='block_1_115' title="bbox 2254 5405 3091 5480">
    <p class='ocr_par' dir='ltr' id='par_1_115' title="bbox 2254 5405 3091 5480">
     <span class='ocr_line' id='line_1_115' title="bbox 2254 5405 3091 5480; baseline 0.005 -18"><span class='ocrx_word' id='word_1_865' title='bbox 2254 5412 2345 5480; x_wconf 88' lang='lat'>28)</span> <span class='ocrx_word' id='word_1_866' title='bbox 2374 5414 2496 5471; x_wconf 87' lang='grc' dir='ltr'>Τοῖς</span> <span class='ocrx_word' id='word_1_867' title='bbox 2530 5405 2609 5463; x_wconf 76' lang='grc' dir='ltr'>δέ.</span> <span class='ocrx_word' id='word_1_868' title='bbox 2642 5408 2738 5464; x_wconf 90' lang='lat' dir='ltr'>Or.</span> <span class='ocrx_word' id='word_1_869' title='bbox 2774 5410 2826 5480; x_wconf 84' lang='grc'>1,</span> <span class='ocrx_word' id='word_1_870' title='bbox 2855 5406 2982 5472; x_wconf 78' lang='grc' dir='ltr'>τοὺς</span> <span class='ocrx_word' id='word_1_871' title='bbox 3014 5406 3091 5467; x_wconf 72' lang='grc' dir='ltr'>δέ.</span> 
     </span>
    </p>
   </div>
   <div class='ocr_carea' id='block_1_116' title="bbox 2254 5481 2970 5538">
    <p class='ocr_par' dir='ltr' id='par_1_116' title="bbox 2254 5481 2970 5538">
     <span class='ocr_line' id='line_1_116' title="bbox 2254 5481 2970 5538; baseline 0.001 -3"><span class='ocrx_word' id='word_1_872' title='bbox 2254 5481 2343 5538; x_wconf 79' lang='grc'>29)</span> <span class='ocrx_word' id='word_1_873' title='bbox 2374 5482 2483 5538; x_wconf 82' lang='grc' dir='ltr'>Μή.</span> <span class='ocrx_word' id='word_1_874' title='bbox 2517 5481 2688 5536; x_wconf 88' lang='lat' dir='ltr'>Deest</span> <span class='ocrx_word' id='word_1_875' title='bbox 2716 5482 2775 5535; x_wconf 91' lang='lat' dir='ltr'>in</span> <span class='ocrx_word' id='word_1_876' title='bbox 2808 5481 2970 5538; x_wconf 84' lang='lat' dir='ltr'>Pass.</span> 
     </span>
    </p>
   </div>
   <div class='ocr_carea' id='block_1_117' title="bbox 2234 5552 3208 5625">
    <p class='ocr_par' dir='ltr' id='par_1_117' title="bbox 2234 5552 3208 5625">
     <span class='ocr_line' id='line_1_117' title="bbox 2234 5552 3208 5625; baseline 0.003 -17"><span class='ocrx_word' id='word_1_877' title='bbox 2234 5552 2345 5625; x_wconf 87' lang='lat'>(30)</span> <span class='ocrx_word' id='word_1_878' title='bbox 2376 5552 2646 5607; x_wconf 72' lang='grc' dir='ltr'>Διὶπεσον.</span> <span class='ocrx_word' id='word_1_879' title='bbox 2683 5553 2909 5625; x_wconf 72' lang='lat' dir='ltr'>Q0mb.,</span> <span class='ocrx_word' id='word_1_880' title='bbox 2941 5552 3208 5623; x_wconf 70' lang='grc' dir='ltr'>ἐξέπεσον.</span> 
     </span>
    </p>
   </div>
   <div class='ocr_carea' id='block_1_118' title="bbox 2168 5624 3515 5703">
    <p class='ocr_par' dir='ltr' id='par_1_118' title="bbox 2168 5624 3515 5703">
     <span class='ocr_line' id='line_1_118' title="bbox 2168 5624 3515 5703; baseline 0.003 -23"><span class='ocrx_word' id='word_1_881' title='bbox 2168 5693 2171 5697; x_wconf 16' lang='grc'><strong><em>4</em></strong></span> <span class='ocrx_word' id='word_1_882' title='bbox 2233 5624 2343 5698; x_wconf 91' lang='grc'>(31)</span> <span class='ocrx_word' id='word_1_883' title='bbox 2374 5628 2603 5701; x_wconf 80' lang='grc' dir='ltr'>Μικρᾶς.</span> <span class='ocrx_word' id='word_1_884' title='bbox 2637 5624 2791 5682; x_wconf 90' lang='lat' dir='ltr'>Colb.</span> <span class='ocrx_word' id='word_1_885' title='bbox 2829 5627 2880 5695; x_wconf 86' lang='grc'>1,</span> <span class='ocrx_word' id='word_1_886' title='bbox 2913 5631 3135 5703; x_wconf 82' lang='grc' dir='ltr'>πικρᾶς,</span> <span class='ocrx_word' id='word_1_887' title='bbox 3172 5648 3201 5679; x_wconf 83' lang='grc' dir='ltr'><strong>κ</strong></span> <span class='ocrx_word' id='word_1_888' title='bbox 3232 5628 3459 5684; x_wconf 85' lang='lat' dir='ltr'>acerba.</span> <span class='ocrx_word' id='word_1_889' title='bbox 3487 5648 3515 5676; x_wconf 71' lang='grc' dir='ltr'>υ</span> 
     </span>
    </p>
   </div>
  </div>
