4094 6288
276 395 428 455 1061

758 389 1048 452 ORATIO
1093 389 1252 450 XIX.
1287 419 1366 436 —
1401 389 1506 450 AD
1549 386 1951 476 J‘ULIANUM
1999 384 2520 446 'l‘RIBUTORUM
2569 382 3207 454 EXEQUATOREM.

3536 385 3690 450 1062

275 524 548 602 γεννᾶσθαι
777 519 994 595 μόχθῳ,
1043 519 1133 575 καὶ
1181 523 1298 592 ζῇν,
1347 515 1435 572 καί
1487 516 1725 572 Λύεσθαι.
1771 514 1920 584 Αὕτη

2054 533 2235 571 meam
2283 515 2601 571 amicitiam
2650 515 2904 586 irrepsit,
2931 533 2997 572 ac
3027 532 3130 588 per
3175 517 3402 573 arboris
3449 521 3690 590 gustum

282 616 468 688 μήτηρ
500 609 714 686 χρείας,
747 611 781 678 ἡ
815 607 873 663 δὲ
896 607 1231 680 πλεονεξίας,
1263 610 1298 675 ἡ
1334 604 1390 661 δὲ
1428 604 1708 678 πολέμων,
1759 603 1924 659 πόλε-

284 724 377 776 μοι
410 699 467 756 δὲ
497 699 680 776 φόρων
707 701 823 769 (33)
852 697 1100 774 πατέρες,
1135 698 1187 751 οἱ
1219 695 1276 752 δὲ
1312 702 1413 764 τῆς
1461 694 1824 769 κατακρίσεως
1868 693 1930 746 τὸ

287 791 606 867 βαρύτατον.
662 785 818 842 Ἀλλ’
863 789 1028 859 ἡμεῖς
1075 807 1139 861 γε
1191 787 1265 858 μὴ
1314 785 1376 838 τὸ
1407 785 1707 858 πρόστιμον
1740 782 1934 836 ἐπιτεί-

285 900 487 953 νωμεν,
523 878 624 932 ὑπὸ
647 879 748 944 τὴν
789 874 954 942 αὐτὴν
987 874 1226 948 κείμενοι
1274 871 1590 942 καταδίκην,
1647 869 1785 944 μηδὲ
1835 870 1932 926 ἄλ-

289 968 409 1030 λοις
451 966 609 1022 κακοὶ
665 966 964 1040 γενώμεθα.
1035 961 1454 1038 Φιλανηριιγπίαν
1509 965 1656 1034 ἡμᾶς
1708 962 1806 1028 τὴν
1857 961 1932 1021 εἷς

287 1056 574 1128 ἀλλήλους
633 1056 848 1109 ἀπαιτεῖ
903 1054 1054 1122 Θεὸς,
1131 1052 1226 1107 κᾶν
1306 1053 1392 1106 ὑπ’
1461 1051 1624 1106 αὐτοῦ
1692 1050 1936 1118 κολαζώ-

293 1149 388 1221 μεθ
397 1168 445 1200 α.

2038 606 2097 660 in
2131 605 2396 660 fraudem
2431 621 2522 658 me
2553 604 2799 673 induxit,
2834 604 3052 659 bellum
3096 621 3296 676 gerere
3327 606 3405 662 sit
3437 624 3691 664 necesse.

2042 695 2158 748 Hoc
2197 693 2341 748 mihi
2393 693 2608 764 peccati
2664 693 2988 762 praemium.
3025 694 3170 748 Hinc
3221 696 3439 750 factum
3491 703 3599 763 est,
3633 701 3700 752 ut

2045 784 2100 837 in
2133 783 2329 837 labore
2359 787 2416 837 et
2461 799 2722 836 aerumna
2767 799 2994 851 nascar,
3031 789 3088 837 et
3116 784 3328 850 vivam,
3361 802 3426 840 ac
3459 788 3696 840 moriar.

2043 871 2188 926 Hinc
2221 872 2544 941 indigentia
2591 876 2727 925 nata
2757 876 2871 937 est;
2906 887 2974 925 ex
3013 872 3336 944 indigentia
3383 875 3695 945 cupiditas,

2023 977 2111 1016 -ex
2144 960 2465 1032 cupiditate
2495 959 2667 1025 bella,
2701 977 2768 1014 ex
2811 960 2973 1016 bellis
3004 977 3173 1032 porro
3207 962 3444 1030 tributa,
3481 964 3698 1034 quibus

2041 1050 2102 1105 in
2134 1050 2331 1104 divina
2361 1049 2845 1104 condemnatione
2877 1049 3020 1104 nihil
3053 1051 3285 1122 gravius
3317 1056 3404 1107 est
3433 1058 3486 1108 et
3531 1069 3697 1109 acer-

2047 1139 2199 1194 bius.
2231 1140 2304 1193 At
2349 1155 2456 1194 nos
2504 1138 2734 1207 saltem,
2769 1154 2840 1193 ne
2891 1138 3136 1194 multam
3186 1157 3528 1212 augeamus,
3563 1159 3696 1198 cum

287 1239 477 1294 eidem
507 1251 687 1308 pinnas
717 1233 952 1289 obnoxii
982 1233 1190 1302 simus,
1224 1247 1330 1286 nec
1363 1229 1514 1286 male
1545 1246 1679 1284 cum
1724 1229 1854 1286 aliis
1887 1245 2153 1300 agamus.
2189 1228 2452 1283 Mutuam
2486 1243 2623 1298 erga
2673 1244 2780 1282 nos
2829 1228 2988 1298 ipsos
3035 1229 3452 1300 benignitatem
3486 1233 3638 1288 Deus
3667 1249 3700 1288 a

288 1326 460 1383 nobis
488 1323 770 1395 exposcit,
801 1321 1031 1378 etiamsi
1064 1322 1135 1376 ab
1166 1320 1294 1392 ipso
1327 1319 1663 1391 puniamur.

359 1418 456 1468 IE'.
489 1412 677 1468 Ἔσται
708 1407 797 1463 καὶ
847 1405 994 1478 ἄλλη
1041 1429 1124 1469 τις
1177 1407 1440 1483 ἐγγραφὴ,
1472 1405 1560 1460 καὶ
1594 1403 1767 1466 ἄλλος
1797 1405 1932 1459 ἀπο-

283 1499 551 1578 γραφεύς·
601 1495 654 1553 εἷ’
693 1518 811 1552 τινα
861 1492 1052 1572 βίϐλον
1101 1497 1313 1565 ζώντων
1349 1497 1586 1562 ἀκούεις,
1617 1493 1706 1548 καὶ
1743 1488 1935 1568 βίϐλον

286 1589 350 1645 οὐ
413 1587 757 1661 σωζομένων.
819 1587 963 1641 Ἐκεῖ
1011 1585 1200 1646 πάντες
1261 1583 1735 1661 ἐγγραφησόμεθα,
1792 1581 1932 1654 μᾶλ-

290 1678 386 1734 λον
435 1675 492 1731 δὲ
538 1673 646 1745 ἤδη
697 1676 1050 1750 γεγράμμεθα
1096 1675 1212 1728 κατ’
1266 1673 1409 1746 ἀξίαν
1458 1677 1564 1727 τῶν
1597 1669 1818 1726 ἐνταῦθα
1851 1672 1935 1746 βε-

2116 1406 2234 1460 XV.
2285 1405 2406 1460 Erit
2455 1404 2570 1459 alia
2621 1421 2853 1476 quoque
2903 1406 3236 1476 descriptio,
3271 1412 3328 1462 et
3377 1409 3701 1480 descriptor

2045 1493 2197 1550 alius
2227 1513 2240 1548 :
2267 1495 2382 1550 nisi
2413 1496 2556 1549 forte
2578 1496 2648 1548 de
2672 1495 2925 1564 quodam
2949 1496 3264 1550 viventium
3297 1498 3700 1568 pereuntium-

2044 1599 2158 1653 que
2186 1583 2334 1638 libro
2369 1582 2514 1636 nihil
2539 1599 2800 1653 unquam
2835 1582 3072 1638 audisti.
3099 1584 3221 1639 Illic
3250 1601 3454 1640 omnes
3485 1586 3698 1641 inscri-

2046 1673 2272 1738 bemur,
2297 1671 2406 1742 vel,
2435 1675 2498 1725 ut
2529 1672 2746 1726 rectius
2779 1671 3135 1742 dicam,jam
3170 1673 3437 1745 inscripti
3467 1691 3699 1742 sumus,

291 1762 572 1838 διωμένων
633 1766 740 1834 (34)
788 1762 1033 1824 ἕκαστος.
1084 1762 1156 1816 Οὐ
1212 1761 1453 1824 πλοῦτος
1500 1760 1616 1836 ἔχει
1666 1762 1728 1815 τὸ
1767 1758 1932 1814 πλέον

2054 1778 2148 1833 pro
2198 1761 2403 1816 merito
2443 1777 2558 1831 quo
2606 1761 2858 1832 quisque
2907 1761 2997 1816 hic
3048 1762 3226 1816 vitam
3278 1764 3543 1818 confecit.
3578 1764 3702 1819 Illic

293 1856 422 1923 ἐκεῖ,
469 1853 529 1908 οὐ
577 1852 730 1907 πενία
774 1853 835 1906 τὸ
881 1849 1124 1922 ἔλαττον,
1176 1851 1236 1906 οὐ
1264 1853 1450 1926 χάρις,
1492 1851 1590 1905 οὐκ
1621 1848 1807 1925 ἔχθρα,
1843 1849 1942 1903 οὐκ

294 1941 434 1998 ἄλλο
480 1964 532 1997 τι
581 1946 686 1996 τῶν
735 1940 1001 2008 ἁπάντων,
1049 1941 1129 2002 οἷς
1182 1939 1406 2002 ἐνταῦθα
1455 1940 1515 1993 τὸ
1549 1937 1752 1994 δίκαιον
1811 1938 1938 1992 κλὲ-

293 2053 502 2087 πτεται.
534 2029 794 2102 Δακτύλῳ
834 2034 966 2084 Θεοῦ
1009 2031 1202 2090 πάντες
1242 2027 1612 2104 γεγράμμεθα,
1658 2027 1746 2081 καὶ
1799 2027 1942 2081 ἀνοι-

294 2124 520 2196 γήσεται
548 2123 682 2192 ἡμῖν
721 2113 918 2194 βίϐλος
951 2117 1002 2172 ἐν
1043 2118 1226 2192 ἡμέρᾳ
1274 2114 1690 2188 ἀποκαλύψεως.
1732 2116 1942 2190 Μικρὸς

298 2211 392 2282 μὲν
423 2208 512 2263 καὶ
545 2207 704 2283 μέγας
739 2207 848 2262 ἐκεῖ
891 2206 1023 2275 ἐστι,
1072 2205 1162 2260 καὶ
1211 2206 1455 2280 θεράπων
1501 2205 1641 2276 ὁμοῦ
1689 2202 1939 2277 δεσπότῃ,

288 2300 353 2353 τὸ
404 2296 769 2368 Σολομῶντος
819 2296 1118 2373 φθέγξομαι
1167 2297 1301 2366 (35),
1351 2291 1441 2348 καί
1495 2291 1747 2368 βασιλεὺς
1778 2292 1942 2367 ἀρχο-

295 2387 460 2460 μένῳ,
517 2386 609 2440 καὶ
669 2383 1014 2462 ἀπογραφεὺς
1073 2386 1184 2458 (36)
1243 2381 1708 2460 ἀπογραφομὲνῳ,
1761 2381 1849 2435 καὶ
1902 2383 1936 2434 ᾗ

292 2473 616 2550 λαμπρότης
667 2472 906 2547 ἐγγύθεν.
958 2471 1057 2527 Καὶ
1106 2472 1171 2526 τὸ
1220 2469 1504 2548 δύσφημον
1548 2472 1938 2542 σιωπήσομαιο

290 2564 436 2632 πλὴν
461 2565 552 2618 οἷα
580 2563 882 2639 γράφομεν,
936 2565 1162 2617 τοιαῦτα
1213 2561 1303 2616 καὶ
1352 2559 1760 2638 γραφησόμεθα.
1807 2557 1942 2612 Ταύ-

290 2674 389 2722 την
422 2652 654 2721 ποίησον
689 2655 894 2722 σεαυτῷ
921 2652 1020 2719 τὴν
1066 2650 1344 2728 ἐγγραφὴν
1377 2650 1772 2724 χρηστοτέραν,
1805 2650 1939 2720 ἡμῖν

294 2740 472 2815 φανεὶς
501 2740 740 2814 χρηστὸς
774 2740 860 2794 καὶ
892 2739 1301 2816 φιλάνθρωπος.

2051 1867 2166 1905 non
2199 1849 2426 1905 meliori
2474 1849 2811 1904 conditione
2860 1855 2998 1904 sunt
3029 1849 3262 1921 divitiae,
3298 1869 3402 1907 nec
3433 1853 3705 1908 deteriori

2052 1944 2387 2011 paupertas,
2439 1956 2553 1993 non
2611 1939 2815 2009 gratia,
2868 1957 2980 1993 non
3023 1939 3245 2007 odium,
3278 1958 3394 1996 non
3451 1942 3705 2013 denique

2051 2028 2166 2083 alia
2194 2028 2394 2082 omnia
2438 2027 2652 2098 quibus
2690 2027 3046 2096 judiciorum
3083 2029 3228 2083 fides
3259 2046 3325 2083 ao
3359 2029 3561 2100 religio
3611 2031 3706 2085 hic

2052 2117 2376 2186 subripitur
2406 2121 2462 2170 et
2492 2116 2892 2170 labefactatur.
2914 2115 3129 2171 Omnes
3155 2116 3245 2172 Dei
3280 2119 3465 2188 digito
3488 2119 3704 2174 descri-

2052 2204 2136 2276 pti
2168 2220 2398 2270 sumus,
2432 2205 2720 2274 nobisque
2750 2205 2811 2257 in
2856 2203 3229 2260 revelationis
3259 2205 3352 2260 die
3395 2205 3542 2261 liber
3570 2224 3705 2278 ape-

2053 2293 2253 2347 rietur.
2290 2291 2412 2346 Illic
2463 2309 2676 2362 parvus
2722 2296 2778 2347 et
2826 2308 3076 2362 magnus
3108 2300 3215 2359 est,
3250 2298 3308 2349 et
3335 2311 3540 2350 servus
3589 2313 3708 2351 una

2052 2397 2186 2436 cum
2232 2381 2373 2436 hero
2401 2381 2464 2444 ‘9,
2490 2385 2553 2435 ut
2596 2384 2684 2436 est
2727 2381 2880 2450 apud
2915 2380 3286 2437 Salomonem
3312 2382 3487 2453 [Job],
3519 2387 3580 2439 et
3609 2401 3707 2439 rex

2053 2487 2171 2525 una
2199 2485 2333 2525 cum
2367 2470 2623 2536 subdito,
2647 2473 2704 2524 et
2728 2470 3054 2541 descriptor
3079 2487 3195 2526 una
3214 2487 3346 2527 cum
3377 2473 3702 2543 proﬁtente,

2053 2563 2108 2615 et
2137 2558 2413 2631 splendor
2442 2559 2499 2612 in
2535 2559 2895 2630 propinquo;
2931 2575 3064 2614 nam
3098 2561 3250 2630 quod
3285 2559 3439 2616 dictu
3474 2563 3705 2616 omino-

2054 2665 2188 2705 sum
2237 2651 2346 2715 est,
2379 2646 2611 2703 silentio
2671 2647 2992 2718 praeteribo.
3027 2649 3312 2704 Caeterum
3364 2666 3480 2721 quo
3534 2651 3705 2706 modo

2053 2736 2199 2792 alios
2229 2737 2735 2807 descripserimus,
2768 2737 2972 2792 eodem
3003 2736 3114 2808 ipsi
3146 2755 3380 2810 quoque
3410 2739 3706 2795 describe-

299 2849 448 2887 mur.
487 2833 642 2886 llanc
668 2831 1112 2902 inscriptionem
1143 2831 1192 2885 si
1224 2828 1452 2884 facilem
1482 2831 1540 2884 et
1569 2828 1939 2884 commodam
1970 2825 2215 2897 experiri
2247 2825 2434 2897 cupis,
2469 2826 2556 2881 fac
2588 2830 2641 2881 te
2672 2827 3043 2882 commodum
3078 2827 3246 2883 nobis
3284 2831 3342 2883 et
3380 2828 3701 2884 humanum

299 2920 576 2989 praebeas.

373 3005 458 3072 1ζ’.
511 3003 572 3057 Τί
623 3004 760 3078 πρὸς
809 3006 975 3056 ταῦτα
1021 3001 1241 3076 λέγεις;
1290 3001 1350 3054 Τί
1396 3000 1639 3078 γράφεις,
1694 3002 1740 3054 ὦ
1771 2999 1941 3076 φίλων

2129 3001 2270 3057 XVI.
2305 3001 2450 3067 Quid
2483 3003 2550 3056 ad
2586 3002 2706 3056 haec
2736 3002 2922 3057 dicis?
2951 3003 3098 3068 Quid
3130 3003 3360 3073 scribis,
3379 3005 3705 3060 amicorum

299 3092 481 3168 ἄριστε
536 3090 626 3146 καί
682 3090 894 3160 ἡλίκων
954 3091 1044 3145 καὶ
1100 3089 1400 3144 παιδευτῶν
1435 3092 1568 3161 ἡμῖν
1601 3091 1828 3144 κοινωνῖε
1856 3090 1946 3144 καὶ

296 3178 701 3251 παιδευμάτων,
751 3179 796 3232 εί
847 3179 935 3232 καὶ
980 3182 1070 3231 νῦν
1121 3180 1268 3250 ἡμᾶς
1307 3178 1381 3238 εἷς
1409 3179 1508 3244 τήν
1540 3177 1766 3251 κρείττω
1821 3183 1942 3249 μοῖ-

297 3289 388 3340 ραν
453 3269 480 3322 ὁ
538 3268 666 3329 Θεὸς
720 3267 917 3339 ἔταξεν,
981 3267 1121 3337 ὑμᾶς
1170 3271 1335 3320 ταῦτα
1392 3264 1662 3320 παιδεύειν
1719 3265 1845 3327 τοὺς
1896 3265 1946 3318 ἐν

292 3355 505 3427 ἐξουσίᾳ
556 3355 721 3428 (ὀκνῶ
777 3356 878 3431 γὰρ
927 3355 1092 3409 εἰπεῖν
1145 3355 1505 3430 βαρυτέραν);
1557 3355 1622 3408 Ὠ
1685 3352 1946 3430 πατρίδος

294 3440 552 3506 εὐσεὸους
603 3445 716 3518 (37)
765 3442 854 3498 καί
897 3444 1109 3519 γὲνους,
1160 3445 1205 3497 ὠ
1237 3443 1440 3519 γονέων
1475 3444 1632 3520 ἱερῶν
1668 3444 1810 3518 ἱερὸν
1847 3465 1944 3520 φυ-

300 3535 413 3604 τὸν,
445 3534 489 3587 ὦ
539 3531 661 3609 ῥίζα
706 3532 906 3588 τέκνων
954 3531 1256 3607 ἱερωτέρων
1303 3535 1437 3605 (38),
1470 3537 1585 3594 πῶς
1616 3553 1751 3587 ποτε
1808 3533 1941 3586 ἀπο-

298 3620 432 3699 δέχῃ
476 3623 604 3684 τοὺς
648 3621 812 3694 ἐμοὺς
865 3621 1096 3698 Λόγους;
1129 3621 1268 3698 Ἀρά
1297 3643 1347 3676 τι
1379 3622 1658 3694 πείθομεν,
1692 3623 1726 3691 ἧ
1763 3619 1943 3699 δεήσει

294 3710 609 3783 κατεπᾴδειν
683 3712 1028 3787 μακρότερα;
1098 3716 1266 3766 Τοῦτο
1344 3713 1438 3784 μὲν
1518 3711 1617 3765 οὐκ
1695 3698 1943 3780 εἰκάζειν,

296 3800 422 3856 ἀλλ’
478 3799 534 3856 εὗ
584 3799 780 3855 εἰδέναι
828 3801 964 3875 χρὴ,
1015 3799 1098 3853 ὅτι
1145 3820 1202 3853 σε
1254 3800 1304 3853 οἱ
1356 3801 1481 3874 παρ’
1512 3799 1647 3870 ἐμοῦ
1680 3798 1833 3874 λόγοι
1886 3799 1948 3853 lx

297 3889 548 3949 πλείονος
601 3887 842 3963 ἔχουσιν.
897 3888 999 3944 Καὶ
1049 3889 1151 3962 γὰρ
1197 3886 1242 3940 εἰ
1298 3890 1370 3958 μή
1404 3909 1509 3940 τινι
1541 3885 1699 3959 ἄλλῳ
1732 3888 1946 3962 θαρῥεῖν

297 3979 519 4052 εἴχομεν
551 3981 684 4050 (39),
738 3975 884 4030 ἀλλὰ
931 3981 1048 4037 τοῖς
1099 3978 1209 4046 (40)
1240 3971 1425 4050 λὸγοις
1455 3975 1661 4046 αὐτοῖς,
1695 3973 1746 4028 οἳ
1778 3996 1834 4028 σε
1865 3975 1945 4029 ἀεὶ

299 4068 432 4142 πρὸς
486 4067 554 4120 τὰ
610 4063 752 4119 καλᾶ
794 4062 992 4140 ῥᾳδίως
1027 4061 1266 4138 ἄγουσιν,
1298 4064 1331 4131 ἣ
1361 4063 1690 4138 ἀρχόμενον,
1748 4063 1783 4132 ἥ
1819 4063 1944 4117 ἑπό-

301 4176 454 4226 μενον
484 4175 496 4187 ν
524 4159 684 4208 τοῦτο
732 4155 836 4229 γάρ
885 4153 1047 4222 ἐστιν,
1077 4155 1123 4225 ᾧ
1153 4157 1260 4207 τῶν
1293 4151 1519 4208 πολλῶν
1555 4153 1605 4206 οἱ
1637 4152 1793 4229 σοφοὶ
1831 4150 1947 4206 δια-

300 4245 568 4320 φέρουσιν.
633 4244 769 4317 Ἐγὼ
813 4239 871 4296 δὲ
933 4242 1123 4316 μικρὸν
1180 4239 1259 4295 ἔτι
1317 4243 1612 4315 προσθήσω
1650 4246 1766 4302 τοῖς
1799 4241 1948 4316 εἰρη-

302 4333 482 4403 μὲνοις
505 4351 517 4363 °
549 4330 612 4384 σὺ
647 4331 740 4404 μὶν
775 4328 979 4391 ἔδωκας
1015 4331 1204 4402 μισθὸν
1248 4334 1365 4392 τοῖς
1389 4329 1568 4402 ἐμοῖς,
1624 4328 1828 4406 λόγοις,
1863 4329 1942 4384 ὅν-

297 4441 412 4475 τινα
462 4417 699 4481 δέδωκας
727 4440 738 4452 ·
795 4420 846 4472 οἱ
896 4416 953 4473 δέ
1002 4440 1084 4472 σοι
1120 4415 1326 4472 διδόασι
1357 4419 1447 4472 καὶ
1477 4420 1810 4493 προσάγουσι
1845 4420 1938 4473 πὲ-

293 4529 480 4579 νητας,
528 4509 698 4562 πάντα
747 4507 916 4583 χορὸν
953 4508 1163 4581 ἱερέων,
1195 4507 1366 4582 χορὸν
1398 4505 1734 4585 φιλοσόφων,
1768 4505 1942 4562 οὐδενὶ

298 4594 483 4669 δεσμῷ
539 4597 686 4652 κάτω
741 4595 1148 4671 κατεχομένων,
1203 4595 1340 4667 μόνα
1370 4597 1714 4668 κεκτημένων
1747 4597 1812 4652 τὰ
1842 4599 1946 4650 σώ-

303 4707 464 4757 ματα,
498 4686 587 4741 καὶ
619 4683 732 4741 οὐδ’
762 4685 896 4740 αὐτά
932 4684 1209 4746 παντελῶς
1240 4703 1252 4716 ·
1311 4682 1463 4738 οὐδὲν
1519 4684 1756 4761 ἑχόντων
1818 4686 1945 4742 Καί-

300 4794 446 4851 σαρι,
475 4774 648 4830 πάντα
678 4779 812 4847 Θεῷ,
863 4773 1090 4849 ὕμνους,
1134 4772 1318 4848 εὐχὰς,
1350 4772 1667 4849 ἀγρυπνίας,
1719 4771 1942 4851 δάκρυα,

373 4919 418 4955 ¹⁰
443 4919 575 4975 Job.
608 4935 694 4986 ιιι,
729 4919 815 4976 19.

375 5062 481 5130 (32)
541 5062 810 5136 Ἐντεῦθεν
875 5061 936 5115 τὸ
1003 5065 1308 5136 γεννᾶσθαι,
1377 5066 1484 5136 διο,
1555 5063 1650 5118 Sic
1692 5066 1952 5136 gexponit

305 5133 533 5208 Nicetes
592 5150 604 5186 :
665 5132 1308 5208 Ἀνθρωπος-’γεννᾶται
1346 5132 1563 5208 μόχθῳ,
1618 5134 1706 5187 καὶ
1768 5132 1831 5208 ζῇ
1901 5136 1952 5190 ἐν

305 5200 487 5275 λύπῃ·
521 5227 549 5255 ‹‹
581 5209 765 5262 Homo
802 5200 874 5260 'in
924 5200 1120 5261 labore
1152 5200 1526 5274 nascithrfiri
1552 5200 1821 5263 aerumna
1869 5210 1952 5264 vi-

303 5277 404 5330 vit.
434 5297 460 5324 )›

377 5344 730 5423 (33))1ιᾴρων.
766 5349 936 5405 Coisl.
993 5350 1044 5414 1,
1093 5354 1150 5402 et
1196 5347 1291 5402 Or.
1346 5348 1396 5415 1,
1449 5346 1646 5423 φόνων,
1679 5352 1948 5420 «caedes,

303 5418 637 5474 homicidia.
668 5443 694 5468 ››

367 5491 480 5560 (34)
529 5494 643 5542 Τῶν
704 5489 928 5553 ἐνταῦθα
987 5483 1362 5564 βεϐιωμένων.
1421 5490 1516 5564 Sic
1573 5493 1742 5548 Cois].
1805 5495 1951 5564 17761:

297 5561 444 5634 46s.,
467 5564 624 5634 quod
654 5566 831 5619 etiam
861 5561 1206 5620 Combeﬁsio
1238 5561 1445 5632 placet.
1471 5563 1532 5617 In
1562 5565 1677 5633 ed.,
1702 5568 1807 5618 τῶν
1839 5563 1946 5634 ἤδη

305 5626 716 5707 acassam.

371 5705 485 5779 (35)
521 5701 919 5780 ’Σολομῶντος
998 5701 1315 5782 φθέγξομαι.
1393 5703 1578 5778 Ραεε.,
1645 5711 1945 5788 προσφθέγ-

2056 3096 2112 3146 et
2152 3091 2460 3161 aequalium
2513 3092 2751 3161 optime,
2786 3096 2960 3159 atque
3005 3091 3211 3146 iisdem
3264 3093 3568 3147 nobiscum
3603 3109 3707 3149 use

2057 3179 2356 3250 magistris
2377 3184 2436 3233 et
2456 3179 2827 3250 disciplinis?
2856 3179 3114 3234 Tametsi
3141 3197 3294 3234 nunc
3319 3182 3707 3252 praestantiori

2056 3269 2239 3340 gradu
2273 3272 2450 3338 atque
2480 3268 2684 3323 ordine
2711 3271 2934 3336 (vereor
2971 3269 3127 3322 enim
3173 3269 3383 3340 dicere,
3411 3270 3707 3342 graviori),

2056 3373 2160 3411 nos
2194 3357 2345 3411 Deus
2378 3355 2698 3426 collocarit,
2723 3361 2788 3410 ut
2817 3373 2939 3423 vos,
2965 3357 3064 3428 qui
3111 3358 3522 3429 magistratum
3557 3358 3709 3431 geri-

2053 3445 2149 3514 tis,
2185 3445 2300 3500 ista
2330 3445 2665 3499 doceamus.
2701 3449 2740 3496 Ο
2787 3454 2869 3513 tu,
2899 3446 2997 3517 qui
3040 3445 3136 3517 pia
3179 3447 3368 3518 patria
3399 3451 3456 3502 et
3490 3447 3712 3503 familia

2056 3540 2220 3589 ortus
2252 3550 2334 3599 es,
2368 3551 2400 3589 ο
2431 3537 2638 3590 sancta
2678 3539 3015 3589 sanctorum
3064 3539 3372 3606 parentum
3425 3535 3644 3607 planta,
3677 3552 3709 3592 o

2055 3624 2415 3679 sanctiorum
2446 3622 2764 3678 liberorum
2809 3623 3008 3678 radix!
3043 3625 3164 3687 Quo
3203 3630 3368 3694 pacto
3401 3641 3557 3679 nunc
3589 3641 3708 3680 ser-

2055 3729 2259 3768 mones
2292 3729 2454 3767 meos
2477 3713 2632 3766 374
2653 3712 2870 3784 excipis
2887 3712 2914 3765 ‘f
2946 3713 3219 3783 Nunquid
3244 3717 3300 3768 te
3323 3713 3599 3768 ﬂectunt?
3625 3716 3708 3768 An

2055 3801 2306 3872 longiori
2337 3801 2601 3855 oratione
2633 3801 2777 3854 mihi
2810 3801 3184 3857 deliniendus
3215 3818 3281 3856 ac
3311 3801 3471 3856 velut
3509 3803 3709 3856 incan-

2054 3891 2270 3944 tandus
2301 3889 2460 3944 eris?
2504 3889 2784 3958 Equidem
2817 3893 2873 3943 te
2898 3891 3123 3957 jamdiu
3157 3891 3534 3946 sermonibus
3566 3889 3714 3944 meis

2057 3983 2390 4049 correptum
2449 3977 2654 4042 teneri,
2691 3993 2804 4030 non
2863 3979 3202 4048 conjectura
3249 3979 3505 4049 quadam
3555 3994 3711 4033 asse-

2057 4083 2224 4138 quor,
2250 4067 2350 4121 sed
2382 4070 2601 4120 certum
2633 4070 2690 4119 et
2719 4065 3084 4137 exploratum
3116 4065 3338 4133 habeo;
3374 4067 3558 4122 fretus
3590 4068 3714 4139 qui-

2057 4157 2212 4224 dem,
2245 4156 2296 4211 si
2328 4154 2490 4210 nulla
2521 4154 2636 4209 alia
2678 4172 2758 4223 re,
2793 4154 3002 4211 litteris
3034 4161 3188 4211 certe
3227 4157 3372 4228 ipsis
3402 4162 3460 4213 et
3490 4158 3711 4213 doctri-

2059 4263 2153 4310 na,
2177 4262 2300 4316 quae
2327 4248 2382 4298 te
2415 4243 2579 4298 facile
2611 4259 2840 4315 semper
2872 4245 2942 4299 ad
2987 4245 3211 4316 optima
3241 4261 3487 4318 quaeque
3527 4247 3708 4316 ducit,

2060 4333 2144 4388 vel
2179 4338 2278 4388 tua
2307 4332 2495 4404 ipsius
2523 4338 2728 4402 sponte
2759 4332 3146 4400 incedentem,
3173 4333 3258 4388 vel
3290 4333 3435 4390 alios
3467 4350 3714 4405 sequen-

2061 4428 2198 4478 tem.
2228 4423 2345 4476 Hoc
2374 4421 2528 4477 enim
2563 4425 2672 4488 est,
2697 4437 2811 4492 quo
2841 4423 3137 4491 sapientes
3167 4421 3376 4495 vulgus
3409 4427 3708 4493 superant.

2054 4511 2171 4582 Ego
2203 4527 2335 4565 vero
2367 4508 2633 4565 nonnihil
2675 4509 2848 4564 etiam
2882 4510 2952 4564 ad
2983 4526 3070 4577 ea,
3105 4527 3236 4581 quae
3280 4513 3406 4581 jam
3437 4511 3576 4580 dixi,
3607 4512 3709 4565 ad-

2047 4598 2272 4668 jiciam.
2298 4599 2384 4652 Tu
2411 4597 2646 4669 quidem
2675 4598 2923 4653 orationi
2959 4615 3097 4654 mea:
3134 4601 3456 4655 mercedem
3485 4599 3712 4670 persol-

2055 4687 2210 4757 visti,
2243 4703 2657 4757 quamcunque
2687 4687 2950 4757 tandem,
2991 4687 3351 4758 persolvisti;
3385 4692 3444 4744 at
3473 4686 3570 4745 illa
3601 4687 3709 4742 tibi

2055 4777 2208 4831 dono
2249 4790 2536 4848 pauperes
2587 4775 2772 4842 offert,
2808 4779 2997 4831 totum
3045 4777 3414 4832 sacerdotum
3463 4775 3707 4831 chorum

2061 5063 2242 5135 ξομαι.
2269 5065 2494 5146 Lapsus
2523 5064 2804 5146 memoria
2831 5064 2926 5119 hic
2945 5063 3178 5147 videtur
3205 5063 3538 5134 Gregorius,
3562 5063 3705 5119 dum

2061 5138 2351 5193 Salomoni
2403 5137 2611 5191 tribuit
2638 5137 2811 5191 verba
2861 5153 2988 5208 quae
3038 5153 3095 5190 in
3145 5136 3293 5192 libro
3341 5135 3449 5191 Job
3500 5151 3705 5191 occur-

2064 5214 2219 5264 runt.

2131 5282 2241 5350 (36)
2271 5275 2667 5352 ᾋπογραιρεῷς.
2704 5278 2797 5332 Sic
2833 5276 3000 5352 Coisl.
3039 5279 3059 5330 1
3098 5283 3150 5332 et
3180 5279 3234 5347 2,
3269 5279 3486 5332 decem.
3521 5277 3702 5343 Colh.,

2061 5358 2151 5406 0r.
2188 5354 2238 5414 1,
2273 5350 2555 5418 δειεηβιο.
2591 5351 2653 5403 1n
2690 5351 2810 5403 Par.
2844 5351 2933 5404 ed.
2968 5351 3151 5404 deest.

2135 5413 2242 5492 (37)
2276 5413 2562 5492 Εὐσεϐοῦς.
2599 5420 2856 5492 Ουίςίηξό,
2890 5419 3157 5492 εὐγενοῦς,
3192 5442 3219 5468 «ι
3251 5419 3486 5474 celebri.
3515 5440 3536 5467 ι

2129 5490 2240 5564 (38)
2270 5490 2608 5566 Ἰερωτὲρων.
2645 5491 2816 5566 Coisl.
2855 5495 2902 5562 1,
2937 5490 3262 5566 ἱερωτάτων.

2131 5557 2241 5636 (39)
2275 5557 2511 5636 Εξχομξν
2549 5563 2733 5628 Pass,
2767 5557 2997 5636 ἔχομεν.’
3025 5567 3086 5618 In
3129 5563 3294 5636 aliis,
3314 5557 3561 5634 ἔχοιμεν.

2132 5634 2244 5710 (40)
2274 5634 2424 5694 Τοῖς.
2459 5634 2633 5690 Deest
2663 5636 2721 5690 in
2757 5634 2894 5708 Reg.
2928 5637 3026 5691 hm
3059 5639 3117 5690 et
3147 5637 3242 5689 Or.
3277 5635 3328 5689 1.
