4094 6288
435 376 591 434 1063

1671 375 1735 435 S.
1786 373 2157 435 GBEGORII
2202 370 2596 434 THEOLOGI

3682 381 3839 442 {064

433 525 498 562 ac
529 507 1008 579 philosophorum
1056 512 1290 575 coetum,
1316 508 1413 579 qui
1459 508 1617 563 nullo
1647 506 1876 562 vinculo
1908 505 2064 560 hum'

2190 509 2380 571 κτῆσιν
2426 504 2489 557 οὐ
2538 506 2932 581 κρατουμένην,
2998 507 3282 571 ἀποθανεῖν
3335 508 3529 582 κόσμῳ
3571 513 3707 583 (41),
3741 517 3836 582 ζῆ-

430 600 724 662 tenentur,
750 596 846 667 qui
895 596 1019 652 sola
1061 614 1323 667 corpora,
1357 615 1422 652 ac
1465 613 1535 651 ne
1567 614 1634 652 ea
1665 596 1900 669 quidem
1933 598 2075 661 tota,

430 686 762 756 possident;
798 685 897 754 qui
927 685 1131 740 Cessari
1170 685 1310 739 nihil
1346 686 1581 753 habent,
1606 686 1719 741 Deo
1753 686 1949 741 omnia
1980 684 2077 737 tri-

430 775 641 844 buunt,
692 775 964 845 hymnos,
1008 793 1227 845 preces,
1260 775 1508 845 vigilias,
1555 775 1865 847 lacrymas,
1914 788 2074 843 opes,

426 880 554 933 quae
589 864 861 918 manibus
890 864 1068 934 arripi
1096 869 1420 934 nequeunt,
1445 864 1663 918 mundo
1690 865 1893 928 emori,
1919 860 2076 917 Chri-

426 958 516 1006 sto
559 952 769 1023 vivere,
802 966 1038 1006 carnem
1100 969 1411 1020 macerare,
1446 953 1705 1007 animam
1756 969 1789 1006 a
1836 964 2075 1021 corpore

427 1040 783 1095 abstrahere.
836 1041 936 1095 liis
986 1058 1250 1111 parcens,
1303 1046 1404 1096 aut
1451 1042 1623 1096 etiam
1674 1042 1910 1095 omnino
1959 1039 2074 1094 Deo

426 1130 675 1184 reddens
721 1128 899 1182 divini
946 1130 1206 1184 numinis
1257 1129 1508 1184 famulos
1558 1138 1614 1185 et
1660 1128 2072 1201 mysteriorum

425 1216 712 1282 conscios,
762 1216 1203 1288 cmlestiumque
1264 1234 1458 1272 rerum
1515 1217 1897 1289 inspectores,
1942 1216 2074 1283 has,

426 1306 690 1376 inquam,
724 1306 954 1377 generis
1004 1306 1188 1361 nostri
1240 1306 1547 1377 primitias,
1592 1308 1709 1361 haec
1756 1306 2074 1372 columina,

424 1394 532 1449 has
583 1395 711 1448 ﬁdei
761 1411 1024 1462 coronas,
1061 1395 1165 1450 has
1217 1396 1499 1467 pretiosas
1550 1395 1918 1467 margaritas,
1966 1394 2075 1450 hos

424 1483 627 1554 templi
688 1482 867 1551 illius,
918 1483 1202 1553 praeclari,
1253 1484 1516 1555 inquam,
1551 1484 1815 1539 Ecclesiae
1865 1487 2070 1537 ccetus.

424 1571 670 1643 lapides,
704 1574 875 1642 cujus
909 1573 1353 1627 fundamentum
1389 1578 1445 1627 et
1474 1572 1622 1643 lapis
1656 1572 1954 1644 angularis
1985 1574 2075 1626 est

423 1660 688 1715 Christus
725 1677 736 1714 :
785 1660 1179 1730 pulcherrime
1224 1661 1447 1731 utique,
1484 1671 1541 1715 et
1572 1662 1737 1733 ipsis,
1770 1664 1827 1715 et
1857 1660 1985 1725 tibi,
2017 1664 2075 1714 et

2189 612 2274 645 σαι
2326 594 2561 667 Χριστῷ,
2613 594 2781 669 σάρκα
2828 599 3080 664 κενῶσαι,
3133 596 3317 672 ψυχὴν
3352 596 3573 652 ἐλκῦσαι
3605 598 3710 654 ἀπὸ
3740 606 3836 656 τοῦ

2187 681 2457 751 σώματος.
2489 681 2704 737 Τούτων
2734 680 3075 759 φειδόμενος,
3124 684 3158 752 ἢ
3209 684 3299 739 καὶ
3345 691 3593 762 καθαρῶς
3643 688 3834 743 ἀποδι-

2186 766 2311 830 δοὺς
2346 772 2454 841 (42)
2484 775 2562 842 τῷ
2594 775 2708 842 Θεῴ
2738 771 2863 833 τοὺς
2896 772 3223 846 θεραπευτὰς
3252 778 3348 828 τοῦ
3398 780 3535 829 Θεοῦ
3580 776 3671 830 καὶ
3733 778 3830 850 μύ-

2185 879 2330 927 στας,
2385 858 2472 913 καὶ
2518 864 2626 913 τῶν
2675 859 2933 936 οὐρανίων
2986 860 3242 930 ἐπόπτας,
3288 865 3389 933 τὴν
3441 865 3696 940 ἀπαρχὴν
3730 872 3824 920 τοῦ

2183 946 2451 1023 ἡμετέρου
2499 947 2710 1023 γένους,
2757 946 2821 1002 τὸ
2867 948 3089 1025 ἔρεισμα
3130 950 3257 1013 τοὺς
3309 959 3409 1021 τῆς
3442 952 3675 1016 πίστεως
3710 977 3828 1010 στε-

2184 1037 2402 1112 φάνους,
2429 1036 2557 1098 τοὺς
2609 1037 2942 1112 μαργαρίτας
2986 1037 3113 1099 τοὺς
3141 1038 3383 1111 τιμίους,
3413 1040 3542 1103 τοὺς
3572 1048 3669 1096 τοῦ
3700 1048 3829 1098 ναοῦ

2183 1123 2394 1196 λίθους,
2450 1123 2510 1178 οῦ
2559 1124 2810 1198 θεμέλιος
2856 1127 2945 1181 καί
2994 1127 3390 1203 ἀκρογωνιαῖος
3425 1132 3680 1204 Χριστὸς,
3735 1138 3829 1187 τοῦ

2182 1212 2353 1268 καλοῦ
2412 1214 2559 1289 λέγω
2601 1221 2700 1284 τῆς
2752 1215 3077 1286 Ἐκκλησίας
3124 1215 3534 1293 πληρώματος’
3585 1220 3674 1275 xui
3725 1224 3830 1294 (43)

2181 1302 2447 1358 κάλλιστα
2478 1302 2535 1357 ἂν
2567 1303 2657 1357 καὶ
2686 1304 2923 1375 τούτοις,
2954 1305 3044 1359 καὶ
3077 1311 3305 1379 σεαυτῷ,
3356 1308 3444 1362 καὶ
3482 1314 3642 1363 πᾶσιν
3696 1312 3827 1383 ἡμῖν

2187 1392 2530 1465 βουλενὸσαιο.
2584 1392 2686 1449 Καί
2734 1414 2817 1447 σοι
2869 1391 3103 1469 εὔχομαι
3156 1400 3346 1450 τοῦτον
3390 1404 3515 1473 παρ’
3545 1400 3707 1470 ἡμῶν
3738 1399 3828 1454 τὸν

2181 1478 2418 1535 πλοῦτον
2476 1483 2721 1556 γενέσθαι
2783 1481 3021 1555 μᾶλλον,
3079 1484 3115 1553 ἢ
3174 1483 3390 1539 πολλοῦ
3450 1488 3680 1561 χρυσίου
3739 1489 3826 1542 καὶ

2181 1568 2436 1645 ἀργυρίου
2467 1570 2792 1644 θησαυροὺς,
2822 1575 2913 1625 νῦν
2948 1572 3317 1649 ὑπάρχοντας,
3360 1574 3451 1629 καὶ
3488 1577 3605 1648 μετ’
3635 1576 3827 1652 ὀλίγον

2182 1657 2283 1711 οὐκ
2310 1656 2621 1730 ἐσομένους.

423 1749 590 1804 nobis
622 1749 899 1805 omnibus
930 1750 1314 1804 consulueris.
1353 1755 1432 1804 Ac
1465 1750 1569 1805 tibi
1620 1751 1726 1805 has
1776 1751 1969 1821 potius
2003 1766 2035 1803 a
2066 1748 2234 1803 nobis
2264 1749 2498 1805 divitias
2528 1750 2801 1821 optarim,
2836 1768 3012 1823 quam
3047 1768 3293 1825 magnos
3340 1754 3468 1809 auri
3515 1758 3691 1826 atque
3737 1773 3831 1812 ar-

421 1838 576 1907 genti
609 1837 939 1905 thesauros,
975 1838 1071 1906 qui
1106 1855 1261 1892 nunc
1292 1838 1599 1908 exsistunt,
1633 1854 1697 1893 ac
1729 1837 1901 1909 paulo
1933 1841 2066 1909 post
2097 1853 2209 1891 non
2242 1841 2435 1891 erunt.

492 1926 658 1981 XVII.
684 1926 921 1981 Habetis
945 1927 1227 1982 orationis
1256 1944 1392 1982 mea:
1420 1944 1658 1991 munus,
1685 1927 1733 1981 si
1758 1943 1860 1997 spe
1882 1931 2064 1982 vestra

2252 1926 2345 1979 IZ'.
2380 1923 2525 1992 Αὕτη
2573 1928 2680 1979 τῶν
2733 1924 2878 1997 ἐμῶν
2923 1924 3105 2001 λόγων
3159 1927 3284 2000 ὑμῖν
3334 1931 3446 2001 (44)
3477 1931 3511 1998 ἡ
3546 1951 3828 2009 καρποφο-

419 2015 687 2079 inferius,
716 2021 774 2069 at
805 2020 955 2069 certe
988 2015 1158 2086 quale
1201 2018 1404 2072 offerre
1444 2017 1764 2088 potuimus.
1792 2015 1907 2070 Vos
1938 2031 2069 2070 vero

420 2104 562 2158 mihi
597 2120 699 2174 pro
732 2104 839 2157 hac
870 2120 998 2158 mea
1046 2105 1397 2176 erogatione,
1431 2105 1585 2175 quod
1617 2105 1810 2175 majus
1839 2109 1946 2172 est,
1982 2119 2068 2157 re-

422 2193 672 2263 pendite,
696 2209 903 2263 nempe
950 2192 1283 2248 tractabiles
1314 2198 1369 2247 et
1399 2194 1786 2263 obsequentes
1818 2192 2064 2248 animos.

419 2282 509 2335 Sic
532 2282 601 2336 ad
628 2281 740 2336 alia
765 2282 1072 2336 commoda
1098 2281 1206 2336 hoc
1228 2299 1459 2353 quoque
1480 2284 1736 2352 accedat,
1762 2287 1825 2336 ut
1847 2298 2066 2337 sermo-

420 2371 594 2425 nibus
626 2370 771 2425 meis
803 2371 999 2425 minus
1040 2388 1187 2441 opus
1231 2371 1518 2438 habeatis,
1551 2371 1830 2425 nimirum
1864 2375 2066 2425 mutuo

417 2476 517 2514 vos
533 2461 693 2530 ipsos
710 2459 1142 2513 considerantes
1162 2461 1232 2513 ad
1254 2460 1721 2531 provocationem
1740 2459 2062 2527 charitatis,

417 2553 473 2602 et
506 2549 788 2601 bonorum
825 2564 1065 2617 operum
1087 2549 1164 2615 9°;
1200 2553 1371 2619 atque
1420 2551 1500 2603 ita
1546 2549 1780 2603 tandem
1815 2548 1873 2602 in
1905 2547 2066 2603 ccelis

417 2636 644 2690 facilem
678 2641 732 2689 et
764 2636 1075 2707 benignam
1108 2636 1168 2690 in
1200 2636 1297 2690 illo
1320 2655 1433 2692 aevo
1458 2638 1907 2708 descriptionem
1934 2653 2067 2691 con-

419 2725 623 2792 secuti,
642 2729 697 2778 et
718 2726 935 2778 circum
959 2726 1222 2780 omnium
1244 2726 1455 2797 Regem
1477 2726 1867 2797 tripudiantes
1886 2726 2062 2797 (quod

421 2823 597 2867 unum
632 2819 815 2883 agunt
865 2813 963 2883 qui
1014 2813 1131 2868 illic
1173 2814 1445 2886 descripti
1481 2815 1657 2885 sunt),
1683 2814 1915 2881 laudem
1949 2815 2063 2868 Deo

419 2900 843 2967 ministremus,
878 2918 1056 2955 unam
1089 2905 1145 2956 et
1192 2904 1457 2957 eamdem
1506 2903 1696 2958 Patris
1746 2907 1802 2957 et
1850 2902 1974 2957 Filii
2009 2906 2065 2958 et

416 2990 670 3061 Spiritus
704 2990 890 3044 sancti
934 2990 1259 3045 divinitatis
1291 2990 1536 3063 gloriam
1585 2996 1641 3047 et
1689 2992 2059 3063 splendorem

414 3078 732 3144 intuentes,
784 3079 1178 3151 laudibusque
1234 3081 1573 3147 exultantes,
1626 3081 1720 3135 cui
1766 3081 1973 3151 gloria,
2006 3086 2064 3137 et

419 3166 623 3232 honor,
655 3171 712 3221 et
740 3169 1002 3223 adoratio
1035 3169 1092 3222 in
1122 3168 1336 3225 saecula
1364 3169 1733 3225 saeculorum.
1768 3175 1972 3225 Amen.

487 3293 532 3327 ²⁰
562 3293 735 3347 Hebr.
767 3310 824 3359 x,
863 3294 951 3348 24.

488 3416 594 3486 (41)
625 3415 940 3492 ίΑποθανεῖν
973 3415 1187 3492 κόσμῳ,
1220 3424 1327 3474 etc.
1361 3420 1567 3475 Billius
1601 3438 1613 3474 :
1641 3443 1669 3471 «
1703 3422 1802 3492 qui
1839 3423 2060 3478 mundo

421 3487 636 3540 mortui
697 3496 856 3556 sunt,
885 3511 913 3538 ››
945 3497 1052 3544 etc.
1082 3487 1299 3545 'Minus
1350 3501 1532 3559 recte;
1584 3487 1736 3547 nam'
1775 3493 1865 3547 hae
1923 3498 2063 3550 sunt

423 3578 443 3605 α
481 3559 1036 3630 philosophorum,»
1072 3579 1171 3616 seu
1227 3585 1253 3611 ‹‹
1314 3563 1730 3618 monachorum
1768 3587 1793 3613 υ
1825 3565 2059 3634 divitiae,

412 3646 560 3755 gues
590 3637 894 3686 enumerat
922 3635 1257 3703 Gregorius,
1289 3651 1516 3706 nempe,
1544 3659 1568 3684 ‹‹
1602 3637 1821 3691 mundo
1853 3638 2055 3709 emori,

459 3702 638 3755 hristo
668 3703 874 3755 vivere-
900 3726 919 3751 η
953 3708 1060 3755 etc.

459 3702 638 3756 hristo
668 3703 874 3770 vivere,
900 3726 919 3751 ιο
953 3702 1060 3757 ϐιοῖ

414 3770 987 3896 ἀπῗὲύὲέὶποδιδούς.
1049 3774 1315 3845 Quinque
1387 3776 1586 3847 Regg.,
1645 3783 1703 3833 et
1768 3778 1941 3834 Coisl.
2004 3782 2055 3849 1,

449 3863 671 3904 ποοους.

2181 2011 2289 2088 ρία,
2344 2012 2388 2066 εί
2436 2012 2527 2066 xui
2568 2021 2667 2082 τῆς
2713 2011 2935 2076 ἆλπίδος
2986 2015 3246 2088 ἐλάττων,
3298 2015 3445 2072 ἀλλὰ
3473 2018 3609 2073 κατᾶ
3635 2041 3699 2095 γε
3725 2022 3823 2089 τὴν

2179 2101 2446 2176 ἡμετέραν
2510 2101 2755 2175 δύναμιν.
2816 2105 2997 2177 Ὑμεῖς
3057 2101 3115 2158 Si
3171 2102 3480 2176 ἀντιδοίητὲ
3559 2130 3653 2180 μοι
3728 2117 3829 2179 τῆς

2175 2190 2313 2263 ἐμῆς
2364 2191 2614 2268 εἰσφορᾶς
2662 2194 2725 2247 τὸ
2777 2198 2983 2265 μεῖζον,
3037 2194 3135 2262 τὴν
3188 2194 3488 2259 εὐπείθειαν
3516 2216 3527 2228 ·
3563 2197 3639 2259 ὡς
3672 2198 3731 2252 ἂν
3763 2201 3829 2253 τά

2173 2300 2231 2333 τε
2260 2278 2405 2335 ἄλλα
2433 2281 2521 2334 καὶ
2553 2283 2713 2348 ἧττον
2744 2278 2935 2352 δέησθε
2964 2286 3069 2336 τῶν
3103 2282 3247 2355 ἐμῶν
3281 2282 3486 2359 λόγων,
3534 2284 3822 2357 ἀλλήλους

2173 2374 2555 2431 κατανοοῦντες
2621 2369 2697 2431 εἰς
2771 2370 3112 2446 παροξυσμὸν
3183 2372 3399 2447 ἀγάπης
3475 2372 3565 2427 καὶ
3639 2374 3825 2431 καλῶν

2175 2457 2345 2534 ἔργων
2373 2478 2384 2491 ·
2437 2458 2509 2519 ὡς
2559 2457 2617 2511 ἂν
2667 2465 2917 2533 χρηστῆς
2947 2459 3049 2517 καὶ
3067 2458 3456 2536 φιλανθρώπου
3486 2469 3585 2531 τῆς
3621 2462 3824 2527 ἐκεῖθεν

2172 2550 2383 2622 γραφῆς
2428 2546 2707 2621 τυχόντες,
2765 2548 2853 2601 xui
2910 2548 3033 2622 περὶ
3080 2549 3171 2603 τὸν
3220 2549 3434 2605 πάντων
3469 2550 3696 2625 βασιλέα
3725 2572 3829 2628 ’χο-

2177 2635 2442 2710 ρεύοντες,
2491 2636 2521 2690 ὅ
2573 2635 2731 2707 μόνον
2778 2632 2934 2711 ἔργον
2987 2636 3097 2691 ἐστὶ
3143 2640 3253 2711 (45)
3282 2644 3403 2700 τοῖς
3434 2638 3546 2693 ἐκεῖ
3587 2661 3828 2715 γεγραμ-

2179 2724 2379 2795 μένοις,
2440 2723 2845 2800 λειτουργῶμεν
2902 2730 3017 2797 Θεῷ
3069 2728 3169 2796 τὴν
3236 2725 3458 2799 αἶ’νεσιν,
3515 2729 3615 2795 τήν
3695 2729 3823 2801 μίαν

2176 2813 2405 2886 Πατρὸς,
2428 2815 2516 2867 καὶ
2550 2812 2699 2883 Υἱοῦ,
2730 2813 2819 2868 καί
2844 2814 3001 2891 ἀγίου
3034 2816 3370 2889 ΙΙνεύματος,
3420 2817 3511 2871 καὶ
3560 2819 3829 2893 θεωροῦν-

2170 2922 2256 2963 τες
2287 2902 2376 2955 καὶ
2429 2902 2753 2975 ἀνυψοῦντες
2798 2905 2898 2972 τὴν
2945 2907 3056 2977 (46)
3104 2911 3203 2974 τῆς
3244 2905 3502 2974 θεότητος
3552 2903 3706 2975 δόξαν
3772 2929 3829 2963 τι

2170 2991 2260 3044 xui
2322 2989 2704 3067 Λαμπρότητα,
2762 2992 2909 3065 αὐτῷ
2966 2995 2999 3062 ἡ
3062 2990 3209 3063 δόξα,
3268 2994 3357 3048 καὶ
3407 2995 3632 3066 ἡτιμὴ,
3665 2994 3757 3049 καὶ
3790 2998 3827 3066 ἡ

2170 3078 2527 3153 προσκύνησις
2558 3080 2633 3142 εἰς
2663 3080 2788 3143 τοὺς
2820 3081 3016 3143 αἰῶνας
3040 3087 3147 3137 τῶν
3180 3082 3413 3140 αἰώνων.
3452 3084 3506 3136 Ἀ
3522 3085 3653 3156 μήν.

2176 3494 2188 3506 .
2242 3420 2503 3549 (ἀὲ)ιξίαί.
2538 3424 2631 3479 Sic
2663 3426 2842 3496 Regg.
2876 3426 2997 3490 bm,
3029 3425 3129 3495 ph,
3163 3425 3260 3481 Or.
3288 3425 3341 3493 4,
3375 3429 3433 3480 et
3464 3424 3623 3480 Pass.
3651 3424 3832 3480 Deest

2176 3512 2230 3549 ιη
2264 3512 2294 3549 e
2343 3513 2356 3548 ι
2390 3512 2459 3549 18.

2173 3503 2230 3550 in
2264 3503 2459 3550 editis.

2268 3568 2353 3636 44)
2384 3566 2557 3639 Ὑμῖν.
2590 3566 2679 3621 Sic
2738 3568 2854 3639 duo
2911 3567 3117 3639 Regg.,
3171 3571 3229 3622 et
3282 3566 3443 3624 Pass.
3494 3566 3587 3622 Sic
3646 3567 3827 3622 etiam

2175 3637 2398 3693 videtur
2429 3637 2639 3708 legisse
2669 3637 2892 3692 Billius.
2928 3637 3139 3706 Ined.,
3170 3640 3323 3709 ἡμῖν.

2240 3711 2353 3780 (45)
2386 3709 2544 3763 Ἐστί.
2578 3711 2671 3765 Sic
2702 3715 2838 3780 Reg.
2873 3709 2972 3780 ph.
3005 3710 3176 3765 Deest
3206 3711 3264 3764 in
3296 3710 3388 3764 ed.

2242 3778 2351 3853 (46)
2381 3783 2732 3855 ῘΑνυψοῦντες
2768 3778 2894 3855 τήνῖ
2928 3784 3019 3836 Sic
3069 3782 3184 3855 duo
3234 3782 3411 3855 Regg.
3441 3778 3509 3855 _In
3556 3779 3731 3855 Qoisl.
3768 3782 3822 3850 1,

2170 3851 2548 3925 ἀνυμνοῦντες,
2582 3876 2609 3904 ‹‹
2643 3854 3025 3908 celebrantes.
3050 3874 3079 3902 »
3112 3853 3284 3908 Deest
3310 3851 3407 3921 τήν
3438 3852 3497 3906 in
3528 3853 3619 3905 ed.

1142 4139 1292 4195 ³⁷⁵
1356 4151 1910 4238 MONI'I‘UM
1967 4155 2081 4240 IN
2138 4152 2829 4241 ORATIONEM
2884 4155 3087 4238 XX.

490 4474 537 4532 Ι.
605 4475 936 4560 Defunctis
981 4478 1259 4560 Gregorii
1321 4479 1723 4555 parentibus,
1799 4480 1972 4557 ipse,
2044 4480 2231 4558 juxta
2284 4481 2773 4560 probabiliorem
2848 4482 3251 4560 opinionem,
3328 4481 3623 4542 abdicata
3699 4481 3827 4560 Na-

414 4553 723 4612 zianzenus
801 4556 1089 4616 Ecclesiae
1110 4553 1124 4555 ἡ
1150 4553 1339 4629 cura,

1420 4576 1586 4618 anno
1643 4562 1759 4619 375
1837 4561 2186 4621 Seleuciam
2242 4581 2306 4622 se
2362 4562 2650 4623 contulit.
2713 4562 2804 4622 lbi

2878 4559 2988 4641 per
3042 4563 3381 4623 triennium
3454 4559 3831 4632 solitudini,

418 4634 646 4720 vigiliis
721 4652 797 4720 ac
866 4654 1072 4695 rerum
1146 4639 1491 4720 caelestium
1569 4641 2085 4717 contemplationi
2160 4642 2445 4717 deditus,
2524 4634 2896 4703 hominibus
2955 4644 3085 4703 fere
3157 4642 3513 4720 incognitus
3573 4641 3825 4699 mansit.

416 4715 682 4800 Yerum,
716 4715 1224 4800 ‘0b__sanctitalis
1280 4724 1340 4776 et
1397 4719 1773 4800 eloquentiae
1823 4715 2101 4791 Tamam,
2161 4715 2578 4799 plurimorum
2640 4724 2983 4800 praesulum
3041 4723 3202 4784 votis
3261 4715 3609 4800 expetitus,
3675 4727 3738 4779 et
3780 4736 3823 4800 Aa

417 4793 775 4884 Theodosio
826 4794 1057 4884 Magno
1119 4798 1177 4884 in
1237 4793 1932 4884 Constantinopolitana
1990 4793 2181 4884 sede;
2208 4803 2373 4863 circa
2431 4793 2663 4863 annum
2717 4805 2859 4884 379,
2906 4803 3271 4876 collocatus,
3325 4793 3543 4862 eadem
3594 4798 3827 4884 doctri-

419 4892 513 4932 nae
574 4891 645 4961 ac
720 4878 966 4961 pietatis
1023 4879 1675 4961 seminainﬂnavem
1736 4881 1853 4939 sibi
1910 4882 2210 4941 creditam
2284 4884 2532 4961 plebem
2590 4883 2838 4961 sparsit.
2900 4884 3224 4943 Invaserat
3299 4890 3446 4943 tunc
3520 4881 3834 4961 temporis

418 4954 1022 5037 ponstantinopolim
1082 4959 1463 5018 incredibilis
1520 4961 1811 5037 quaedam
1870 4963 2050 5037 quasi
2119 4954 2402 5023 errorum
2476 4954 2722 5023 cohors.
2785 4966 2921 5022 Non
2996 4971 3241 5024 tantum
3319 4962 3633 5031 haeretici,

3717 4959 3841 5019 sed

416 5033 534 5121 ipsi
594 5032 811 5121 etiarn__
844 5035 1151 5121 Catholici
1209 5057 1401 5121 novas
1459 5032 1962 5116 efpericulosas
2017 5042 2094 5101 de
2150 5043 2337 5102 rebus
2394 5043 2620 5102 divinis
2675 5045 3055 5119 quaestiones
3122 5043 3471 5121 agitabant.
3536 5043 3624 5101 Ex
3685 5041 3841 5118 opi-

416 5114 673 5199 nionum
754 5114 1110 5178 diversitate
1188 5114 1775 5180 oriebantur—rixas
1853 5127 1916 5181 et
1983 5122 2465 5197 dissensiones;
2543 5114 2846 5199 tantaque
2920 5129 3056 5183 erat
3132 5114 3488 5184 animorum
3554 5121 3688 5189 vis,
3729 5114 3850 5180 “et

416 5194 773 5270 linguarum
833 5199 1125 5276 prurigo,
1190 5206 1257 5260 ut
1312 5202 1388 5259 de
1445 5200 1632 5258 rebus
1686 5199 1878 5260 sacris
1933 5220 2058 5262 non
2115 5202 2317 5264 solum
2378 5194 2646 5282 templa,
2708 5194 2817 5261 sed
2875 5208 2937 5263 et
2996 5204 3133 5265 fora
3183 5211 3245 5264 et
3303 5204 3468 5263 sedes
3524 5200 3850 5261 continuo

418 5284 847 5353 personarent.

392 5388 397 5393 ι
496 5356 571 5415 ll.
610 5358 801 5454 lianc
860 5360 1274 5454 temeritatem
1332 5357 2064 5454 retundit-.l‘heologus,
2097 5382 2197 5454 ‘ac
2254 5363 2460 5444 primo
2491 5362 2773 5454 “quidem
2824 5379 2952 5454 eos
2994 5365 3312 5443 principue
3362 5360 3609 5454 carpit,
3670 5359 3854 5454 qui,

414 5454 528 5522 nec
568 5452 921 5522 _sacrarum
1001 5439 1352 5500 litterarum
1425 5439 1781 5516 cognitione
1852 5440 2176 5522 instructi,
2254 5439 2374 5505 nec
2447 5439 2590 5503 vitae
2666 5439 3015 5505 sanctitate
3054 5439 3630 5514 commendabiles,
3679 5439 3862 5522 _sihi

414 5514 853 5605 theologorum
942 5538 1169 5605 nomen
1255 5514 1623 5605 arroganter
1706 5514 2172 5584 ascribebantf
2231 5523 2554 5605 Pluribus“
2606 5523 2911 5605 exemplis
2991 5542 3068 5586 ex
3149 5526 3476 5605 Scriptura
3559 5517 3859 5605 prolatis

414 5596 722 5667 ostendit,

805 5616 928 5657 non
986 5604 1211 5683 cuique
1266 5602 1505 5660 licitum
1562 5618 1693 5658 esse
1752 5606 1983 5664 Sancta
2038 5610 2400 5665 sanctorum
2458 5601 2669 5683 adire,
2750 5601 2850 5664 vel
2904 5613 3226 5683 spectare,
3287 5601 3404 5668 ’νεὶ
3470 5602 3808 5677 attingere
3844 5648 3862 5675 ,

415 5677 522 5735 sed
579 5675 703 5736 illis
760 5681 1003 5739 tantum
1058 5675 1167 5759 qui
1224 5700 1261 5741 a
1318 5684 1446 5740 Deo
1504 5686 1650 5739 sunt
1705 5684 1949 5757 vocati,
2030 5690 2093 5746 et
2165 5685 2401 5765 seipsos
2473 5675 2747 5745 hostiam
2808 5675 3158 5763 viventem,
3212 5675 3361 5749 'imo
3432 5675 3663 5765 ipsum'
3718 5683 3869 5745 Dei
