4094 6288
368 386 526 448 106Ἰ
1607 387 1672 446 S.
1722 384 2025 445 GREGOH

2140 382 2533 446 THEOLOGI
3621 382 3783 448 1068

369 518 653 591 paulatim
683 518 1015 589 abrumpat,
1038 517 1124 573 vel
1155 517 1418 572 divinum
1452 534 1667 573 numen
1699 517 2016 589 propitium

2140 536 2298 585 vozav,
2332 514 2365 583 ἦ
2399 518 2584 590 ψυχῆς
2617 516 2922 570 ἐπιστασίαν
2960 512 3223 589 δέξασθαι,
3254 517 3289 586 ἢ
3319 515 3580 592 θεολογιᾳ
3607 537 3783 592 προσ-

369 607 605 673 sentiat,
634 612 736 662 aut
765 612 1082 678 utrumque
1132 607 1341 662 horum
1375 606 1610 673 habeat,
1645 623 1710 661 ac
1762 610 2015 661 mentem

2140 600 2340 674 ϐαλεῖν,
2375 604 2474 658 οὐκ
2504 604 2738 680 ἀσφαλὲς
2774 606 2903 659 εἶναι
2928 606 3204 679 γινώσκω.

370 696 626 751 maxima
656 713 791 751 cum
823 696 1125 768 diligentia
1156 697 1223 749 ad
1259 696 1513 751 coelestia
1544 696 1780 768 dirigat,
1813 696 1924 762 vix,
1960 695 2225 765 inquam,
2257 700 2547 749 terrenam
2590 696 2739 750 hanc
2771 695 2981 751 molem
3015 696 3288 751 deorsum
3318 695 3650 751 trahentem
3679 712 3787 750 su-

368 800 571 855 perare
602 785 832 855 poterit.
868 784 1215 855 Priusquam
1250 788 1445 839 autem
1476 800 1627 851 eam,
1660 789 1947 854 quantum
1983 783 2103 837 fieri
2138 786 2348 852 potest,
2380 784 2871 853 superaverimus,
2900 800 3189 854 auresque
3222 789 3452 839 nostras
3483 788 3541 839 et
3569 783 3787 838 mentis

370 872 551 928 aciem
584 874 727 929 satis
759 874 1289 945 repurgaverimus,
1315 874 1644 928 animarum
1679 889 1880 928 curam
1911 872 2227 942 suscipere,
2254 877 2353 925 aut
2383 871 2452 926 ad
2486 889 2679 926 rerum
2711 871 3041 927 divinarum
3076 872 3588 944 pertractationem
3619 888 3787 928 acce-

369 962 504 1017 dere
534 962 998 1033 haudquaquam
1031 966 1223 1017 tutum
1251 979 1379 1017 esse
1410 963 1578 1017 duco.

441 1051 510 1105 II.
546 1056 625 1105 Ac
675 1066 746 1106 ne
797 1068 888 1105 me
938 1052 1083 1105 forte
1124 1050 1504 1118 timidiorem,
1546 1066 1723 1120 quam
1774 1067 1874 1120 par
1922 1048 2018 1119 sit,

368 1140 739 1208 existimetis,
771 1140 872 1194 sed
904 1139 1213 1195 consilium
1248 1141 1443 1211 potius
1474 1143 1741 1193 nostrum
1774 1138 2021 1209 pruden-

370 1229 633 1300 tiamque
678 1229 1089 1300 comprobetis,
1126 1228 1279 1282 unde
1310 1229 1370 1282 in
1402 1227 1558 1281 hunc
1591 1232 1812 1282 metum
1845 1226 2019 1281 indu-

372 1319 502 1371 ctus
577 1316 808 1387 fuerim,
855 1333 1161 1388 exponam.
1214 1316 1478 1370 Primum
1553 1315 1731 1385 igitur
1779 1332 1847 1369 ex
1893 1315 2021 1386 ipso

375 1404 569 1477 Moyse
589 1406 634 1439 ²²
671 1405 867 1475 audio,
892 1422 1007 1476 quo
1047 1406 1194 1459 377
1234 1409 1493 1476 tempore
1523 1403 1759 1458 oracula
1789 1403 1839 1457 ei
1874 1405 2022 1458 Deus

375 1494 604 1561 edebat,
642 1494 910 1566 quamvis
954 1494 1025 1548 ad
1076 1498 1333 1548 montem
1367 1492 1535 1547 multi
1586 1492 1754 1547 acciti
1805 1497 2023 1560 essent,

376 1599 630 1653 quorum
662 1599 820 1638 unus
859 1588 985 1637 erat
1029 1582 1155 1654 ipse
1202 1585 1414 1646 Aaron,
1439 1598 1572 1636 cum
1605 1581 1834 1635 duobus
1866 1579 2023 1650 filiis,

376 1672 565 1743 iisque
597 1672 1022 1741 sacerdotibus,
1055 1676 1251 1725 tamen
1296 1682 1532 1725 caeteros
1566 1685 1767 1724 omnes
1798 1668 2026 1725 eminus

378 1761 620 1815 adorare
642 1762 845 1831 jussos
871 1776 1021 1824 esse,
1046 1760 1301 1831 Moysem
1332 1763 1529 1813 autem
1563 1758 1753 1813 solum
1788 1758 1859 1812 ad
1891 1774 2025 1812 eum

378 1848 621 1920 prOpius
671 1846 1013 1913 accessisse,
1047 1844 1329 1917 populum
1383 1861 1513 1900 vero
1564 1862 1635 1899 ne
1682 1844 1859 1899 simul
1898 1845 2026 1915 qui-

380 1937 514 1991 dem
565 1936 921 1991 ascendisse.
956 1939 1167 2006 Atque,
1203 1938 1267 1989 ut
1313 1934 1451 1988 item
1501 1932 1801 2004 aliquanto
1852 1950 2028 2004 supe-

380 2025 503 2080 rius
535 2029 753 2093 narrat,
787 2025 933 2080 alios
968 2022 1220 2095 fulgura,
1252 2023 1532 2090 tonitrua,
1565 2022 1840 2076 tubarum
1872 2022 2029 2076 elan-

380 2129 505 2185 gor,
549 2118 606 2169 et
657 2130 826 2168 mons
886 2113 1046 2167 fumo
1106 2111 1495 2165 circumfusus
1518 2110 1583 2180 ’3,
1616 2115 1672 2165 et
1728 2110 2028 2164 horrendae

380 2201 888 2271 comminationes,
942 2204 1113 2270 atque
1172 2199 1512 2269 hujusmodi
1570 2202 1820 2253 terrores
1864 2199 2028 2253 deor-

381 2307 514 2345 sum
546 2290 855 2357 sistebant,
881 2290 1023 2344 adeo
1057 2293 1120 2343 ut
1149 2287 1261 2359 ipsi
1289 2286 1563 2359 praeclare
1592 2303 1790 2341 secum
1826 2288 1914 2355 agi
1946 2304 2031 2342 ar-

381 2378 759 2445 bitrarentur,
794 2378 949 2447 quod
990 2376 1075 2430 vel
1123 2376 1305 2431 solam
1344 2375 1438 2429 Dei
1491 2392 1685 2429 vocem
1737 2376 2027 2443 audirent,

380 2467 556 2539 idque
586 2468 695 2522 hac
738 2466 881 2538 lege,
909 2470 973 2519 ut
1002 2481 1234 2520 summo
1282 2465 1444 2535 prius
1476 2465 1670 2518 studio
1702 2465 1926 2534 seipsos
1958 2465 2029 2518 ab

2057 1803 2105 1867 B

2202 1048 2272 1101 B'.
2317 1045 2413 1101 Καὶ
2464 1044 2583 1109 ὅθεν
2633 1046 2707 1107 εἷς
2752 1051 2914 1101 τοῦτο
2959 1047 3212 1121 ὑπήχθην
3260 1050 3323 1102 τὸ
3367 1045 3509 1121 δέος,
3552 1047 3647 1102 ’ίνα
3700 1050 3778 1121 μή

2134 1155 2198 1207 με
2230 1137 2341 1204 (54)
2368 1140 2463 1189 τοῦ
2513 1132 2727 1197 δέοντος
2780 1133 3082 1211 δειλότερον
3128 1132 3479 1206 ὑπολάϐοιτε,
3513 1136 3660 1193 ἀλλὰ
3689 1137 3783 1192 καὶ

2131 1223 2383 1292 ἔπαινῆτε
2436 1231 2535 1294 τῆς
2588 1225 2946 1300 προμηθείας,
3005 1225 3186 1279 ἀκούω
3245 1226 3339 1297 μὲν
3400 1226 3565 1281 αὐτοῦ
3610 1232 3778 1281 Mucii-

2130 1312 2264 1374 σὲως
2298 1312 2457 1381 ἡνίκα
2489 1313 2851 1388 ἐχρημάτιζεν
2911 1314 3056 1385 αὐτῷ
3086 1315 3114 1368 ὁ
3161 1314 3312 1383 Θεὸς,
3374 1313 3457 1368 ὅτι
3510 1314 3787 1369 πλειόνων

2133 1401 2207 1463 εἷς
2255 1403 2315 1455 τὸ
2359 1396 2484 1477 ὅρος
2544 1401 3039 1475 προσκεκλημὲνων
3091 1404 3163 1456 ὧν
3226 1403 3302 1465 εἷς
3349 1406 3413 1471 ἦν
3446 1404 3537 1457 καὶ
3570 1404 3787 1480 Ἀαρὼν

2134 1489 2224 1543 σὺν
2256 1496 2374 1552 τοῖς
2406 1494 2586 1544 παισὶν
2638 1491 2801 1545 αὐτοῦ
2849 1496 2966 1553 τοῖς
3013 1489 3107 1544 δύο
3152 1496 3268 1553 τοῖς
3296 1492 3549 1567 ἱερεῦσιν,
3583 1493 3635 1546 οἱ
3690 1495 3790 1565 μὲν

2135 1578 2323 1633 λοιποὶ
2380 1580 2570 1641 πάντες
2626 1587 3003 1655 προσκυνῆσαι
3061 1579 3340 1655 πόρρωθεν
3392 1579 3786 1651 ἐκελεύσθησαν

2135 1664 2338 1741 ἐγγίσαι
2370 1663 2427 1721 δὲ
2458 1669 2694 1737 Μωυσῆς
2728 1667 2910 1740 μόνος,
2954 1667 3016 1721 οὐ
3070 1664 3417 1737 συναναϐῆναι
3473 1667 3528 1723 δὲ
3561 1670 3588 1723 ὁ
3624 1668 3788 1733 λαός.

2137 1755 2234 1808 Καὶ
2269 1756 2457 1830 μικρὸν
2491 1757 2597 1831 πρὸ
2644 1756 2872 1828 τούτων⁹
2928 1756 3057 1818 τοὺς
3102 1757 3196 1829 μὲν
3250 1755 3453 1820 ἄλλους
3490 1758 3788 1833 ἀστραπαὶ,

2137 1843 2227 1896 καὶ
2277 1844 2516 1918 βρονταὶ,
2564 1843 2652 1897 καὶ
2704 1844 3021 1921 σάλπιγγες,
3075 1845 3162 1898 καὶ
3212 1843 3340 1900 ὃλον
3390 1847 3787 1920 καπνιζόμενον

2136 1934 2198 1986 τὸ
2258 1934 2405 2007 ὅρος,
2454 1933 2544 1985 καὶ
2596 1932 2816 1987 ἀπειλαὶ
2876 1930 3190 2009 φρικώδεις,
3222 1934 3311 1988 καὶ
3341 1939 3564 1991 τοιαῦτα
3595 1933 3790 2010 δείμα-

2136 2041 2201 2074 τα
2230 2026 2349 2090 ἵστη
2398 2022 2544 2075 κάτω
2573 2039 2585 2050 ·
2645 2021 2734 2075 καὶ
2796 2022 2935 2095 μέγα
2964 2024 3027 2090 ἦν
3079 2020 3262 2083 αὐτοῖς
3302 2022 3528 2077 ἀκοῦσαι
3556 2032 3657 2094 τῆς
3685 2030 3789 2081 τοῦ

2139 2114 2272 2163 Θεοῦ
2329 2116 2514 2185 φωνῆς
2568 2109 2753 2182 μόνον,
2804 2109 2892 2163 καὶ
2922 2114 3089 2164 ταῦτα
3113 2108 3167 2164 εὖ
3204 2109 3351 2183 μάλα
3378 2113 3785 2187 ἀγνισαμὲνοις.

2140 2199 2377 2265 Μωυσῆς
2428 2195 2485 2250 δὲ
2526 2198 2616 2250 καὶ
2675 2198 2864 2265 ἄνεισι,
2917 2198 3005 2251 καὶ
3033 2204 3132 2267 τῆς
3166 2197 3399 2275 νεφέλης
3429 2198 3557 2255 ε’ίσω
3583 2207 3784 2277 χωρεῖ.

2137 2286 2223 2339 καὶ
2256 2287 2370 2357 Θεῴ
2403 2285 2721 2361 συγγίνεται,
2753 2287 2841 2339 καὶ
2875 2283 3088 2361 δέχεται
3127 2285 3320 2358 νόμον,
3350 2293 3467 2350 τοῖς
3504 2291 3597 2361 μὲν
3646 2291 3788 2346 πολ-

2140 2373 2258 2435 λοῖς
2306 2375 2395 2427 τὸν
2444 2378 2541 2427 τοῦ
2582 2374 2925 2448 γράμματος,
2980 2380 3094 2437 τοῖς
3128 2372 3183 2428 δὶ
3216 2376 3347 2451 ὑπὲρ
3372 2376 3499 2440 τοὺς
3533 2377 3787 2441 πολλοὺς

2135 2463 2225 2516 τὸν
2257 2468 2356 2516 τοῦ
2388 2463 2691 2535 πνεύματος
2703 2508 2714 2518 .

377 2555 538 2610 omni
589 2554 718 2609 labe
765 2558 1100 2624 purgarent.
1155 2557 1229 2605 At
1276 2552 1523 2621 Moyses,
1556 2557 1613 2605 et
1644 2553 1927 2616 ascendit,
1960 2558 2015 2607 et
2047 2553 2260 2605 nubem
2313 2558 2594 2622 penetrat,
2626 2558 2847 2608 etcum
2898 2552 3013 2608 Deo
3063 2555 3460 2626 congreditur,
3492 2561 3551 2611 et
3598 2556 3789 2629 legem

376 2643 608 2715 accipit,
654 2642 725 2697 iis
773 2643 1031 2711 quidem,
1067 2641 1167 2711 qui
1218 2658 1246 2695 e
1294 2640 1467 2711 vulgo
1524 2646 1683 2708 sunt,
1734 2641 2064 2706 litteralem,
2118 2642 2189 2695 iis
2238 2648 2453 2709 autem,
2490 2644 2587 2713 qui
2640 2660 2819 2713 supra
2866 2642 3075 2714 vulgus
3130 2648 3472 2717 assurgunt,
3504 2646 3792 2717 spiritua-

376 2733 511 2789 lem.

450 2820 544 2875 III.
568 2820 716 2874 Tum
740 2820 916 2874 etiam
946 2818 1113 2887 illud,
1131 2817 1285 2889 quod
1308 2816 1432 2871 Heli
1455 2817 1739 2872 sacerdoti
1761 2818 1824 2885 υ,
1850 2821 2022 2887 atque
2053 2824 2095 2889 α

378 2908 674 2981 aliquanto
705 2912 836 2980 post
865 2908 988 2962 Ossa
1010 2907 1053 2941 ²⁵
1091 2906 1321 2975 accidit,
1346 2905 1645 2977 cognitum
1678 2911 1735 2959 et
1764 2906 2023 2977 explora-

378 3001 575 3053 ratum
610 2996 797 3053 habeo
843 3013 855 3051 :
901 3012 1149 3067 quorum
1195 2994 1341 3050 alter
1370 2992 1606 3049 sceleris
1636 2994 1808 3049 etiam
1843 2994 2022 3061 illius,

380 3087 535 3157 quod
568 3085 671 3140 ﬁlii
704 3087 980 3141 adversus
1015 3084 1300 3139 sacriﬁcia
1330 3084 1791 3151 committebant,
1828 3100 2026 3155 pcenas

380 3174 573 3241 solvit,
598 3174 773 3245 idque
794 3190 926 3228 cum
948 3190 1147 3229 eorum
1181 3173 1539 3244 impietatem
1574 3189 1687 3226 non
1716 3175 1888 3227 modo
1912 3189 2024 3227 non

380 3264 705 3336 probasset,
737 3279 937 3318 verum
986 3262 1161 3317 etiam
1212 3261 1464 3315 multum
1514 3278 1578 3315 ac
1628 3278 2025 3332 saepenumero

381 3354 541 3424 ipsos
571 3353 680 3407 hoc
711 3352 944 3407 nomine
992 3352 1390 3421 objurgasset;
1427 3349 1588 3418 alter,
1624 3351 1776 3420 quod
1830 3367 2025 3405 arcam

381 3441 573 3497 solum
605 3458 638 3495 a
662 3441 806 3495 bove
828 3440 1193 3504 distractam,
1216 3443 1455 3509 tangere
1484 3455 1663 3493 ausus
1686 3445 1869 3506 esset;
1897 3456 2024 3494 eam

381 3531 620 3601 quidem
667 3528 1021 3583 incolumem
1057 3528 1327 3593 servavit,
1349 3526 1474 3597 ipse
1492 3543 1624 3581 vero
1656 3527 1909 3594 interiit;
1944 3528 2027 3582 sic

380 3618 660 3675 nimirum
720 3622 865 3671 Deus
914 3617 1343 3670 venerationem
1408 3632 1551 3670 arca
1602 3632 1719 3670 suae
1768 3616 2024 3671 debitam

379 3708 672 3763 tuebatur.
698 3706 844 3769 Quin
882 3704 1017 3759 illud
1054 3721 1285 3775 quoque
1328 3703 1472 3757 mihi
1514 3708 1882 3775 perspectum
1918 3710 2025 3775 est,

380 3813 453 3852 ne
483 3796 732 3867 parietes
763 3794 1001 3865 quidem
1044 3792 1244 3864 templi
1289 3794 1631 3864 promiscue:
1663 3792 2027 3849 multitudini

381 3886 717 3957 contingere
777 3882 1048 3955 licuisse,
1108 3898 1291 3953 eaque
1346 3882 1416 3936 de
1468 3898 1647 3937 causa
1706 3883 2028 3953 parietibus

382 3974 535 4043 aliis,
569 3973 786 4043 quibus
825 3971 908 4026 illi
942 3972 1339 4042 cingerentur,
1372 3987 1518 4040 opus
1549 3970 1763 4025 fuisse:
1801 3988 1903 4025 nec
1934 3988 2026 4026 sa-

384 4062 601 4117 crificia
654 4061 785 4132 ipsa
827 4078 860 4115 a
907 4061 1144 4131 quibus,
1176 4065 1278 4115 aut
1325 4060 1578 4129 quando,
1614 4064 1715 4113 aut
1762 4059 1861 4113 ubi
1913 4076 2026 4114 non

383 4149 779 4219 conveniebat,
810 4148 1075 4203 consumi
1127 4147 1299 4202 solita
1348 4164 1475 4201 esse
1510 4165 1522 4203 :
1558 4148 1769 4200 nedum
1822 4148 2026 4218 cuivis,

2206 2822 2274 2871 Γ.
2322 2817 2575 2870 Γινώσκω
2626 2816 2682 2870 δὲ
2728 2813 2885 2872 Ἡλεῖ
2932 2817 3022 2871 τὸν
3062 2818 3230 2893 ἱερέα,
3276 2819 3365 2873 καὶ
3401 2818 3595 2895 μικρὰν
3630 2820 3791 2876 ὓστε-

2136 2924 2225 2977 ρον
2285 2905 2438 2973 Ὀζᾶν
2483 2924 2640 2959 τινα·
2685 2904 2776 2958 τὸν
2822 2905 2916 2977 μὲν
2965 2906 3053 2959 καὶ
3105 2907 3237 2981 ὑπὲρ
3285 2914 3389 2977 τῆς
3430 2912 3539 2963 τῶν
3572 2907 3787 2965 παίδων

2134 2994 2473 3067 παρανομίας
2531 2992 2893 3063 ἀπαιτηθέντα
2952 2992 3131 3065 δίκην,
3189 2997 3255 3064 ἣν
3336 2995 3589 3070 ἐτόλμων
3649 3000 3789 3055 κατᾶ

2132 3086 2238 3135 τῶν
2270 3084 2485 3151 θυσιῶν,
2518 3082 2606 3135 καὶ
2642 3086 2807 3136 ταῦτα
2855 3081 2952 3137 οὐκ
2997 3080 3405 3160 ἀποδεχόμενον
3461 3086 3634 3141 αὐτῶν
3682 3090 3788 3157 τὴν

2137 3165 2397 3242 ἀσέϐειαν,
2450 3169 2594 3225 ἀλλὰ
2644 3169 2830 3225 πολλά
2875 3169 3147 3235 πολλάκις
3193 3172 3626 3247 ἐπιτιμήσαντα·
3684 3178 3779 3232 τὸν

2136 3256 2211 3330 δὲ,
2264 3259 2345 3313 ὅτι
2393 3266 2495 3327 τῆς
2552 3254 2789 3313 κιϐωτοῦ
2846 3263 3041 3333 ψαῦσαι
3088 3260 3376 3334 τολμήσας
3411 3263 3597 3336 μόνον,
3630 3286 3781 3342 περι-

2136 3348 2458 3417 σπασθείσης
2506 3348 2607 3402 ὑπὸ
2663 3353 2760 3401 τοῦ
2817 3348 3052 3425 μόσχου,
3108 3352 3207 3418 τὴν
3262 3352 3356 3423 μὶν
3389 3355 3780 3428 περιεσώσατο,

2134 3436 2292 3497 αὐτὸς
2323 3434 2378 3489 δὲ
2408 3435 2680 3507 ἀπώλετο,
2715 3432 3073 3512 φυϐάσσοντος
3104 3434 3317 3507 δηλαδὴ
3500 3446 3597 3495 τοῦ
3645 3448 3782 3497 Θεοῦ

2133 3529 2200 3598 τῇ
2232 3520 2454 3597 κιϐωτῷ
2483 3525 2545 3579 τὸ
2578 3520 2892 3597 σεϐάσμιον.
2926 3524 3061 3583 Οἶδα
3094 3523 3137 3580 δ’
3165 3526 3269 3601 ἐγὼ
3322 3525 3465 3601 μηδὲ
3508 3534 3616 3585 τῶν
3666 3532 3783 3585 τοί-

2137 3635 2251 3689 χων
2280 3619 2376 3668 τοῦ
2406 3614 2554 3688 ἱεροῦ
2586 3618 2779 3687 ψαῦσαι
2824 3620 2940 3677 τοῖς
2987 3614 3226 3678 πολλοῖς
3274 3617 3331 3672 ὃν
3385 3618 3641 3695 ἀσφαλὲς,
3691 3621 3785 3675 καὶ

2138 3700 2225 3757 διὰ
2270 3708 2430 3757 τοῦτο
2476 3703 2669 3776 ἐτέρων
2722 3700 3017 3775 ἂδεήθησαν
3191 3703 3397 3781 τοίγων
3427 3711 3535 3761 τῶν
3568 3705 3785 3777 ἔξωθεν*

2141 3790 2281 3865 μηδὲ
2334 3793 2429 3853 τὰς
2482 3792 2667 3854 θυσίας
2721 3792 2904 3863 αὐτὰς,
2957 3794 3042 3871 ὑφ’
3071 3795 3169 3866 ὧν,
3220 3793 3310 3848 καὶ
3342 3794 3453 3865 ὅτε,
3484 3796 3573 3849 καὶ
3606 3797 3667 3851 οὗ
3706 3798 3787 3869 μὴ

2136 3883 2370 3949 καθῆκον
2432 3881 2521 3951 ἦν,
2579 3880 2995 3945 ἀναλίσκεσθαι’
3046 3881 3309 3937 τοσούτου
3368 3880 3476 3938 δεῖν
3536 3887 3671 3961 πρὸς
3726 3887 3798 3941 τὰ

2136 3972 2302 4043 ’Ἅγια
2329 3974 2439 4024 τῶτ
2472 3969 2635 4045 ἁγίων
2669 3976 2996 4047 προσφοιτᾲν
3031 3970 3355 4047 θαρροῦντα,
3453 3975 3566 4046 (57)
3595 3975 3657 4029 τὸ
3689 3996 3793 4028 κα-

2135 4059 2472 4131 ταπὲτασμα,
2502 4059 2536 4127 ἢ
2567 4058 2630 4113 τὸ
2663 4058 3001 4135 ἱλαστήριον,
3032 4062 3065 4129 ἢ
3088 4061 3187 4129 τὴν
3237 4056 3495 4131 κιϐωτὸν,
3544 4064 3578 4131 ἣ
3620 4083 3795 4136 προσ-

2140 4142 2357 4201 ϐλέπειν
2392 4146 2523 4201 εἶναι
2556 4147 2776 4218 παντὸς,
2809 4148 3287 4223 ἣπροσάπτεσθαι.

382 4242 485 4293 aut
531 4238 741 4292 Sancta
789 4242 1146 4302 sanctorum,
1181 4241 1283 4289 aut
1330 4236 1610 4305 velamen,
1644 4243 1744 4290 aut
1793 4236 2287 4308 propitiatorium,
2333 4242 2434 4293 aut
2482 4254 2675 4292 arcam
2726 4238 2982 4310 denique
3029 4239 3210 4307 adire,
3244 4238 3331 4294 vel
3383 4244 3668 4311 spectare,
3703 4240 3799 4297 vel

381 4326 683 4397 attingere,
715 4325 964 4380 liberum
1000 4325 1201 4379 fuisse.

452 4413 543 4469 ιν.
567 4414 699 4478 Quae
732 4430 865 4468 cum
898 4414 1023 4484 ipse
1063 4412 1275 4481 norim,
1314 4410 1571 4482 illudque
1612 4418 1905 4484 praeterea,
1940 4430 2033 4469 ne-
2062 4416 2109 4480 D

379 4501 597 4558 minem
644 4517 857 4573 magno
906 4502 1037 4568 Deo,
1066 4505 1123 4555 et
1172 4499 1478 4567 sacrificio,
1508 4506 1564 4555 et
1613 4504 1884 4573 pontiﬁce
1933 4502 2022 4557 di-

443 4637 488 4670 ²²
519 4635 694 4690 Exod.
727 4651 843 4698 xxx,
877 4634 930 4687 3.
1008 4634 1055 4668 ³³
1086 4633 1230 4687 Ibid.
1268 4634 1352 4688 16.

445 4766 554 4837 (54)
589 4765 680 4832 Μή
720 4784 805 4836 με.
840 4766 930 4820 Sic
974 4765 1088 4820 duo
1138 4766 1341 4836 Regg.,
1375 4765 1489 4818 duo
1540 4766 1724 4833 Colb.,
1759 4766 1851 4823 Or.
1890 4769 1939 4835 1,
1973 4774 2030 4823 et

376 4836 635 4893 Co'mbef.
672 4837 881 4906 Ined.,
918 4836 1074 4906 μήτε.

445 4908 558 4978 (55)
588 4905 834 4978 Δηλαδή.
884 4905 1051 4963 Deest
1083 4907 1137 4961 in
1175 4906 1441 4977 pluribus
1476 4907 1643 4961 codd.

376 4976 554 5101 ,δὲὗϐςι
585 4976 940 5049 Ἑδετςθησαν.
976 4981 1100 5034 Duo
1143 4976 1345 5049 Regg.,
1377 4984 1494 5032 tres
1539 4978 1721 5047 Colb.,
1754 4984 1810 5032 et
1842 4979 1935 5035 Or.
1974 4983 2022 5052 1,

376 5070 397 5101 Ε
465 5069 619 5101 γ.σαν.
1109 5072 1115 5077 ’

374 5069 619 5103 εοεησαν.
1109 5072 1115 5077 ”

718 5127 885 5177 Deest
933 5122 989 5174 in
1040 5122 1268 5174 duobus
1324 5119 1525 5190 Regg.,
1558 5120 1801 5174 totidem
1836 5122 2017 5193 Colb.,

514 5208 557 5244 r.
632 5232 644 5245 .

372 5198 429 5246 et
463 5198 557 5245 Ur.
593 5198 644 5246 1.

440 5264 549 5331 (58)
586 5264 854 5332 Synodus
885 5263 1013 5327 ΕΙΣ,
1050 5278 1200 5315 anno
1238 5262 1371 5313 1156
1412 5260 1629 5323 habita,
1665 5260 1818 5316 inter
1858 5268 2016 5320 testi-

368 5334 565 5387 monia
621 5343 824 5387 contra
883 5334 1145 5388 haeresim
1190 5332 1472 5386 Sotericbi
1532 5333 1791 5386 scholion
1850 5339 2011 5393 sileri

365 5404 567 5457 Basilii
593 5405 821 5458 minimi
845 5406 914 5459 ad
943 5407 1092 5458 hunc
1116 5405 1332 5467 locum,
1355 5404 1453 5471 qui
1479 5402 1558 5456 sic
1582 5420 1643 5456 se
1673 5405 1847 5460 habet
1874 5427 1885 5462 :
1911 5412 2012 5461 Τοῦ

363 5473 631 5547 Θεολόγου
684 5474 742 5527 ἐκ
787 5480 883 5547 τοῦ
936 5475 1098 5547 λόγου
1146 5477 1341 5547 τοῦ-ἀ¹
1383 5471 1507 5542 Περὶ
1560 5473 1863 5547 θεολογίας,
1921 5480 2010 5533 καὶ

361 5542 732 5606 καταστάσεως
783 5542 1112 5610 ἐπισκόπων,
1172 5570 1189 5592 ιι
1248 5542 1528 5613 Κείμενον.
1572 5567 1599 5593 ‹‹
1633 5542 1748 5598 Τοῦ
1772 5549 2008 5624 μεγάλου

363 5617 630 5689 ρεοῦ-καὶ
681 5618 917 5688 Θύματος
968 5618 1055 5671 καὶ
1102 5615 1441 5689 ἀρχιερέως.Δ
1479 5637 1505 5661 ι)
1574 5615 1861 5688 Ερμηνεία
1911 5628 2007 5677 τοῦ

362 5683 653 5761 ἐλαχίστου
687 5683 990 5745 Βασιλείον.
1026 5714 1051 5737 ι(
1087 5683 1337 5761 Μεγάλου
1392 5684 1484 5757 μὲν
1515 5683 1772 5743 Θεοῦτοῦ
1805 5695 2004 5769 Κυρίου

1431 4634 1477 4667 ²⁴
1512 4636 1528 4687 Ι
1562 4634 1695 4705 Reg.
1731 4652 1809 4702 1v,
1844 4636 1910 4689 12
1940 4652 2068 4708 sqq.

2215 4421 2283 4471 A'.
2315 4417 2489 4467 Ταῦτα
2515 4410 2606 4467 οὖν
2650 4410 2806 4474 εἰδὼς
2858 4412 2987 4488 ἐγὼ,
3038 4414 3127 4468 καὶ
3174 4415 3257 4469 ’ὁτι
3293 4411 3489 4487 μηδεὶς
3520 4415 3665 4484 ἄξιος
3699 4422 3798 4471 τοῦ

2139 4502 2381 4576 μεγάλου
2426 4503 2580 4570 Θεοῦ,
2631 4499 2720 4554 καὶ
2773 4499 3012 4573 θύματος
3054 4504 3187 4575 (58),
3234 4500 3323 4556 καὶ
3376 4502 3704 4579 ἀρχιερέως,
3738 4503 3797 4565 ὅς

2150 4636 2194 4670 ³⁵
2226 4636 2271 4689 ΙΙ
2310 4640 2449 4707 Reg.
2484 4652 2559 4702 v1,
2591 4636 2646 4688 6.

2139 4768 2295 4850 ἡμῶν
2348 4767 2526 4849 Ἰησοῦ
2585 4770 2817 4855 Χριστόῦ
2844 4764 3045 4855 Λλέγει,κ
3098 4765 3229 4853 ἀλλ’
3278 4766 3408 4855 οὐχὶ
3456 4768 3795 4855 τοῦΛΠατρὸς

2137 4842 2227 4891 νῦν
2256 4857 2267 4868 ’
2293 4842 2482 4913 *τοῦτο
2536 4836 2907 4913 σημειούμεθα
2946 4836 3085 4913 πρὸς
3111 4837 3260 4913 join;
3307 4836 3385 4913 τέί
3419 4836 3675 4913 Μεγάλου
3706 4836 3797 4910 ’τῷ

2142 4861 2227 4891 νυν
2256 4861 2267 4868 ν
2323 4861 2482 4890 τουτο
2536 4861 2907 4909 σημειουμευα
2950 4861 3085 4913 προς
3133 4861 3260 4900 τους
3307 4861 3370 4892 το
3419 4861 3499 4893 me
3540 4861 3675 4892 αΛου
3720 4861 3793 4910 τῳ

2142 4908 2308 4986 [Ιατρὶ
2362 4910 2537 4986 povth
2568 4911 3020 4986 περιγράφοντας,
3066 4909 3146 4981 τῷ
3197 4907 3241 4986 δ’
3275 4910 3382 4986 Υἶῷ
3412 4911 3477 4986 τᾷ
3502 4861 3793 4986 ξεβυτεραῖα

2142 4932 2308 4984 ιιατρι
2362 4932 2511 5032 μονιὸ
2568 4932 3020 4986 περιγραφοντας,
3066 4932 3146 4981 τῳ
3197 4932 3223 4964 ο
3280 4932 3382 4981 ιίῳ
3412 4932 3477 4963 τα
3512 4932 3789 4985 οευτεραια

2138 4978 2383 5059 διδόγτας
2417 5000 2428 5010 ·
2516 4977 2737 5059 ύματοςι
2771 4979 2827 5036 δὲ
2872 4982 2957 5035 καὶ
2991 4982 3292 5059 ᾀρχιερὲως
3320 4982 3382 5035 τὸ
3416 4982 3510 5052 μὶν
3547 4982 3622 5059 ὡς
3644 5002 3789 5059 ’σφα-

2134 5050 2467 5126 γιασθέγτος,
2516 5050 2785 5126 καὶ-ἡὺπξερ
2832 5060 2930 5126 τῇς
2987 5050 3259 5126 ἡμετέρας
3324 5050 3787 5126 προσενεχθέντος

2134 5116 2403 5200 σωτηρίας
2428 5116 2461 5200 ξ’
2491 5121 2553 5200 τᾷ
2602 5119 2657 5175 δὲ
2708 5116 2784 5200 ὡς
2832 5116 2937 5200 οὐχ
2986 5116 3327 5200 ὑπ’-ἄλλου,
3367 5116 3459 5200 ὕφ’
3499 5116 3692 5178 ἰαῧτοῦ
3724 5121 3783 5179 δὲ

2131 5191 2314 5273 ἑαυτὸν
2362 5191 2666 5273 τεθυκότος,
2701 5196 2788 5247 καὶ
2823 5191 3146 5273 εἷς”σφαγήν
3208 5191 3452 5250 ἑκούσιόν
3505 5207 3785 5268 προτεθει-

2126 5267 2302 5326 κότος.
2334 5290 2353 5315 υ
2394 5267 2636 5335 Theologi
2679 5283 2747 5320 ac
2776 5267 3026 5324 oratiorie
3060 5267 3157 5324 'De
3200 5270 3471 5338 theologia
3500 5275 3549 5325 et
3577 5270 3785 5339 cpisco-

2122 5357 2321 5410 porum
2350 5339 2755 5411 constitutione.
2790 5341 3008 5395 Textus
3037 5357 3048 5394 :
3075 5364 3101 5390 ‹‹
3137 5340 3331 5411 Magni
3364 5341 3459 5395 Dei
3492 5346 3548 5395 et
3578 5340 3785 5395 hostia:

2124 5417 2179 5465 et
2211 5410 2521 5482 pontiﬁcis.
2551 5430 2577 5455 ››
2608 5410 2806 5464 Basilii
2858 5413 3085 5466 minimi
3116 5410 3523 5482 interpretatio
3558 5428 3571 5465 :
3603 5432 3629 5462 α
3658 5411 3787 5466 Ma-

2166 5498 2304 5535 num
2357 5480 2594 5551 quidem
2648 5486 2849 5551 Deum,
2883 5485 3197 5539 Dominum
3253 5480 3523 5538 nostrum
3570 5482 3782 5538 Jesum

2169 5553 2415 5607 hristum
2454 5550 2614 5616 dicit,
2650 5568 2763 5607 non
2814 5550 3010 5611 tamen
3061 5572 3218 5610 nunc
3249 5555 3501 5609 Patrem.
3537 5552 3655 5608 Hoc
3706 5556 3780 5611 ad

2120 5629 2391 5696 notamus
2451 5623 2734 5679 adversus
2791 5624 2922 5682 illos
2966 5628 3064 5696 qui
3098 5625 3447 5683 vocabulum
3507 5628 3783 5696 Magnum

2120 5645 2391 5678 ηοιιιωυδ
2451 5645 2734 5679 δυνυΓδυΒ
2792 5645 2922 5682 11108
3007 5645 3030 5681 U

2119 5695 2271 5750 Patri
2328 5697 2554 5748 tantum
2614 5645 3030 5770 ascribunt,g‘i

3034 5698 3111 5756 lio
3170 5702 3369 5756 autem
3426 5700 3621 5771 partes
3681 5712 3777 5753 se-
