  <div class='ocr_page' id='page_1' title='image "/cluster/home/n/w/nwhite01/storage/ocr_20150623/35/mdp.39015012934389/542.png"; bbox 0 0 4094 6288; ppageno 0'>
   <div class='ocr_carea' id='block_1_1' title="bbox 288 454 445 519">
    <p class='ocr_par' dir='ltr' id='par_1_1' title="bbox 288 454 445 519">
     <span class='ocr_line' id='line_1_1' title="bbox 288 454 445 519; baseline -0.013 0"><span class='ocrx_word' id='word_1_1' title='bbox 288 454 445 519; x_wconf 83' lang='grc'>1069</span> 
     </span>
    </p>
   </div>
   <div class='ocr_carea' id='block_1_2' title="bbox 1020 450 2955 519">
    <p class='ocr_par' dir='ltr' id='par_1_2' title="bbox 1020 450 2955 519">
     <span class='ocr_line' id='line_1_2' title="bbox 1020 450 2955 519; baseline 0.002 -6"><span class='ocrx_word' id='word_1_2' title='bbox 1020 451 1310 514; x_wconf 81' lang='lat' dir='ltr'>ORATIO</span> <span class='ocrx_word' id='word_1_3' title='bbox 1353 450 1483 512; x_wconf 87' lang='lat' dir='ltr'>XX.</span> <span class='ocrx_word' id='word_1_4' title='bbox 1516 482 1596 498; x_wconf 95' lang='lat'>—</span> <span class='ocrx_word' id='word_1_5' title='bbox 1622 451 1725 513; x_wconf 92' lang='lat' dir='ltr'>DE</span> <span class='ocrx_word' id='word_1_6' title='bbox 1768 450 2117 515; x_wconf 83' lang='lat' dir='ltr'>DOGMAT.</span> <span class='ocrx_word' id='word_1_7' title='bbox 2164 454 2264 515; x_wconf 88' lang='lat' dir='ltr'><strong>ET</strong></span> <span class='ocrx_word' id='word_1_8' title='bbox 2308 456 2662 518; x_wconf 91' lang='lat' dir='ltr'>CONSTlT.</span> <span class='ocrx_word' id='word_1_9' title='bbox 2709 456 2955 519; x_wconf 87' lang='lat' dir='ltr'>EPISC.</span> 
     </span>
    </p>
   </div>
   <div class='ocr_carea' id='block_1_3' title="bbox 3532 456 3689 518">
    <p class='ocr_par' dir='ltr' id='par_1_3' title="bbox 3532 456 3689 518">
     <span class='ocr_line' id='line_1_3' title="bbox 3532 456 3689 518; baseline 0 -1"><span class='ocrx_word' id='word_1_10' title='bbox 3532 456 3689 518; x_wconf 78' lang='lat'><strong>1070</strong></span> 
     </span>
    </p>
   </div>
   <div class='ocr_carea' id='block_1_4' title="bbox 292 582 1937 661">
    <p class='ocr_par' dir='ltr' id='par_1_4' title="bbox 292 582 1929 661">
     <span class='ocr_line' id='line_1_4' title="bbox 292 582 1929 661; baseline -0.003 -22"><span class='ocrx_word' id='word_1_11' title='bbox 292 589 364 661; x_wconf 81' lang='grc' dir='ltr'>μὴ</span> <span class='ocrx_word' id='word_1_12' title='bbox 426 584 688 661; x_wconf 86' lang='grc' dir='ltr'>πρότερον</span> <span class='ocrx_word' id='word_1_13' title='bbox 743 582 927 637; x_wconf 67' lang='grc' dir='ltr'>ἑαυτὸν</span> <span class='ocrx_word' id='word_1_14' title='bbox 980 582 1280 657; x_wconf 71' lang='grc' dir='ltr'>παρέστησε</span> <span class='ocrx_word' id='word_1_15' title='bbox 1326 586 1405 653; x_wconf 80' lang='grc' dir='ltr'>τῷ</span> <span class='ocrx_word' id='word_1_16' title='bbox 1455 586 1569 653; x_wconf 85' lang='grc' dir='ltr'>Θεῷ</span> <span class='ocrx_word' id='word_1_17' title='bbox 1600 582 1781 636; x_wconf 77' lang='grc' dir='ltr'>θυσίαν</span> <span class='ocrx_word' id='word_1_18' title='bbox 1819 586 1929 650; x_wconf 83' lang='grc' dir='ltr'>ζῶ-</span> 
     </span>
    </p>
   </div>
   <div class='ocr_carea' id='block_1_5' title="bbox 2052 582 3686 661">
    <p class='ocr_par' dir='ltr' id='par_1_5' title="bbox 2052 588 3686 660">
     <span class='ocr_line' id='line_1_5' title="bbox 2052 588 3686 660; baseline 0.004 -21"><span class='ocrx_word' id='word_1_19' title='bbox 2052 602 2224 657; x_wconf 77' lang='lat' dir='ltr'>gnum</span> <span class='ocrx_word' id='word_1_20' title='bbox 2256 603 2406 657; x_wconf 85' lang='lat' dir='ltr'>esse,</span> <span class='ocrx_word' id='word_1_21' title='bbox 2430 588 2530 658; x_wconf 92' lang='lat' dir='ltr'>qui</span> <span class='ocrx_word' id='word_1_22' title='bbox 2562 589 2798 660; x_wconf 86' lang='lat' dir='ltr'>quidem</span> <span class='ocrx_word' id='word_1_23' title='bbox 2853 588 3015 660; x_wconf 90' lang='lat' dir='ltr'>prius</span> <span class='ocrx_word' id='word_1_24' title='bbox 3050 593 3161 644; x_wconf 89' lang='lat' dir='ltr'>Deo</span> <span class='ocrx_word' id='word_1_25' title='bbox 3210 588 3463 645; x_wconf 83' lang='lat' dir='ltr'>hostiam</span> <span class='ocrx_word' id='word_1_26' title='bbox 3496 590 3686 645; x_wconf 85' lang='lat' dir='ltr'>viven-</span> 
     </span>
    </p>
   </div>
   <div class='ocr_carea' id='block_1_6' title="bbox 290 670 1929 747">
    <p class='ocr_par' dir='ltr' id='par_1_6' title="bbox 290 670 1929 747">
     <span class='ocr_line' id='line_1_6' title="bbox 290 670 1929 747; baseline -0.003 -18"><span class='ocrx_word' id='word_1_27' title='bbox 290 697 407 745; x_wconf 89' lang='grc' dir='ltr'>σαν,</span> <span class='ocrx_word' id='word_1_28' title='bbox 441 672 651 747; x_wconf 79' lang='grc' dir='ltr'>μᾶλλον</span> <span class='ocrx_word' id='word_1_29' title='bbox 686 670 763 741; x_wconf 76' lang='grc' dir='ltr'>δὲ,</span> <span class='ocrx_word' id='word_1_30' title='bbox 795 673 941 743; x_wconf 87' lang='grc' dir='ltr'>ναὸς,</span> <span class='ocrx_word' id='word_1_31' title='bbox 975 672 1127 745; x_wconf 79' lang='grc' dir='ltr'>ἅγιος</span> <span class='ocrx_word' id='word_1_32' title='bbox 1160 670 1369 745; x_wconf 75' lang='grc' dir='ltr'>ἰγένετο</span> <span class='ocrx_word' id='word_1_33' title='bbox 1409 675 1543 725; x_wconf 90' lang='grc' dir='ltr'>Θεοῦ</span> <span class='ocrx_word' id='word_1_34' title='bbox 1592 676 1791 739; x_wconf 83' lang='grc' dir='ltr'>ζῶντος</span> <span class='ocrx_word' id='word_1_35' title='bbox 1840 672 1929 726; x_wconf 87' lang='grc' dir='ltr'>καὶ</span> 
     </span>
    </p>
   </div>
   <div class='ocr_carea' id='block_1_7' title="bbox 292 759 1931 835">
    <p class='ocr_par' dir='ltr' id='par_1_7' title="bbox 292 759 1931 835">
     <span class='ocr_line' id='line_1_7' title="bbox 292 759 1931 835; baseline -0.001 -18"><span class='ocrx_word' id='word_1_36' title='bbox 292 769 392 833; x_wconf 81' lang='grc' dir='ltr'>ζῶν</span> <span class='ocrx_word' id='word_1_37' title='bbox 420 784 432 795; x_wconf 89' lang='grc'>·</span> <span class='ocrx_word' id='word_1_38' title='bbox 466 767 583 823; x_wconf 88' lang='grc' dir='ltr'>πῶς</span> <span class='ocrx_word' id='word_1_39' title='bbox 615 762 648 831; x_wconf 69' lang='grc' dir='ltr'><strong>ἢ</strong></span> <span class='ocrx_word' id='word_1_40' title='bbox 701 761 858 821; x_wconf 77' lang='grc' dir='ltr'>αὐτὸς</span> <span class='ocrx_word' id='word_1_41' title='bbox 888 759 1200 835; x_wconf 83' lang='grc' dir='ltr'>προχείρως</span> <span class='ocrx_word' id='word_1_42' title='bbox 1229 759 1616 835; x_wconf 78' lang='grc' dir='ltr'>ἐγχειρήσαιμι</span> <span class='ocrx_word' id='word_1_43' title='bbox 1645 766 1761 821; x_wconf 86' lang='grc' dir='ltr'>τοῖς</span> <span class='ocrx_word' id='word_1_44' title='bbox 1808 762 1931 834; x_wconf 86' lang='grc' dir='ltr'>περὶ</span> 
     </span>
    </p>
   </div>
   <div class='ocr_carea' id='block_1_8' title="bbox 289 846 1935 927">
    <p class='ocr_par' dir='ltr' id='par_1_8' title="bbox 289 846 1935 927">
     <span class='ocr_line' id='line_1_8' title="bbox 289 846 1935 927; baseline -0.003 -18"><span class='ocrx_word' id='word_1_45' title='bbox 289 858 421 910; x_wconf 86' lang='grc' dir='ltr'>Θεοῦ</span> <span class='ocrx_word' id='word_1_46' title='bbox 479 851 692 926; x_wconf 78' lang='grc' dir='ltr'>λόγοις,</span> <span class='ocrx_word' id='word_1_47' title='bbox 751 852 785 919; x_wconf 81' lang='grc' dir='ltr'>ἣ</span> <span class='ocrx_word' id='word_1_48' title='bbox 846 846 1191 920; x_wconf 77' lang='grc' dir='ltr'>ἀποδέξωμαι</span> <span class='ocrx_word' id='word_1_49' title='bbox 1247 850 1359 921; x_wconf 84' lang='grc'>(59)</span> <span class='ocrx_word' id='word_1_50' title='bbox 1412 850 1504 903; x_wconf 90' lang='grc' dir='ltr'>τὸν</span> <span class='ocrx_word' id='word_1_51' title='bbox 1580 849 1935 927; x_wconf 72' lang='grc' dir='ltr'>ἐγχειροῦντα</span> 
     </span>
    </p>
   </div>
   <div class='ocr_carea' id='block_1_9' title="bbox 289 932 1932 1019">
    <p class='ocr_par' dir='ltr' id='par_1_9' title="bbox 289 932 1932 1019">
     <span class='ocr_line' id='line_1_9' title="bbox 289 932 1932 1019; baseline -0.01 -21"><span class='ocrx_word' id='word_1_52' title='bbox 289 941 560 1019; x_wconf 84' lang='grc' dir='ltr'>θρασέως;</span> <span class='ocrx_word' id='word_1_53' title='bbox 592 940 702 993; x_wconf 81' lang='grc' dir='ltr'>Οὐκ</span> <span class='ocrx_word' id='word_1_54' title='bbox 732 937 1005 998; x_wconf 72' lang='grc' dir='ltr'>ἐπαινετὸς</span> <span class='ocrx_word' id='word_1_55' title='bbox 1039 938 1067 991; x_wconf 98' lang='lat'>6</span> <span class='ocrx_word' id='word_1_56' title='bbox 1112 937 1278 999; x_wconf 81' lang='grc' dir='ltr'>πόθος</span> <span class='ocrx_word' id='word_1_57' title='bbox 1304 957 1316 969; x_wconf 93' lang='grc'><strong>·</strong></span> <span class='ocrx_word' id='word_1_58' title='bbox 1370 932 1599 1015; x_wconf 74' lang='grc' dir='ltr'>φοϐερὸν</span> <span class='ocrx_word' id='word_1_59' title='bbox 1646 940 1708 992; x_wconf 90' lang='grc' dir='ltr'>τὸ</span> <span class='ocrx_word' id='word_1_60' title='bbox 1757 938 1932 1014; x_wconf 69' lang='grc' dir='ltr'>ἦγχεί-</span> 
     </span>
    </p>
   </div>
   <div class='ocr_carea' id='block_1_10' title="bbox 290 1026 1935 1109">
    <p class='ocr_par' dir='ltr' id='par_1_10' title="bbox 290 1026 1935 1109">
     <span class='ocr_line' id='line_1_10' title="bbox 290 1026 1935 1109; baseline -0.002 -24"><span class='ocrx_word' id='word_1_61' title='bbox 290 1052 461 1109; x_wconf 85' lang='grc' dir='ltr'>ρημα.</span> <span class='ocrx_word' id='word_1_62' title='bbox 513 1029 611 1084; x_wconf 83' lang='grc' dir='ltr'>Καὶ</span> <span class='ocrx_word' id='word_1_63' title='bbox 660 1026 750 1082; x_wconf 80' lang='grc' dir='ltr'>διὰ</span> <span class='ocrx_word' id='word_1_64' title='bbox 793 1031 955 1081; x_wconf 90' lang='grc' dir='ltr'>τοῦτο</span> <span class='ocrx_word' id='word_1_65' title='bbox 1001 1027 1291 1102; x_wconf 83' lang='grc' dir='ltr'>καθαρτέον</span> <span class='ocrx_word' id='word_1_66' title='bbox 1332 1027 1515 1081; x_wconf 73' lang='grc' dir='ltr'>ἑαυτὸν</span> <span class='ocrx_word' id='word_1_67' title='bbox 1548 1032 1787 1102; x_wconf 62' lang='grc' dir='ltr'>πρῶτον,</span> <span class='ocrx_word' id='word_1_68' title='bbox 1822 1028 1935 1082; x_wconf 76' lang='grc' dir='ltr'>εἶτα</span> 
     </span>
    </p>
   </div>
   <div class='ocr_carea' id='block_1_11' title="bbox 286 1115 1936 1195">
    <p class='ocr_par' dir='ltr' id='par_1_11' title="bbox 286 1115 1936 1195">
     <span class='ocr_line' id='line_1_11' title="bbox 286 1115 1936 1195; baseline -0.004 -18"><span class='ocrx_word' id='word_1_69' title='bbox 286 1123 365 1194; x_wconf 81' lang='grc' dir='ltr'>τῷ</span> <span class='ocrx_word' id='word_1_70' title='bbox 395 1116 615 1195; x_wconf 78' lang='grc' dir='ltr'>καθαρῷ</span> <span class='ocrx_word' id='word_1_71' title='bbox 662 1115 1101 1191; x_wconf 83' lang='grc' dir='ltr'>προσομιλητέον</span> <span class='ocrx_word' id='word_1_72' title='bbox 1130 1134 1142 1147; x_wconf 93' lang='grc'><strong>·</strong></span> <span class='ocrx_word' id='word_1_73' title='bbox 1196 1116 1242 1170; x_wconf 78' lang='grc' dir='ltr'>εἰ</span> <span class='ocrx_word' id='word_1_74' title='bbox 1296 1117 1370 1188; x_wconf 84' lang='grc' dir='ltr'>μή</span> <span class='ocrx_word' id='word_1_75' title='bbox 1416 1116 1717 1190; x_wconf 75' lang='grc' dir='ltr'>μέλλοιμεν</span> <span class='ocrx_word' id='word_1_76' title='bbox 1746 1118 1809 1171; x_wconf 88' lang='grc' dir='ltr'>τὸ</span> <span class='ocrx_word' id='word_1_77' title='bbox 1840 1122 1936 1171; x_wconf 89' lang='grc' dir='ltr'>τοῦ</span> 
     </span>
    </p>
   </div>
   <div class='ocr_carea' id='block_1_12' title="bbox 288 1204 1935 1283">
    <p class='ocr_par' dir='ltr' id='par_1_12' title="bbox 288 1204 1935 1283">
     <span class='ocr_line' id='line_1_12' title="bbox 288 1204 1935 1283; baseline -0.004 -17"><span class='ocrx_word' id='word_1_78' title='bbox 288 1210 482 1267; x_wconf 74' lang='grc' dir='ltr'>Μανωὲ</span> <span class='ocrx_word' id='word_1_79' title='bbox 533 1207 830 1276; x_wconf 88' lang='grc' dir='ltr'>πείσεσθαι,</span> <span class='ocrx_word' id='word_1_80' title='bbox 879 1205 967 1259; x_wconf 81' lang='grc' dir='ltr'>καὶ</span> <span class='ocrx_word' id='word_1_81' title='bbox 1017 1204 1184 1277; x_wconf 77' lang='grc' dir='ltr'>λέξειν</span> <span class='ocrx_word' id='word_1_82' title='bbox 1241 1207 1350 1278; x_wconf 86' lang='grc'>(60)</span> <span class='ocrx_word' id='word_1_83' title='bbox 1403 1204 1454 1259; x_wconf 75' lang='grc' dir='ltr'>έν</span> <span class='ocrx_word' id='word_1_84' title='bbox 1486 1205 1747 1283; x_wconf 75' lang='grc' dir='ltr'>φαντασίᾳ</span> <span class='ocrx_word' id='word_1_85' title='bbox 1801 1211 1935 1261; x_wconf 88' lang='grc' dir='ltr'>Θεοῦ</span> 
     </span>
    </p>
   </div>
   <div class='ocr_carea' id='block_1_13' title="bbox 289 1291 1936 1376">
    <p class='ocr_par' dir='ltr' id='par_1_13' title="bbox 289 1291 1936 1376">
     <span class='ocr_line' id='line_1_13' title="bbox 289 1291 1936 1376; baseline -0.004 -23"><span class='ocrx_word' id='word_1_86' title='bbox 289 1299 568 1376; x_wconf 88' lang='grc' dir='ltr'>γενόμενοι</span> <span class='ocrx_word' id='word_1_87' title='bbox 615 1298 746 1369; x_wconf 81' lang='grc'>(61)’</span> <span class='ocrx_word' id='word_1_88' title='bbox 798 1291 1218 1366; x_wconf 85' lang='grc' dir='ltr'>Ἀπολώλαμεν,</span> <span class='ocrx_word' id='word_1_89' title='bbox 1270 1294 1315 1346; x_wconf 80' lang='grc' dir='ltr'>ὦ</span> <span class='ocrx_word' id='word_1_90' title='bbox 1358 1293 1537 1367; x_wconf 82' lang='grc' dir='ltr'>γύναι,</span> <span class='ocrx_word' id='word_1_91' title='bbox 1589 1296 1714 1349; x_wconf 84' lang='grc' dir='ltr'>Θεὸν</span> <span class='ocrx_word' id='word_1_92' title='bbox 1763 1295 1936 1370; x_wconf 70' lang='grc' dir='ltr'>ἑωρά-</span> 
     </span>
    </p>
   </div>
   <div class='ocr_carea' id='block_1_14' title="bbox 288 1382 1935 1461">
    <p class='ocr_par' dir='ltr' id='par_1_14' title="bbox 288 1382 1935 1461">
     <span class='ocr_line' id='line_1_14' title="bbox 288 1382 1935 1461; baseline -0.004 -18"><span class='ocrx_word' id='word_1_93' title='bbox 288 1408 479 1461; x_wconf 86' lang='grc' dir='ltr'>καμεν,</span> <span class='ocrx_word' id='word_1_94' title='bbox 511 1387 567 1454; x_wconf 80' lang='grc' dir='ltr'>ἣ,</span> <span class='ocrx_word' id='word_1_95' title='bbox 615 1385 688 1445; x_wconf 83' lang='grc' dir='ltr'>ὡς</span> <span class='ocrx_word' id='word_1_96' title='bbox 731 1383 955 1457; x_wconf 86' lang='grc' dir='ltr'>Πέτρος,</span> <span class='ocrx_word' id='word_1_97' title='bbox 1011 1382 1431 1456; x_wconf 82' lang='grc' dir='ltr'>ἀποπέμψασθαι</span> <span class='ocrx_word' id='word_1_98' title='bbox 1464 1385 1577 1456; x_wconf 82' lang='grc'>(62)</span> <span class='ocrx_word' id='word_1_99' title='bbox 1606 1387 1704 1437; x_wconf 87' lang='grc' dir='ltr'>τοῦ</span> <span class='ocrx_word' id='word_1_100' title='bbox 1734 1382 1935 1438; x_wconf 87' lang='grc' dir='ltr'>πλοίου</span> 
     </span>
    </p>
   </div>
   <div class='ocr_carea' id='block_1_15' title="bbox 285 1469 1936 1545">
    <p class='ocr_par' dir='ltr' id='par_1_15' title="bbox 285 1469 1936 1545">
     <span class='ocr_line' id='line_1_15' title="bbox 285 1469 1936 1545; baseline -0.004 -13"><span class='ocrx_word' id='word_1_101' title='bbox 285 1478 374 1532; x_wconf 89' lang='grc' dir='ltr'>τὸν</span> <span class='ocrx_word' id='word_1_102' title='bbox 408 1477 640 1545; x_wconf 87' lang='grc' dir='ltr'>Ἰησοῦν,</span> <span class='ocrx_word' id='word_1_103' title='bbox 672 1474 745 1534; x_wconf 86' lang='grc' dir='ltr'>ὡς</span> <span class='ocrx_word' id='word_1_104' title='bbox 779 1470 876 1525; x_wconf 75' lang='grc' dir='ltr'>οὐκ</span> <span class='ocrx_word' id='word_1_105' title='bbox 906 1469 1042 1541; x_wconf 77' lang='grc' dir='ltr'>ἄξιοι</span> <span class='ocrx_word' id='word_1_106' title='bbox 1093 1470 1355 1541; x_wconf 72' lang='grc' dir='ltr'>τοιαύτης</span> <span class='ocrx_word' id='word_1_107' title='bbox 1388 1469 1681 1544; x_wconf 75' lang='grc' dir='ltr'>ἐπίδημίας</span> <span class='ocrx_word' id='word_1_108' title='bbox 1708 1490 1720 1502; x_wconf 90' lang='grc'><strong>·</strong></span> <span class='ocrx_word' id='word_1_109' title='bbox 1768 1474 1827 1543; x_wconf 85' lang='grc' dir='ltr'>ἢ,</span> <span class='ocrx_word' id='word_1_110' title='bbox 1861 1473 1936 1527; x_wconf 84' lang='grc' dir='ltr'>ὡς</span> 
     </span>
    </p>
   </div>
   <div class='ocr_carea' id='block_1_16' title="bbox 290 1559 1937 1637">
    <p class='ocr_par' dir='ltr' id='par_1_16' title="bbox 290 1559 1937 1637">
     <span class='ocr_line' id='line_1_16' title="bbox 290 1559 1937 1637; baseline -0.01 -18"><span class='ocrx_word' id='word_1_111' title='bbox 290 1569 317 1619; x_wconf 79' lang='lat'>6</span> <span class='ocrx_word' id='word_1_112' title='bbox 365 1563 756 1637; x_wconf 68' lang='grc' dir='ltr'>ἑκατόνταρχος</span> <span class='ocrx_word' id='word_1_113' title='bbox 807 1560 1029 1627; x_wconf 70' lang='grc' dir='ltr'>ἆκεῖνος,</span> <span class='ocrx_word' id='word_1_114' title='bbox 1076 1562 1173 1629; x_wconf 76' lang='grc' dir='ltr'>τήν</span> <span class='ocrx_word' id='word_1_115' title='bbox 1229 1560 1323 1632; x_wconf 70' lang='grc' dir='ltr'>μὲν</span> <span class='ocrx_word' id='word_1_116' title='bbox 1372 1559 1656 1636; x_wconf 83' lang='grc' dir='ltr'>θεραπείαν</span> <span class='ocrx_word' id='word_1_117' title='bbox 1703 1561 1937 1630; x_wconf 83' lang='grc' dir='ltr'>ἀπαιτή-</span> 
     </span>
    </p>
   </div>
   <div class='ocr_carea' id='block_1_17' title="bbox 291 1647 1937 1727">
    <p class='ocr_par' dir='ltr' id='par_1_17' title="bbox 291 1647 1937 1727">
     <span class='ocr_line' id='line_1_17' title="bbox 291 1647 1937 1727; baseline -0.002 -19"><span class='ocrx_word' id='word_1_118' title='bbox 291 1676 399 1710; x_wconf 79' lang='grc' dir='ltr'>σιιν</span> <span class='ocrx_word' id='word_1_119' title='bbox 436 1656 569 1727; x_wconf 87' lang='grc'>(63),</span> <span class='ocrx_word' id='word_1_120' title='bbox 598 1652 689 1705; x_wconf 89' lang='grc' dir='ltr'>τὸν</span> <span class='ocrx_word' id='word_1_121' title='bbox 743 1651 1071 1723; x_wconf 72' lang='grc' dir='ltr'>θεραπευτὴν</span> <span class='ocrx_word' id='word_1_122' title='bbox 1121 1647 1177 1703; x_wconf 74' lang='grc' dir='ltr'>δὲ</span> <span class='ocrx_word' id='word_1_123' title='bbox 1226 1648 1326 1703; x_wconf 75' lang='grc' dir='ltr'>οὐκ</span> <span class='ocrx_word' id='word_1_124' title='bbox 1372 1647 1720 1720; x_wconf 78' lang='grc' dir='ltr'>εἰσδέξασθαι.</span> <span class='ocrx_word' id='word_1_125' title='bbox 1772 1648 1937 1725; x_wconf 87' lang='grc' dir='ltr'>Λεγέ-</span> 
     </span>
    </p>
   </div>
   <div class='ocr_carea' id='block_1_18' title="bbox 287 1736 1941 1814">
    <p class='ocr_par' dir='ltr' id='par_1_18' title="bbox 287 1736 1941 1814">
     <span class='ocr_line' id='line_1_18' title="bbox 287 1736 1941 1814; baseline -0.004 -15"><span class='ocrx_word' id='word_1_126' title='bbox 287 1766 365 1799; x_wconf 86' lang='grc' dir='ltr'>τω</span> <span class='ocrx_word' id='word_1_127' title='bbox 414 1763 498 1804; x_wconf 90' lang='grc' dir='ltr'>τις</span> <span class='ocrx_word' id='word_1_128' title='bbox 544 1740 634 1795; x_wconf 85' lang='grc' dir='ltr'>καὶ</span> <span class='ocrx_word' id='word_1_129' title='bbox 663 1742 847 1813; x_wconf 74' lang='grc' dir='ltr'>ἡμῶν,</span> <span class='ocrx_word' id='word_1_130' title='bbox 880 1736 983 1800; x_wconf 72' lang='grc' dir='ltr'>ἕως</span> <span class='ocrx_word' id='word_1_131' title='bbox 1016 1738 1155 1793; x_wconf 76' lang='grc' dir='ltr'>ἐστὶν</span> <span class='ocrx_word' id='word_1_132' title='bbox 1188 1737 1606 1814; x_wconf 73' lang='grc' dir='ltr'>ἑκατόνταρχος,</span> <span class='ocrx_word' id='word_1_133' title='bbox 1637 1738 1726 1793; x_wconf 82' lang='grc' dir='ltr'>καὶ</span> <span class='ocrx_word' id='word_1_134' title='bbox 1756 1738 1941 1793; x_wconf 89' lang='grc' dir='ltr'>πλειό-</span> 
     </span>
    </p>
   </div>
   <div class='ocr_carea' id='block_1_19' title="bbox 292 1826 1942 1903">
    <p class='ocr_par' dir='ltr' id='par_1_19' title="bbox 292 1826 1942 1903">
     <span class='ocr_line' id='line_1_19' title="bbox 292 1826 1942 1903; baseline -0.004 -15"><span class='ocrx_word' id='word_1_135' title='bbox 292 1854 393 1888; x_wconf 89' lang='grc' dir='ltr'>νων</span> <span class='ocrx_word' id='word_1_136' title='bbox 447 1831 498 1886; x_wconf 64' lang='lat' dir='ltr'>iv</span> <span class='ocrx_word' id='word_1_137' title='bbox 560 1828 722 1899; x_wconf 80' lang='grc' dir='ltr'>κακίᾳ</span> <span class='ocrx_word' id='word_1_138' title='bbox 775 1830 1008 1903; x_wconf 84' lang='grc' dir='ltr'>κρατῶν,</span> <span class='ocrx_word' id='word_1_139' title='bbox 1040 1827 1128 1881; x_wconf 82' lang='grc' dir='ltr'>καὶ</span> <span class='ocrx_word' id='word_1_140' title='bbox 1182 1826 1262 1881; x_wconf 77' lang='grc' dir='ltr'>ἔτι</span> <span class='ocrx_word' id='word_1_141' title='bbox 1305 1827 1723 1902; x_wconf 84' lang='grc' dir='ltr'>στρατευόμενος</span> <span class='ocrx_word' id='word_1_142' title='bbox 1754 1827 1942 1881; x_wconf 86' lang='grc' dir='ltr'>Καίσα-</span> 
     </span>
    </p>
   </div>
   <div class='ocr_carea' id='block_1_20' title="bbox 294 1914 2016 2019">
    <p class='ocr_par' dir='ltr' id='par_1_20' title="bbox 294 1914 2016 2019">
     <span class='ocr_line' id='line_1_20' title="bbox 294 1914 2016 2019; baseline -0.003 -44"><span class='ocrx_word' id='word_1_143' title='bbox 294 1921 453 1995; x_wconf 86' lang='grc' dir='ltr'>ριτῷ</span> <span class='ocrx_word' id='word_1_144' title='bbox 483 1915 885 1991; x_wconf 83' lang='grc' dir='ltr'>κοσμοκράτορι</span> <span class='ocrx_word' id='word_1_145' title='bbox 928 1920 1034 1969; x_wconf 85' lang='grc' dir='ltr'>τῶν</span> <span class='ocrx_word' id='word_1_146' title='bbox 1080 1916 1227 1969; x_wconf 90' lang='grc' dir='ltr'>κάτω</span> <span class='ocrx_word' id='word_1_147' title='bbox 1278 1915 1588 1990; x_wconf 85' lang='grc' dir='ltr'>συρομένων</span> <span class='ocrx_word' id='word_1_148' title='bbox 1613 1936 1625 1948; x_wconf 80' lang='grc'><em>’</em></span> <span class='ocrx_word' id='word_1_149' title='bbox 1679 1914 1788 1970; x_wconf 79' lang='grc' dir='ltr'>Οὐκ</span> <span class='ocrx_word' id='word_1_150' title='bbox 1826 1915 1939 1988; x_wconf 85' lang='grc' dir='ltr'>εἷμῖ</span> <span class='ocrx_word' id='word_1_151' title='bbox 1972 1956 2016 2019; x_wconf 82' lang='grc' dir='ltr'><strong>Β</strong></span> 
     </span>
     <span class='ocr_line' id='line_1_21' title="bbox 294 2002 1925 2019; baseline 0 0"><span class='ocrx_word' id='word_1_152' title='bbox 294 2011 302 2019; x_wconf 95' lang='grc'>.</span> <span class='ocrx_word' id='word_1_153' title='bbox 419 2009 431 2019; x_wconf 87' lang='grc'>.</span> <span class='ocrx_word' id='word_1_154' title='bbox 529 2005 554 2019; x_wconf 92' lang='grc'>..</span> <span class='ocrx_word' id='word_1_155' title='bbox 845 2004 858 2019; x_wconf 81' lang='lat'>.</span> <span class='ocrx_word' id='word_1_156' title='bbox 920 2004 933 2019; x_wconf 57' lang='grc' dir='ltr'><strong>ε</strong></span> <span class='ocrx_word' id='word_1_157' title='bbox 1035 2004 1048 2019; x_wconf 85' lang='lat'>.</span> <span class='ocrx_word' id='word_1_158' title='bbox 1214 2004 1223 2019; x_wconf 84' lang='lat'>.</span> <span class='ocrx_word' id='word_1_159' title='bbox 1415 2003 1428 2019; x_wconf 68' lang='grc' dir='ltr'><strong>ς</strong></span> <span class='ocrx_word' id='word_1_160' title='bbox 1474 2003 1557 2019; x_wconf 59' lang='grc' dir='ltr'>ις..</span> <span class='ocrx_word' id='word_1_161' title='bbox 1686 2007 1746 2019; x_wconf 58' lang='grc' dir='ltr'>..Α</span> <span class='ocrx_word' id='word_1_162' title='bbox 1884 2002 1925 2019; x_wconf 61' lang='grc' dir='ltr'>..ι</span> 
     </span>
    </p>
   </div>
   <div class='ocr_carea' id='block_1_21' title="bbox 290 2002 1937 2079">
    <p class='ocr_par' dir='ltr' id='par_1_21' title="bbox 290 2002 1937 2079">
     <span class='ocr_line' id='line_1_22' title="bbox 290 2002 1937 2079; baseline -0.004 -15"><span class='ocrx_word' id='word_1_163' title='bbox 290 2009 496 2079; x_wconf 75' lang='grc' dir='ltr'>ἱκανὸς,</span> <span class='ocrx_word' id='word_1_164' title='bbox 529 2005 623 2060; x_wconf 53' lang='grc' dir='ltr'>(ίνα</span> <span class='ocrx_word' id='word_1_165' title='bbox 684 2025 787 2078; x_wconf 89' lang='grc' dir='ltr'>μου</span> <span class='ocrx_word' id='word_1_166' title='bbox 840 2004 942 2057; x_wconf 85' lang='grc' dir='ltr'>ὑπὸ</span> <span class='ocrx_word' id='word_1_167' title='bbox 990 2004 1089 2072; x_wconf 77' lang='grc' dir='ltr'>τήν</span> <span class='ocrx_word' id='word_1_168' title='bbox 1142 2004 1332 2078; x_wconf 88' lang='grc' dir='ltr'>στέγην</span> <span class='ocrx_word' id='word_1_169' title='bbox 1385 2003 1644 2078; x_wconf 83' lang='grc' dir='ltr'>εἰσέλθῃς.</span> <span class='ocrx_word' id='word_1_170' title='bbox 1686 2007 1846 2059; x_wconf 80' lang='grc' dir='ltr'>’Όταν</span> <span class='ocrx_word' id='word_1_171' title='bbox 1879 2002 1937 2058; x_wconf 69' lang='grc' dir='ltr'>δὲ</span> 
     </span>
    </p>
   </div>
   <div class='ocr_carea' id='block_1_22' title="bbox 291 2091 1933 2168">
    <p class='ocr_par' dir='ltr' id='par_1_22' title="bbox 291 2091 1933 2168">
     <span class='ocr_line' id='line_1_23' title="bbox 291 2091 1933 2168; baseline -0.003 -16"><span class='ocrx_word' id='word_1_172' title='bbox 291 2100 500 2168; x_wconf 87' lang='grc' dir='ltr'>Ἰησοῦν</span> <span class='ocrx_word' id='word_1_173' title='bbox 532 2096 829 2165; x_wconf 83' lang='grc' dir='ltr'>θεάσωμαι,</span> <span class='ocrx_word' id='word_1_174' title='bbox 877 2092 1054 2146; x_wconf 84' lang='grc' dir='ltr'>καίτοι</span> <span class='ocrx_word' id='word_1_175' title='bbox 1110 2093 1300 2163; x_wconf 77' lang='grc' dir='ltr'>μικρὸς</span> <span class='ocrx_word' id='word_1_176' title='bbox 1330 2091 1402 2145; x_wconf 83' lang='grc' dir='ltr'>ὥν</span> <span class='ocrx_word' id='word_1_177' title='bbox 1436 2093 1532 2160; x_wconf 74' lang='grc' dir='ltr'>τὴν</span> <span class='ocrx_word' id='word_1_178' title='bbox 1565 2094 1933 2165; x_wconf 74' lang='grc' dir='ltr'>πνευματικὴν</span> 
     </span>
    </p>
   </div>
   <div class='ocr_carea' id='block_1_23' title="bbox 292 2179 1936 2256">
    <p class='ocr_par' dir='ltr' id='par_1_23' title="bbox 292 2179 1936 2256">
     <span class='ocr_line' id='line_1_24' title="bbox 292 2179 1936 2256; baseline -0.003 -14"><span class='ocrx_word' id='word_1_179' title='bbox 292 2185 536 2256; x_wconf 82' lang='grc' dir='ltr'>ἠλικίαν,</span> <span class='ocrx_word' id='word_1_180' title='bbox 569 2183 642 2244; x_wconf 85' lang='grc' dir='ltr'>ὡς</span> <span class='ocrx_word' id='word_1_181' title='bbox 672 2184 700 2237; x_wconf 88' lang='lat'>6</span> <span class='ocrx_word' id='word_1_182' title='bbox 732 2186 1002 2255; x_wconf 84' lang='grc' dir='ltr'>Ζακχαῖος</span> <span class='ocrx_word' id='word_1_183' title='bbox 1035 2179 1257 2249; x_wconf 82' lang='grc' dir='ltr'>ἐκεῖνος,</span> <span class='ocrx_word' id='word_1_184' title='bbox 1290 2180 1377 2235; x_wconf 87' lang='grc' dir='ltr'>καὶ</span> <span class='ocrx_word' id='word_1_185' title='bbox 1412 2182 1543 2253; x_wconf 67' lang='grc' dir='ltr'>ὑπὲρ</span> <span class='ocrx_word' id='word_1_186' title='bbox 1574 2182 1673 2249; x_wconf 75' lang='grc' dir='ltr'>τήν</span> <span class='ocrx_word' id='word_1_187' title='bbox 1698 2202 1936 2255; x_wconf 83' lang='grc' dir='ltr'>συκομο-</span> 
     </span>
    </p>
   </div>
   <div class='ocr_carea' id='block_1_24' title="bbox 294 2268 1937 2351">
    <p class='ocr_par' dir='ltr' id='par_1_24' title="bbox 294 2268 1937 2351">
     <span class='ocr_line' id='line_1_25' title="bbox 294 2268 1937 2351; baseline -0.003 -22"><span class='ocrx_word' id='word_1_188' title='bbox 294 2276 414 2351; x_wconf 87' lang='grc' dir='ltr'>ρέαν</span> <span class='ocrx_word' id='word_1_189' title='bbox 473 2273 639 2349; x_wconf 81' lang='grc' dir='ltr'>ἀρθῶ,</span> <span class='ocrx_word' id='word_1_190' title='bbox 697 2271 968 2346; x_wconf 87' lang='grc' dir='ltr'>νεκρώσας</span> <span class='ocrx_word' id='word_1_191' title='bbox 1014 2270 1081 2323; x_wconf 73' lang='grc' dir='ltr'>τά</span> <span class='ocrx_word' id='word_1_192' title='bbox 1131 2269 1271 2341; x_wconf 82' lang='grc' dir='ltr'>μέλη</span> <span class='ocrx_word' id='word_1_193' title='bbox 1320 2270 1388 2323; x_wconf 79' lang='grc' dir='ltr'>τὰ</span> <span class='ocrx_word' id='word_1_194' title='bbox 1436 2268 1521 2323; x_wconf 73' lang='grc' dir='ltr'>ἐπὶ</span> <span class='ocrx_word' id='word_1_195' title='bbox 1562 2276 1661 2338; x_wconf 81' lang='grc' dir='ltr'>τῆς</span> <span class='ocrx_word' id='word_1_196' title='bbox 1692 2277 1814 2345; x_wconf 80' lang='grc' dir='ltr'>γῆς,</span> <span class='ocrx_word' id='word_1_197' title='bbox 1847 2271 1937 2325; x_wconf 84' lang='grc' dir='ltr'>καὶ</span> 
     </span>
    </p>
   </div>
   <div class='ocr_carea' id='block_1_25' title="bbox 301 2358 1935 2438">
    <p class='ocr_par' dir='ltr' id='par_1_25' title="bbox 301 2358 1935 2438">
     <span class='ocr_line' id='line_1_26' title="bbox 301 2358 1935 2438; baseline -0.004 -21"><span class='ocrx_word' id='word_1_198' title='bbox 301 2365 536 2438; x_wconf 88' lang='grc' dir='ltr'>μαράνας</span> <span class='ocrx_word' id='word_1_199' title='bbox 585 2361 695 2435; x_wconf 55' lang='grc'>(64)</span> <span class='ocrx_word' id='word_1_200' title='bbox 740 2360 802 2413; x_wconf 92' lang='grc' dir='ltr'>τὸ</span> <span class='ocrx_word' id='word_1_201' title='bbox 860 2361 1020 2430; x_wconf 84' lang='grc' dir='ltr'>σῶμα</span> <span class='ocrx_word' id='word_1_202' title='bbox 1066 2364 1165 2426; x_wconf 79' lang='grc' dir='ltr'>τῆς</span> <span class='ocrx_word' id='word_1_203' title='bbox 1214 2358 1587 2419; x_wconf 78' lang='grc' dir='ltr'>ταπεινώσεως</span> <span class='ocrx_word' id='word_1_204' title='bbox 1618 2379 1631 2391; x_wconf 73' lang='grc' dir='ltr'><strong>ο</strong></span> <span class='ocrx_word' id='word_1_205' title='bbox 1682 2358 1804 2413; x_wconf 89' lang='grc' dir='ltr'>τότε</span> <span class='ocrx_word' id='word_1_206' title='bbox 1846 2358 1935 2412; x_wconf 86' lang='grc' dir='ltr'>καὶ</span> 
     </span>
    </p>
   </div>
   <div class='ocr_carea' id='block_1_26' title="bbox 292 2445 1937 2522">
    <p class='ocr_par' dir='ltr' id='par_1_26' title="bbox 292 2445 1937 2522">
     <span class='ocr_line' id='line_1_27' title="bbox 292 2445 1937 2522; baseline -0.004 -15"><span class='ocrx_word' id='word_1_207' title='bbox 292 2454 501 2521; x_wconf 86' lang='grc' dir='ltr'>Ἰησοῦν</span> <span class='ocrx_word' id='word_1_208' title='bbox 536 2446 861 2519; x_wconf 76' lang='grc' dir='ltr'>εἰσδέξομαι,</span> <span class='ocrx_word' id='word_1_209' title='bbox 892 2446 979 2501; x_wconf 85' lang='grc' dir='ltr'>καὶ</span> <span class='ocrx_word' id='word_1_210' title='bbox 1012 2445 1313 2518; x_wconf 81' lang='grc' dir='ltr'>ἀκούσομαι</span> <span class='ocrx_word' id='word_1_211' title='bbox 1340 2465 1351 2476; x_wconf 92' lang='grc'>·</span> <span class='ocrx_word' id='word_1_212' title='bbox 1396 2448 1647 2522; x_wconf 73' lang='grc' dir='ltr'>Σήμερον</span> <span class='ocrx_word' id='word_1_213' title='bbox 1697 2448 1937 2522; x_wconf 86' lang='grc' dir='ltr'>σωτηρία</span> 
     </span>
    </p>
   </div>
   <div class='ocr_carea' id='block_1_27' title="bbox 289 2535 1934 2614">
    <p class='ocr_par' dir='ltr' id='par_1_27' title="bbox 289 2535 1934 2614">
     <span class='ocr_line' id='line_1_28' title="bbox 289 2535 1934 2614; baseline -0.004 -19"><span class='ocrx_word' id='word_1_214' title='bbox 289 2545 367 2613; x_wconf 80' lang='grc' dir='ltr'>τῷ</span> <span class='ocrx_word' id='word_1_215' title='bbox 397 2536 532 2612; x_wconf 78' lang='grc' dir='ltr'>οἷ’κῳ</span> <span class='ocrx_word' id='word_1_216' title='bbox 561 2538 740 2608; x_wconf 80' lang='grc' dir='ltr'>τούτῳ</span> <span class='ocrx_word' id='word_1_217' title='bbox 767 2553 780 2567; x_wconf 93' lang='grc'><strong>·</strong></span> <span class='ocrx_word' id='word_1_218' title='bbox 830 2536 919 2589; x_wconf 89' lang='grc' dir='ltr'>καὶ</span> <span class='ocrx_word' id='word_1_219' title='bbox 960 2541 1061 2603; x_wconf 82' lang='grc' dir='ltr'>τῆς</span> <span class='ocrx_word' id='word_1_220' title='bbox 1114 2535 1389 2610; x_wconf 82' lang='grc' dir='ltr'>σωτηρίας</span> <span class='ocrx_word' id='word_1_221' title='bbox 1416 2536 1694 2607; x_wconf 78' lang='grc' dir='ltr'>τεύξομαι,</span> <span class='ocrx_word' id='word_1_222' title='bbox 1726 2536 1815 2590; x_wconf 88' lang='grc' dir='ltr'>καὶ</span> <span class='ocrx_word' id='word_1_223' title='bbox 1848 2558 1934 2614; x_wconf 78' lang='grc' dir='ltr'>φι-</span> 
     </span>
    </p>
   </div>
   <div class='ocr_carea' id='block_1_28' title="bbox 291 2624 1935 2707">
    <p class='ocr_par' dir='ltr' id='par_1_28' title="bbox 291 2624 1935 2707">
     <span class='ocr_line' id='line_1_29' title="bbox 291 2624 1935 2707; baseline -0.003 -23"><span class='ocrx_word' id='word_1_224' title='bbox 291 2627 590 2707; x_wconf 73' lang='grc' dir='ltr'>λοσοφήσω</span> <span class='ocrx_word' id='word_1_225' title='bbox 632 2628 697 2679; x_wconf 77' lang='grc' dir='ltr'>τὰ</span> <span class='ocrx_word' id='word_1_226' title='bbox 740 2624 1063 2697; x_wconf 85' lang='grc' dir='ltr'>τελεώτερα,</span> <span class='ocrx_word' id='word_1_227' title='bbox 1115 2624 1420 2697; x_wconf 86' lang='grc' dir='ltr'>σκορπίζων</span> <span class='ocrx_word' id='word_1_228' title='bbox 1460 2625 1645 2686; x_wconf 87' lang='grc' dir='ltr'>καλῶς</span> <span class='ocrx_word' id='word_1_229' title='bbox 1686 2625 1717 2679; x_wconf 78' lang='grc' dir='ltr'>ἃ</span> <span class='ocrx_word' id='word_1_230' title='bbox 1754 2629 1935 2688; x_wconf 84' lang='grc' dir='ltr'>κακῶς</span> 
     </span>
    </p>
   </div>
   <div class='ocr_carea' id='block_1_29' title="bbox 292 2710 1503 2792">
    <p class='ocr_par' dir='ltr' id='par_1_29' title="bbox 292 2710 1503 2792">
     <span class='ocr_line' id='line_1_30' title="bbox 292 2710 1503 2792; baseline -0.002 -20"><span class='ocrx_word' id='word_1_231' title='bbox 292 2720 618 2792; x_wconf 77' lang='grc' dir='ltr'>συνήγαγον,</span> <span class='ocrx_word' id='word_1_232' title='bbox 653 2710 759 2768; x_wconf 53' lang='lat' dir='ltr'>ait:</span> <span class='ocrx_word' id='word_1_233' title='bbox 788 2715 898 2788; x_wconf 81' lang='grc' dir='ltr'>χρή</span> <span class='ocrx_word' id='word_1_234' title='bbox 912 2734 1071 2785; x_wconf 87' lang='grc' dir='ltr'>ματα,</span> <span class='ocrx_word' id='word_1_235' title='bbox 1106 2712 1211 2767; x_wconf 57' lang='grc' dir='ltr'>εἴτε</span> <span class='ocrx_word' id='word_1_236' title='bbox 1240 2711 1503 2788; x_wconf 87' lang='grc' dir='ltr'>δόγματα.</span> 
     </span>
    </p>
   </div>
   <div class='ocr_carea' id='block_1_30' title="bbox 2042 677 3691 748">
    <p class='ocr_par' dir='ltr' id='par_1_30' title="bbox 2042 677 3691 748">
     <span class='ocr_line' id='line_1_31' title="bbox 2042 677 3691 748; baseline 0.004 -20"><span class='ocrx_word' id='word_1_237' title='bbox 2042 679 2158 729; x_wconf 89' lang='lat' dir='ltr'>tem</span> <span class='ocrx_word' id='word_1_238' title='bbox 2219 677 2479 748; x_wconf 87' lang='lat' dir='ltr'>seipsum</span> <span class='ocrx_word' id='word_1_239' title='bbox 2540 696 2653 735; x_wconf 90' lang='lat' dir='ltr'>non</span> <span class='ocrx_word' id='word_1_240' title='bbox 2712 678 3126 746; x_wconf 69' lang='lat' dir='ltr'>exhibuerit“,</span> <span class='ocrx_word' id='word_1_241' title='bbox 3182 683 3303 743; x_wconf 89' lang='lat' dir='ltr'>aut,</span> <span class='ocrx_word' id='word_1_242' title='bbox 3355 683 3420 733; x_wconf 92' lang='lat' dir='ltr'>ut</span> <span class='ocrx_word' id='word_1_243' title='bbox 3477 681 3691 736; x_wconf 86' lang='lat' dir='ltr'>rectius</span> 
     </span>
    </p>
   </div>
   <div class='ocr_carea' id='block_1_31' title="bbox 2043 762 3692 839">
    <p class='ocr_par' dir='ltr' id='par_1_31' title="bbox 2043 762 3692 839">
     <span class='ocr_line' id='line_1_32' title="bbox 2043 762 3692 839; baseline 0.005 -23"><span class='ocrx_word' id='word_1_244' title='bbox 2043 762 2269 834; x_wconf 84' lang='lat' dir='ltr'>loquar,</span> <span class='ocrx_word' id='word_1_245' title='bbox 2294 766 2396 820; x_wconf 87' lang='lat' dir='ltr'>Dei</span> <span class='ocrx_word' id='word_1_246' title='bbox 2425 765 2532 820; x_wconf 92' lang='lat' dir='ltr'>vivi</span> <span class='ocrx_word' id='word_1_247' title='bbox 2567 766 2853 839; x_wconf 81' lang='lat' dir='ltr'>templum</span> <span class='ocrx_word' id='word_1_248' title='bbox 2886 772 3153 822; x_wconf 86' lang='lat' dir='ltr'>sanctum</span> <span class='ocrx_word' id='word_1_249' title='bbox 3201 784 3266 823; x_wconf 90' lang='lat' dir='ltr'>ac</span> <span class='ocrx_word' id='word_1_250' title='bbox 3310 768 3503 824; x_wconf 90' lang='lat' dir='ltr'>vivum</span> <span class='ocrx_word' id='word_1_251' title='bbox 3529 770 3570 802; x_wconf 78' lang='grc'>²⁷</span> <span class='ocrx_word' id='word_1_252' title='bbox 3601 768 3692 824; x_wconf 88' lang='lat' dir='ltr'>fa-</span> 
     </span>
    </p>
   </div>
   <div class='ocr_carea' id='block_1_32' title="bbox 2045 853 3691 928">
    <p class='ocr_par' dir='ltr' id='par_1_32' title="bbox 2045 853 3691 928">
     <span class='ocr_line' id='line_1_33' title="bbox 2045 853 3691 928; baseline 0.004 -23"><span class='ocrx_word' id='word_1_253' title='bbox 2045 856 2173 907; x_wconf 89' lang='lat' dir='ltr'>ctus</span> <span class='ocrx_word' id='word_1_254' title='bbox 2205 853 2309 919; x_wconf 86' lang='lat' dir='ltr'>sit;</span> <span class='ocrx_word' id='word_1_255' title='bbox 2345 854 2442 924; x_wconf 86' lang='lat' dir='ltr'>qui</span> <span class='ocrx_word' id='word_1_256' title='bbox 2472 857 2709 909; x_wconf 82' lang='lat' dir='ltr'>tandem</span> <span class='ocrx_word' id='word_1_257' title='bbox 2744 856 2866 911; x_wconf 87' lang='lat' dir='ltr'>ﬁeri</span> <span class='ocrx_word' id='word_1_258' title='bbox 2899 857 3101 927; x_wconf 81' lang='lat' dir='ltr'>possit,</span> <span class='ocrx_word' id='word_1_259' title='bbox 3135 860 3199 911; x_wconf 92' lang='lat' dir='ltr'>ut</span> <span class='ocrx_word' id='word_1_260' title='bbox 3226 856 3314 911; x_wconf 85' lang='lat' dir='ltr'>vel</span> <span class='ocrx_word' id='word_1_261' title='bbox 3344 857 3470 928; x_wconf 89' lang='lat' dir='ltr'>ipse</span> <span class='ocrx_word' id='word_1_262' title='bbox 3500 873 3691 928; x_wconf 89' lang='lat' dir='ltr'>prom-</span> 
     </span>
    </p>
   </div>
   <div class='ocr_carea' id='block_1_33' title="bbox 2046 943 3690 1019">
    <p class='ocr_par' dir='ltr' id='par_1_33' title="bbox 2046 943 3690 1019">
     <span class='ocr_line' id='line_1_34' title="bbox 2046 943 3690 1019; baseline 0.002 -23"><span class='ocrx_word' id='word_1_263' title='bbox 2046 947 2142 1013; x_wconf 89' lang='lat' dir='ltr'>pto</span> <span class='ocrx_word' id='word_1_264' title='bbox 2173 943 2368 997; x_wconf 90' lang='lat' dir='ltr'>animo</span> <span class='ocrx_word' id='word_1_265' title='bbox 2391 945 2461 999; x_wconf 93' lang='lat' dir='ltr'>de</span> <span class='ocrx_word' id='word_1_266' title='bbox 2491 944 2606 999; x_wconf 91' lang='lat' dir='ltr'>Deo</span> <span class='ocrx_word' id='word_1_267' title='bbox 2630 945 3087 1016; x_wconf 80' lang='lat' dir='ltr'>disputationem</span> <span class='ocrx_word' id='word_1_268' title='bbox 3124 945 3333 1000; x_wconf 90' lang='lat' dir='ltr'>habere</span> <span class='ocrx_word' id='word_1_269' title='bbox 3362 946 3690 1019; x_wconf 80' lang='lat' dir='ltr'>aggrediar,</span> 
     </span>
    </p>
   </div>
   <div class='ocr_carea' id='block_1_34' title="bbox 2044 1031 3694 1105">
    <p class='ocr_par' dir='ltr' id='par_1_34' title="bbox 2044 1031 3694 1105">
     <span class='ocr_line' id='line_1_35' title="bbox 2044 1031 3694 1105; baseline 0.002 -20"><span class='ocrx_word' id='word_1_270' title='bbox 2044 1031 2133 1085; x_wconf 86' lang='lat' dir='ltr'>vel</span> <span class='ocrx_word' id='word_1_271' title='bbox 2162 1035 2379 1087; x_wconf 87' lang='lat' dir='ltr'>temere</span> <span class='ocrx_word' id='word_1_272' title='bbox 2428 1033 2859 1105; x_wconf 87' lang='lat' dir='ltr'>aggredientem</span> <span class='ocrx_word' id='word_1_273' title='bbox 2894 1036 3177 1105; x_wconf 78' lang='lat' dir='ltr'>probem?</span> <span class='ocrx_word' id='word_1_274' title='bbox 3210 1034 3528 1090; x_wconf 80' lang='lat' dir='ltr'>Laudande</span> <span class='ocrx_word' id='word_1_275' title='bbox 3576 1051 3694 1089; x_wconf 91' lang='lat' dir='ltr'>non</span> 
     </span>
    </p>
   </div>
   <div class='ocr_carea' id='block_1_35' title="bbox 2045 1119 3696 1193">
    <p class='ocr_par' dir='ltr' id='par_1_35' title="bbox 2045 1119 3696 1193">
     <span class='ocr_line' id='line_1_36' title="bbox 2045 1119 3696 1193; baseline 0.003 -19"><span class='ocrx_word' id='word_1_276' title='bbox 2045 1124 2134 1174; x_wconf 90' lang='lat' dir='ltr'>est</span> <span class='ocrx_word' id='word_1_277' title='bbox 2166 1119 2285 1174; x_wconf 72' lang='lat' dir='ltr'>haec</span> <span class='ocrx_word' id='word_1_278' title='bbox 2315 1121 2641 1193; x_wconf 85' lang='lat' dir='ltr'>cupiditas;</span> <span class='ocrx_word' id='word_1_279' title='bbox 2691 1122 3055 1193; x_wconf 89' lang='lat' dir='ltr'>periculosus</span> <span class='ocrx_word' id='word_1_280' title='bbox 3104 1139 3168 1177; x_wconf 90' lang='lat' dir='ltr'>ac</span> <span class='ocrx_word' id='word_1_281' title='bbox 3219 1124 3573 1179; x_wconf 88' lang='lat' dir='ltr'>metuendus</span> <span class='ocrx_word' id='word_1_282' title='bbox 3602 1123 3696 1179; x_wconf 84' lang='lat' dir='ltr'>hic</span> 
     </span>
    </p>
   </div>
   <div class='ocr_carea' id='block_1_36' title="bbox 2047 1210 3699 1283">
    <p class='ocr_par' dir='ltr' id='par_1_36' title="bbox 2047 1210 3699 1283">
     <span class='ocr_line' id='line_1_37' title="bbox 2047 1210 3699 1283; baseline 0.003 -21"><span class='ocrx_word' id='word_1_283' title='bbox 2047 1213 2313 1264; x_wconf 88' lang='lat' dir='ltr'>conatus.</span> <span class='ocrx_word' id='word_1_284' title='bbox 2337 1210 2415 1264; x_wconf 85' lang='lat' dir='ltr'>Ac</span> <span class='ocrx_word' id='word_1_285' title='bbox 2438 1210 2678 1281; x_wconf 85' lang='lat' dir='ltr'>proinde</span> <span class='ocrx_word' id='word_1_286' title='bbox 2705 1211 2941 1282; x_wconf 87' lang='lat' dir='ltr'>purgari</span> <span class='ocrx_word' id='word_1_287' title='bbox 2967 1227 3071 1265; x_wconf 88' lang='lat' dir='ltr'>nos</span> <span class='ocrx_word' id='word_1_288' title='bbox 3095 1215 3230 1265; x_wconf 89' lang='lat' dir='ltr'>ante</span> <span class='ocrx_word' id='word_1_289' title='bbox 3253 1216 3499 1283; x_wconf 84' lang='lat' dir='ltr'>oportet,</span> <span class='ocrx_word' id='word_1_290' title='bbox 3524 1216 3699 1282; x_wconf 88' lang='lat' dir='ltr'>atque</span> 
     </span>
    </p>
   </div>
   <div class='ocr_carea' id='block_1_37' title="bbox 2047 1297 3698 1373">
    <p class='ocr_par' dir='ltr' id='par_1_37' title="bbox 2047 1297 3698 1373">
     <span class='ocr_line' id='line_1_38' title="bbox 2047 1297 3698 1373; baseline 0.003 -23"><span class='ocrx_word' id='word_1_291' title='bbox 2047 1297 2127 1350; x_wconf 89' lang='lat' dir='ltr'>ita</span> <span class='ocrx_word' id='word_1_292' title='bbox 2157 1298 2367 1352; x_wconf 90' lang='lat' dir='ltr'>deinde</span> <span class='ocrx_word' id='word_1_293' title='bbox 2412 1299 2469 1351; x_wconf 88' lang='lat' dir='ltr'>in</span> <span class='ocrx_word' id='word_1_294' title='bbox 2502 1298 2683 1364; x_wconf 90' lang='lat' dir='ltr'>illius,</span> <span class='ocrx_word' id='word_1_295' title='bbox 2709 1299 2805 1369; x_wconf 89' lang='lat' dir='ltr'>qui</span> <span class='ocrx_word' id='word_1_296' title='bbox 2853 1316 3035 1370; x_wconf 88' lang='lat' dir='ltr'>purus</span> <span class='ocrx_word' id='word_1_297' title='bbox 3085 1304 3196 1367; x_wconf 88' lang='lat' dir='ltr'>est,</span> <span class='ocrx_word' id='word_1_298' title='bbox 3230 1315 3611 1373; x_wconf 84' lang='lat' dir='ltr'>congressum</span> <span class='ocrx_word' id='word_1_299' title='bbox 3644 1305 3698 1355; x_wconf 87' lang='lat' dir='ltr'>et</span> 
     </span>
    </p>
   </div>
   <div class='ocr_carea' id='block_1_38' title="bbox 2048 1384 3699 1461">
    <p class='ocr_par' dir='ltr' id='par_1_38' title="bbox 2048 1384 3699 1461">
     <span class='ocr_line' id='line_1_39' title="bbox 2048 1384 3699 1461; baseline 0.003 -22"><span class='ocrx_word' id='word_1_300' title='bbox 2048 1384 2405 1456; x_wconf 90' lang='lat' dir='ltr'>colloquium</span> <span class='ocrx_word' id='word_1_301' title='bbox 2456 1386 2679 1455; x_wconf 90' lang='lat' dir='ltr'>venire;</span> <span class='ocrx_word' id='word_1_302' title='bbox 2723 1404 2795 1443; x_wconf 89' lang='lat' dir='ltr'>ne</span> <span class='ocrx_word' id='word_1_303' title='bbox 2852 1388 3069 1459; x_wconf 86' lang='lat' dir='ltr'>alioqui</span> <span class='ocrx_word' id='word_1_304' title='bbox 3121 1389 3289 1444; x_wconf 90' lang='lat' dir='ltr'>nobis</span> <span class='ocrx_word' id='word_1_305' title='bbox 3339 1389 3492 1445; x_wconf 91' lang='lat' dir='ltr'>idem</span> <span class='ocrx_word' id='word_1_306' title='bbox 3543 1390 3699 1461; x_wconf 91' lang='lat' dir='ltr'>quod</span> 
     </span>
    </p>
   </div>
   <div class='ocr_carea' id='block_1_39' title="bbox 2049 1476 3697 1547">
    <p class='ocr_par' dir='ltr' id='par_1_39' title="bbox 2049 1476 3697 1547">
     <span class='ocr_line' id='line_1_40' title="bbox 2049 1476 3697 1547; baseline 0.001 -16"><span class='ocrx_word' id='word_1_307' title='bbox 2049 1476 2277 1543; x_wconf 87' lang='lat' dir='ltr'>Manue,</span> <span class='ocrx_word' id='word_1_308' title='bbox 2314 1476 2562 1545; x_wconf 88' lang='lat' dir='ltr'>accidat,</span> <span class='ocrx_word' id='word_1_309' title='bbox 2598 1492 2661 1530; x_wconf 89' lang='lat' dir='ltr'>ac</span> <span class='ocrx_word' id='word_1_310' title='bbox 2713 1476 2812 1531; x_wconf 93' lang='lat' dir='ltr'>Dei</span> <span class='ocrx_word' id='word_1_311' title='bbox 2845 1477 3066 1532; x_wconf 84' lang='lat' dir='ltr'>visione</span> <span class='ocrx_word' id='word_1_312' title='bbox 3117 1478 3442 1547; x_wconf 90' lang='lat' dir='ltr'>perstrictis</span> <span class='ocrx_word' id='word_1_313' title='bbox 3490 1477 3697 1545; x_wconf 90' lang='lat' dir='ltr'>oculis,</span> 
     </span>
    </p>
   </div>
   <div class='ocr_carea' id='block_1_40' title="bbox 2049 1562 3697 1630">
    <p class='ocr_par' dir='ltr' id='par_1_40' title="bbox 2049 1562 3697 1630">
     <span class='ocr_line' id='line_1_41' title="bbox 2049 1562 3697 1630; baseline 0.003 -13"><span class='ocrx_word' id='word_1_314' title='bbox 2049 1562 2316 1619; x_wconf 90' lang='lat' dir='ltr'>dicamus</span> <span class='ocrx_word' id='word_1_315' title='bbox 2342 1582 2354 1618; x_wconf 88' lang='lat'><strong>:</strong></span> <span class='ocrx_word' id='word_1_316' title='bbox 2381 1565 2677 1630; x_wconf 77' lang='lat' dir='ltr'>Periimus,</span> <span class='ocrx_word' id='word_1_317' title='bbox 2707 1566 2946 1627; x_wconf 79' lang='lat' dir='ltr'>mulier;</span> <span class='ocrx_word' id='word_1_318' title='bbox 2968 1566 3120 1620; x_wconf 76' lang='lat'>878</span> <span class='ocrx_word' id='word_1_319' title='bbox 3154 1567 3324 1621; x_wconf 84' lang='lat' dir='ltr'>Deum</span> <span class='ocrx_word' id='word_1_320' title='bbox 3354 1566 3593 1622; x_wconf 77' lang='lat' dir='ltr'>vidimus</span> <span class='ocrx_word' id='word_1_321' title='bbox 3614 1568 3657 1601; x_wconf 73' lang='grc'>’⁸</span> <span class='ocrx_word' id='word_1_322' title='bbox 3684 1583 3697 1622; x_wconf 89' lang='lat'><strong>:</strong></span> 
     </span>
    </p>
   </div>
   <div class='ocr_carea' id='block_1_41' title="bbox 2050 1652 3697 1727">
    <p class='ocr_par' dir='ltr' id='par_1_41' title="bbox 2050 1652 3697 1727">
     <span class='ocr_line' id='line_1_42' title="bbox 2050 1652 3697 1727; baseline 0.002 -19"><span class='ocrx_word' id='word_1_323' title='bbox 2050 1656 2172 1721; x_wconf 88' lang='lat' dir='ltr'>aut,</span> <span class='ocrx_word' id='word_1_324' title='bbox 2205 1652 2361 1708; x_wconf 89' lang='lat' dir='ltr'>Petri</span> <span class='ocrx_word' id='word_1_325' title='bbox 2417 1653 2605 1709; x_wconf 87' lang='lat' dir='ltr'>instar</span> <span class='ocrx_word' id='word_1_326' title='bbox 2624 1655 2687 1723; x_wconf 64' lang='lat'>’9,</span> <span class='ocrx_word' id='word_1_327' title='bbox 2719 1654 2920 1709; x_wconf 88' lang='lat' dir='ltr'>Jesum</span> <span class='ocrx_word' id='word_1_328' title='bbox 2968 1672 3002 1709; x_wconf 90' lang='lat' dir='ltr'>a</span> <span class='ocrx_word' id='word_1_329' title='bbox 3050 1654 3279 1727; x_wconf 88' lang='lat' dir='ltr'>navigio</span> <span class='ocrx_word' id='word_1_330' title='bbox 3339 1655 3697 1726; x_wconf 87' lang='lat' dir='ltr'>ablegemus,</span> 
     </span>
    </p>
   </div>
   <div class='ocr_carea' id='block_1_42' title="bbox 2051 1742 3701 1816">
    <p class='ocr_par' dir='ltr' id='par_1_42' title="bbox 2051 1742 3701 1816">
     <span class='ocr_line' id='line_1_43' title="bbox 2051 1742 3701 1816; baseline 0.002 -20"><span class='ocrx_word' id='word_1_331' title='bbox 2051 1746 2334 1813; x_wconf 88' lang='lat' dir='ltr'>tanquam</span> <span class='ocrx_word' id='word_1_332' title='bbox 2366 1742 2709 1813; x_wconf 88' lang='lat' dir='ltr'>hujusmodi</span> <span class='ocrx_word' id='word_1_333' title='bbox 2742 1744 3054 1814; x_wconf 65' lang='lat' dir='ltr'>praesentia</span> <span class='ocrx_word' id='word_1_334' title='bbox 3083 1744 3325 1799; x_wconf 90' lang='lat' dir='ltr'>minime</span> <span class='ocrx_word' id='word_1_335' title='bbox 3356 1744 3518 1816; x_wconf 85' lang='lat' dir='ltr'>digni</span> <span class='ocrx_word' id='word_1_336' title='bbox 3551 1761 3563 1797; x_wconf 96' lang='lat'>:</span> <span class='ocrx_word' id='word_1_337' title='bbox 3599 1749 3701 1801; x_wconf 87' lang='lat' dir='ltr'>aut</span> 
     </span>
    </p>
   </div>
   <div class='ocr_carea' id='block_1_43' title="bbox 2050 1831 3697 1904">
    <p class='ocr_par' dir='ltr' id='par_1_43' title="bbox 2050 1831 3697 1904">
     <span class='ocr_line' id='line_1_44' title="bbox 2050 1831 3697 1904; baseline 0.002 -19"><span class='ocrx_word' id='word_1_338' title='bbox 2050 1831 2322 1902; x_wconf 90' lang='lat' dir='ltr'>denique,</span> <span class='ocrx_word' id='word_1_339' title='bbox 2359 1836 2422 1887; x_wconf 91' lang='lat' dir='ltr'>ut</span> <span class='ocrx_word' id='word_1_340' title='bbox 2450 1832 2715 1887; x_wconf 90' lang='lat' dir='ltr'>centurio</span> <span class='ocrx_word' id='word_1_341' title='bbox 2746 1831 2843 1887; x_wconf 91' lang='lat' dir='ltr'>ille</span> <span class='ocrx_word' id='word_1_342' title='bbox 2876 1832 3225 1888; x_wconf 84' lang='lat' dir='ltr'>medicinam</span> <span class='ocrx_word' id='word_1_343' title='bbox 3258 1832 3492 1902; x_wconf 89' lang='lat' dir='ltr'>quidem</span> <span class='ocrx_word' id='word_1_344' title='bbox 3525 1848 3697 1904; x_wconf 84' lang='lat' dir='ltr'>expo-</span> 
     </span>
    </p>
   </div>
   <div class='ocr_carea' id='block_1_44' title="bbox 2051 1920 3698 1986">
    <p class='ocr_par' dir='ltr' id='par_1_44' title="bbox 2051 1920 3698 1986">
     <span class='ocr_line' id='line_1_45' title="bbox 2051 1920 3698 1986; baseline 0.002 -13"><span class='ocrx_word' id='word_1_345' title='bbox 2051 1935 2307 1986; x_wconf 88' lang='lat' dir='ltr'>scamus,</span> <span class='ocrx_word' id='word_1_346' title='bbox 2343 1920 2631 1976; x_wconf 88' lang='lat' dir='ltr'>medicum</span> <span class='ocrx_word' id='word_1_347' title='bbox 2664 1925 2858 1975; x_wconf 87' lang='lat' dir='ltr'>autem</span> <span class='ocrx_word' id='word_1_348' title='bbox 2894 1920 3132 1975; x_wconf 88' lang='lat' dir='ltr'>minime</span> <span class='ocrx_word' id='word_1_349' title='bbox 3165 1921 3569 1976; x_wconf 87' lang='lat' dir='ltr'>admittamus.</span> <span class='ocrx_word' id='word_1_350' title='bbox 3605 1921 3698 1976; x_wconf 88' lang='lat' dir='ltr'>Di-</span> 
     </span>
    </p>
   </div>
   <div class='ocr_carea' id='block_1_45' title="bbox 2048 2009 3697 2080">
    <p class='ocr_par' dir='ltr' id='par_1_45' title="bbox 2048 2009 3697 2080">
     <span class='ocr_line' id='line_1_46' title="bbox 2048 2009 3697 2080; baseline 0.001 -18"><span class='ocrx_word' id='word_1_351' title='bbox 2048 2014 2140 2062; x_wconf 90' lang='lat' dir='ltr'>cat</span> <span class='ocrx_word' id='word_1_352' title='bbox 2161 2009 2336 2063; x_wconf 89' lang='lat' dir='ltr'>etiam</span> <span class='ocrx_word' id='word_1_353' title='bbox 2361 2009 2675 2080; x_wconf 84' lang='lat' dir='ltr'>quisquam</span> <span class='ocrx_word' id='word_1_354' title='bbox 2699 2012 2987 2075; x_wconf 90' lang='lat' dir='ltr'>nostrum,</span> <span class='ocrx_word' id='word_1_355' title='bbox 3012 2009 3276 2079; x_wconf 90' lang='lat' dir='ltr'>quandiu</span> <span class='ocrx_word' id='word_1_356' title='bbox 3299 2010 3562 2064; x_wconf 88' lang='lat' dir='ltr'>centurio</span> <span class='ocrx_word' id='word_1_357' title='bbox 3588 2014 3697 2080; x_wconf 88' lang='lat' dir='ltr'>est,</span> 
     </span>
    </p>
   </div>
   <div class='ocr_carea' id='block_1_46' title="bbox 2048 2095 3701 2169">
    <p class='ocr_par' dir='ltr' id='par_1_46' title="bbox 2048 2095 3701 2169">
     <span class='ocr_line' id='line_1_47' title="bbox 2048 2095 3701 2169; baseline 0.001 -19"><span class='ocrx_word' id='word_1_358' title='bbox 2048 2096 2286 2168; x_wconf 84' lang='lat' dir='ltr'>Vitiique</span> <span class='ocrx_word' id='word_1_359' title='bbox 2342 2096 2653 2168; x_wconf 91' lang='lat' dir='ltr'>imperium</span> <span class='ocrx_word' id='word_1_360' title='bbox 2711 2095 2864 2151; x_wconf 82' lang='lat' dir='ltr'>inter</span> <span class='ocrx_word' id='word_1_361' title='bbox 2913 2096 3130 2152; x_wconf 88' lang='lat' dir='ltr'>multos</span> <span class='ocrx_word' id='word_1_362' title='bbox 3178 2101 3354 2164; x_wconf 85' lang='lat' dir='ltr'>tenet,</span> <span class='ocrx_word' id='word_1_363' title='bbox 3392 2097 3701 2169; x_wconf 88' lang='lat' dir='ltr'>adhucque</span> 
     </span>
    </p>
   </div>
   <div class='ocr_carea' id='block_1_47' title="bbox 2047 2184 3698 2256">
    <p class='ocr_par' dir='ltr' id='par_1_47' title="bbox 2047 2184 3698 2256">
     <span class='ocr_line' id='line_1_48' title="bbox 2047 2184 3698 2256; baseline 0.001 -17"><span class='ocrx_word' id='word_1_364' title='bbox 2047 2186 2157 2240; x_wconf 87' lang='lat' dir='ltr'>sub</span> <span class='ocrx_word' id='word_1_365' title='bbox 2206 2185 2447 2254; x_wconf 67' lang='lat' dir='ltr'>Caesare,</span> <span class='ocrx_word' id='word_1_366' title='bbox 2482 2185 2592 2239; x_wconf 91' lang='lat' dir='ltr'>hoc</span> <span class='ocrx_word' id='word_1_367' title='bbox 2637 2189 2746 2251; x_wconf 88' lang='lat' dir='ltr'>est,</span> <span class='ocrx_word' id='word_1_368' title='bbox 2781 2184 2987 2239; x_wconf 90' lang='lat' dir='ltr'>mundi</span> <span class='ocrx_word' id='word_1_369' title='bbox 3039 2184 3322 2255; x_wconf 90' lang='lat' dir='ltr'>principe,</span> <span class='ocrx_word' id='word_1_370' title='bbox 3373 2189 3549 2256; x_wconf 90' lang='lat' dir='ltr'>atque</span> <span class='ocrx_word' id='word_1_371' title='bbox 3602 2202 3698 2240; x_wconf 91' lang='lat' dir='ltr'>eo-</span> 
     </span>
    </p>
   </div>
   <div class='ocr_carea' id='block_1_48' title="bbox 2047 2273 3696 2345">
    <p class='ocr_par' dir='ltr' id='par_1_48' title="bbox 2047 2273 3696 2345">
     <span class='ocr_line' id='line_1_49' title="bbox 2047 2273 3696 2345; baseline 0.001 -18"><span class='ocrx_word' id='word_1_372' title='bbox 2047 2291 2199 2340; x_wconf 89' lang='lat' dir='ltr'>rum,</span> <span class='ocrx_word' id='word_1_373' title='bbox 2234 2274 2333 2345; x_wconf 93' lang='lat' dir='ltr'>qui</span> <span class='ocrx_word' id='word_1_374' title='bbox 2365 2274 2528 2328; x_wconf 91' lang='lat' dir='ltr'>humi</span> <span class='ocrx_word' id='word_1_375' title='bbox 2578 2279 2823 2344; x_wconf 86' lang='lat' dir='ltr'>serpunt</span> <span class='ocrx_word' id='word_1_376' title='bbox 2870 2274 3241 2344; x_wconf 86' lang='lat' dir='ltr'>imperatore,</span> <span class='ocrx_word' id='word_1_377' title='bbox 3272 2273 3566 2343; x_wconf 86' lang='lat' dir='ltr'>stipendia</span> <span class='ocrx_word' id='word_1_378' title='bbox 3614 2274 3696 2329; x_wconf 85' lang='lat' dir='ltr'>fa-</span> 
     </span>
    </p>
   </div>
   <div class='ocr_carea' id='block_1_49' title="bbox 2046 2363 3695 2434">
    <p class='ocr_par' dir='ltr' id='par_1_49' title="bbox 2046 2363 3695 2434">
     <span class='ocr_line' id='line_1_50' title="bbox 2046 2363 3695 2434; baseline 0.001 -17"><span class='ocrx_word' id='word_1_379' title='bbox 2046 2364 2124 2417; x_wconf 87' lang='lat' dir='ltr'>cit</span> <span class='ocrx_word' id='word_1_380' title='bbox 2157 2380 2169 2418; x_wconf 94' lang='lat'>:</span> <span class='ocrx_word' id='word_1_381' title='bbox 2202 2363 2321 2418; x_wconf 83' lang='lat' dir='ltr'>Non</span> <span class='ocrx_word' id='word_1_382' title='bbox 2349 2380 2471 2417; x_wconf 86' lang='lat' dir='ltr'>sum</span> <span class='ocrx_word' id='word_1_383' title='bbox 2500 2364 2717 2434; x_wconf 85' lang='lat' dir='ltr'>dignus,</span> <span class='ocrx_word' id='word_1_384' title='bbox 2750 2366 2809 2417; x_wconf 89' lang='lat' dir='ltr'>ut</span> <span class='ocrx_word' id='word_1_385' title='bbox 2840 2365 3015 2417; x_wconf 81' lang='lat' dir='ltr'>intres</span> <span class='ocrx_word' id='word_1_386' title='bbox 3055 2365 3155 2417; x_wconf 87' lang='lat' dir='ltr'>sub</span> <span class='ocrx_word' id='word_1_387' title='bbox 3199 2367 3397 2417; x_wconf 78' lang='lat' dir='ltr'>tectum</span> <span class='ocrx_word' id='word_1_388' title='bbox 3427 2378 3611 2417; x_wconf 84' lang='lat' dir='ltr'>meum</span> <span class='ocrx_word' id='word_1_389' title='bbox 3631 2364 3695 2419; x_wconf 82' lang='grc' dir='ltr'>³ο.</span> 
     </span>
    </p>
   </div>
   <div class='ocr_carea' id='block_1_50' title="bbox 2045 2450 3697 2522">
    <p class='ocr_par' dir='ltr' id='par_1_50' title="bbox 2045 2450 3697 2522">
     <span class='ocr_line' id='line_1_51' title="bbox 2045 2450 3697 2522; baseline 0.001 -17"><span class='ocrx_word' id='word_1_390' title='bbox 2045 2455 2187 2506; x_wconf 89' lang='lat' dir='ltr'>Cum</span> <span class='ocrx_word' id='word_1_391' title='bbox 2221 2458 2415 2507; x_wconf 88' lang='lat' dir='ltr'>autem</span> <span class='ocrx_word' id='word_1_392' title='bbox 2452 2452 2656 2507; x_wconf 87' lang='lat' dir='ltr'>Jesum</span> <span class='ocrx_word' id='word_1_393' title='bbox 2690 2468 3062 2522; x_wconf 81' lang='lat' dir='ltr'>conspexero,</span> <span class='ocrx_word' id='word_1_394' title='bbox 3088 2451 3355 2522; x_wconf 87' lang='lat' dir='ltr'>quamvis</span> <span class='ocrx_word' id='word_1_395' title='bbox 3405 2450 3697 2522; x_wconf 86' lang='lat' dir='ltr'>spirituali</span> 
     </span>
    </p>
   </div>
   <div class='ocr_carea' id='block_1_51' title="bbox 2046 2540 3698 2612">
    <p class='ocr_par' dir='ltr' id='par_1_51' title="bbox 2046 2540 3698 2612">
     <span class='ocr_line' id='line_1_52' title="bbox 2046 2540 3698 2612; baseline 0 -16"><span class='ocrx_word' id='word_1_396' title='bbox 2046 2545 2272 2596; x_wconf 88' lang='lat' dir='ltr'>statura</span> <span class='ocrx_word' id='word_1_397' title='bbox 2305 2557 2538 2611; x_wconf 90' lang='lat' dir='ltr'>parvus,</span> <span class='ocrx_word' id='word_1_398' title='bbox 2574 2545 2636 2595; x_wconf 89' lang='lat' dir='ltr'>ut</span> <span class='ocrx_word' id='word_1_399' title='bbox 2674 2540 2770 2595; x_wconf 89' lang='lat' dir='ltr'>ille</span> <span class='ocrx_word' id='word_1_400' title='bbox 2799 2541 3092 2611; x_wconf 85' lang='lat' dir='ltr'>Zaohaeus,</span> <span class='ocrx_word' id='word_1_401' title='bbox 3128 2556 3193 2595; x_wconf 86' lang='lat' dir='ltr'>ac</span> <span class='ocrx_word' id='word_1_402' title='bbox 3225 2555 3402 2611; x_wconf 88' lang='lat' dir='ltr'>super</span> <span class='ocrx_word' id='word_1_403' title='bbox 3431 2556 3698 2612; x_wconf 83' lang='lat' dir='ltr'>sycomo-</span> 
     </span>
    </p>
   </div>
   <div class='ocr_carea' id='block_1_52' title="bbox 2044 2627 3698 2695">
    <p class='ocr_par' dir='ltr' id='par_1_52' title="bbox 2044 2627 3698 2695">
     <span class='ocr_line' id='line_1_53' title="bbox 2044 2627 3698 2695; baseline 0 -12"><span class='ocrx_word' id='word_1_404' title='bbox 2044 2645 2176 2683; x_wconf 87' lang='lat' dir='ltr'>rum</span> <span class='ocrx_word' id='word_1_405' title='bbox 2209 2633 2443 2683; x_wconf 90' lang='lat' dir='ltr'>evectus</span> <span class='ocrx_word' id='word_1_406' title='bbox 2493 2629 2653 2684; x_wconf 90' lang='lat' dir='ltr'>fuero</span> <span class='ocrx_word' id='word_1_407' title='bbox 2674 2628 2739 2695; x_wconf 66' lang='grc' dir='ltr'>εί,</span> <span class='ocrx_word' id='word_1_408' title='bbox 2774 2628 3139 2683; x_wconf 86' lang='lat' dir='ltr'>mortiﬁcatis</span> <span class='ocrx_word' id='word_1_409' title='bbox 3180 2627 3461 2682; x_wconf 89' lang='lat' dir='ltr'>nimirum</span> <span class='ocrx_word' id='word_1_410' title='bbox 3512 2643 3698 2683; x_wconf 88' lang='lat' dir='ltr'>mem-</span> 
     </span>
    </p>
   </div>
   <div class='ocr_carea' id='block_1_53' title="bbox 2044 2715 3700 2788">
    <p class='ocr_par' dir='ltr' id='par_1_53' title="bbox 2044 2715 3700 2788">
     <span class='ocr_line' id='line_1_54' title="bbox 2044 2715 3700 2788; baseline 0.001 -18"><span class='ocrx_word' id='word_1_411' title='bbox 2044 2716 2187 2781; x_wconf 87' lang='lat' dir='ltr'>bris,</span> <span class='ocrx_word' id='word_1_412' title='bbox 2212 2733 2339 2787; x_wconf 73' lang='lat' dir='ltr'>quaa</span> <span class='ocrx_word' id='word_1_413' title='bbox 2388 2720 2527 2771; x_wconf 90' lang='lat' dir='ltr'>sunt</span> <span class='ocrx_word' id='word_1_414' title='bbox 2574 2733 2751 2788; x_wconf 91' lang='lat' dir='ltr'>super</span> <span class='ocrx_word' id='word_1_415' title='bbox 2782 2722 2998 2771; x_wconf 89' lang='lat' dir='ltr'>terram</span> <span class='ocrx_word' id='word_1_416' title='bbox 3021 2717 3089 2784; x_wconf 80' lang='grc'>³²,</span> <span class='ocrx_word' id='word_1_417' title='bbox 3117 2722 3293 2787; x_wconf 89' lang='lat' dir='ltr'>atque</span> <span class='ocrx_word' id='word_1_418' title='bbox 3342 2715 3700 2773; x_wconf 84' lang='lat' dir='ltr'>humilitatis</span> 
     </span>
    </p>
   </div>
   <div class='ocr_carea' id='block_1_54' title="bbox 290 2805 3699 2881">
    <p class='ocr_par' dir='ltr' id='par_1_54' title="bbox 290 2805 3699 2881">
     <span class='ocr_line' id='line_1_55' title="bbox 290 2805 3699 2881; baseline -0.001 -17"><span class='ocrx_word' id='word_1_419' title='bbox 290 2824 531 2881; x_wconf 89' lang='lat' dir='ltr'>corpore</span> <span class='ocrx_word' id='word_1_420' title='bbox 562 2806 875 2862; x_wconf 88' lang='lat' dir='ltr'>reformato</span> <span class='ocrx_word' id='word_1_421' title='bbox 898 2806 966 2870; x_wconf 78' lang='grc'>³³,</span> <span class='ocrx_word' id='word_1_422' title='bbox 1002 2809 1127 2859; x_wconf 91' lang='lat' dir='ltr'>tum</span> <span class='ocrx_word' id='word_1_423' title='bbox 1158 2821 1291 2860; x_wconf 89' lang='lat' dir='ltr'>vero</span> <span class='ocrx_word' id='word_1_424' title='bbox 1341 2811 1398 2860; x_wconf 91' lang='lat' dir='ltr'>et</span> <span class='ocrx_word' id='word_1_425' title='bbox 1443 2806 1645 2860; x_wconf 88' lang='lat' dir='ltr'>Jesum</span> <span class='ocrx_word' id='word_1_426' title='bbox 1695 2805 2000 2876; x_wconf 87' lang='lat' dir='ltr'>excipiam,</span> <span class='ocrx_word' id='word_1_427' title='bbox 2033 2810 2089 2861; x_wconf 92' lang='lat' dir='ltr'>et</span> <span class='ocrx_word' id='word_1_428' title='bbox 2119 2806 2350 2861; x_wconf 87' lang='lat' dir='ltr'>audiam</span> <span class='ocrx_word' id='word_1_429' title='bbox 2389 2823 2401 2860; x_wconf 89' lang='lat'><strong>:</strong></span> <span class='ocrx_word' id='word_1_430' title='bbox 2434 2806 2620 2875; x_wconf 82' lang='lat' dir='ltr'>Hodie,</span> <span class='ocrx_word' id='word_1_431' title='bbox 2649 2808 2800 2861; x_wconf 77' lang='lat' dir='ltr'>satus</span> <span class='ocrx_word' id='word_1_432' title='bbox 2848 2806 2978 2861; x_wconf 83' lang='lat' dir='ltr'>huic</span> <span class='ocrx_word' id='word_1_433' title='bbox 3026 2806 3310 2874; x_wconf 76' lang='lat' dir='ltr'>domui“;</span> <span class='ocrx_word' id='word_1_434' title='bbox 3348 2811 3405 2861; x_wconf 91' lang='lat' dir='ltr'>et</span> <span class='ocrx_word' id='word_1_435' title='bbox 3450 2806 3699 2862; x_wconf 85' lang='lat' dir='ltr'>salutem</span> 
     </span>
    </p>
   </div>
   <div class='ocr_carea' id='block_1_55' title="bbox 292 2891 3700 2968">
    <p class='ocr_par' dir='ltr' id='par_1_55' title="bbox 292 2891 3700 2968">
     <span class='ocr_line' id='line_1_56' title="bbox 292 2891 3700 2968; baseline -0 -17"><span class='ocrx_word' id='word_1_436' title='bbox 292 2897 605 2968; x_wconf 88' lang='lat' dir='ltr'>adipiscar,</span> <span class='ocrx_word' id='word_1_437' title='bbox 639 2898 694 2948; x_wconf 91' lang='lat' dir='ltr'>et</span> <span class='ocrx_word' id='word_1_438' title='bbox 725 2892 1066 2964; x_wconf 87' lang='lat' dir='ltr'>perfectiora</span> <span class='ocrx_word' id='word_1_439' title='bbox 1095 2891 1196 2947; x_wconf 87' lang='lat' dir='ltr'>illa</span> <span class='ocrx_word' id='word_1_440' title='bbox 1227 2892 1421 2947; x_wconf 82' lang='lat' dir='ltr'>ofﬁcia</span> <span class='ocrx_word' id='word_1_441' title='bbox 1449 2893 1664 2948; x_wconf 89' lang='lat' dir='ltr'>curabo</span> <span class='ocrx_word' id='word_1_442' title='bbox 1695 2896 1874 2964; x_wconf 87' lang='lat' dir='ltr'>atque</span> <span class='ocrx_word' id='word_1_443' title='bbox 1902 2910 2206 2965; x_wconf 83' lang='lat' dir='ltr'>exsequar,</span> <span class='ocrx_word' id='word_1_444' title='bbox 2245 2894 2510 2963; x_wconf 64' lang='lat' dir='ltr'>praeclare</span> <span class='ocrx_word' id='word_1_445' title='bbox 2541 2911 2824 2966; x_wconf 85' lang='lat' dir='ltr'>spargens</span> <span class='ocrx_word' id='word_1_446' title='bbox 2854 2910 2980 2965; x_wconf 64' lang='lat' dir='ltr'>quae</span> <span class='ocrx_word' id='word_1_447' title='bbox 3023 2895 3300 2950; x_wconf 86' lang='lat' dir='ltr'>scelerate</span> <span class='ocrx_word' id='word_1_448' title='bbox 3330 2894 3700 2966; x_wconf 86' lang='lat' dir='ltr'>collegeram,</span> 
     </span>
    </p>
   </div>
   <div class='ocr_carea' id='block_1_56' title="bbox 291 2980 1217 3056">
    <p class='ocr_par' dir='ltr' id='par_1_56' title="bbox 291 2980 1217 3056">
     <span class='ocr_line' id='line_1_57' title="bbox 291 2980 1217 3056; baseline -0.008 -16"><span class='ocrx_word' id='word_1_449' title='bbox 291 2986 411 3041; x_wconf 87' lang='lat' dir='ltr'>sive</span> <span class='ocrx_word' id='word_1_450' title='bbox 441 2983 742 3056; x_wconf 88' lang='lat' dir='ltr'>pecunias,</span> <span class='ocrx_word' id='word_1_451' title='bbox 775 2980 893 3035; x_wconf 91' lang='lat' dir='ltr'>sive</span> <span class='ocrx_word' id='word_1_452' title='bbox 922 2980 1217 3051; x_wconf 87' lang='lat' dir='ltr'>dogmata.</span> 
     </span>
    </p>
   </div>
   <div class='ocr_carea' id='block_1_57' title="bbox 361 3066 1937 3144">
    <p class='ocr_par' dir='ltr' id='par_1_57' title="bbox 361 3066 1934 3144">
     <span class='ocr_line' id='line_1_58' title="bbox 361 3066 1934 3144; baseline -0.004 -15"><span class='ocrx_word' id='word_1_453' title='bbox 361 3074 438 3129; x_wconf 85' lang='lat' dir='ltr'>E&#39;.</span> <span class='ocrx_word' id='word_1_454' title='bbox 484 3070 631 3126; x_wconf 83' lang='grc' dir='ltr'>Ἐπεὶ</span> <span class='ocrx_word' id='word_1_455' title='bbox 677 3067 734 3123; x_wconf 81' lang='grc' dir='ltr'>δὶ</span> <span class='ocrx_word' id='word_1_456' title='bbox 785 3068 1189 3139; x_wconf 73' lang='grc' dir='ltr'>ἀνεκαθήραμεν</span> <span class='ocrx_word' id='word_1_457' title='bbox 1240 3068 1318 3139; x_wconf 77' lang='grc' dir='ltr'>τῷ</span> <span class='ocrx_word' id='word_1_458' title='bbox 1350 3066 1500 3143; x_wconf 89' lang='grc' dir='ltr'>λόγῳ</span> <span class='ocrx_word' id='word_1_459' title='bbox 1528 3068 1619 3122; x_wconf 86' lang='grc' dir='ltr'>τὸν</span> <span class='ocrx_word' id='word_1_460' title='bbox 1655 3067 1934 3144; x_wconf 89' lang='grc' dir='ltr'>θεόλογον,</span> 
     </span>
    </p>
   </div>
   <div class='ocr_carea' id='block_1_58' title="bbox 2052 3066 3697 3144">
    <p class='ocr_par' dir='ltr' id='par_1_58' title="bbox 2120 3071 3697 3144">
     <span class='ocr_line' id='line_1_59' title="bbox 2120 3071 3697 3144; baseline 0.002 -19"><span class='ocrx_word' id='word_1_461' title='bbox 2120 3072 2187 3128; x_wconf 90' lang='lat' dir='ltr'>V.</span> <span class='ocrx_word' id='word_1_462' title='bbox 2223 3072 2509 3136; x_wconf 88' lang='lat' dir='ltr'>Quoniam</span> <span class='ocrx_word' id='word_1_463' title='bbox 2562 3074 2759 3126; x_wconf 89' lang='lat' dir='ltr'>autem</span> <span class='ocrx_word' id='word_1_464' title='bbox 2792 3088 3060 3127; x_wconf 86' lang='lat' dir='ltr'>sermone</span> <span class='ocrx_word' id='word_1_465' title='bbox 3090 3071 3446 3143; x_wconf 88' lang='lat' dir='ltr'>Theologum</span> <span class='ocrx_word' id='word_1_466' title='bbox 3497 3089 3697 3144; x_wconf 90' lang='lat' dir='ltr'>repur-</span> 
     </span>
    </p>
   </div>
   <div class='ocr_carea' id='block_1_59' title="bbox 295 3153 1942 3239">
    <p class='ocr_par' dir='ltr' id='par_1_59' title="bbox 295 3153 1942 3239">
     <span class='ocr_line' id='line_1_60' title="bbox 295 3153 1942 3239; baseline -0.004 -23"><span class='ocrx_word' id='word_1_467' title='bbox 295 3162 422 3239; x_wconf 77' lang='grc' dir='ltr'>φέρε</span> <span class='ocrx_word' id='word_1_468' title='bbox 453 3158 519 3227; x_wconf 79' lang='grc' dir='ltr'>δὴ</span> <span class='ocrx_word' id='word_1_469' title='bbox 550 3159 639 3213; x_wconf 86' lang='grc' dir='ltr'>καὶ</span> <span class='ocrx_word' id='word_1_470' title='bbox 670 3157 794 3231; x_wconf 86' lang='grc' dir='ltr'>περὶ</span> <span class='ocrx_word' id='word_1_471' title='bbox 824 3160 957 3211; x_wconf 90' lang='grc' dir='ltr'>Θεοῦ</span> <span class='ocrx_word' id='word_1_472' title='bbox 988 3155 1061 3217; x_wconf 86' lang='grc' dir='ltr'>ὡς</span> <span class='ocrx_word' id='word_1_473' title='bbox 1095 3153 1146 3207; x_wconf 86' lang='grc' dir='ltr'>ἐν</span> <span class='ocrx_word' id='word_1_474' title='bbox 1183 3156 1380 3230; x_wconf 87' lang='grc' dir='ltr'>βραχεῖ</span> <span class='ocrx_word' id='word_1_475' title='bbox 1411 3153 1816 3231; x_wconf 82' lang='grc' dir='ltr'>διαλεχθῶμεν,</span> <span class='ocrx_word' id='word_1_476' title='bbox 1848 3157 1942 3211; x_wconf 81' lang='grc' dir='ltr'>αὐ-</span> 
     </span>
    </p>
   </div>
   <div class='ocr_carea' id='block_1_60' title="bbox 297 3244 1941 3321">
    <p class='ocr_par' dir='ltr' id='par_1_60' title="bbox 297 3244 1941 3321">
     <span class='ocr_line' id='line_1_61' title="bbox 297 3244 1941 3321; baseline -0.004 -17"><span class='ocrx_word' id='word_1_477' title='bbox 297 3255 374 3321; x_wconf 77' lang='grc' dir='ltr'>τῷ</span> <span class='ocrx_word' id='word_1_478' title='bbox 429 3248 509 3319; x_wconf 85' lang='grc' dir='ltr'>τῷ</span> <span class='ocrx_word' id='word_1_479' title='bbox 566 3245 757 3320; x_wconf 87' lang='grc' dir='ltr'>Πατρὶ,</span> <span class='ocrx_word' id='word_1_480' title='bbox 807 3245 895 3298; x_wconf 87' lang='grc' dir='ltr'>καὶ</span> <span class='ocrx_word' id='word_1_481' title='bbox 944 3248 1021 3314; x_wconf 79' lang='grc' dir='ltr'>τῷ</span> <span class='ocrx_word' id='word_1_482' title='bbox 1070 3244 1198 3314; x_wconf 78' lang='grc' dir='ltr'>Υἱῴ,</span> <span class='ocrx_word' id='word_1_483' title='bbox 1249 3244 1336 3298; x_wconf 85' lang='grc' dir='ltr'>καὶ</span> <span class='ocrx_word' id='word_1_484' title='bbox 1386 3249 1464 3316; x_wconf 80' lang='grc' dir='ltr'>τῷ</span> <span class='ocrx_word' id='word_1_485' title='bbox 1505 3246 1642 3319; x_wconf 86' lang='grc' dir='ltr'>ἁγίῳ</span> <span class='ocrx_word' id='word_1_486' title='bbox 1674 3245 1941 3318; x_wconf 81' lang='grc' dir='ltr'>Πνεύματι</span> 
     </span>
    </p>
   </div>
   <div class='ocr_carea' id='block_1_61' title="bbox 301 3330 1940 3413">
    <p class='ocr_par' dir='ltr' id='par_1_61' title="bbox 301 3330 1940 3413">
     <span class='ocr_line' id='line_1_62' title="bbox 301 3330 1940 3413; baseline -0.001 -22"><span class='ocrx_word' id='word_1_487' title='bbox 301 3337 690 3413; x_wconf 64' lang='grc' dir='ltr'>θαρρήσαντες,</span> <span class='ocrx_word' id='word_1_488' title='bbox 734 3332 857 3407; x_wconf 82' lang='grc' dir='ltr'>περὶ</span> <span class='ocrx_word' id='word_1_489' title='bbox 908 3332 979 3386; x_wconf 86' lang='grc' dir='ltr'>ὧν</span> <span class='ocrx_word' id='word_1_490' title='bbox 1023 3333 1050 3385; x_wconf 90' lang='lat'>6</span> <span class='ocrx_word' id='word_1_491' title='bbox 1100 3330 1285 3407; x_wconf 90' lang='grc' dir='ltr'>λόγος.</span> <span class='ocrx_word' id='word_1_492' title='bbox 1329 3330 1582 3408; x_wconf 75' lang='grc' dir='ltr'>Εὕχομαι</span> <span class='ocrx_word' id='word_1_493' title='bbox 1631 3331 1687 3388; x_wconf 74' lang='grc' dir='ltr'>δὲ</span> <span class='ocrx_word' id='word_1_494' title='bbox 1732 3334 1794 3388; x_wconf 87' lang='grc' dir='ltr'>τὸ</span> <span class='ocrx_word' id='word_1_495' title='bbox 1843 3339 1940 3389; x_wconf 86' lang='grc' dir='ltr'>τοῦ</span> 
     </span>
    </p>
   </div>
   <div class='ocr_carea' id='block_1_62' title="bbox 271 3417 1939 3498">
    <p class='ocr_par' dir='ltr' id='par_1_62' title="bbox 271 3417 1939 3498">
     <span class='ocr_line' id='line_1_63' title="bbox 271 3417 1939 3498; baseline -0.001 -18"><span class='ocrx_word' id='word_1_496' title='bbox 271 3424 649 3498; x_wconf 84' lang='grc' dir='ltr'>Σολομῶντος</span> <span class='ocrx_word' id='word_1_497' title='bbox 679 3423 886 3493; x_wconf 85' lang='grc' dir='ltr'>παθεῖν,</span> <span class='ocrx_word' id='word_1_498' title='bbox 924 3419 1092 3493; x_wconf 78' lang='grc' dir='ltr'>μηδὲν</span> <span class='ocrx_word' id='word_1_499' title='bbox 1129 3417 1263 3475; x_wconf 74' lang='grc' dir='ltr'>ἴδιον</span> <span class='ocrx_word' id='word_1_500' title='bbox 1310 3421 1557 3491; x_wconf 77' lang='grc' dir='ltr'>ἐννοῆσαι</span> <span class='ocrx_word' id='word_1_501' title='bbox 1608 3424 1731 3497; x_wconf 86' lang='grc' dir='ltr'>περί</span> <span class='ocrx_word' id='word_1_502' title='bbox 1782 3428 1939 3493; x_wconf 86' lang='grc' dir='ltr'>Θεοῦ,</span> 
     </span>
    </p>
   </div>
   <div class='ocr_carea' id='block_1_63' title="bbox 292 3510 1939 3590">
    <p class='ocr_par' dir='ltr' id='par_1_63' title="bbox 292 3510 1939 3590">
     <span class='ocr_line' id='line_1_64' title="bbox 292 3510 1939 3590; baseline -0.001 -22"><span class='ocrx_word' id='word_1_503' title='bbox 292 3512 432 3587; x_wconf 74' lang='grc' dir='ltr'>μηδὲ</span> <span class='ocrx_word' id='word_1_504' title='bbox 488 3512 832 3590; x_wconf 77' lang='grc' dir='ltr'>φθέγξασθαι.</span> <span class='ocrx_word' id='word_1_505' title='bbox 898 3512 1062 3567; x_wconf 82' lang='grc' dir='ltr'>’Ὀταν</span> <span class='ocrx_word' id='word_1_506' title='bbox 1133 3510 1232 3586; x_wconf 78' lang='grc' dir='ltr'>γὰρ</span> <span class='ocrx_word' id='word_1_507' title='bbox 1298 3510 1454 3585; x_wconf 78' lang='grc' dir='ltr'>λέγῃ,</span> <span class='ocrx_word' id='word_1_508' title='bbox 1518 3512 1939 3588; x_wconf 81' lang='grc' dir='ltr'>Ἀφρονέστατος</span> 
     </span>
    </p>
   </div>
   <div class='ocr_carea' id='block_1_64' title="bbox 287 3599 1940 3679">
    <p class='ocr_par' dir='ltr' id='par_1_64' title="bbox 287 3599 1940 3679">
     <span class='ocr_line' id='line_1_65' title="bbox 287 3599 1940 3679; baseline -0.002 -21"><span class='ocrx_word' id='word_1_509' title='bbox 287 3606 391 3679; x_wconf 81' lang='grc' dir='ltr'>γάρ</span> <span class='ocrx_word' id='word_1_510' title='bbox 461 3602 575 3675; x_wconf 84' lang='grc' dir='ltr'>εἰμι</span> <span class='ocrx_word' id='word_1_511' title='bbox 654 3600 868 3655; x_wconf 89' lang='grc' dir='ltr'>πάντωτ</span> <span class='ocrx_word' id='word_1_512' title='bbox 944 3599 1262 3674; x_wconf 86' lang='grc' dir='ltr'>ἀνθρώπων,</span> <span class='ocrx_word' id='word_1_513' title='bbox 1348 3601 1438 3654; x_wconf 85' lang='grc' dir='ltr'>καὶ</span> <span class='ocrx_word' id='word_1_514' title='bbox 1516 3601 1777 3677; x_wconf 81' lang='grc' dir='ltr'>φρόνησις</span> <span class='ocrx_word' id='word_1_515' title='bbox 1855 3603 1940 3655; x_wconf 82' lang='grc' dir='ltr'>ἀν-</span> 
     </span>
    </p>
   </div>
   <div class='ocr_carea' id='block_1_65' title="bbox 292 3688 1936 3768">
    <p class='ocr_par' dir='ltr' id='par_1_65' title="bbox 292 3688 1936 3768">
     <span class='ocr_line' id='line_1_66' title="bbox 292 3688 1936 3768; baseline -0.001 -22"><span class='ocrx_word' id='word_1_516' title='bbox 292 3693 514 3768; x_wconf 89' lang='grc' dir='ltr'>θρώπου</span> <span class='ocrx_word' id='word_1_517' title='bbox 546 3692 644 3746; x_wconf 79' lang='grc' dir='ltr'>οὐκ</span> <span class='ocrx_word' id='word_1_518' title='bbox 672 3689 811 3745; x_wconf 75' lang='grc' dir='ltr'>ἔστιν</span> <span class='ocrx_word' id='word_1_519' title='bbox 842 3688 965 3761; x_wconf 82' lang='grc' dir='ltr'>ἐμοὶ</span> <span class='ocrx_word' id='word_1_520' title='bbox 1022 3691 1154 3761; x_wconf 86' lang='grc'>(65(,</span> <span class='ocrx_word' id='word_1_521' title='bbox 1188 3688 1288 3743; x_wconf 80' lang='grc' dir='ltr'>οὐκ</span> <span class='ocrx_word' id='word_1_522' title='bbox 1488 3690 1762 3744; x_wconf 86' lang='grc' dir='ltr'>άσυνεσίαν</span> <span class='ocrx_word' id='word_1_523' title='bbox 1813 3692 1936 3745; x_wconf 71' lang='grc' dir='ltr'>ἑαυ-</span> 
     </span>
    </p>
   </div>
   <div class='ocr_carea' id='block_1_66' title="bbox 280 3778 1938 3854">
    <p class='ocr_par' dir='ltr' id='par_1_66' title="bbox 280 3778 1938 3854">
     <span class='ocr_line' id='line_1_67' title="bbox 280 3778 1938 3854; baseline -0.002 -18"><span class='ocrx_word' id='word_1_524' title='bbox 280 3786 379 3836; x_wconf 91' lang='grc' dir='ltr'>τοῦ</span> <span class='ocrx_word' id='word_1_525' title='bbox 411 3780 587 3851; x_wconf 81' lang='grc' dir='ltr'>δήπου</span> <span class='ocrx_word' id='word_1_526' title='bbox 637 3779 1057 3851; x_wconf 84' lang='grc' dir='ltr'>καταγινώσκων</span> <span class='ocrx_word' id='word_1_527' title='bbox 1107 3778 1267 3831; x_wconf 87' lang='grc' dir='ltr'>τοῦτό</span> <span class='ocrx_word' id='word_1_528' title='bbox 1318 3799 1496 3853; x_wconf 75' lang='grc' dir='ltr'>φησιν.</span> <span class='ocrx_word' id='word_1_529' title='bbox 1552 3783 1671 3840; x_wconf 89' lang='grc' dir='ltr'>Πῶς</span> <span class='ocrx_word' id='word_1_530' title='bbox 1718 3779 1843 3854; x_wconf 78' lang='grc' dir='ltr'>γὰρ,</span> <span class='ocrx_word' id='word_1_531' title='bbox 1879 3779 1938 3841; x_wconf 76' lang='grc' dir='ltr'>ὃς</span> 
     </span>
    </p>
   </div>
   <div class='ocr_carea' id='block_1_67' title="bbox 281 3863 1936 3944">
    <p class='ocr_par' dir='ltr' id='par_1_67' title="bbox 281 3863 1936 3944">
     <span class='ocr_line' id='line_1_68' title="bbox 281 3863 1936 3944; baseline -0.001 -21"><span class='ocrx_word' id='word_1_532' title='bbox 281 3890 345 3944; x_wconf 92' lang='grc' dir='ltr'>γε</span> <span class='ocrx_word' id='word_1_533' title='bbox 369 3873 530 3923; x_wconf 90' lang='grc' dir='ltr'>τοῦτο</span> <span class='ocrx_word' id='word_1_534' title='bbox 580 3866 668 3921; x_wconf 86' lang='grc' dir='ltr'>καὶ</span> <span class='ocrx_word' id='word_1_535' title='bbox 720 3868 830 3939; x_wconf 84' lang='grc'>(67)</span> <span class='ocrx_word' id='word_1_536' title='bbox 880 3863 1052 3938; x_wconf 69' lang='grc' dir='ltr'>ᾔτησε</span> <span class='ocrx_word' id='word_1_537' title='bbox 1104 3866 1250 3935; x_wconf 79' lang='grc' dir='ltr'>παρὰ</span> <span class='ocrx_word' id='word_1_538' title='bbox 1298 3870 1431 3919; x_wconf 86' lang='grc' dir='ltr'>Θεοῦ</span> <span class='ocrx_word' id='word_1_539' title='bbox 1470 3867 1575 3939; x_wconf 88' lang='grc' dir='ltr'>πρὸ</span> <span class='ocrx_word' id='word_1_540' title='bbox 1606 3869 1805 3927; x_wconf 87' lang='grc' dir='ltr'>παντὸς</span> <span class='ocrx_word' id='word_1_541' title='bbox 1840 3867 1936 3922; x_wconf 81' lang='grc' dir='ltr'>ἄλ-</span> 
     </span>
    </p>
   </div>
   <div class='ocr_carea' id='block_1_68' title="bbox 277 3948 1937 4031">
    <p class='ocr_par' dir='ltr' id='par_1_68' title="bbox 277 3948 1937 4031">
     <span class='ocr_line' id='line_1_69' title="bbox 277 3948 1937 4031; baseline -0.002 -20"><span class='ocrx_word' id='word_1_542' title='bbox 277 3958 398 4029; x_wconf 90' lang='grc' dir='ltr'>λου,</span> <span class='ocrx_word' id='word_1_543' title='bbox 430 3956 520 4011; x_wconf 86' lang='grc' dir='ltr'>καὶ</span> <span class='ocrx_word' id='word_1_544' title='bbox 576 3948 739 4009; x_wconf 75' lang='grc' dir='ltr'>ἔλαϐε</span> <span class='ocrx_word' id='word_1_545' title='bbox 792 3951 1004 4029; x_wconf 78' lang='grc' dir='ltr'>σοφίαν,</span> <span class='ocrx_word' id='word_1_546' title='bbox 1052 3952 1141 4006; x_wconf 84' lang='grc' dir='ltr'>καὶ</span> <span class='ocrx_word' id='word_1_547' title='bbox 1173 3954 1421 4025; x_wconf 83' lang='grc' dir='ltr'>θεωρίαν,</span> <span class='ocrx_word' id='word_1_548' title='bbox 1454 3953 1543 4007; x_wconf 87' lang='grc' dir='ltr'>καὶ</span> <span class='ocrx_word' id='word_1_549' title='bbox 1574 3953 1779 4015; x_wconf 86' lang='grc' dir='ltr'>πλάτος</span> <span class='ocrx_word' id='word_1_550' title='bbox 1806 3975 1937 4031; x_wconf 87' lang='grc' dir='ltr'>καρ-</span> 
     </span>
    </p>
   </div>
   <div class='ocr_carea' id='block_1_69' title="bbox 283 4039 1935 4118">
    <p class='ocr_par' dir='ltr' id='par_1_69' title="bbox 283 4039 1935 4118">
     <span class='ocr_line' id='line_1_70' title="bbox 283 4039 1935 4118; baseline -0.001 -20"><span class='ocrx_word' id='word_1_551' title='bbox 283 4041 424 4115; x_wconf 85' lang='grc' dir='ltr'>δίας,</span> <span class='ocrx_word' id='word_1_552' title='bbox 480 4045 711 4117; x_wconf 78' lang='grc' dir='ltr'>ψάμμου</span> <span class='ocrx_word' id='word_1_553' title='bbox 768 4040 1177 4114; x_wconf 86' lang='grc' dir='ltr'>πλουσιώτερον</span> <span class='ocrx_word' id='word_1_554' title='bbox 1238 4062 1297 4095; x_wconf 91' lang='grc' dir='ltr'>τε</span> <span class='ocrx_word' id='word_1_555' title='bbox 1353 4041 1442 4095; x_wconf 82' lang='grc' dir='ltr'>καὶ</span> <span class='ocrx_word' id='word_1_556' title='bbox 1502 4039 1935 4118; x_wconf 76' lang='grc' dir='ltr'>δαψιλέστερον;</span> 
     </span>
    </p>
   </div>
   <div class='ocr_carea' id='block_1_70' title="bbox 289 4128 1935 4205">
    <p class='ocr_par' dir='ltr' id='par_1_70' title="bbox 289 4128 1935 4205">
     <span class='ocr_line' id='line_1_71' title="bbox 289 4128 1935 4205; baseline 0 -19"><span class='ocrx_word' id='word_1_557' title='bbox 289 4132 389 4186; x_wconf 83' lang='grc' dir='ltr'>Καὶ</span> <span class='ocrx_word' id='word_1_558' title='bbox 422 4134 451 4187; x_wconf 91' lang='lat'>6</span> <span class='ocrx_word' id='word_1_559' title='bbox 498 4134 757 4186; x_wconf 87' lang='grc' dir='ltr'>τοσοῦτον</span> <span class='ocrx_word' id='word_1_560' title='bbox 808 4129 991 4204; x_wconf 73' lang='grc' dir='ltr'>σοφὸς,</span> <span class='ocrx_word' id='word_1_561' title='bbox 1048 4128 1139 4182; x_wconf 87' lang='grc' dir='ltr'>καὶ</span> <span class='ocrx_word' id='word_1_562' title='bbox 1185 4129 1441 4198; x_wconf 74' lang='grc' dir='ltr'>τοιαύτης</span> <span class='ocrx_word' id='word_1_563' title='bbox 1483 4132 1797 4205; x_wconf 74' lang='grc' dir='ltr'>τετυχηκὼς</span> <span class='ocrx_word' id='word_1_564' title='bbox 1830 4129 1935 4186; x_wconf 83' lang='grc' dir='ltr'>δω-</span> 
     </span>
    </p>
   </div>
   <div class='ocr_carea' id='block_1_71' title="bbox 286 4217 1935 4296">
    <p class='ocr_par' dir='ltr' id='par_1_71' title="bbox 286 4217 1935 4296">
     <span class='ocr_line' id='line_1_72' title="bbox 286 4217 1935 4296; baseline -0.001 -21"><span class='ocrx_word' id='word_1_565' title='bbox 286 4227 434 4296; x_wconf 80' lang='grc' dir='ltr'>ρεᾶς,</span> <span class='ocrx_word' id='word_1_566' title='bbox 486 4225 603 4281; x_wconf 86' lang='grc' dir='ltr'>πῶς</span> <span class='ocrx_word' id='word_1_567' title='bbox 652 4217 1042 4296; x_wconf 79' lang='grc' dir='ltr'>ἀφρονέστατον</span> <span class='ocrx_word' id='word_1_568' title='bbox 1091 4217 1276 4272; x_wconf 73' lang='grc' dir='ltr'>ἑαυτὸν</span> <span class='ocrx_word' id='word_1_569' title='bbox 1327 4219 1683 4293; x_wconf 89' lang='grc' dir='ltr'>πάντων</span> <span class='ocrx_word' id='word_1_570' title='bbox 1734 4219 1935 4292; x_wconf 85' lang='grc' dir='ltr'>ὀνομά-</span> 
     </span>
    </p>
   </div>
   <div class='ocr_carea' id='block_1_72' title="bbox 302 4303 1935 4384">
    <p class='ocr_par' dir='ltr' id='par_1_72' title="bbox 302 4303 1935 4384">
     <span class='ocr_line' id='line_1_73' title="bbox 302 4303 1935 4384; baseline -0.001 -20"><span class='ocrx_word' id='word_1_571' title='bbox 302 4316 413 4379; x_wconf 83' lang='grc' dir='ltr'>ζει;</span> <span class='ocrx_word' id='word_1_572' title='bbox 446 4316 530 4370; x_wconf 73' lang='grc' dir='ltr'>Ὠς</span> <span class='ocrx_word' id='word_1_573' title='bbox 565 4307 663 4362; x_wconf 78' lang='grc' dir='ltr'>οὐκ</span> <span class='ocrx_word' id='word_1_574' title='bbox 692 4306 836 4382; x_wconf 82' lang='grc' dir='ltr'>ἔχων</span> <span class='ocrx_word' id='word_1_575' title='bbox 873 4304 1008 4360; x_wconf 82' lang='grc' dir='ltr'>ἰδίαν</span> <span class='ocrx_word' id='word_1_576' title='bbox 1043 4303 1256 4375; x_wconf 87' lang='grc' dir='ltr'>δηλαδὴ</span> <span class='ocrx_word' id='word_1_577' title='bbox 1291 4307 1573 4384; x_wconf 76' lang='grc' dir='ltr'>φρόνησιν,</span> <span class='ocrx_word' id='word_1_578' title='bbox 1618 4307 1935 4383; x_wconf 79' lang='grc' dir='ltr'>ἐνεργούμε-</span> 
     </span>
    </p>
   </div>
   <div class='ocr_carea' id='block_1_73' title="bbox 283 4393 1933 4471">
    <p class='ocr_par' dir='ltr' id='par_1_73' title="bbox 283 4393 1933 4471">
     <span class='ocr_line' id='line_1_74' title="bbox 283 4393 1933 4471; baseline -0.002 -17"><span class='ocrx_word' id='word_1_579' title='bbox 283 4420 375 4460; x_wconf 91' lang='grc' dir='ltr'>νος</span> <span class='ocrx_word' id='word_1_580' title='bbox 411 4396 468 4452; x_wconf 74' lang='grc' dir='ltr'>δὲ</span> <span class='ocrx_word' id='word_1_581' title='bbox 496 4398 594 4466; x_wconf 78' lang='grc' dir='ltr'>τὴν</span> <span class='ocrx_word' id='word_1_582' title='bbox 643 4395 786 4459; x_wconf 81' lang='grc' dir='ltr'>θείαν</span> <span class='ocrx_word' id='word_1_583' title='bbox 835 4416 893 4449; x_wconf 91' lang='grc' dir='ltr'>τε</span> <span class='ocrx_word' id='word_1_584' title='bbox 940 4393 1028 4448; x_wconf 84' lang='grc' dir='ltr'>καί</span> <span class='ocrx_word' id='word_1_585' title='bbox 1076 4393 1428 4471; x_wconf 88' lang='grc' dir='ltr'>τελεωτέραν.</span> <span class='ocrx_word' id='word_1_586' title='bbox 1472 4395 1568 4451; x_wconf 81' lang='grc' dir='ltr'>Καὶ</span> <span class='ocrx_word' id='word_1_587' title='bbox 1599 4397 1698 4471; x_wconf 74' lang='grc' dir='ltr'>γὰρ</span> <span class='ocrx_word' id='word_1_588' title='bbox 1732 4398 1759 4449; x_wconf 87' lang='lat'>6</span> <span class='ocrx_word' id='word_1_589' title='bbox 1793 4402 1933 4451; x_wconf 89' lang='grc' dir='ltr'>Παῦ-</span> 
     </span>
    </p>
   </div>
   <div class='ocr_carea' id='block_1_74' title="bbox 2052 3158 3697 3231">
    <p class='ocr_par' dir='ltr' id='par_1_74' title="bbox 2052 3158 3697 3231">
     <span class='ocr_line' id='line_1_75' title="bbox 2052 3158 3697 3231; baseline 0.001 -16"><span class='ocrx_word' id='word_1_590' title='bbox 2052 3161 2342 3231; x_wconf 89' lang='lat' dir='ltr'>gavimus,</span> <span class='ocrx_word' id='word_1_591' title='bbox 2366 3176 2471 3231; x_wconf 86' lang='lat' dir='ltr'>age</span> <span class='ocrx_word' id='word_1_592' title='bbox 2503 3161 2618 3231; x_wconf 79' lang='lat' dir='ltr'>iam</span> <span class='ocrx_word' id='word_1_593' title='bbox 2643 3161 2712 3214; x_wconf 93' lang='lat' dir='ltr'>de</span> <span class='ocrx_word' id='word_1_594' title='bbox 2734 3159 2848 3214; x_wconf 91' lang='lat' dir='ltr'>Deo</span> <span class='ocrx_word' id='word_1_595' title='bbox 2874 3158 3075 3229; x_wconf 87' lang='lat' dir='ltr'>paucis</span> <span class='ocrx_word' id='word_1_596' title='bbox 3102 3160 3484 3229; x_wconf 88' lang='lat' dir='ltr'>disseramus,</span> <span class='ocrx_word' id='word_1_597' title='bbox 3508 3161 3697 3231; x_wconf 81' lang='lat' dir='ltr'>ipsius</span> 
     </span>
    </p>
   </div>
   <div class='ocr_carea' id='block_1_75' title="bbox 2051 3248 3697 3320">
    <p class='ocr_par' dir='ltr' id='par_1_75' title="bbox 2051 3248 3697 3320">
     <span class='ocr_line' id='line_1_76' title="bbox 2051 3248 3697 3320; baseline 0.002 -17"><span class='ocrx_word' id='word_1_598' title='bbox 2051 3248 2240 3305; x_wconf 88' lang='lat' dir='ltr'>Patris</span> <span class='ocrx_word' id='word_1_599' title='bbox 2290 3248 2535 3320; x_wconf 89' lang='lat' dir='ltr'>Filiique</span> <span class='ocrx_word' id='word_1_600' title='bbox 2563 3252 2620 3303; x_wconf 92' lang='lat' dir='ltr'>et</span> <span class='ocrx_word' id='word_1_601' title='bbox 2650 3248 2836 3304; x_wconf 83' lang='lat' dir='ltr'>sancti</span> <span class='ocrx_word' id='word_1_602' title='bbox 2864 3248 3138 3319; x_wconf 85' lang='lat' dir='ltr'>Spiritus,</span> <span class='ocrx_word' id='word_1_603' title='bbox 3163 3250 3233 3303; x_wconf 92' lang='lat' dir='ltr'>de</span> <span class='ocrx_word' id='word_1_604' title='bbox 3263 3249 3475 3318; x_wconf 89' lang='lat' dir='ltr'>quibus</span> <span class='ocrx_word' id='word_1_605' title='bbox 3523 3250 3697 3306; x_wconf 88' lang='lat' dir='ltr'>verba</span> 
     </span>
    </p>
   </div>
   <div class='ocr_carea' id='block_1_76' title="bbox 2052 3336 3693 3409">
    <p class='ocr_par' dir='ltr' id='par_1_76' title="bbox 2052 3336 3693 3409">
     <span class='ocr_line' id='line_1_77' title="bbox 2052 3336 3693 3409; baseline 0.001 -16"><span class='ocrx_word' id='word_1_606' title='bbox 2052 3338 2259 3393; x_wconf 90' lang='lat' dir='ltr'>facturi</span> <span class='ocrx_word' id='word_1_607' title='bbox 2290 3355 2519 3407; x_wconf 87' lang='lat' dir='ltr'>sumus,</span> <span class='ocrx_word' id='word_1_608' title='bbox 2541 3336 2755 3392; x_wconf 79' lang='lat' dir='ltr'>auxilio</span> <span class='ocrx_word' id='word_1_609' title='bbox 2792 3338 2921 3391; x_wconf 87' lang='lat' dir='ltr'>freti</span> <span class='ocrx_word' id='word_1_610' title='bbox 2954 3342 3126 3408; x_wconf 89' lang='lat' dir='ltr'>atque</span> <span class='ocrx_word' id='word_1_611' title='bbox 3149 3338 3402 3393; x_wconf 74' lang='lat' dir='ltr'>subnixi.</span> <span class='ocrx_word' id='word_1_612' title='bbox 3433 3338 3693 3409; x_wconf 89' lang='lat' dir='ltr'>Optarim</span> 
     </span>
    </p>
   </div>
   <div class='ocr_carea' id='block_1_77' title="bbox 2049 3426 3694 3497">
    <p class='ocr_par' dir='ltr' id='par_1_77' title="bbox 2049 3426 3694 3497">
     <span class='ocr_line' id='line_1_78' title="bbox 2049 3426 3694 3497; baseline 0.001 -16"><span class='ocrx_word' id='word_1_613' title='bbox 2049 3431 2247 3481; x_wconf 90' lang='lat' dir='ltr'>autem</span> <span class='ocrx_word' id='word_1_614' title='bbox 2290 3426 2445 3481; x_wconf 89' lang='lat' dir='ltr'>idem</span> <span class='ocrx_word' id='word_1_615' title='bbox 2498 3426 2639 3481; x_wconf 89' lang='lat' dir='ltr'>mihi</span> <span class='ocrx_word' id='word_1_616' title='bbox 2675 3426 3008 3497; x_wconf 85' lang='lat' dir='ltr'>contingere</span> <span class='ocrx_word' id='word_1_617' title='bbox 3038 3427 3190 3497; x_wconf 88' lang='lat' dir='ltr'>quod</span> <span class='ocrx_word' id='word_1_618' title='bbox 3239 3426 3553 3496; x_wconf 88' lang='lat' dir='ltr'>Salomoni,</span> <span class='ocrx_word' id='word_1_619' title='bbox 3587 3428 3694 3482; x_wconf 88' lang='lat' dir='ltr'>hoc</span> 
     </span>
    </p>
   </div>
   <div class='ocr_carea' id='block_1_78' title="bbox 2047 3514 3695 3587">
    <p class='ocr_par' dir='ltr' id='par_1_78' title="bbox 2047 3514 3695 3587">
     <span class='ocr_line' id='line_1_79' title="bbox 2047 3514 3695 3587; baseline 0 -17"><span class='ocrx_word' id='word_1_620' title='bbox 2047 3520 2155 3585; x_wconf 85' lang='lat' dir='ltr'>est,</span> <span class='ocrx_word' id='word_1_621' title='bbox 2182 3520 2246 3569; x_wconf 91' lang='lat' dir='ltr'>ut</span> <span class='ocrx_word' id='word_1_622' title='bbox 2276 3516 2345 3570; x_wconf 93' lang='lat' dir='ltr'>de</span> <span class='ocrx_word' id='word_1_623' title='bbox 2380 3516 2490 3570; x_wconf 92' lang='lat' dir='ltr'>Deo</span> <span class='ocrx_word' id='word_1_624' title='bbox 2523 3514 2666 3569; x_wconf 88' lang='lat' dir='ltr'>nihil</span> <span class='ocrx_word' id='word_1_625' title='bbox 2703 3532 2896 3569; x_wconf 90' lang='lat' dir='ltr'>meum</span> <span class='ocrx_word' id='word_1_626' title='bbox 2952 3532 3016 3569; x_wconf 91' lang='lat' dir='ltr'>ac</span> <span class='ocrx_word' id='word_1_627' title='bbox 3067 3516 3389 3587; x_wconf 89' lang='lat' dir='ltr'>proprium,</span> <span class='ocrx_word' id='word_1_628' title='bbox 3423 3514 3508 3571; x_wconf 88' lang='lat' dir='ltr'>vei</span> <span class='ocrx_word' id='word_1_629' title='bbox 3539 3515 3695 3587; x_wconf 90' lang='lat' dir='ltr'>cogi-</span> 
     </span>
    </p>
   </div>
   <div class='ocr_carea' id='block_1_79' title="bbox 2047 3603 3697 3675">
    <p class='ocr_par' dir='ltr' id='par_1_79' title="bbox 2047 3603 3697 3675">
     <span class='ocr_line' id='line_1_80' title="bbox 2047 3603 3697 3675; baseline 0.001 -17"><span class='ocrx_word' id='word_1_630' title='bbox 2047 3609 2185 3671; x_wconf 90' lang='lat' dir='ltr'>tem,</span> <span class='ocrx_word' id='word_1_631' title='bbox 2217 3603 2305 3658; x_wconf 90' lang='lat' dir='ltr'>vel</span> <span class='ocrx_word' id='word_1_632' title='bbox 2336 3604 2561 3675; x_wconf 90' lang='lat' dir='ltr'>loquar.</span> <span class='ocrx_word' id='word_1_633' title='bbox 2597 3604 2739 3659; x_wconf 87' lang='lat' dir='ltr'>Nam</span> <span class='ocrx_word' id='word_1_634' title='bbox 2774 3620 2907 3658; x_wconf 90' lang='lat' dir='ltr'>cum</span> <span class='ocrx_word' id='word_1_635' title='bbox 2940 3603 3032 3658; x_wconf 87' lang='lat' dir='ltr'>bis</span> <span class='ocrx_word' id='word_1_636' title='bbox 3064 3604 3254 3658; x_wconf 88' lang='lat' dir='ltr'>verbis</span> <span class='ocrx_word' id='word_1_637' title='bbox 3284 3605 3469 3658; x_wconf 91' lang='lat' dir='ltr'>utitur</span> <span class='ocrx_word' id='word_1_638' title='bbox 3502 3620 3515 3659; x_wconf 92' lang='lat'><strong>:</strong></span> <span class='ocrx_word' id='word_1_639' title='bbox 3549 3604 3697 3659; x_wconf 81' lang='lat' dir='ltr'>Stul-</span> 
     </span>
    </p>
   </div>
   <div class='ocr_carea' id='block_1_80' title="bbox 2044 3692 3697 3763">
    <p class='ocr_par' dir='ltr' id='par_1_80' title="bbox 2044 3692 3697 3763">
     <span class='ocr_line' id='line_1_81' title="bbox 2044 3692 3697 3763; baseline 0 -17"><span class='ocrx_word' id='word_1_640' title='bbox 2044 3695 2292 3748; x_wconf 85' lang='lat' dir='ltr'>tissimus</span> <span class='ocrx_word' id='word_1_641' title='bbox 2321 3710 2445 3747; x_wconf 83' lang='lat' dir='ltr'>sum</span> <span class='ocrx_word' id='word_1_642' title='bbox 2503 3694 2750 3747; x_wconf 82' lang='lat' dir='ltr'>omnium</span> <span class='ocrx_word' id='word_1_643' title='bbox 2781 3692 3087 3759; x_wconf 79' lang='lat' dir='ltr'>hominum,</span> <span class='ocrx_word' id='word_1_644' title='bbox 3122 3696 3171 3746; x_wconf 84' lang='lat' dir='ltr'>et</span> <span class='ocrx_word' id='word_1_645' title='bbox 3195 3694 3492 3763; x_wconf 76' lang='lat' dir='ltr'>prudentia</span> <span class='ocrx_word' id='word_1_646' title='bbox 3522 3692 3697 3747; x_wconf 91' lang='lat' dir='ltr'>homi-</span> 
     </span>
    </p>
   </div>
   <div class='ocr_carea' id='block_1_81' title="bbox 2045 3780 3701 3851">
    <p class='ocr_par' dir='ltr' id='par_1_81' title="bbox 2045 3780 3701 3851">
     <span class='ocr_line' id='line_1_82' title="bbox 2045 3780 3701 3851; baseline 0 -15"><span class='ocrx_word' id='word_1_647' title='bbox 2045 3784 2135 3836; x_wconf 83' lang='lat' dir='ltr'>nis</span> <span class='ocrx_word' id='word_1_648' title='bbox 2163 3800 2278 3835; x_wconf 81' lang='lat' dir='ltr'>mm</span> <span class='ocrx_word' id='word_1_649' title='bbox 2304 3786 2381 3835; x_wconf 83' lang='lat' dir='ltr'>est</span> <span class='ocrx_word' id='word_1_650' title='bbox 2412 3783 2473 3836; x_wconf 83' lang='lat' dir='ltr'>in</span> <span class='ocrx_word' id='word_1_651' title='bbox 2499 3797 2586 3835; x_wconf 83' lang='lat' dir='ltr'>me</span> <span class='ocrx_word' id='word_1_652' title='bbox 2608 3782 2673 3847; x_wconf 75' lang='grc'>³⁸,</span> <span class='ocrx_word' id='word_1_653' title='bbox 2708 3781 3164 3851; x_wconf 91' lang='lat' dir='ltr'>haudquaquam</span> <span class='ocrx_word' id='word_1_654' title='bbox 3208 3780 3432 3835; x_wconf 88' lang='lat' dir='ltr'>scilicet</span> <span class='ocrx_word' id='word_1_655' title='bbox 3484 3781 3604 3835; x_wconf 67' lang='lat' dir='ltr'>haec</span> <span class='ocrx_word' id='word_1_656' title='bbox 3634 3797 3701 3836; x_wconf 92' lang='lat' dir='ltr'>eo</span> 
     </span>
    </p>
   </div>
   <div class='ocr_carea' id='block_1_82' title="bbox 2048 3868 3703 3940">
    <p class='ocr_par' dir='ltr' id='par_1_82' title="bbox 2048 3868 3703 3940">
     <span class='ocr_line' id='line_1_83' title="bbox 2048 3868 3703 3940; baseline -0.002 -16"><span class='ocrx_word' id='word_1_657' title='bbox 2048 3871 2209 3935; x_wconf 89' lang='lat' dir='ltr'>dicit,</span> <span class='ocrx_word' id='word_1_658' title='bbox 2261 3870 2415 3940; x_wconf 91' lang='lat' dir='ltr'>quod</span> <span class='ocrx_word' id='word_1_659' title='bbox 2468 3868 2810 3923; x_wconf 84' lang='lat' dir='ltr'>stoliditatis</span> <span class='ocrx_word' id='word_1_660' title='bbox 2861 3869 3122 3939; x_wconf 88' lang='lat' dir='ltr'>seipsum</span> <span class='ocrx_word' id='word_1_661' title='bbox 3175 3869 3538 3923; x_wconf 89' lang='lat' dir='ltr'>condemnet.</span> <span class='ocrx_word' id='word_1_662' title='bbox 3572 3868 3703 3937; x_wconf 88' lang='lat' dir='ltr'>(Qui</span> 
     </span>
    </p>
   </div>
   <div class='ocr_carea' id='block_1_83' title="bbox 2046 3955 3707 4025">
    <p class='ocr_par' dir='ltr' id='par_1_83' title="bbox 2046 3955 3707 4025">
     <span class='ocr_line' id='line_1_84' title="bbox 2046 3955 3707 4025; baseline -0.001 -14"><span class='ocrx_word' id='word_1_663' title='bbox 2046 3957 2201 4011; x_wconf 86' lang='lat' dir='ltr'>enim</span> <span class='ocrx_word' id='word_1_664' title='bbox 2233 3956 2415 4023; x_wconf 89' lang='lat' dir='ltr'>istud,</span> <span class='ocrx_word' id='word_1_665' title='bbox 2451 3972 2584 4010; x_wconf 89' lang='lat' dir='ltr'>cum</span> <span class='ocrx_word' id='word_1_666' title='bbox 2619 3971 2747 4010; x_wconf 90' lang='lat' dir='ltr'>eam</span> <span class='ocrx_word' id='word_1_667' title='bbox 2802 3972 2917 4025; x_wconf 77' lang='lat' dir='ltr'>prae</span> <span class='ocrx_word' id='word_1_668' title='bbox 2950 3955 3081 4010; x_wconf 88' lang='lat' dir='ltr'>aliis</span> <span class='ocrx_word' id='word_1_669' title='bbox 3138 3955 3414 4010; x_wconf 88' lang='lat' dir='ltr'>omnibus</span> <span class='ocrx_word' id='word_1_670' title='bbox 3468 3957 3641 4011; x_wconf 92' lang='lat' dir='ltr'>rebus</span> <span class='ocrx_word' id='word_1_671' title='bbox 3673 3972 3707 4010; x_wconf 91' lang='lat' dir='ltr'>a</span> 
     </span>
    </p>
   </div>
   <div class='ocr_carea' id='block_1_84' title="bbox 2046 4042 3705 4116">
    <p class='ocr_par' dir='ltr' id='par_1_84' title="bbox 2046 4042 3705 4116">
     <span class='ocr_line' id='line_1_85' title="bbox 2046 4042 3705 4116; baseline 0.001 -17"><span class='ocrx_word' id='word_1_672' title='bbox 2046 4045 2163 4099; x_wconf 94' lang='lat' dir='ltr'>Deo</span> <span class='ocrx_word' id='word_1_673' title='bbox 2212 4043 2590 4116; x_wconf 89' lang='lat' dir='ltr'>postulasset,</span> <span class='ocrx_word' id='word_1_674' title='bbox 2637 4060 2703 4098; x_wconf 91' lang='lat' dir='ltr'>ac</span> <span class='ocrx_word' id='word_1_675' title='bbox 2754 4042 3104 4114; x_wconf 86' lang='lat' dir='ltr'>sapientiam</span> <span class='ocrx_word' id='word_1_676' title='bbox 3154 4048 3213 4099; x_wconf 88' lang='lat' dir='ltr'>et</span> <span class='ocrx_word' id='word_1_677' title='bbox 3261 4045 3705 4115; x_wconf 87' lang='lat' dir='ltr'>contemplatio-</span> 
     </span>
    </p>
   </div>
   <div class='ocr_carea' id='block_1_85' title="bbox 2047 4131 3706 4202">
    <p class='ocr_par' dir='ltr' id='par_1_85' title="bbox 2047 4131 3706 4202">
     <span class='ocr_line' id='line_1_86' title="bbox 2047 4131 3706 4202; baseline -0.001 -14"><span class='ocrx_word' id='word_1_678' title='bbox 2047 4149 2202 4202; x_wconf 91' lang='lat' dir='ltr'>nem,</span> <span class='ocrx_word' id='word_1_679' title='bbox 2230 4138 2287 4188; x_wconf 92' lang='lat' dir='ltr'>et</span> <span class='ocrx_word' id='word_1_680' title='bbox 2316 4131 2509 4188; x_wconf 87' lang='lat' dir='ltr'>cordis</span> <span class='ocrx_word' id='word_1_681' title='bbox 2542 4132 2916 4187; x_wconf 83' lang='lat' dir='ltr'>latitudinem</span> <span class='ocrx_word' id='word_1_682' title='bbox 2953 4149 3129 4187; x_wconf 85' lang='lat' dir='ltr'>arena</span> <span class='ocrx_word' id='word_1_683' title='bbox 3158 4132 3342 4187; x_wconf 88' lang='lat' dir='ltr'>maris</span> <span class='ocrx_word' id='word_1_684' title='bbox 3377 4132 3706 4187; x_wconf 90' lang='lat' dir='ltr'>uberiorem</span> 
     </span>
    </p>
   </div>
   <div class='ocr_carea' id='block_1_86' title="bbox 2046 4220 3708 4292">
    <p class='ocr_par' dir='ltr' id='par_1_86' title="bbox 2046 4220 3708 4292">
     <span class='ocr_line' id='line_1_87' title="bbox 2046 4220 3708 4292; baseline -0.001 -16"><span class='ocrx_word' id='word_1_685' title='bbox 2046 4226 2221 4292; x_wconf 90' lang='lat' dir='ltr'>atque</span> <span class='ocrx_word' id='word_1_686' title='bbox 2267 4220 2650 4291; x_wconf 89' lang='lat' dir='ltr'>copiosiorem</span> <span class='ocrx_word' id='word_1_687' title='bbox 2705 4220 3086 4291; x_wconf 85' lang='lat' dir='ltr'>accepisset?)</span> <span class='ocrx_word' id='word_1_688' title='bbox 3119 4221 3226 4285; x_wconf 87' lang='lat' dir='ltr'>Qui</span> <span class='ocrx_word' id='word_1_689' title='bbox 3282 4221 3348 4275; x_wconf 83' lang='lat' dir='ltr'>ﬁt</span> <span class='ocrx_word' id='word_1_690' title='bbox 3404 4220 3605 4291; x_wconf 89' lang='lat' dir='ltr'>igitur,</span> <span class='ocrx_word' id='word_1_691' title='bbox 3641 4224 3708 4275; x_wconf 91' lang='lat' dir='ltr'>ut</span> 
     </span>
    </p>
   </div>
   <div class='ocr_carea' id='block_1_87' title="bbox 2043 4308 3705 4380">
    <p class='ocr_par' dir='ltr' id='par_1_87' title="bbox 2043 4308 3705 4380">
     <span class='ocr_line' id='line_1_88' title="bbox 2043 4308 3705 4380; baseline 0 -17"><span class='ocrx_word' id='word_1_692' title='bbox 2043 4310 2131 4363; x_wconf 92' lang='lat' dir='ltr'>vir</span> <span class='ocrx_word' id='word_1_693' title='bbox 2168 4324 2354 4380; x_wconf 90' lang='lat' dir='ltr'>usque</span> <span class='ocrx_word' id='word_1_694' title='bbox 2386 4310 2528 4363; x_wconf 89' lang='lat' dir='ltr'>adeo</span> <span class='ocrx_word' id='word_1_695' title='bbox 2574 4308 2831 4379; x_wconf 87' lang='lat' dir='ltr'>sapiens,</span> <span class='ocrx_word' id='word_1_696' title='bbox 2865 4312 3040 4378; x_wconf 89' lang='lat' dir='ltr'>atque</span> <span class='ocrx_word' id='word_1_697' title='bbox 3094 4309 3430 4379; x_wconf 87' lang='lat' dir='ltr'>hujusmodi</span> <span class='ocrx_word' id='word_1_698' title='bbox 3480 4308 3705 4363; x_wconf 81' lang='lat' dir='ltr'>beneﬁ-</span> 
     </span>
    </p>
   </div>
   <div class='ocr_carea' id='block_1_88' title="bbox 2045 4396 3701 4469">
    <p class='ocr_par' dir='ltr' id='par_1_88' title="bbox 2045 4396 3701 4469">
     <span class='ocr_line' id='line_1_89' title="bbox 2045 4396 3701 4469; baseline -0.001 -16"><span class='ocrx_word' id='word_1_699' title='bbox 2045 4397 2202 4453; x_wconf 91' lang='lat' dir='ltr'>cium</span> <span class='ocrx_word' id='word_1_700' title='bbox 2237 4401 2610 4464; x_wconf 90' lang='lat' dir='ltr'>consecutus,</span> <span class='ocrx_word' id='word_1_701' title='bbox 2643 4396 2908 4451; x_wconf 88' lang='lat' dir='ltr'>omnium</span> <span class='ocrx_word' id='word_1_702' title='bbox 2954 4396 3378 4453; x_wconf 89' lang='lat' dir='ltr'>stultissimum</span> <span class='ocrx_word' id='word_1_703' title='bbox 3409 4414 3471 4453; x_wconf 89' lang='lat' dir='ltr'>se</span> <span class='ocrx_word' id='word_1_704' title='bbox 3502 4396 3701 4469; x_wconf 89' lang='lat' dir='ltr'>appel-</span> 
     </span>
    </p>
   </div>
   <div class='ocr_carea' id='block_1_89' title="bbox 286 4480 1937 4560">
    <p class='ocr_par' dir='ltr' id='par_1_89' title="bbox 286 4480 1935 4560">
     <span class='ocr_line' id='line_1_90' title="bbox 286 4480 1935 4560; baseline -0.002 -18"><span class='ocrx_word' id='word_1_705' title='bbox 286 4488 383 4549; x_wconf 91' lang='grc' dir='ltr'>λος</span> <span class='ocrx_word' id='word_1_706' title='bbox 410 4485 611 4560; x_wconf 83' lang='grc' dir='ltr'>λέγων,</span> <span class='ocrx_word' id='word_1_707' title='bbox 645 4488 728 4538; x_wconf 87' lang='grc' dir='ltr'>Ζῶ</span> <span class='ocrx_word' id='word_1_708' title='bbox 758 4480 836 4550; x_wconf 68' lang='grc' dir='ltr'>δὲ,</span> <span class='ocrx_word' id='word_1_709' title='bbox 871 4482 970 4537; x_wconf 81' lang='grc' dir='ltr'>οὐκ</span> <span class='ocrx_word' id='word_1_710' title='bbox 1010 4480 1086 4538; x_wconf 80' lang='grc' dir='ltr'>ἔτι</span> <span class='ocrx_word' id='word_1_711' title='bbox 1138 4483 1264 4559; x_wconf 84' lang='grc' dir='ltr'>ἐγὼ,</span> <span class='ocrx_word' id='word_1_712' title='bbox 1317 4488 1380 4552; x_wconf 81' lang='grc' dir='ltr'>ζῆ</span> <span class='ocrx_word' id='word_1_713' title='bbox 1432 4482 1489 4538; x_wconf 75' lang='grc' dir='ltr'>δὲ</span> <span class='ocrx_word' id='word_1_714' title='bbox 1538 4483 1589 4539; x_wconf 83' lang='grc' dir='ltr'>έν</span> <span class='ocrx_word' id='word_1_715' title='bbox 1640 4484 1763 4539; x_wconf 69' lang='grc' dir='ltr'>ἐμοὶ</span> <span class='ocrx_word' id='word_1_716' title='bbox 1812 4492 1935 4557; x_wconf 83' lang='grc' dir='ltr'>Χρι-</span> 
     </span>
    </p>
   </div>
   <div class='ocr_carea' id='block_1_90' title="bbox 2052 4480 3704 4560">
    <p class='ocr_par' dir='ltr' id='par_1_90' title="bbox 2052 4485 3704 4557">
     <span class='ocr_line' id='line_1_91' title="bbox 2052 4485 3704 4557; baseline -0.001 -17"><span class='ocrx_word' id='word_1_717' title='bbox 2052 4485 2155 4541; x_wconf 80' lang='lat' dir='ltr'>iet?</span> <span class='ocrx_word' id='word_1_718' title='bbox 2186 4486 2302 4541; x_wconf 89' lang='lat' dir='ltr'>Hoc</span> <span class='ocrx_word' id='word_1_719' title='bbox 2334 4485 2457 4540; x_wconf 92' lang='lat' dir='ltr'>vult</span> <span class='ocrx_word' id='word_1_720' title='bbox 2500 4485 3125 4556; x_wconf 87' lang='lat' dir='ltr'>nimirum,propriam</span> <span class='ocrx_word' id='word_1_721' title='bbox 3179 4502 3241 4541; x_wconf 81' lang='lat' dir='ltr'>se</span> <span class='ocrx_word' id='word_1_722' title='bbox 3295 4485 3517 4540; x_wconf 85' lang='lat' dir='ltr'>nullam</span> <span class='ocrx_word' id='word_1_723' title='bbox 3568 4503 3704 4557; x_wconf 91' lang='lat' dir='ltr'>pru-</span> 
     </span>
    </p>
   </div>
   <div class='ocr_carea' id='block_1_91' title="bbox 284 4571 1931 4650">
    <p class='ocr_par' dir='ltr' id='par_1_91' title="bbox 284 4571 1931 4650">
     <span class='ocr_line' id='line_1_92' title="bbox 284 4571 1931 4650; baseline -0.001 -21"><span class='ocrx_word' id='word_1_724' title='bbox 284 4576 431 4646; x_wconf 88' lang='grc' dir='ltr'>στὸς,</span> <span class='ocrx_word' id='word_1_725' title='bbox 489 4573 594 4649; x_wconf 80' lang='grc' dir='ltr'>οὐχ</span> <span class='ocrx_word' id='word_1_726' title='bbox 642 4573 715 4634; x_wconf 86' lang='grc' dir='ltr'>ὡς</span> <span class='ocrx_word' id='word_1_727' title='bbox 771 4572 894 4646; x_wconf 83' lang='grc' dir='ltr'>περὶ</span> <span class='ocrx_word' id='word_1_728' title='bbox 943 4577 1131 4645; x_wconf 87' lang='grc' dir='ltr'>νεκροῦ</span> <span class='ocrx_word' id='word_1_729' title='bbox 1170 4573 1386 4634; x_wconf 87' lang='grc' dir='ltr'>πάντως</span> <span class='ocrx_word' id='word_1_730' title='bbox 1418 4574 1607 4627; x_wconf 66' lang='grc' dir='ltr'>ἑαυτοῦ</span> <span class='ocrx_word' id='word_1_731' title='bbox 1639 4571 1931 4650; x_wconf 84' lang='grc' dir='ltr'>διελέγετο,</span> 
     </span>
    </p>
   </div>
   <div class='ocr_carea' id='block_1_92' title="bbox 282 4658 1937 4735">
    <p class='ocr_par' dir='ltr' id='par_1_92' title="bbox 282 4658 1937 4735">
     <span class='ocr_line' id='line_1_93' title="bbox 282 4658 1937 4735; baseline -0.002 -16"><span class='ocrx_word' id='word_1_732' title='bbox 282 4662 411 4719; x_wconf 81' lang='grc' dir='ltr'>ἀλλ’</span> <span class='ocrx_word' id='word_1_733' title='bbox 442 4663 517 4725; x_wconf 85' lang='grc' dir='ltr'>ὡς</span> <span class='ocrx_word' id='word_1_734' title='bbox 551 4666 756 4731; x_wconf 81' lang='grc' dir='ltr'>ζῶντος</span> <span class='ocrx_word' id='word_1_735' title='bbox 786 4658 1071 4735; x_wconf 84' lang='grc' dir='ltr'>κρείσσονα</span> <span class='ocrx_word' id='word_1_736' title='bbox 1100 4664 1206 4714; x_wconf 89' lang='grc' dir='ltr'>τῶν</span> <span class='ocrx_word' id='word_1_737' title='bbox 1247 4658 1475 4715; x_wconf 89' lang='grc' dir='ltr'>πολλῶν</span> <span class='ocrx_word' id='word_1_738' title='bbox 1508 4662 1675 4730; x_wconf 81' lang='grc' dir='ltr'>ζωὴν,</span> <span class='ocrx_word' id='word_1_739' title='bbox 1705 4667 1783 4733; x_wconf 79' lang='grc' dir='ltr'>τῷ</span> <span class='ocrx_word' id='word_1_740' title='bbox 1816 4682 1937 4734; x_wconf 87' lang='grc' dir='ltr'>μετ-</span> 
     </span>
    </p>
   </div>
   <div class='ocr_carea' id='block_1_93' title="bbox 284 4746 1933 4827">
    <p class='ocr_par' dir='ltr' id='par_1_93' title="bbox 284 4746 1933 4827">
     <span class='ocr_line' id='line_1_94' title="bbox 284 4746 1933 4827; baseline -0.001 -21"><span class='ocrx_word' id='word_1_741' title='bbox 284 4749 565 4827; x_wconf 80' lang='grc' dir='ltr'>ειληφέναι</span> <span class='ocrx_word' id='word_1_742' title='bbox 598 4756 698 4818; x_wconf 84' lang='grc' dir='ltr'>τῆς</span> <span class='ocrx_word' id='word_1_743' title='bbox 730 4747 903 4810; x_wconf 80' lang='grc' dir='ltr'>ὅντως</span> <span class='ocrx_word' id='word_1_744' title='bbox 938 4754 1101 4819; x_wconf 80' lang='grc' dir='ltr'>ζωῆς,</span> <span class='ocrx_word' id='word_1_745' title='bbox 1136 4749 1224 4803; x_wconf 83' lang='grc' dir='ltr'>καὶ</span> <span class='ocrx_word' id='word_1_746' title='bbox 1271 4746 1459 4822; x_wconf 85' lang='grc' dir='ltr'>μηδενί</span> <span class='ocrx_word' id='word_1_747' title='bbox 1512 4749 1723 4823; x_wconf 82' lang='grc' dir='ltr'>θανάτῳ</span> <span class='ocrx_word' id='word_1_748' title='bbox 1769 4771 1933 4827; x_wconf 89' lang='grc' dir='ltr'>περα-</span> 
     </span>
    </p>
   </div>
   <div class='ocr_carea' id='block_1_94' title="bbox 2042 4572 3708 4646">
    <p class='ocr_par' dir='ltr' id='par_1_94' title="bbox 2042 4572 3708 4646">
     <span class='ocr_line' id='line_1_95' title="bbox 2042 4572 3708 4646; baseline -0.001 -17"><span class='ocrx_word' id='word_1_749' title='bbox 2042 4575 2301 4629; x_wconf 90' lang='lat' dir='ltr'>dentiam</span> <span class='ocrx_word' id='word_1_750' title='bbox 2337 4574 2569 4639; x_wconf 90' lang='lat' dir='ltr'>habere,</span> <span class='ocrx_word' id='word_1_751' title='bbox 2597 4574 2698 4629; x_wconf 90' lang='lat' dir='ltr'>sed</span> <span class='ocrx_word' id='word_1_752' title='bbox 2734 4572 2929 4629; x_wconf 88' lang='lat' dir='ltr'>divina</span> <span class='ocrx_word' id='word_1_753' title='bbox 2976 4580 3035 4629; x_wconf 91' lang='lat' dir='ltr'>et</span> <span class='ocrx_word' id='word_1_754' title='bbox 3082 4575 3411 4646; x_wconf 88' lang='lat' dir='ltr'>perfectiori</span> <span class='ocrx_word' id='word_1_755' title='bbox 3461 4574 3708 4645; x_wconf 85' lang='lat' dir='ltr'>sapien-</span> 
     </span>
    </p>
   </div>
   <div class='ocr_carea' id='block_1_95' title="bbox 2042 4662 3709 4733">
    <p class='ocr_par' dir='ltr' id='par_1_95' title="bbox 2042 4662 3709 4733">
     <span class='ocr_line' id='line_1_96' title="bbox 2042 4662 3709 4733; baseline -0.001 -14"><span class='ocrx_word' id='word_1_756' title='bbox 2042 4665 2125 4719; x_wconf 87' lang='lat' dir='ltr'>tia</span> <span class='ocrx_word' id='word_1_757' title='bbox 2156 4662 2361 4718; x_wconf 88' lang='lat' dir='ltr'>afflari.</span> <span class='ocrx_word' id='word_1_758' title='bbox 2389 4662 2691 4733; x_wconf 84' lang='lat' dir='ltr'>Siquidem</span> <span class='ocrx_word' id='word_1_759' title='bbox 2742 4667 2798 4717; x_wconf 90' lang='lat' dir='ltr'>et</span> <span class='ocrx_word' id='word_1_760' title='bbox 2848 4662 3087 4730; x_wconf 88' lang='lat' dir='ltr'>Paulus,</span> <span class='ocrx_word' id='word_1_761' title='bbox 3120 4680 3253 4718; x_wconf 90' lang='lat' dir='ltr'>cum</span> <span class='ocrx_word' id='word_1_762' title='bbox 3307 4663 3540 4718; x_wconf 88' lang='lat' dir='ltr'>aiebat:</span> <span class='ocrx_word' id='word_1_763' title='bbox 3584 4663 3709 4718; x_wconf 87' lang='lat' dir='ltr'>Vivo</span> 
     </span>
    </p>
   </div>
   <div class='ocr_carea' id='block_1_96' title="bbox 2044 4752 3704 4821">
    <p class='ocr_par' dir='ltr' id='par_1_96' title="bbox 2044 4752 3704 4821">
     <span class='ocr_line' id='line_1_97' title="bbox 2044 4752 3704 4821; baseline -0.001 -14"><span class='ocrx_word' id='word_1_764' title='bbox 2044 4762 2250 4821; x_wconf 80' lang='lat' dir='ltr'>autem,</span> <span class='ocrx_word' id='word_1_765' title='bbox 2282 4768 2394 4807; x_wconf 82' lang='lat' dir='ltr'>non</span> <span class='ocrx_word' id='word_1_766' title='bbox 2431 4752 2555 4821; x_wconf 86' lang='lat' dir='ltr'>jam</span> <span class='ocrx_word' id='word_1_767' title='bbox 2593 4766 2710 4820; x_wconf 80' lang='lat' dir='ltr'>ego,</span> <span class='ocrx_word' id='word_1_768' title='bbox 2746 4752 2883 4805; x_wconf 82' lang='lat' dir='ltr'>vivit</span> <span class='ocrx_word' id='word_1_769' title='bbox 2911 4767 3034 4807; x_wconf 84' lang='lat' dir='ltr'>vero</span> <span class='ocrx_word' id='word_1_770' title='bbox 3090 4754 3150 4806; x_wconf 86' lang='lat' dir='ltr'>in</span> <span class='ocrx_word' id='word_1_771' title='bbox 3207 4768 3293 4807; x_wconf 83' lang='lat' dir='ltr'>me</span> <span class='ocrx_word' id='word_1_772' title='bbox 3352 4752 3599 4807; x_wconf 81' lang='lat' dir='ltr'>Christus</span> <span class='ocrx_word' id='word_1_773' title='bbox 3621 4752 3704 4817; x_wconf 71' lang='grc' dir='ltr'>³ος</span> 
     </span>
    </p>
   </div>
   <div class='ocr_carea' id='block_1_97' title="bbox 358 4865 1937 4937">
    <p class='ocr_par' dir='ltr' id='par_1_97' title="bbox 358 4865 1937 4937">
     <span class='ocr_line' id='line_1_98' title="bbox 358 4865 1937 4937; baseline 0.001 -16"><span class='ocrx_word' id='word_1_774' title='bbox 358 4868 402 4901; x_wconf 72' lang='grc'>³⁸</span> <span class='ocrx_word' id='word_1_775' title='bbox 436 4867 600 4921; x_wconf 78' lang='lat' dir='ltr'>Rom.</span> <span class='ocrx_word' id='word_1_776' title='bbox 634 4866 817 4937; x_wconf 17' lang='lat' dir='ltr'>x11,71.</span> <span class='ocrx_word' id='word_1_777' title='bbox 898 4865 942 4899; x_wconf 83' lang='grc'>²⁷</span> <span class='ocrx_word' id='word_1_778' title='bbox 972 4866 1018 4920; x_wconf 87' lang='grc' dir='ltr'>ΙΙ</span> <span class='ocrx_word' id='word_1_779' title='bbox 1051 4865 1179 4921; x_wconf 88' lang='lat' dir='ltr'>Cor.</span> <span class='ocrx_word' id='word_1_780' title='bbox 1230 4882 1310 4929; x_wconf 85' lang='lat' dir='ltr'>v1,</span> <span class='ocrx_word' id='word_1_781' title='bbox 1364 4867 1449 4921; x_wconf 91' lang='lat'>16.</span> <span class='ocrx_word' id='word_1_782' title='bbox 1527 4867 1570 4901; x_wconf 74' lang='grc'>³⁸</span> <span class='ocrx_word' id='word_1_783' title='bbox 1600 4867 1797 4922; x_wconf 88' lang='lat' dir='ltr'>Judic.</span> <span class='ocrx_word' id='word_1_784' title='bbox 1848 4885 1937 4923; x_wconf 81' lang='lat' dir='ltr'>x11:</span> 
     </span>
    </p>
   </div>
   <div class='ocr_carea' id='block_1_98' title="bbox 2052 4865 3710 4937">
    <p class='ocr_par' dir='ltr' id='par_1_98' title="bbox 2052 4866 3710 4937">
     <span class='ocr_line' id='line_1_99' title="bbox 2052 4866 3710 4937; baseline 0 -18"><span class='ocrx_word' id='word_1_785' title='bbox 2052 4870 2113 4923; x_wconf 81' lang='lat'>:2.</span> <span class='ocrx_word' id='word_1_786' title='bbox 2192 4869 2239 4902; x_wconf 71' lang='grc'>³⁸</span> <span class='ocrx_word' id='word_1_787' title='bbox 2272 4868 2410 4921; x_wconf 91' lang='lat' dir='ltr'>Luc.</span> <span class='ocrx_word' id='word_1_788' title='bbox 2462 4883 2517 4935; x_wconf 87' lang='grc' dir='ltr'>ν,</span> <span class='ocrx_word' id='word_1_789' title='bbox 2566 4867 2620 4921; x_wconf 91' lang='grc'>8.</span> <span class='ocrx_word' id='word_1_790' title='bbox 2700 4867 2744 4901; x_wconf 82' lang='grc' dir='ltr'>³ο</span> <span class='ocrx_word' id='word_1_791' title='bbox 2777 4866 2982 4921; x_wconf 91' lang='lat' dir='ltr'>Matth.</span> <span class='ocrx_word' id='word_1_792' title='bbox 3033 4884 3153 4930; x_wconf 83' lang='lat' dir='ltr'>vm,</span> <span class='ocrx_word' id='word_1_793' title='bbox 3202 4867 3257 4922; x_wconf 93' lang='lat'>8.</span> <span class='ocrx_word' id='word_1_794' title='bbox 3333 4867 3550 4921; x_wconf 74' lang='lat' dir='ltr'>81Luc.</span> <span class='ocrx_word' id='word_1_795' title='bbox 3593 4881 3710 4937; x_wconf 76' lang='lat' dir='ltr'>xrx,</span> 
     </span>
    </p>
   </div>
   <div class='ocr_carea' id='block_1_99' title="bbox 284 4940 513 5009">
    <p class='ocr_par' dir='ltr' id='par_1_99' title="bbox 284 4940 513 5009">
     <span class='ocr_line' id='line_1_100' title="bbox 284 4940 513 5009; baseline -0.004 -17"><span class='ocrx_word' id='word_1_796' title='bbox 284 4940 320 4992; x_wconf 87' lang='lat'>2</span> <span class='ocrx_word' id='word_1_797' title='bbox 350 4954 513 5009; x_wconf 91' lang='lat' dir='ltr'>seqq.</span> 
     </span>
    </p>
   </div>
   <div class='ocr_carea' id='block_1_100' title="bbox 290 5051 1945 5125">
    <p class='ocr_par' dir='ltr' id='par_1_100' title="bbox 290 5051 1945 5125">
     <span class='ocr_line' id='line_1_101' title="bbox 290 5051 1945 5125; baseline 0.001 -17"><span class='ocrx_word' id='word_1_798' title='bbox 290 5054 530 5125; x_wconf 68' lang='lat' dir='ltr'>cundas</span> <span class='ocrx_word' id='word_1_799' title='bbox 557 5052 716 5125; x_wconf 82' lang='lat' dir='ltr'>dant.</span> <span class='ocrx_word' id='word_1_800' title='bbox 738 5051 1014 5125; x_wconf 80' lang='lat' dir='ltr'>_Hostiam</span> <span class='ocrx_word' id='word_1_801' title='bbox 1046 5070 1217 5125; x_wconf 91' lang='lat' dir='ltr'>porro</span> <span class='ocrx_word' id='word_1_802' title='bbox 1266 5057 1324 5107; x_wconf 91' lang='lat' dir='ltr'>et</span> <span class='ocrx_word' id='word_1_803' title='bbox 1373 5053 1708 5124; x_wconf 83' lang='lat' dir='ltr'>pontificem</span> <span class='ocrx_word' id='word_1_804' title='bbox 1741 5054 1945 5125; x_wconf 87' lang='lat' dir='ltr'>appel-</span> 
     </span>
    </p>
   </div>
   <div class='ocr_carea' id='block_1_101' title="bbox 291 5121 1945 5206">
    <p class='ocr_par' dir='ltr' id='par_1_101' title="bbox 291 5121 1945 5206">
     <span class='ocr_line' id='line_1_102' title="bbox 291 5121 1945 5206; baseline 0.001 -27"><span class='ocrx_word' id='word_1_805' title='bbox 291 5126 439 5206; x_wconf 67' lang='lat' dir='ltr'>iant,</span> <span class='ocrx_word' id='word_1_806' title='bbox 472 5121 619 5206; x_wconf 71' lang='lat' dir='ltr'>illud</span> <span class='ocrx_word' id='word_1_807' title='bbox 652 5122 887 5193; x_wconf 91' lang='lat' dir='ltr'>quidem</span> <span class='ocrx_word' id='word_1_808' title='bbox 907 5124 989 5206; x_wconf 64' lang='lat' dir='ltr'>ob</span> <span class='ocrx_word' id='word_1_809' title='bbox 1034 5121 1457 5206; x_wconf 36' lang='lat' dir='ltr'>passionem—et</span> <span class='ocrx_word' id='word_1_810' title='bbox 1488 5142 1590 5206; x_wconf 86' lang='lat' dir='ltr'>pro</span> <span class='ocrx_word' id='word_1_811' title='bbox 1623 5121 1945 5206; x_wconf 43' lang='lat' dir='ltr'>nostra—sa-</span> 
     </span>
    </p>
   </div>
   <div class='ocr_carea' id='block_1_102' title="bbox 290 5194 1947 5268">
    <p class='ocr_par' dir='ltr' id='par_1_102' title="bbox 290 5194 1947 5268">
     <span class='ocr_line' id='line_1_103' title="bbox 290 5194 1947 5268; baseline 0.001 -18"><span class='ocrx_word' id='word_1_812' title='bbox 290 5197 414 5251; x_wconf 89' lang='lat' dir='ltr'>lute</span> <span class='ocrx_word' id='word_1_813' title='bbox 445 5194 832 5268; x_wconf 84' lang='lat' dir='ltr'>oblationem;</span> <span class='ocrx_word' id='word_1_814' title='bbox 868 5194 1116 5251; x_wconf 83' lang='lat' dir='ltr'>alterum</span> <span class='ocrx_word' id='word_1_815' title='bbox 1161 5202 1378 5266; x_wconf 87' lang='lat' dir='ltr'>autem,</span> <span class='ocrx_word' id='word_1_816' title='bbox 1413 5194 1553 5268; x_wconf 85' lang='lat' dir='ltr'>quia</span> <span class='ocrx_word' id='word_1_817' title='bbox 1584 5213 1697 5252; x_wconf 88' lang='lat' dir='ltr'>non</span> <span class='ocrx_word' id='word_1_818' title='bbox 1732 5198 1802 5252; x_wconf 90' lang='lat' dir='ltr'>ab</span> <span class='ocrx_word' id='word_1_819' title='bbox 1836 5197 1947 5252; x_wconf 88' lang='lat' dir='ltr'>alio</span> 
     </span>
    </p>
   </div>
   <div class='ocr_carea' id='block_1_103' title="bbox 293 5265 1945 5338">
    <p class='ocr_par' dir='ltr' id='par_1_103' title="bbox 293 5265 1945 5338">
     <span class='ocr_line' id='line_1_104' title="bbox 293 5265 1945 5338; baseline 0.001 -15"><span class='ocrx_word' id='word_1_820' title='bbox 293 5268 397 5324; x_wconf 88' lang='lat' dir='ltr'>sed</span> <span class='ocrx_word' id='word_1_821' title='bbox 447 5266 679 5338; x_wconf 89' lang='lat' dir='ltr'>propria</span> <span class='ocrx_word' id='word_1_822' title='bbox 707 5265 1003 5322; x_wconf 86' lang='lat' dir='ltr'>voluntate</span> <span class='ocrx_word' id='word_1_823' title='bbox 1051 5269 1392 5323; x_wconf 88' lang='lat' dir='ltr'>immolatus</span> <span class='ocrx_word' id='word_1_824' title='bbox 1431 5265 1574 5333; x_wconf 75' lang='lat' dir='ltr'>fuit,</span> <span class='ocrx_word' id='word_1_825' title='bbox 1622 5273 1678 5323; x_wconf 88' lang='lat' dir='ltr'>et</span> <span class='ocrx_word' id='word_1_826' title='bbox 1726 5270 1795 5323; x_wconf 90' lang='lat' dir='ltr'>ad</span> <span class='ocrx_word' id='word_1_827' title='bbox 1850 5286 1945 5324; x_wconf 88' lang='lat' dir='ltr'>v0-</span> 
     </span>
    </p>
   </div>
   <div class='ocr_carea' id='block_1_104' title="bbox 291 5338 1945 5410">
    <p class='ocr_par' dir='ltr' id='par_1_104' title="bbox 291 5338 1945 5410">
     <span class='ocr_line' id='line_1_105' title="bbox 291 5338 1945 5410; baseline 0.001 -16"><span class='ocrx_word' id='word_1_828' title='bbox 291 5338 612 5394; x_wconf 89' lang='lat' dir='ltr'>luntariam</span> <span class='ocrx_word' id='word_1_829' title='bbox 662 5343 911 5393; x_wconf 89' lang='lat' dir='ltr'>mortem</span> <span class='ocrx_word' id='word_1_830' title='bbox 961 5340 1225 5396; x_wconf 83' lang='lat' dir='ltr'>accessit.</span> <span class='ocrx_word' id='word_1_831' title='bbox 1256 5362 1285 5389; x_wconf 81' lang='grc'>»</span> <span class='ocrx_word' id='word_1_832' title='bbox 1316 5340 1456 5394; x_wconf 61' lang='lat' dir='ltr'>Man</span> <span class='ocrx_word' id='word_1_833' title='bbox 1500 5340 1755 5410; x_wconf 83' lang='lat' dir='ltr'>Spiciteg.</span> <span class='ocrx_word' id='word_1_834' title='bbox 1790 5345 1945 5396; x_wconf 79' lang='lat' dir='ltr'>Rom.</span> 
     </span>
    </p>
   </div>
   <div class='ocr_carea' id='block_1_105' title="bbox 295 5409 1624 5552">
    <p class='ocr_par' dir='ltr' id='par_1_105' title="bbox 295 5409 1624 5552">
     <span class='ocr_line' id='line_1_106' title="bbox 295 5409 1624 5552; baseline 0.002 -17"><span class='ocrx_word' id='word_1_835' title='bbox 295 5409 905 5552; x_wconf 57' lang='grc' dir='ltr'>Χ’(53Θζ”Αποδέξωμαι.</span> <span class='ocrx_word' id='word_1_836' title='bbox 941 5481 1081 5552; x_wconf 80' lang='lat' dir='ltr'>Reg.</span> <span class='ocrx_word' id='word_1_837' title='bbox 1115 5482 1237 5549; x_wconf 90' lang='lat' dir='ltr'>bm,</span> <span class='ocrx_word' id='word_1_838' title='bbox 1272 5476 1624 5552; x_wconf 80' lang='grc' dir='ltr'>ἀποδέξομαι.</span> 
     </span>
    </p>
   </div>
   <div class='ocr_carea' id='block_1_106' title="bbox 385 5547 1168 5626">
    <p class='ocr_par' dir='ltr' id='par_1_106' title="bbox 385 5547 1168 5626">
     <span class='ocr_line' id='line_1_107' title="bbox 385 5547 1168 5626; baseline 0 -19"><span class='ocrx_word' id='word_1_839' title='bbox 506 5547 725 5626; x_wconf 54' lang='grc' dir='ltr'>Λέξεινξ</span> <span class='ocrx_word' id='word_1_840' title='bbox 745 5547 841 5607; x_wconf 66' lang='lat' dir='ltr'>0r.</span> <span class='ocrx_word' id='word_1_841' title='bbox 866 5554 935 5626; x_wconf 19' lang='lat'>71,</span> <span class='ocrx_word' id='word_1_842' title='bbox 967 5547 1168 5626; x_wconf 65' lang='grc' dir='ltr'>λέγειν.</span> 
     </span>
    </p>
   </div>
   <div class='ocr_carea' id='block_1_107' title="bbox 384 5620 1485 5696">
    <p class='ocr_par' dir='ltr' id='par_1_107' title="bbox 384 5620 1485 5696">
     <span class='ocr_line' id='line_1_108' title="bbox 384 5620 1485 5696; baseline 0.001 -21"><span class='ocrx_word' id='word_1_843' title='bbox 506 5620 817 5696; x_wconf 59' lang='grc' dir='ltr'>Γενόμενοι.</span> <span class='ocrx_word' id='word_1_844' title='bbox 849 5620 1135 5696; x_wconf 73' lang='lat' dir='ltr'>Cdmbef.,</span> <span class='ocrx_word' id='word_1_845' title='bbox 1166 5620 1485 5696; x_wconf 58' lang='grc' dir='ltr'>γενομένορ.</span> 
     </span>
    </p>
   </div>
   <div class='ocr_carea' id='block_1_108' title="bbox 392 5691 1948 5767">
    <p class='ocr_par' dir='ltr' id='par_1_108' title="bbox 392 5691 1948 5767">
     <span class='ocr_line' id='line_1_109' title="bbox 392 5691 1948 5767; baseline 0.001 -19"><span class='ocrx_word' id='word_1_846' title='bbox 392 5695 483 5764; x_wconf 88' lang='grc'>62)</span> <span class='ocrx_word' id='word_1_847' title='bbox 513 5692 600 5767; x_wconf 77' lang='grc' dir='ltr'>Ὦς</span> <span class='ocrx_word' id='word_1_848' title='bbox 646 5691 863 5767; x_wconf 64' lang='grc' dir='ltr'>’Πέτρας</span> <span class='ocrx_word' id='word_1_849' title='bbox 922 5691 1371 5767; x_wconf 55' lang='grc' dir='ltr'>ιίιποπέμι.)ιάσθαι.ἶ</span> <span class='ocrx_word' id='word_1_850' title='bbox 1422 5693 1738 5767; x_wconf 43' lang='grc' dir='ltr'>Βθεηὺω,</span> <span class='ocrx_word' id='word_1_851' title='bbox 1790 5694 1863 5757; x_wconf 87' lang='grc' dir='ltr'>ὡς</span> <span class='ocrx_word' id='word_1_852' title='bbox 1921 5696 1948 5749; x_wconf 87' lang='grc' dir='ltr'>ὁ</span> 
     </span>
    </p>
   </div>
   <div class='ocr_carea' id='block_1_109' title="bbox 296 5764 1782 5844">
    <p class='ocr_par' dir='ltr' id='par_1_109' title="bbox 296 5764 1782 5844">
     <span class='ocr_line' id='line_1_110' title="bbox 296 5764 1782 5844; baseline -0.003 -19"><span class='ocrx_word' id='word_1_853' title='bbox 296 5764 527 5844; x_wconf 70' lang='grc' dir='ltr'>Ηέτρος.</span> <span class='ocrx_word' id='word_1_854' title='bbox 560 5764 657 5822; x_wconf 90' lang='lat' dir='ltr'>Or.</span> <span class='ocrx_word' id='word_1_855' title='bbox 689 5765 742 5835; x_wconf 86' lang='lat'>1,</span> <span class='ocrx_word' id='word_1_856' title='bbox 773 5764 1084 5825; x_wconf 83' lang='lat' dir='ltr'>recentiori</span> <span class='ocrx_word' id='word_1_857' title='bbox 1108 5764 1316 5838; x_wconf 79' lang='lat' dir='ltr'>manu,</span> <span class='ocrx_word' id='word_1_858' title='bbox 1348 5764 1782 5840; x_wconf 72' lang='grc' dir='ltr'>ἀποπέμψεσθαι.</span> 
     </span>
    </p>
   </div>
   <div class='ocr_carea' id='block_1_110' title="bbox 588 4936 1937 5010">
    <p class='ocr_par' dir='ltr' id='par_1_110' title="bbox 588 4936 1937 5010">
     <span class='ocr_line' id='line_1_111' title="bbox 588 4936 1937 5010; baseline 0.003 -19"><span class='ocrx_word' id='word_1_859' title='bbox 588 4938 633 4971; x_wconf 81' lang='grc'>⁸²</span> <span class='ocrx_word' id='word_1_860' title='bbox 662 4936 884 4992; x_wconf 89' lang='lat' dir='ltr'>Coloss.</span> <span class='ocrx_word' id='word_1_861' title='bbox 918 4954 1003 5007; x_wconf 84' lang='lat' dir='ltr'>In,</span> <span class='ocrx_word' id='word_1_862' title='bbox 1034 4938 1089 4992; x_wconf 89' lang='lat'>5.</span> <span class='ocrx_word' id='word_1_863' title='bbox 1168 4937 1213 4972; x_wconf 75' lang='grc'><strong>³³</strong></span> <span class='ocrx_word' id='word_1_864' title='bbox 1244 4936 1500 5010; x_wconf 89' lang='lat' dir='ltr'>Philipp.</span> <span class='ocrx_word' id='word_1_865' title='bbox 1536 4955 1621 5007; x_wconf 81' lang='grc' dir='ltr'>ιιι,</span> <span class='ocrx_word' id='word_1_866' title='bbox 1652 4940 1742 4993; x_wconf 84' lang='grc'>21.</span> <span class='ocrx_word' id='word_1_867' title='bbox 1820 4940 1866 4974; x_wconf 53' lang='grc'><strong>⁸4</strong></span> <span class='ocrx_word' id='word_1_868' title='bbox 1900 4940 1937 4995; x_wconf 92' lang='lat' dir='ltr'><strong>L</strong></span> 
     </span>
    </p>
   </div>
   <div class='ocr_carea' id='block_1_111' title="bbox 2052 4936 3397 5010">
    <p class='ocr_par' dir='ltr' id='par_1_111' title="bbox 2066 4937 3397 5005">
     <span class='ocr_line' id='line_1_112' title="bbox 2066 4937 3397 5005; baseline -0.002 -10"><span class='ocrx_word' id='word_1_869' title='bbox 2066 4956 2185 5005; x_wconf 80' lang='lat' dir='ltr'>Xlx,</span> <span class='ocrx_word' id='word_1_870' title='bbox 2214 4940 2267 4993; x_wconf 85' lang='lat'>9.</span> <span class='ocrx_word' id='word_1_871' title='bbox 2347 4937 2392 4972; x_wconf 79' lang='grc'>³⁸</span> <span class='ocrx_word' id='word_1_872' title='bbox 2422 4941 2590 4993; x_wconf 88' lang='lat' dir='ltr'>Prov.</span> <span class='ocrx_word' id='word_1_873' title='bbox 2624 4954 2754 5003; x_wconf 83' lang='lat' dir='ltr'>xxx,</span> <span class='ocrx_word' id='word_1_874' title='bbox 2784 4940 2837 4991; x_wconf 87' lang='lat'>2.</span> <span class='ocrx_word' id='word_1_875' title='bbox 2916 4938 2961 4973; x_wconf 73' lang='grc'>³⁸</span> <span class='ocrx_word' id='word_1_876' title='bbox 2992 4937 3178 4993; x_wconf 88' lang='lat' dir='ltr'>Galat.</span> <span class='ocrx_word' id='word_1_877' title='bbox 3215 4955 3280 5004; x_wconf 81' lang='grc' dir='ltr'>ιι,</span> <span class='ocrx_word' id='word_1_878' title='bbox 3307 4938 3397 4993; x_wconf 83' lang='grc'>20.</span> 
     </span>
    </p>
   </div>
   <div class='ocr_carea' id='block_1_112' title="bbox 2128 5050 3710 5126">
    <p class='ocr_par' dir='ltr' id='par_1_112' title="bbox 2128 5050 3710 5126">
     <span class='ocr_line' id='line_1_113' title="bbox 2128 5050 3710 5126; baseline -0.003 -17"><span class='ocrx_word' id='word_1_879' title='bbox 2128 5056 2241 5123; x_wconf 87' lang='grc'>(63)</span> <span class='ocrx_word' id='word_1_880' title='bbox 2268 5050 2559 5126; x_wconf 88' lang='grc' dir='ltr'>Θεραπείαν</span> <span class='ocrx_word' id='word_1_881' title='bbox 2586 5052 3120 5126; x_wconf 49' lang='grc' dir='ltr'>ἀπαιτήσεινῂϐοἱω.</span> <span class='ocrx_word' id='word_1_882' title='bbox 3148 5054 3199 5118; x_wconf 90' lang='grc'>1,</span> <span class='ocrx_word' id='word_1_883' title='bbox 3222 5050 3501 5126; x_wconf 86' lang='grc' dir='ltr'>θεραπείαν</span> <span class='ocrx_word' id='word_1_884' title='bbox 3527 5050 3710 5124; x_wconf 73' lang='grc' dir='ltr'>ἐπιζη-</span> 
     </span>
    </p>
   </div>
   <div class='ocr_carea' id='block_1_113' title="bbox 2054 5123 3127 5197">
    <p class='ocr_par' dir='ltr' id='par_1_113' title="bbox 2054 5123 3127 5197">
     <span class='ocr_line' id='line_1_114' title="bbox 2054 5123 3127 5197; baseline -0.002 -18"><span class='ocrx_word' id='word_1_885' title='bbox 2054 5128 2262 5195; x_wconf 69' lang='grc' dir='ltr'>τήσειν.</span> <span class='ocrx_word' id='word_1_886' title='bbox 2299 5123 2449 5197; x_wconf 54' lang='lat' dir='ltr'>Pan,</span> <span class='ocrx_word' id='word_1_887' title='bbox 2481 5123 2760 5197; x_wconf 77' lang='grc' dir='ltr'>θεραπείας</span> <span class='ocrx_word' id='word_1_888' title='bbox 2789 5123 3127 5197; x_wconf 74' lang='grc' dir='ltr'>ἐπιζήτησιν.</span> 
     </span>
    </p>
   </div>
   <div class='ocr_carea' id='block_1_114' title="bbox 2130 5192 3705 5268">
    <p class='ocr_par' dir='ltr' id='par_1_114' title="bbox 2130 5192 3705 5268">
     <span class='ocr_line' id='line_1_115' title="bbox 2130 5192 3705 5268; baseline -0.004 -18"><span class='ocrx_word' id='word_1_889' title='bbox 2130 5192 2549 5268; x_wconf 69' lang='grc' dir='ltr'>(64)Μαράνας.’</span> <span class='ocrx_word' id='word_1_890' title='bbox 2598 5196 2750 5264; x_wconf 66' lang='lat' dir='ltr'>Pan,</span> <span class='ocrx_word' id='word_1_891' title='bbox 2804 5195 3070 5268; x_wconf 87' lang='grc' dir='ltr'>μωράνας.</span> <span class='ocrx_word' id='word_1_892' title='bbox 3128 5196 3266 5265; x_wconf 79' lang='lat' dir='ltr'>Reg.</span> <span class='ocrx_word' id='word_1_893' title='bbox 3319 5194 3487 5263; x_wconf 90' lang='lat' dir='ltr'>Chry.</span> <span class='ocrx_word' id='word_1_894' title='bbox 3542 5192 3705 5265; x_wconf 81' lang='grc' dir='ltr'>ὑπερ-</span> 
     </span>
    </p>
   </div>
   <div class='ocr_carea' id='block_1_115' title="bbox 2057 5262 3439 5336">
    <p class='ocr_par' dir='ltr' id='par_1_115' title="bbox 2057 5262 3439 5336">
     <span class='ocr_line' id='line_1_116' title="bbox 2057 5262 3439 5336; baseline -0.003 -15"><span class='ocrx_word' id='word_1_895' title='bbox 2057 5262 2276 5329; x_wconf 74' lang='grc' dir='ltr'>ανὰϐἀς,</span> <span class='ocrx_word' id='word_1_896' title='bbox 2312 5262 2712 5323; x_wconf 77' lang='lat' dir='ltr'>«transcenso</span> <span class='ocrx_word' id='word_1_897' title='bbox 2737 5262 3091 5321; x_wconf 82' lang='lat' dir='ltr'>humilitatis</span> <span class='ocrx_word' id='word_1_898' title='bbox 3123 5262 3381 5336; x_wconf 72' lang='lat' dir='ltr'>corpore.</span> <span class='ocrx_word' id='word_1_899' title='bbox 3412 5262 3439 5315; x_wconf 57' lang='grc' dir='ltr'><em>ἡ</em></span> 
     </span>
    </p>
   </div>
   <div class='ocr_carea' id='block_1_116' title="bbox 2148 5335 3375 5466">
    <p class='ocr_par' dir='ltr' id='par_1_116' title="bbox 2148 5335 3375 5466">
     <span class='ocr_line' id='line_1_117' title="bbox 2148 5335 3375 5409; baseline -0.004 -14"><span class='ocrx_word' id='word_1_900' title='bbox 2148 5343 2219 5395; x_wconf 82' lang='lat'>65</span> <span class='ocrx_word' id='word_1_901' title='bbox 2272 5338 2452 5409; x_wconf 82' lang='grc' dir='ltr'>Ἐμοί.</span> <span class='ocrx_word' id='word_1_902' title='bbox 2490 5340 2567 5394; x_wconf 82' lang='lat' dir='ltr'>Re</span> <span class='ocrx_word' id='word_1_903' title='bbox 2616 5380 2628 5392; x_wconf 92' lang='lat'>.</span> <span class='ocrx_word' id='word_1_904' title='bbox 2662 5356 2717 5404; x_wconf 85' lang='lat' dir='ltr'>a,</span> <span class='ocrx_word' id='word_1_905' title='bbox 2748 5339 2842 5393; x_wconf 90' lang='lat' dir='ltr'>Or.</span> <span class='ocrx_word' id='word_1_906' title='bbox 2884 5342 2931 5405; x_wconf 85' lang='lat'>1,</span> <span class='ocrx_word' id='word_1_907' title='bbox 2965 5343 3118 5406; x_wconf 64' lang='lat' dir='ltr'>Pan,</span> <span class='ocrx_word' id='word_1_908' title='bbox 3152 5335 3203 5390; x_wconf 69' lang='grc' dir='ltr'>έν</span> <span class='ocrx_word' id='word_1_909' title='bbox 3228 5335 3375 5408; x_wconf 78' lang='grc' dir='ltr'>έμοί.</span> 
     </span>
     <span class='ocr_line' id='line_1_118' title="bbox 2150 5344 3375 5466; baseline -0.003 0"><span class='ocrx_word' id='word_1_910' title='bbox 2150 5344 2239 5466; x_wconf 63' lang='grc'>66)</span> <span class='ocrx_word' id='word_1_911' title='bbox 2272 5409 2400 5465; x_wconf 78' lang='grc' dir='ltr'>Οὐκ.</span> <span class='ocrx_word' id='word_1_912' title='bbox 2434 5410 2529 5466; x_wconf 91' lang='lat' dir='ltr'>Sic</span> <span class='ocrx_word' id='word_1_913' title='bbox 2572 5355 2751 5466; x_wconf 48' lang='lat' dir='ltr'>goisl.</span> <span class='ocrx_word' id='word_1_914' title='bbox 2801 5412 2851 5466; x_wconf 90' lang='lat'>1.</span> <span class='ocrx_word' id='word_1_915' title='bbox 2906 5411 2999 5465; x_wconf 91' lang='lat' dir='ltr'>Or.</span> <span class='ocrx_word' id='word_1_916' title='bbox 3064 5413 3114 5466; x_wconf 89' lang='lat'>1.</span> <span class='ocrx_word' id='word_1_917' title='bbox 3172 5415 3229 5465; x_wconf 90' lang='lat' dir='ltr'>et</span> <span class='ocrx_word' id='word_1_918' title='bbox 3285 5409 3375 5463; x_wconf 74' lang='lat' dir='ltr'>Pal</span> 
     </span>
    </p>
   </div>
   <div class='ocr_carea' id='block_1_117' title="bbox 2091 5405 3707 5534">
    <p class='ocr_par' dir='ltr' id='par_1_117' title="bbox 2091 5405 3707 5534">
     <span class='ocr_line' id='line_1_119' title="bbox 2091 5405 3707 5534; baseline -0.003 -68"><span class='ocrx_word' id='word_1_919' title='bbox 2091 5405 2238 5534; x_wconf 75' lang='grc' dir='ltr'>ὗ(66)</span> <span class='ocrx_word' id='word_1_920' title='bbox 2272 5405 2400 5465; x_wconf 74' lang='grc' dir='ltr'>Οῦκ.</span> <span class='ocrx_word' id='word_1_921' title='bbox 2434 5410 2529 5466; x_wconf 91' lang='lat' dir='ltr'>Sic</span> <span class='ocrx_word' id='word_1_922' title='bbox 2575 5405 2751 5466; x_wconf 79' lang='lat' dir='ltr'>Cois].</span> <span class='ocrx_word' id='word_1_923' title='bbox 2801 5412 2851 5481; x_wconf 87' lang='lat'>1,</span> <span class='ocrx_word' id='word_1_924' title='bbox 2906 5411 2999 5465; x_wconf 91' lang='lat' dir='ltr'>Or.</span> <span class='ocrx_word' id='word_1_925' title='bbox 3064 5405 3114 5480; x_wconf 87' lang='lat'>1,</span> <span class='ocrx_word' id='word_1_926' title='bbox 3172 5415 3229 5465; x_wconf 90' lang='lat' dir='ltr'>et</span> <span class='ocrx_word' id='word_1_927' title='bbox 3264 5405 3411 5463; x_wconf 37' lang='lat' dir='ltr'>&#39;Par.</span> <span class='ocrx_word' id='word_1_928' title='bbox 3469 5405 3533 5462; x_wconf 89' lang='lat' dir='ltr'>In</span> <span class='ocrx_word' id='word_1_929' title='bbox 3589 5405 3707 5475; x_wconf 82' lang='lat' dir='ltr'>ed.,</span> 
     </span>
     <span class='ocr_line' id='line_1_120' title="bbox 2126 5505 2171 5534; baseline 0 0"><span class='ocrx_word' id='word_1_930' title='bbox 2126 5505 2171 5534; x_wconf 91' lang='grc' dir='ltr'>ν.</span> 
     </span>
    </p>
   </div>
   <div class='ocr_carea' id='block_1_118' title="bbox 2059 5502 2171 5537">
    <p class='ocr_par' dir='ltr' id='par_1_118' title="bbox 2059 5502 2171 5537">
     <span class='ocr_line' id='line_1_121' title="bbox 2059 5502 2171 5537; baseline 0.009 -1"><span class='ocrx_word' id='word_1_931' title='bbox 2059 5502 2171 5537; x_wconf 87' lang='grc' dir='ltr'>ουν.</span> 
     </span>
    </p>
   </div>
   <div class='ocr_carea' id='block_1_119' title="bbox 2128 5545 3713 5624">
    <p class='ocr_par' dir='ltr' id='par_1_119' title="bbox 2128 5545 3713 5624">
     <span class='ocr_line' id='line_1_122' title="bbox 2128 5545 3713 5624; baseline -0.004 -16"><span class='ocrx_word' id='word_1_932' title='bbox 2128 5555 2241 5624; x_wconf 85' lang='grc'>(67)</span> <span class='ocrx_word' id='word_1_933' title='bbox 2273 5549 2441 5605; x_wconf 84' lang='grc' dir='ltr'>Τοῦτο</span> <span class='ocrx_word' id='word_1_934' title='bbox 2484 5549 2593 5606; x_wconf 83' lang='grc' dir='ltr'>καί.</span> <span class='ocrx_word' id='word_1_935' title='bbox 2648 5550 2744 5607; x_wconf 92' lang='lat' dir='ltr'>Sic</span> <span class='ocrx_word' id='word_1_936' title='bbox 2793 5550 2989 5623; x_wconf 89' lang='lat' dir='ltr'>plures</span> <span class='ocrx_word' id='word_1_937' title='bbox 3040 5552 3290 5608; x_wconf 90' lang='lat' dir='ltr'>codices.</span> <span class='ocrx_word' id='word_1_938' title='bbox 3340 5551 3404 5607; x_wconf 87' lang='lat' dir='ltr'>In</span> <span class='ocrx_word' id='word_1_939' title='bbox 3457 5548 3573 5617; x_wconf 90' lang='lat' dir='ltr'>ed.,</span> <span class='ocrx_word' id='word_1_940' title='bbox 3621 5545 3713 5602; x_wconf 84' lang='grc' dir='ltr'>καὶ</span> 
     </span>
    </p>
   </div>
   <div class='ocr_carea' id='block_1_120' title="bbox 2056 5644 2239 5679">
    <p class='ocr_par' dir='ltr' id='par_1_120' title="bbox 2056 5644 2239 5679">
     <span class='ocr_line' id='line_1_123' title="bbox 2056 5644 2239 5679; baseline 0 0"><span class='ocrx_word' id='word_1_941' title='bbox 2056 5644 2239 5679; x_wconf 84' lang='grc' dir='ltr'>τουτο.</span> 
     </span>
    </p>
   </div>
   <div class='ocr_carea' id='block_1_121' title="bbox 2129 5693 3063 5770">
    <p class='ocr_par' dir='ltr' id='par_1_121' title="bbox 2129 5693 3063 5770">
     <span class='ocr_line' id='line_1_124' title="bbox 2129 5693 3063 5770; baseline 0 -17"><span class='ocrx_word' id='word_1_942' title='bbox 2129 5697 2243 5770; x_wconf 85' lang='grc'>(68)</span> <span class='ocrx_word' id='word_1_943' title='bbox 2275 5694 2517 5751; x_wconf 86' lang='grc' dir='ltr'>Πάντων.</span> <span class='ocrx_word' id='word_1_944' title='bbox 2548 5693 2719 5751; x_wconf 87' lang='lat' dir='ltr'>Deest</span> <span class='ocrx_word' id='word_1_945' title='bbox 2747 5693 2808 5749; x_wconf 90' lang='lat' dir='ltr'>in</span> <span class='ocrx_word' id='word_1_946' title='bbox 2841 5693 2981 5767; x_wconf 85' lang='lat' dir='ltr'>Reg.</span> <span class='ocrx_word' id='word_1_947' title='bbox 3012 5712 3063 5753; x_wconf 89' lang='lat' dir='ltr'>a.</span> 
     </span>
    </p>
   </div>
  </div>
