4094 6288
450 382 598 449 1071

1687 376 1751 443 S.
1803 377 2172 442 GREGORII
2218 380 2320 437 TH
2335 377 2612 439 EOLOGI

3703 379 3864 440 1072

451 537 565 575 non
598 519 798 590 utique
837 519 907 573 de
955 517 1164 588 seipso,
1196 521 1476 588 tanquam
1510 517 1578 570 de
1613 519 1862 581 mortuo,
1896 513 2095 583 loquo-

2217 510 2497 580 τουμένης.
2535 510 2946 584 Προσκυνοῦμεν
2989 502 3078 562 οὖν
3133 510 3365 585 Πατέρα,
3414 509 3503 566 καὶ
3566 512 3712 582 Nov,
3767 512 3861 567 καὶ

453 610 642 674 batur,
691 608 790 662 sed
853 612 1137 677 tanquam
1193 607 1262 662 de
1319 622 1405 671 eo,
1457 605 1557 676 qui
1612 601 2099 676 prastantiorem,

450 714 624 767 quam
658 696 867 767 vulgus
910 695 1244 750 mortalium
1297 694 1502 760 soleat,
1535 693 1711 748 vitam
1768 696 1982 764 ageret,
2020 694 2104 744 ut-

451 791 584 857 pote
617 786 719 856 qui
751 802 895 840 veraa
938 785 1086 850 vitaz,
1122 784 1399 854 nulloque
1431 787 1639 838 mortis
1690 785 1804 836 line
1852 781 2101 834 circum-

451 875 705 945 scriptis,
741 874 1033 945 particeps
1079 877 1252 928 esset.
1279 873 1505 926 Patrem
1541 872 1736 943 igitur,
1771 876 1827 924 et
1869 868 2103 934 Filium,

452 968 508 1018 et
537 963 818 1033 Spiritum
870 966 1138 1017 sanctum
1186 962 1522 1028 adoramus,
1560 959 1943 1030 proprietates
1975 956 2104 1026 qui-

452 1053 584 1106 dem
617 1051 1066 1123 distinguentes,
1100 1050 1462 1104 divinitatem
1497 1056 1692 1104 autem
1724 1046 2101 1117 copulantes:

455 1158 643 1212 neque
675 1145 776 1196 aut
807 1141 918 1196 tria
968 1140 1025 1194 in
1079 1157 1262 1194 unum
1295 1138 1717 1204 contrahimus,
1752 1153 1823 1192 ne
1869 1129 2105 1190 Sabellii

455 1231 656 1288 morbo
685 1230 1050 1296 laboremus;
1083 1233 1184 1283 aut
1216 1229 1368 1283 319
1406 1244 1612 1282 rursus
1643 1226 1702 1280 in
1735 1225 1849 1280 tria
1877 1225 2107 1280 diversa

453 1324 510 1374 et
556 1318 748 1375 aliena
794 1333 1162 1388 separamus,
1196 1333 1268 1371 ne
1317 1315 1371 1369 in
1403 1316 1522 1369 Arii
1573 1314 1830 1368 furorem
1881 1312 2103 1367 incida-

2213 599 2361 672 ἅγιον
2397 602 2633 670 Πνεῦμα,
2668 599 2763 660 τας
2807 598 2899 670 μὲν
2949 595 3226 668 ἰδιότητας
3280 599 3633 674 χωρίζοντες,
3679 603 3864 655 ὲνοῦν-

2210 707 2296 746 τες
2331 688 2444 757 ((59)
2476 683 2532 740 δὲ
2560 688 2659 753 τὴν
2692 685 2920 755 θεότητα
2946 704 2958 716 ·
2992 686 3081 740 καὶ
3115 687 3237 743 οὕτε
3267 688 3344 750 εἰς
3373 688 3428 742 ἓν
3458 691 3524 743 τὰ
3573 689 3699 765 τρία
3747 711 3873 744 συν-

2212 773 2530 850 αλείφομεν,
2557 772 2650 828 ἵνα
2682 776 2757 847 μὴ
2805 777 2904 843 τὴν
2959 770 3268 831 Σαϐελλίου
3311 778 3465 832 νόσον
3498 781 3823 850 νοσήσωμεν
3853 797 3865 811 ·

2213 861 2336 917 οὔτε
2383 860 2695 937 διαιροῦμεν
2751 863 2825 918 εἰς
2869 864 2994 938 τρία
3039 863 3246 939 ἔκφυλα
3292 865 3380 921 καὶ
3431 866 3719 943 ἀλλότρια,
3774 867 3868 922 ἳνα

2219 953 2292 1023 μὴ
2326 953 2391 1006 τὰ
2422 952 2628 1027 Ἀρείου
2664 958 2938 1024 μανῶμεν,
2981 953 3039 1006 Τί
3071 956 3181 1027 (70)
3213 954 3316 1030 γὰρ
3349 953 3450 1023 δεῖ,
3492 957 3733 1032 καθάπερ
3765 978 3869 1034 φυ-

2212 1040 2302 1095 τὸν
2335 1039 2666 1116 έτεροκλινὶς
2695 1040 2864 1110 πάντη
2899 1043 3309 1114 καμπτόμενον,
3345 1045 3437 1120 βίᾳ
3471 1047 3723 1120 μετάγειν
3777 1045 3864 1100 ἐπὶ

2213 1131 2275 1184 τὸ
2304 1127 2484 1202 ἕτερον
2523 1129 2706 1203 μέρος,
2751 1127 3049 1208 διαστροφῇ
3077 1133 3176 1200 τήν
3231 1130 3559 1212 διαστροφὴν
3614 1132 3865 1208 διορθου-

2219 1219 2434 1291 μένους,
2468 1217 2614 1273 ἀλλὰ
2648 1221 2722 1291 μὴ
2756 1221 2890 1294 πρὸς
2920 1221 2982 1275 τὸ
3031 1221 3193 1292 μέσον
3243 1222 3578 1293 εὐθύνοντας,
3629 1222 3681 1279 ἐν
3714 1224 3867 1300 ὅροις

2210 1307 2456 1363 ’ίστασθαι
2486 1317 2586 1378 τῆς
2617 1304 2917 1370 θεοσεϐείας
2949 1329 2962 1379 ;

453 1426 605 1464 mus.
639 1407 785 1472 Quid
817 1407 974 1462 enim
1006 1421 1243 1461 necesse
1291 1410 1382 1460 est
1430 1407 1515 1470 ut,
1550 1403 1704 1458 velut
1753 1403 2012 1473 plantam
2046 1400 2103 1454 in
2136 1399 2379 1455 alteram
2421 1405 2646 1470 partem
2699 1402 3177 1471 prOpendentem,
3213 1403 3283 1457 ad
3335 1402 3581 1460 alteram
3633 1409 3864 1477 partem

451 1514 554 1568 per
582 1497 698 1552 vim
729 1495 1120 1563 inﬂectamus,
1153 1512 1217 1549 ac
1247 1494 1660 1549 distorsionem
1701 1508 1800 1562 per
1830 1489 2243 1546 distorsionem
2275 1489 2661 1560 corrigamus,
2695 1506 2813 1544 non
2844 1495 3039 1546 autem
3093 1491 3288 1562 potius
3338 1509 3466 1548 eam
3501 1495 3570 1549 ad
3604 1495 3872 1549 medium

453 1587 794 1657 dirigentes,
825 1585 982 1639 intra
1013 1584 1245 1655 pietatis
1276 1582 1527 1652 ﬁdeique
1557 1581 1886 1636 orthodoxae
1921 1580 2066 1634 fines
2100 1578 2513 1634 consistamus.

524 1674 800 1728 Vl.Porro
828 1690 959 1728 cum
986 1672 1242 1727 medium
1272 1672 1422 1735 dico,
1443 1670 1745 1725 veritatem
1770 1669 2102 1739 dico,quam

2286 1666 2345 1733 ζ’.
2416 1665 2705 1734 Μεσότητα
2759 1667 2869 1738 (71)
2930 1662 2987 1720 δὲ
3045 1664 3168 1720 ὅταν
3230 1663 3390 1738 εἷίπω,
3457 1668 3554 1736 τὴν
3607 1667 3877 1738 ἀλήθειαν

458 1769 612 1818 recte
643 1762 828 1818 solam
859 1779 972 1833 prae
996 1761 1180 1815 oculis
1210 1760 1567 1831 propositam
1590 1759 1894 1814 habemus.
1922 1759 2109 1828 Repu-

457 1851 692 1905 diamus
714 1850 930 1916 itaque,
956 1854 1081 1904 tum
1108 1847 1320 1903 malam
1347 1847 1824 1912 contractionem,
1851 1850 1974 1901 tum
2004 1845 2110 1901 hac

460 1939 865 1994 absurdiorem
881 1937 1226 1992 divisionem
1245 1954 1258 2004 ;
1277 1936 1463 2003 ne,vel
1478 1937 1549 1991 ob
1570 1934 1968 1990 multitudinis
1983 1935 2114 1989 deo-

459 2043 592 2082 rum
627 2031 870 2093 metum,
906 2027 964 2080 in
997 2043 1174 2080 unam
1218 2041 1528 2096 personam
1575 2028 1875 2080 contracta
1905 2021 2108 2088 oratio,

461 2117 620 2170 nuda
641 2116 811 2171 nobis
833 2119 888 2170 et
909 2116 1108 2169 inania
1135 2114 1378 2168 nomina
1409 2113 1725 2184 relinquat,
1744 2130 1925 2167 unum
1947 2112 2113 2167 vide-

458 2204 593 2260 licet
613 2210 669 2258 et
689 2205 962 2259 eumdem
990 2208 1219 2258 Patrem
1245 2221 1310 2258 ac
1336 2203 1541 2258 Filium
1565 2209 1621 2257 et
1642 2202 1925 2273 Spiritum
1952 2217 2114 2255 sanc-

459 2297 584 2348 tum
608 2293 1106 2360 existimantibus,
1124 2309 1189 2346 ac
1213 2309 1326 2346 non
1347 2293 1536 2362 magis
1554 2290 1671 2345 haec
1690 2292 1889 2345 omnia
1907 2307 2110 2355 unum,

460 2399 637 2452 quam
672 2381 1134 2452 unumquodque
1168 2381 1312 2434 nihil
1335 2398 1463 2436 esse
1494 2381 1888 2434 statuentibus
1911 2379 2116 2449 (desie-

461 2470 579 2523 rint
608 2469 764 2523 enim
796 2470 852 2523 id
885 2485 1014 2523 esse
1047 2471 1199 2539 quod
1233 2473 1390 2533 sunt,
1417 2469 1568 2524 inter
1598 2485 1658 2523 se
1693 2474 1895 2523 mutuo
1927 2474 2111 2523 trans-

459 2559 659 2612 euntia
688 2564 744 2612 et
786 2557 1148 2624 migrantis);
1182 2557 1272 2610 vel
1325 2573 1532 2611 rursus
1584 2557 1642 2610 in
1695 2561 1831 2624 tres,
1867 2563 1965 2610 aut
2013 2572 2110 2627 pe-

459 2647 724 2717 regrinas
753 2652 808 2700 et
841 2646 1104 2716 dispares
1152 2651 1326 2715 atque
1368 2645 1679 2700 distractae
1733 2651 1971 2700 naturas
2021 2662 2111 2701 se-

462 2736 877 2807 parata,juxta
907 2734 1028 2789 Arii
1081 2740 1234 2788 recte
1284 2735 1650 2788 nominatum
1704 2736 1980 2802 furorem,
2014 2739 2114 2788 aut

460 2824 827 2896 principatus
872 2828 1135 2894 expertes
1167 2828 1222 2877 et
1263 2824 1647 2892 inordinatas,
1683 2824 2110 2894 divinitatique,

461 2919 526 2968 ut
582 2914 665 2969 sic
720 2912 948 2983 loquar,
1002 2912 1354 2979 contrarias;
1417 2913 1627 2982 partim
1691 2913 1744 2965 in
1803 2913 2107 2968 Judaicam

463 3002 779 3074 quamdam
813 3001 1157 3072 parcitatem
1192 3001 1591 3072 concludatur,
1618 3002 1663 3056 si
1698 3001 1957 3072 ingenito
1989 3001 2111 3056 solo
2143 3038 2185 3103 Ε

461 3093 827 3148 divinitatem
851 3091 1426 3156 circumscribamus,
1454 3093 1662 3162 partim
1694 3092 1749 3145 in
1774 3093 2109 3162 oppositum

463 3182 722 3252 quidem,
783 3199 896 3236 non
949 3180 1145 3235 minus
1191 3186 1385 3236 tamen
1438 3181 1829 3252 perniciosum
1889 3181 2109 3236 malum

463 3269 852 3340 provolvatur,
879 3270 925 3325 si
972 3270 1086 3323 tria
1117 3269 1404 3340 principia
1447 3274 1682 3339 tresque
1718 3271 1859 3324 Deos
1891 3270 2111 3324 consti-

461 3358 772 3427 tuerimus,
803 3359 956 3428 quod
1002 3357 1285 3428 superiori
1334 3357 1504 3412 etiam
1557 3374 1750 3412 errore
1798 3357 2112 3413 absurdius

461 3452 571 3503 est.
595 3447 740 3501 Nam
773 3447 1049 3518 profecto,
1075 3462 1177 3500 nec
1198 3446 1484 3515 quosdam
1518 3445 1598 3500 ita
1630 3446 1815 3501 Patris
1847 3452 2112 3501 amantes

462 3552 590 3590 esse
625 3541 872 3607 oportet,
911 3540 975 3588 ut
1008 3535 1087 3589 illi
1122 3536 1276 3605 quod
1311 3539 1479 3590 Pater
1509 3535 1586 3589 sit
1617 3536 1906 3601 adimant;
1940 3537 2111 3605 cujus

463 3625 617 3679 enim
653 3628 821 3679 Pater
860 3623 1053 3687 fuerit,
1079 3623 1126 3676 si
1166 3622 1345 3677 Filius
1385 3625 1456 3678 ab
1487 3641 1552 3678 eo
1585 3629 1795 3678 natura
1847 3625 2111 3680 diversus

464 3713 711 3779 dicatur,
741 3717 913 3784 atque
955 3730 1069 3766 una
1101 3729 1233 3766 cum
1286 3712 1526 3783 reliquis
1576 3713 1860 3767 creaturis
1892 3712 2112 3768 abalie-

468 3802 675 3857 netur?
705 3802 818 3856 Nec
845 3818 1050 3856 rursus
1084 3802 1162 3856 ita
1190 3800 1402 3856 Christi
1434 3807 1718 3869 amantes,
1754 3807 1816 3856 ut
1863 3819 1934 3858 ne
1985 3802 2112 3858 Filii

469 3892 704 3963 quidem
739 3907 951 3946 nomen
983 3891 1033 3945 ei
1078 3890 1371 3961 integrum
1407 3895 1664 3958 servent;
1715 3892 1884 3961 cujus
1933 3893 2112 3958 enim,

468 3998 684 4052 quaeso,
714 3980 893 4034 Filius
935 3979 1128 4046 fuerit,
1162 3979 1273 4033 nisi
1326 3980 1397 4034 ad
1443 3980 1693 4046 Patrem,
1726 3985 2006 4050 tanquam
2041 3981 2112 4035 ad

465 4067 840 4139 principium,
876 4068 1198 4121 referatur?
1227 4067 1341 4122 Nec
1375 4067 1627 4136 denique
1659 4066 1809 4121 Patri
1833 4059 2112 4138 principii

461 4157 806 4226 dignitatem
859 4156 1229 4221 imminuere,
1267 4172 1440 4225 quam
1476 4161 1539 4208 ut
1578 4160 1742 4225 pater
1785 4160 1840 4209 et
1887 4157 2113 4226 genitor

461 4245 666 4309 habet;
711 4260 1019 4314 parvorum
1075 4242 1288 4298 etenim
1339 4248 1510 4309 certe,
1546 4244 1791 4313 ipsoque
1841 4243 2111 4315 indigno-

459 4350 586 4388 rum
629 4332 981 4404 principium
1035 4332 1226 4401 fuerit,
1260 4330 1373 4388 nisi
1425 4331 1658 4386 deitatis
1710 4333 1856 4402 ejus,
1892 4349 2016 4403 quae
2049 4333 2108 4387 in

458 4422 600 4478 Filio
659 4425 716 4476 et
771 4421 992 4492 Spiritu
1045 4423 1246 4475 sancto
1293 4419 1718 4490 consideratur,
1780 4437 1957 4476 causa
2013 4421 2111 4478 sit.
2144 4405 2188 4470 D

525 4624 638 4695 (69)
665 4625 958 4682 Ἑνοῢντες.
993 4642 1024 4674 ι
1055 4621 1243 4677 Unam
1291 4625 1485 4677 autem
1519 4622 1883 4678 divinitatem
1928 4625 2103 4696 proﬁ-

452 4701 660 4752 tentes.
686 4716 713 4743 ››

524 4769 634 4836 (70)
663 4763 744 4817 Τί.
778 4764 1063 4836 Combef.,
1094 4762 1176 4836 οὐ.

521 4833 634 4908 (71)
665 4833 964 4908 Μεσότητα.
1001 4835 1205 4890 Billius
1233 4851 1244 4890 ε
1273 4858 1300 4885 ‹‹
1338 4837 1820 4892 mediocritatem.
1860 4861 1879 4885 ι

520 4905 1118 4979 (72)11αραιτούμενοι.
1162 4908 1257 4962 Sic
1305 4909 1680 4979 du0_Regg.,
1733 4909 1847 4963 duo
1896 4908 2094 4979 Coisl.,

449 4976 543 5035 Or".
580 4976 630 5045 1,
663 4976 922 5034 Combef.
949 4976 1016 5033 'ln
1051 4981 1164 5044 ed.,
1193 4976 1648 5050 παραιτούμενον.

519 5054 630 5124 (73)
659 5055 810 5124 Τρεῖς
912 5051 1079 5124 ξένας.
1115 5049 1557 5124 Combel'._delet

517 5118 626 5196 (74)
658 5118 998 5196 ’Ᾰνομοίουᾳ
1036 5123 1172 5193 Reg.
1208 5125 1348 5188 bm.,
1380 5118 1794 5196 ἀνομοουσίους.

518 5192 629 5266 (75)
663 5192 1140 5266 Κατακλεισθῆναιξ
1193 5196 1283 5249 Sic
1335 5201 1451 5247 tres
1500 5192 1682 5258 COlb.,
1718 5193 1811 5246 ΟΡ.
1863 5193 1911 5262 1,
1966 5193 2087 5248 Par.

447 5263 654 5333 In‘ed.,
690 5263 1172 5318 κατακλεισθεῖναι.

518 5331 988 5410 (76>⁷ΪΛγγεν-ήτῳ.
1052 5343 1186 5407 Reg.
1231 5341 1388 5410 (lyp),
1441 5331 1858 5410 i‘li‘?X(R._-I\70n
1918 5335 2087 5410 male,

518 5358 628 5407 UO)
678 5358 714 5388 Δ
759 5358 988 5410 γενητῳ.
1052 5358 1186 5407 neg.
1231 5358 1388 5408 uyp.,
1441 5358 1682 5406 αναρχῳ.
1735 5358 1858 5388 nou
1918 5358 2085 5406 male,

442 5426 575 5481 cum
609 5409 702 5463 hic
725 5358 1039 5481 Ziregorius
1065 5414 1224 5481 totus
1247 5409 1323 5462 sit
1344 5406 1401 5460 in
1427 5429 1451 5455 ι(
1478 5406 1797 5478 principii»
1824 5409 2085 5464 ratione:

511 5480 779 5554 ἀναρχους
808 5479 949 5554 τρεῖς
980 5479 1174 5554 ἀρχά-ς,
1209 5483 1314 5533 etc.

511 5551 956 5622 (77)Tt‘l1:.'0[‘.
998 5551 1214 5607 [τίνα.

510 5618 621 5693 (78)
672 5626 821 5692 Μήτε
870 5628 1058 5693 τοῦτο,
1118 5630 1225 5678 etc.
1288 5621 1380 5675 Sic
1453 5625 1590 5693 tres,
1631 5618 1811 5688 Colb.,
1872 5620 1966 5675 0r.
2030 5622 2086 5688 1,

437 5692 581 5761 Jes.,
607 5692 743 5750 Bas.
777 5695 909 5761 Alii,
943 5697 1079 5767 μήτε
1126 5694 1207 5751 τό.
1242 5693 1411 5749 Coisl.
1463 5694 1516 5760 3,
1573 5692 1723 5761 Par.,
1759 5697 1891 5762 etc.,
1947 5693 2084 5764 μήτε

2221 1752 2392 1827 λέγω,
2441 1754 2577 1828 πρὸς
2626 1755 2686 1821 ἣν
2749 1753 2968 1828 βλέπειν
3029 1755 3213 1816 καλῶς
3266 1754 3468 1830 ἔχομεν
3519 1758 3727 1828 μόνην
3780 1759 3874 1812 καὶ

2219 1844 2317 1910 τὴν
2371 1841 2582 1919 φαύλην
2634 1843 2932 1918 συναίρεσιν
2983 1844 3406 1919 παραιτούμενοι
3459 1849 3593 1918 (72),
3649 1847 3737 1900 καὶ
3770 1848 3872 1915 τήν

2222 1931 2562 2006 ἀτοπωτέραν
2616 1929 2912 2007 διαίρεσιν·
2966 1933 3039 1994 ὡς
3092 1935 3230 2006 μήτε
3283 1934 3360 1995 εἷς
3414 1934 3538 2006 μίαν
3584 1935 3878 1990 ὑπόστασιν

2220 2020 2593 2093 συναιρεθέντα
2643 2021 2733 2075 τὸν
2792 2020 2980 2095 λόγον,
3033 2019 3138 2076 δέει
3189 2021 3501 2092 πολυθεΐας,
3552 2023 3690 2097 ψιλὰ
3737 2028 3879 2097 ἡμῖν

2220 2108 2536 2164 καταλιπεῖν
2583 2111 2651 2164 τὰ
2690 2110 2950 2182 ὀνόματα,
3000 2112 3090 2164 τὸν
3137 2111 3294 2166 αὐτὸν
3341 2114 3572 2187 Πατέρα,
3604 2114 3694 2167 καὶ
3724 2116 3876 2183 rte»,

2220 2206 2309 2253 καί
2345 2204 2563 2271 Πνεῦμα
2589 2199 2739 2274 ἃγιον
2774 2194 3250 2271 ὑπολαμϐάνουσι,
3299 2201 3389 2255 καὶ
3447 2203 3521 2274 μὴ
3573 2201 3788 2274 μᾶλλον
3817 2201 3876 2262 ἓν

2221 2289 2286 2342 τὰ
2332 2290 2520 2360 πάντα,
2571 2290 2604 2356 ἢ
2656 2286 2822 2360 μηδὲν
2871 2285 3093 2342 ἕκαστον
3145 2290 3279 2343 εἶναι
3324 2290 3664 2364 ὁριζομένοις
3718 2294 3881 2369 (φεύ-

2219 2396 2307 2450 γοι
2363 2377 2464 2450 γὰρ
2515 2375 2574 2429 ἂν
2619 2378 2749 2429 εἶναι
2800 2375 2935 2451 ειπερ
2993 2377 3158 2444 ἐστὶν,
3212 2380 3289 2438 εἰς
3338 2375 3562 2448 ἄλληλα
3615 2400 3882 2455 μεταχω-

2223 2469 2417 2535 ροῦντα
2472 2465 2561 2518 καὶ
2626 2460 3079 2538 μεταϐαίνοντα)·
3157 2469 3298 2538 μήτε
3355 2467 3431 2530 εἰς
3488 2475 3637 2543 τρεῖς
3696 2472 3731 2537 ἢ
3790 2471 3879 2541 ξί-

2221 2574 2313 2613 νας
2366 2556 2480 2625 (73)
2525 2553 2612 2607 καὶ
2661 2555 2951 2626 ἀνομοίους
2992 2558 3104 2628 (74)
3155 2556 3336 2617 οὐσίας
3385 2557 3473 2612 καὶ
3518 2558 3881 2634 ἀπερῥηγμέ-

2220 2663 2312 2703 νας
2344 2640 2692 2717 διαιρεθέντα,
2726 2645 2860 2698 κατὰ
2902 2646 3000 2713 τὴν
3047 2645 3258 2719 Ἀρείου
3311 2645 3496 2708 καλῶς
3545 2645 3880 2718 ὀνομασθεῖ-

2222 2752 2312 2784 σαν
2379 2731 2589 2802 μανίαν,
2649 2733 2682 2800 ἢ
2749 2732 3019 2807 ἀνάρχους
3096 2734 3184 2788 καὶ
3261 2735 3545 2802 ἀτάκτους,
3605 2757 3695 2790 και
3753 2737 3875 2791 οἷον

2223 2819 2413 2892 εἰπεῖν,
2469 2819 2775 2882 ἀντιθέους’
2831 2821 2911 2893 τῷ
2972 2823 3063 2893 μὲν
3124 2821 3529 2892 εἰςἸουδαϊκήν
3563 2824 3880 2899 σμικρολο-

2222 2909 2342 2982 γίαν
2393 2908 2843 2977 κατακλεισθῆναι
2905 2914 3038 2983 (75),
3101 2906 3249 2984 μόνῳ
3307 2917 3384 2983 τῷ
3431 2912 3712 2986 ἀγεννήτῳ
3760 2917 3881 2986 (76)

2222 2999 2319 3064 τὴν
2375 2999 2602 3067 θεότητα
2649 2999 3082 3075 περιγράφοντας
3108 3019 3120 3031 ’
3170 3000 3249 3072 τῲ
3295 2999 3351 3055 δέ
3381 3002 3456 3063 εῗς
3490 3001 3723 3056 ἐναντίον
3757 3003 3881 3074 μὶν,

2224 3087 2385 3140 κακὸν
2444 3084 2500 3141 δὲ
2550 3086 2666 3140 ’ἰσον
2712 3093 2913 3159 πεσεῖν,
2975 3095 3120 3165 τρεῖς
3179 3089 3355 3166 ἀρχὰς
3426 3090 3878 3164 ὑποτιθεμένους,

2222 3176 2308 3229 καὶ
2365 3181 2510 3250 τρεῖς
2560 3175 2746 3242 Θεοὺς,
2798 3175 2828 3230 ὅ
2875 3181 2977 3230 τῶν
3029 3177 3442 3252 προειρημένων
3476 3178 3830 3253 ἀτοπώτερον
3863 3201 3875 3214 ·

2223 3261 2339 3318 δέον
2387 3266 2524 3336 μήτε
2581 3263 2753 3326 οὕτως
2813 3265 2942 3319 εἷναί
2997 3286 3148 3327 τινας
3201 3269 3310 3340 (77)
3343 3265 3738 3344 φιλοπάτορας,
3799 3269 3877 3325 ὡς

2220 3352 2308 3406 καὶ
2366 3353 2428 3406 τὸ
2487 3354 2622 3406 εἶναι
2674 3351 2881 3426 Πατέρα
2939 3361 3238 3430 περιαιρεῖν
3288 3355 3456 3428 (τίνος
3501 3357 3604 3431 γὰρ
3654 3357 3715 3410 ἃν
3781 3359 3875 3412 καὶ

2223 3439 2302 3510 εῗίη
2357 3442 2563 3516 Πατήρ,
2613 3446 2711 3496 τοῦ
2761 3443 2887 3496 Υἱοῦ
2935 3445 3033 3511 τὴν
3096 3444 3251 3521 φύσιν
3315 3445 3723 3517 ἀπεξενωμένου
3780 3447 3876 3499 καὶ

2223 3527 2754 3602 ἀπηλλοτριωμένου
2812 3531 2946 3602 μετὰ
3001 3538 3100 3600 τῆς
3147 3531 3470 3606 κτίσεως;)·
3549 3535 3682 3606 μήθ’
3725 3534 3876 3590 οὕτω

2223 3616 2636 3694 φιλοχρίστους,
2688 3619 2763 3680 ὡς
2843 3623 2982 3692 μήτε
3039 3625 3200 3676 τοῦτο
3260 3621 3544 3700 φυλάττειν
3613 3625 3749 3696 (78),
3815 3624 3876 3686 τὸ

2223 3709 2359 3761 εἶναι
2391 3708 2512 3761 Υἱόν
2573 3708 2739 3779 (τίνος
2799 3708 2900 3783 γὰρ
2949 3707 3006 3762 ἄν
3057 3710 3146 3764 καὶ
3197 3709 3279 3780 ε’ίη
3326 3712 3466 3780 Υἱὸς,
3505 3713 3579 3784 μὴ
3615 3711 3754 3786 πρὸς
3791 3711 3877 3765 αἶ’-

2220 3818 2334 3851 τιον
2385 3799 2496 3869 (79)
2555 3797 2951 3873 ἀναφερόμενος
2979 3799 3068 3852 τὸν
3120 3801 3329 3874 Πατέρα
3355 3803 3394 3871 ;)
3429 3802 3568 3872 μήτε
3621 3801 3700 3872 τῷ
3763 3807 3876 3855 Πα-

2220 3886 2308 3958 τρὶ
2364 3887 2426 3940 τὸ
2481 3893 2582 3954 τῆς
2633 3887 2809 3960 ἀρχῆς
2856 3888 3304 3963 κατασμικρύνειν
3353 3889 3582 3960 ἀξίωμα.
3643 3896 3746 3957 τῆς
3803 3890 3878 3952 ὠς

2224 3973 2390 4046 Πατρὶ
2447 3975 2535 4028 καὶ
2593 3977 2914 4048 γεννήτορι’
2973 3981 3180 4050 μικρῶν
3231 3978 3330 4052 γὰρ
3389 3977 3445 4031 ἂν
3495 3975 3578 4046 ε’ίη
3630 3978 3720 4031 καὶ
3783 3978 3878 4031 ἆν-

2225 4064 2384 4132 αξίιυν
2414 4063 2584 4138 ἀρχὴ,
2647 4065 2722 4134 μή
2776 4063 3031 4133 θεότητος
3091 4065 3163 4118 ὥν
3199 4064 3368 4128 α’ίτιος
3401 4069 3513 4138 (80)
3543 4069 3642 4134 τῆς
3675 4065 3724 4120 ἐν
3765 4069 3876 4138 Υἰῷ

2221 4152 2308 4206 καὶ
2343 4152 2613 4224 Πνεύματι
2645 4153 3047 4227 θεωρουμένης.
3083 4152 3301 4223 Ἐπειδή
3334 4157 3445 4231 χρὴ
3493 4156 3581 4210 καὶ
3625 4155 3718 4209 τὸν
3783 4155 3876 4210 ἕνα

2222 4241 2349 4295 Θεὸν
2409 4246 2615 4315 τηρεῖν,
2673 4240 2762 4294 καὶ
2808 4241 2903 4302 τὰς
2947 4247 3092 4318 τρεῖς
3149 4244 3466 4306 ὑποστάσεις
3547 4243 3868 4320 ὁμολογεῖν,

2221 4327 2313 4384 ε’ίτ’
2348 4329 2441 4383 οὖν
2470 4328 2589 4406 τρία
2618 4330 2902 4404 πρόσωπα,
2934 4332 3023 4385 καὶ
3055 4330 3283 4404 ἑκάστην
3331 4333 3465 4407 μετά
3511 4340 3611 4403 τῆς
3665 4331 3869 4403 ἰδιότη-

2218 4440 2334 4481 τος.

2212 4620 2411 4748 τοῐύτῳ,
2437 4645 2463 4672 ‹‹
2499 4627 2564 4677 ut
2604 4622 2656 4679 ei
2705 4623 2998 4696 integrum
3031 4643 3145 4682 non
3193 4631 3441 4699 servent,
3473 4628 3633 4699 quod
3689 4627 3849 4686 Filius

2213 4711 2260 4748 ει
2298 4735 2310 4747 .
2339 4716 2366 4743 ››

2213 4711 2310 4750 8η.
2339 4716 2366 4743 ››

2279 4765 2392 4836 (79)
2430 4762 2586 4840 ﬁgo;
2639 4762 2838 4840 αἰτιονέ
2871 4768 3239 4840 ccTanquam
3299 4770 3370 4825 ad
3429 4769 3838 4840 principium.‘

2207 4837 2540 4907 Gregorius,
2574 4837 2766 4907 inquit
2817 4837 3020 4893 Billius
3071 4837 3127 4894 in
3181 4837 3451 4904 Scholiis,
3480 4863 3507 4890 ‹‹
3539 4837 3714 4896 vocat
3763 4846 3854 4896 Pa-

2206 4913 2354 4962 trem
2383 4930 2407 4957 »
2442 4909 2818 4980 principium,
2847 4930 2874 4960 ιι
2898 4915 2962 4964 ut
2994 4911 3093 4980 qui
3125 4912 3202 4965 sit
3232 4930 3411 4967 causa
3440 4913 3755 4967 naturalis.
3782 4911 3860 4966 0b

2208 4980 2385 5055 idque
2433 4996 2564 5033 cum
2599 4979 2884 5055 dixisset:
2917 4979 3338 5055 niniminuunt
3385 4984 3536 5038 Patri
3590 4981 3862 5055 principii

2208 5052 2406 5126 decus,
2434 5073 2459 5098 «
2497 5051 2695 5126 statim
2741 5053 3009 5123 subjecit,
3043 5077 3068 5102 »
3097 5055 3225 5124 ejus
3269 5080 3289 5105 ι
3341 5051 3608 5126 inquam,
3635 5077 3661 5104 ››
3699 5051 3865 5110 Prin-

2206 5123 2543 5197 cipii,quod
2587 5127 2754 5197 Pater
2801 5127 2877 5178 sit
2901 5131 2962 5197 et
2990 5123 3297 5196 genitor;«
3333 5123 3586 5197 ne'quis
3639 5127 3870 5183 scilicet

2205 5195 2624 5270 suspicaretur,
2659 5195 3048 5270 ipsum_Patr_i
3097 5199 3364 5270 principii
3396 5195 3867 5269 appellationem

2202 5268 2477 5334 tribuere,
2512 5271 2792 5338 tanquam
2835 5266 2906 5335 ei,
2941 5267 3042 5338 qui
3100 5266 3403 5339 majestate
3436 5266 3519 5324 ac
3569 5271 3872 5340 dignitate

2245 5343 2455 5392 rzestet.
2487 5362 2509 5385 ››

2203 5358 2455 5410 ρῐέΒΒιΘῐι.
2487 5362 2509 5385 ))

2207 5482 2216 5483 7
2275 5411 2384 5479 (80)
2416 5403 2619 5483 ethoc.
2654 5427 2674 5455 ι
2707 5408 2915 5483 Causa,
2943 5431 2969 5458 ››
2999 5408 3068 5483 id
3113 5417 3271 5480 est,«
3306 5412 3488 5483 origo.
3513 5433 3540 5460 ››
3575 5412 3667 5465 Sic
3701 5410 3876 5466 enim

2203 5482 2396 5535 Patres
2428 5480 2676 5544 Graecos,
2711 5497 2842 5554 cum
2876 5482 2946 5554 de
2979 5482 3190 5538 divinis
3232 5480 3617 5540 relationibus
3647 5490 3873 5554 agunt,

2199 5554 2654 5624 interpretantur
2684 5553 2957 5624 theologi.
2996 5554 3138 5612 Vide
3173 5556 3397 5613 Estium
3432 5558 3491 5612 in
3519 5572 3558 5622 ι,
3592 5553 3734 5610 dist.
3770 5556 3877 5627 29,

2196 5627 2305 5692 δε.
