4094 6288
313 410 468 475 1073

1045 412 1334 477 ORATIO
1379 414 1509 476 XX.
1545 448 1622 459 --
1650 414 1753 474 DE
1796 415 2146 475 DOGMAT.
2193 416 2295 479 ET
2341 416 2696 478 CONSTIT.
2744 417 2988 479 EPISC.

3569 418 3725 478 1074

309 545 794 619 Quandoquidem
825 550 884 604 et
913 563 1069 604 unus
1094 548 1247 605 Deus
1279 548 1620 605 retinendus
1649 551 1763 619 est,
1785 551 1842 603 et
1873 553 1988 605 tres
2020 548 2383 624 hypostases,
2408 551 2527 607 sive
2558 555 2677 607 tres
2708 568 2990 623 personis,
3012 552 3373 619 conﬁtenda,
3398 552 3453 607 et
3483 551 3720 623 quidem

308 640 676 711 unaquaque
704 655 841 695 cum
872 655 982 695 sua
1012 640 1384 712 proprietate.

377 727 447 780 Z'.
478 730 712 801 Τηροῖτο
746 723 790 780 6’
825 724 907 795 ἂν,
941 727 1014 788 ὡς
1042 727 1069 780 6
1100 725 1230 799 ἐμὸς
1279 726 1462 801 λόγος,
1521 728 1596 789 εἷς
1651 727 1744 799 μὲν
1796 728 1946 801 Θεὸς,

2133 730 2254 784 VII.
2291 730 2385 785 Sic
2418 730 2596 795 enim,
2620 748 2751 786 mea
2772 730 3006 803 quidem
3036 730 3349 795 sententia,
3376 729 3529 785 Deus
3562 747 3718 787 unus

309 813 385 875 εἷς
442 810 498 869 ἵν
548 812 718 869 αἴτιον
758 815 848 868 καὶ
900 816 1027 869 Υὶοῦ
1085 814 1175 870 καί
1240 814 1552 889 Πνεύματος
1618 815 1949 893 ἀναφερομέ-

311 924 438 975 νων,
486 902 550 958 ού
611 905 1030 977 συντιθεμένων,
1091 901 1217 959 ούδὶ
1275 903 1742 981 συναλειφομὲνων
1799 906 1949 975 (81)°

304 991 393 1047 καὶ
453 993 591 1047 κατὰ
645 993 708 1047 τὸ
755 988 809 1048 ἓν
859 992 949 1047 καὶ
994 994 1158 1047 ταυτὸ
1201 996 1300 1062 τῆς
1347 993 1624 1063 θεότητος,
1656 993 1744 1047 ἳνα
1778 992 1951 1055 οὕτως

308 1080 585 1153 ὀνομάσω,
648 1081 852 1154 ιιίνημά
893 1102 952 1136 τε
998 1081 1087 1136 καὶ
1134 1081 1414 1156 βούλήμα,
1462 1083 1552 1137 καὶ
1592 1084 1691 1151 τήν
1733 1090 1833 1151 τῆς
1866 1082 1953 1137 ού-

304 1169 418 1231 σίας
473 1170 795 1237 ταυτότητά.
844 1172 913 1228 Ai
970 1169 1028 1226 66
1081 1178 1227 1246 τρεῖς
1286 1172 1623 1241 ὑποστάσεις,
1676 1169 1949 1244 μηδεμιᾶς

302 1258 694 1332 ἰπινοουμὲνης
722 1257 1057 1336 συναλοιφῆς
1087 1262 1222 1334 (82),
1272 1261 1306 1329 ἦ
1349 1259 1681 1331 ἀναλύσεως,
1732 1262 1766 1327 ἢ
1821 1281 1949 1336 συγ-

301 1347 539 1423 χύσεως,
582 1344 675 1403 ἵνα
734 1350 810 1422 μὴ
855 1349 918 1404 τὸ
965 1356 1068 1404 πᾶν
1118 1349 1420 1422 καταλυθῇ,
1456 1347 1523 1403 δι’
1554 1350 1627 1403 ὧν
1660 1351 1723 1404 τὸ
1779 1348 1835 1404 ἓν
1870 1370 1950 1403 σε·

304 1435 553 1510 μνύνεται
603 1434 769 1493 πλέον
820 1440 854 1507 ἢ
898 1436 1084 1501 καλῶς
1125 1435 1263 1514 ἔχει.
1298 1439 1365 1493 Αἱ
1395 1436 1454 1493 δὲ
1482 1436 1774 1509 ἲδιότητες,
1835 1443 1950 1492 Πα-

298 1525 425 1598 τρὸς
461 1526 579 1598 μεν,
612 1526 703 1581 καὶ
734 1526 975 1603 ἀνάρχου
1004 1530 1140 1601 (83),
1188 1527 1277 1581 καὶ
1325 1528 1505 1603 ἀρχῆς
1553 1527 1948 1599 ἑπινοουμένου

296 1614 385 1669 καὶ
445 1613 748 1690 λεγομένου
799 1616 1002 1691 (ἀρχῆς
1051 1613 1128 1683 δὶ,
1186 1616 1260 1678 ὡς
1316 1616 1513 1683 αἰτίου,
1558 1615 1648 1670 καὶ
1704 1615 1782 1677 ὡς
1839 1636 1949 1686 πη-

293 1706 419 1779 γῆς,
475 1705 566 1757 καὶ
625 1704 700 1766 ὡς
748 1701 924 1758 ἀϊδίου
982 1704 1161 1781 φωτός
1221 1708 1354 1775 (84)·
1415 1704 1549 1758 Υίοῦ
1594 1699 1673 1773 δὶ,
1705 1703 1947 1779 ἀνάρχω

298 1792 393 1865 μὶν
455 1789 734 1866 οὐδαμῶς,
784 1790 967 1869 ἅρχῆς
1024 1791 1083 1848 δὶ
1138 1798 1244 1849 τῶν
1298 1792 1480 1849 δλῶν·
1516 1794 1695 1868 ἀρχὴν
1732 1790 1789 1847 δὲ
1820 1792 1945 1848 ὅταν

301 1879 457 1949 εἴπω,
495 1883 571 1954 μὴ
604 1882 806 1958 χρόνον
840 1884 1125 1958 παρωθῇς,
1161 1880 1301 1955 μηδὶ
1336 1883 1494 1956 μέσσν
1539 1903 1593 1936 τι
1641 1881 1801 1956 τάξῃς
1852 1885 1948 1937 τοῦ

296 1971 684 2046 γεγεννηκότος
735 1971 823 2025 καὶ
880 1976 977 2026 τοῦ
1032 1974 1389 2047 γεννήματος,
1452 1968 1595 2044 μηδὲ
1626 1969 1809 2045 διέλῃς
1850 1971 1948 2039 τήν

301 2060 457 2137 φύσιν
509 2064 587 2132 τῷ
638 2064 823 2122 κακῶς
889 2062 1262 2136 παρεντεθέντι
1336 2065 1455 2122 τοῖς
1512 2058 1804 2121 συναϊδίοις
1856 2060 1946 2115 καὶ

301 2147 689 2221 συνημμένοις.
742 2148 809 2205 El
857 2149 961 2225 γὰρ
1004 2148 1208 2225 χρόνος
1256 2150 1385 2203 Υἱοῦ
1410 2144 1779 2224 πρεσϐύτερος
1809 2152 1943 2221 (85),

303 2234 509 2292 ἐκείνου
536 2234 753 2306 δηλαδή
786 2257 828 2292 π
849 2238 1039 2313 ρώτως
1082 2238 1141 2291 ἃν
1192 2235 1275 2306 εἷή
1305 2240 1420 2309 (86)
1450 2235 1620 2299 αἴτιος
1653 2238 1681 2291 6
1732 2239 1942 2310 Ηατήρ.

302 2326 400 2380 Καὶ
431 2329 548 2388 πῶς
589 2328 826 2397 ποιητὴς
855 2326 1071 2403 χρόνων
1102 2327 1130 2381 6
1163 2326 1266 2381 61:6
1305 2326 1510 2402 χρόνον
1538 2344 1551 2394 ;
1601 2331 1723 2387 Πῶς
1771 2324 1828 2381 δὶ
1855 2322 1947 2380 καὶ

304 2412 505 2489 Κύριος
562 2412 798 2484 πάντων,
846 2415 893 2469 εἰ
944 2415 1044 2470 ὑπὸ
1092 2414 1292 2491 χρόνου
1321 2414 1689 2490 προείληπταί
1745 2435 1803 2469 τε
1854 2413 1943 2469 καὶ

296 2503 638 2578 κυριεύεται;
691 2505 964 2580 Ἀναρχος
1008 2501 1098 2559 οὖν
1149 2505 1178 2559 6
1229 2506 1415 2580 Πατήρ
1445 2523 1460 2540 ο
1508 2503 1570 2559 ού
1614 2504 1716 2581 γὰρ
1757 2503 1949 2581 ἐτέρω-

300 2602 385 2654 etv
428 2591 595 2665 αὐτῳ,
656 2589 780 2647 οὐδὲ
853 2594 980 2667 παρ’
1038 2592 1228 2647 ἑαυτοῦ
1276 2595 1382 2667 (87)
1441 2592 1504 2647 τὸ
1560 2593 1831 2650 εἷναι.’0
1889 2593 1947 2648 δὲ

301 2680 447 2743 Γὶὸς,
476 2679 565 2734 ἐὰν
598 2681 691 2753 μὶν
724 2682 798 2743 ὡς
848 2680 1019 2736 αἴτιον
1052 2683 1144 2737 τὸν
1206 2681 1413 2755 Πατέρα
1468 2677 1775 2757 λαμϐάνῃς,
1848 2682 1948 2737 οὐκ

302 2768 544 2844 ἄναρχος
568 2789 579 2800 ·
616 2764 763 2846 ἀρχὴ
791 2772 896 2847 γὰρ
927 2773 1057 2825 Υἱοῦ
1088 2766 1275 2848 Πατὴρ
1322 2772 1396 2833 ὡς
1447 2768 1617 2833 αἷίειος
1668 2773 1811 2845 (88)·
1860 2770 1947 2826 ἐὰν

303 2853 360 2911 δὲ
386 2859 486 2926 τὴν
518 2857 625 2913 ἀπὸ
657 2858 859 2935 χρόνου
890 2859 1020 2933 νοῇς
1060 2862 1260 2937 ἀρχὴν,
1290 2859 1379 2914 καὶ
1412 2858 1649 2935 ἄναρχος
1676 2880 1687 2892 ⁸
1724 2860 1822 2915 οὐκ
1850 2862 1944 2933 ἄρ-

301 2964 455 3020 χεται
486 2946 590 3022 γὰρ
625 2948 726 3002 ὑπὸ
757 2948 962 3023 χρόνου
994 2950 1023 3003 6
1053 2949 1268 3024 χρόνων
1298 2948 1596 3019 Δεσπότης.

2064 817 2429 885 retinebitur,
2462 820 2510 875 si
2547 818 2756 874 Filium
2800 820 2955 875 380
3003 823 3059 876 et
3105 820 3393 891 Spiritum
3444 823 3713 875 sanctum

2065 908 2135 962 ad
2170 924 2347 962 unam
2381 925 2618 964 causam
2649 909 2993 978 referamus,
3029 926 3143 965 non
3175 914 3368 964 autem
3402 925 3714 979 compona-

2064 1012 2199 1051 mus
2250 1014 2352 1051 nec
2383 997 2901 1065 commisceamus;
2935 1007 2989 1053 et
3018 998 3067 1053 si
3102 1014 3280 1052 unam
3336 1002 3509 1067 atque
3557 1014 3714 1052 eam-

2063 1085 2194 1140 dem
2228 1084 2580 1152 Divinitatis,
2605 1090 2668 1141 ut
2701 1088 2780 1142 ita
2823 1087 3049 1158 loquar,
3076 1086 3395 1141 motionem
3425 1092 3481 1141 et
3510 1086 3716 1141 volun-

2062 1178 2264 1241 tatem,
2298 1175 2685 1245 essentiaaque
2716 1176 3084 1231 identitatem
3127 1174 3548 1246 intelligamus.
3573 1176 3716 1230 Tres

2062 1266 2259 1316 autem
2294 1277 2573 1332 personas
2604 1263 2685 1317 ita
2716 1263 3070 1327 tenebimus,
3091 1265 3138 1318 si
3167 1262 3331 1317 nulla
3356 1263 3713 1329 commixtio,

2060 1354 2162 1404 aut
2209 1350 2509 1419 resolutio,
2535 1356 2637 1405 aut
2685 1351 2950 1406 confusio
2981 1351 3358 1422 excogitetur,
3392 1367 3463 1406 ne
3495 1351 3713 1423 alioqui

2059 1437 2397 1493 universum
2426 1455 2528 1508 per
2556 1455 2655 1494 eos
2680 1443 2996 1508 evertatur,
3020 1440 3123 1509 qui
3155 1439 3503 1511 impensius,
3530 1456 3706 1511 quam

2058 1542 2163 1598 par
2219 1528 2316 1596 sit,
2368 1528 2655 1583 unitatem
2707 1528 3010 1583 extollunt.
3056 1532 3358 1583 Postremo
3411 1528 3489 1583 ita
3539 1528 3709 1585 nobis

2056 1615 2477 1688 proprietatum
2512 1616 2659 1671 ratio
2689 1617 3000 1687 constabit,
3025 1616 3073 1672 si
3100 1621 3326 1672 Patrem
3360 1616 3622 1688 quidem,
3652 1620 3709 1672 et

2058 1704 2330 1776 principii
2380 1709 2695 1776 expertem,
2747 1709 2805 1760 et
2852 1705 3208 1777 principium
3259 1707 3605 1778 cogitemus,
3640 1722 3705 1763 ac

2057 1793 2443 1864 praedicemus
2495 1793 2892 1867 (principium,
2940 1795 3203 1864 inquam,
3237 1798 3302 1849 ut
3348 1808 3611 1860 causam,
3651 1797 3709 1852 et

2058 1887 2125 1937 ut
2157 1884 2398 1947 fontem,
2421 1883 2735 1955 lumenque
2777 1884 3255 1955 sempiternum);
3294 1882 3500 1937 Filium
3550 1900 3705 1950 vero,

2058 1972 2300 2027 minime
2324 1972 2559 2043 quidem
2583 1973 2854 2045 principii
2882 1977 3196 2043 expertem,
3218 1973 3484 2027 omnium
3513 1978 3707 2027 autem

2060 2077 2252 2115 rerum
2313 2060 2668 2131 principium
2718 2077 3083 2127 asseramus;
3136 2060 3488 2131 principium
3540 2077 3710 2131 porro

2057 2166 2189 2204 cum
2221 2150 2370 2217 dico,
2402 2166 2473 2204 ne
2520 2154 2753 2221 tempus
2784 2149 3125 2220 interjicias,
3151 2164 3257 2204 nec
3306 2150 3458 2204 inter
3486 2150 3713 2220 genito-

2056 2255 2177 2293 rem
2210 2244 2266 2293 et
2296 2238 2557 2309 genitum
2583 2238 2841 2293 medium
2867 2238 3086 2309 aliquid
3114 2238 3456 2303 constituas,
3480 2255 3583 2293 nec
3615 2255 3717 2311 per

2056 2327 2137 2391 id,
2160 2326 2315 2398 quod
2364 2327 2518 2381 inter
2564 2343 2651 2394 ea,
2682 2343 2810 2398 quae
2861 2326 3128 2381 eamdem
3179 2326 3559 2382 aeternitatem
3611 2327 3715 2383 ha-

2056 2416 2217 2482 bent,
2241 2419 2298 2470 et
2327 2418 2641 2485 conjuncta
2680 2421 2839 2487 sunt,
2864 2413 3015 2471 male
3056 2414 3403 2487 interponis,
3439 2421 3711 2473 naturam

2057 2504 2281 2560 dividas
2334 2504 2481 2559 Nam
2515 2504 2561 2559 si
2595 2508 2829 2576 tempus
2862 2504 3006 2559 Filio
3061 2508 3149 2559 est
3195 2503 3518 2575 antiquius,
3550 2505 3711 2561 illius

2056 2592 2451 2666 proculdubio
2473 2593 2730 2665 primum
2758 2594 2926 2649 Pater
2948 2610 3122 2649 causa
3150 2592 3323 2648 fuerit
3346 2609 3581 2649 necesse
3599 2599 3709 2650 est.

2055 2684 2216 2749 Quod
2250 2683 2296 2738 si
2330 2683 2412 2738 ita
2461 2687 2568 2748 est,
2594 2700 2710 2754 quo
2758 2683 2991 2737 tandem
3044 2684 3216 2737 modo
3266 2687 3597 2754 temporum
3632 2684 3713 2738 fa-

2056 2778 2178 2827 ctor
2220 2772 2407 2839 erit",
2442 2772 2540 2841 qui
2577 2772 2685 2826 sub
2722 2776 2954 2842 tempus
2986 2770 3179 2825 cadit?
3211 2772 3333 2833 Quo
3368 2773 3504 2826 item
3539 2773 3711 2828 modo

2058 2862 2340 2917 Dominus
2363 2860 2629 2915 omnium
2651 2860 2714 2923 ³⁸,
2744 2859 2791 2915 si
2815 2877 2948 2915 eum
2973 2865 3207 2930 tempus
3232 2861 3617 2931 praecesserit,
3636 2861 3712 2915 ei-

2056 2967 2170 3022 que
2201 2948 2571 3005 dominetur?
2600 2949 2873 3019 Principii
2926 2949 3105 3020 igitur
3147 2962 3351 3019 expers
3382 2953 3470 3003 est
3500 2949 3670 3003 Pater
3704 2967 3718 3006 :

301 3053 407 3092 nec
437 3036 593 3093 enim
627 3039 885 3104 aliunde,
917 3056 1019 3095 nec
1048 3056 1082 3094 ε.
1111 3055 1174 3095 se
1218 3039 1345 3111 ipso
1394 3056 1522 3095 esse
1571 3039 1764 3094 habet.
1809 3039 1990 3095 Filius
2035 3045 2253 3110 autem,
2288 3039 2581 3111 siquidem
2632 3042 2858 3092 Patrem
2910 3042 2972 3092 ut
3015 3054 3252 3093 causam
3308 3037 3582 3109 accipias,
3616 3056 3715 3094 ne-

300 3134 597 3197 quaquam
651 3126 939 3199 principio
996 3132 1187 3194 caret;
1221 3126 1576 3199 principium
1632 3128 1792 3182 enim
1849 3127 1976 3183 Filii
2032 3128 2202 3183 Pater
2257 3132 2363 3194 est,
2398 3131 2464 3181 ut
2514 3142 2719 3192 causa;
2764 3125 2853 3180 sin
2913 3126 2984 3180 de
3039 3131 3301 3197 tempore
3360 3125 3714 3198 principium

298 3213 672 3282 intellexeris,
708 3215 977 3286 principii
1024 3231 1255 3288 quoque
1283 3216 1477 3272 omnis
1525 3221 1615 3272 est
1663 3233 1888 3289 expers.
1922 3217 2121 3289 Neque
2168 3216 2324 3273 enim
2384 3221 2715 3287 temporum
2765 3214 3048 3269 Dominus
3106 3214 3355 3287 tempori
3412 3215 3714 3286 subject-us

299 3306 406 3357 est.

369 3389 449 3445 Η.
478 3387 546 3444 El
596 3385 673 3458 66,
720 3386 809 3443 ’ὅτι
856 3389 925 3444 :6
972 3390 1199 3463 σώματα
1246 3390 1351 3445 ὑπὸ
1398 3391 1623 3467 χρόνον,
1665 3389 1755 3447 διὰ
1782 3395 1942 3447 τοῦτο

2126 3393 2276 3448 VIII.
2302 3393 2463 3456 Quod
2498 3392 2571 3461 si,
2604 3391 2743 3465 quia
2786 3407 3027 3463 corpora
3075 3390 3325 3462 tempori
3378 3391 3707 3462 subjacent,

297 3476 545 3550 ἀξιώσεις
584 3480 791 3533 κεῖσθαι
835 3477 924 3533 καὶ
971 3479 1064 3534 τὸν
1106 3480 1234 3535 Υἱὸν
1286 3480 1390 3536 ὑπὸ
1434 3480 1657 3556 χρόνον,
1718 3484 1941 3555 περιθή-

298 3586 409 3627 σεις
466 3566 558 3620 καὶ
618 3572 775 3641 σῶμα
827 3572 907 3640 τῷ
948 3568 1261 3642 ἀσωμάτῳ·
1320 3571 1410 3624 καὶ
1462 3571 1506 3625 εί
1564 3569 1646 3625 ὅτι
1698 3570 1765 3625 :6
1818 3571 1943 3646 παρ’

297 3653 433 3725 ἡμῖν
482 3655 819 3728 γεννώμενα,
868 3654 968 3709 οὐκ
1013 3651 1141 3710 ὄντα
1183 3658 1335 3726 ποτὶ,
1378 3656 1492 3713 εἶτα
1538 3658 1821 3733 γινόμενα,
1857 3656 1946 3713 διὰ

293 3745 454 3796 τοῦτο
501 3742 593 3797 καὶ
640 3742 731 3799 τὸν
781 3744 902 3799 Υὶὸν
955 3745 1269 3821 ἀναγκάσεις
1312 3745 1362 3819 ἐξ
1410 3746 1508 3801 οὐκ
1556 3742 1726 3801 ὅντων
1778 3746 1856 3808 εἰς
1882 3746 1944 3801 τὸ

298 3835 436 3885 εἶναι
501 3830 962 3906 παρεληλυθέναι,
1011 3833 1315 3908 συγκρίνεις
1522 3835 1588 3889 :6
1631 3835 1943 3911 ἀσύγκριτα,

300 3920 428 3975 Θεὸν
454 3917 548 3972 καὶ
580 3917 894 3995 ἄνθρωπον,
924 3924 1084 3993 σῶμα
1121 3922 1212 3975 καὶ
1260 3922 1324 3976 τὸ
1371 3922 1660 3994 ἀσώματον
1687 3942 1701 3956 ο
1753 3924 1946 3977 οὐκοῦν

296 4007 385 4061 καὶ
416 4006 656 4062 πείσεται
699 4007 789 4062 καὶ
840 4007 1149 4081 λυθήσεται,
1196 4008 1281 4065 δτι
1326 4010 1415 4064 καὶ
1447 4011 1512 4064 τὰ
1558 4011 1797 4085 ἡμέτερα
1836 4012 1945 4065 σώ-

301 4116 462 4168 ματα.
514 4096 590 4150 Σὺ
642 4097 738 4169 μὶν
787 4097 879 4151 οὗν
928 4098 1097 4168 ἀξιοῖς
1144 4096 1233 4153 διὰ
1276 4102 1438 4154 τοῦτο
1488 4098 1631 4154 οὕτω
1662 4105 1947 4175 γεννᾶσθαι

297 4183 449 4254 Θεὸν,
484 4181 625 4239 διότι
652 4186 719 4240 τὰ
748 4186 1003 4259 σώματα·
1037 4186 1149 4263 εγὼ
1181 4183 1238 4242 δὲ
1286 4184 1375 4242 διὰ
1401 4192 1562 4243 τοῦτο
1612 4187 1719 4263 οὐχ
1748 4187 1946 4259 οὕτως,

363 4283 409 4319 ³⁷
440 4283 611 4339 Hebr.
643 4299 686 4354 ι,
717 4285 771 4340 2.
848 4285 894 4320 ³⁸
924 4289 1089 4343 Rom.
1116 4304 1178 4353 τι,
1214 4288 1300 4345 12.

367 4377 583 4463 (81)-01ύ
633 4383 1045 4463 ευντιιθεμίνων,
1098 4381 1225 4438 οὐδὲ
1273 4382 1766 4463 στναλειφομένων.
1818 4386 1949 4443 Hinc

298 4452 517 4507 desunt
545 4451 604 4506 in
638 4452 734 4509 Or.
769 4456 820 4510 1.

335 4522 885 4648 λὲῗὲἒέουναλοιφῆς.
934 4526 1057 4583 Duo
1091 4526 1294 4601 Regg.,
1342 4531 1401 4583 et
1445 4527 1562 4583 duo
1609 4527 1796 4599 Colb.,
1832 4548 1950 4581 συν-

298 4614 548 4662 αΛειφης.

367 4665 479 4743 (83)
512 4665 801 4743 ᾊνάρχου.
838 4689 877 4743 «_
917 4666 1195 4743 Principii
1234 4674 1561 4743 expertem.
1598 4692 1641 4743 ››Δ
1670 4669 1947 4743 Theologi

296 4737 479 4816 Graeci
505 4737 653 4816 duas
679 4737 1068 4816 proprietates
1090 4737 1243 4796 Patri
1276 4737 1568 4816 tribuunt,
1593 4740 1655 4794 τὸ
1686 4737 1947 4816 ἄναρχον,

296 4814 351 4865 et
404 4809 465 4862 τὸ
514 4807 828 4884 ἀγὲννῄτον,
896 4812 1113 4882 quibus
1162 4828 1296 4867 eum
1347 4829 1380 4868 a
1411 4814 1575 4884 Filio
1623 4818 1680 4868 et
1727 4807 1942 4884 spiritu

299 4886 504 4958 sancto
554 4882 945 4958 distinguunt.
990 4883 1097 4958 Ilio
1156 4889 1352 4958 autem
1398 4882 1661 4958 ᾓαρχον,
1712 4882 1824 4940 ηόη
1876 4887 1947 4941 de

294 4956 558 5023 tempore
605 4953 921 5028 accipiunt,
954 4953 1171 5028 alioqui
1203 4955 1357 5011 enim
1395 4953 1577 5012 Filius
1601 4966 1657 5011 et
1699 4957 1947 5028 Spiritus

297 5029 561 5088 sanctus,
593 5040 707 5079 non
743 5026 941 5080 minus
972 5025 1225 5100 ᾅναρχοι,
1261 5028 1317 5100 id
1348 5033 1456 5093 est,
1489 5051 1516 5077 «
1552 5025 1820 5100 principii
1850 5045 1946 5084 ex-

337 5100 492 5170 ertes
517 5116 543 5143 ››
574 5100 745 5170 spnt,
767 5114 943 5170 quam
989 5098 1174 5166 Pater,
1205 5099 1305 5170 sed
1338 5100 1407 5153 de
1440 5098 1633 5154 causa.
1667 5098 1857 5170 Atque
1886 5100 1943 5153 in

334 5182 406 5220 ac
436 5164 863 5237 significatio—ne
894 5168 1000 5223 hoc
1031 5164 1376 5226 vocabulum
1409 5170 1516 5225 soli
1548 5171 1700 5225 Patri
1736 5164 1945 5226 conve-

297 5236 406 5320 nit,
441 5236 541 5320 qui
573 5254 606 5292 ι
631 5238 797 5320 nullo
836 5248 944 5320 est,
979 5258 1111 5320 cum
1161 5241 1344 5297 Filius
1375 5246 1431 5297 et
1456 5242 1707 5320 Spiritus
1740 5259 1807 5298 ex
1836 5243 1945 5320 Pa-

296 5314 386 5364 tre
419 5313 765 5383 sint,_atque
797 5313 868 5366 ad
900 5328 1057 5379 eum,
1090 5318 1369 5383 tanquam
1404 5315 1473 5367 ad
1510 5331 1770 5381 causam,
1804 5314 1945 5369 refe-

296 5384 522 5458 rantur.
551 5380 937 5458 Per'causam
957 5388 1151 5440 autem
1183 5380 1363 5458 Graeci
1398 5385 1541 5440 nihil
1577 5386 1732 5441 aliud
1768 5403 1946 5458 quam

304 5474 335 5531 ς,
360 5452 820 5531 originem,_n__ec
852 5455 1010 5511 velut
1038 5456 1303 5512 essentia:
1338 5456 1557 5513 fontem
1586 5452 1943 5531 intelligunt.

296 5524 383 5596 Ita
410 5525 654 5596 exponit
676 5525 901 5582 Billius.

367 5591 724 5678 (8£)—’A::‘6loo
763 5597 964 5681 φωτός.
1017 5598 1156 5669 Reg.
1186 5595 1702 5722 Οὲρῐξηάγεννήτου
1742 5598 1943 5675 φωτός.

367 5684 428 5721 eo
460 5665 627 5722 lectio
659 5675 795 5722 ante
837 5673 1065 5722 Videtur
1093 5678 1227 5722 (tom
1278 5670 1460 5722 ehsxo.
1494 5678 1550 5722 et
1582 5675 1810 5722 nronrie
1844 5672 1943 5722 Pa-

301 5667 428 5744 llgec
460 5665 638 5744 lectio
659 5665 795 5744 apta
837 5672 1065 5744 videtur
1093 5665 1473 5744 Combetisio,'
1494 5678 1550 5726 et
1581 5665 1824 5744 proprie
1844 5672 1944 5728 Pa-

296 5736 373 5801 tri
402 5736 869 5803 convenitINam
897 5741 1083 5802 Filius
1101 5745 1159 5801 et
1177 5740 1432 5816 Spiritus
1462 5736 1721 5801 sanétus.
1746 5741 1946 5813 ἀΐδιον,

1978 4851 2027 4915 D

2053 3482 2268 3538 idcirco
2300 3482 2509 3537 Filium
2568 3497 2802 3554 quoque
2846 3480 3096 3553 tempori
3156 3480 3400 3535 subesse
3459 3485 3706 3547 statuas,

2053 3578 2195 3627 tunc
2244 3571 2322 3626 rei
2356 3572 2706 3641 incorporeas
2740 3586 2952 3641 corpus
3001 3570 3318 3635 attribues;
3362 3574 3419 3623 et
3449 3570 3520 3635 si,
3554 3586 3704 3639 quo-

2054 3661 2212 3716 niam
2244 3677 2310 3716 ea
2342 3677 2472 3731 quae
2517 3660 2671 3731 apud
2704 3676 2808 3715 nos
2839 3659 3185 3733 gignuntur,
3218 3674 3350 3712 cum
3402 3661 3537 3711 ante
3590 3675 3704 3713 non

2053 3756 2273 3818 essent,
2309 3755 2509 3821 postea
2538 3752 2664 3803 orta
2706 3753 2865 3814 sunt,
2900 3748 3031 3803 ideo
3081 3746 3289 3801 Filium
3323 3763 3556 3818 quoque
3607 3764 3706 3801 ne-

2054 3836 2304 3894 cessario
2358 3853 2425 3891 ex
2472 3836 2655 3891 nihilo
2712 3836 2770 3890 in
2831 3851 3025 3890 rerum
3087 3840 3356 3889 naturam
3421 3835 3707 3905 prodiisse

2055 3926 2379 3995 contendis,
2412 3941 2719 3995 comparas
2761 3940 2851 3989 ea,
2884 3941 3011 3994 quis
3055 3922 3548 3993 comparationem
3580 3940 3703 3977 om-

2054 4030 2189 4069 nem
2222 4017 2526 4085 respuunt,
2564 4015 2742 4067 Deum
2774 4028 2983 4083 nempe
3024 4016 3080 4066 et
3119 4011 3437 4080 hominem,
3471 4027 3705 4083 corpus,

2054 4106 2110 4157 et
2142 4102 2197 4156 id
2232 4102 2383 4172 quod
2418 4116 2656 4172 corpore
2701 4104 2884 4155 vacat.
2916 4101 3062 4171 Ergo
3102 4106 3159 4155 ct
3192 4100 3465 4171 patietur,
3499 4105 3557 4155 et
3587 4100 3707 4155 dis-

2053 4190 2328 4260 solvetur,
2353 4193 2527 4262 atque
2570 4188 2849 4257 interibit,
2891 4188 3391 4261 quemadmodum
3422 4194 3479 4243 et
3509 4194 3709 4245 nostra

2059 4382 2291 4462 ἄναρχον
2326 4388 2441 4462 φῶς
2474 4389 2629 4451 sunt,
2668 4383 2907 4462 perinde
2936 4400 3002 4462 ac
3046 4383 3325 4462 Pater,id
3357 4388 3465 4462 est,
3490 4406 3518 4433 ‹‹
3548 4399 3704 4462 sem-

2064 4455 2356 4529 piternum
2406 4457 2627 4512 lumen.
2654 4455 2681 4505 ἠ
2706 4456 2868 4511 Unus
2909 4460 3106 4511 autem
3155 4455 3325 4509 Pater
3367 4460 3456 4511 est
3485 4476 3512 4504 «
3544 4455 3706 4525 inge-

2059 4532 2237 4585 nitus.
2264 4551 2292 4579 ››

2134 4602 2245 4671 (85)
2302 4592 2692 4673 Πρεσϐύτερος.
2762 4597 2900 4669 Reg.
2979 4598 3111 4665 bm,
3180 4597 3335 4667 Bas.,
3410 4589 3707 4671 πρεσϐύτε-

2095 4692 2175 4726 ον.

2061 4691 2511 4815 ρο(86)11ρώτως
2554 4738 2629 4815 ἂνΔ
2659 4735 2765 4808 εἶή.
2801 4740 2894 4795 Sic
2918 4740 3083 4815 _I_teg_.
3135 4739 3255 4815 bm,
3311 4738 3406 4815 Or.
3452 4740 3501 4803 1,
3552 4738 3703 4815 Ean,

2058 4810 2282 4880 Comb.,
2315 4810 2450 4875 etc.,
2486 4833 2514 4861 ‹‹
2548 4812 2825 4883 primum.
2858 4832 2885 4860 »
2918 4810 3191 4867 Men’dose
3234 4812 3292 4865 in
3342 4810 3457 4880 ed.,
3488 4813 3705 4881 πρῶτος

2059 4884 2117 4939 ἂν
2241 4884 2469 4952 Billius,
2492 4905 2521 4931 «
2553 4885 2851 4954 primus.»

2128 4957 2145 5010 (
2183 4957 2240 5010 7)
2269 4952 2405 5008 Οὐδέ
2436 4955 2559 5010 παρ’
2592 4954 2806 5008 ὲαυάοὖ.
2840 4976 2851 5003 ι

2128 4951 2240 5028 (87)
2269 4952 2405 5008 Οὐδὲ
2436 4951 2568 5026 παρ’
2592 4954 2806 5008 ὲαυάοὖ.
2840 4953 3015 5028 u_l_‘lec
3060 4970 3092 5006 a
3142 4951 3354 5022 seipso,
3383 4972 3409 4999 ››
3441 4954 3548 5028 etc.
3586 4973 3613 5002 ‹‹
3644 4952 3705 5007 Si

2055 5025 2281 5083 enim'a
2323 5028 2538 5099 seipse,
2566 5049 2591 5074 ››
2624 5028 2815 5097 inquit
2864 5025 3039 5086 Elias,
3073 5043 3095 5071 ι
3127 5030 3291 5099 ortus
3338 5027 3515 5088 esset,
3548 5040 3581 5078 a
3612 5039 3702 5078 se-

2056 5100 2183 5169 ipso
2215 5094 2445 5170 quoque
2477 5094 2733 5170 separari
2766 5100 2959 5170 posset
2979 5114 3005 5170 ;_
3026 5100 3203 5165 atque
3222 5094 3314 5170 ita
3344 5110 3499 5149 unus
3528 5100 3703 5160 esset,

2056 5165 2192 5239 duo,
2228 5165 2478 5243 quorum
2512 5165 2657 5224 alter
2696 5165 3154 5243 praeesstitisset,
3188 5165 3336 5243 alter
3379 5172 3579 5243 postea
3611 5183 3703 5222 or-

2056 5237 2389 5307 tus—esset;
2446 5246 2545 5294 aut
2595 5237 3103 5304 ita'divideretur,
3156 5243 3220 5292 ut
3267 5237 3512 5292 dimidia
3537 5243 3704 5310 parte

2055 5320 2230 5375 esset,
2256 5314 2499 5382 dimidia
2532 5329 2736 5367 rursus
2768 5328 2831 5366 ex
2869 5318 3027 5382 parte
3048 5327 3171 5382 non
3204 5314 3375 5382 esset.
3403 5331 3429 5357 »
3453 5309 3622 5364 Cois].
3652 5311 3702 5382 1,

2056 5402 2161 5458 pro
2191 5381 2317 5458 οὐδὲ
2344 5388 2467 5457 παρ’
2498 5382 2709 5453 ἑαυτοῦ,
2744 5377 2939 5449 habet,
2974 5377 3120 5434 ἀλλά
3148 5381 3273 5455 παρ’
3305 5380 3515 5446 ἑαυτοῦ,
3544 5404 3570 5427 u
3603 5381 3704 5437 sed

2055 5457 2089 5513 a
2120 5457 2388 5526 seipso._»
2419 5461 2528 5510 etc.

2092 5522 2239 5617 "(68)
2274 5523 2479 5588 Α”τιος.
2529 5526 2667 5597 Reg.
2719 5527 2839 5591 bm,
2889 5525 3005 5578 duo
3053 5522 3238 5587 Colb.,
3292 5522 3386 5578 Or.
3445 5524 3495 5588 1,
3547 5524 3702 5595 Bas.,

2056 5619 2248 5652 αιτιον.

2127 5673 2237 5743 (80)
2274 5669 2603 5746 Συγκρῖνεις.
2640 5670 2777 5741 Reg.
2813 5671 3003 5739 Cypr.,
3036 5669 3362 5740 συγκρινείς,
