4094 6288
338 255 495 321 1075

1576 257 1641 318 S.
1690 253 2063 317 GREGORII
2107 254 2503 317 THEOLOGI

3592 253 3758 317 1076

340 408 604 464 corpora.
628 392 714 446 Tu
751 391 987 462 quidem
1019 390 1234 447 idcirco
1258 391 1443 446 Deum
1470 390 1552 446 ita
1574 390 1836 462 generari
1865 404 1994 443 cen-

2135 384 2187 439 τι
2248 384 2391 440 οὕτω
2437 386 2505 440 τὸ.
2563 386 2808 459 σώματα.
2870 387 2963 439 Ὧν
2991 382 3091 460 γὰρ
3138 385 3200 439 τὸ
3233 386 3366 440 εἶναι
3400 385 3508 460 οὐχ
3537 385 3758 459 ὅμοιον,

342 497 457 549 ses,
487 480 640 551 quod
665 496 907 550 corpora
929 481 1009 535 ita
1036 484 1423 552 generentur:
1449 480 1595 535 381
1624 496 1728 551 ego
1761 496 1894 533 vero
1925 478 1997 534 0h

342 570 401 623 id
446 587 558 624 non
607 569 691 623 ita
739 569 900 641 gigni
950 568 1199 635 affirmo,
1235 569 1388 639 quod
1440 586 1508 624 ea
1562 569 1638 623 sit
1688 585 1996 639 corporum

344 657 774 729 gignendorum
829 658 976 712 ratio
1011 658 1280 729 (quorum
1322 658 1478 712 enim
1512 663 1721 711 natura
1771 657 2001 710 diversa

347 751 455 811 est,
487 746 697 800 horum
727 746 929 817 dispar
960 762 1190 817 quoque
1236 745 1550 815 generandi
1588 746 1852 815 modus);
1889 743 2001 798 nisi

347 850 481 889 cum
514 834 572 889 in
606 836 883 890 omnibus
916 834 1045 889 aliis
1083 852 1318 906 quoque
1354 835 1526 889 rebus
1559 850 1841 905 corporeae
1873 850 2002 887 Ina-

347 923 505 978 teriae
538 924 752 978 servire
798 925 1139 987 contendas,
1165 925 1272 978 hoc
1301 928 1408 989 est,
1436 930 1501 978 ut
1552 924 1827 994 patiatur,
1860 927 1916 977 et
1947 922 2003 975 in

352 1028 598 1067 maerore
640 1016 923 1077 versetur,
956 1018 1012 1067 et
1062 1012 1215 1067 fame
1266 1029 1331 1067 ac
1382 1012 1478 1066 siti
1528 1012 1769 1076 laboret,
1803 1027 2006 1065 omnes

2108 473 2312 528 τούτων
2364 471 2489 528 οὐδὲ
2544 475 2607 529 τὸ
2664 480 2853 549 γεννᾷν
2906 473 3136 546 ὅμοιον·
3195 473 3241 527 εἷ
3308 475 3384 547 μὴ
3434 475 3524 529 καὶ
3579 473 3762 530 τᾶλλα

2111 561 2509 637 δουλεὺσῃ
2559 569 2681 625 ταῖς
2713 563 2894 628 ὕλαις,
2944 564 3058 617 οἷον
3105 562 3356 638 πάσχων,
3406 565 3496 617 καὶ
3548 562 3757 618 λυπού-

2116 672 2295 723 μενος,
2346 651 2434 705 καὶ
2484 657 2703 721 πεινῶν,
2753 652 2841 706 καὶ
2893 649 3086 726 διψῶν,
3130 652 3218 706 καὶ
3268 653 3367 706 ’ὀσα
3414 652 3448 721 ἢ
3484 654 3760 725 σώματος,

2112 740 2145 808 ἢ
2177 744 2274 794 τοῦ
2324 742 2728 816 συναμφοτέρου
2775 740 2944 810 πάθη.
2996 740 3173 796 Ἀλλὰ
3208 746 3375 794 ταῦτα
3404 740 3465 795 οὐ
3525 740 3763 817 παραδὲ-

2113 829 2267 904 χεταί
2300 852 2393 884 σου
2426 831 2453 883 6
2482 835 2606 891 νοῦς
2640 850 2652 862 '
2694 830 2817 906 περὶ
2846 835 2977 884 Θεοῦ
3009 831 3111 904 γὰρ
3145 831 3172 884 6
3204 829 3396 904 λόγος.
3452 832 3539 899 Μὴ
3580 831 3761 885 τοίνυν

2118 916 2259 991 μηδέ
2315 920 2415 987 τὴν
2476 918 2722 994 γέννησιν
2776 916 2985 991 ἄλλως,
3046 921 3079 988 ἣ
3150 920 3223 980 ὡς
3285 920 3467 988 θεῖκὴν
3528 918 3770 994 παραδὲ-

2116 1027 2242 1082 χοι).

349 1100 599 1170 denique
629 1118 727 1155 eas
760 1101 1115 1167 affectiones,
1151 1102 1386 1171 quibus,
1419 1100 1507 1155 vel
1541 1101 1820 1171 corporis,
1852 1100 1937 1154 vel
1969 1098 2325 1168 conjunctim
2362 1100 2670 1170 utriusque
2701 1100 2885 1171 partis
2915 1102 3128 1154 natura
3160 1099 3426 1168 subjecta
3454 1104 3562 1165 est,
3595 1115 3773 1171 expe-

349 1189 552 1243 riatur.
586 1193 717 1243 stc
748 1188 902 1244 enim
939 1206 1068 1244 vero
1104 1207 1267 1245 mens
1324 1195 1425 1244 tua
1477 1206 1589 1243 non
1641 1189 1916 1244 admittit.
1953 1188 2032 1242 De
2067 1194 2175 1242 Deo
2207 1188 2420 1259 quippe
2468 1204 2661 1243 sermo
2709 1192 2818 1243 est.
2854 1188 2935 1242 Ne
2988 1192 3053 1242 tu
3109 1188 3288 1259 igitur
3333 1188 3775 1258 generationem

350 1277 520 1333 aliter
550 1294 727 1349 quam
759 1284 824 1333 ut
853 1279 1113 1333 divinam
1154 1278 1415 1334 admitte.

425 1365 518 1421 IX.
539 1366 753 1420 Verum
774 1365 821 1419 si
840 1371 1152 1435 generatus
1171 1371 1281 1435 est,
1305 1366 1829 1436 inquis,qnomodo
1851 1382 2019 1437 gene-

355 1458 522 1509 ratus
540 1455 665 1509 est?
684 1455 991 1525 Responde
1007 1460 1065 1509 tu
1085 1471 1314 1526 quoque
1331 1455 1535 1523 mibi,o
1550 1460 1719 1509 acute
1731 1460 1788 1509 et
1806 1454 2018 1509 invicte

357 1542 712 1613 sophista.Si
732 1548 962 1598 creatus
980 1544 1391 1614 est,quomodo
1406 1550 1635 1599 creatus
1649 1544 1778 1598 est?
1793 1546 1870 1598 Ac
1889 1561 2017 1615 pos-

2199 1362 2271 1417 Θ’.
2334 1359 2489 1415 Ἀλλ’
2542 1361 2587 1415 εί
2638 1382 2967 1437 γεγεννηται,
3021 1366 3139 1423 πῶς
3196 1360 3533 1435 γεγέννηται,
3564 1362 3779 1439 φησίνῖ

2129 1446 2445 1523 ’Δπόκριναί
2511 1471 2625 1523 μοι,
2680 1451 2725 1503 ὦ
2784 1448 3088 1505 διαλεκτικὲ
3144 1449 3205 1503 σὺ
3262 1448 3354 1503 καὶ
3424 1451 3648 1528 ἄφυκτε.
3710 1453 3778 1507 Εἰ

2128 1535 2383 1611 ἔκτισται,
2424 1544 2541 1599 πῶς
2590 1538 2864 1608 Exstant;
2924 1539 3066 1611 κάμὲ
3111 1538 3322 1593 ἀπαίτει
3368 1540 3452 1608 τὸ,
3504 1544 3629 1601 Πῶς
3680 1562 3776 1615 γε-

356 1634 450 1687 tea
472 1647 541 1686 ex
562 1647 653 1687 me
678 1632 997 1699 sciscitare,
1020 1634 1311 1703 quomodo
1336 1638 1649 1705 generatus
1671 1633 1784 1686 sit?
1812 1632 2011 1688 Passio

2135 1627 2410 1702 (tW-qut;
2444 1629 2620 1690 Πάθος
2661 1629 2772 1701 (91)
2822 1628 2942 1703 περὶ
2987 1629 3084 1697 τὴν
3131 1629 3418 1704 γέννησιν;
3466 1630 3640 1691 Πάθος
3684 1631 3779 1684 καὶ

358 1724 466 1791 est,
485 1720 734 1791 inquies,
751 1722 905 1776 circa
921 1723 1354 1789 generationem
1369 1723 1395 1776 ?
1411 1726 1511 1777 Est
1526 1728 1582 1777 et
1602 1721 1794 1794 passio
1811 1722 2008 1789 etiam,

359 1808 601 1879 inquam
635 1826 763 1881 ego,
797 1810 950 1864 circa
981 1810 1481 1881 creationem.)An
1528 1828 1642 1866 non
1676 1811 1829 1865 enim
1877 1828 2009 1882 pas-

360 1898 544 1952 sionis
576 1899 861 1953 rationem
908 1899 1083 1954 habet
1127 1900 1483 1969 informatio,
1519 1904 1572 1954 et
1604 1916 1763 1969 cura,
1798 1905 1854 1954 et
1884 1901 2012 1970 ejus

363 1985 467 2051 rei,
492 2003 614 2056 quas
648 1991 771 2042 tota
802 1988 980 2042 simul
1012 2005 1078 2042 ac
1110 1994 1344 2060 repente
1375 1988 1629 2061 cogitata
1659 1993 1768 2054 est,
1788 1989 1846 2042 in
1879 2006 2011 2060 par-

363 2077 451 2129 tes
486 2076 803 2147 extensio?)
824 2077 1100 2148 Tempus,
1128 2078 1330 2142 addes,
1353 2078 1506 2133 circa
1536 2078 2012 2150 generationem?

365 2164 426 2218 In
459 2167 720 2235 tempore
752 2165 927 2219 etiam
974 2171 1113 2221 sunt
1142 2183 1268 2237 quea
1312 2170 1602 2221 creantur.
1640 2167 1819 2222 Locus
1850 2166 2015 2221 illic?

364 2251 469 2306 Hic
498 2269 731 2324 quoque
774 2252 957 2309 locus.
993 2254 1127 2326 Spei
1162 2255 1459 2310 frustratio
1492 2255 1644 2309 circa
1690 2255 2013 2327 generatio-

366 2342 551 2395 nem?
581 2342 803 2397 Creatio
835 2358 1067 2414 quoque
1117 2344 1409 2399 interdum
1460 2360 1623 2415 spem
1675 2344 2010 2399 frustratur.

366 2429 498 2484 Haec
541 2446 575 2483 a
620 2429 783 2484 vobis
841 2430 1268 2486 disserentibus
1327 2432 1550 2499 audivi;
1610 2433 1824 2487 etenim
1885 2450 2011 2503 quas

370 2533 536 2571 mens
558 2516 884 2588 delineavit,
904 2536 972 2573 ea
996 2519 1339 2591 plerumque
1363 2538 1572 2575 manus
1598 2522 1867 2586 perficere
1900 2539 2011 2575 non

370 2605 581 2679 potuit.
611 2609 684 2661 At
713 2607 869 2662 dices
907 2625 919 2662 :
950 2608 1123 2662 verbo
1164 2613 1220 2662 et
1261 2609 1559 2664 voluntate
1588 2610 1786 2664 omnia
1814 2610 2014 2664 condi-

370 2694 455 2749 dit
488 2711 501 2749 :
536 2698 655 2765 Ipse
685 2695 842 2750 enim
891 2696 1058 2761 dixit,
1089 2705 1140 2751 et
1161 2698 1313 2767 facta
1342 2703 1471 2752 sunt
1500 2718 1517 2752 :
1548 2701 1663 2769 ipse
1707 2699 2011 2763 mandavit,

370 2787 427 2837 et
453 2788 639 2838 creata
667 2786 878 2840 sunt”.
913 2786 1113 2856 Atqui,
1148 2803 1279 2841 cum
1332 2788 1417 2842 ais
1467 2788 1665 2842 omnia
1713 2788 1811 2842 Dei
1844 2789 2015 2843 verbo

374 2877 566 2928 creata
623 2873 824 2941 fuisse,
860 2891 978 2930 non
1029 2874 1347 2931 humanam
1397 2876 1621 2932 scilicet
1667 2877 2015 2932 creationem

2120 1717 2241 1790 περὶ
2272 1718 2369 1785 τὴν
2404 1715 2574 1770 κτίσιν
2603 1736 2614 1748 ·
2668 1718 2701 1785 ἣ
2756 1717 2857 1792 γὰρ
2903 1715 2964 1770 οὐ
2996 1718 3168 1779 πάθος
3216 1719 3251 1786 ἡ
3283 1716 3647 1789 ἀνατύπωσις,
3681 1719 3777 1773 καὶ

2120 1808 2154 1874 ἡ
2204 1806 2446 1882 φροντὶς,
2493 1805 2582 1859 καὶ
2632 1808 2666 1875 ἡ
2715 1810 2811 1860 τοῦ
2858 1804 3148 1875 νοηθέντος
3195 1806 3406 1881 ἀθρόως
3441 1806 3515 1867 εἷς
3542 1807 3605 1861 τὸ
3636 1809 3781 1863 κατὰ

2125 1893 2285 1970 μέρος
2337 1894 2687 1965 ἐξάπλωσις;
2740 1894 2943 1969 Χρόνος
2992 1896 3116 1968 περὶ
3178 1897 3281 1965 τὴν
3350 1896 3636 1970 γέννησιν;
3690 1903 3782 1951 Ἐν

2120 1983 2305 2059 χρόνῳ
2364 1983 2453 2038 καὶ
2509 1984 2576 2038 τὰ
2645 1984 2954 2056 κτιζόμενα.
3030 1983 3207 2045 Τόπος
3279 1982 3536 2053 ἐνταῦθεη
3596 1985 3781 2049 Τόπος

2125 2072 2252 2129 ἐκεῖ.
2314 2073 2618 2149 Ἀποτυχία
2662 2074 2785 2149 περὶ
2836 2075 2935 2142 τὴν
2981 2074 3269 2149 γέννησιν;
3334 2074 3642 2150 ’Δποτυχία
3690 2076 3784 2129 καὶ

2121 2162 2244 2235 περὶ
2270 2162 2368 2230 τὴν
2419 2162 2612 2218 κτίσιν.
2664 2167 2839 2217 Ταῦτα
2878 2160 3087 2231 ἤκουσα
3115 2162 3558 2240 φιλοσοφούντων
3595 2163 3774 2236 ὑμῶν·

2124 2248 2284 2323 ἃγὰρ
2336 2251 2363 2304 6
2411 2255 2535 2312 νοῦς
2587 2251 2883 2326 ὑπέγραψε,
2935 2248 3207 2313 πολλάκις
3254 2256 3421 2306 ταῦτα
3449 2254 3483 2321 ἡ
3517 2250 3639 2327 χεὲρ
3673 2252 3777 2307 οὑκ

2124 2338 2379 2395 ἐτέλεσεν.
2434 2337 2607 2395 Ἀλλὰ
2667 2339 2841 2415 λόγῳ,
2901 2340 3057 2417 φησὶ,
3096 2341 3158 2394 τὸ
3205 2346 3307 2394 πᾶν
3358 2338 3622 2410 ὑπέστησε
3678 2341 3771 2395 καί

2129 2427 2461 2501 βουλήματι.
2513 2428 2689 2490 Αὐτὸς
2736 2430 2839 2503 γὰρ
2907 2430 3043 2494 εἷπε,
3095 2429 3182 2484 καὶ
3251 2428 3578 2503 ἐγενήθησαν
3629 2431 3772 2501 (9‘2)

2122 2515 2280 2577 αὑτὸς
2363 2515 2681 2589 ἐνετείλατο,
2766 2519 2855 2571 καὶ
2940 2517 3276 2587 ἐκτίσθησαν.
3362 2519 3526 2574 ’Όταν
3615 2516 3773 2591 εἷ’πῃς

2121 2608 2199 2676 τῷ
2232 2603 2385 2679 λόγῳ
2413 2610 2508 2659 τοῦ
2540 2610 2673 2660 Θεοῦ
2702 2607 2767 2659 τὰ
2797 2608 2967 2659 πάντα
2998 2606 3259 2673 ἐκτίσθαι,
3308 2605 3369 2659 οὑ
3417 2607 3516 2675 τήν
3562 2606 3775 2681 ἀνθρω-

2124 2693 2287 2763 πίνην
2317 2692 2489 2748 κτίσιν
2542 2694 2770 2769 εἰσάγεις
2794 2714 2805 2726 ·
2862 2692 3037 2756 οὐδεὶς
3077 2695 3177 2770 γὰρ
3208 2697 3369 2765 ἡμῶν
3402 2691 3552 2770 λόγῳ
3599 2694 3775 2769 πράτ-

2122 2783 2297 2837 τειτά
2326 2784 2596 2857 γινόμενα.
2633 2781 2794 2837 Οὐδὲν
2830 2785 2932 2858 γὰρ
2979 2783 3037 2837 ἂν
3086 2787 3150 2853 ἦν
3201 2782 3538 2857 ὑψηλότερον
3586 2787 3776 2856 ἡμῶν,

2126 2869 2251 2925 οὐδὲ
2308 2872 2670 2947 ἀπονώτερον,
2724 2872 2768 2925 εἰ
2815 2874 2877 2926 τὸ
2932 2871 3104 2947 λέγειν
3156 2869 3318 2947 ἔργου
3383 2872 3787 2946 συμπλήρωσις

368 2960 634 3029 inducis;
686 2978 791 3016 nec
847 2964 1004 3017 enim
1063 2965 1376 3035 quisquam
1435 2971 1722 3028 nostrum,
1764 2982 1849 3031 ea,
1889 2983 2015 3037 quae

577 3050 688 3068 .
834 3052 887 3068 η.
931 3052 964 3068 .,
1028 3052 1114 3068 υ..
1145 3053 1177 3068 ..
1312 3054 1322 3063 .
1572 3054 1622 3068 ..
1933 3056 1942 3065 .

2135 2960 2237 3028 ἦν·
2300 2959 2437 3014 ὥστε
2494 2960 2538 3014 εἰ
2591 2962 2678 3015 καὶ
2741 2961 2891 3036 λόγῳ
2948 2962 3116 3030 κτίζει
3179 2963 3308 3023 Θεὸς
3364 2963 3431 3017 τὰ
3467 2962 3785 3034 κτιζόμενα,

2179 3048 2191 3068 ν
2278 3049 2291 3068 9
2333 3050 2358 3068 Λ
2421 3049 2432 3065 Ι
2678 3049 2688 3065 ν
2742 3055 2765 3064 -ο
2847 3051 2861 3068 \
2975 3052 3021 3068 Ιυ
3137 3052 3241 3068 tnn\
3315 3056 3337 3068 υ
3369 3053 3415 3068 τῖ
3494 3052 3508 3068 ο
3614 3049 3636 3068 δ
3670 3053 3717 3068 νι-

372 3050 542 3119 ﬁunt,
575 3050 748 3105 verho
796 3052 992 3106 efﬁcit.
1026 3052 1180 3107 Nihil
1227 3054 1442 3125 quippe
1490 3054 1658 3110 nobis
1705 3053 2021 3110 sublimius

378 3154 445 3192 ac
477 3141 855 3209 praestantius
886 3145 1062 3207 esset,
1089 3141 1406 3214 minusque
1436 3142 1817 3210 laboriosum,
1842 3144 1888 3198 si
1914 3160 2028 3198 ser'

381 3242 554 3280 mone
594 3225 718 3281 solo
767 3227 991 3299 aliquid
1044 3229 1327 3285 conficere
1376 3247 1704 3301 possemus.
1737 3232 2027 3296 Quamob-

382 3330 527 3380 rem,
579 3315 688 3369 etsi
746 3314 920 3385 Deus,
971 3332 1057 3386 ea,
1109 3335 1233 3388 quae
1285 3324 1575 3387 creantur,
1627 3319 1799 3373 verbo
1852 3324 2027 3385 creat,

385 3418 502 3457 non
559 3406 755 3458 tamen
814 3403 1074 3460 humana
1116 3411 1204 3461 est
1241 3407 1369 3477 ejus
1423 3407 1659 3463 creandi
1720 3409 1886 3462 ratio.
1919 3410 2033 3462 Aut

386 3491 542 3545 enim
576 3490 875 3547 hominem
908 3511 1138 3565 quoque
1188 3511 1456 3550 sermone
1506 3496 1727 3566 aliquid
1776 3496 2030 3551 efficien-

385 3583 503 3634 tem
538 3581 816 3636 ostende:
843 3586 944 3637 aut
969 3583 1110 3636 mihi
1140 3585 1389 3638 concede
1420 3589 1600 3638 Deum
1627 3602 1737 3638 non
1777 3585 2031 3640 humano

387 3684 546 3722 more
576 3684 789 3725 creare.
825 3671 986 3734 Quod
1020 3671 1067 3725 si
1109 3689 1277 3728 secus
1310 3674 1633 3740 existimas,
1668 3690 1793 3744 age,
1826 3675 2028 3728 volun-

386 3760 503 3812 tate
534 3757 824 3813 civitatem
859 3761 1141 3829 describe,
1171 3768 1227 3816 et
1256 3763 1455 3817 statim
1487 3762 1692 3817 civitas
1724 3780 2034 3834 reprmsen-

388 3850 563 3901 tetur.
625 3848 772 3919 Opta
829 3849 932 3903 tibi
993 3850 1179 3905 ﬁlium
1244 3852 1430 3917 nasci,
1490 3856 1547 3906 et
1605 3851 1867 3921 protinus
1928 3852 2030 3905 tibi

387 3952 533 4006 puer
575 3937 833 3992 exsistat.
876 3938 1031 3993 Velis
1080 3940 1237 3994 aliud
1290 3941 1593 4011 quidpiam
1642 3956 1863 4007 eorum,
1907 3957 2031 4009 quea

387 4025 662 4082 manibus
690 4028 1043 4097 efﬁciuntur,
1068 4035 1125 4083 et
1155 4030 1462 4084 confestim
1495 4029 1762 4083 voluntas
1794 4028 1851 4081 in
1886 4045 2033 4098 opus

386 4113 647 4183 prodeat.
674 4116 833 4178 Quod
869 4117 915 4171 si
950 4118 1183 4188 quidem
1235 4117 1379 4172 nihil
1432 4117 1640 4172 horum
1672 4115 2031 4171 voluntatem

385 4207 647 4257 nostram
706 4210 1008 4276 sequatur,
1072 4206 1169 4262 Dei
1222 4224 1353 4261 vero
1404 4205 1672 4261 voluntas
1723 4206 1871 4259 actio
1922 4206 2029 4272 sit;

384 4291 761 4361 perspicuum
813 4293 1019 4365 utique
1067 4301 1176 4363 est,
1212 4295 1325 4349 alio
1356 4295 1592 4365 quidem
1641 4295 1813 4349 modo
1846 4294 2031 4348 homi-

2138 3048 2237 3103 οὐκ
2268 3049 2597 3121 ἀνθρώπινον
2632 3049 2778 3121 αύτῷ
2808 3051 2869 3104 τὸ
2900 3052 3097 3120 κτίζειν
3132 3052 3263 3124 (93).
3315 3056 3337 3075 ”
3369 3053 3415 3107 H
3446 3052 3548 3126 γὰρ
3610 3049 3788 3124 δεῖξον

2137 3136 2225 3191 καὶ
2278 3138 2555 3210 ἄνθρωπος
2603 3138 2759 3212 λόγῳ
2788 3160 2838 3192 τι
2870 3138 3277 3212 πράττοντασῆ
3327 3137 3491 3210 δέξαι,
3552 3139 3636 3194 δτι
3679 3140 3794 3215 οὐχ

2139 3226 2213 3288 ὡς
2274 3223 2557 3301 ἅνθρωπος
2607 3227 2776 3295 κτίζει
2819 3227 2964 3289 Θεός.
3023 3228 3170 3282 Ἐπεὶ
3236 3225 3528 3303 διάγραψον
3584 3228 3796 3304 βουλή-

2143 3336 2270 3387 ματι
2299 3314 2480 3383 πόλιν,
2513 3316 2603 3370 καὶ
2652 3319 2981 3389 παραστήτω
3025 3318 3136 3390 (94)
3180 3315 3344 3378 πόλις
3370 3337 3381 3348 ·
3434 3316 3663 3386 θέλησον
3695 3338 3792 3392 γε·

2140 3404 2318 3467 νέσθαι
2362 3425 2445 3457 σοι
2497 3406 2610 3477 (95)
2658 3404 2795 3475 υἱὸν,
2843 3404 2932 3458 καὶ
2980 3407 3309 3479 παραστήτω
3350 3410 3515 3468 παῖς·
3552 3405 3788 3476 θέλησον

2141 3489 2280 3547 ἄλλο
2312 3514 2362 3546 τι
2416 3497 2519 3546 τῶν
2566 3495 2976 3567 πραττομένων,
3028 3494 3116 3548 καὶ
3148 3494 3225 3555 είς
3258 3492 3409 3569 ἔργον
3442 3496 3476 3563 ἠ
3518 3492 3787 3568 βούλησις

2141 3582 2472 3655 χωρησάτω.
2507 3582 2569 3635 Et
2602 3579 2658 3635 δὲ
2699 3581 2904 3636 τούτων
2942 3580 3094 3636 οὐδὲν
3144 3580 3328 3637 ἕπεται
3358 3584 3437 3653 τῷ
3473 3582 3788 3658 βούλεσθαι,

2143 3676 2275 3725 Θεοῦ
2325 3668 2381 3724 δε
2424 3671 2486 3723 τὸ
2544 3670 2828 3745 βούλεσθαι
2878 3671 3069 3745 πρᾶξίς
3120 3670 3282 3741 ἐστιν,
3326 3669 3515 3733 ἄλλως
3567 3672 3663 3744 μὶν
3692 3671 3788 3725 ἄν·

2140 3761 2357 3829 θρωπος
2414 3760 2581 3827 κτίζει
2659 3757 2844 3820 ἄλλως
2903 3756 2958 3813 δὲ
3011 3760 3038 3814 ὁ
3089 3759 3302 3814 πάντων
3362 3760 3581 3827 κτίστης
3632 3760 3785 3822 Θεός.

2143 3852 2265 3909 Πῶς
2322 3848 2410 3902 οὖν
2470 3849 2635 3916 κτίζει
2705 3848 2799 3920 μὲν
2860 3848 2959 3902 οὐκ
3032 3849 3413 3923 ἀνθρωπικῶς,
3480 3854 3667 3923 γεννᾷν
3726 3847 3790 3903 δὲ

2141 3937 2489 4013 ἀναγκάζεται
2556 3937 2952 4010 ἀνθρωπικῶς;
3012 3936 3086 3990 Σὺ
3149 3938 3242 4010 μὲν
3300 3937 3398 3992 οὑκ
3454 3937 3547 4005 ὥν,
3602 3935 3790 3993 ἔπειτα

2142 4024 2351 4099 ἐγένου,
2398 4026 2510 4079 εἶτα
2558 4030 2740 4101 γεννᾷς
2767 4044 2778 4057 ·
2832 4022 2922 4078 διὰ
2966 4029 3126 4079 τοῦτο
3161 4026 3265 4080 οὑκ
3293 4022 3421 4081 ὄντα
3451 4027 3526 4087 είς
3554 4026 3617 4081 τδ
3649 4029 3789 4081 εἶναι

2142 4114 2419 4190 παράγεις.
2470 4116 2562 4183 Ἢ,
2608 4110 2699 4167 ’ίνα
2736 4134 2787 4167 τι
2825 4113 3112 4189 βαθύτερον
3142 4112 3297 4180 εἷίιτω,
3330 4112 3472 4190 τάχα
3502 4112 3626 4169 οὑδὶ
3670 4118 3789 4187 (96)

2142 4203 2299 4265 αὐτὸς
2332 4202 2381 4273 ἐξ
2414 4202 2511 4258 οὑκ
2541 4199 2707 4257 ὄντων
2740 4205 3001 4277 παράγεις
3029 4223 3039 4235 ·
3073 4203 3188 4259 ἐπεὶ
3219 4205 3307 4259 καὶ
3339 4205 3367 4258 6
3400 4205 3548 4276 Λευῒ,
3598 4204 3787 4281 φησὶν,

2143 4290 2217 4346 ἔτι
2253 4292 2304 4346 ἐν
2334 4292 2402 4365 τῇ
2437 4290 2599 4369 ὀσφύϊ
2639 4294 2751 4365 (97)
2797 4297 2894 4346 τοῦ
2941 4293 3144 4367 πατρὸς
3170 4292 3258 4367 ᾖν,
3291 4293 3415 4367 πρὶν
3449 4292 3526 4355 εἷς
3555 4295 3616 4348 τὸ
3650 4293 3787 4349 εἶναι

384 4395 515 4433 nem
577 4396 792 4445 creare,
823 4381 934 4437 alio
993 4389 1187 4437 autem
1250 4399 1445 4437 rerum
1496 4383 1759 4437 omnium
1813 4388 2018 4437 creato-

2139 4380 2443 4456 παρε>.θ;ῖν.
2494 4380 2600 4435 Καὶ
2654 4377 2844 4451 μηδεὶς
2892 4380 3233 4457 ὲπηρεαζέτω
3260 4385 3339 4452 τῷ
3369 4379 3541 4457 λόγῳ.
3574 4381 3652 4439 Οὐ
3682 4382 3785 4457 γὰρ

382 4484 505 4523 rem
565 4469 768 4524 Deum.
823 4474 955 4536 Quae
1014 4472 1193 4543 igitur
1248 4476 1336 4526 est
1396 4472 1513 4526 haec
1571 4472 1738 4538 ratio,
1775 4477 1837 4524 ut
1896 4488 2028 4525 cum

379 4556 534 4611 Deus
566 4558 678 4613 alio
710 4576 886 4630 quam
938 4561 1194 4614 humano
1246 4576 1406 4615 more
1457 4564 1737 4631 procreet,
1773 4559 2029 4614 humano

378 4649 574 4700 tamen
623 4664 783 4702 more
841 4649 1077 4719 gignere
1128 4648 1411 4720 cogatur?
1443 4650 1529 4703 'l‘u
1584 4648 1842 4721 quidem,
1895 4666 2026 4702 cum

380 4733 544 4805 prius
601 4752 714 4790 non
774 4753 954 4801 esses,
992 4737 1199 4793 deinde
1257 4738 1445 4793 factus
1503 4754 1583 4807 es,
1615 4741 1817 4809 postea
1874 4737 2026 4793 382

449 4865 494 4900 ³9
525 4866 676 4923 Psal.
710 4887 937 4942 CXLVIII,
964 4872 1018 4927 5.

462 5010 573 5089 (90)
604 5011 789 5089 Τᾷλλρι
821 5011 1103 5089 δουλεύσῃ.
1140 5018 1278 5089 Reg.
1314 5018 1435 5086 bm,
1457 5020 1576 5073 tres
1606 5016 1793 5083 Colb.,
1822 5016 1940 5082 Or.,
1978 5019 2027 5081 1,

376 5087 444 5140 τά
474 5081 620 5138 ἄλλα
652 5082 951 5141 δουλεύσει.

452 5162 466 5229 (
510 5158 562 5227 1)
601 5161 793 5218 ΠάΟος.
829 5182 856 5208 ‹‹
892 5160 1112 5214 Passio.
1146 5182 1173 5208 »
1204 5160 1266 5215 In
1314 5177 1490 5215 sensu
1542 5157 2024 5215 scholasticorum

376 5230 755 5303 hanevocem
797 5230 1201 5303 intelligimus.
1237 5232 1515 5286 Aﬂ'ectum
1560 5231 1876 5301 quemdam
1931 5246 2025 5284 ex-

419 5300 600 5356 rimit.

377 5319 971 5445 pr2$)tzEyew§0ncav.
1021 5375 1111 5428 Sic
1169 5374 1282 5427 duo
1344 5373 1519 5443 Begg.
1577 5376 1634 5427 et
1692 5372 1785 5425 Or.
1842 5375 1889 5425 1.
1946 5375 2026 5426 [ta

373 5444 707 5517 legendum,
747 5446 882 5499 licet
917 5446 1178 5517 plerique
1212 5444 1439 5499 codices
1472 5449 1529 5497 et
1570 5446 1709 5499 editi
1753 5446 2023 5510 habt-ant,

377 5513 562 5587 ἰγὲννή
574 5516 759 5587 θησαν.

446 5588 558 5659 (93)
588 5586 746 5659 Αὐτῷ
784 5586 848 5640 τὸ
896 5585 1116 5654 κτίζειν.
1147 5586 1278 5642 Haec
1327 5588 1541 5643 desunt
1588 5586 1647 5642 in
1701 5587 1872 5644 Coisl.
1904 5588 1937 5641 3
1967 5591 2025 5642 et

2142 4470 2311 4530 οὕτως
2368 4469 2423 4522 ἐκ
2472 4467 2565 4523 τοῦ
2616 4468 2826 4543 Πατρός
2859 4491 3001 4547 φημι
3032 4471 3122 4524 τὸν
3155 4471 3276 4525 Υίὸν
3310 4471 3591 4546 ὑπάρχειν,
3624 4472 3699 4532 ὡς
3732 4472 3784 4527 ἐν

2138 4559 2215 4630 τῷ
2252 4559 2418 4633 Ηττιοί
2452 4553 2710 4633 πρότερον
2774 4554 2919 4631 ὄντα,
2976 4559 3109 4632 μετά
3157 4557 3214 4614 δὲ
3258 4564 3420 4615 τοῦτο
3452 4560 3524 4622 εἷς
3555 4561 3618 4614 τὸ
3650 4563 3786 4616 εἶναι

2140 4644 2461 4701 ὁδεύσαντα·
2519 4645 2645 4702 οὐδὲ
2686 4648 2787 4723 γὰρ
2832 4646 2997 4717 ἀτελῆ
3049 4648 3333 4724 πρότερον,
3384 4649 3498 4704 εἶτα
3548 4646 3782 4721 τέλειον,

2139 4729 2318 4809 ὥσπερ
2352 4735 2519 4807 νόμος
2547 4743 2647 4807 τῆς
2679 4736 2945 4811 ἡμετέρας
2974 4739 3275 4813 γεννήσεως
3306 4740 3441 4812 (98).

2139 5016 2233 5071 Or.
2270 5017 2319 5069 1.

2354 5086 2709 5160 Παραστήτω.
2746 5086 2971 5152 Comh.,
3010 5087 3372 5161 παραστήται.
3407 5108 3435 5137 ‹‹
3465 5091 3684 5144 Prelto
3716 5088 3801 5144 sit

2138 5160 2361 5213 civitas.
2392 5181 2419 5207 ››

2205 5231 2317 5302 (95)
2356 5235 2469 5302 Σοι.
2505 5233 2674 5302 Deest
2704 5228 2761 5282 in
2795 5229 3024 5302 duobus
3056 5229 3236 5302 Regg.
3269 5234 3326 5302 et
3355 5230 3451 5302 0r.
3485 5231 3535 5302 1.

2206 5295 2319 5371 (96)
2350 5300 2507 5374 Τάχα
2540 5298 2782 5374 οὑδὲηιη
2815 5295 3366 5374 ᾳμὶὺμδᾶαηῖῖτάχα
3398 5297 3454 5355 δὲ
3486 5295 3631 5354 οὐδὲ.

2206 5369 2317 5445 (97)
2350 5369 2553 5456 ’Evﬂ‘tﬁ.
2580 5369 2759 5456 ὀσυύϊ.
2796 5369 3206 5456 «il'nul‘umbis.
3238 5397 3257 5421 η
3290 5369 3563 5456 ᾘοῒεηῐὶθ.
3611 5372 3798 5427 nimi-

2138 5443 2287 5508 rum,
2324 5461 2436 5499 non
2473 5450 2626 5509 actu,
2657 5443 2851 5515 inquit
2881 5443 3084 5499 Billius
3115 5445 3174 5498 in
3208 5445 3381 5501 notis.

2202 5518 2314 5585 (98)
2350 5515 2673 5583 Γεννήσειυς.
2710 5514 2848 5586 Reg.
2883 5533 2934 5584 a,
2967 5516 3140 5572 Coisl.
3174 5517 3227 5585 3,
3261 5520 3379 5573 tres
3408 5514 3591 5583 Colb.',
3622 5514 3789 5585 Par.,

2132 5586 2402 5657 κυήσεως,
2441 5610 2461 5636 α
2496 5591 2832 5660 conceptus.
2852 5607 2882 5636 ››
