  <div class='ocr_page' id='page_1' title='image "/cluster/home/n/w/nwhite01/storage/ocr_20150623/35/mdp.39015012934389/546.png"; bbox 0 0 4094 6288; ppageno 0'>
   <div class='ocr_carea' id='block_1_1' title="bbox 316 372 1955 438">
    <p class='ocr_par' dir='ltr' id='par_1_1' title="bbox 316 372 1955 436">
     <span class='ocr_line' id='line_1_1' title="bbox 316 372 1955 436; baseline 0 -3"><span class='ocrx_word' id='word_1_1' title='bbox 316 372 473 433; x_wconf 82' lang='grc'>1077</span> <span class='ocrx_word' id='word_1_2' title='bbox 1049 372 1341 435; x_wconf 81' lang='lat' dir='ltr'>ORATIO</span> <span class='ocrx_word' id='word_1_3' title='bbox 1385 376 1514 436; x_wconf 86' lang='lat' dir='ltr'>XX.</span> <span class='ocrx_word' id='word_1_4' title='bbox 1548 408 1627 422; x_wconf 92' lang='lat'>-—</span> <span class='ocrx_word' id='word_1_5' title='bbox 1655 375 1759 435; x_wconf 89' lang='lat' dir='ltr'><strong>DE</strong></span> <span class='ocrx_word' id='word_1_6' title='bbox 1802 374 1955 434; x_wconf 92' lang='lat' dir='ltr'>DOG</span> 
     </span>
    </p>
   </div>
   <div class='ocr_carea' id='block_1_2' title="bbox 2072 372 3725 438">
    <p class='ocr_par' dir='ltr' id='par_1_2' title="bbox 2072 372 3725 438">
     <span class='ocr_line' id='line_1_2' title="bbox 2072 372 3725 438; baseline 0.004 -9"><span class='ocrx_word' id='word_1_7' title='bbox 2072 374 2149 433; x_wconf 90' lang='lat' dir='ltr'>.T.</span> <span class='ocrx_word' id='word_1_8' title='bbox 2196 374 2295 433; x_wconf 87' lang='lat' dir='ltr'>ET</span> <span class='ocrx_word' id='word_1_9' title='bbox 2341 372 2694 434; x_wconf 82' lang='lat' dir='ltr'>CONSTIT.</span> <span class='ocrx_word' id='word_1_10' title='bbox 2742 374 2988 435; x_wconf 87' lang='lat' dir='ltr'>EPISC.</span> <span class='ocrx_word' id='word_1_11' title='bbox 3571 376 3725 438; x_wconf 83' lang='grc'>1078</span> 
     </span>
    </p>
   </div>
   <div class='ocr_carea' id='block_1_3' title="bbox 311 506 3720 580">
    <p class='ocr_par' dir='ltr' id='par_1_3' title="bbox 311 506 3720 580">
     <span class='ocr_line' id='line_1_3' title="bbox 311 506 3720 580; baseline 0.001 -19"><span class='ocrx_word' id='word_1_12' title='bbox 311 506 541 579; x_wconf 85' lang='lat' dir='ltr'>gignis;</span> <span class='ocrx_word' id='word_1_13' title='bbox 576 523 642 561; x_wconf 90' lang='lat' dir='ltr'>ac</span> <span class='ocrx_word' id='word_1_14' title='bbox 673 506 939 577; x_wconf 84' lang='lat' dir='ltr'>proinde,</span> <span class='ocrx_word' id='word_1_15' title='bbox 973 523 1107 562; x_wconf 90' lang='lat' dir='ltr'>eum</span> <span class='ocrx_word' id='word_1_16' title='bbox 1139 509 1235 577; x_wconf 92' lang='lat' dir='ltr'>qui</span> <span class='ocrx_word' id='word_1_17' title='bbox 1267 526 1383 564; x_wconf 92' lang='lat' dir='ltr'>non</span> <span class='ocrx_word' id='word_1_18' title='bbox 1414 513 1556 577; x_wconf 85' lang='lat' dir='ltr'>erat,</span> <span class='ocrx_word' id='word_1_19' title='bbox 1588 509 1647 563; x_wconf 92' lang='lat' dir='ltr'>in</span> <span class='ocrx_word' id='word_1_20' title='bbox 1681 524 1872 563; x_wconf 89' lang='lat' dir='ltr'>rerum</span> <span class='ocrx_word' id='word_1_21' title='bbox 1915 512 2184 563; x_wconf 87' lang='lat' dir='ltr'>naturam</span> <span class='ocrx_word' id='word_1_22' title='bbox 2234 508 2528 578; x_wconf 83' lang='lat' dir='ltr'>producis.</span> <span class='ocrx_word' id='word_1_23' title='bbox 2564 513 2698 572; x_wconf 83' lang='lat' dir='ltr'>Aut,</span> <span class='ocrx_word' id='word_1_24' title='bbox 2733 514 2795 562; x_wconf 89' lang='lat' dir='ltr'>ut</span> <span class='ocrx_word' id='word_1_25' title='bbox 2840 508 3188 579; x_wconf 81' lang='lat' dir='ltr'>profundius</span> <span class='ocrx_word' id='word_1_26' title='bbox 3235 509 3454 580; x_wconf 91' lang='lat' dir='ltr'>aliquid</span> <span class='ocrx_word' id='word_1_27' title='bbox 3506 511 3720 577; x_wconf 88' lang='lat' dir='ltr'>dicam,</span> 
     </span>
    </p>
   </div>
   <div class='ocr_carea' id='block_1_4' title="bbox 312 596 3721 670">
    <p class='ocr_par' dir='ltr' id='par_1_4' title="bbox 312 596 3721 670">
     <span class='ocr_line' id='line_1_4' title="bbox 312 596 3721 670; baseline 0.001 -19"><span class='ocrx_word' id='word_1_28' title='bbox 312 598 558 653; x_wconf 83' lang='lat' dir='ltr'>fortasse</span> <span class='ocrx_word' id='word_1_29' title='bbox 615 611 689 650; x_wconf 91' lang='lat' dir='ltr'>ne</span> <span class='ocrx_word' id='word_1_30' title='bbox 748 596 874 668; x_wconf 91' lang='lat' dir='ltr'>ipse</span> <span class='ocrx_word' id='word_1_31' title='bbox 931 598 1166 668; x_wconf 80' lang='lat' dir='ltr'>quidem</span> <span class='ocrx_word' id='word_1_32' title='bbox 1228 614 1296 652; x_wconf 83' lang='lat' dir='ltr'>ex</span> <span class='ocrx_word' id='word_1_33' title='bbox 1353 598 1538 653; x_wconf 86' lang='lat' dir='ltr'>nihilo</span> <span class='ocrx_word' id='word_1_34' title='bbox 1599 597 1909 670; x_wconf 82' lang='lat' dir='ltr'>producis;</span> <span class='ocrx_word' id='word_1_35' title='bbox 1967 598 2441 667; x_wconf 83' lang='lat' dir='ltr'>quandoquidem</span> <span class='ocrx_word' id='word_1_36' title='bbox 2477 602 2533 651; x_wconf 91' lang='lat' dir='ltr'>et</span> <span class='ocrx_word' id='word_1_37' title='bbox 2566 598 2718 665; x_wconf 85' lang='lat' dir='ltr'>Levi,</span> <span class='ocrx_word' id='word_1_38' title='bbox 2752 605 2814 651; x_wconf 92' lang='lat' dir='ltr'>ut</span> <span class='ocrx_word' id='word_1_39' title='bbox 2857 598 2953 652; x_wconf 82' lang='lat' dir='ltr'>ille</span> <span class='ocrx_word' id='word_1_40' title='bbox 3002 598 3103 665; x_wconf 86' lang='lat' dir='ltr'>ait,</span> <span class='ocrx_word' id='word_1_41' title='bbox 3138 598 3330 654; x_wconf 89' lang='lat' dir='ltr'>adhuc</span> <span class='ocrx_word' id='word_1_42' title='bbox 3388 599 3446 653; x_wconf 92' lang='lat' dir='ltr'>in</span> <span class='ocrx_word' id='word_1_43' title='bbox 3503 599 3721 655; x_wconf 92' lang='lat' dir='ltr'>lumbis</span> 
     </span>
    </p>
   </div>
   <div class='ocr_carea' id='block_1_5' title="bbox 310 686 3718 759">
    <p class='ocr_par' dir='ltr' id='par_1_5' title="bbox 310 686 3718 759">
     <span class='ocr_line' id='line_1_5' title="bbox 310 686 3718 759; baseline 0.001 -20"><span class='ocrx_word' id='word_1_44' title='bbox 310 686 496 755; x_wconf 83' lang='lat' dir='ltr'>patris</span> <span class='ocrx_word' id='word_1_45' title='bbox 552 689 696 750; x_wconf 90' lang='lat' dir='ltr'>erat,</span> <span class='ocrx_word' id='word_1_46' title='bbox 731 690 1041 757; x_wconf 81' lang='lat' dir='ltr'>antequam</span> <span class='ocrx_word' id='word_1_47' title='bbox 1099 686 1158 740; x_wconf 93' lang='lat' dir='ltr'>in</span> <span class='ocrx_word' id='word_1_48' title='bbox 1214 687 1403 743; x_wconf 86' lang='lat' dir='ltr'>lucem</span> <span class='ocrx_word' id='word_1_49' title='bbox 1463 687 1803 759; x_wconf 53' lang='lat' dir='ltr'>prodiret“).</span> <span class='ocrx_word' id='word_1_50' title='bbox 1837 686 1953 741; x_wconf 90' lang='lat' dir='ltr'>Nec</span> <span class='ocrx_word' id='word_1_51' title='bbox 2009 702 2143 741; x_wconf 91' lang='lat' dir='ltr'>vero</span> <span class='ocrx_word' id='word_1_52' title='bbox 2202 687 2515 757; x_wconf 83' lang='lat' dir='ltr'>quisquam</span> <span class='ocrx_word' id='word_1_53' title='bbox 2576 687 2712 742; x_wconf 89' lang='lat' dir='ltr'>huic</span> <span class='ocrx_word' id='word_1_54' title='bbox 2765 688 3014 742; x_wconf 85' lang='lat' dir='ltr'>orationi</span> <span class='ocrx_word' id='word_1_55' title='bbox 3072 687 3429 743; x_wconf 80' lang='lat' dir='ltr'>calumniam</span> <span class='ocrx_word' id='word_1_56' title='bbox 3487 690 3718 745; x_wconf 88' lang='lat' dir='ltr'>conﬂet.</span> 
     </span>
    </p>
   </div>
   <div class='ocr_carea' id='block_1_6' title="bbox 306 772 3722 847">
    <p class='ocr_par' dir='ltr' id='par_1_6' title="bbox 306 772 3722 847">
     <span class='ocr_line' id='line_1_6' title="bbox 306 772 3722 847; baseline 0.002 -21"><span class='ocrx_word' id='word_1_57' title='bbox 306 773 431 827; x_wconf 93' lang='lat' dir='ltr'>Non</span> <span class='ocrx_word' id='word_1_58' title='bbox 462 772 621 828; x_wconf 89' lang='lat' dir='ltr'>enim</span> <span class='ocrx_word' id='word_1_59' title='bbox 654 773 865 828; x_wconf 87' lang='lat' dir='ltr'>Filium</span> <span class='ocrx_word' id='word_1_60' title='bbox 898 774 978 828; x_wconf 90' lang='lat' dir='ltr'>ita</span> <span class='ocrx_word' id='word_1_61' title='bbox 1007 790 1075 829; x_wconf 85' lang='lat' dir='ltr'>ex</span> <span class='ocrx_word' id='word_1_62' title='bbox 1105 775 1268 831; x_wconf 81' lang='lat' dir='ltr'>Patre</span> <span class='ocrx_word' id='word_1_63' title='bbox 1300 776 1578 831; x_wconf 78' lang='lat' dir='ltr'>exsistere</span> <span class='ocrx_word' id='word_1_64' title='bbox 1626 776 1773 841; x_wconf 89' lang='lat' dir='ltr'>dico,</span> <span class='ocrx_word' id='word_1_65' title='bbox 1807 776 1974 846; x_wconf 90' lang='lat' dir='ltr'>quasi</span> <span class='ocrx_word' id='word_1_66' title='bbox 2008 775 2064 828; x_wconf 93' lang='lat' dir='ltr'>in</span> <span class='ocrx_word' id='word_1_67' title='bbox 2098 774 2263 828; x_wconf 83' lang='lat' dir='ltr'>Patre</span> <span class='ocrx_word' id='word_1_68' title='bbox 2312 776 2478 846; x_wconf 87' lang='lat' dir='ltr'>prius</span> <span class='ocrx_word' id='word_1_69' title='bbox 2513 775 2748 846; x_wconf 90' lang='lat' dir='ltr'>quidem</span> <span class='ocrx_word' id='word_1_70' title='bbox 2784 776 2973 841; x_wconf 89' lang='lat' dir='ltr'>fuerit,</span> <span class='ocrx_word' id='word_1_71' title='bbox 3008 780 3208 847; x_wconf 87' lang='lat' dir='ltr'>postea</span> <span class='ocrx_word' id='word_1_72' title='bbox 3236 782 3430 831; x_wconf 89' lang='lat' dir='ltr'>autem</span> <span class='ocrx_word' id='word_1_73' title='bbox 3485 778 3541 831; x_wconf 88' lang='lat' dir='ltr'>in</span> <span class='ocrx_word' id='word_1_74' title='bbox 3594 793 3722 833; x_wconf 89' lang='lat' dir='ltr'>esse</span> 
     </span>
    </p>
   </div>
   <div class='ocr_carea' id='block_1_7' title="bbox 310 861 3719 936">
    <p class='ocr_par' dir='ltr' id='par_1_7' title="bbox 310 861 3719 936">
     <span class='ocr_line' id='line_1_7' title="bbox 310 861 3719 936; baseline 0.001 -20"><span class='ocrx_word' id='word_1_75' title='bbox 310 861 611 933; x_wconf 85' lang='lat' dir='ltr'>prodierit.</span> <span class='ocrx_word' id='word_1_76' title='bbox 656 862 854 933; x_wconf 89' lang='lat' dir='ltr'>Neque</span> <span class='ocrx_word' id='word_1_77' title='bbox 901 863 1058 918; x_wconf 90' lang='lat' dir='ltr'>enim</span> <span class='ocrx_word' id='word_1_78' title='bbox 1110 864 1517 936; x_wconf 85' lang='lat' dir='ltr'>imperfectum</span> <span class='ocrx_word' id='word_1_79' title='bbox 1567 866 1752 936; x_wconf 86' lang='lat' dir='ltr'>prius,</span> <span class='ocrx_word' id='word_1_80' title='bbox 1789 881 1852 919; x_wconf 86' lang='lat' dir='ltr'>ac</span> <span class='ocrx_word' id='word_1_81' title='bbox 1901 868 2103 935; x_wconf 88' lang='lat' dir='ltr'>postea</span> <span class='ocrx_word' id='word_1_82' title='bbox 2133 863 2455 935; x_wconf 87' lang='lat' dir='ltr'>perfectum</span> <span class='ocrx_word' id='word_1_83' title='bbox 2488 865 2635 929; x_wconf 89' lang='lat' dir='ltr'>dico,</span> <span class='ocrx_word' id='word_1_84' title='bbox 2669 866 3166 936; x_wconf 90' lang='lat' dir='ltr'>quemodmodum</span> <span class='ocrx_word' id='word_1_85' title='bbox 3218 866 3328 921; x_wconf 90' lang='lat' dir='ltr'>fert</span> <span class='ocrx_word' id='word_1_86' title='bbox 3375 866 3463 922; x_wconf 84' lang='lat' dir='ltr'>lex</span> <span class='ocrx_word' id='word_1_87' title='bbox 3509 871 3719 922; x_wconf 66' lang='lat' dir='ltr'>nostrae</span> 
     </span>
    </p>
   </div>
   <div class='ocr_carea' id='block_1_8' title="bbox 311 952 726 1021">
    <p class='ocr_par' dir='ltr' id='par_1_8' title="bbox 311 952 726 1021">
     <span class='ocr_line' id='line_1_8' title="bbox 311 952 726 1021; baseline 0.002 -16"><span class='ocrx_word' id='word_1_88' title='bbox 311 952 726 1021; x_wconf 82' lang='lat' dir='ltr'>generationis.</span> 
     </span>
    </p>
   </div>
   <div class='ocr_carea' id='block_1_9' title="bbox 383 1038 1955 1115">
    <p class='ocr_par' dir='ltr' id='par_1_9' title="bbox 383 1038 1955 1115">
     <span class='ocr_line' id='line_1_9' title="bbox 383 1038 1955 1115; baseline 0.003 -24"><span class='ocrx_word' id='word_1_89' title='bbox 383 1044 435 1092; x_wconf 89' lang='lat' dir='ltr'>I&#39;.</span> <span class='ocrx_word' id='word_1_90' title='bbox 468 1042 642 1094; x_wconf 88' lang='grc' dir='ltr'>Ταῦτα</span> <span class='ocrx_word' id='word_1_91' title='bbox 687 1043 794 1093; x_wconf 88' lang='grc' dir='ltr'>τῶν</span> <span class='ocrx_word' id='word_1_92' title='bbox 867 1038 1272 1115; x_wconf 67' lang='grc' dir='ltr'>ἐπηρεαζόντων</span> <span class='ocrx_word' id='word_1_93' title='bbox 1352 1040 1527 1096; x_wconf 76' lang='grc' dir='ltr'>ἐστίν’</span> <span class='ocrx_word' id='word_1_94' title='bbox 1604 1045 1769 1095; x_wconf 89' lang='grc' dir='ltr'>ταῦτα</span> <span class='ocrx_word' id='word_1_95' title='bbox 1850 1045 1955 1095; x_wconf 91' lang='grc' dir='ltr'>τῶν</span> 
     </span>
    </p>
   </div>
   <div class='ocr_carea' id='block_1_10' title="bbox 2072 1038 3723 1115">
    <p class='ocr_par' dir='ltr' id='par_1_10' title="bbox 2145 1041 3723 1113">
     <span class='ocr_line' id='line_1_10' title="bbox 2145 1041 3723 1113; baseline 0.001 -18"><span class='ocrx_word' id='word_1_96' title='bbox 2145 1041 2207 1095; x_wconf 88' lang='grc' dir='ltr'><strong>Χ.</strong></span> <span class='ocrx_word' id='word_1_97' title='bbox 2242 1045 2373 1095; x_wconf 78' lang='lat' dir='ltr'>Haec</span> <span class='ocrx_word' id='word_1_98' title='bbox 2405 1047 2541 1096; x_wconf 91' lang='lat' dir='ltr'>sunt</span> <span class='ocrx_word' id='word_1_99' title='bbox 2570 1059 2794 1113; x_wconf 84' lang='lat' dir='ltr'>eorum,</span> <span class='ocrx_word' id='word_1_100' title='bbox 2828 1043 2928 1113; x_wconf 92' lang='lat' dir='ltr'>qui</span> <span class='ocrx_word' id='word_1_101' title='bbox 2963 1042 3384 1097; x_wconf 84' lang='lat' dir='ltr'>obtrectatione</span> <span class='ocrx_word' id='word_1_102' title='bbox 3413 1048 3470 1097; x_wconf 91' lang='lat' dir='ltr'>et</span> <span class='ocrx_word' id='word_1_103' title='bbox 3502 1044 3723 1099; x_wconf 83' lang='lat' dir='ltr'>calum-</span> 
     </span>
    </p>
   </div>
   <div class='ocr_carea' id='block_1_11' title="bbox 308 1126 1955 1205">
    <p class='ocr_par' dir='ltr' id='par_1_11' title="bbox 308 1126 1955 1205">
     <span class='ocr_line' id='line_1_11' title="bbox 308 1126 1955 1205; baseline 0.001 -23"><span class='ocrx_word' id='word_1_104' title='bbox 308 1126 702 1196; x_wconf 72' lang='grc' dir='ltr'>ἒπιπηδώντων</span> <span class='ocrx_word' id='word_1_105' title='bbox 729 1129 1046 1202; x_wconf 82' lang='grc' dir='ltr'>προχείρως</span> <span class='ocrx_word' id='word_1_106' title='bbox 1076 1135 1205 1183; x_wconf 82' lang='grc' dir='ltr'>πᾶσι</span> <span class='ocrx_word' id='word_1_107' title='bbox 1246 1135 1362 1191; x_wconf 86' lang='grc' dir='ltr'>τοῖς</span> <span class='ocrx_word' id='word_1_108' title='bbox 1395 1128 1740 1205; x_wconf 83' lang='grc' dir='ltr'>λεγομένοις.</span> <span class='ocrx_word' id='word_1_109' title='bbox 1769 1131 1955 1201; x_wconf 79' lang='grc' dir='ltr'>Ἡμεῖς</span> 
     </span>
    </p>
   </div>
   <div class='ocr_carea' id='block_1_12' title="bbox 2072 1126 3719 1205">
    <p class='ocr_par' dir='ltr' id='par_1_12' title="bbox 2076 1129 3719 1201">
     <span class='ocr_line' id='line_1_12' title="bbox 2076 1129 3719 1201; baseline 0.001 -17"><span class='ocrx_word' id='word_1_110' title='bbox 2076 1129 2190 1184; x_wconf 91' lang='lat' dir='ltr'>niis</span> <span class='ocrx_word' id='word_1_111' title='bbox 2248 1130 2547 1201; x_wconf 90' lang='lat' dir='ltr'>gaudent:</span> <span class='ocrx_word' id='word_1_112' title='bbox 2583 1130 2703 1185; x_wconf 63' lang='lat' dir='ltr'>haec</span> <span class='ocrx_word' id='word_1_113' title='bbox 2754 1147 2977 1199; x_wconf 88' lang='lat' dir='ltr'>eorum,</span> <span class='ocrx_word' id='word_1_114' title='bbox 3028 1131 3127 1201; x_wconf 90' lang='lat' dir='ltr'>qui</span> <span class='ocrx_word' id='word_1_115' title='bbox 3175 1132 3455 1187; x_wconf 87' lang='lat' dir='ltr'>adversus</span> <span class='ocrx_word' id='word_1_116' title='bbox 3505 1134 3719 1198; x_wconf 87' lang='lat' dir='ltr'>omnia,</span> 
     </span>
    </p>
   </div>
   <div class='ocr_carea' id='block_1_13' title="bbox 309 1204 1964 1292">
    <p class='ocr_par' dir='ltr' id='par_1_13' title="bbox 309 1204 1964 1292">
     <span class='ocr_line' id='line_1_13' title="bbox 309 1204 1964 1292; baseline 0.002 -23"><span class='ocrx_word' id='word_1_117' title='bbox 309 1211 367 1270; x_wconf 75' lang='grc' dir='ltr'>δὲ</span> <span class='ocrx_word' id='word_1_118' title='bbox 400 1216 505 1291; x_wconf 79' lang='grc' dir='ltr'>οὐχ</span> <span class='ocrx_word' id='word_1_119' title='bbox 554 1215 697 1272; x_wconf 75' lang='grc' dir='ltr'>οὕτω</span> <span class='ocrx_word' id='word_1_120' title='bbox 744 1221 1072 1292; x_wconf 77' lang='grc' dir='ltr'>φρονοῦμεν,</span> <span class='ocrx_word' id='word_1_121' title='bbox 1124 1217 1232 1292; x_wconf 82' lang='grc' dir='ltr'>οὐχ</span> <span class='ocrx_word' id='word_1_122' title='bbox 1286 1218 1427 1272; x_wconf 79' lang='grc' dir='ltr'>οὓτω</span> <span class='ocrx_word' id='word_1_123' title='bbox 1468 1204 1763 1289; x_wconf 78' lang='grc' dir='ltr'>δοξάζομεν</span> <span class='ocrx_word' id='word_1_124' title='bbox 1790 1238 1802 1251; x_wconf 72' lang='grc' dir='ltr'><strong><em>υ</em></strong></span> <span class='ocrx_word' id='word_1_125' title='bbox 1838 1204 1964 1272; x_wconf 65' lang='grc' dir='ltr'>ἀλλ’</span> 
     </span>
    </p>
   </div>
   <div class='ocr_carea' id='block_1_14' title="bbox 314 1304 1961 1382">
    <p class='ocr_par' dir='ltr' id='par_1_14' title="bbox 314 1304 1961 1382">
     <span class='ocr_line' id='line_1_14' title="bbox 314 1304 1961 1382; baseline 0.002 -25"><span class='ocrx_word' id='word_1_126' title='bbox 314 1306 457 1377; x_wconf 80' lang='grc' dir='ltr'>ὁμοῦ</span> <span class='ocrx_word' id='word_1_127' title='bbox 486 1309 563 1376; x_wconf 80' lang='grc' dir='ltr'>τῷ</span> <span class='ocrx_word' id='word_1_128' title='bbox 590 1305 682 1358; x_wconf 85' lang='grc' dir='ltr'>τὸν</span> <span class='ocrx_word' id='word_1_129' title='bbox 719 1304 928 1379; x_wconf 85' lang='grc' dir='ltr'>Πατέρα</span> <span class='ocrx_word' id='word_1_130' title='bbox 960 1306 1090 1360; x_wconf 80' lang='grc' dir='ltr'>εἶναι</span> <span class='ocrx_word' id='word_1_131' title='bbox 1124 1308 1231 1379; x_wconf 83' lang='lat'>(99)</span> <span class='ocrx_word' id='word_1_132' title='bbox 1263 1306 1567 1382; x_wconf 81' lang='grc' dir='ltr'>ἀγεννήτως</span> <span class='ocrx_word' id='word_1_133' title='bbox 1613 1308 1718 1379; x_wconf 83' lang='grc' dir='ltr'>(ἀεὶ</span> <span class='ocrx_word' id='word_1_134' title='bbox 1768 1304 1825 1360; x_wconf 69' lang='grc' dir='ltr'>δὲ</span> <span class='ocrx_word' id='word_1_135' title='bbox 1871 1307 1961 1377; x_wconf 78' lang='grc' dir='ltr'>ἦν,</span> 
     </span>
    </p>
   </div>
   <div class='ocr_carea' id='block_1_15' title="bbox 310 1392 1960 1469">
    <p class='ocr_par' dir='ltr' id='par_1_15' title="bbox 310 1392 1960 1469">
     <span class='ocr_line' id='line_1_15' title="bbox 310 1392 1960 1469; baseline 0.001 -22"><span class='ocrx_word' id='word_1_136' title='bbox 310 1392 418 1469; x_wconf 80' lang='grc' dir='ltr'>οὐχ</span> <span class='ocrx_word' id='word_1_137' title='bbox 445 1393 763 1469; x_wconf 79' lang='grc' dir='ltr'>ὁπερπίπτει</span> <span class='ocrx_word' id='word_1_138' title='bbox 794 1396 871 1468; x_wconf 82' lang='grc' dir='ltr'>(ι)</span> <span class='ocrx_word' id='word_1_139' title='bbox 902 1394 1005 1469; x_wconf 76' lang='grc' dir='ltr'>γὰρ</span> <span class='ocrx_word' id='word_1_140' title='bbox 1038 1394 1115 1456; x_wconf 84' lang='grc' dir='ltr'>εἷς</span> <span class='ocrx_word' id='word_1_141' title='bbox 1146 1396 1207 1449; x_wconf 85' lang='grc' dir='ltr'>τὸ</span> <span class='ocrx_word' id='word_1_142' title='bbox 1242 1397 1317 1468; x_wconf 73' lang='grc' dir='ltr'>μὴ</span> <span class='ocrx_word' id='word_1_143' title='bbox 1362 1395 1491 1449; x_wconf 74' lang='grc' dir='ltr'>εἶναί</span> <span class='ocrx_word' id='word_1_144' title='bbox 1538 1416 1673 1450; x_wconf 87' lang='grc' dir='ltr'>ποτε</span> <span class='ocrx_word' id='word_1_145' title='bbox 1712 1396 1739 1449; x_wconf 98' lang='lat'>6</span> <span class='ocrx_word' id='word_1_146' title='bbox 1791 1399 1960 1467; x_wconf 90' lang='grc' dir='ltr'>νοῦς),</span> 
     </span>
    </p>
   </div>
   <div class='ocr_carea' id='block_1_16' title="bbox 309 1482 1962 1560">
    <p class='ocr_par' dir='ltr' id='par_1_16' title="bbox 309 1482 1962 1560">
     <span class='ocr_line' id='line_1_16' title="bbox 309 1482 1962 1560; baseline 0.001 -23"><span class='ocrx_word' id='word_1_147' title='bbox 309 1482 399 1537; x_wconf 83' lang='grc' dir='ltr'>καὶ</span> <span class='ocrx_word' id='word_1_148' title='bbox 458 1484 485 1537; x_wconf 88' lang='lat'>6</span> <span class='ocrx_word' id='word_1_149' title='bbox 544 1483 668 1545; x_wconf 78' lang='grc' dir='ltr'>Υἱὸς</span> <span class='ocrx_word' id='word_1_150' title='bbox 715 1485 780 1552; x_wconf 73' lang='grc' dir='ltr'>ἦν</span> <span class='ocrx_word' id='word_1_151' title='bbox 841 1489 1135 1558; x_wconf 79' lang='grc' dir='ltr'>γεννητῶς.</span> <span class='ocrx_word' id='word_1_152' title='bbox 1193 1490 1349 1539; x_wconf 85' lang='grc' dir='ltr'>Ὡστε</span> <span class='ocrx_word' id='word_1_153' title='bbox 1395 1484 1673 1560; x_wconf 81' lang='grc' dir='ltr'>συντρέχει</span> <span class='ocrx_word' id='word_1_154' title='bbox 1723 1485 1783 1538; x_wconf 90' lang='grc' dir='ltr'>τὸ</span> <span class='ocrx_word' id='word_1_155' title='bbox 1832 1485 1962 1539; x_wconf 75' lang='grc' dir='ltr'>εἶναι</span> 
     </span>
    </p>
   </div>
   <div class='ocr_carea' id='block_1_17' title="bbox 306 1573 1961 1648">
    <p class='ocr_par' dir='ltr' id='par_1_17' title="bbox 306 1573 1961 1648">
     <span class='ocr_line' id='line_1_17' title="bbox 306 1573 1961 1648; baseline 0.001 -23"><span class='ocrx_word' id='word_1_156' title='bbox 306 1574 403 1626; x_wconf 87' lang='grc' dir='ltr'>τοῦ</span> <span class='ocrx_word' id='word_1_157' title='bbox 452 1573 660 1647; x_wconf 81' lang='grc' dir='ltr'>Πατρὸς</span> <span class='ocrx_word' id='word_1_158' title='bbox 704 1577 782 1643; x_wconf 82' lang='grc' dir='ltr'>τῷ</span> <span class='ocrx_word' id='word_1_159' title='bbox 830 1575 1185 1647; x_wconf 75' lang='grc' dir='ltr'>γεγεννῆσθαι</span> <span class='ocrx_word' id='word_1_160' title='bbox 1232 1578 1329 1627; x_wconf 89' lang='grc' dir='ltr'>τοῦ</span> <span class='ocrx_word' id='word_1_161' title='bbox 1386 1578 1739 1648; x_wconf 88' lang='grc' dir='ltr'>Μονογενοῦς,</span> <span class='ocrx_word' id='word_1_162' title='bbox 1785 1573 1836 1643; x_wconf 78' lang='grc' dir='ltr'>ἐξ</span> <span class='ocrx_word' id='word_1_163' title='bbox 1867 1573 1961 1627; x_wconf 81' lang='grc' dir='ltr'>αὐ-</span> 
     </span>
    </p>
   </div>
   <div class='ocr_carea' id='block_1_18' title="bbox 303 1660 1967 1736">
    <p class='ocr_par' dir='ltr' id='par_1_18' title="bbox 303 1660 1967 1736">
     <span class='ocr_line' id='line_1_18' title="bbox 303 1660 1967 1736; baseline 0.001 -21"><span class='ocrx_word' id='word_1_164' title='bbox 303 1665 400 1715; x_wconf 90' lang='grc' dir='ltr'>τοῦ</span> <span class='ocrx_word' id='word_1_165' title='bbox 430 1680 488 1714; x_wconf 88' lang='grc' dir='ltr'>τε</span> <span class='ocrx_word' id='word_1_166' title='bbox 539 1660 905 1736; x_wconf 78' lang='grc' dir='ltr'>ὑπάρχοντος,</span> <span class='ocrx_word' id='word_1_167' title='bbox 954 1661 1044 1716; x_wconf 87' lang='grc' dir='ltr'>καὶ</span> <span class='ocrx_word' id='word_1_168' title='bbox 1095 1661 1157 1715; x_wconf 83' lang='grc' dir='ltr'>οὐ</span> <span class='ocrx_word' id='word_1_169' title='bbox 1212 1664 1325 1735; x_wconf 83' lang='grc' dir='ltr'>μετ’</span> <span class='ocrx_word' id='word_1_170' title='bbox 1368 1662 1551 1733; x_wconf 80' lang='grc' dir='ltr'>αὐτὸν,</span> <span class='ocrx_word' id='word_1_171' title='bbox 1586 1664 1619 1731; x_wconf 84' lang='grc' dir='ltr'>ἣ</span> <span class='ocrx_word' id='word_1_172' title='bbox 1649 1662 1856 1732; x_wconf 81' lang='grc' dir='ltr'>ἐπινοίᾳ</span> <span class='ocrx_word' id='word_1_173' title='bbox 1887 1665 1967 1735; x_wconf 88' lang='grc'>(2)</span> 
     </span>
    </p>
   </div>
   <div class='ocr_carea' id='block_1_19' title="bbox 310 1748 1960 1826">
    <p class='ocr_par' dir='ltr' id='par_1_19' title="bbox 310 1748 1960 1826">
     <span class='ocr_line' id='line_1_19' title="bbox 310 1748 1960 1826; baseline 0 -23"><span class='ocrx_word' id='word_1_174' title='bbox 310 1748 446 1822; x_wconf 79' lang='grc' dir='ltr'>μόνῃ</span> <span class='ocrx_word' id='word_1_175' title='bbox 471 1753 540 1822; x_wconf 84' lang='grc' dir='ltr'>τῇ</span> <span class='ocrx_word' id='word_1_176' title='bbox 566 1756 667 1819; x_wconf 81' lang='grc' dir='ltr'>τῆς</span> <span class='ocrx_word' id='word_1_177' title='bbox 696 1748 878 1825; x_wconf 80' lang='grc' dir='ltr'>ἀρχῆς</span> <span class='ocrx_word' id='word_1_178' title='bbox 904 1770 916 1782; x_wconf 86' lang='grc'><strong>·</strong></span> <span class='ocrx_word' id='word_1_179' title='bbox 946 1750 1126 1826; x_wconf 74' lang='grc' dir='ltr'>ἀρχῆς</span> <span class='ocrx_word' id='word_1_180' title='bbox 1179 1748 1257 1818; x_wconf 70' lang='grc' dir='ltr'>δὲ,</span> <span class='ocrx_word' id='word_1_181' title='bbox 1309 1752 1384 1813; x_wconf 84' lang='grc' dir='ltr'>ὡς</span> <span class='ocrx_word' id='word_1_182' title='bbox 1434 1751 1629 1807; x_wconf 76' lang='grc' dir='ltr'>αἰτίου.</span> <span class='ocrx_word' id='word_1_183' title='bbox 1681 1749 1960 1811; x_wconf 85' lang='grc' dir='ltr'>Πολλακις</span> 
     </span>
    </p>
   </div>
   <div class='ocr_carea' id='block_1_20' title="bbox 307 1837 1960 1917">
    <p class='ocr_par' dir='ltr' id='par_1_20' title="bbox 307 1837 1960 1917">
     <span class='ocr_line' id='line_1_20' title="bbox 307 1837 1960 1917; baseline 0.001 -25"><span class='ocrx_word' id='word_1_184' title='bbox 307 1839 411 1913; x_wconf 78' lang='grc' dir='ltr'>γὰρ</span> <span class='ocrx_word' id='word_1_185' title='bbox 458 1839 548 1893; x_wconf 90' lang='grc' dir='ltr'>τὸν</span> <span class='ocrx_word' id='word_1_186' title='bbox 609 1837 765 1894; x_wconf 81' lang='grc' dir='ltr'>αὐτὸν</span> <span class='ocrx_word' id='word_1_187' title='bbox 819 1839 1133 1917; x_wconf 79' lang='grc' dir='ltr'>ἀναστρέφω</span> <span class='ocrx_word' id='word_1_188' title='bbox 1184 1838 1374 1914; x_wconf 83' lang='grc' dir='ltr'>λόγον,</span> <span class='ocrx_word' id='word_1_189' title='bbox 1426 1840 1488 1894; x_wconf 86' lang='grc' dir='ltr'>τὸ</span> <span class='ocrx_word' id='word_1_190' title='bbox 1536 1840 1688 1915; x_wconf 84' lang='grc' dir='ltr'>παχύ</span> <span class='ocrx_word' id='word_1_191' title='bbox 1719 1861 1813 1894; x_wconf 88' lang='grc' dir='ltr'>σου</span> <span class='ocrx_word' id='word_1_192' title='bbox 1871 1840 1960 1893; x_wconf 85' lang='grc' dir='ltr'>καὶ</span> 
     </span>
    </p>
   </div>
   <div class='ocr_carea' id='block_1_21' title="bbox 309 1922 1962 2004">
    <p class='ocr_par' dir='ltr' id='par_1_21' title="bbox 309 1922 1962 2004">
     <span class='ocr_line' id='line_1_21' title="bbox 309 1922 1962 2004; baseline 0 -23"><span class='ocrx_word' id='word_1_193' title='bbox 309 1925 493 1981; x_wconf 81' lang='grc' dir='ltr'>ὑλικὸν</span> <span class='ocrx_word' id='word_1_194' title='bbox 524 1932 624 1995; x_wconf 81' lang='grc' dir='ltr'>τῆς</span> <span class='ocrx_word' id='word_1_195' title='bbox 658 1925 895 1989; x_wconf 83' lang='grc' dir='ltr'>διανοίας</span> <span class='ocrx_word' id='word_1_196' title='bbox 927 1922 1268 2004; x_wconf 74' lang='grc' dir='ltr'>φοϐούμενος</span> <span class='ocrx_word' id='word_1_197' title='bbox 1299 1932 1397 2000; x_wconf 88' lang='grc'>(3).</span> <span class='ocrx_word' id='word_1_198' title='bbox 1448 1929 1511 1982; x_wconf 84' lang='lat' dir='ltr'>Ei</span> <span class='ocrx_word' id='word_1_199' title='bbox 1560 1926 1618 1983; x_wconf 71' lang='grc' dir='ltr'>δὲ</span> <span class='ocrx_word' id='word_1_200' title='bbox 1666 1928 1728 1983; x_wconf 76' lang='grc' dir='ltr'>οὐ</span> <span class='ocrx_word' id='word_1_201' title='bbox 1788 1927 1962 1982; x_wconf 81' lang='grc' dir='ltr'>πολυ-</span> 
     </span>
    </p>
   </div>
   <div class='ocr_carea' id='block_1_22' title="bbox 308 2014 1956 2092">
    <p class='ocr_par' dir='ltr' id='par_1_22' title="bbox 308 2014 1956 2092">
     <span class='ocr_line' id='line_1_22' title="bbox 308 2014 1956 2092; baseline 0.001 -23"><span class='ocrx_word' id='word_1_202' title='bbox 308 2020 641 2092; x_wconf 84' lang='grc' dir='ltr'>πραγμονεῖς</span> <span class='ocrx_word' id='word_1_203' title='bbox 672 2017 769 2084; x_wconf 77' lang='grc' dir='ltr'>τὴν</span> <span class='ocrx_word' id='word_1_204' title='bbox 796 2020 894 2070; x_wconf 91' lang='grc' dir='ltr'>τοῦ</span> <span class='ocrx_word' id='word_1_205' title='bbox 925 2017 1075 2088; x_wconf 73' lang='grc' dir='ltr'>Υὶοῦ,</span> <span class='ocrx_word' id='word_1_206' title='bbox 1125 2014 1233 2071; x_wconf 54' lang='grc' dir='ltr'>εἴτε</span> <span class='ocrx_word' id='word_1_207' title='bbox 1287 2016 1534 2092; x_wconf 85' lang='grc' dir='ltr'>γέννησιν</span> <span class='ocrx_word' id='word_1_208' title='bbox 1589 2018 1702 2092; x_wconf 82' lang='grc' dir='ltr'>χρὴ</span> <span class='ocrx_word' id='word_1_209' title='bbox 1755 2016 1956 2090; x_wconf 84' lang='grc' dir='ltr'>λέγειν,</span> 
     </span>
    </p>
   </div>
   <div class='ocr_carea' id='block_1_23' title="bbox 311 2101 1956 2181">
    <p class='ocr_par' dir='ltr' id='par_1_23' title="bbox 311 2101 1956 2181">
     <span class='ocr_line' id='line_1_23' title="bbox 311 2101 1956 2181; baseline 0.001 -23"><span class='ocrx_word' id='word_1_210' title='bbox 311 2102 418 2159; x_wconf 54' lang='grc' dir='ltr'>εἴτε</span> <span class='ocrx_word' id='word_1_211' title='bbox 475 2103 784 2176; x_wconf 77' lang='grc' dir='ltr'>ὑπόστασιν,</span> <span class='ocrx_word' id='word_1_212' title='bbox 841 2101 946 2159; x_wconf 58' lang='grc' dir='ltr'>εἴτε</span> <span class='ocrx_word' id='word_1_213' title='bbox 999 2126 1051 2159; x_wconf 92' lang='grc' dir='ltr'>τι</span> <span class='ocrx_word' id='word_1_214' title='bbox 1131 2101 1272 2160; x_wconf 76' lang='grc' dir='ltr'>ἄλλο</span> <span class='ocrx_word' id='word_1_215' title='bbox 1343 2107 1673 2181; x_wconf 83' lang='grc' dir='ltr'>κυριώτερον</span> <span class='ocrx_word' id='word_1_216' title='bbox 1749 2105 1956 2160; x_wconf 87' lang='grc' dir='ltr'>τούτων</span> 
     </span>
    </p>
   </div>
   <div class='ocr_carea' id='block_1_24' title="bbox 306 2192 1959 2270">
    <p class='ocr_par' dir='ltr' id='par_1_24' title="bbox 306 2192 1959 2270">
     <span class='ocr_line' id='line_1_24' title="bbox 306 2192 1959 2270; baseline 0.001 -23"><span class='ocrx_word' id='word_1_217' title='bbox 306 2192 508 2247; x_wconf 75' lang='grc' dir='ltr'>έπινοεῖ</span> <span class='ocrx_word' id='word_1_218' title='bbox 564 2195 707 2266; x_wconf 84' lang='grc' dir='ltr'>(νικᾷ</span> <span class='ocrx_word' id='word_1_219' title='bbox 758 2194 859 2269; x_wconf 80' lang='grc' dir='ltr'>γὰρ</span> <span class='ocrx_word' id='word_1_220' title='bbox 918 2194 1017 2262; x_wconf 80' lang='grc' dir='ltr'>τήν</span> <span class='ocrx_word' id='word_1_221' title='bbox 1079 2193 1216 2266; x_wconf 76' lang='grc' dir='ltr'>ἐμὴν</span> <span class='ocrx_word' id='word_1_222' title='bbox 1284 2193 1530 2270; x_wconf 90' lang='grc' dir='ltr'>γλῶτταν</span> <span class='ocrx_word' id='word_1_223' title='bbox 1605 2194 1669 2248; x_wconf 88' lang='grc' dir='ltr'>τὸ</span> <span class='ocrx_word' id='word_1_224' title='bbox 1728 2193 1959 2267; x_wconf 80' lang='grc' dir='ltr'>νοούμε-</span> 
     </span>
    </p>
   </div>
   <div class='ocr_carea' id='block_1_25' title="bbox 305 2280 1960 2358">
    <p class='ocr_par' dir='ltr' id='par_1_25' title="bbox 305 2280 1960 2358">
     <span class='ocr_line' id='line_1_25' title="bbox 305 2280 1960 2358; baseline 0 -22"><span class='ocrx_word' id='word_1_225' title='bbox 305 2302 395 2336; x_wconf 89' lang='grc' dir='ltr'>νον</span> <span class='ocrx_word' id='word_1_226' title='bbox 446 2281 535 2335; x_wconf 87' lang='lat' dir='ltr'>xui</span> <span class='ocrx_word' id='word_1_227' title='bbox 590 2280 929 2357; x_wconf 86' lang='grc' dir='ltr'>λογόμενον)·</span> <span class='ocrx_word' id='word_1_228' title='bbox 990 2280 1132 2354; x_wconf 78' lang='grc' dir='ltr'>μηδὲ</span> <span class='ocrx_word' id='word_1_229' title='bbox 1168 2286 1266 2337; x_wconf 89' lang='grc' dir='ltr'>τοῦ</span> <span class='ocrx_word' id='word_1_230' title='bbox 1316 2282 1628 2356; x_wconf 89' lang='grc' dir='ltr'>Πνεύματος</span> <span class='ocrx_word' id='word_1_231' title='bbox 1668 2281 1960 2358; x_wconf 82' lang='grc' dir='ltr'>περιεργά-</span> 
     </span>
    </p>
   </div>
   <div class='ocr_carea' id='block_1_26' title="bbox 308 2368 2038 2476">
    <p class='ocr_par' dir='ltr' id='par_1_26' title="bbox 308 2368 2038 2476">
     <span class='ocr_line' id='line_1_26' title="bbox 308 2368 2038 2476; baseline 0.001 -52"><span class='ocrx_word' id='word_1_232' title='bbox 308 2374 401 2439; x_wconf 88' lang='grc' dir='ltr'>ζου</span> <span class='ocrx_word' id='word_1_233' title='bbox 456 2372 554 2440; x_wconf 82' lang='grc' dir='ltr'>τὴν</span> <span class='ocrx_word' id='word_1_234' title='bbox 601 2368 859 2445; x_wconf 82' lang='grc' dir='ltr'>πρόοδον.</span> <span class='ocrx_word' id='word_1_235' title='bbox 908 2375 1192 2446; x_wconf 83' lang='grc' dir='ltr'>Αρκοῦμαι</span> <span class='ocrx_word' id='word_1_236' title='bbox 1243 2371 1477 2441; x_wconf 85' lang='grc' dir='ltr'>ἀκούειν,</span> <span class='ocrx_word' id='word_1_237' title='bbox 1540 2370 1623 2426; x_wconf 76' lang='grc' dir='ltr'>ὅτι</span> <span class='ocrx_word' id='word_1_238' title='bbox 1672 2372 1817 2441; x_wconf 78' lang='grc' dir='ltr'>Υἱὸς,</span> <span class='ocrx_word' id='word_1_239' title='bbox 1866 2371 1955 2426; x_wconf 85' lang='grc' dir='ltr'>καὶ</span> <span class='ocrx_word' id='word_1_240' title='bbox 1992 2411 2038 2476; x_wconf 85' lang='grc' dir='ltr'><strong>Β</strong></span> 
     </span>
    </p>
   </div>
   <div class='ocr_carea' id='block_1_27' title="bbox 307 2456 1956 2536">
    <p class='ocr_par' dir='ltr' id='par_1_27' title="bbox 307 2456 1956 2536">
     <span class='ocr_line' id='line_1_27' title="bbox 307 2456 1956 2536; baseline 0.001 -23"><span class='ocrx_word' id='word_1_241' title='bbox 307 2460 390 2513; x_wconf 78' lang='grc' dir='ltr'>ὃτι</span> <span class='ocrx_word' id='word_1_242' title='bbox 422 2458 481 2513; x_wconf 73' lang='grc' dir='ltr'>ἐκ</span> <span class='ocrx_word' id='word_1_243' title='bbox 509 2464 605 2513; x_wconf 90' lang='grc' dir='ltr'>τοῦ</span> <span class='ocrx_word' id='word_1_244' title='bbox 638 2456 846 2534; x_wconf 79' lang='grc' dir='ltr'>Πατρός</span> <span class='ocrx_word' id='word_1_245' title='bbox 872 2478 885 2491; x_wconf 88' lang='grc'><strong>·</strong></span> <span class='ocrx_word' id='word_1_246' title='bbox 918 2461 1008 2514; x_wconf 86' lang='grc' dir='ltr'>καὶ</span> <span class='ocrx_word' id='word_1_247' title='bbox 1040 2459 1121 2515; x_wconf 73' lang='grc' dir='ltr'>ὅτι</span> <span class='ocrx_word' id='word_1_248' title='bbox 1154 2462 1182 2515; x_wconf 90' lang='lat'>6</span> <span class='ocrx_word' id='word_1_249' title='bbox 1220 2463 1313 2533; x_wconf 77' lang='grc' dir='ltr'>μὲν</span> <span class='ocrx_word' id='word_1_250' title='bbox 1357 2463 1564 2536; x_wconf 78' lang='grc' dir='ltr'>Πατὴρ,</span> <span class='ocrx_word' id='word_1_251' title='bbox 1600 2462 1626 2515; x_wconf 91' lang='lat'>6</span> <span class='ocrx_word' id='word_1_252' title='bbox 1678 2458 1735 2516; x_wconf 76' lang='grc' dir='ltr'>δὲ</span> <span class='ocrx_word' id='word_1_253' title='bbox 1787 2462 1911 2523; x_wconf 77' lang='grc' dir='ltr'>Υἱὸς</span> <span class='ocrx_word' id='word_1_254' title='bbox 1944 2480 1956 2493; x_wconf 73' lang='grc' dir='ltr'><strong>ο</strong></span> 
     </span>
    </p>
   </div>
   <div class='ocr_carea' id='block_1_28' title="bbox 307 2545 1960 2625">
    <p class='ocr_par' dir='ltr' id='par_1_28' title="bbox 307 2545 1960 2625">
     <span class='ocr_line' id='line_1_28' title="bbox 307 2545 1960 2625; baseline 0.001 -23"><span class='ocrx_word' id='word_1_255' title='bbox 307 2546 396 2602; x_wconf 83' lang='grc' dir='ltr'><strong>καί</strong></span> <span class='ocrx_word' id='word_1_256' title='bbox 429 2545 582 2602; x_wconf 74' lang='grc' dir='ltr'>οὐδὲν</span> <span class='ocrx_word' id='word_1_257' title='bbox 618 2549 760 2621; x_wconf 81' lang='grc' dir='ltr'>παρὰ</span> <span class='ocrx_word' id='word_1_258' title='bbox 787 2554 947 2604; x_wconf 91' lang='grc' dir='ltr'>τοῦτο</span> <span class='ocrx_word' id='word_1_259' title='bbox 992 2552 1443 2625; x_wconf 82' lang='grc' dir='ltr'>περιεργάζομαι,</span> <span class='ocrx_word' id='word_1_260' title='bbox 1489 2551 1564 2622; x_wconf 77' lang='grc' dir='ltr'>μὴ</span> <span class='ocrx_word' id='word_1_261' title='bbox 1611 2548 1771 2605; x_wconf 87' lang='grc' dir='ltr'>ταυτὸ</span> <span class='ocrx_word' id='word_1_262' title='bbox 1804 2550 1960 2613; x_wconf 81' lang='grc' dir='ltr'>πάθω</span> 
     </span>
    </p>
   </div>
   <div class='ocr_carea' id='block_1_29' title="bbox 305 2637 1959 2717">
    <p class='ocr_par' dir='ltr' id='par_1_29' title="bbox 305 2637 1959 2717">
     <span class='ocr_line' id='line_1_29' title="bbox 305 2637 1959 2717; baseline 0.001 -26"><span class='ocrx_word' id='word_1_263' title='bbox 305 2641 423 2697; x_wconf 82' lang='grc' dir='ltr'>ταῖς</span> <span class='ocrx_word' id='word_1_264' title='bbox 481 2642 707 2713; x_wconf 82' lang='grc' dir='ltr'>φωναῖς,</span> <span class='ocrx_word' id='word_1_265' title='bbox 761 2637 815 2692; x_wconf 77' lang='lat' dir='ltr'>u&#39;i</span> <span class='ocrx_word' id='word_1_266' title='bbox 882 2643 961 2710; x_wconf 81' lang='grc' dir='ltr'>τῷ</span> <span class='ocrx_word' id='word_1_267' title='bbox 1020 2639 1447 2717; x_wconf 80' lang='grc' dir='ltr'>ὑπιρφωνεῖσθαι</span> <span class='ocrx_word' id='word_1_268' title='bbox 1504 2639 1784 2701; x_wconf 81' lang='grc' dir='ltr'>παντελῶς</span> <span class='ocrx_word' id='word_1_269' title='bbox 1843 2637 1959 2693; x_wconf 88' lang='grc' dir='ltr'>δια-</span> 
     </span>
    </p>
   </div>
   <div class='ocr_carea' id='block_1_30' title="bbox 305 2722 1957 2802">
    <p class='ocr_par' dir='ltr' id='par_1_30' title="bbox 305 2722 1957 2802">
     <span class='ocr_line' id='line_1_30' title="bbox 305 2722 1957 2802; baseline 0.001 -23"><span class='ocrx_word' id='word_1_270' title='bbox 305 2724 613 2798; x_wconf 87' lang='grc' dir='ltr'>πίπτουσιν,</span> <span class='ocrx_word' id='word_1_271' title='bbox 670 2724 707 2796; x_wconf 71' lang='grc' dir='ltr'>ἥ</span> <span class='ocrx_word' id='word_1_272' title='bbox 766 2727 834 2802; x_wconf 75' lang='grc' dir='ltr'>τῇ</span> <span class='ocrx_word' id='word_1_273' title='bbox 886 2722 1005 2802; x_wconf 73' lang='grc' dir='ltr'>ὄψει</span> <span class='ocrx_word' id='word_1_274' title='bbox 1064 2727 1310 2802; x_wconf 84' lang='grc' dir='ltr'>τεινούσῃ</span> <span class='ocrx_word' id='word_1_275' title='bbox 1365 2731 1442 2802; x_wconf 88' lang='grc'>(4)</span> <span class='ocrx_word' id='word_1_276' title='bbox 1515 2730 1649 2801; x_wconf 87' lang='grc' dir='ltr'>πρὸς</span> <span class='ocrx_word' id='word_1_277' title='bbox 1720 2727 1957 2797; x_wconf 81' lang='grc' dir='ltr'>ἡλιακὴν</span> 
     </span>
    </p>
   </div>
   <div class='ocr_carea' id='block_1_31' title="bbox 307 2813 1958 2893">
    <p class='ocr_par' dir='ltr' id='par_1_31' title="bbox 307 2813 1958 2893">
     <span class='ocr_line' id='line_1_31' title="bbox 307 2813 1958 2893; baseline 0.001 -24"><span class='ocrx_word' id='word_1_278' title='bbox 307 2813 509 2871; x_wconf 83' lang='grc' dir='ltr'>ἀκτῖνα.</span> <span class='ocrx_word' id='word_1_279' title='bbox 554 2818 706 2888; x_wconf 81' lang='grc' dir='ltr'>’Ὀσῳ</span> <span class='ocrx_word' id='word_1_280' title='bbox 752 2817 851 2893; x_wconf 78' lang='grc' dir='ltr'>γὰρ</span> <span class='ocrx_word' id='word_1_281' title='bbox 906 2815 965 2871; x_wconf 73' lang='grc' dir='ltr'>ἂν</span> <span class='ocrx_word' id='word_1_282' title='bbox 1016 2817 1207 2873; x_wconf 84' lang='grc' dir='ltr'>πλεῖον</span> <span class='ocrx_word' id='word_1_283' title='bbox 1257 2817 1347 2871; x_wconf 88' lang='grc' dir='ltr'>καὶ</span> <span class='ocrx_word' id='word_1_284' title='bbox 1394 2813 1771 2893; x_wconf 79' lang='grc' dir='ltr'>ἀκριϐέστερον</span> <span class='ocrx_word' id='word_1_285' title='bbox 1826 2816 1958 2871; x_wconf 80' lang='grc' dir='ltr'>ἰδεῖν</span> 
     </span>
    </p>
   </div>
   <div class='ocr_carea' id='block_1_32' title="bbox 308 2901 1956 2980">
    <p class='ocr_par' dir='ltr' id='par_1_32' title="bbox 308 2901 1956 2980">
     <span class='ocr_line' id='line_1_32' title="bbox 308 2901 1956 2980; baseline 0.001 -23"><span class='ocrx_word' id='word_1_286' title='bbox 308 2901 488 2967; x_wconf 71' lang='grc' dir='ltr'>ἐθέλοι</span> <span class='ocrx_word' id='word_1_287' title='bbox 533 2925 639 2971; x_wconf 87' lang='grc' dir='ltr'>τις,</span> <span class='ocrx_word' id='word_1_288' title='bbox 690 2906 934 2977; x_wconf 87' lang='grc' dir='ltr'>τοσούτῳ</span> <span class='ocrx_word' id='word_1_289' title='bbox 992 2907 1093 2975; x_wconf 79' lang='grc' dir='ltr'>τὴν</span> <span class='ocrx_word' id='word_1_290' title='bbox 1163 2904 1410 2976; x_wconf 59' lang='grc' dir='ltr'>αἴσθησιν</span> <span class='ocrx_word' id='word_1_291' title='bbox 1489 2902 1956 2980; x_wconf 77' lang='grc' dir='ltr'>παραϐλάπτεται,</span> 
     </span>
    </p>
   </div>
   <div class='ocr_carea' id='block_1_33' title="bbox 308 2991 1958 3068">
    <p class='ocr_par' dir='ltr' id='par_1_33' title="bbox 308 2991 1958 3068">
     <span class='ocr_line' id='line_1_33' title="bbox 308 2991 1958 3068; baseline 0.002 -23"><span class='ocrx_word' id='word_1_292' title='bbox 308 2991 397 3045; x_wconf 83' lang='grc' dir='ltr'>καὶ</span> <span class='ocrx_word' id='word_1_293' title='bbox 427 2992 489 3046; x_wconf 86' lang='grc' dir='ltr'>τὸ</span> <span class='ocrx_word' id='word_1_294' title='bbox 521 2991 769 3048; x_wconf 76' lang='grc' dir='ltr'>ὁπωσοῦν</span> <span class='ocrx_word' id='word_1_295' title='bbox 822 2993 949 3068; x_wconf 84' lang='grc' dir='ltr'>ὀρᾷν</span> <span class='ocrx_word' id='word_1_296' title='bbox 988 2994 1383 3067; x_wconf 79' lang='grc' dir='ltr'>ἀποστερεῖται,</span> <span class='ocrx_word' id='word_1_297' title='bbox 1435 2992 1524 3049; x_wconf 80' lang='grc' dir='ltr'>διὰ</span> <span class='ocrx_word' id='word_1_298' title='bbox 1551 3000 1648 3049; x_wconf 87' lang='grc' dir='ltr'>τοῦ</span> <span class='ocrx_word' id='word_1_299' title='bbox 1698 2993 1958 3057; x_wconf 83' lang='grc' dir='ltr'>πλείονος</span> 
     </span>
    </p>
   </div>
   <div class='ocr_carea' id='block_1_34' title="bbox 308 3081 1955 3157">
    <p class='ocr_par' dir='ltr' id='par_1_34' title="bbox 308 3081 1955 3157">
     <span class='ocr_line' id='line_1_34' title="bbox 308 3081 1955 3157; baseline 0.002 -23"><span class='ocrx_word' id='word_1_300' title='bbox 308 3084 567 3142; x_wconf 79' lang='grc' dir='ltr'>νικῶντος</span> <span class='ocrx_word' id='word_1_301' title='bbox 607 3082 706 3150; x_wconf 76' lang='grc' dir='ltr'>τὴν</span> <span class='ocrx_word' id='word_1_302' title='bbox 761 3081 884 3154; x_wconf 79' lang='grc' dir='ltr'>ὄψιν</span> <span class='ocrx_word' id='word_1_303' title='bbox 934 3086 1031 3136; x_wconf 85' lang='grc' dir='ltr'>τοῦ</span> <span class='ocrx_word' id='word_1_304' title='bbox 1080 3082 1363 3157; x_wconf 85' lang='grc' dir='ltr'>ὁρωμένου</span> <span class='ocrx_word' id='word_1_305' title='bbox 1390 3083 1475 3137; x_wconf 80' lang='grc' dir='ltr'>έάν</span> <span class='ocrx_word' id='word_1_306' title='bbox 1510 3082 1638 3137; x_wconf 79' lang='grc' dir='ltr'>ὅλον</span> <span class='ocrx_word' id='word_1_307' title='bbox 1674 3082 1803 3138; x_wconf 83' lang='grc' dir='ltr'>ἰδεῖν</span> <span class='ocrx_word' id='word_1_308' title='bbox 1838 3084 1955 3138; x_wconf 77' lang='grc' dir='ltr'>ἐθε-</span> 
     </span>
    </p>
   </div>
   <div class='ocr_carea' id='block_1_35' title="bbox 310 3167 1304 3248">
    <p class='ocr_par' dir='ltr' id='par_1_35' title="bbox 310 3167 1304 3248">
     <span class='ocr_line' id='line_1_35' title="bbox 310 3167 1304 3248; baseline 0.003 -24"><span class='ocrx_word' id='word_1_309' title='bbox 310 3167 474 3242; x_wconf 77' lang='grc' dir='ltr'>λήσῃ,</span> <span class='ocrx_word' id='word_1_310' title='bbox 506 3168 593 3224; x_wconf 86' lang='grc' dir='ltr'>καὶ</span> <span class='ocrx_word' id='word_1_311' title='bbox 629 3171 705 3242; x_wconf 80' lang='grc' dir='ltr'>μὴ</span> <span class='ocrx_word' id='word_1_312' title='bbox 739 3168 862 3225; x_wconf 78' lang='grc' dir='ltr'>ὅσον</span> <span class='ocrx_word' id='word_1_313' title='bbox 898 3172 1024 3244; x_wconf 83' lang='grc' dir='ltr'>ὁρᾷν</span> <span class='ocrx_word' id='word_1_314' title='bbox 1048 3170 1304 3248; x_wconf 80' lang='grc' dir='ltr'>ἀσφαλές.</span> 
     </span>
    </p>
   </div>
   <div class='ocr_carea' id='block_1_36' title="bbox 2075 1217 3721 1290">
    <p class='ocr_par' dir='ltr' id='par_1_36' title="bbox 2075 1217 3721 1290">
     <span class='ocr_line' id='line_1_36' title="bbox 2075 1217 3721 1290; baseline 0 -17"><span class='ocrx_word' id='word_1_315' title='bbox 2075 1234 2201 1289; x_wconf 68' lang='lat' dir='ltr'>quae</span> <span class='ocrx_word' id='word_1_316' title='bbox 2232 1217 2527 1285; x_wconf 90' lang='lat' dir='ltr'>dicuntur,</span> <span class='ocrx_word' id='word_1_317' title='bbox 2562 1224 2832 1290; x_wconf 91' lang='lat' dir='ltr'>prompte</span> <span class='ocrx_word' id='word_1_318' title='bbox 2877 1218 3167 1274; x_wconf 91' lang='lat' dir='ltr'>insiliunt.</span> <span class='ocrx_word' id='word_1_319' title='bbox 3201 1220 3316 1274; x_wconf 91' lang='lat' dir='ltr'>Nos</span> <span class='ocrx_word' id='word_1_320' title='bbox 3360 1224 3554 1274; x_wconf 86' lang='lat' dir='ltr'>autem</span> <span class='ocrx_word' id='word_1_321' title='bbox 3606 1237 3721 1275; x_wconf 89' lang='lat' dir='ltr'>non</span> 
     </span>
    </p>
   </div>
   <div class='ocr_carea' id='block_1_37' title="bbox 2072 1306 3720 1373">
    <p class='ocr_par' dir='ltr' id='par_1_37' title="bbox 2072 1306 3720 1373">
     <span class='ocr_line' id='line_1_37' title="bbox 2072 1306 3720 1373; baseline 0.002 -13"><span class='ocrx_word' id='word_1_322' title='bbox 2072 1306 2153 1361; x_wconf 88' lang='lat' dir='ltr'>ita</span> <span class='ocrx_word' id='word_1_323' title='bbox 2184 1307 2493 1373; x_wconf 87' lang='lat' dir='ltr'>sentimus,</span> <span class='ocrx_word' id='word_1_324' title='bbox 2526 1324 2642 1363; x_wconf 92' lang='lat' dir='ltr'>non</span> <span class='ocrx_word' id='word_1_325' title='bbox 2674 1309 2754 1363; x_wconf 92' lang='lat' dir='ltr'>ita</span> <span class='ocrx_word' id='word_1_326' title='bbox 2798 1323 3106 1363; x_wconf 88' lang='lat' dir='ltr'>censemus</span> <span class='ocrx_word' id='word_1_327' title='bbox 3134 1325 3147 1362; x_wconf 86' lang='lat'><strong>:</strong></span> <span class='ocrx_word' id='word_1_328' title='bbox 3180 1325 3381 1363; x_wconf 91' lang='lat' dir='ltr'>verum</span> <span class='ocrx_word' id='word_1_329' title='bbox 3418 1308 3521 1363; x_wconf 90' lang='lat' dir='ltr'>hoc</span> <span class='ocrx_word' id='word_1_330' title='bbox 3552 1310 3720 1365; x_wconf 90' lang='lat' dir='ltr'>doce-</span> 
     </span>
    </p>
   </div>
   <div class='ocr_carea' id='block_1_38' title="bbox 2075 1395 3721 1469">
    <p class='ocr_par' dir='ltr' id='par_1_38' title="bbox 2075 1395 3721 1469">
     <span class='ocr_line' id='line_1_38' title="bbox 2075 1395 3721 1469; baseline 0.002 -20"><span class='ocrx_word' id='word_1_331' title='bbox 2075 1412 2227 1462; x_wconf 92' lang='lat' dir='ltr'>mus,</span> <span class='ocrx_word' id='word_1_332' title='bbox 2261 1400 2317 1450; x_wconf 93' lang='lat' dir='ltr'>et</span> <span class='ocrx_word' id='word_1_333' title='bbox 2348 1397 2709 1467; x_wconf 80' lang='lat' dir='ltr'>profitemur,</span> <span class='ocrx_word' id='word_1_334' title='bbox 2732 1398 2883 1467; x_wconf 90' lang='lat' dir='ltr'>quod</span> <span class='ocrx_word' id='word_1_335' title='bbox 2931 1395 3107 1451; x_wconf 88' lang='lat' dir='ltr'>simul</span> <span class='ocrx_word' id='word_1_336' title='bbox 3148 1402 3323 1468; x_wconf 88' lang='lat' dir='ltr'>atque</span> <span class='ocrx_word' id='word_1_337' title='bbox 3353 1397 3524 1453; x_wconf 86' lang='lat' dir='ltr'>Pater</span> <span class='ocrx_word' id='word_1_338' title='bbox 3556 1398 3721 1469; x_wconf 86' lang='lat' dir='ltr'>inge-</span> 
     </span>
    </p>
   </div>
   <div class='ocr_carea' id='block_1_39' title="bbox 2073 1485 3717 1557">
    <p class='ocr_par' dir='ltr' id='par_1_39' title="bbox 2073 1485 3717 1557">
     <span class='ocr_line' id='line_1_39' title="bbox 2073 1485 3717 1557; baseline 0.001 -19"><span class='ocrx_word' id='word_1_339' title='bbox 2073 1485 2194 1539; x_wconf 91' lang='lat' dir='ltr'>nito</span> <span class='ocrx_word' id='word_1_340' title='bbox 2235 1485 2408 1540; x_wconf 91' lang='lat' dir='ltr'>modo</span> <span class='ocrx_word' id='word_1_341' title='bbox 2441 1490 2565 1540; x_wconf 90' lang='lat' dir='ltr'>erat</span> <span class='ocrx_word' id='word_1_342' title='bbox 2589 1488 2835 1557; x_wconf 84' lang='lat' dir='ltr'>(semper</span> <span class='ocrx_word' id='word_1_343' title='bbox 2865 1490 3060 1541; x_wconf 89' lang='lat' dir='ltr'>autem</span> <span class='ocrx_word' id='word_1_344' title='bbox 3095 1491 3237 1551; x_wconf 77' lang='lat' dir='ltr'>erat,</span> <span class='ocrx_word' id='word_1_345' title='bbox 3262 1503 3366 1542; x_wconf 93' lang='lat' dir='ltr'>nec</span> <span class='ocrx_word' id='word_1_346' title='bbox 3397 1488 3553 1542; x_wconf 91' lang='lat' dir='ltr'>enim</span> <span class='ocrx_word' id='word_1_347' title='bbox 3584 1504 3717 1542; x_wconf 88' lang='lat' dir='ltr'>eum</span> 
     </span>
    </p>
   </div>
   <div class='ocr_carea' id='block_1_40' title="bbox 2072 1572 3718 1647">
    <p class='ocr_par' dir='ltr' id='par_1_40' title="bbox 2072 1572 3718 1647">
     <span class='ocr_line' id='line_1_40' title="bbox 2072 1572 3718 1647; baseline 0.001 -19"><span class='ocrx_word' id='word_1_348' title='bbox 2072 1572 2386 1644; x_wconf 89' lang='lat' dir='ltr'>aliquando</span> <span class='ocrx_word' id='word_1_349' title='bbox 2419 1591 2533 1629; x_wconf 92' lang='lat' dir='ltr'>non</span> <span class='ocrx_word' id='word_1_350' title='bbox 2567 1574 2747 1630; x_wconf 83' lang='lat' dir='ltr'>fuisse</span> <span class='ocrx_word' id='word_1_351' title='bbox 2780 1574 3033 1645; x_wconf 89' lang='lat' dir='ltr'>concipit</span> <span class='ocrx_word' id='word_1_352' title='bbox 3076 1591 3241 1629; x_wconf 90' lang='lat' dir='ltr'>mens</span> <span class='ocrx_word' id='word_1_353' title='bbox 3281 1580 3501 1644; x_wconf 87' lang='lat' dir='ltr'>nostra,</span> <span class='ocrx_word' id='word_1_354' title='bbox 3534 1594 3718 1647; x_wconf 88' lang='lat' dir='ltr'>quan-</span> 
     </span>
    </p>
   </div>
   <div class='ocr_carea' id='block_1_41' title="bbox 2069 1662 3719 1736">
    <p class='ocr_par' dir='ltr' id='par_1_41' title="bbox 2069 1662 3719 1736">
     <span class='ocr_line' id='line_1_41' title="bbox 2069 1662 3719 1736; baseline 0.002 -20"><span class='ocrx_word' id='word_1_355' title='bbox 2069 1662 2286 1717; x_wconf 80' lang='lat' dir='ltr'>tumvis</span> <span class='ocrx_word' id='word_1_356' title='bbox 2319 1680 2380 1718; x_wconf 91' lang='lat' dir='ltr'>se</span> <span class='ocrx_word' id='word_1_357' title='bbox 2427 1662 2711 1718; x_wconf 85' lang='lat' dir='ltr'>altissime</span> <span class='ocrx_word' id='word_1_358' title='bbox 2741 1664 2981 1733; x_wconf 76' lang='lat' dir='ltr'>ell‘erat),</span> <span class='ocrx_word' id='word_1_359' title='bbox 3006 1668 3063 1717; x_wconf 90' lang='lat' dir='ltr'>et</span> <span class='ocrx_word' id='word_1_360' title='bbox 3106 1663 3286 1718; x_wconf 87' lang='lat' dir='ltr'>Filius</span> <span class='ocrx_word' id='word_1_361' title='bbox 3337 1681 3567 1735; x_wconf 89' lang='lat' dir='ltr'>quoque</span> <span class='ocrx_word' id='word_1_362' title='bbox 3618 1682 3719 1736; x_wconf 91' lang='lat' dir='ltr'>per</span> 
     </span>
    </p>
   </div>
   <div class='ocr_carea' id='block_1_42' title="bbox 2070 1751 3721 1824">
    <p class='ocr_par' dir='ltr' id='par_1_42' title="bbox 2070 1751 3721 1824">
     <span class='ocr_line' id='line_1_42' title="bbox 2070 1751 3721 1824; baseline 0.001 -18"><span class='ocrx_word' id='word_1_363' title='bbox 2070 1751 2504 1824; x_wconf 79' lang='lat' dir='ltr'>generationem</span> <span class='ocrx_word' id='word_1_364' title='bbox 2536 1757 2687 1820; x_wconf 88' lang='lat' dir='ltr'>erat;</span> <span class='ocrx_word' id='word_1_365' title='bbox 2723 1753 2803 1808; x_wconf 87' lang='lat' dir='ltr'>ita</span> <span class='ocrx_word' id='word_1_366' title='bbox 2826 1756 2888 1806; x_wconf 91' lang='lat' dir='ltr'>ut</span> <span class='ocrx_word' id='word_1_367' title='bbox 2909 1752 3096 1808; x_wconf 91' lang='lat' dir='ltr'>Patris</span> <span class='ocrx_word' id='word_1_368' title='bbox 3126 1754 3383 1808; x_wconf 87' lang='lat' dir='ltr'>essentia</span> <span class='ocrx_word' id='word_1_369' title='bbox 3412 1758 3721 1809; x_wconf 87' lang='lat' dir='ltr'>concurrat</span> 
     </span>
    </p>
   </div>
   <div class='ocr_carea' id='block_1_43' title="bbox 2070 1839 3717 1913">
    <p class='ocr_par' dir='ltr' id='par_1_43' title="bbox 2070 1839 3717 1913">
     <span class='ocr_line' id='line_1_43' title="bbox 2070 1839 3717 1913; baseline 0.001 -18"><span class='ocrx_word' id='word_1_370' title='bbox 2070 1856 2203 1895; x_wconf 91' lang='lat' dir='ltr'>cum</span> <span class='ocrx_word' id='word_1_371' title='bbox 2254 1839 2547 1912; x_wconf 89' lang='lat' dir='ltr'>Unigeniti</span> <span class='ocrx_word' id='word_1_372' title='bbox 2604 1840 3001 1912; x_wconf 85' lang='lat' dir='ltr'>generatione,</span> <span class='ocrx_word' id='word_1_373' title='bbox 3035 1841 3135 1913; x_wconf 92' lang='lat' dir='ltr'>qui</span> <span class='ocrx_word' id='word_1_374' title='bbox 3185 1858 3251 1897; x_wconf 85' lang='lat' dir='ltr'>ex</span> <span class='ocrx_word' id='word_1_375' title='bbox 3305 1842 3430 1913; x_wconf 88' lang='lat' dir='ltr'>ipso</span> <span class='ocrx_word' id='word_1_376' title='bbox 3481 1843 3717 1913; x_wconf 89' lang='lat' dir='ltr'>quidem</span> 
     </span>
    </p>
   </div>
   <div class='ocr_carea' id='block_1_44' title="bbox 2070 1929 3722 2002">
    <p class='ocr_par' dir='ltr' id='par_1_44' title="bbox 2070 1929 3722 2002">
     <span class='ocr_line' id='line_1_44' title="bbox 2070 1929 3722 2002; baseline 0.001 -18"><span class='ocrx_word' id='word_1_377' title='bbox 2070 1933 2177 1996; x_wconf 87' lang='lat' dir='ltr'>est,</span> <span class='ocrx_word' id='word_1_378' title='bbox 2206 1945 2322 1983; x_wconf 92' lang='lat' dir='ltr'>non</span> <span class='ocrx_word' id='word_1_379' title='bbox 2355 1932 2551 1984; x_wconf 90' lang='lat' dir='ltr'>autem</span> <span class='ocrx_word' id='word_1_380' title='bbox 2586 1933 2715 1999; x_wconf 90' lang='lat' dir='ltr'>post</span> <span class='ocrx_word' id='word_1_381' title='bbox 2744 1929 2961 2000; x_wconf 91' lang='lat' dir='ltr'>ipsum,</span> <span class='ocrx_word' id='word_1_382' title='bbox 2982 1934 3082 1984; x_wconf 88' lang='lat' dir='ltr'>aut</span> <span class='ocrx_word' id='word_1_383' title='bbox 3111 1929 3319 1984; x_wconf 89' lang='lat' dir='ltr'>saltem</span> <span class='ocrx_word' id='word_1_384' title='bbox 3355 1930 3481 1985; x_wconf 86' lang='lat' dir='ltr'>sola</span> <span class='ocrx_word' id='word_1_385' title='bbox 3512 1931 3722 2002; x_wconf 84' lang='lat' dir='ltr'>princi-</span> 
     </span>
    </p>
   </div>
   <div class='ocr_carea' id='block_1_45' title="bbox 2068 2018 3718 2090">
    <p class='ocr_par' dir='ltr' id='par_1_45' title="bbox 2068 2018 3718 2090">
     <span class='ocr_line' id='line_1_45' title="bbox 2068 2018 3718 2090; baseline 0.002 -18"><span class='ocrx_word' id='word_1_386' title='bbox 2068 2018 2149 2088; x_wconf 90' lang='lat' dir='ltr'>pii</span> <span class='ocrx_word' id='word_1_387' title='bbox 2181 2018 2549 2090; x_wconf 85' lang='lat' dir='ltr'>cogitatione.</span> <span class='ocrx_word' id='word_1_388' title='bbox 2577 2018 2933 2089; x_wconf 91' lang='lat' dir='ltr'>Principium</span> <span class='ocrx_word' id='word_1_389' title='bbox 2960 2034 3094 2073; x_wconf 90' lang='lat' dir='ltr'>vero</span> <span class='ocrx_word' id='word_1_390' title='bbox 3116 2019 3210 2073; x_wconf 91' lang='lat' dir='ltr'>hic</span> <span class='ocrx_word' id='word_1_391' title='bbox 3242 2036 3344 2089; x_wconf 87' lang='lat' dir='ltr'>pro</span> <span class='ocrx_word' id='word_1_392' title='bbox 3366 2036 3541 2074; x_wconf 81' lang='lat' dir='ltr'>causa</span> <span class='ocrx_word' id='word_1_393' title='bbox 3571 2021 3718 2075; x_wconf 90' lang='lat' dir='ltr'>acci-</span> 
     </span>
    </p>
   </div>
   <div class='ocr_carea' id='block_1_46' title="bbox 2070 2106 3722 2178">
    <p class='ocr_par' dir='ltr' id='par_1_46' title="bbox 2070 2106 3722 2178">
     <span class='ocr_line' id='line_1_46' title="bbox 2070 2106 3722 2178; baseline 0.001 -18"><span class='ocrx_word' id='word_1_394' title='bbox 2070 2106 2185 2177; x_wconf 91' lang='lat' dir='ltr'>pio.</span> <span class='ocrx_word' id='word_1_395' title='bbox 2214 2106 2533 2161; x_wconf 91' lang='lat' dir='ltr'>Identidem</span> <span class='ocrx_word' id='word_1_396' title='bbox 2566 2106 2722 2161; x_wconf 89' lang='lat' dir='ltr'>enim</span> <span class='ocrx_word' id='word_1_397' title='bbox 2755 2107 2957 2161; x_wconf 90' lang='lat' dir='ltr'>eadem</span> <span class='ocrx_word' id='word_1_398' title='bbox 2989 2108 3164 2161; x_wconf 88' lang='lat' dir='ltr'>verba</span> <span class='ocrx_word' id='word_1_399' title='bbox 3196 2112 3411 2178; x_wconf 88' lang='lat' dir='ltr'>repeto,</span> <span class='ocrx_word' id='word_1_400' title='bbox 3447 2115 3511 2162; x_wconf 90' lang='lat' dir='ltr'>ut</span> <span class='ocrx_word' id='word_1_401' title='bbox 3541 2109 3722 2163; x_wconf 91' lang='lat' dir='ltr'>animi</span> 
     </span>
    </p>
   </div>
   <div class='ocr_carea' id='block_1_47' title="bbox 2071 2194 3722 2261">
    <p class='ocr_par' dir='ltr' id='par_1_47' title="bbox 2071 2194 3722 2261">
     <span class='ocr_line' id='line_1_47' title="bbox 2071 2194 3722 2261; baseline 0.001 -12"><span class='ocrx_word' id='word_1_402' title='bbox 2071 2195 2157 2250; x_wconf 88' lang='lat' dir='ltr'>tui</span> <span class='ocrx_word' id='word_1_403' title='bbox 2217 2194 2557 2250; x_wconf 91' lang='lat' dir='ltr'>hebetudini</span> <span class='ocrx_word' id='word_1_404' title='bbox 2614 2200 2671 2249; x_wconf 91' lang='lat' dir='ltr'>et</span> <span class='ocrx_word' id='word_1_405' title='bbox 2732 2194 3022 2250; x_wconf 90' lang='lat' dir='ltr'>crassitiei</span> <span class='ocrx_word' id='word_1_406' title='bbox 3078 2212 3402 2250; x_wconf 90' lang='lat' dir='ltr'>occurram.</span> <span class='ocrx_word' id='word_1_407' title='bbox 3454 2198 3615 2261; x_wconf 89' lang='lat' dir='ltr'>Quod</span> <span class='ocrx_word' id='word_1_408' title='bbox 3674 2199 3722 2251; x_wconf 92' lang='lat' dir='ltr'>si</span> 
     </span>
    </p>
   </div>
   <div class='ocr_carea' id='block_1_48' title="bbox 2068 2284 3724 2355">
    <p class='ocr_par' dir='ltr' id='par_1_48' title="bbox 2068 2284 3724 2355">
     <span class='ocr_line' id='line_1_48' title="bbox 2068 2284 3724 2355; baseline 0 -16"><span class='ocrx_word' id='word_1_409' title='bbox 2068 2284 2359 2339; x_wconf 90' lang='lat' dir='ltr'>curiosius</span> <span class='ocrx_word' id='word_1_410' title='bbox 2416 2300 2530 2339; x_wconf 91' lang='lat' dir='ltr'>non</span> <span class='ocrx_word' id='word_1_411' title='bbox 2592 2284 2871 2338; x_wconf 85' lang='lat' dir='ltr'>scrutaris</span> <span class='ocrx_word' id='word_1_412' title='bbox 2911 2284 3061 2353; x_wconf 88' lang='lat' dir='ltr'>Filii,</span> <span class='ocrx_word' id='word_1_413' title='bbox 3104 2285 3227 2339; x_wconf 91' lang='lat' dir='ltr'>sive</span> <span class='ocrx_word' id='word_1_414' title='bbox 3284 2285 3724 2355; x_wconf 86' lang='lat' dir='ltr'>generationem</span> 
     </span>
    </p>
   </div>
   <div class='ocr_carea' id='block_1_49' title="bbox 2069 2372 3720 2443">
    <p class='ocr_par' dir='ltr' id='par_1_49' title="bbox 2069 2372 3720 2443">
     <span class='ocr_line' id='line_1_49' title="bbox 2069 2372 3720 2443; baseline 0.001 -15"><span class='ocrx_word' id='word_1_415' title='bbox 2069 2374 2258 2428; x_wconf 90' lang='lat' dir='ltr'>dicere</span> <span class='ocrx_word' id='word_1_416' title='bbox 2288 2373 2578 2438; x_wconf 90' lang='lat' dir='ltr'>convenit,</span> <span class='ocrx_word' id='word_1_417' title='bbox 2612 2372 2732 2427; x_wconf 89' lang='lat' dir='ltr'>sive</span> <span class='ocrx_word' id='word_1_418' title='bbox 2763 2373 3180 2443; x_wconf 86' lang='lat' dir='ltr'>substantiam,</span> <span class='ocrx_word' id='word_1_419' title='bbox 3215 2373 3337 2428; x_wconf 89' lang='lat' dir='ltr'>sive</span> <span class='ocrx_word' id='word_1_420' title='bbox 3366 2376 3522 2443; x_wconf 79' lang='lat' dir='ltr'>quod</span> <span class='ocrx_word' id='word_1_421' title='bbox 3560 2374 3720 2429; x_wconf 90' lang='lat' dir='ltr'>aliud</span> 
     </span>
    </p>
   </div>
   <div class='ocr_carea' id='block_1_50' title="bbox 2069 2460 3722 2535">
    <p class='ocr_par' dir='ltr' id='par_1_50' title="bbox 2069 2460 3722 2535">
     <span class='ocr_line' id='line_1_50' title="bbox 2069 2460 3722 2535; baseline 0 -18"><span class='ocrx_word' id='word_1_422' title='bbox 2069 2460 2418 2517; x_wconf 90' lang='lat' dir='ltr'>vocabulum</span> <span class='ocrx_word' id='word_1_423' title='bbox 2452 2462 2642 2533; x_wconf 87' lang='lat' dir='ltr'>magis</span> <span class='ocrx_word' id='word_1_424' title='bbox 2684 2460 2985 2533; x_wconf 90' lang='lat' dir='ltr'>proprium</span> <span class='ocrx_word' id='word_1_425' title='bbox 3029 2466 3203 2533; x_wconf 90' lang='lat' dir='ltr'>atque</span> <span class='ocrx_word' id='word_1_426' title='bbox 3235 2462 3567 2535; x_wconf 88' lang='lat' dir='ltr'>appositum</span> <span class='ocrx_word' id='word_1_427' title='bbox 3600 2463 3722 2518; x_wconf 90' lang='lat' dir='ltr'>cui-</span> 
     </span>
    </p>
   </div>
   <div class='ocr_carea' id='block_1_51' title="bbox 2071 2549 3722 2622">
    <p class='ocr_par' dir='ltr' id='par_1_51' title="bbox 2071 2549 3722 2622">
     <span class='ocr_line' id='line_1_51' title="bbox 2071 2549 3722 2622; baseline 0.001 -17"><span class='ocrx_word' id='word_1_428' title='bbox 2071 2552 2227 2622; x_wconf 88' lang='lat' dir='ltr'>piam</span> <span class='ocrx_word' id='word_1_429' title='bbox 2260 2551 2317 2604; x_wconf 92' lang='lat' dir='ltr'>in</span> <span class='ocrx_word' id='word_1_430' title='bbox 2352 2555 2607 2606; x_wconf 88' lang='lat' dir='ltr'>mentem</span> <span class='ocrx_word' id='word_1_431' title='bbox 2637 2549 3103 2621; x_wconf 88' lang='lat' dir='ltr'>venit(linguam</span> <span class='ocrx_word' id='word_1_432' title='bbox 3135 2551 3292 2604; x_wconf 89' lang='lat' dir='ltr'>enim</span> <span class='ocrx_word' id='word_1_433' title='bbox 3326 2566 3517 2605; x_wconf 87' lang='lat' dir='ltr'>meam</span> <span class='ocrx_word' id='word_1_434' title='bbox 3550 2568 3722 2622; x_wconf 88' lang='lat' dir='ltr'>supe-</span> 
     </span>
    </p>
   </div>
   <div class='ocr_carea' id='block_1_52' title="bbox 2072 2638 3722 2711">
    <p class='ocr_par' dir='ltr' id='par_1_52' title="bbox 2072 2638 3722 2711">
     <span class='ocr_line' id='line_1_52' title="bbox 2072 2638 3722 2711; baseline 0.001 -17"><span class='ocrx_word' id='word_1_435' title='bbox 2072 2645 2162 2694; x_wconf 89' lang='lat' dir='ltr'>rat</span> <span class='ocrx_word' id='word_1_436' title='bbox 2191 2639 2270 2707; x_wconf 91' lang='lat' dir='ltr'>id,</span> <span class='ocrx_word' id='word_1_437' title='bbox 2305 2639 2460 2711; x_wconf 90' lang='lat' dir='ltr'>quod</span> <span class='ocrx_word' id='word_1_438' title='bbox 2505 2638 2695 2709; x_wconf 88' lang='lat' dir='ltr'>cogito</span> <span class='ocrx_word' id='word_1_439' title='bbox 2745 2655 2812 2693; x_wconf 89' lang='lat' dir='ltr'>ac</span> <span class='ocrx_word' id='word_1_440' title='bbox 2859 2639 3031 2709; x_wconf 89' lang='lat' dir='ltr'>dico),</span> <span class='ocrx_word' id='word_1_441' title='bbox 3065 2654 3138 2693; x_wconf 91' lang='lat' dir='ltr'>ne</span> <span class='ocrx_word' id='word_1_442' title='bbox 3187 2654 3419 2709; x_wconf 84' lang='lat' dir='ltr'>quoque</span> <span class='ocrx_word' id='word_1_443' title='bbox 3469 2640 3722 2709; x_wconf 87' lang='lat' dir='ltr'>Spiritus</span> 
     </span>
    </p>
   </div>
   <div class='ocr_carea' id='block_1_53' title="bbox 2073 2727 3722 2800">
    <p class='ocr_par' dir='ltr' id='par_1_53' title="bbox 2073 2727 3722 2800">
     <span class='ocr_line' id='line_1_53' title="bbox 2073 2727 3722 2800; baseline 0 -17"><span class='ocrx_word' id='word_1_444' title='bbox 2073 2730 2257 2784; x_wconf 91' lang='lat' dir='ltr'>sancti</span> <span class='ocrx_word' id='word_1_445' title='bbox 2305 2728 2740 2800; x_wconf 88' lang='lat' dir='ltr'>processionem</span> <span class='ocrx_word' id='word_1_446' title='bbox 2798 2728 2966 2782; x_wconf 86' lang='lat' dir='ltr'>anxie</span> <span class='ocrx_word' id='word_1_447' title='bbox 3025 2727 3277 2797; x_wconf 89' lang='lat' dir='ltr'>inquire.</span> <span class='ocrx_word' id='word_1_448' title='bbox 3322 2727 3461 2781; x_wconf 84' lang='lat' dir='ltr'>Mihi</span> <span class='ocrx_word' id='word_1_449' title='bbox 3520 2728 3722 2783; x_wconf 89' lang='lat' dir='ltr'>audire</span> 
     </span>
    </p>
   </div>
   <div class='ocr_carea' id='block_1_54' title="bbox 2072 2816 3721 2888">
    <p class='ocr_par' dir='ltr' id='par_1_54' title="bbox 2072 2816 3721 2888">
     <span class='ocr_line' id='line_1_54' title="bbox 2072 2816 3721 2888; baseline -0.001 -15"><span class='ocrx_word' id='word_1_450' title='bbox 2072 2818 2215 2874; x_wconf 87' lang='lat' dir='ltr'>satis</span> <span class='ocrx_word' id='word_1_451' title='bbox 2246 2821 2334 2872; x_wconf 88' lang='lat' dir='ltr'>est</span> <span class='ocrx_word' id='word_1_452' title='bbox 2369 2834 2381 2871; x_wconf 88' lang='lat'>:</span> <span class='ocrx_word' id='word_1_453' title='bbox 2417 2817 2569 2888; x_wconf 90' lang='lat' dir='ltr'>quod</span> <span class='ocrx_word' id='word_1_454' title='bbox 2606 2816 2788 2871; x_wconf 87' lang='lat' dir='ltr'>Filius</span> <span class='ocrx_word' id='word_1_455' title='bbox 2832 2819 2942 2881; x_wconf 88' lang='lat' dir='ltr'>est,</span> <span class='ocrx_word' id='word_1_456' title='bbox 2965 2820 3022 2869; x_wconf 89' lang='lat' dir='ltr'>et</span> <span class='ocrx_word' id='word_1_457' title='bbox 3061 2816 3214 2886; x_wconf 92' lang='lat' dir='ltr'>quod</span> <span class='ocrx_word' id='word_1_458' title='bbox 3247 2832 3314 2870; x_wconf 82' lang='lat' dir='ltr'>ex</span> <span class='ocrx_word' id='word_1_459' title='bbox 3346 2816 3512 2871; x_wconf 88' lang='lat' dir='ltr'>Patre</span> <span class='ocrx_word' id='word_1_460' title='bbox 3548 2831 3560 2870; x_wconf 88' lang='lat'><strong>:</strong></span> <span class='ocrx_word' id='word_1_461' title='bbox 3594 2821 3721 2871; x_wconf 92' lang='lat' dir='ltr'>tum</span> 
     </span>
    </p>
   </div>
   <div class='ocr_carea' id='block_1_55' title="bbox 2072 2904 3722 2978">
    <p class='ocr_par' dir='ltr' id='par_1_55' title="bbox 2072 2904 3722 2978">
     <span class='ocr_line' id='line_1_55' title="bbox 2072 2904 3722 2978; baseline -0.001 -16"><span class='ocrx_word' id='word_1_462' title='bbox 2072 2909 2225 2978; x_wconf 91' lang='lat' dir='ltr'>quod</span> <span class='ocrx_word' id='word_1_463' title='bbox 2277 2906 2371 2961; x_wconf 91' lang='lat' dir='ltr'>ille</span> <span class='ocrx_word' id='word_1_464' title='bbox 2420 2910 2592 2961; x_wconf 89' lang='lat' dir='ltr'>Pater</span> <span class='ocrx_word' id='word_1_465' title='bbox 2639 2910 2746 2972; x_wconf 91' lang='lat' dir='ltr'>est,</span> <span class='ocrx_word' id='word_1_466' title='bbox 2789 2905 2880 2959; x_wconf 89' lang='lat' dir='ltr'>hic</span> <span class='ocrx_word' id='word_1_467' title='bbox 2934 2904 3173 2971; x_wconf 85' lang='lat' dir='ltr'>Fillius;</span> <span class='ocrx_word' id='word_1_468' title='bbox 3208 2904 3354 2959; x_wconf 91' lang='lat' dir='ltr'>nihil</span> <span class='ocrx_word' id='word_1_469' title='bbox 3403 2908 3609 2975; x_wconf 68' lang='lat' dir='ltr'>praeter</span> <span class='ocrx_word' id='word_1_470' title='bbox 3655 2922 3722 2961; x_wconf 88' lang='lat' dir='ltr'>ea</span> 
     </span>
    </p>
   </div>
   <div class='ocr_carea' id='block_1_56' title="bbox 2070 2993 3724 3067">
    <p class='ocr_par' dir='ltr' id='par_1_56' title="bbox 2070 2993 3724 3067">
     <span class='ocr_line' id='line_1_56' title="bbox 2070 2993 3724 3067; baseline -0.001 -17"><span class='ocrx_word' id='word_1_471' title='bbox 2070 2996 2355 3067; x_wconf 90' lang='lat' dir='ltr'>investigo</span> <span class='ocrx_word' id='word_1_472' title='bbox 2392 3011 2457 3050; x_wconf 91' lang='lat' dir='ltr'>ac</span> <span class='ocrx_word' id='word_1_473' title='bbox 2502 2999 2863 3066; x_wconf 85' lang='lat' dir='ltr'>perscrutor;</span> <span class='ocrx_word' id='word_1_474' title='bbox 2898 3010 2968 3048; x_wconf 93' lang='lat' dir='ltr'>ne</span> <span class='ocrx_word' id='word_1_475' title='bbox 3000 2993 3146 3048; x_wconf 90' lang='lat' dir='ltr'>mihi</span> <span class='ocrx_word' id='word_1_476' title='bbox 3196 2994 3349 3048; x_wconf 92' lang='lat' dir='ltr'>idem</span> <span class='ocrx_word' id='word_1_477' title='bbox 3383 2995 3535 3064; x_wconf 91' lang='lat' dir='ltr'>quod</span> <span class='ocrx_word' id='word_1_478' title='bbox 3566 2995 3724 3049; x_wconf 81' lang='lat' dir='ltr'>voci—</span> 
     </span>
    </p>
   </div>
   <div class='ocr_carea' id='block_1_57' title="bbox 2071 3081 3723 3153">
    <p class='ocr_par' dir='ltr' id='par_1_57' title="bbox 2071 3081 3723 3153">
     <span class='ocr_line' id='line_1_57' title="bbox 2071 3081 3723 3153; baseline -0.003 -12"><span class='ocrx_word' id='word_1_479' title='bbox 2071 3087 2181 3141; x_wconf 87' lang='lat' dir='ltr'>bus</span> <span class='ocrx_word' id='word_1_480' title='bbox 2212 3085 2460 3149; x_wconf 89' lang='lat' dir='ltr'>accidat,</span> <span class='ocrx_word' id='word_1_481' title='bbox 2493 3100 2619 3153; x_wconf 72' lang='lat' dir='ltr'>quae</span> <span class='ocrx_word' id='word_1_482' title='bbox 2664 3082 2979 3136; x_wconf 89' lang='lat' dir='ltr'>immodica</span> <span class='ocrx_word' id='word_1_483' title='bbox 3022 3081 3392 3137; x_wconf 87' lang='lat' dir='ltr'>contentione</span> <span class='ocrx_word' id='word_1_484' title='bbox 3441 3082 3723 3153; x_wconf 81' lang='lat' dir='ltr'>frangun-</span> 
     </span>
    </p>
   </div>
   <div class='ocr_carea' id='block_1_58' title="bbox 2066 3170 3721 3243">
    <p class='ocr_par' dir='ltr' id='par_1_58' title="bbox 2066 3170 3721 3243">
     <span class='ocr_line' id='line_1_58' title="bbox 2066 3170 3721 3243; baseline -0.002 -15"><span class='ocrx_word' id='word_1_485' title='bbox 2066 3179 2182 3239; x_wconf 89' lang='lat' dir='ltr'>tur,</span> <span class='ocrx_word' id='word_1_486' title='bbox 2215 3190 2281 3228; x_wconf 94' lang='lat' dir='ltr'>ac</span> <span class='ocrx_word' id='word_1_487' title='bbox 2333 3188 2574 3243; x_wconf 88' lang='lat' dir='ltr'>prorsus</span> <span class='ocrx_word' id='word_1_488' title='bbox 2606 3170 2945 3235; x_wconf 90' lang='lat' dir='ltr'>concidunt,</span> <span class='ocrx_word' id='word_1_489' title='bbox 2979 3174 3078 3225; x_wconf 90' lang='lat' dir='ltr'>aut</span> <span class='ocrx_word' id='word_1_490' title='bbox 3128 3170 3282 3225; x_wconf 91' lang='lat' dir='ltr'>idem</span> <span class='ocrx_word' id='word_1_491' title='bbox 3329 3170 3484 3241; x_wconf 88' lang='lat' dir='ltr'>quod</span> <span class='ocrx_word' id='word_1_492' title='bbox 3534 3170 3721 3225; x_wconf 88' lang='lat' dir='ltr'>oculis</span> 
     </span>
    </p>
   </div>
   <div class='ocr_carea' id='block_1_59' title="bbox 311 3259 3721 3334">
    <p class='ocr_par' dir='ltr' id='par_1_59' title="bbox 311 3259 3721 3334">
     <span class='ocr_line' id='line_1_59' title="bbox 311 3259 3721 3334; baseline 0 -21"><span class='ocrx_word' id='word_1_493' title='bbox 311 3259 618 3314; x_wconf 87' lang='lat' dir='ltr'>adversum</span> <span class='ocrx_word' id='word_1_494' title='bbox 678 3259 860 3315; x_wconf 91' lang='lat' dir='ltr'>solem</span> <span class='ocrx_word' id='word_1_495' title='bbox 920 3261 1306 3316; x_wconf 86' lang='lat' dir='ltr'>intuentibus.</span> <span class='ocrx_word' id='word_1_496' title='bbox 1353 3262 1498 3317; x_wconf 83' lang='lat' dir='ltr'>Nam</span> <span class='ocrx_word' id='word_1_497' title='bbox 1555 3279 1666 3333; x_wconf 92' lang='lat' dir='ltr'>quo</span> <span class='ocrx_word' id='word_1_498' title='bbox 1715 3263 1848 3333; x_wconf 90' lang='lat' dir='ltr'>quis</span> <span class='ocrx_word' id='word_1_499' title='bbox 1907 3263 2162 3334; x_wconf 79' lang='lat' dir='ltr'>amplius</span> <span class='ocrx_word' id='word_1_500' title='bbox 2202 3267 2258 3317; x_wconf 87' lang='lat' dir='ltr'>et</span> <span class='ocrx_word' id='word_1_501' title='bbox 2314 3259 2643 3315; x_wconf 89' lang='lat' dir='ltr'>accuratius</span> <span class='ocrx_word' id='word_1_502' title='bbox 2694 3276 2826 3314; x_wconf 92' lang='lat' dir='ltr'>eum</span> <span class='ocrx_word' id='word_1_503' title='bbox 2885 3275 3120 3314; x_wconf 88' lang='lat' dir='ltr'>cernere</span> <span class='ocrx_word' id='word_1_504' title='bbox 3174 3260 3357 3331; x_wconf 88' lang='lat' dir='ltr'>cupit,</span> <span class='ocrx_word' id='word_1_505' title='bbox 3408 3276 3474 3314; x_wconf 90' lang='lat' dir='ltr'>eo</span> <span class='ocrx_word' id='word_1_506' title='bbox 3534 3259 3721 3331; x_wconf 90' lang='lat' dir='ltr'>magis</span> 
     </span>
    </p>
   </div>
   <div class='ocr_carea' id='block_1_60' title="bbox 312 3347 3724 3423">
    <p class='ocr_par' dir='ltr' id='par_1_60' title="bbox 312 3347 3724 3423">
     <span class='ocr_line' id='line_1_60' title="bbox 312 3347 3724 3423; baseline 0 -22"><span class='ocrx_word' id='word_1_507' title='bbox 312 3363 551 3402; x_wconf 88' lang='lat' dir='ltr'>sensum</span> <span class='ocrx_word' id='word_1_508' title='bbox 586 3347 762 3415; x_wconf 68' lang='lat' dir='ltr'>laedit,</span> <span class='ocrx_word' id='word_1_509' title='bbox 796 3365 862 3403; x_wconf 91' lang='lat' dir='ltr'>ac</span> <span class='ocrx_word' id='word_1_510' title='bbox 891 3349 1021 3405; x_wconf 89' lang='lat' dir='ltr'>ideo</span> <span class='ocrx_word' id='word_1_511' title='bbox 1052 3351 1227 3405; x_wconf 89' lang='lat' dir='ltr'>etiam</span> <span class='ocrx_word' id='word_1_512' title='bbox 1259 3367 1492 3423; x_wconf 89' lang='lat' dir='ltr'>quoquo</span> <span class='ocrx_word' id='word_1_513' title='bbox 1523 3353 1695 3407; x_wconf 92' lang='lat' dir='ltr'>modo</span> <span class='ocrx_word' id='word_1_514' title='bbox 1726 3353 1999 3408; x_wconf 85' lang='lat' dir='ltr'>cernendi</span> <span class='ocrx_word' id='word_1_515' title='bbox 2033 3352 2302 3407; x_wconf 83' lang='lat' dir='ltr'>facultate</span> <span class='ocrx_word' id='word_1_516' title='bbox 2337 3350 2615 3421; x_wconf 85' lang='lat' dir='ltr'>privatur,</span> <span class='ocrx_word' id='word_1_517' title='bbox 2647 3349 2786 3419; x_wconf 89' lang='lat' dir='ltr'>quia</span> <span class='ocrx_word' id='word_1_518' title='bbox 2818 3348 3098 3403; x_wconf 89' lang='lat' dir='ltr'>nimirum</span> <span class='ocrx_word' id='word_1_519' title='bbox 3128 3348 3208 3415; x_wconf 90' lang='lat' dir='ltr'>id,</span> <span class='ocrx_word' id='word_1_520' title='bbox 3241 3350 3393 3420; x_wconf 89' lang='lat' dir='ltr'>quod</span> <span class='ocrx_word' id='word_1_521' title='bbox 3437 3348 3724 3411; x_wconf 87' lang='lat' dir='ltr'>cernitur,</span> 
     </span>
    </p>
   </div>
   <div class='ocr_carea' id='block_1_61' title="bbox 310 3435 3718 3512">
    <p class='ocr_par' dir='ltr' id='par_1_61' title="bbox 310 3435 3718 3512">
     <span class='ocr_line' id='line_1_61' title="bbox 310 3435 3718 3512; baseline 0.001 -22"><span class='ocrx_word' id='word_1_522' title='bbox 310 3435 610 3491; x_wconf 89' lang='lat' dir='ltr'>oculorum</span> <span class='ocrx_word' id='word_1_523' title='bbox 672 3436 857 3492; x_wconf 89' lang='lat' dir='ltr'>aciem</span> <span class='ocrx_word' id='word_1_524' title='bbox 912 3442 1170 3510; x_wconf 89' lang='lat' dir='ltr'>superat,</span> <span class='ocrx_word' id='word_1_525' title='bbox 1203 3456 1337 3494; x_wconf 90' lang='lat' dir='ltr'>cum</span> <span class='ocrx_word' id='word_1_526' title='bbox 1397 3440 1691 3512; x_wconf 87' lang='lat' dir='ltr'>quispiam</span> <span class='ocrx_word' id='word_1_527' title='bbox 1749 3444 1937 3495; x_wconf 90' lang='lat' dir='ltr'>totum</span> <span class='ocrx_word' id='word_1_528' title='bbox 1988 3441 2322 3512; x_wconf 88' lang='lat' dir='ltr'>conspicere</span> <span class='ocrx_word' id='word_1_529' title='bbox 2367 3437 2635 3503; x_wconf 90' lang='lat' dir='ltr'>voluerit,</span> <span class='ocrx_word' id='word_1_530' title='bbox 2686 3454 2751 3491; x_wconf 88' lang='lat' dir='ltr'>ac</span> <span class='ocrx_word' id='word_1_531' title='bbox 2797 3454 2913 3491; x_wconf 90' lang='lat' dir='ltr'>non</span> <span class='ocrx_word' id='word_1_532' title='bbox 2960 3441 3247 3507; x_wconf 88' lang='lat' dir='ltr'>quantum</span> <span class='ocrx_word' id='word_1_533' title='bbox 3304 3441 3428 3491; x_wconf 89' lang='lat' dir='ltr'>tuto</span> <span class='ocrx_word' id='word_1_534' title='bbox 3485 3453 3718 3493; x_wconf 88' lang='lat' dir='ltr'>cernere</span> 
     </span>
    </p>
   </div>
   <div class='ocr_carea' id='block_1_62' title="bbox 308 3522 461 3580">
    <p class='ocr_par' dir='ltr' id='par_1_62' title="bbox 308 3522 461 3580">
     <span class='ocr_line' id='line_1_62' title="bbox 308 3522 461 3580; baseline 0.02 -3"><span class='ocrx_word' id='word_1_535' title='bbox 308 3522 461 3580; x_wconf 91' lang='lat' dir='ltr'>licet.</span> 
     </span>
    </p>
   </div>
   <div class='ocr_carea' id='block_1_63' title="bbox 377 3611 1955 3693">
    <p class='ocr_par' dir='ltr' id='par_1_63' title="bbox 377 3611 1943 3693">
     <span class='ocr_line' id='line_1_63' title="bbox 377 3611 1943 3693; baseline 0.004 -28"><span class='ocrx_word' id='word_1_536' title='bbox 377 3612 481 3668; x_wconf 72' lang='lat' dir='ltr'>IA&#39;.</span> <span class='ocrx_word' id='word_1_537' title='bbox 540 3611 783 3675; x_wconf 84' lang='grc' dir='ltr'>Ἀκούνις</span> <span class='ocrx_word' id='word_1_538' title='bbox 828 3615 1117 3690; x_wconf 87' lang='grc' dir='ltr'>γέννησιν;</span> <span class='ocrx_word' id='word_1_539' title='bbox 1167 3616 1237 3671; x_wconf 84' lang='grc' dir='ltr'>Τὸ</span> <span class='ocrx_word' id='word_1_540' title='bbox 1275 3621 1393 3678; x_wconf 90' lang='grc' dir='ltr'>πῶς</span> <span class='ocrx_word' id='word_1_541' title='bbox 1448 3618 1521 3689; x_wconf 74' lang='grc' dir='ltr'>μὴ</span> <span class='ocrx_word' id='word_1_542' title='bbox 1572 3616 1943 3693; x_wconf 77' lang='grc' dir='ltr'>περιεργάζου.</span> 
     </span>
    </p>
   </div>
   <div class='ocr_carea' id='block_1_64' title="bbox 2072 3611 3709 3693">
    <p class='ocr_par' dir='ltr' id='par_1_64' title="bbox 2136 3613 3709 3687">
     <span class='ocr_line' id='line_1_64' title="bbox 2136 3613 3709 3687; baseline -0.003 -16"><span class='ocrx_word' id='word_1_543' title='bbox 2136 3618 2226 3672; x_wconf 81' lang='lat' dir='ltr'>XI.</span> <span class='ocrx_word' id='word_1_544' title='bbox 2258 3616 2440 3671; x_wconf 89' lang='lat' dir='ltr'>Audis</span> <span class='ocrx_word' id='word_1_545' title='bbox 2484 3614 2959 3687; x_wconf 83' lang='lat' dir='ltr'>generationem?</span> <span class='ocrx_word' id='word_1_546' title='bbox 3010 3614 3242 3669; x_wconf 86' lang='lat' dir='ltr'>Modum</span> <span class='ocrx_word' id='word_1_547' title='bbox 3292 3613 3578 3667; x_wconf 90' lang='lat' dir='ltr'>curiosius</span> <span class='ocrx_word' id='word_1_548' title='bbox 3638 3627 3709 3667; x_wconf 89' lang='lat' dir='ltr'>ne</span> 
     </span>
    </p>
   </div>
   <div class='ocr_carea' id='block_1_65' title="bbox 309 3700 1950 3781">
    <p class='ocr_par' dir='ltr' id='par_1_65' title="bbox 309 3700 1950 3781">
     <span class='ocr_line' id='line_1_65' title="bbox 309 3700 1950 3781; baseline 0.002 -25"><span class='ocrx_word' id='word_1_549' title='bbox 309 3700 551 3763; x_wconf 77' lang='grc' dir='ltr'>Ἀκούεις</span> <span class='ocrx_word' id='word_1_550' title='bbox 608 3700 690 3757; x_wconf 76' lang='grc' dir='ltr'>ὅτι</span> <span class='ocrx_word' id='word_1_551' title='bbox 738 3704 800 3757; x_wconf 89' lang='grc' dir='ltr'>τὸ</span> <span class='ocrx_word' id='word_1_552' title='bbox 848 3708 1065 3777; x_wconf 73' lang='grc' dir='ltr'>Πνεῦμα</span> <span class='ocrx_word' id='word_1_553' title='bbox 1111 3708 1302 3781; x_wconf 82' lang='grc' dir='ltr'>προϊὸν</span> <span class='ocrx_word' id='word_1_554' title='bbox 1350 3705 1408 3759; x_wconf 75' lang='grc' dir='ltr'>ἐκ</span> <span class='ocrx_word' id='word_1_555' title='bbox 1453 3710 1549 3760; x_wconf 85' lang='grc' dir='ltr'>τοῦ</span> <span class='ocrx_word' id='word_1_556' title='bbox 1601 3706 1806 3779; x_wconf 78' lang='grc' dir='ltr'>Πατρός</span> <span class='ocrx_word' id='word_1_557' title='bbox 1834 3725 1846 3774; x_wconf 89' lang='grc'><strong>;</strong></span> <span class='ocrx_word' id='word_1_558' title='bbox 1879 3707 1950 3759; x_wconf 87' lang='grc' dir='ltr'>Τὸ</span> 
     </span>
    </p>
   </div>
   <div class='ocr_carea' id='block_1_66' title="bbox 308 3785 1950 3870">
    <p class='ocr_par' dir='ltr' id='par_1_66' title="bbox 308 3785 1950 3870">
     <span class='ocr_line' id='line_1_66' title="bbox 308 3785 1950 3870; baseline 0.003 -27"><span class='ocrx_word' id='word_1_559' title='bbox 308 3785 458 3852; x_wconf 73' lang='grc' dir='ltr'>ὅπως</span> <span class='ocrx_word' id='word_1_560' title='bbox 516 3792 591 3864; x_wconf 81' lang='grc' dir='ltr'><strong>μή</strong></span> <span class='ocrx_word' id='word_1_561' title='bbox 650 3789 1120 3868; x_wconf 86' lang='grc' dir='ltr'>πολυπραγμόνει.</span> <span class='ocrx_word' id='word_1_562' title='bbox 1197 3794 1262 3849; x_wconf 84' lang='lat' dir='ltr'>Ei</span> <span class='ocrx_word' id='word_1_563' title='bbox 1339 3792 1395 3848; x_wconf 75' lang='grc' dir='ltr'>δὲ</span> <span class='ocrx_word' id='word_1_564' title='bbox 1468 3793 1950 3870; x_wconf 83' lang='grc' dir='ltr'>πολυπραγμονεῖς</span> 
     </span>
    </p>
   </div>
   <div class='ocr_carea' id='block_1_67' title="bbox 306 3878 1951 3957">
    <p class='ocr_par' dir='ltr' id='par_1_67' title="bbox 306 3878 1951 3957">
     <span class='ocr_line' id='line_1_67' title="bbox 306 3878 1951 3957; baseline 0.002 -25"><span class='ocrx_word' id='word_1_565' title='bbox 306 3879 434 3932; x_wconf 77' lang='grc' dir='ltr'>Υἱοῦ</span> <span class='ocrx_word' id='word_1_566' title='bbox 490 3879 756 3953; x_wconf 89' lang='grc' dir='ltr'>γέννησιν,</span> <span class='ocrx_word' id='word_1_567' title='bbox 814 3881 903 3934; x_wconf 88' lang='grc' dir='ltr'>καὶ</span> <span class='ocrx_word' id='word_1_568' title='bbox 953 3881 1265 3953; x_wconf 86' lang='grc' dir='ltr'>Πνεύματος</span> <span class='ocrx_word' id='word_1_569' title='bbox 1324 3878 1581 3957; x_wconf 85' lang='grc' dir='ltr'>πρόοδον,</span> <span class='ocrx_word' id='word_1_570' title='bbox 1641 3883 1790 3957; x_wconf 86' lang='grc' dir='ltr'>κάγώ</span> <span class='ocrx_word' id='word_1_571' title='bbox 1857 3903 1951 3935; x_wconf 89' lang='grc' dir='ltr'>σου</span> 
     </span>
    </p>
   </div>
   <div class='ocr_carea' id='block_1_68' title="bbox 304 3965 1951 4045">
    <p class='ocr_par' dir='ltr' id='par_1_68' title="bbox 304 3965 1951 4045">
     <span class='ocr_line' id='line_1_68' title="bbox 304 3965 1951 4045; baseline 0.002 -26"><span class='ocrx_word' id='word_1_572' title='bbox 304 3965 757 4041; x_wconf 82' lang='grc' dir='ltr'>πολυπραγμονῶ</span> <span class='ocrx_word' id='word_1_573' title='bbox 812 3967 875 4021; x_wconf 84' lang='grc' dir='ltr'>τὸ</span> <span class='ocrx_word' id='word_1_574' title='bbox 917 3974 1101 4045; x_wconf 79' lang='grc' dir='ltr'>κρᾶμα</span> <span class='ocrx_word' id='word_1_575' title='bbox 1150 3972 1335 4044; x_wconf 76' lang='grc' dir='ltr'>ψυχῆς</span> <span class='ocrx_word' id='word_1_576' title='bbox 1380 3969 1468 4024; x_wconf 85' lang='grc' dir='ltr'>καὶ</span> <span class='ocrx_word' id='word_1_577' title='bbox 1499 3972 1751 4042; x_wconf 85' lang='grc' dir='ltr'>σώματος</span> <span class='ocrx_word' id='word_1_578' title='bbox 1779 3990 1790 4002; x_wconf 87' lang='grc'><strong>·</strong></span> <span class='ocrx_word' id='word_1_579' title='bbox 1829 3974 1951 4032; x_wconf 86' lang='grc' dir='ltr'>Πῶς</span> 
     </span>
    </p>
   </div>
   <div class='ocr_carea' id='block_1_69' title="bbox 306 4055 1951 4129">
    <p class='ocr_par' dir='ltr' id='par_1_69' title="bbox 306 4055 1951 4129">
     <span class='ocr_line' id='line_1_69' title="bbox 306 4055 1951 4129; baseline 0.003 -22"><span class='ocrx_word' id='word_1_580' title='bbox 306 4056 355 4108; x_wconf 79' lang='grc' dir='ltr'>εἴ</span> <span class='ocrx_word' id='word_1_581' title='bbox 410 4060 565 4129; x_wconf 87' lang='grc' dir='ltr'>χοῦς,</span> <span class='ocrx_word' id='word_1_582' title='bbox 621 4056 711 4110; x_wconf 82' lang='grc' dir='ltr'>καὶ</span> <span class='ocrx_word' id='word_1_583' title='bbox 765 4055 922 4110; x_wconf 78' lang='grc' dir='ltr'>εἷ’κὼν</span> <span class='ocrx_word' id='word_1_584' title='bbox 970 4062 1142 4126; x_wconf 85' lang='grc' dir='ltr'>Θεοῦ;</span> <span class='ocrx_word' id='word_1_585' title='bbox 1195 4057 1254 4111; x_wconf 89' lang='grc' dir='ltr'>Τί</span> <span class='ocrx_word' id='word_1_586' title='bbox 1300 4059 1362 4112; x_wconf 87' lang='grc' dir='ltr'>τὸ</span> <span class='ocrx_word' id='word_1_587' title='bbox 1404 4063 1582 4112; x_wconf 85' lang='grc' dir='ltr'>κινοῦν</span> <span class='ocrx_word' id='word_1_588' title='bbox 1616 4079 1692 4126; x_wconf 89' lang='grc' dir='ltr'>σε,</span> <span class='ocrx_word' id='word_1_589' title='bbox 1725 4059 1759 4127; x_wconf 71' lang='grc' dir='ltr'><strong>ἢ</strong></span> <span class='ocrx_word' id='word_1_590' title='bbox 1792 4058 1843 4113; x_wconf 89' lang='grc' dir='ltr'>τί</span> <span class='ocrx_word' id='word_1_591' title='bbox 1890 4058 1951 4112; x_wconf 87' lang='grc' dir='ltr'>τὸ</span> 
     </span>
    </p>
   </div>
   <div class='ocr_carea' id='block_1_70' title="bbox 304 4142 1950 4216">
    <p class='ocr_par' dir='ltr' id='par_1_70' title="bbox 304 4142 1950 4216">
     <span class='ocr_line' id='line_1_70' title="bbox 304 4142 1950 4216; baseline 0.002 -21"><span class='ocrx_word' id='word_1_592' title='bbox 304 4142 653 4216; x_wconf 86' lang='grc' dir='ltr'>κινούμενον;</span> <span class='ocrx_word' id='word_1_593' title='bbox 688 4148 808 4205; x_wconf 82' lang='grc' dir='ltr'>Πῶς</span> <span class='ocrx_word' id='word_1_594' title='bbox 836 4143 898 4199; x_wconf 78' lang='grc' dir='ltr'>τδ</span> <span class='ocrx_word' id='word_1_595' title='bbox 928 4145 1058 4200; x_wconf 78' lang='grc' dir='ltr'>αὐτὸ</span> <span class='ocrx_word' id='word_1_596' title='bbox 1086 4146 1175 4200; x_wconf 82' lang='grc' dir='ltr'>καὶ</span> <span class='ocrx_word' id='word_1_597' title='bbox 1205 4151 1345 4201; x_wconf 82' lang='grc' dir='ltr'>κινεῖ</span> <span class='ocrx_word' id='word_1_598' title='bbox 1373 4147 1462 4201; x_wconf 86' lang='grc' dir='ltr'>καὶ</span> <span class='ocrx_word' id='word_1_599' title='bbox 1502 4152 1726 4201; x_wconf 84' lang='grc' dir='ltr'>κινεῖται</span> <span class='ocrx_word' id='word_1_600' title='bbox 1755 4166 1768 4214; x_wconf 85' lang='lat'><strong>;</strong></span> <span class='ocrx_word' id='word_1_601' title='bbox 1828 4151 1950 4208; x_wconf 84' lang='grc' dir='ltr'>Πῶς</span> 
     </span>
    </p>
   </div>
   <div class='ocr_carea' id='block_1_71' title="bbox 306 4230 1952 4307">
    <p class='ocr_par' dir='ltr' id='par_1_71' title="bbox 306 4230 1952 4307">
     <span class='ocr_line' id='line_1_71' title="bbox 306 4230 1952 4307; baseline 0.002 -22"><span class='ocrx_word' id='word_1_602' title='bbox 306 4233 341 4299; x_wconf 78' lang='grc' dir='ltr'>ἡ</span> <span class='ocrx_word' id='word_1_603' title='bbox 397 4230 641 4301; x_wconf 63' lang='grc' dir='ltr'>αἴσθησις</span> <span class='ocrx_word' id='word_1_604' title='bbox 693 4232 743 4286; x_wconf 75' lang='grc' dir='ltr'>έν</span> <span class='ocrx_word' id='word_1_605' title='bbox 803 4238 881 4305; x_wconf 81' lang='grc' dir='ltr'>τῷ</span> <span class='ocrx_word' id='word_1_606' title='bbox 937 4234 1081 4305; x_wconf 84' lang='grc' dir='ltr'>αύτῷ</span> <span class='ocrx_word' id='word_1_607' title='bbox 1141 4236 1309 4307; x_wconf 74' lang='grc' dir='ltr'>μένει,</span> <span class='ocrx_word' id='word_1_608' title='bbox 1340 4236 1429 4290; x_wconf 85' lang='grc' dir='ltr'>καὶ</span> <span class='ocrx_word' id='word_1_609' title='bbox 1459 4236 1519 4290; x_wconf 86' lang='grc' dir='ltr'>τὸ</span> <span class='ocrx_word' id='word_1_610' title='bbox 1551 4231 1700 4297; x_wconf 64' lang='lat' dir='ltr'>Eme;</span> <span class='ocrx_word' id='word_1_611' title='bbox 1730 4236 1952 4289; x_wconf 75' lang='grc' dir='ltr'>ἐπισπᾶ-</span> 
     </span>
    </p>
   </div>
   <div class='ocr_carea' id='block_1_72' title="bbox 308 4321 1947 4399">
    <p class='ocr_par' dir='ltr' id='par_1_72' title="bbox 308 4321 1947 4399">
     <span class='ocr_line' id='line_1_72' title="bbox 308 4321 1947 4399; baseline 0.002 -26"><span class='ocrx_word' id='word_1_612' title='bbox 308 4338 434 4389; x_wconf 86' lang='grc' dir='ltr'>ται;</span> <span class='ocrx_word' id='word_1_613' title='bbox 470 4324 589 4381; x_wconf 85' lang='grc' dir='ltr'>Πῶς</span> <span class='ocrx_word' id='word_1_614' title='bbox 632 4321 660 4375; x_wconf 90' lang='grc' dir='ltr'>ὁ</span> <span class='ocrx_word' id='word_1_615' title='bbox 714 4326 839 4383; x_wconf 90' lang='grc' dir='ltr'>νοῦς</span> <span class='ocrx_word' id='word_1_616' title='bbox 886 4321 938 4376; x_wconf 76' lang='grc' dir='ltr'>ἰν</span> <span class='ocrx_word' id='word_1_617' title='bbox 991 4324 1097 4390; x_wconf 88' lang='grc' dir='ltr'>σοὶ,</span> <span class='ocrx_word' id='word_1_618' title='bbox 1150 4322 1318 4395; x_wconf 84' lang='grc' dir='ltr'>μένει,</span> <span class='ocrx_word' id='word_1_619' title='bbox 1369 4326 1458 4378; x_wconf 87' lang='lat' dir='ltr'>xui</span> <span class='ocrx_word' id='word_1_620' title='bbox 1507 4330 1668 4399; x_wconf 83' lang='grc' dir='ltr'>γεννᾷ</span> <span class='ocrx_word' id='word_1_621' title='bbox 1698 4323 1863 4399; x_wconf 84' lang='grc' dir='ltr'>λόγον</span> <span class='ocrx_word' id='word_1_622' title='bbox 1898 4324 1947 4378; x_wconf 80' lang='grc' dir='ltr'>ἐν</span> 
     </span>
    </p>
   </div>
   <div class='ocr_carea' id='block_1_73' title="bbox 308 4406 1949 4486">
    <p class='ocr_par' dir='ltr' id='par_1_73' title="bbox 308 4406 1949 4486">
     <span class='ocr_line' id='line_1_73' title="bbox 308 4406 1949 4486; baseline 0.002 -24"><span class='ocrx_word' id='word_1_623' title='bbox 308 4406 467 4479; x_wconf 78' lang='grc' dir='ltr'>ἄλλῳ</span> <span class='ocrx_word' id='word_1_624' title='bbox 497 4406 581 4462; x_wconf 75' lang='grc' dir='ltr'>νοΐ</span> <span class='ocrx_word' id='word_1_625' title='bbox 614 4412 692 4479; x_wconf 91' lang='grc'>(5)</span> <span class='ocrx_word' id='word_1_626' title='bbox 723 4428 736 4477; x_wconf 92' lang='grc'>;</span> <span class='ocrx_word' id='word_1_627' title='bbox 772 4414 894 4472; x_wconf 83' lang='grc' dir='ltr'>Πῶς</span> <span class='ocrx_word' id='word_1_628' title='bbox 928 4408 1082 4486; x_wconf 86' lang='grc' dir='ltr'>λόγῳ</span> <span class='ocrx_word' id='word_1_629' title='bbox 1130 4411 1314 4484; x_wconf 87' lang='grc' dir='ltr'>νόημα</span> <span class='ocrx_word' id='word_1_630' title='bbox 1354 4410 1655 4467; x_wconf 83' lang='grc' dir='ltr'>διαδίδοται</span> <span class='ocrx_word' id='word_1_631' title='bbox 1696 4415 1812 4485; x_wconf 85' lang='grc'>(6);</span> <span class='ocrx_word' id='word_1_632' title='bbox 1846 4414 1949 4468; x_wconf 81' lang='grc' dir='ltr'>Καὶ</span> 
     </span>
    </p>
   </div>
   <div class='ocr_carea' id='block_1_74' title="bbox 309 4493 1951 4578">
    <p class='ocr_par' dir='ltr' id='par_1_74' title="bbox 309 4493 1951 4578">
     <span class='ocr_line' id='line_1_74' title="bbox 309 4493 1951 4578; baseline 0.003 -28"><span class='ocrx_word' id='word_1_633' title='bbox 309 4493 462 4551; x_wconf 68' lang='grc' dir='ltr'>οὔπω</span> <span class='ocrx_word' id='word_1_634' title='bbox 485 4497 553 4551; x_wconf 80' lang='grc' dir='ltr'>τὰ</span> <span class='ocrx_word' id='word_1_635' title='bbox 586 4497 806 4569; x_wconf 82' lang='grc' dir='ltr'>μείζονα</span> <span class='ocrx_word' id='word_1_636' title='bbox 850 4496 1017 4574; x_wconf 82' lang='grc' dir='ltr'>λέγῳ.</span> <span class='ocrx_word' id='word_1_637' title='bbox 1076 4499 1169 4562; x_wconf 85' lang='grc' dir='ltr'>Τίς</span> <span class='ocrx_word' id='word_1_638' title='bbox 1216 4499 1444 4575; x_wconf 82' lang='grc' dir='ltr'>ούρανοῦ</span> <span class='ocrx_word' id='word_1_639' title='bbox 1494 4503 1799 4578; x_wconf 79' lang='grc' dir='ltr'>περιφορά;</span> <span class='ocrx_word' id='word_1_640' title='bbox 1859 4501 1951 4563; x_wconf 86' lang='grc' dir='ltr'>Τίς</span> 
     </span>
    </p>
   </div>
   <div class='ocr_carea' id='block_1_75' title="bbox 308 4582 1948 4664">
    <p class='ocr_par' dir='ltr' id='par_1_75' title="bbox 308 4582 1948 4664">
     <span class='ocr_line' id='line_1_75' title="bbox 308 4582 1948 4664; baseline 0.004 -26"><span class='ocrx_word' id='word_1_641' title='bbox 308 4582 543 4659; x_wconf 85' lang='grc' dir='ltr'>ἀστέρων</span> <span class='ocrx_word' id='word_1_642' title='bbox 603 4585 834 4655; x_wconf 85' lang='grc' dir='ltr'>κίνησις,</span> <span class='ocrx_word' id='word_1_643' title='bbox 879 4585 915 4654; x_wconf 68' lang='grc' dir='ltr'>ἤ</span> <span class='ocrx_word' id='word_1_644' title='bbox 972 4586 1140 4658; x_wconf 75' lang='grc' dir='ltr'>τάξις,</span> <span class='ocrx_word' id='word_1_645' title='bbox 1198 4586 1234 4657; x_wconf 75' lang='grc' dir='ltr'>ἥ</span> <span class='ocrx_word' id='word_1_646' title='bbox 1302 4590 1489 4664; x_wconf 83' lang='grc' dir='ltr'>μέτρα,</span> <span class='ocrx_word' id='word_1_647' title='bbox 1545 4588 1581 4659; x_wconf 72' lang='grc' dir='ltr'>ἤ</span> <span class='ocrx_word' id='word_1_648' title='bbox 1641 4589 1948 4660; x_wconf 74' lang='grc' dir='ltr'>σύνοδος,ἤ</span> 
     </span>
    </p>
   </div>
   <div class='ocr_carea' id='block_1_76' title="bbox 309 4671 1953 4752">
    <p class='ocr_par' dir='ltr' id='par_1_76' title="bbox 309 4671 1953 4752">
     <span class='ocr_line' id='line_1_76' title="bbox 309 4671 1953 4752; baseline 0.005 -26"><span class='ocrx_word' id='word_1_649' title='bbox 309 4671 641 4743; x_wconf 72' lang='grc' dir='ltr'>ἀπόστασιςς</span> <span class='ocrx_word' id='word_1_650' title='bbox 701 4674 857 4737; x_wconf 86' lang='grc' dir='ltr'>Τίνες</span> <span class='ocrx_word' id='word_1_651' title='bbox 909 4672 954 4729; x_wconf 89' lang='grc' dir='ltr'>δ’</span> <span class='ocrx_word' id='word_1_652' title='bbox 1002 4675 1121 4752; x_wconf 76' lang='grc' dir='ltr'>ὅροι</span> <span class='ocrx_word' id='word_1_653' title='bbox 1168 4676 1478 4748; x_wconf 85' lang='grc' dir='ltr'>θαλάσσης;</span> <span class='ocrx_word' id='word_1_654' title='bbox 1534 4674 1702 4743; x_wconf 79' lang='grc' dir='ltr'>Πὸθεν</span> <span class='ocrx_word' id='word_1_655' title='bbox 1755 4678 1811 4734; x_wconf 70' lang='grc' dir='ltr'>δὲ</span> <span class='ocrx_word' id='word_1_656' title='bbox 1838 4680 1953 4735; x_wconf 63' lang='grc' dir='ltr'>ἀνέε</span> 
     </span>
    </p>
   </div>
   <div class='ocr_carea' id='block_1_77' title="bbox 310 4760 1950 4844">
    <p class='ocr_par' dir='ltr' id='par_1_77' title="bbox 310 4760 1950 4844">
     <span class='ocr_line' id='line_1_77' title="bbox 310 4760 1950 4844; baseline 0.004 -28"><span class='ocrx_word' id='word_1_657' title='bbox 310 4782 426 4835; x_wconf 87' lang='grc' dir='ltr'>μων</span> <span class='ocrx_word' id='word_1_658' title='bbox 482 4760 741 4838; x_wconf 76' lang='grc' dir='ltr'>ῥεύματα,</span> <span class='ocrx_word' id='word_1_659' title='bbox 795 4766 830 4833; x_wconf 84' lang='grc' dir='ltr'>ἣ</span> <span class='ocrx_word' id='word_1_660' title='bbox 875 4764 1032 4841; x_wconf 84' lang='grc' dir='ltr'>ὡρῶν</span> <span class='ocrx_word' id='word_1_661' title='bbox 1087 4768 1409 4841; x_wconf 83' lang='grc' dir='ltr'>περιτροπαὶ</span> <span class='ocrx_word' id='word_1_662' title='bbox 1438 4769 1472 4837; x_wconf 80' lang='grc' dir='ltr'>ἣ</span> <span class='ocrx_word' id='word_1_663' title='bbox 1503 4763 1724 4842; x_wconf 74' lang='grc' dir='ltr'>ὄμϐρων</span> <span class='ocrx_word' id='word_1_664' title='bbox 1758 4768 1950 4844; x_wconf 71' lang='grc' dir='ltr'>ἐπιχύ-</span> 
     </span>
    </p>
   </div>
   <div class='ocr_carea' id='block_1_78' title="bbox 310 4849 1950 4932">
    <p class='ocr_par' dir='ltr' id='par_1_78' title="bbox 310 4849 1950 4932">
     <span class='ocr_line' id='line_1_78' title="bbox 310 4849 1950 4932; baseline 0.004 -26"><span class='ocrx_word' id='word_1_665' title='bbox 310 4867 451 4921; x_wconf 77' lang='grc' dir='ltr'>σεις;</span> <span class='ocrx_word' id='word_1_666' title='bbox 485 4849 555 4906; x_wconf 75' lang='lat' dir='ltr'>Ei</span> <span class='ocrx_word' id='word_1_667' title='bbox 576 4851 786 4908; x_wconf 86' lang='grc' dir='ltr'>τούτων</span> <span class='ocrx_word' id='word_1_668' title='bbox 822 4851 985 4927; x_wconf 78' lang='grc' dir='ltr'>μηδὲν</span> <span class='ocrx_word' id='word_1_669' title='bbox 1035 4854 1382 4926; x_wconf 73' lang='grc' dir='ltr'>κατενόησας,</span> <span class='ocrx_word' id='word_1_670' title='bbox 1435 4858 1479 4911; x_wconf 83' lang='grc' dir='ltr'><strong>ὧ</strong></span> <span class='ocrx_word' id='word_1_671' title='bbox 1533 4855 1781 4932; x_wconf 77' lang='grc' dir='ltr'>ἄνθρωπε</span> <span class='ocrx_word' id='word_1_672' title='bbox 1837 4864 1950 4929; x_wconf 87' lang='grc' dir='ltr'>(κα-</span> 
     </span>
    </p>
   </div>
   <div class='ocr_carea' id='block_1_79' title="bbox 379 4978 879 5050">
    <p class='ocr_par' dir='ltr' id='par_1_79' title="bbox 379 4978 879 5050">
     <span class='ocr_line' id='line_1_79' title="bbox 379 4978 879 5050; baseline 0.002 -16"><span class='ocrx_word' id='word_1_673' title='bbox 379 4980 423 5015; x_wconf 76' lang='grc'>⁴⁰</span> <span class='ocrx_word' id='word_1_674' title='bbox 451 4978 624 5034; x_wconf 86' lang='lat' dir='ltr'>Hebr.</span> <span class='ocrx_word' id='word_1_675' title='bbox 653 4995 759 5050; x_wconf 86' lang='lat' dir='ltr'>vn,</span> <span class='ocrx_word' id='word_1_676' title='bbox 791 4981 879 5035; x_wconf 93' lang='grc'>10.</span> 
     </span>
    </p>
   </div>
   <div class='ocr_carea' id='block_1_80' title="bbox 381 5120 1955 5198">
    <p class='ocr_par' dir='ltr' id='par_1_80' title="bbox 381 5120 1955 5198">
     <span class='ocr_line' id='line_1_80' title="bbox 381 5120 1955 5198; baseline 0.003 -22"><span class='ocrx_word' id='word_1_677' title='bbox 381 5121 494 5198; x_wconf 62' lang='grc'>(99)</span> <span class='ocrx_word' id='word_1_678' title='bbox 522 5122 688 5198; x_wconf 73' lang='grc' dir='ltr'>Ὁμοῦ</span> <span class='ocrx_word' id='word_1_679' title='bbox 718 5123 796 5198; x_wconf 65' lang='grc' dir='ltr'>τῶ</span> <span class='ocrx_word' id='word_1_680' title='bbox 825 5121 917 5198; x_wconf 68' lang='grc' dir='ltr'>τδν</span> <span class='ocrx_word' id='word_1_681' title='bbox 960 5120 1355 5198; x_wconf 18' lang='grc' dir='ltr'>Πατέραλεῖναι.</span> <span class='ocrx_word' id='word_1_682' title='bbox 1388 5124 1514 5198; x_wconf 86' lang='lat' dir='ltr'>Duo</span> <span class='ocrx_word' id='word_1_683' title='bbox 1548 5126 1748 5198; x_wconf 82' lang='lat' dir='ltr'>Regg.,</span> <span class='ocrx_word' id='word_1_684' title='bbox 1778 5126 1955 5182; x_wconf 85' lang='lat' dir='ltr'>Cois].</span> 
     </span>
    </p>
   </div>
   <div class='ocr_carea' id='block_1_81' title="bbox 310 5191 1956 5271">
    <p class='ocr_par' dir='ltr' id='par_1_81' title="bbox 310 5191 1956 5271">
     <span class='ocr_line' id='line_1_81' title="bbox 310 5191 1956 5271; baseline 0.001 -21"><span class='ocrx_word' id='word_1_685' title='bbox 310 5191 397 5271; x_wconf 37' lang='lat' dir='ltr'>i,_&#39;</span> <span class='ocrx_word' id='word_1_686' title='bbox 425 5191 591 5271; x_wconf 4' lang='lat' dir='ltr'>Par.,?</span> <span class='ocrx_word' id='word_1_687' title='bbox 634 5191 779 5271; x_wconf 72' lang='grc' dir='ltr'>ῥμοῦ</span> <span class='ocrx_word' id='word_1_688' title='bbox 833 5194 895 5247; x_wconf 88' lang='grc' dir='ltr'>τὸ</span> <span class='ocrx_word' id='word_1_689' title='bbox 954 5191 1111 5248; x_wconf 71' lang='grc' dir='ltr'>εἶναι’</span> <span class='ocrx_word' id='word_1_690' title='bbox 1142 5196 1231 5271; x_wconf 81' lang='grc' dir='ltr'>τὸν</span> <span class='ocrx_word' id='word_1_691' title='bbox 1255 5268 1262 5271; x_wconf 82' lang='lat'>_</span> <span class='ocrx_word' id='word_1_692' title='bbox 1290 5196 1519 5271; x_wconf 75' lang='grc' dir='ltr'>Πατέρα.</span> <span class='ocrx_word' id='word_1_693' title='bbox 1575 5191 1742 5254; x_wconf 35' lang='lat' dir='ltr'>Tr’e&#39;s</span> <span class='ocrx_word' id='word_1_694' title='bbox 1771 5198 1956 5268; x_wconf 84' lang='lat' dir='ltr'>Colb.,</span> 
     </span>
    </p>
   </div>
   <div class='ocr_carea' id='block_1_82' title="bbox 310 5261 1959 5342">
    <p class='ocr_par' dir='ltr' id='par_1_82' title="bbox 310 5261 1959 5342">
     <span class='ocr_line' id='line_1_82' title="bbox 310 5261 1959 5342; baseline 0.005 -25"><span class='ocrx_word' id='word_1_695' title='bbox 310 5261 390 5337; x_wconf 72' lang='grc' dir='ltr'>τῷ</span> <span class='ocrx_word' id='word_1_696' title='bbox 419 5261 686 5342; x_wconf 37' lang='grc' dir='ltr'>εἷναιηιὸν</span> <span class='ocrx_word' id='word_1_697' title='bbox 726 5283 964 5339; x_wconf 88' lang='grc' dir='ltr'>αναρχον</span> <span class='ocrx_word' id='word_1_698' title='bbox 1014 5267 1271 5338; x_wconf 86' lang='grc' dir='ltr'>(Πατέρα)</span> <span class='ocrx_word' id='word_1_699' title='bbox 1318 5261 1642 5342; x_wconf 70' lang='grc' dir='ltr'>ἀγεννήτως,</span> <span class='ocrx_word' id='word_1_700' title='bbox 1678 5293 1706 5320; x_wconf 85' lang='grc'>‹‹</span> <span class='ocrx_word' id='word_1_701' title='bbox 1736 5261 1959 5341; x_wconf 74' lang='lat' dir='ltr'>absque</span> 
     </span>
    </p>
   </div>
   <div class='ocr_carea' id='block_1_83' title="bbox 316 5335 763 5412">
    <p class='ocr_par' dir='ltr' id='par_1_83' title="bbox 316 5335 763 5412">
     <span class='ocr_line' id='line_1_83' title="bbox 316 5335 763 5412; baseline -0.016 -19"><span class='ocrx_word' id='word_1_702' title='bbox 316 5335 707 5412; x_wconf 68' lang='lat' dir='ltr'>generatione.</span> <span class='ocrx_word' id='word_1_703' title='bbox 734 5357 763 5386; x_wconf 83' lang='lat'>»</span> 
     </span>
    </p>
   </div>
   <div class='ocr_carea' id='block_1_84' title="bbox 404 5406 1387 5481">
    <p class='ocr_par' dir='ltr' id='par_1_84' title="bbox 404 5406 1387 5481">
     <span class='ocr_line' id='line_1_84' title="bbox 404 5406 1387 5481; baseline 0.003 -18"><span class='ocrx_word' id='word_1_704' title='bbox 404 5410 454 5481; x_wconf 91' lang='grc'>1)</span> <span class='ocrx_word' id='word_1_705' title='bbox 485 5406 847 5481; x_wconf 70' lang='grc' dir='ltr'>Ὑπερπίπτει.</span> <span class='ocrx_word' id='word_1_706' title='bbox 891 5409 1042 5480; x_wconf 88' lang='lat' dir='ltr'>Par.,</span> <span class='ocrx_word' id='word_1_707' title='bbox 1077 5408 1387 5466; x_wconf 85' lang='grc' dir='ltr'>ὑποπίπτει.</span> 
     </span>
    </p>
   </div>
   <div class='ocr_carea' id='block_1_85' title="bbox 378 5412 1956 5553">
    <p class='ocr_par' dir='ltr' id='par_1_85' title="bbox 378 5412 1956 5553">
     <span class='ocr_line' id='line_1_85' title="bbox 378 5412 1924 5552; baseline 0.003 -90"><span class='ocrx_word' id='word_1_708' title='bbox 378 5412 454 5552; x_wconf 77' lang='grc'>(1)</span> <span class='ocrx_word' id='word_1_709' title='bbox 485 5412 847 5535; x_wconf 71' lang='grc' dir='ltr'>Ὑπερπίπτει.</span> <span class='ocrx_word' id='word_1_710' title='bbox 891 5412 1042 5480; x_wconf 89' lang='lat' dir='ltr'>Par.,</span> <span class='ocrx_word' id='word_1_711' title='bbox 1077 5412 1398 5492; x_wconf 40' lang='grc' dir='ltr'>ὑποπίπτει..</span> <span class='ocrx_word' id='word_1_712' title='bbox 1913 5482 1924 5492; x_wconf 44' lang='lat'><strong><em>.</em></strong></span> 
     </span>
     <span class='ocr_line' id='line_1_86' title="bbox 403 5478 1956 5553; baseline 0 -20"><span class='ocrx_word' id='word_1_713' title='bbox 403 5481 459 5553; x_wconf 80' lang='lat'>2)</span> <span class='ocrx_word' id='word_1_714' title='bbox 489 5480 558 5533; x_wconf 88' lang='grc' dir='ltr'><strong><em>Ἥ</em></strong></span> <span class='ocrx_word' id='word_1_715' title='bbox 632 5478 833 5553; x_wconf 72' lang='grc' dir='ltr'>πινοία,</span> <span class='ocrx_word' id='word_1_716' title='bbox 864 5486 975 5539; x_wconf 86' lang='lat' dir='ltr'>ste.</span> <span class='ocrx_word' id='word_1_717' title='bbox 1008 5486 1155 5536; x_wconf 82' lang='lat' dir='ltr'>H1110</span> <span class='ocrx_word' id='word_1_718' title='bbox 1204 5482 1398 5553; x_wconf 70' lang='lat' dir='ltr'>phrasn</span> <span class='ocrx_word' id='word_1_719' title='bbox 1452 5486 1734 5539; x_wconf 89' lang='lat' dir='ltr'>consonat</span> <span class='ocrx_word' id='word_1_720' title='bbox 1780 5481 1956 5551; x_wconf 78' lang='lat' dir='ltr'>expli-</span> 
     </span>
    </p>
   </div>
   <div class='ocr_carea' id='block_1_86' title="bbox 311 5552 1957 5626">
    <p class='ocr_par' dir='ltr' id='par_1_86' title="bbox 311 5552 1957 5626">
     <span class='ocr_line' id='line_1_87' title="bbox 311 5552 1957 5626; baseline -0.001 -18"><span class='ocrx_word' id='word_1_721' title='bbox 311 5552 495 5616; x_wconf 89' lang='lat' dir='ltr'>catio,</span> <span class='ocrx_word' id='word_1_722' title='bbox 557 5568 674 5624; x_wconf 88' lang='lat' dir='ltr'>qua</span> <span class='ocrx_word' id='word_1_723' title='bbox 733 5552 915 5610; x_wconf 82' lang='lat' dir='ltr'>Filius</span> <span class='ocrx_word' id='word_1_724' title='bbox 972 5552 1408 5609; x_wconf 39' lang='lat' dir='ltr'>dicitur&#39;Patre</span> <span class='ocrx_word' id='word_1_725' title='bbox 1464 5554 1777 5626; x_wconf 87' lang='lat' dir='ltr'>posterior,</span> <span class='ocrx_word' id='word_1_726' title='bbox 1842 5570 1957 5607; x_wconf 91' lang='lat' dir='ltr'>non</span> 
     </span>
    </p>
   </div>
   <div class='ocr_carea' id='block_1_87' title="bbox 313 5625 1957 5698">
    <p class='ocr_par' dir='ltr' id='par_1_87' title="bbox 313 5625 1957 5698">
     <span class='ocr_line' id='line_1_88' title="bbox 313 5625 1957 5698; baseline -0.001 -18"><span class='ocrx_word' id='word_1_727' title='bbox 313 5629 544 5691; x_wconf 85' lang='lat' dir='ltr'>natura,</span> <span class='ocrx_word' id='word_1_728' title='bbox 574 5646 602 5674; x_wconf 83' lang='lat'><strong>»</strong></span> <span class='ocrx_word' id='word_1_729' title='bbox 634 5641 823 5698; x_wconf 84' lang='lat' dir='ltr'>neque</span> <span class='ocrx_word' id='word_1_730' title='bbox 859 5645 880 5674; x_wconf 79' lang='grc' dir='ltr'>ι</span> <span class='ocrx_word' id='word_1_731' title='bbox 917 5630 1195 5698; x_wconf 59' lang='lat' dir='ltr'>tempore,</span> <span class='ocrx_word' id='word_1_732' title='bbox 1222 5646 1250 5698; x_wconf 58' lang='grc' dir='ltr'>ξ)</span> <span class='ocrx_word' id='word_1_733' title='bbox 1282 5626 1446 5698; x_wconf 75' lang='lat' dir='ltr'>sedc</span> <span class='ocrx_word' id='word_1_734' title='bbox 1470 5625 1713 5698; x_wconf 91' lang='lat' dir='ltr'>originis</span> <span class='ocrx_word' id='word_1_735' title='bbox 1746 5646 1778 5698; x_wconf 58' lang='grc' dir='ltr'>›ξ</span> <span class='ocrx_word' id='word_1_736' title='bbox 1808 5626 1957 5698; x_wconf 84' lang='lat' dir='ltr'>dun—</span> 
     </span>
    </p>
   </div>
   <div class='ocr_carea' id='block_1_88' title="bbox 310 5695 1956 5768">
    <p class='ocr_par' dir='ltr' id='par_1_88' title="bbox 310 5695 1956 5768">
     <span class='ocr_line' id='line_1_89' title="bbox 310 5695 1956 5768; baseline 0.001 -17"><span class='ocrx_word' id='word_1_737' title='bbox 310 5698 473 5752; x_wconf 78' lang='lat' dir='ltr'>taxat</span> <span class='ocrx_word' id='word_1_738' title='bbox 519 5717 549 5746; x_wconf 88' lang='grc'>‹‹</span> <span class='ocrx_word' id='word_1_739' title='bbox 594 5695 838 5754; x_wconf 83' lang='lat' dir='ltr'>ratione.</span> <span class='ocrx_word' id='word_1_740' title='bbox 861 5715 890 5749; x_wconf 74' lang='grc' dir='ltr'><strong>ι</strong></span> <span class='ocrx_word' id='word_1_741' title='bbox 927 5695 1070 5753; x_wconf 80' lang='lat' dir='ltr'>Vide</span> <span class='ocrx_word' id='word_1_742' title='bbox 1117 5696 1340 5753; x_wconf 85' lang='lat' dir='ltr'>Estium</span> <span class='ocrx_word' id='word_1_743' title='bbox 1390 5696 1451 5753; x_wconf 90' lang='lat' dir='ltr'>in</span> <span class='ocrx_word' id='word_1_744' title='bbox 1501 5715 1539 5768; x_wconf 79' lang='grc' dir='ltr'>ι,</span> <span class='ocrx_word' id='word_1_745' title='bbox 1565 5695 1725 5755; x_wconf 64' lang='lat' dir='ltr'>&#39;dist.</span> <span class='ocrx_word' id='word_1_746' title='bbox 1757 5697 1812 5767; x_wconf 86' lang='lat'>9,</span> <span class='ocrx_word' id='word_1_747' title='bbox 1845 5697 1956 5766; x_wconf 85' lang='lat'>§3,</span> 
     </span>
    </p>
   </div>
   <div class='ocr_carea' id='block_1_89' title="bbox 2060 3702 3706 3778">
    <p class='ocr_par' dir='ltr' id='par_1_89' title="bbox 2060 3702 3706 3778">
     <span class='ocr_line' id='line_1_90' title="bbox 2060 3702 3706 3778; baseline -0.004 -17"><span class='ocrx_word' id='word_1_748' title='bbox 2060 3706 2349 3778; x_wconf 87' lang='lat' dir='ltr'>inquiras.</span> <span class='ocrx_word' id='word_1_749' title='bbox 2387 3705 2561 3759; x_wconf 77' lang='lat' dir='ltr'>Audis</span> <span class='ocrx_word' id='word_1_750' title='bbox 2613 3703 2893 3773; x_wconf 88' lang='lat' dir='ltr'>Spiritum</span> <span class='ocrx_word' id='word_1_751' title='bbox 2925 3719 2994 3758; x_wconf 81' lang='lat' dir='ltr'>ex</span> <span class='ocrx_word' id='word_1_752' title='bbox 3022 3703 3189 3758; x_wconf 88' lang='lat' dir='ltr'>Patre</span> <span class='ocrx_word' id='word_1_753' title='bbox 3242 3702 3591 3773; x_wconf 82' lang='lat' dir='ltr'>procedere?</span> <span class='ocrx_word' id='word_1_754' title='bbox 3620 3702 3706 3768; x_wconf 89' lang='lat' dir='ltr'>Id,</span> 
     </span>
    </p>
   </div>
   <div class='ocr_carea' id='block_1_90' title="bbox 2062 3789 3709 3867">
    <p class='ocr_par' dir='ltr' id='par_1_90' title="bbox 2062 3789 3709 3867">
     <span class='ocr_line' id='line_1_91' title="bbox 2062 3789 3709 3867; baseline -0.005 -16"><span class='ocrx_word' id='word_1_755' title='bbox 2062 3797 2353 3867; x_wconf 90' lang='lat' dir='ltr'>quomodo</span> <span class='ocrx_word' id='word_1_756' title='bbox 2386 3795 2507 3863; x_wconf 83' lang='lat' dir='ltr'>fiat,</span> <span class='ocrx_word' id='word_1_757' title='bbox 2543 3810 2614 3847; x_wconf 91' lang='lat' dir='ltr'>ne</span> <span class='ocrx_word' id='word_1_758' title='bbox 2646 3792 2815 3847; x_wconf 82' lang='lat' dir='ltr'>anxio</span> <span class='ocrx_word' id='word_1_759' title='bbox 2865 3792 3059 3846; x_wconf 89' lang='lat' dir='ltr'>studio</span> <span class='ocrx_word' id='word_1_760' title='bbox 3109 3791 3510 3861; x_wconf 88' lang='lat' dir='ltr'>perscruteris.</span> <span class='ocrx_word' id='word_1_761' title='bbox 3547 3789 3709 3854; x_wconf 87' lang='lat' dir='ltr'>Quod</span> 
     </span>
    </p>
   </div>
   <div class='ocr_carea' id='block_1_91' title="bbox 2064 3877 3710 3953">
    <p class='ocr_par' dir='ltr' id='par_1_91' title="bbox 2064 3877 3710 3953">
     <span class='ocr_line' id='line_1_92' title="bbox 2064 3877 3710 3953; baseline -0.005 -14"><span class='ocrx_word' id='word_1_762' title='bbox 2064 3886 2110 3941; x_wconf 90' lang='lat' dir='ltr'>si</span> <span class='ocrx_word' id='word_1_763' title='bbox 2146 3885 2205 3938; x_wconf 91' lang='lat' dir='ltr'>in</span> <span class='ocrx_word' id='word_1_764' title='bbox 2238 3883 2363 3938; x_wconf 88' lang='lat' dir='ltr'>Filii</span> <span class='ocrx_word' id='word_1_765' title='bbox 2408 3882 2783 3953; x_wconf 86' lang='lat' dir='ltr'>generatione</span> <span class='ocrx_word' id='word_1_766' title='bbox 2813 3884 2869 3935; x_wconf 90' lang='lat' dir='ltr'>et</span> <span class='ocrx_word' id='word_1_767' title='bbox 2896 3879 3148 3950; x_wconf 89' lang='lat' dir='ltr'>Spiritus</span> <span class='ocrx_word' id='word_1_768' title='bbox 3180 3877 3549 3949; x_wconf 89' lang='lat' dir='ltr'>processione</span> <span class='ocrx_word' id='word_1_769' title='bbox 3583 3893 3710 3947; x_wconf 86' lang='lat' dir='ltr'>per-</span> 
     </span>
    </p>
   </div>
   <div class='ocr_carea' id='block_1_92' title="bbox 2061 3966 3713 4043">
    <p class='ocr_par' dir='ltr' id='par_1_92' title="bbox 2061 3966 3713 4043">
     <span class='ocr_line' id='line_1_93' title="bbox 2061 3966 3713 4043; baseline -0.004 -16"><span class='ocrx_word' id='word_1_770' title='bbox 2061 3972 2401 4043; x_wconf 83' lang='lat' dir='ltr'>vestiganda</span> <span class='ocrx_word' id='word_1_771' title='bbox 2431 3970 2584 4025; x_wconf 77' lang='lat'><strong>383</strong></span> <span class='ocrx_word' id='word_1_772' title='bbox 2626 3970 2923 4023; x_wconf 86' lang='lat' dir='ltr'>curiosum</span> <span class='ocrx_word' id='word_1_773' title='bbox 2968 3972 3023 4021; x_wconf 91' lang='lat' dir='ltr'>te</span> <span class='ocrx_word' id='word_1_774' title='bbox 3073 3966 3315 4038; x_wconf 76' lang='lat' dir='ltr'>praebes,</span> <span class='ocrx_word' id='word_1_775' title='bbox 3347 3982 3453 4037; x_wconf 89' lang='lat' dir='ltr'>ego</span> <span class='ocrx_word' id='word_1_776' title='bbox 3483 3980 3713 4035; x_wconf 85' lang='lat' dir='ltr'>quoque</span> 
     </span>
    </p>
   </div>
   <div class='ocr_carea' id='block_1_93' title="bbox 2062 4054 3713 4132">
    <p class='ocr_par' dir='ltr' id='par_1_93' title="bbox 2062 4054 3713 4132">
     <span class='ocr_line' id='line_1_94' title="bbox 2062 4054 3713 4132; baseline -0.004 -17"><span class='ocrx_word' id='word_1_777' title='bbox 2062 4061 2187 4132; x_wconf 90' lang='lat' dir='ltr'>pari</span> <span class='ocrx_word' id='word_1_778' title='bbox 2217 4059 2556 4114; x_wconf 86' lang='lat' dir='ltr'>curiositate</span> <span class='ocrx_word' id='word_1_779' title='bbox 2586 4062 2749 4111; x_wconf 92' lang='lat' dir='ltr'>tuam</span> <span class='ocrx_word' id='word_1_780' title='bbox 2784 4056 2993 4111; x_wconf 57' lang='lat' dir='ltr'>animai</span> <span class='ocrx_word' id='word_1_781' title='bbox 3040 4054 3416 4125; x_wconf 89' lang='lat' dir='ltr'>corporisque</span> <span class='ocrx_word' id='word_1_782' title='bbox 3461 4054 3713 4123; x_wconf 84' lang='lat' dir='ltr'>conjun-</span> 
     </span>
    </p>
   </div>
   <div class='ocr_carea' id='block_1_94' title="bbox 2062 4143 3713 4218">
    <p class='ocr_par' dir='ltr' id='par_1_94' title="bbox 2062 4143 3713 4218">
     <span class='ocr_line' id='line_1_95' title="bbox 2062 4143 3713 4218; baseline -0.004 -14"><span class='ocrx_word' id='word_1_783' title='bbox 2062 4151 2313 4205; x_wconf 89' lang='lat' dir='ltr'>ctionem</span> <span class='ocrx_word' id='word_1_784' title='bbox 2347 4152 2403 4203; x_wconf 92' lang='lat' dir='ltr'>et</span> <span class='ocrx_word' id='word_1_785' title='bbox 2432 4150 2961 4218; x_wconf 83' lang='lat' dir='ltr'>temperamentum</span> <span class='ocrx_word' id='word_1_786' title='bbox 3003 4144 3297 4215; x_wconf 89' lang='lat' dir='ltr'>inquiram</span> <span class='ocrx_word' id='word_1_787' title='bbox 3333 4161 3345 4197; x_wconf 94' lang='lat'>:</span> <span class='ocrx_word' id='word_1_788' title='bbox 3380 4159 3496 4213; x_wconf 90' lang='lat' dir='ltr'>quo</span> <span class='ocrx_word' id='word_1_789' title='bbox 3541 4143 3713 4198; x_wconf 90' lang='lat' dir='ltr'>modo</span> 
     </span>
    </p>
   </div>
   <div class='ocr_carea' id='block_1_95' title="bbox 2063 4231 3711 4310">
    <p class='ocr_par' dir='ltr' id='par_1_95' title="bbox 2063 4231 3711 4310">
     <span class='ocr_line' id='line_1_96' title="bbox 2063 4231 3711 4310; baseline -0.005 -17"><span class='ocrx_word' id='word_1_790' title='bbox 2063 4237 2255 4310; x_wconf 89' lang='lat' dir='ltr'>pulvis</span> <span class='ocrx_word' id='word_1_791' title='bbox 2287 4254 2370 4305; x_wconf 88' lang='lat' dir='ltr'>es,</span> <span class='ocrx_word' id='word_1_792' title='bbox 2403 4242 2459 4291; x_wconf 89' lang='lat' dir='ltr'>et</span> <span class='ocrx_word' id='word_1_793' title='bbox 2490 4236 2584 4289; x_wconf 91' lang='lat' dir='ltr'>Dei</span> <span class='ocrx_word' id='word_1_794' title='bbox 2616 4234 2848 4305; x_wconf 87' lang='lat' dir='ltr'>imago?</span> <span class='ocrx_word' id='word_1_795' title='bbox 2880 4232 3025 4298; x_wconf 88' lang='lat' dir='ltr'>Quid</span> <span class='ocrx_word' id='word_1_796' title='bbox 3057 4237 3167 4297; x_wconf 85' lang='lat' dir='ltr'>est,</span> <span class='ocrx_word' id='word_1_797' title='bbox 3191 4231 3345 4302; x_wconf 86' lang='lat' dir='ltr'>quod</span> <span class='ocrx_word' id='word_1_798' title='bbox 3378 4234 3435 4286; x_wconf 89' lang='lat' dir='ltr'>te</span> <span class='ocrx_word' id='word_1_799' title='bbox 3463 4236 3711 4293; x_wconf 87' lang='lat' dir='ltr'>moveat,</span> 
     </span>
    </p>
   </div>
   <div class='ocr_carea' id='block_1_96' title="bbox 2063 4320 3715 4397">
    <p class='ocr_par' dir='ltr' id='par_1_96' title="bbox 2063 4320 3715 4397">
     <span class='ocr_line' id='line_1_97' title="bbox 2063 4320 3715 4397; baseline -0.005 -16"><span class='ocrx_word' id='word_1_800' title='bbox 2063 4333 2163 4381; x_wconf 89' lang='lat' dir='ltr'>aut</span> <span class='ocrx_word' id='word_1_801' title='bbox 2194 4326 2332 4397; x_wconf 90' lang='lat' dir='ltr'>quid</span> <span class='ocrx_word' id='word_1_802' title='bbox 2366 4325 2518 4395; x_wconf 90' lang='lat' dir='ltr'>quod</span> <span class='ocrx_word' id='word_1_803' title='bbox 2573 4322 2909 4377; x_wconf 83' lang='lat' dir='ltr'>moveatur?</span> <span class='ocrx_word' id='word_1_804' title='bbox 2939 4324 3061 4386; x_wconf 90' lang='lat' dir='ltr'>Quo</span> <span class='ocrx_word' id='word_1_805' title='bbox 3094 4322 3269 4376; x_wconf 89' lang='lat' dir='ltr'>modo</span> <span class='ocrx_word' id='word_1_806' title='bbox 3318 4320 3471 4375; x_wconf 89' lang='lat' dir='ltr'>idem</span> <span class='ocrx_word' id='word_1_807' title='bbox 3522 4322 3715 4374; x_wconf 90' lang='lat' dir='ltr'>movet</span> 
     </span>
    </p>
   </div>
   <div class='ocr_carea' id='block_1_97' title="bbox 2062 4411 3715 4478">
    <p class='ocr_par' dir='ltr' id='par_1_97' title="bbox 2062 4411 3715 4478">
     <span class='ocr_line' id='line_1_98' title="bbox 2062 4411 3715 4478; baseline -0.004 -9"><span class='ocrx_word' id='word_1_808' title='bbox 2062 4420 2120 4469; x_wconf 90' lang='lat' dir='ltr'>et</span> <span class='ocrx_word' id='word_1_809' title='bbox 2154 4413 2452 4469; x_wconf 83' lang='lat' dir='ltr'>movetur?</span> <span class='ocrx_word' id='word_1_810' title='bbox 2482 4416 2603 4478; x_wconf 91' lang='lat' dir='ltr'>Quo</span> <span class='ocrx_word' id='word_1_811' title='bbox 2639 4412 2807 4466; x_wconf 90' lang='lat' dir='ltr'>modo</span> <span class='ocrx_word' id='word_1_812' title='bbox 2840 4427 3051 4465; x_wconf 81' lang='lat' dir='ltr'>sensus</span> <span class='ocrx_word' id='word_1_813' title='bbox 3081 4411 3139 4464; x_wconf 91' lang='lat' dir='ltr'>in</span> <span class='ocrx_word' id='word_1_814' title='bbox 3170 4411 3374 4464; x_wconf 88' lang='lat' dir='ltr'>eodem</span> <span class='ocrx_word' id='word_1_815' title='bbox 3406 4413 3625 4473; x_wconf 87' lang='lat' dir='ltr'>manet,</span> <span class='ocrx_word' id='word_1_816' title='bbox 3658 4412 3715 4462; x_wconf 87' lang='lat' dir='ltr'>et</span> 
     </span>
    </p>
   </div>
   <div class='ocr_carea' id='block_1_98' title="bbox 2062 4495 3710 4565">
    <p class='ocr_par' dir='ltr' id='par_1_98' title="bbox 2062 4495 3710 4565">
     <span class='ocr_line' id='line_1_99' title="bbox 2062 4495 3710 4565; baseline -0.006 -6"><span class='ocrx_word' id='word_1_817' title='bbox 2062 4509 2301 4559; x_wconf 86' lang='lat' dir='ltr'>externa</span> <span class='ocrx_word' id='word_1_818' title='bbox 2332 4502 2614 4557; x_wconf 80' lang='lat' dir='ltr'>attrahit?</span> <span class='ocrx_word' id='word_1_819' title='bbox 2644 4501 2764 4565; x_wconf 91' lang='lat' dir='ltr'>Quo</span> <span class='ocrx_word' id='word_1_820' title='bbox 2786 4502 2958 4554; x_wconf 91' lang='lat' dir='ltr'>modo</span> <span class='ocrx_word' id='word_1_821' title='bbox 2981 4515 3148 4553; x_wconf 90' lang='lat' dir='ltr'>mens</span> <span class='ocrx_word' id='word_1_822' title='bbox 3172 4498 3228 4551; x_wconf 92' lang='lat' dir='ltr'>in</span> <span class='ocrx_word' id='word_1_823' title='bbox 3253 4502 3309 4552; x_wconf 89' lang='lat' dir='ltr'>te</span> <span class='ocrx_word' id='word_1_824' title='bbox 3333 4501 3549 4565; x_wconf 89' lang='lat' dir='ltr'>manet,</span> <span class='ocrx_word' id='word_1_825' title='bbox 3572 4500 3629 4551; x_wconf 90' lang='lat' dir='ltr'>et</span> <span class='ocrx_word' id='word_1_826' title='bbox 3650 4495 3710 4549; x_wconf 91' lang='lat' dir='ltr'>in</span> 
     </span>
    </p>
   </div>
   <div class='ocr_carea' id='block_1_99' title="bbox 2064 4584 3712 4660">
    <p class='ocr_par' dir='ltr' id='par_1_99' title="bbox 2064 4584 3712 4660">
     <span class='ocr_line' id='line_1_100' title="bbox 2064 4584 3712 4660; baseline -0.005 -13"><span class='ocrx_word' id='word_1_827' title='bbox 2064 4592 2177 4647; x_wconf 90' lang='lat' dir='ltr'>alia</span> <span class='ocrx_word' id='word_1_828' title='bbox 2206 4596 2401 4646; x_wconf 86' lang='lat' dir='ltr'>mente</span> <span class='ocrx_word' id='word_1_829' title='bbox 2433 4605 2764 4644; x_wconf 89' lang='lat' dir='ltr'>sermonem</span> <span class='ocrx_word' id='word_1_830' title='bbox 2806 4588 3030 4660; x_wconf 85' lang='lat' dir='ltr'>gignit?</span> <span class='ocrx_word' id='word_1_831' title='bbox 3058 4589 3181 4651; x_wconf 89' lang='lat' dir='ltr'>Quo</span> <span class='ocrx_word' id='word_1_832' title='bbox 3235 4586 3406 4643; x_wconf 89' lang='lat' dir='ltr'>modo</span> <span class='ocrx_word' id='word_1_833' title='bbox 3438 4584 3712 4656; x_wconf 89' lang='lat' dir='ltr'>cogitatio</span> 
     </span>
    </p>
   </div>
   <div class='ocr_carea' id='block_1_100' title="bbox 2064 4675 3711 4753">
    <p class='ocr_par' dir='ltr' id='par_1_100' title="bbox 2064 4675 3711 4753">
     <span class='ocr_line' id='line_1_101' title="bbox 2064 4675 3711 4753; baseline -0.004 -17"><span class='ocrx_word' id='word_1_834' title='bbox 2064 4698 2165 4753; x_wconf 89' lang='lat' dir='ltr'>per</span> <span class='ocrx_word' id='word_1_835' title='bbox 2183 4696 2513 4735; x_wconf 88' lang='lat' dir='ltr'>sermonem</span> <span class='ocrx_word' id='word_1_836' title='bbox 2540 4677 2911 4749; x_wconf 88' lang='lat' dir='ltr'>impertitur?</span> <span class='ocrx_word' id='word_1_837' title='bbox 2928 4677 3196 4731; x_wconf 86' lang='lat' dir='ltr'>Nondum</span> <span class='ocrx_word' id='word_1_838' title='bbox 3220 4675 3444 4745; x_wconf 88' lang='lat' dir='ltr'>majora</span> <span class='ocrx_word' id='word_1_839' title='bbox 3466 4675 3711 4744; x_wconf 84' lang='lat' dir='ltr'>profero-</span> 
     </span>
    </p>
   </div>
   <div class='ocr_carea' id='block_1_101' title="bbox 2064 4763 3711 4835">
    <p class='ocr_par' dir='ltr' id='par_1_101' title="bbox 2064 4763 3711 4835">
     <span class='ocr_line' id='line_1_102' title="bbox 2064 4763 3711 4835; baseline -0.004 -12"><span class='ocrx_word' id='word_1_840' title='bbox 2064 4774 2197 4835; x_wconf 73' lang='lat' dir='ltr'>Qum</span> <span class='ocrx_word' id='word_1_841' title='bbox 2223 4768 2351 4823; x_wconf 89' lang='lat' dir='ltr'>coeli</span> <span class='ocrx_word' id='word_1_842' title='bbox 2375 4766 2714 4823; x_wconf 86' lang='lat' dir='ltr'>conversio?</span> <span class='ocrx_word' id='word_1_843' title='bbox 2735 4766 2875 4829; x_wconf 87' lang='lat' dir='ltr'>Quis</span> <span class='ocrx_word' id='word_1_844' title='bbox 2899 4766 3157 4820; x_wconf 90' lang='lat' dir='ltr'>siderum</span> <span class='ocrx_word' id='word_1_845' title='bbox 3188 4768 3407 4829; x_wconf 89' lang='lat' dir='ltr'>motus,</span> <span class='ocrx_word' id='word_1_846' title='bbox 3429 4766 3530 4818; x_wconf 89' lang='lat' dir='ltr'>aut</span> <span class='ocrx_word' id='word_1_847' title='bbox 3550 4763 3711 4817; x_wconf 90' lang='lat' dir='ltr'>ordo.</span> 
     </span>
    </p>
   </div>
   <div class='ocr_carea' id='block_1_102' title="bbox 2066 4851 3713 4925">
    <p class='ocr_par' dir='ltr' id='par_1_102' title="bbox 2066 4851 3713 4925">
     <span class='ocr_line' id='line_1_103' title="bbox 2066 4851 3713 4925; baseline -0.005 -11"><span class='ocrx_word' id='word_1_848' title='bbox 2066 4864 2167 4914; x_wconf 90' lang='lat' dir='ltr'>aut</span> <span class='ocrx_word' id='word_1_849' title='bbox 2215 4857 2472 4913; x_wconf 86' lang='lat' dir='ltr'>modus?</span> <span class='ocrx_word' id='word_1_850' title='bbox 2521 4857 2658 4920; x_wconf 62' lang='lat' dir='ltr'>Quae</span> <span class='ocrx_word' id='word_1_851' title='bbox 2706 4854 3040 4925; x_wconf 88' lang='lat' dir='ltr'>conjunctio</span> <span class='ocrx_word' id='word_1_852' title='bbox 3090 4856 3193 4909; x_wconf 87' lang='lat' dir='ltr'>aut</span> <span class='ocrx_word' id='word_1_853' title='bbox 3234 4851 3560 4908; x_wconf 87' lang='lat' dir='ltr'>distantia?</span> <span class='ocrx_word' id='word_1_854' title='bbox 3607 4851 3713 4915; x_wconf 89' lang='lat' dir='ltr'>Qui</span> 
     </span>
    </p>
   </div>
   <div class='ocr_carea' id='block_1_103' title="bbox 2068 5122 2550 5196">
    <p class='ocr_par' dir='ltr' id='par_1_103' title="bbox 2068 5122 2550 5196">
     <span class='ocr_line' id='line_1_104' title="bbox 2068 5122 2550 5196; baseline -0.008 -14"><span class='ocrx_word' id='word_1_855' title='bbox 2068 5129 2124 5182; x_wconf 91' lang='lat' dir='ltr'>et</span> <span class='ocrx_word' id='word_1_856' title='bbox 2154 5122 2286 5180; x_wconf 86' lang='lat' dir='ltr'>dist.</span> <span class='ocrx_word' id='word_1_857' title='bbox 2323 5126 2406 5190; x_wconf 83' lang='lat' dir='ltr'>l6,</span> <span class='ocrx_word' id='word_1_858' title='bbox 2436 5123 2471 5196; x_wconf 84' lang='lat'>§</span> <span class='ocrx_word' id='word_1_859' title='bbox 2499 5126 2550 5178; x_wconf 87' lang='lat'>2.</span> 
     </span>
    </p>
   </div>
   <div class='ocr_carea' id='block_1_104' title="bbox 2141 5187 3714 5268">
    <p class='ocr_par' dir='ltr' id='par_1_104' title="bbox 2141 5187 3714 5268">
     <span class='ocr_line' id='line_1_105' title="bbox 2141 5187 3714 5268; baseline -0.004 -19"><span class='ocrx_word' id='word_1_860' title='bbox 2141 5197 2210 5267; x_wconf 92' lang='lat'>(3)</span> <span class='ocrx_word' id='word_1_861' title='bbox 2265 5187 2509 5253; x_wconf 67' lang='grc' dir='ltr'>Διανοίᾶς</span> <span class='ocrx_word' id='word_1_862' title='bbox 2571 5187 2931 5268; x_wconf 69' lang='grc' dir='ltr'>φοϐούμενος.</span> <span class='ocrx_word' id='word_1_863' title='bbox 2990 5190 3085 5268; x_wconf 73' lang='lat' dir='ltr'>Sic</span> <span class='ocrx_word' id='word_1_864' title='bbox 3143 5189 3279 5261; x_wconf 79' lang='lat' dir='ltr'>Reg.</span> <span class='ocrx_word' id='word_1_865' title='bbox 3338 5187 3714 5268; x_wconf 72' lang='lat' dir='ltr'>bm,_plures</span> 
     </span>
    </p>
   </div>
   <div class='ocr_carea' id='block_1_105' title="bbox 2067 5259 3711 5335">
    <p class='ocr_par' dir='ltr' id='par_1_105' title="bbox 2067 5259 3711 5335">
     <span class='ocr_line' id='line_1_106' title="bbox 2067 5259 3711 5335; baseline -0.005 -13"><span class='ocrx_word' id='word_1_866' title='bbox 2067 5259 2253 5335; x_wconf 26' lang='lat' dir='ltr'>Co‘lb&#39;.,</span> <span class='ocrx_word' id='word_1_867' title='bbox 2290 5268 2438 5331; x_wconf 84' lang='lat' dir='ltr'>Par.,</span> <span class='ocrx_word' id='word_1_868' title='bbox 2471 5259 2799 5334; x_wconf 42' lang='lat' dir='ltr'>(:ombef.,&#39;«</span> <span class='ocrx_word' id='word_1_869' title='bbox 2837 5264 3163 5318; x_wconf 88' lang='lat' dir='ltr'>crassitiem</span> <span class='ocrx_word' id='word_1_870' title='bbox 3204 5259 3270 5317; x_wconf 88' lang='lat' dir='ltr'>ac</span> <span class='ocrx_word' id='word_1_871' title='bbox 3304 5259 3711 5335; x_wconf 75' lang='lat' dir='ltr'>stupiditatem</span> 
     </span>
    </p>
   </div>
   <div class='ocr_carea' id='block_1_106' title="bbox 2066 5327 3581 5410">
    <p class='ocr_par' dir='ltr' id='par_1_106' title="bbox 2066 5327 3581 5410">
     <span class='ocr_line' id='line_1_107' title="bbox 2066 5327 3581 5410; baseline -0.006 -17"><span class='ocrx_word' id='word_1_872' title='bbox 2066 5327 2283 5410; x_wconf 69' lang='lat' dir='ltr'>ingenii</span> <span class='ocrx_word' id='word_1_873' title='bbox 2319 5340 2399 5392; x_wconf 87' lang='lat' dir='ltr'>tui</span> <span class='ocrx_word' id='word_1_874' title='bbox 2429 5327 2769 5410; x_wconf 31' lang='lat' dir='ltr'>metuens,»</span> <span class='ocrx_word' id='word_1_875' title='bbox 2802 5335 2871 5410; x_wconf 31' lang='lat' dir='ltr'>‘In</span> <span class='ocrx_word' id='word_1_876' title='bbox 2905 5335 2996 5389; x_wconf 91' lang='lat' dir='ltr'>ed.</span> <span class='ocrx_word' id='word_1_877' title='bbox 3030 5335 3194 5410; x_wconf 87' lang='lat' dir='ltr'>de_est</span> <span class='ocrx_word' id='word_1_878' title='bbox 3224 5327 3581 5410; x_wconf 50' lang='lat' dir='ltr'>(9060;5f1EVOC:</span> 
     </span>
    </p>
   </div>
   <div class='ocr_carea' id='block_1_107' title="bbox 2137 5402 3712 5481">
    <p class='ocr_par' dir='ltr' id='par_1_107' title="bbox 2137 5402 3712 5481">
     <span class='ocr_line' id='line_1_108' title="bbox 2137 5402 3712 5481; baseline -0.004 -17"><span class='ocrx_word' id='word_1_879' title='bbox 2137 5402 2396 5481; x_wconf 72' lang='grc' dir='ltr'>ῖ4)”οψει</span> <span class='ocrx_word' id='word_1_880' title='bbox 2444 5406 2709 5479; x_wconf 60' lang='lat' dir='ltr'>rem-3m.</span> <span class='ocrx_word' id='word_1_881' title='bbox 2756 5406 2848 5481; x_wconf 82' lang='lat' dir='ltr'>Sic</span> <span class='ocrx_word' id='word_1_882' title='bbox 2906 5412 3024 5481; x_wconf 81' lang='lat' dir='ltr'>tres</span> <span class='ocrx_word' id='word_1_883' title='bbox 3044 5402 3288 5481; x_wconf 37' lang='lat' dir='ltr'>mReggﬂ,</span> <span class='ocrx_word' id='word_1_884' title='bbox 3346 5404 3501 5481; x_wconf 56' lang='lat' dir='ltr'>Bas,</span> <span class='ocrx_word' id='word_1_885' title='bbox 3558 5402 3712 5471; x_wconf 90' lang='lat' dir='ltr'>Par.,</span> 
     </span>
    </p>
   </div>
   <div class='ocr_carea' id='block_1_108' title="bbox 2068 5472 3450 5550">
    <p class='ocr_par' dir='ltr' id='par_1_108' title="bbox 2068 5472 3450 5550">
     <span class='ocr_line' id='line_1_109' title="bbox 2068 5472 3450 5550; baseline -0.005 -14"><span class='ocrx_word' id='word_1_886' title='bbox 2068 5472 2333 5550; x_wconf 64' lang='lat' dir='ltr'>Tillem.,&#39;</span> <span class='ocrx_word' id='word_1_887' title='bbox 2354 5488 2459 5537; x_wconf 90' lang='lat' dir='ltr'>etc.</span> <span class='ocrx_word' id='word_1_888' title='bbox 2496 5472 2770 5536; x_wconf 52' lang='lat' dir='ltr'>Mend&#39;ose</span> <span class='ocrx_word' id='word_1_889' title='bbox 2801 5478 2859 5532; x_wconf 93' lang='lat' dir='ltr'>in</span> <span class='ocrx_word' id='word_1_890' title='bbox 2892 5478 3005 5545; x_wconf 89' lang='lat' dir='ltr'>ed.,</span> <span class='ocrx_word' id='word_1_891' title='bbox 3041 5472 3146 5549; x_wconf 78' lang='grc' dir='ltr'>ὄψῃ</span> <span class='ocrx_word' id='word_1_892' title='bbox 3172 5472 3450 5547; x_wconf 49' lang='lat' dir='ltr'>Emodon.</span> 
     </span>
    </p>
   </div>
   <div class='ocr_carea' id='block_1_109' title="bbox 2160 5550 2950 5619">
    <p class='ocr_par' dir='ltr' id='par_1_109' title="bbox 2160 5550 2950 5619">
     <span class='ocr_line' id='line_1_110' title="bbox 2160 5550 2950 5619; baseline -0.004 -13"><span class='ocrx_word' id='word_1_893' title='bbox 2160 5554 2214 5619; x_wconf 84' lang='lat'>5)</span> <span class='ocrx_word' id='word_1_894' title='bbox 2247 5553 2368 5607; x_wconf 78' lang='lat' dir='ltr'>No&#39;i.</span> <span class='ocrx_word' id='word_1_895' title='bbox 2404 5553 2466 5607; x_wconf 93' lang='lat' dir='ltr'>In</span> <span class='ocrx_word' id='word_1_896' title='bbox 2498 5550 2819 5617; x_wconf 89' lang='lat' dir='ltr'>nonnullis,</span> <span class='ocrx_word' id='word_1_897' title='bbox 2854 5552 2950 5619; x_wconf 77' lang='grc' dir='ltr'>νῷ.</span> 
     </span>
    </p>
   </div>
   <div class='ocr_carea' id='block_1_110' title="bbox 2138 5554 3713 5695">
    <p class='ocr_par' dir='ltr' id='par_1_110' title="bbox 2138 5554 3713 5695">
     <span class='ocr_line' id='line_1_111' title="bbox 2160 5554 2950 5619; baseline -0.001 -15"><span class='ocrx_word' id='word_1_898' title='bbox 2160 5554 2194 5604; x_wconf 84' lang='grc'>5</span> <span class='ocrx_word' id='word_1_899' title='bbox 2247 5554 2368 5607; x_wconf 78' lang='lat' dir='ltr'>No&#39;i.</span> <span class='ocrx_word' id='word_1_900' title='bbox 2404 5554 2466 5607; x_wconf 93' lang='lat' dir='ltr'>In</span> <span class='ocrx_word' id='word_1_901' title='bbox 2498 5554 2819 5617; x_wconf 89' lang='lat' dir='ltr'>nonnullis,</span> <span class='ocrx_word' id='word_1_902' title='bbox 2854 5554 2950 5619; x_wconf 78' lang='grc' dir='ltr'>νῷ.</span> 
     </span>
     <span class='ocr_line' id='line_1_112' title="bbox 2138 5554 3713 5695; baseline -0.007 -17"><span class='ocrx_word' id='word_1_903' title='bbox 2138 5554 2217 5695; x_wconf 64' lang='grc' dir='ltr'>(ὃ)</span> <span class='ocrx_word' id='word_1_904' title='bbox 2251 5620 2576 5680; x_wconf 79' lang='grc' dir='ltr'>Διαὸίδοται.</span> <span class='ocrx_word' id='word_1_905' title='bbox 2625 5625 2767 5679; x_wconf 92' lang='lat' dir='ltr'>Tres</span> <span class='ocrx_word' id='word_1_906' title='bbox 2816 5622 3017 5695; x_wconf 79' lang='lat' dir='ltr'>Regg.,</span> <span class='ocrx_word' id='word_1_907' title='bbox 3068 5618 3236 5674; x_wconf 84' lang='lat' dir='ltr'>Cois].</span> <span class='ocrx_word' id='word_1_908' title='bbox 3276 5620 3325 5686; x_wconf 90' lang='grc'>1,</span> <span class='ocrx_word' id='word_1_909' title='bbox 3372 5617 3467 5672; x_wconf 91' lang='lat' dir='ltr'>Or.</span> <span class='ocrx_word' id='word_1_910' title='bbox 3522 5617 3573 5685; x_wconf 86' lang='grc'>1,</span> <span class='ocrx_word' id='word_1_911' title='bbox 3626 5609 3713 5667; x_wconf 80' lang='grc' dir='ltr'>δέ·</span> 
     </span>
    </p>
   </div>
   <div class='ocr_carea' id='block_1_111' title="bbox 2069 5690 2240 5751">
    <p class='ocr_par' dir='ltr' id='par_1_111' title="bbox 2069 5690 2240 5751">
     <span class='ocr_line' id='line_1_113' title="bbox 2069 5690 2240 5751; baseline 0.012 -2"><span class='ocrx_word' id='word_1_912' title='bbox 2069 5690 2240 5751; x_wconf 80' lang='grc' dir='ltr'>δοται.</span> 
     </span>
    </p>
   </div>
  </div>
