4094 6288
311 433 464 501 1079

1546 430 1612 493 S.
1655 423 2025 491 GREGOBlI
2069 421 2466 485 THEOLO'GI

3549 421 3702 488 1080

313 571 496 625 maris
525 565 802 623 termini?
845 565 1003 622 Unde
1050 565 1203 619 venti
1258 564 1590 637 proﬂuunt?
1622 562 1785 618 Unde
1831 575 1961 631 par-

2090 556 2358 624 τανοήσεις
2392 551 2448 608 δὲ
2483 553 2609 617 ἴσως
2663 574 2813 627 ποτε,
2866 556 2990 610 ’ὁταν
3055 548 3338 630 ἆπολάὸῃς
3388 556 3450 611 τὸ
3500 556 3709 613 τέλειον

311 661 460 714 tium
494 657 631 712 anni
678 656 1087 723 revolutiones,
1114 663 1207 709 aut
1241 654 1570 725 pluviarum
1603 647 1965 707 effusiones?

314 747 371 802 Si
405 746 548 800 nihil
577 746 785 799 horum
820 744 1117 799 intellectu
1152 742 1480 814 percepisti,
1507 760 1538 797 0
1569 741 1743 796 homo
1767 736 1966 809 (perci-

314 836 439 906 pies
486 838 679 888 autem
714 833 960 887 fortasse
1000 831 1336 902 aliquando,
1368 847 1499 885 cum
1556 827 1964 901 perfectionem

315 927 668 979 consecutus
721 921 896 976 lueris
930 937 942 974 :
980 920 1174 976 Videbo
1204 920 1384 986 enim,
1415 919 1609 990 inquit
1657 916 1774 983 ille,
1804 913 1967 969 caelo:

313 1028 476 1084 Opera
525 1011 826 1080 digitorum
876 1015 1102 1063 tuorum
1118 1010 1192 1076 ‘1;
1229 1014 1290 1063 ut
1329 1008 1614 1078 conjicere
1646 1004 1965 1077 possimus,

314 1115 401 1166 ea,
430 1117 556 1171 quae
591 1114 745 1153 nunc
778 1097 1093 1166 cernimus,
1115 1113 1230 1152 non
1261 1097 1563 1151 veritatem
1595 1095 1785 1166 ipsam
1816 1108 1964 1159 esse,

315 1190 416 1246 sed
448 1188 716 1259 quaedam
769 1187 1050 1241 duntaxat
1083 1185 1347 1240 veritatis
1392 1183 1759 1253 simulacra);
1813 1180 1860 1235 si
1914 1185 1970 1235 te

314 1278 510 1349 ipsum
563 1293 676 1331 non
735 1275 912 1343 nosti,
943 1275 1215 1345 quisquis
1259 1290 1341 1343 es,
1385 1273 1486 1344 qui
1537 1272 1607 1328 de
1655 1272 1747 1326 his
1796 1269 1969 1324 rebus

2076 645 2319 714 ’Ὀψομαι
2405 643 2529 718 γὰρ,
2617 644 2770 720 φησὶ,
2843 645 2972 705 τοὺς
3050 643 3334 720 οὐρανοὺς,
3421 644 3548 721 ἔργα
3617 652 3722 702 τῶν

2076 729 2354 786 δακτύλων
2392 749 2522 785 σου·
2576 732 2650 793 ὡς
2687 732 3029 797 ὑπονοεῖσθαι
3087 737 3154 788 τά
3201 737 3291 787 νῦν
3332 735 3584 810 ὁρώμενα
3647 737 3720 808 μὴ

2075 822 2205 876 εἶναι
2245 821 2344 888 τὴν
2392 820 2677 891 ἀλήθειαν,
2736 821 2880 876 ἀλλὰ
2930 830 3031 892 τῆς
3079 821 3336 893 ἀληθείας
3371 822 3718 899 ίνδάλματα)’

2075 909 2121 964 εἳ
2150 910 2338 963 σαυτὸν
2373 908 2471 963 οὐκ
2501 908 2666 984 ἔγνως
2700 913 2797 983 (7),
2833 910 3002 983 ὅστις,
3037 911 3085 966 εἴ
3113 913 3140 965 ὁ
3180 911 3302 986 περὶ
3350 911 3555 966 τούτων
3608 909 3723 967 δια-

2076 996 2390 1073 λεγόμενος,
2425 998 2468 1051 εἰ
2499 1002 2664 1052 ταῦτα
2713 998 2774 1052 οὐ
2823 996 3137 1069 κατέλαϐες,
3188 1002 3259 1054 ὧν
3311 1001 3400 1055 καὶ
3449 1003 3483 1069 ἢ
3539 1000 3728 1073 αἶ’σθη-

2077 1107 2158 1147 σις
2216 1089 2441 1161 μάρτυς,
2500 1090 2616 1147 πῶς
2677 1088 2802 1141 Θεὸν
2863 1083 3127 1163 ἀκριϐῶς,
3181 1088 3312 1165 ὅπερ
3359 1111 3418 1144 τε
3465 1090 3553 1144 καὶ
3597 1091 3722 1146 ὅσον

2079 1173 2241 1242 ἐστίν,
2276 1173 2469 1230 εἰδέναι
2503 1171 2948 1248 ὑπολαμϐάνειςς
2994 1175 3218 1247 Πολλῆς
3246 1181 3406 1233 τοῦτο
3446 1185 3544 1249 τῆς
3593 1177 3729 1236 ἀλο-

2078 1264 2217 1339 γίας.

314 1345 603 1437 disputas,
639 1365 687 1420 si
716 1364 838 1420 hmo
873 1363 1132 1419 nondum
1164 1362 1458 1418 intellectu
1509 1357 2026 1432 comprehendisti,
2059 1371 2306 1428 quorum
2347 1363 2558 1410 sensus
2590 1345 2714 1427 ipse
2745 1357 2910 1411 testis
2942 1361 3048 1424 est,
3083 1367 3198 1429 quo
3245 1351 3480 1414 tandem
3533 1361 3729 1427 modo,

315 1455 478 1526 quid,
514 1458 569 1509 et
600 1459 855 1524 quantus
885 1454 963 1508 sit
992 1452 1166 1519 Deus,
1200 1457 1257 1506 te
1287 1455 1441 1507 certo
1470 1455 1665 1505 tenere
1698 1465 1763 1504 ac
1795 1447 1941 1504 scire
1973 1444 2324 1500 arbitraris?
2353 1444 2572 1515 Magnae
2603 1445 2857 1515 profecto
2887 1445 2943 1499 id
2978 1445 3241 1501 stultitiae
3270 1453 3378 1503 est.

387 1544 506 1598 XII.
541 1542 822 1606 Quocirca
851 1544 901 1595 si
933 1541 1072 1610 quid
1116 1540 1258 1594 mihi
1291 1540 1681 1608 obtemperas,
1717 1537 1826 1591 hoc
1858 1540 1966 1601 est,

313 1632 583 1702 theologo
628 1631 872 1685 minime
920 1629 1148 1694 audaci,
1183 1633 1246 1683 ut
1273 1627 1557 1683 nonnulla
1597 1629 1720 1698 jam
1773 1640 1966 1697 perce-

317 1721 479 1792 pisti,
517 1720 600 1774 ita
647 1719 825 1773 etiam
875 1735 964 1784 ea,
999 1734 1124 1788 quae
1171 1721 1508 1787 supersunt,
1544 1721 1610 1769 ut
1662 1713 1969 1786 percipias,

2151 1536 2244 1586 IB'.
2280 1527 2436 1584 Ἀλλ’
2465 1529 2589 1584 εἶ’τι
2623 1530 2748 1602 ἆμοὶ
2781 1529 2957 1604 πείθῃ,
2986 1535 3066 1603 τῷ
3100 1533 3176 1605 μή
3224 1535 3412 1608 θρασεῖ
3458 1528 3731 1610 θεολόγῳ,

2075 1620 2139 1673 τὸ
2195 1615 2286 1690 μὶν
2341 1613 2652 1686 κατέλαϐες,
2707 1619 2769 1673 τὸ
2819 1617 2875 1673 δὲ
2904 1616 3343 1693 καταλαμϐάνειν
3374 1621 3452 1695 (8)
3486 1621 3731 1693 δεήθητι.

2077 1708 2148 1762 Τὸ
2187 1708 2280 1779 μὶν
2309 1707 2586 1782 ἀγάπησον
2622 1707 2672 1762 ὲν
2700 1708 2787 1761 σοὶ
2828 1709 3007 1780 μενον,
3039 1711 3099 1763 τὸ
3145 1707 3201 1764 δὶ
3233 1711 3284 1764 ἐν
3335 1715 3453 1773 τοῖς
3497 1713 3610 1766 ἄνω

321 1826 481 1881 roga.
506 1809 584 1863 Ea
616 1812 800 1878 parte,
835 1821 958 1878 quae
1001 1805 1061 1859 in
1112 1810 1167 1859 te
1215 1809 1433 1872 manet,
1467 1807 1779 1858 contentus
1811 1806 1933 1856 esto
1965 1819 1974 1856 :

2090 1799 2380 1870 θησαυροῖς
2412 1797 2663 1867 μεινάτω.
2701 1796 2797 1850 Διά
2842 1796 3145 1868 πολιτείας,
3200 1797 3386 1854 ἄνελθε
3413 1821 3424 1833 '
3473 1797 3560 1854 διὰ
3602 1803 3733 1855 καθ-

323 1898 506 1954 altera
534 1897 592 1951 in
627 1896 897 1967 supernis
930 1894 1222 1949 thesauris
1255 1894 1554 1948 recondita
1587 1895 1837 1945 maneat.
1863 1894 1971 1945 Per

322 1986 451 2041 vitae
483 1985 829 2056 probitatem
883 1984 1130 2038 ascende
1162 1999 1174 2036 :
1209 1998 1310 2052 per
1353 1981 1778 2053 purgationem,
1812 1995 1969 2045 eum,

327 2075 426 2147 qui
461 2091 644 2146 purus
675 2077 781 2138 est,
817 2073 1159 2142 adipiscere.
1189 2071 1290 2126 Vis
1319 2069 1626 2141 theologus
1658 2069 1971 2139 aliquando

327 2164 474 2231 ﬁeri,
501 2180 564 2218 ac
597 2162 901 2217 divinitate
932 2161 1182 2231 dignus?
1203 2163 1375 2214 Serva
1407 2160 1712 2223 mandata;
1746 2173 1847 2229 per
1879 2157 1972 2212 Dei

326 2256 617 2324 pracepta
647 2250 874 2316 incede;
911 2249 1059 2304 actio
1083 2249 1237 2303 enim
1264 2249 1481 2318 gradus
1507 2252 1595 2302 est
1624 2247 1694 2300 ad
1718 2251 1972 2301 contem-

325 2340 640 2411 plationem
683 2356 695 2394 ι
742 2354 810 2393 ex
859 2353 1098 2408 corpore
1145 2352 1379 2407 operam
1431 2337 1641 2390 animae
1690 2351 1853 2389 nava.
1886 2337 1972 2389 An

325 2429 639 2502 quisquam
672 2432 760 2482 est
790 2425 1148 2492 mortalium,
1174 2425 1272 2494 qui
1301 2425 1370 2478 ad
1400 2440 1526 2479 eam
1549 2423 1972 2478 sublimitatem

323 2517 512 2573 efferri
544 2515 753 2587 possit,
776 2519 838 2568 ut
869 2515 936 2568 ad
965 2513 1128 2568 Pauli
1164 2528 1501 2567 mensuram
1536 2511 1873 2582 perveniat?
1903 2514 1975 2566 At

323 2605 420 2660 ille
441 2609 636 2659 tamen
657 2603 848 2657 videre
872 2618 934 2656 se
956 2617 1057 2672 per
1078 2601 1379 2672 speculum
1403 2607 1456 2654 et
1478 2601 1728 2672 aenigma
1750 2600 1971 2666 dicit",

324 2697 678 2764 tempusque
713 2693 908 2756 affore,
938 2707 1053 2761 quo
1085 2690 1228 2744 facie
1258 2691 1328 2744 ad
1373 2690 1580 2744 faciem
1610 2690 1843 2744 visurus
1875 2689 1970 2743 sit.

324 2783 487 2837 Tunc
535 2781 669 2834 aliis
722 2779 956 2850 quidem
1005 2779 1065 2832 in
1115 2778 1469 2849 disputando
1521 2777 1867 2832 sublimior?
1900 2783 1974 2832 At

327 2871 443 2926 Deo
500 2868 655 2924 haud
705 2869 883 2923 dubie
931 2867 1170 2923 inferior
1215 2883 1297 2923 es.
1332 2869 1496 2922 Tune
1548 2865 1678 2922 aliis
1730 2867 1973 2921 fortasse

327 2959 553 3015 acutior
580 2962 638 3013 et
669 2957 1102 3028 perspicacior?
1128 2959 1199 3011 At
1228 2961 1379 3012 certe
1411 2956 1651 3012 veritate
1681 2961 1840 3010 tanto
1872 2973 1972 3027 p0-

328 3047 538 3102 sterior
595 3061 678 3111 es,
728 3046 882 3100 884
940 3050 1158 3115 quanto
1205 3045 1462 3100 essentia
1510 3044 1610 3100 Dei
1658 3045 1973 3100 essentiam

2080 1883 2284 1959 ἄρσεως
2331 1887 2465 1955 (10),
2517 1887 2709 1952 κτῆσαι
2764 1886 2826 1939 τὸ
2877 1886 3127 1961 καθαρόν.
3205 1887 3398 1942 Βούλει
3470 1889 3734 1962 θεολόγος

2079 1973 2324 2049 γενέσθαι
2355 1973 2506 2042 ποτὶ,
2540 1971 2627 2027 καί
2666 1981 2766 2042 τῆς
2821 1975 3077 2044 θεότητος
3129 1973 3317 2046 atem;
3368 1980 3462 2039 τὰς
3514 1977 3738 2041 ἐντολὰς

2081 2061 2320 2141 φύλασσε
2367 2061 2456 2116 διὰ
2503 2067 2609 2116 τῶν
2657 2065 3092 2139 προσταγμάτων
3146 2067 3258 2138 (11)
3302 2064 3521 2121 ὅδευσον
3550 2086 3562 2097 ·
3596 2073 3734 2144 πρᾶ-

2081 2154 2157 2222 ξις
2187 2153 2290 2226 γὰρ
2323 2147 2566 2214 ἐπίϐασις
2598 2153 2824 2227 θεωρίας
2848 2162 2865 2184 ⁶
2899 2153 2957 2207 ἐκ
3011 2159 3109 2207 τοῦ
3157 2155 3413 2227 ’σώματος
3461 2153 3530 2229 ’τῇ
3581 2155 3736 2232 ψ’)χῇ

2081 2240 2454 2319 φιλοπόνησον
2487 2243 2619 2312 (12).
2653 2243 2792 2315 ’Δρά
2834 2241 2918 2303 τίς
2968 2241 3110 2296 ἐστιν
3157 2242 3471 2319 ἀνθρώπων,
3522 2245 3581 2306 ὃς
3626 2248 3738 2318 (13)

2082 2330 2306 2405 ἀρθῆναι
2355 2333 2610 2382 τοσοῦτον
2674 2327 2911 2398 δύναται,
2972 2331 3110 2386 ὣστε
3163 2332 3238 2393 εἷς
3297 2333 3359 2386 τὸ
3391 2332 3613 2390 Παύλου
3650 2335 3740 2407 μὲ-

2079 2437 2202 2492 τρον
2260 2415 2475 2484 ἐλθεῖν;
2531 2415 2690 2472 Ἀλλ’
2739 2417 2893 2490 ὅμως
2944 2419 3077 2494 φησὶ
3119 2413 3338 2493 βλέπειν
3369 2418 3439 2474 δι’
3471 2421 3740 2497 ἐσόπτρου

2080 2507 2168 2560 καὶ
2217 2505 2554 2581 αἰνίγματος,
2613 2507 2700 2559 καὶ
2759 2506 2894 2560 εἶναι
2951 2510 3157 2580 καιρὸν,
3210 2508 3298 2564 ὅτι
3327 2505 3516 2582 ὄψεται
3575 2511 3740 2586 πρόσ-

2081 2615 2228 2649 ωπον
2261 2595 2396 2669 πρὸς
2429 2594 2744 2668 πρόσωπον.
2784 2594 2991 2652 Ἀλλου
3027 2597 3121 2670 μὲν
3167 2599 3276 2671 (14)
3327 2598 3377 2653 εἴ
3421 2598 3737 2677 φιλοσοφώ-

2079 2705 2235 2759 τερος
2283 2683 2334 2737 ἐν
2397 2683 2616 2758 λόγοιςς
2677 2689 2810 2738 Θεοῦ
2870 2682 2928 2738 δὶ
2975 2686 3188 2747 πάντως
3237 2689 3352 2760 (15)
3402 2687 3738 2762 κατώτερος.

2079 2771 2291 2827 "Aleo
2352 2772 2444 2843 μὶν
2499 2774 2664 2846 τυχὸν
2717 2776 2827 2846 (16)
2899 2776 3293 2850 συνετώτεροςς
3352 2776 3415 2831 τὸ
3478 2774 3535 2830 δὲ
3592 2775 3740 2846 ἀλη-

2081 2864 2223 2924 θείας
2272 2867 2379 2935 (17)
2429 2868 2686 2918 τοσοῦτον
2756 2863 2916 2939 λείπῃ
2965 2868 3098 2938 (18),
3149 2865 3271 2920 ὅσον
3324 2866 3388 2922 τὸ
3449 2866 3584 2922 εἶναί
3643 2889 3740 2923 σου

2083 2949 2326 3026 δεύτερον
2371 2957 2469 3006 τοῦ
2519 2952 2652 3006 εἶναι
2702 2957 2856 3008 Θεοῦ.
2925 2955 3165 3028 Ἐχομεν
3219 2953 3544 3032 ἐπαγγελίαν
3596 2959 3741 3031 γνώ-

2083 3040 2262 3103 σεσθαί
2327 3061 2480 3106 ποτε,
2535 3039 2657 3095 ὅσον
2719 3040 3054 3116 ἑγνώσμεθα.
3117 3043 3181 3097 Εἴ
3241 3045 3315 3116 μὴ
3381 3041 3597 3099 δυνατὸν
3654 3044 3741 3100 ἰν-

325 3141 486 3190 tuam
538 3133 848 3189 antecellit.
883 3132 1365 3189 Pollicitationem
1412 3133 1696 3188 habemus
1739 3132 1877 3200 fore,
1913 3137 1974 3187 ut

2090 3129 2246 3184 ταῦθα
2278 3125 2424 3203 ἔχειν
2454 3127 2666 3184 τελείαν
2698 3132 2795 3199 τήν
2827 3135 2933 3184 τῶν
2964 3130 3132 3185 ὄντων
3166 3137 3386 3206 γνῶσιν,
3419 3132 3470 3186 τί
3501 3130 3595 3206 μοι
3628 3133 3744 3206 (19)

2128 3220 2141 3234 κ
2181 3215 2200 3234 χ
2326 3217 2336 3234 ι
2578 3219 2637 3234 ...ι
2715 3219 2728 3234 ε
2789 3220 2834 3234 ..
2921 3221 2976 3234 ...
3237 3227 3275 3234 -
3377 3220 3397 3234 ς
3452 3222 3461 3234 .

329 3222 641 3292 aliquando
673 3227 901 3276 tantum
948 3238 1393 3292 cognoscamus,
1426 3228 1711 3292 quantum
1763 3222 1978 3293 cogniti

329 3327 540 3366 sumus
562 3312 622 3364 ‘3.
658 3311 714 3365 Si
748 3311 870 3365 fieri
915 3321 1026 3364 n0n
1080 3317 1285 3382 potest,
1320 3316 1384 3365 ut
1435 3311 1746 3381 perfectam
1781 3310 1838 3364 in
1871 3311 1979 3364 hac

327 3399 445 3453 vita
495 3415 688 3452 rerum
740 3397 1132 3470 cognitionem
1184 3415 1591 3469 assequamur,
1644 3399 1780 3468 quid
1834 3399 1978 3452 mihi

330 3487 625 3559 reliquum
650 3487 775 3542 est?
797 3487 942 3550 Quid
977 3488 1035 3541 in
1067 3503 1168 3558 spe
1199 3486 1499 3558 positum?
1527 3488 1788 3558 Regnum
1814 3487 1981 3542 coelo-

328 3594 482 3642 rum,
508 3575 703 3646 procul
739 3575 916 3628 dubio
961 3575 1212 3646 inquies.
1238 3575 1413 3645 Atqui
1446 3574 1591 3628 illud
1625 3575 1765 3628 nihil
1820 3575 1978 3629 aliud

329 3681 458 3720 esse
485 3665 776 3730 existimo,
805 3679 981 3734 quam
1005 3664 1152 3732 ejus,
1177 3665 1331 3734 quod
1360 3664 1744 3734 purissimum
1776 3669 1830 3718 et
1853 3681 1979 3734 per-

332 3755 720 3808 fectissimum
751 3757 861 3817 est,
901 3752 1292 3823 adeptionem.
1328 3751 1762 3806 Perfectissima
1811 3769 1979 3822 porro

333 3856 529 3896 rerum
562 3839 826 3896 omnium
858 3844 944 3894 est
976 3840 1076 3894 Dei
1107 3840 1378 3912 cognitio.
1415 3840 1626 3895 Verum
1659 3855 1810 3909 eam,
1844 3857 1980 3911 par-

331 3931 436 3985 tim
465 3935 790 3995 teneamus,
817 3929 1049 3998 partim,
1070 3930 1350 4000 quamdiu
1383 3929 1443 3984 in
1476 3935 1630 3984 terra
1654 3945 1979 3996 versamur,

331 4019 626 4091 percipere
679 4019 1046 4084 studeamus,
1098 4018 1308 4088 partim
1361 4018 1417 4072 in
1469 4018 1736 4072 futurum
1795 4035 1978 4072 aevum

329 4121 717 4173 reservemus,
752 4110 818 4161 ut
863 4106 1020 4160 hunc
1052 4106 1269 4162 laboris
1315 4106 1735 4178 industriaeque
1767 4111 1979 4162 nostra;

399 4196 442 4231 ιι
477 4194 629 4250 Psal.
663 4211 786 4260 VIII,
821 4196 870 4249 4.
948 4196 992 4230 ⁴²
1023 4197 1044 4250 Ι
1077 4198 1365 4267 Οοτκχιη,
1400 4197 1485 4251 12.
1563 4197 1608 4231 ‘3
1639 4195 1784 4250 Ibid.

402 4282 480 4356 (7)
511 4286 640 4356 ’ξιξὶγν
650 4302 741 4356 ως.
778 4284 851 4356 In
873 4283 1229 4353 quibusdam
1241 4327 1264 4356 ,ί
1287 4281 1543 4356 ἐπέγνως.

338 4421 370 4479 λ
521 4348 989 4425 Καταλαμϐάνειν.
1043 4356 1187 4410 Tres
1239 4348 1422 4425 Colbi,
1474 4360 1528 4410 et
1579 4355 1673 4410 Or.
1731 4357 1777 4420 1,
1824 4375 1982 4409 κατα-

379 4445 409 4479 α
452 4445 544 4479 ειν.

379 4445 544 4481 αοειν.

404 4497 483 4567 (9)
514 4495 810 4568 Ἀνωηὸξο
855 4494 1052 4566 plures
1098 4496 1300 4568 Regg.,
1332 4499 1390 4551 et
1419 4496 1604 4564 Colb.,
1635 4497 1807 4554 Coisl.
1844 4499 1892 4566 1,
1928 4503 1985 4554 et

332 4571 427 4623 Or.
464 4571 513 4622 1.
550 4570 612 4622 In
646 4567 714 4622 ed
748 4567 932 4621 deest.

405 4641 517 4710 (10)
549 4638 1023 4712 Διᾷᾼκαθάρσιως,
1055 4640 1166 4712 etc.
1201 4638 1300 4692 His
1329 4638 1521 4712 verbis
1553 4639 1719 4694 docet
1767 4640 1981 4712 Grego-

337 4708 482 4775 rius,
513 4713 581 4765 ad
614 4708 839 4782 divinis
872 4708 1167 4782 sapientiae
1215 4710 1478 4764 studium
1529 4713 1843 4782 puritatem
1885 4708 1978 4768 re-

335 4783 511 4854 quiri,
546 4780 924 4854 nec_nisi_qui
958 4797 1140 4854 purus
1180 4786 1286 4854 est,
1320 4782 1390 4837 ad
1432 4780 1616 4838 Deum
1651 4801 1820 4854 pOSSn
1854 4800 1979 4854 per-

333 4851 578 4926 tingere:
618 4851 1171 4926 llincACasaubonus
1201 4852 1269 4926 in
1302 4851 1978 4926 Prtefationeepistfvu,

337 4923 521 4979 sancti
547 4923 803 4995 Gregorii
836 4923 1079 4995 Nysseni
1107 4924 1175 4977 ad
1199 4925 1586 4993 Eustathiam,
1617 4923 1979 4980 Ambrosiam

335 5000 393 5049 et
455 4994 814 5058 Basilissam,
868 4995 987 5050 haec
1045 4994 1307 5051 habet:«
1360 5002 1481 5051 Non
1531 4997 1642 5052 alia
1693 4998 1981 5052 sententia

332 5065 463 5134 fuit,
517 5072 639 5122 tum
694 5066 938 5120 aliorum
985 5066 1193 5121 veteris
1245 5068 1511 5123 Ecclesiae
1575 5070 1978 5133 Patrum,tum

331 5139 589 5208 Gregorii
643 5137 1007 5204 Nazianzeni,
1040 5138 1145 5191 viri
1195 5138 1321 5194 sine
1361 5139 1753 5194 controversia
1800 5140 1979 5194 maxi-

335 5207 528 5280 mi,’et
559 5209 654 5279 qui
689 5211 761 5262 ob
806 5207 1155 5280 exquisitam
1209 5226 1401 5265 rerum
1451 5210 1776 5265 divinarum
1833 5213 1978 5265 noti-

333 5279 472 5334 tiam
508 5297 639 5335 cum
678 5280 795 5350 pari
831 5279 1099 5335 laeundia
1122 5287 1177 5334 et
1197 5283 1524 5335 eruditione
1549 5283 1838 5349 junctam,
1865 5282 1980 5348 glo-

330 5351 724 5406 riosissimum
766 5351 1042 5422 Theologi
1089 5369 1303 5407 nomen
1351 5353 1500 5406 tulit.
1536 5353 1636 5407 Hic
1683 5353 1862 5422 igitur
1895 5355 1980 5407 vir

328 5427 529 5477 tantus
565 5423 980 5494 gravissimum
1029 5426 1086 5494 et
1133 5439 1262 5477 vere
1307 5439 1639 5490 gemmeum
1691 5425 1974 5488 libellum,

332 5510 448 5564 quo
480 5495 550 5547 de
575 5493 788 5549 divina;
840 5493 1140 5564 sapientiae
1171 5495 1366 5566 studio
1419 5495 1700 5566 disputat,
1734 5497 1813 5550 ita
1846 5515 1976 5551 con-

331 5561 608 5639 eluditut
638 5561 922 5636 oportere
949 5566 1104 5639 dicat
1137 5581 1150 5620 :
1186 5561 1273 5617 διὰ
1320 5561 1626 5639 καθάρσεως
1675 5573 1865 5635 κτῆσαι
1915 5567 1976 5620 τὸ

330 5633 584 5716 καθαρόν,
623 5662 647 5685 ‹‹
678 5633 782 5708 per
831 5635 1258 5716 purgationem,
1299 5633 1585 5716 eum,'qui
1626 5633 1821 5716 Apurus
1865 5645 1973 5716 est2

336 5707 717 5786 adipiscere.»
747 5707 962 5762 Deinde
987 5709 1328 5786 aute_m_iter
1347 5707 1753 5786 aii‘ectantjbus
1785 5712 1856 5786 ad
1877 5709 1976 5766 Dei

335 5777 784 5851 divinarumque
813 5795 1004 5834 rerum
1037 5778 1329 5852 notitiam,
1362 5781 1566 5839 doctor
1594 5782 1977 5841 ﬁdelissimus

2087 3220 2150 3272 τὸ
2181 3215 2503 3289 λειπόμενον
2533 3237 2546 3287 ;
2578 3219 2637 3272 Τί
2678 3219 2737 3273 τὸ
2788 3220 3182 3293 ἐλπιζόμενον;
3237 3220 3522 3276 Βασιλείαν
3577 3243 3741 3297 ουρα-

2089 3311 2218 3378 νῶν,
2278 3309 2492 3368 πάντως
2549 3309 2659 3380 (20)
2721 3307 2879 3382 ἐρεῖς.
2942 3310 3206 3383 ’Ἠγοῦμαι
3268 3307 3324 3364 δὶ
3387 3311 3461 3383 μή
3498 3308 3638 3365 ἄλλο
3688 3329 3742 3366 τι

2087 3399 2246 3449 τοῦτο
2281 3397 2432 3464 εἶναι,
2465 3398 2498 3464 ἦ
2530 3397 2591 3450 τὸ
2620 3401 2804 3472 τυχεῖν
2838 3401 2932 3450 1:06
2981 3399 3365 3472 καθαρωτάτου
3415 3419 3473 3453 τε
3521 3419 3608 3453 και
3659 3421 3745 3453 τε-

2091 3483 2401 3538 Αεωτάτου·
2450 3482 2781 3539 τελεώτατον
2833 3483 2890 3539 δὲ
2934 3490 3041 3540 τῶν
3091 3481 3283 3554 ὄντων,
3334 3492 3528 3562 γνῶσις
3579 3491 3738 3543 Θεοῦ.

2091 3571 2266 3626 Ἀλλὰ
2313 3574 2374 3626 τὸ
2429 3573 2519 3643 μὶν
2571 3575 2952 3648 κατάσχωμεν,
2997 3575 3058 3628 τὸ
3101 3573 3158 3629 δὲ
3185 3572 3603 3649 καταλάϐωμεν,
3635 3574 3742 3638 ἕως

2090 3661 2247 3733 ἐσμὶν
2301 3661 2432 3734 ὑπὶρ
2476 3668 2576 3735 γῆς
2607 3680 2618 3692 ⁸
2664 3661 2725 3715 τὸ
2777 3661 2832 3716 δὲ
2892 3661 3088 3726 ἐκεῖθεν
3151 3665 3591 3737 ταμιευσώμεθα,
3650 3664 3742 3719 ἵνα

2087 3750 2287 3819 ταύτην
2356 3755 2574 3825 σχῶμεν
2633 3759 2732 3820 τῆς
2804 3751 3128 3830 φιλοπονίας
3204 3756 3302 3822 τὴν
3390 3755 3741 3830 ἐπικαρπίαν,

2091 3837 2225 3908 ὅλην
2253 3846 2352 3907 τῆς
2385 3838 2536 3913 ἁγίας
2567 3837 2795 3914 Τριάδος
2828 3842 2926 3909 τήν
2961 3838 3260 3915 ἔλλαμψιν,
3308 3843 3429 3912 ἥτις
3483 3842 3615 3914 ἐστὶ,
3649 3845 3743 3898 καὶ

2091 3926 2196 3997 θ’ία,
2225 3929 2313 3981 καὶ
2347 3927 2470 3996 ὅση,
2504 3927 2556 3981 ἀί
2589 3931 2744 4002 θέμις
2774 3934 2934 3984 τοῦτο
2978 3930 3167 4000 εἰπεῖν,
3227 3931 3278 3986 ἓν
3331 3932 3476 4004 αὐτῷ
3523 3929 3743 4008 Χριστῷ

2087 4021 2166 4088 τῷ
2197 4015 2376 4091 Κυρίῳ
2407 4019 2589 4088 ἡμῶν,
2623 4022 2668 4089 ᾦ
2696 4021 2729 4087 ἡ
2767 4015 2893 4087 δόξα
2921 4019 3010 4072 καὶ
3043 4019 3104 4074 τὸ
3128 4020 3331 4096 ’κράτος
3362 4023 3474 4096 (2³1)
3506 4021 3580 4084 είς
3611 4023 3744 4084 τοὺς

2091 4105 2290 4167 αίώνας
2317 4109 2424 4160 τῶν
2457 4106 2692 4164 αἰώνων.
2730 4107 2928 4180 ’Ᾱμήν.

2091 4283 2770 4359 hanc_compendiariam
2791 4284 2943 4340 viam
2975 4286 3251 4359 ostendit,
3285 4290 3350 4342 ut
3377 4303 3480 4359 per
3509 4285 3745 4343 Domini

2091 4357 2371 4430 mandata
2420 4357 2532 4430 iter
2578 4361 2911 4430 capessant,
2939 4357 2989 4412 si
3028 4359 3100 4412 ad
3147 4375 3339 4413 veram
3379 4357 3744 4430 sapientiam

2091 4429 2389 4503 pervenire
2419 4427 2618 4503 velint.
2651 4429 2922 4503 Actiones
2954 4444 3210 4503 namque
3240 4435 3380 4485 sunt
3408 4427 3584 4486 veluti
3617 4448 3746 4503 gra-

2014 4501 2059 4566 D
2090 4501 2207 4569 dus
2250 4500 2468 4569 quibus
2513 4499 2584 4554 ad
2633 4501 2922 4556 caelestem
2977 4501 3272 4556 veritatem
3322 4499 3683 4558 ascenditu'r.
3713 4522 3739 4553 ι

2091 4567 2281 4624 Βούλει
2313 4567 2568 4642 θεολόγος
2599 4571 2841 4644 γενέσθαι
2872 4576 2979 4644 etc.

2308 4642 2780 4718 ΙΙροστοιγμάτωνζ
2801 4643 2896 4699 Or.
2932 4643 2983 4712 1,
3015 4642 3367 4718 πραγμάτων.

2303 4711 2727 4806 ᾒλοξᾴνησονι
2749 4711 3111 4806 Βθβῆϐγρέη
3139 4711 3541 4806 ὶρξλιοσόῖησον.

2188 4787 2273 4854 13)
2303 4785 2423 4854 Ὃς.
2456 4786 2548 4841 Sic
2580 4785 2673 4840 Or.
2709 4787 2758 4854 1,
2791 4791 2847 4841 et
2877 4785 3007 4840 Bas.
3045 4788 3106 4841 In
3130 4785 3299 4848 -edit.,
3332 4785 3432 4845 ὡς.

2305 4852 2514 4940 ᾎλλου
2551 4854 2665 4940 μέν.
2872 4859 3065 4940 (ἐγρςη
3098 4854 3268 4918 ἄλλος
3304 4857 3395 4930 μὶν
3433 4854 3634 4913 ἄλλου.

2165 4929 2272 4997 (15)
2310 4928 2545 4988 Πάντως.
2581 4929 2750 4983 Deest
2779 4928 2837 4982 in
2871 4928 2965 4982 0r.
3002 4930 3052 4983 1.

2161 5000 2273 5085 ςὲἒέ
2302 4997 2685 5085 Mentissa
2710 5001 2901 5085 Cyr?!»
2936 4997 2979 5085 εί
3011 4997 3201 5085 rexex.-
3239 5068 3284 5085 ..
3343 5053 3346 5058 -

2187 5071 2272 5140 17)
2304 5067 2464 5123 Τὸδὶ
2493 5067 2896 5140 ἀληθγείαςΪΟΓ.
2936 5073 2984 5135 1,
3019 5067 3117 5138 τῆξ
3142 5067 3198 5124 δὲ
3228 5067 3514 5138 ἀληθείας.

2187 5072 2250 5122 17
2304 5072 2374 5122 Τὰ
2408 5072 2464 5123 δὲ
2493 5072 2774 5140 ἀληθείας.
2804 5074 2896 5126 Or.
2936 5073 2984 5135 1,
3019 5073 3116 5138 τῆς
3142 5072 3198 5124 δὲ
3228 5072 3514 5138 ἀληθείας.

2161 5072 2272 5212 (18)
2301 5145 2563 5195 Τοσοῦτον
2634 5139 2814 5214 λείπῃ.
2877 5142 3014 5213 Reg.
3071 5143 3264 5215 Cypr.,
3325 5144 3552 5195 τοσοῦτο
3631 5137 3742 5194 λεί·

2162 4713 2178 4924 ἒ

2088 5231 2195 5266 πει.

2161 5284 2272 5351 (19)
2301 5281 2360 5336 Τί
2423 5302 2536 5352 μοι,
2597 5288 2704 5338 etc.
2761 5283 2962 5337 Billius
3021 5285 3294 5342 vertendo
3340 5301 3407 5338 ;‹‹
3459 5282 3538 5346 id,
3592 5273 3748 5352 quoii

2090 5361 2289 5423 restat,
2325 5356 2539 5428 honore
2566 5357 2835 5428 afficere.
2864 5378 2888 5402 η
2921 5355 3152 5428 videtur
3189 5355 3424 5428 legisse,
3454 5354 3586 5424 τίμᾳ
3614 5359 3750 5428 (ριέο

2086 5430 2266 5495 τιμᾷν,
2305 5426 2387 5480 vel
2419 5425 2596 5494 τίμα).
2631 5426 2721 5479 Sic
2771 5425 2913 5494 legit
2964 5425 3407 5491 Leuvenklaius,
3441 5433 3498 5481 et
3531 5426 3748 5494 reddit,

2088 5521 2115 5547 «
2152 5513 2421 5552 venerare
2453 5499 2508 5550 id
2543 5496 2695 5567 quod
2733 5497 2836 5551 tibi
2865 5498 3046 5553 deest.
3070 5521 3097 5546 ››

2159 5570 2267 5637 (20)
2304 5564 2772 5638 [Ιάντωςξῐὶοκε.
2830 5586 2883 5632 a,
2941 5569 3063 5634 bm,
3120 5569 3214 5623 Or.
3262 5570 3313 5638 1,
3376 5571 3530 5632 Par.,
3589 5564 3748 5637 ἴσως,

2095 5659 2116 5687 α
2155 5641 2414 5693 fortasse.
2452 5660 2476 5686 »
2508 5637 2639 5707 Alii,
2675 5637 2800 5698 ἴσως
2832 5640 3065 5700 πάντως.

2159 5712 2267 5836 (21)
2301 5708 2397 5762 Καὶ
2426 5709 2487 5763 τὸ
2516 5709 2734 5784 κράτος.
2764 5712 2893 5769 Haec
2925 5713 3139 5770 desunt
3168 5712 3228 5770 in
3260 5711 3401 5785 Reg.
3425 5726 3481 5780 α,
3507 5709 3752 5770 duobus

2085 5780 2161 5838 Co
2191 5783 2270 5838 b..
2303 5786 2358 5838 et
2388 5782 2484 5838 Or.
2520 5784 2570 5837 1.

2130 5798 2270 5852 010.,
2303 5798 2358 5840 et
2388 5798 2484 5838 ur.
2520 5798 2570 5837 1.
