4094 6288
391 315 547 377 1083

1625 323 1690 382 S.
1739 319 2112 381 GREGOBII
2155 317 2554 381 THEOLOGI

3637 317 3798 380 1084

386 451 435 506 si
468 467 532 504 ex
565 449 672 504 hac
704 449 817 504 vita
849 450 1175 521 migrarint.
1198 453 1359 508 Unde
1383 457 1439 507 et
1469 453 1644 519 Deus,
1668 453 1821 508 Deus
1852 454 2030 508 Abra-

2156 453 2302 525 γῶσι.
2364 452 2494 513 Καθ’
2549 452 2577 505 ὃ
2635 450 2724 505 καὶ
2780 445 3044 525 Ἀϐραὰμ,
3103 450 3192 505 καὶ
3245 451 3440 520 Ἰσαὰκ,
3473 449 3564 504 καὶ
3596 446 3794 506 Ἰακὼϐ

392 539 545 603 ham,
577 544 632 593 et
660 539 813 594 Deus
847 545 1027 609 Isaac,
1060 545 1114 596 et
1152 543 1297 595 Heus
1345 543 1524 597 Jacob
1574 543 1804 610 dicitur,
1841 547 1903 596 ut
1951 543 2032 596 vi-

386 628 646 683 ventium
682 629 853 691 Deus,
886 647 996 683 non
1035 637 1394 685 mortuorum
1419 633 1480 686 “.
1516 633 1800 686 Virtutem
1837 637 2031 686 autem

383 716 654 781 laudans,
695 719 868 772 Deum
924 718 1192 779 laudabo.
1226 738 1257 773 a
1298 737 1411 790 quo
1461 723 1643 774 virtus
1696 721 2034 775 hominibus

384 806 535 874 ﬂuit,
570 806 848 877 illudque,
878 812 942 861 ut
973 825 1073 878 per
1101 813 1404 878 cognatam
1441 809 1926 864 illuminationem
1962 810 2030 862 ad

386 911 519 949 eum
570 895 907 964 evehantur,
941 897 1024 950 vel
1073 898 1265 966 potius
1316 899 1686 951 reducantur.
1720 898 1866 952 Nam
1899 915 2031 952 cum

387 983 575 1038 multa
603 989 659 1039 et
689 1002 902 1055 magna
953 986 1088 1050 sint,
1124 993 1299 1057 atque
1344 988 1484 1042 adeo
1519 993 1603 1042 tot
1650 992 1706 1041 et
1755 992 1936 1053 tanta,
1973 991 2036 1040 ut

387 1088 557 1126 nemo
589 1089 655 1126 ea
687 1090 954 1127 sermone
985 1074 1286 1145 complecti
1322 1077 1528 1144 possit,
1559 1092 1685 1146 quae
1719 1092 1823 1130 nos
1856 1092 1887 1129 a
1920 1075 2033 1129 Deo

380 1161 503 1231 jam
540 1159 848 1229 habemus,
882 1164 1242 1235 jamjamque
1287 1165 1544 1219 habituri
1577 1181 1814 1230 sumus;
1851 1164 2032 1218 maxi-

388 1267 551 1304 mum
585 1257 778 1305 tamen
823 1257 879 1305 et
929 1251 1427 1308 humanissimum
1477 1258 1585 1320 est,
1622 1255 1929 1325 propensio
1962 1254 2031 1307 ad

384 1357 519 1395 eum
534 1345 706 1411 atque
729 1341 1109 1396 familiaritas.
1131 1343 1274 1397 Nam
1293 1345 1444 1413 quod
1469 1344 1640 1397 rebus
1656 1343 2034 1398 sensibilibus

388 1434 476 1484 est
507 1429 614 1494 sol,
639 1429 749 1483 hoc
781 1430 872 1499 iis,
899 1448 1021 1501 quae
1054 1431 1248 1486 animo
1273 1437 1328 1486 et
1358 1434 1580 1487 ratione
1601 1431 2031 1503 intelliguntur,

384 1524 472 1573 est
519 1524 686 1573 Deus.
725 1519 826 1574 llle
874 1521 1029 1574 enim
1081 1522 1366 1574 mundum
1419 1522 1572 1575 hunc
1623 1520 2032 1592 aspectabilem

385 1606 712 1673 collustrat,
745 1608 840 1662 hic
871 1608 1262 1676 invisibilem;
1298 1610 1391 1664 ille
1434 1611 1692 1680 corporis
1724 1611 1924 1664 oculos
1956 1609 2035 1663 ita

383 1696 584 1761 atﬁcit,
619 1702 681 1750 ut
713 1697 907 1752 lumen
944 1699 1130 1768 ipsius
1162 1698 1374 1753 intueri
1409 1701 1653 1770 possint,
1681 1699 1776 1753 hic
1809 1702 2034 1753 mentes

387 1785 616 1840 divinas
648 1786 855 1839 reddit.
889 1788 1073 1856 Atque
1106 1792 1170 1841 ut
1207 1787 1322 1855 ille,
1357 1804 1510 1854 cum,
1545 1793 1601 1841 et
1632 1787 1703 1842 iis
1736 1804 1862 1858 qua
1896 1803 2031 1841 ocu-

387 1873 576 1929 lorum
613 1891 784 1928 sensu
829 1876 1067 1945 praedita
1098 1881 1254 1930 sunt.
1289 1880 1344 1930 et
1375 1877 1446 1931 iis
1478 1893 1601 1946 ques
1636 1883 1875 1947 aspectu
1904 1893 2034 1931 sen-

386 1961 635 2029 tiuntur,
671 1961 817 2015 hanc
848 1963 962 2016 vim
997 1962 1234 2028 tribuat,
1270 1969 1332 2018 ut
1366 1969 1422 2018 et
1455 1964 1555 2019 illa
1583 1965 1797 2033 videre,
1830 1969 1887 2019 et
1918 1964 2038 2018 haec

385 2050 511 2104 visu
561 2051 778 2121 percipi
830 2052 1076 2122 possint,
1109 2052 1344 2107 interim
1397 2058 1591 2108 tamen
1645 2053 1770 2124 ipse
1819 2054 2036 2120 omnia,

386 2155 510 2208 quae
543 2138 728 2194 oculis
759 2140 1022 2210 subjecta
1053 2147 1211 2210 sunt,
1238 2141 1675 2211 pulchritudine
1701 2141 2034 2196 antecellit:

387 2228 588 2282 eodem
625 2228 793 2282 modo
830 2228 1002 2293 Deus,
1037 2246 1170 2284 cum
1206 2234 1323 2285 tam
1360 2230 1451 2300 iis,
1484 2247 1609 2301 quae
1651 2231 2040 2302 intelligentia

391 2320 656 2382 utuntur,
682 2333 859 2387 quam
884 2334 1008 2388 quae
1036 2324 1231 2373 mente
1252 2324 1306 2374 et
1337 2319 1631 2374 intellectu
1658 2320 2035 2391 comprehen-

393 2405 632 2474 duntur,
656 2406 763 2461 hoc
786 2407 1007 2474 afferat,
1032 2413 1094 2460 ut
1125 2407 1224 2461 illa
1253 2414 1310 2462 et
1341 2407 1694 2481 intelligant,
1719 2413 1775 2463 et
1803 2409 1924 2464 haec
1956 2409 2041 2462 in-

390 2493 707 2564 telligentia
738 2493 1151 2566 percipiantur,
1187 2497 1310 2567 ipse
1349 2501 1543 2552 tamen
1577 2496 2039 2568 intelligibilium

392 2583 655 2639 omnium
703 2601 974 2639 summus
1021 2591 1109 2640 est
1155 2589 1373 2652 vertex,
1405 2587 1463 2640 in
1516 2604 1630 2658 quo
1682 2587 2038 2642 desiderium

2143 538 2324 594 ἆκούει
2376 542 2522 612 Θεὸς,
2575 541 2601 594 6
2651 541 2798 608 Θεὸς,
2852 540 2923 600 ὡς
2955 541 3015 593 οὐ
3047 544 3248 614 νεκρῶν
3281 540 3430 607 Θεὸς,
3464 537 3612 593 ἀλλὰ
3658 541 3793 607 ζών-

2141 648 2247 681 των
2304 631 2436 701 (29).
2512 630 2734 703 Ἀρετὴν
2794 626 2849 682 δὶ
2907 628 3154 694 ἐπαινῶν,
3232 629 3356 682 Θεὸν
3418 627 3790 700 ἰπαινέσομαι,

2142 718 2268 792 παρ’
2301 717 2360 770 οὐ
2390 722 2506 779 τοῖς
2539 719 2840 792 ἀνθρώποις
2873 719 2907 786 ἡ
2961 718 3147 792 ἀρετὴ,
3205 717 3296 770 καὶ
3346 717 3407 770 τὸ
3439 717 3575 789 πρὸς
3635 717 3791 770 αὐτὸν

2144 805 2453 880 ἀνάγεσθαι,
2603 805 2957 880 ἐπανάγεσθαι
3010 803 3099 858 διὰ
3155 812 3252 874 τῆς
3334 810 3619 880 συγγενοῦς
3677 808 3786 874 (30)

2145 893 2496 968 ἐλλάμψεως.
2549 894 2780 950 Πολλῶν
2829 896 2929 970 γὰρ
2981 896 3149 948 ἅντων
3197 896 3332 966 ἡμῖν
3382 893 3470 948 καὶ
3516 892 3789 970 μεγάλων,

2146 983 2206 1038 οὐ
2243 985 2335 1056 μὶν
2373 985 2462 1037 οὗν
2495 981 2636 1038 εἶ’ποι
2688 1005 2772 1045 τις
2816 984 2873 1037 ἂν
2925 982 3135 1053 ἡλίκων
3169 982 3257 1037 καὶ
3290 984 3430 1036 ’ὀσων
3464 983 3534 1036 ὧν
3570 983 3630 1037 ἐκ
3659 987 3791 1037 Θεοῦ

2146 1072 2346 1147 ἔχομέν
2373 1094 2430 1128 τε
2458 1072 2546 1128 καὶ
2580 1069 2764 1146 ἕξομεν
2790 1092 2801 1104 ·
2834 1077 2994 1128 τοῦτο
3049 1074 3300 1146 μέγιστον
3344 1073 3433 1125 καὶ
3483 1071 3792 1148 φιλανθρω-

2144 1163 2398 1230 πότατον,
2452 1165 2485 1230 ἡ
2538 1163 2672 1238 πρὸς
2720 1162 2876 1216 αὐτὸν
2930 1165 3044 1234 (31)
3086 1160 3261 1223 νεῦσίς
3290 1183 3347 1216 τε
3377 1161 3465 1214 καὶ
3498 1161 3790 1223 οἷ’κείωσις.

2143 1254 2316 1326 ’Όπερ
2345 1253 2444 1327 γάρ
2479 1250 2590 1306 ἐστι
2619 1257 2736 1313 τοῖς
2768 1251 3044 1320 αἰσθητοῖς
3074 1248 3258 1321 ἥλιος,
3307 1249 3466 1304 τοῦτο
3507 1256 3626 1311 τοῖς
3667 1273 3796 1320 νοη-

2142 1346 2256 1402 τοῖς
2289 1340 2439 1402 Θεός.
2473 1343 2533 1397 Ὀ
2568 1342 2660 1412 μὲν
2694 1342 2796 1415 γὰρ
2826 1342 2915 1394 τὸν
2961 1340 3238 1415 όρώμενον
3292 1339 3511 1417 φωτίζει
3561 1339 3793 1410 κόσμον,

2145 1433 2172 1485 6
2207 1428 2263 1484 δὲ
2320 1429 2411 1485 τὸν
2473 1430 2738 1506 ἀόρατονο
2800 1429 2890 1484 καὶ
2945 1430 2972 1483 6
3027 1430 3120 1502 μὶν
3165 1431 3259 1490 τὰς
3294 1429 3609 1501 σωματικὰς
3641 1424 3793 1502 ὄψεις

2144 1517 2466 1589 ἡλιοειδεῖς,
2498 1520 2525 1573 6
2559 1517 2615 1573 δὲ
2643 1519 2737 1580 τὰς
2766 1518 2956 1593 νοερὰς
2989 1519 3173 1595 φύσεις
3223 1516 3474 1579 Θεοειδεῖς
3525 1519 3639 1590 (32)
3690 1518 3798 1571 ἀπ-

2146 1610 2441 1684 εργάζεται.
2493 1609 2590 1661 Καὶ
2643 1607 2823 1684 ὣσπερ
2881 1606 3039 1669 οὗτος
3091 1613 3208 1668 τοῖς
3244 1628 3302 1661 τε
3333 1608 3446 1680 (33)
3477 1608 3644 1681 ὁρῶσι
3703 1607 3794 1661 καὶ

2141 1702 2255 1758 τοῖς
2287 1697 2609 1771 ὁρωμένοις,
2640 1702 2758 1758 τοῖς
2815 1697 2907 1768 μὲν
2956 1697 3054 1763 τὴν
3110 1701 3205 1750 τοῦ
3257 1697 3406 1769 ὁρᾷν,
3451 1701 3572 1757 τοῖς
3607 1693 3664 1749 δὶ
3693 1697 3793 1765 τὴν

2143 1791 2239 1840 τοῦ
2272 1787 2491 1862 ὁρᾶσθαι
2523 1787 2779 1860 παρέχων
2817 1783 3069 1857 δύναμιν,
3127 1784 3288 1845 αὐτὸς
3337 1789 3443 1839 τῶν
3494 1785 3791 1858 ὁρωμένων

2146 1877 2256 1930 έστὶ
2287 1877 2348 1929 τὸ
2377 1873 2671 1929 κάλλιστον
2701 1893 2713 1904 ·
2775 1873 2918 1928 οὕτω
2971 1875 3100 1934 Θεὸς
3147 1879 3268 1935 τοῖς
3319 1878 3502 1927 νοοῦσι
3553 1875 3794 1935 καὶτοῖς

2145 1965 2484 2036 νοουμένοις,
2525 1969 2640 2025 τοῖς
2678 1965 2770 2035 μὲν
2820 1964 2881 2016 τὸ
2913 1968 3077 2030 νοεῖν,
3106 1968 3222 2024 τοῖς
3254 1959 3309 2016 δὲ
3337 1964 3398 2017 τὸ
3428 1964 3659 2017 νοεῖσθαι
3696 1962 3796 2032 δη-

2152 2059 2448 2130 μιουργῶν,
2500 2053 2659 2114 αὐτὸς
2711 2056 2816 2106 τῶν
2867 2051 3178 2125 νοουμένων
3226 2050 3337 2106 έστὶ
3381 2053 3444 2106 τὸ
3473 2051 3795 2125 ἀκρότατον,

2149 2141 2224 2202 εἷς
2256 2139 2311 2194 ὅν
2345 2146 2489 2195 πᾶσα
2521 2139 2696 2217 ἔφεσις
2719 2137 2953 2196 ⁸ίσταται.
3001 2140 3089 2193 καὶ
3136 2141 3267 2214 ὑπὲρ
3302 2139 3358 2195 δν
3411 2137 3653 2212 οὐδαμοῦ
3704 2141 3799 2218 φέ-

2151 2251 2316 2306 ρεται.
2351 2227 2486 2284 Οὐδὲ
2514 2231 2614 2304 γὰρ
2649 2225 2760 2304 ἔχει
2792 2250 2844 2282 τι
2878 2226 3237 2302 ὑψηλότερον,
3351 2227 3498 2289 ὃλως
3527 2225 3630 2299 ἔξει
3661 2231 3800 2302 (34),

2151 2316 2275 2373 οὐδὲ
2324 2318 2351 2372 6
2401 2317 2847 2395 φιλοσοφώτατος
2893 2314 3021 2379 νοῦς
3069 2316 3158 2370 καὶ
3218 2311 3704 2385 διαϐατικώτατος,
3760 2318 3800 2385 ἢ

2148 2404 2793 2481 πολυπραγμονέστατος.
2853 2410 3021 2459 Τοῦτο
3080 2406 3180 2480 γάρ
3240 2404 3350 2459 ἐστι
3400 2406 3460 2459 τὸ
3516 2409 3624 2460 τῶν
3685 2405 3806 2480 ὀρε-

2148 2501 2286 2551 κτῶν
2321 2493 2570 2571 ἔσχατον,
2604 2496 2693 2550 καὶ
2724 2493 2785 2549 οὗ
2817 2493 3132 2571 γενομένοις
3165 2495 3343 2564 πάσης
3392 2493 3621 2569 θεωρίας
3667 2495 3801 2548 ἀνά-

2150 2605 2362 2646 παυσις.

394 2689 567 2727 omne
624 2673 891 2728 consistit
939 2691 1004 2728 ac
1057 2675 1351 2746 deﬁgitur,
1383 2681 1438 2730 et
1469 2693 1839 2747 nequaquam
1892 2693 2070 2748 supra
2117 2692 2250 2732 eum
2301 2677 2502 2731 fertur.
2537 2676 2650 2731 Nec
2681 2675 2837 2730 enim
2870 2674 3194 2745 quidquam
3251 2674 3568 2729 sublimius
3624 2673 3807 2728 habet

393 2767 496 2816 aut
526 2762 764 2817 omnino
794 2763 1033 2818 habebit
1066 2781 1231 2819 mens
1265 2764 1404 2831 ulla,
1437 2766 1814 2835 quantumvis
1860 2766 2266 2837 philosOphica
2296 2766 2392 2833 sit,
2427 2768 2484 2820 et
2514 2764 2799 2819 altissime
2846 2763 3115 2830 tendens,
3149 2779 3214 2818 ac
3265 2779 3496 2817 summe
3544 2762 3803 2817 curiosa.

395 2851 512 2906 Hoc
561 2851 774 2906 etenim
825 2869 1020 2907 rerum
1079 2855 1346 2909 omnium
1403 2856 1855 2926 expetendarum
1889 2859 2211 2911 extremum
2255 2860 2362 2924 est,
2388 2871 2502 2924 quo
2551 2870 2686 2908 cum
2737 2852 3191 2924 pervenerimus,
3225 2853 3418 2907 omnis
3476 2850 3804 2922 speculatio

393 2941 782 3010 conquiescet.

469 3031 533 3086 II.
569 3031 909 3102 Cuicunque
955 3031 1134 3102 igitur
1160 3036 1391 3089 terrena
1422 3034 1573 3089 mole
1603 3051 1705 3106 per
1755 3033 2041 3089 rationem

2225 3033 2299 3089 B'.
2333 3032 2507 3108 ’ῼτινι
2544 3031 2635 3103 μὶν
2688 3029 2778 3084 οὗν
2840 3027 3126 3103 ἐξεγένετο,
3181 3025 3269 3082 διὰ
3326 3027 3497 3102 λόγου
3527 3025 3616 3081 καὶ
3665 3028 3804 3081 Θεω-

396 3123 453 3174 et
485 3121 1036 3191 contemplationem
1083 3127 1374 3194 perrupta,
1410 3122 1716 3194 solutaque
1748 3123 1895 3178 387
1933 3123 2040 3176 hac

2156 3121 2268 3197 ρίας
2303 3119 2584 3194 διασχόντι
2612 3120 2710 3187 τήν
2746 3117 2882 3185 ὕλην
2929 3118 3017 3172 καὶ
3048 3118 3110 3172 τὸ
3159 3118 3410 3193 σαρκικὸν
3455 3120 3641 3184 τοῦτο,
3696 3113 3805 3170 εἷίτε

397 3207 639 3273 carnali,
663 3209 782 3263 sive
813 3211 1019 3274 nubes,
1041 3210 1160 3264 sive
1190 3211 1476 3266 obvelatio
1499 3211 1743 3267 dicenda
1773 3216 1880 3280 est,
1907 3228 2040 3266 cum

396 3296 513 3352 Deo
544 3298 957 3352 commercium
992 3298 1223 3364 habere,
1247 3316 1312 3354 ac
1344 3300 1671 3372 purissimas
1702 3300 1838 3365 luci,
1863 3317 2045 3371 quau-

396 3389 522 3441 tum
555 3385 824 3440 humanas
857 3391 1076 3441 naturaa
1108 3389 1309 3442 datum
1338 3393 1445 3458 est,
1471 3389 1832 3444 commisceri
1867 3389 2042 3443 licue-

399 3474 495 3539 rit,
529 3475 578 3530 is
609 3474 825 3546 duplici
857 3475 1089 3531 nomine
1119 3477 1325 3531 beatus
1357 3478 1651 3547 pradicari
1688 3479 1882 3545 debet;
1915 3483 2040 3532 tum

399 3564 552 3636 quod
604 3563 739 3618 hinc
787 3580 1024 3619 sursum
1058 3566 1400 3632 ascenderit,
1433 3571 1558 3620 tum
1606 3567 1760 3636 quod
1810 3566 2041 3620 deiﬁca-

397 3652 614 3707 tionem
648 3652 806 3706 illam
839 3653 910 3706 sit
944 3658 1312 3719 consecutus,
1339 3671 1515 3724 quam
1545 3671 1744 3709 verum
1778 3658 1834 3708 et
1864 3655 2045 3708 since-

400 3757 531 3795 rum
564 3741 946 3812 philosophia:
987 3742 1246 3796 studium
1291 3743 1578 3812 conciliat,
1605 3761 1668 3798 ac
1702 3745 1914 3798 mentis
1947 3761 2044 3797 su-

400 3848 505 3903 pra
534 3834 828 3885 terrenum
876 3831 1165 3885 binarium
1200 3832 1393 3901 elatio,
1430 3836 1663 3902 propter
1692 3849 1840 3900 eam,
1867 3849 2042 3902 quam

401 3921 460 3974 in
488 3919 770 3974 Trinitate
815 3919 1222 3991 intelligimus,
1257 3922 1561 3976 unitatem.
1597 3921 1702 3986 Qui
1746 3925 1939 3975 autem
1973 3921 2044 3975 ob

402 4010 612 4063 animae
635 4026 765 4063 cum
804 4025 1043 4080 corpore
1074 4011 1542 4080 conjunctionem
1575 4012 1826 4065 deterior
1858 4011 2045 4064 factus

402 4103 512 4164 est,
537 4113 601 4150 ac
650 4097 773 4152 luto
821 4115 1006 4168 usque
1039 4099 1180 4153 adeo
1214 4100 1401 4165 haesit,
1438 4104 1501 4153 ut
1531 4115 1635 4153 nec
1682 4099 1740 4152 in
1787 4098 2047 4153 veritatis

404 4185 597 4240 radios
629 4187 841 4240 mentis
872 4187 1052 4242 aciem
1085 4187 1406 4251 intendere,
1431 4204 1534 4241 nec
1567 4205 1744 4258 supra
1774 4187 2049 4242 inferiora

402 4274 523 4329 haec
553 4292 859 4346 assurgere
891 4281 1080 4344 queat,
1106 4276 1278 4346 idque
1319 4293 1449 4330 cum
1483 4277 1734 4347 desuper
1764 4276 2047 4347 originem

401 4363 664 4431 traxerit,
687 4369 743 4419 et
774 4365 845 4420 ad
877 4382 1090 4436 supera
1137 4369 1392 4432 vocetur,
1426 4363 1591 4420 illum
1639 4364 1748 4419 hac
1796 4364 2048 4420 caecitate

406 4451 688 4507 miserum
721 4453 1010 4517 existimo,
1043 4453 1272 4507 etiamsi
1317 4469 1409 4508 res
1441 4453 1684 4523 hujusce
1713 4454 1837 4508 vitae
1868 4453 1951 4508 illi
1983 4470 2050 4509 ex

2151 3209 2307 3287 νέφος
2341 3209 2452 3284 χρὴ
2489 3206 2683 3283 λέγειν,
2718 3205 2824 3262 εἴτε
2853 3205 3230 3282 προκάλυμμα
3259 3207 3392 3277 (35),
3443 3209 3558 3276 Θεῷ
3603 3225 3801 3279 συγγε-

2150 3297 2352 3366 vicem,
2404 3297 2490 3352 noti
2539 3301 2619 3368 τῷ
2671 3297 3110 3373 ἇκραιφνεστάτῳ
3162 3294 3300 3373 φωτὶ
3331 3295 3612 3368 κραθῆναι,
3665 3304 3800 3355 καθ-

2153 3388 2276 3444 όσον
2307 3386 2519 3465 ἐφικτὸν
2555 3384 2862 3458 ἀνθρωπίνῃ
2893 3385 3046 3462 φύσει
3075 3403 3087 3415 ·
3140 3383 3402 3457 μακάριος
3462 3379 3641 3449 οὗτος,
3697 3387 3802 3449 τῆς

2152 3499 2208 3532 τε
2239 3477 2472 3531 ἐντεῦθεν
2506 3472 2836 3542 ἀναϐάσεως,
2867 3473 2956 3527 καὶ
2986 3479 3086 3541 τῆς
3136 3472 3304 3527 ἐκεῖσε
3359 3474 3471 3543 (36)
3529 3471 3800 3536 Θεώσεως,

2152 3567 2217 3635 ἦν
2250 3566 2310 3619 τὸ
2339 3563 2569 3640 γνησίως
2604 3562 2969 3639 φιλοσοφῆσαι
2999 3560 3304 3635 χαρίζεσαι,
3333 3559 3422 3613 καὶ
3449 3559 3510 3614 τὸ
3545 3559 3676 3634 ὑπὲρ
3698 3558 3797 3627 τὴν

2156 3654 2348 3722 ὑλικήν
2386 3649 2552 3706 δυάδα
2577 3651 2839 3726 γενέσθαι,
2872 3648 2959 3704 διὰ
2989 3652 3087 3718 τὴν
3122 3648 3173 3703 ἐν
3223 3652 3290 3721 τῇ
3339 3645 3527 3723 Τριάδι
3575 3649 3804 3718 νοουμέο

2152 3766 2249 3812 νην
2285 3741 2508 3810 ένότητα
2544 3742 2728 3801 ’Ὀστις
2763 3738 2820 3794 δὲ
2852 3740 2953 3794 ὑπὸ
2982 3745 3081 3808 τῆς
3134 3740 3246 3811 (37)
3298 3738 3554 3811 συζυγίας
3603 3737 3805 3811 χείρων

2156 3830 2383 3907 ἰγένετο,
2443 3828 2530 3884 καὶ
2588 3833 2843 3883 τοσοῦτον
2904 3833 2981 3899 τῷ
3028 3826 3195 3899 πηλῷ
3244 3828 3565 3901 συνεσχέθη,
3611 3825 3686 3886 ὡς
3721 3827 3800 3896 μή

2158 3919 2450 3988 δυνηθῆναι
2507 3913 2774 3990 ὶμὸλέψαι
2835 3918 2970 3990 πρὸς
3013 3917 3108 3977 τὰς
3157 3922 3256 3984 τῆς
3307 3913 3568 3984 ἀληθείας
3615 3913 3802 3988 αὐγὰς,

2162 4007 2300 4082 μηδὲ
2361 4008 2490 4080 ὑπὲρ
2536 4006 2602 4060 τὰ
2643 4006 2789 4061 κάτω
2831 4005 3099 4080 γενέσθαι,
3145 4005 3384 4081 γεγονὼς
3433 4004 3652 4069 ἄνωθεν,
3712 4002 3802 4055 καὶ

2156 4098 2290 4173 πρὸς
2322 4099 2387 4151 τὰ
2418 4093 2526 4150 ἅνω
2575 4095 2911 4168 καλούμενος
2938 4112 2950 4125 ·
3002 4091 3188 4155 ἄθλιος
3231 4093 3392 4154 οὗτος
3426 4091 3547 4164 ἐμοὶ
3577 4098 3679 4160 τῆς
3708 4112 3804 4145 τυ-

2159 4185 2445 4265 φλώσεως,
2505 4184 2599 4239 κᾶν
2661 4184 2824 4259 εὐροῇ
2881 4188 2998 4244 τοῖς
3059 4181 3314 4237 ἐνταῦθα·
3391 4181 3479 4235 καὶ
3559 4179 3805 4250 τοσούτῳ

2158 4274 2342 4342 πλέον,
2376 4271 2589 4346 ὅσῳπερ
2622 4273 2679 4326 ἂν
2718 4270 2930 4345 μᾶλλον
2967 4272 3067 4326 ὑπὸ
3109 4277 3209 4340 τῆς
3263 4269 3475 4344 εὐροίας
3521 4268 3807 4337 παίζηται,

2157 4365 2247 4418 καὶ
2275 4364 2522 4432 πείθηται
2556 4359 2694 4416 ἄλλο
2724 4383 2775 4415 τι
2805 4360 2970 4415 καλὸν
3013 4361 3146 4414 εἶναι
3190 4358 3296 4433 πρὸ
3347 4362 3444 4413 τοῦ
3492 4352 3648 4418 ὄντος
3708 4377 3807 4410 κα-

2162 4452 2283 4523 λοῦ,
2338 4450 2578 4523 πονηρὸν
2634 4455 2875 4524 πονηρᾶς
2936 4444 3090 4519 δόξης
3144 4448 3347 4523 καρπὸν
3393 4443 3806 4522 δρεπόμενος,ἦ

405 4542 583 4596 animi
636 4542 927 4597 sententia
973 4543 1179 4609 ﬂuant,
1231 4547 1510 4613 tantoque
1559 4543 1734 4598 etiam
1786 4542 2040 4598 miserio-

2164 4510 2323 4619 ζόφον
2373 4510 2790 4614 κατακριθῆναι,
2910 4538 2983 4600 ὡς
3042 4535 3147 4610 πῦρ
3183 4510 3335 4609 ἰδεῖν,
3368 4535 3424 4591 ὅν
3459 4535 3532 4597 ὡς
3565 4537 3681 4612 φῶς
3711 4533 3804 4589 οὐχ

406 4647 549 4702 rem,
584 4636 800 4704 quanto
845 4632 1034 4703 magis
1066 4648 1098 4685 a
1127 4632 1383 4686 secundo
1414 4648 1479 4687 ac
1511 4632 1662 4687 felici
1695 4633 1852 4686 ﬂuxu
1883 4631 2052 4687 delu-

472 4749 518 4785 “
545 4749 746 4805 Matth.
779 4764 917 4818 xxn,
948 4749 1038 4803 32.

472 4877 585 4947 (29)
644 4873 791 4936 Θεὸς,
862 4873 936 4934 ὡς
1004 4871 1069 4925 οὐ
1133 4876 1333 4947 νεκρῶν
1385 4873 1536 4942 Θεὸς,
1604 4872 1750 4947 ἀλλὰ
1814 4873 2046 4941 ζώντων.

402 4969 432 4998 ‹‹
465 4946 588 5002 Νοη
625 4951 687 5001 ut
730 4951 1094 5001 mortuorum
1149 4946 1317 5012 Deus,
1374 4948 1473 5001 sed
1523 4946 1866 5002 viventium.
1893 4969 1922 4997 »
1955 4947 2051 5001 Sic

405 5019 584 5107 ᾖδες.
622 5019 988 5107 ριυιζοε,ἠί1ιιο
1019 5017 1344 5107 goisl.,9r.
1461 5023 1568 5107 etc;
1604 5024 1776 5107 Deest
1824 5019 1880 5107 i‘n
1935 5019 2049 5105 ed.,

404 5088 574 5150 ὡςού
606 5088 806 5163 νεκρῶν
854 5089 1001 5149 Θεός.
1039 5091 1100 5144 In
1151 5090 1504 5160 quibusdam
1555 5090 1786 5162 legitur,
1819 5088 1892 5148 ὡς
1926 5088 2052 5163 οὐχὶ

397 5165 601 5234 νεκρῶν
633 5162 780 5221 Θεός.

619 5234 942 5312 Συγγεκνοξς.
975 5237 1069 5312 ΟΞ.
1106 5232 1131 5285 1
1167 5233 1329 5288 addit
1362 5233 1514 5312 ἡμῖν.
1646 5304 1660 5312 _
1740 5302 1749 5312 .

473 5302 584 5374 (31)
618 5302 810 5361 Αὐτόν.
857 5305 951 5359 Sic
1013 5305 1186 5376 Begg.
1239 5321 1291 5372 a,
1341 5320 1389 5368 c,
1442 5304 1497 5370 d,
1548 5302 1814 5357 undecim
1867 5302 2050 5369 Colb.,

401 5378 543 5443 Jes.,
580 5384 687 5432 etc.
726 5381 786 5434 In
828 5377 942 5440 ed.,
979 5375 1126 5429 αὐτό.

477 5440 590 5519 (32)
630 5445 1020 5506 Ἠλιοειδεῖς...
1075 5440 1350 5519 θεοειδεῖς.
1399 5467 1423 5493 ‹‹
1472 5445 1662 5519 Solem
1722 5445 2051 5519 videntes...

406 5517 589 5575 Deum
637 5524 972 5578 videntes.»
1005 5520 1132 5574 Haec
1183 5518 1488 5587 utriusque
1520 5517 1673 5571 vocis
1722 5533 1850 5570 esse
1897 5517 2053 5570 vide-

406 5591 903 5663 tursigniﬂcatic.
937 5591 1124 5655 Quare
1154 5590 1264 5663 hic
1298 5590 1461 5663 locus
1492 5589 1573 5663 sic
1606 5588 1766 5663 reddi
1815 5592 2052 5663 potest:

415 5683 438 5712 ι
470 5661 569 5719 Ille
590 5658 795 5738 Efﬁcit,
827 5669 894 5720 ut
940 5662 1200 5736 corporis
1241 5660 1396 5719 oculi
1445 5661 1628 5719 solem
1675 5658 1927 5732 videant,
1960 5658 2056 5717 hic

2164 4631 2475 4706 ἐγνώρισεν.

2161 4887 2394 4958 quoque
2423 4872 2622 4939 efﬁcit,
2654 4875 2719 4927 ut
2759 4873 2981 4926 natura
3018 4867 3260 4924 rationis
3293 4870 3592 4939 compotes
3625 4866 3806 4922 Deum

2159 4946 2464 5001 videant.»

2234 5017 2341 5088 (33)
2371 5020 2456 5071 Τε,
2489 5013 2870 5089 Sie_qua_tuor
2901 5015 3082 5089 Regg.
3115 5009 3290 5066 Deest
3313 5009 3374 5089 in
3406 5010 3535 5089 ed."
3645 5079 3674 5089 Α
3723 5079 3732 5089 ι

2233 5077 2344 5159 (34)
2376 5089 2540 5161 "agn.
2576 5077 2668 5161 Sic
2718 5085 2899 5161 Regg.
2932 5077 3373 5161 quihquetoctc
3421 5077 3812 5161 go.lb.,_Coisl.

2165 5161 2214 5226 1,
2240 5153 2408 5215 'Pa'ss.
2443 5153 2530 5227 lta
2558 5158 2733 5213 etiam
2767 5153 2910 5227 legit
2940 5153 3585 5227 Billius._Combe1isius
3614 5154 3815 5206 tamen

2163 5224 2417 5303 praefert,
2447 5225 2683 5304 Exutut
2713 5229 2772 5282 in
2805 5224 2979 5304 editis
3007 5224 3313 5304 reperitur.

2235 5305 2347 5375 (35)
2399 5289 2813 5376 ’Πρὂκάλυμμα.
2883 5289 3152 5354 οοίει.’1
3224 5295 3418 5364 addit,
3490 5289 3820 5347 διαπτύσαν-

2379 5447 2601 5521 Ἐκεῖσε.
2637 5445 2700 5497 In
2734 5439 3056 5521 nonnullis,
3091 5437 3313 5521 έκεῖβεν.
3347 5509 3356 5521 ¹
3397 5508 3408 5521 1
3477 5509 3488 5521 ⁸
3559 5511 3592 5521 λ
3710 5511 3718 5521 Ι
3765 5507 3775 5518 ⁸

2166 5508 2348 5644 “(1127)
2378 5521 2507 5584 Τῆς.
2539 5515 2632 5571 Sic
2663 5514 2925 5588 quinque
2955 5512 3134 5586 Regg.
3168 5515 3223 5566 et
3261 5508 3435 5566 Coisl.
3471 5509 3519 5563 1.
3554 5511 3731 5563 Deest.
3762 5508 3828 5563 in
