4094 6288
258 330 411 392 {085

1187 331 1476 394 ORATIO
1520 332 1681 394 XXI.
1707 366 1786 376 —
1812 331 1891 391 IN
1936 329 2268 394 LAUDEM
2312 328 2765 391 ATHANASII.

3502 322 3659 385 I088

254 478 352 517 sus
383 461 578 531 fuerit,
604 460 836 533 sibique
864 460 1023 517 aliud
1056 464 1372 535 quodpiam
1406 463 1647 532 bonum,
1669 480 1804 519 vero
1837 462 1989 518 bono
2020 462 2410 534 prazstabilius
2438 476 2566 517 esse
2597 460 2973 533 persuaserit,
3005 458 3228 514 malum
3260 457 3465 529 utique
3494 456 3658 513 malis

253 553 542 627 Opinionis
576 554 829 608 fructum
862 555 1200 624 decerpens,
1230 555 1532 623 nimirum,
1564 560 1630 609 ut
1659 554 1745 609 vel
1776 554 2031 610 tenebris
2062 553 2396 619 mulctetur,
2422 552 2509 608 vel
2542 569 2674 608 eum
2707 556 2988 622 tanquam
3019 550 3215 622 ignem
3246 550 3457 616 videat,
3483 565 3654 617 quem

254 648 315 698 ut
345 643 534 697 lucem
568 644 808 698 minime
838 645 1127 716 cognovit.

320 748 392 801 I".
426 751 601 801 Ταῦτα
631 745 838 822 ὀλίγοις
901 748 993 819 μὶν
1054 746 1452 825 ἰφιλοσυφήθη,
1504 748 1594 803 καὶ
1643 752 1751 803 τῶν
1778 752 1892 818 νῦν,
1927 813 1928 817 η

2082 750 2177 805 ΙΙΙ.
2214 755 2343 805 Hinc
2389 750 2611 821 paucis,
2642 754 2760 804 tam
2796 753 3007 803 nostra;
3057 745 3447 818 tempestatis,
3481 760 3655 815 quam

258 835 345 890 καὶ
375 839 481 889 τῶν
514 833 683 889 πάλαι
717 835 921 909 (ὀλίγοι
970 836 1073 911 γὰρ
1124 838 1174 890 o't
1202 842 1300 892 τοῦ
1331 842 1485 905 Θεοῦ,
1517 837 1562 892 εἷ
1588 838 1676 892 καὶ
1706 839 1903 899 πάντες

260 922 592 997 πλάσματα),
625 923 962 995 νομοθέταις,
1012 931 1361 1000 στρατηγοῖς,
1414 927 1635 1001 ἱερεῦσι,
1685 928 1901 1001 προφή-

254 1033 394 1079 ταις,
454 1010 880 1087 εὐαγγελισταῖς,
928 1012 1279 1085 ἀποστόλοις,
1340 1017 1582 1088 ποιμέσι,
1651 1013 1902 1070 διδασκά-

256 1099 397 1167 λοις,
429 1100 517 1155 καὶ
552 1103 664 1173 (38)
691 1100 847 1154 παντὶ
894 1107 1243 1174 πνευματικῷ
1295 1101 1631 1179 πληρώματι
1680 1105 1769 1158 καὶ
1818 1125 1906 1157 συ-

256 1191 511 1262 στήματι,
574 1188 623 1243 ἐν
685 1186 742 1243 δὲ
796 1195 913 1252 τοῖς
962 1196 1115 1260 πᾶσι,
1163 1192 1359 1264 καὶτῷ
1388 1197 1479 1246 νῦν
1507 1192 1900 1265 ἐπαινουμένῳ.

256 1278 409 1340 Τίνας
444 1275 509 1346 δὴ
544 1276 687 1354 λέγω
714 1279 979 1347 τούτους;
1013 1279 1135 1333 Οἶον
1177 1281 1268 1335 τὸν
1321 1282 1500 1357 Ἑνὼχ
1536 1282 1760 1350 ἐκεῖνον,
1808 1282 1899 1336 τὸν

258 1372 399 1435 Νῶε,
451 1367 543 1421 τὸν
612 1360 866 1441 Αόραὰμ,
916 1369 1007 1423 τὸν
1070 1370 1268 1437 Ἰσαὰκ,
1328 1371 1418 1424 τὸν
1502 1366 1718 1439 Ἰακὼϐ,
1774 1370 1900 1433 τοὺς

258 1452 465 1510 δώδεκα
514 1455 877 1531 πατριάρχας,
934 1458 1024 1510 τὸν
1084 1457 1314 1513 Μῶϋσὲα
1369 1461 1503 1532 (39),
1543 1460 1635 1513 τὸν
1668 1461 1899 1533 ’Δαρὼν,

256 1544 344 1599 τὸν
408 1546 637 1613 Ἰησοῦν,
692 1543 818 1605 τοὺς
866 1545 1082 1618 Κριτὰς,
1127 1547 1216 1601 τὸν
1271 1547 1559 1621 Σαμουὴλ,
1590 1548 1682 1602 τὸν
1712 1543 1902 1618 Δαόἰδ,

252 1633 343 1688 τὸν
374 1632 714 1705 Σολομῶντα
746 1634 910 1709 μέχρι
941 1636 1107 1707 τινὸς,
1156 1636 1249 1690 τὸν
1311 1636 1520 1707 Ἠλίαν,
1578 1638 1670 1693 τὸν
1729 1637 1905 1693 Ἐλισ-

258 1728 430 1791 σαῖον,
463 1721 591 1783 τοὺς
624 1722 729 1797 πρὸ
758 1728 859 1786 τῆς
891 1722 1278 1798 αἶχμαλωσίιος
1310 1730 1616 1805 προφήτας,
1646 1726 1773 1788 τοὺς
1810 1748 1903 1800 με·

258 1812 324 1866 τὰ
351 1813 450 1880 τὴν
484 1808 865 1885 αἰχμαλωσίαν
893 1831 905 1843 ·
938 1812 1027 1866 καὶ
1060 1815 1172 1886 (40)
1201 1816 1268 1868 τὰ
1298 1814 1577 1870 τελευταῖα
1622 1813 1687 1884 δὴ
1739 1820 1906 1870 ταῦτα

261 1903 327 1973 τῇ
357 1899 521 1970 τάξει,
571 1899 661 1953 καὶ
696 1905 888 1975 πρῶτα
931 1904 1000 1974 τῇ
1050 1904 1161 1975 (41)
1207 1903 1460 1975 ἀληθείᾳ,
1509 1904 1608 1959 ὅσα
1655 1905 1778 1980 περὶ
1804 1907 1903 1975 τὴν

262 1993 495 2064 Χριστοῦ
525 1988 815 2065 σάρκωσιν,
846 1988 970 2058 ἤτοι
999 1990 1335 2066 πρόσληψιν,
1378 1993 1467 2047 τὸν
1500 1994 1606 2069 πρὸ
1650 1997 1745 2049 τοῦ
1799 2016 1907 2072 φωο

256 2077 347 2139 τὸς
378 2076 602 2153 λύχνον,
631 2078 731 2145 τὴν
784 2078 888 2154 πρὸ
935 2083 1032 2132 τοῦ
1082 2080 1263 2155 Λόγου
1294 2083 1502 2158 φωνην,
1532 2083 1624 2137 τὸν
1656 2084 1762 2158 πρὸ
1808 2087 1905 2138 τοῦ

256 2166 487 2221 Μεσίτου
547 2166 787 2239 μεσίτην,
852 2166 1077 2240 μεσίτην
1136 2167 1380 2232 Παλαιᾶς
1465 2173 1739 2242 Διαθήκης
1817 2173 1908 2227 καὶ

260 2255 413 2327 Νέας,
447 2256 693 2326 Ἰωάννην
720 2255 812 2311 τὸν
860 2258 1018 2327 πάνυ,
1049 2256 1176 2319 τοὺς
1207 2264 1440 2333 Χριστοῦ
1488 2261 1751 2333 μαθητὰς,
1779 2262 1909 2323 τοὸς

269 2346 403 2417 μετᾶ
449 2346 695 2418 Χριστὸν,
830 2343 965 2399 λαοῦ
1012 2348 1493 2421 προκαθεσθέντας,
1543 2350 1578 2418 ἢ
1618 2345 1708 2403 διὰ
1740 2348 1911 2424 λόγου

267 2434 686 2509 φανερωθέντας,
719 2435 752 2503 ἢ
774 2431 863 2487 διὰ
890 2434 1132 2506 σημείων
1160 2438 1552 2512 γνωρισθέντας
1584 2440 1697 2512 (42)
1745 2440 1779 2508 ἢ
1822 2460 1913 2494 τε·

272 2520 587 2585 λειωθὲντας
623 2520 692 2576 δι’
722 2522 973 2596 αἳματος.

268 2618 429 2678 runt,
461 2613 547 2667 vel
580 2629 681 2685 per
709 2630 1040 2670 sermonem
1071 2632 1135 2671 ac
1164 2616 1489 2673 doctrinam
1522 2618 1580 2672 in
1610 2617 1990 2690 conspicuum

267 2703 616 2774 sanguinem
646 2704 1058 2759 consummati.

338 2814 409 2861 A'.
462 2806 675 2861 Τούτων
724 2807 1065 2879 Ἀθανάσιος,
1113 2816 1231 2872 τοῖς
1284 2812 1378 2884 μὲν
1424 2811 1745 2887 ἠμιλλήθη,
1801 2816 1909 2868 τῶν

266 2890 322 2947 δὲ
356 2896 544 2967 μικρὸν
591 2893 920 2972 ἀπελείφθη,
972 2895 1083 2952 ἔστι
1134 2896 1191 2952 δὶ
1239 2900 1330 2961 οὕς
1378 2901 1467 2955 καὶ
1519 2901 1831 2977 ὑπερέσχεν,
1866 2903 1911 2957 εί

265 2984 340 3054 μὴ
371 2982 655 3059 τολμηρὸν
690 2985 857 3039 εἰπεῖν
895 3004 909 3019 ο
955 2986 1043 3039 καί
1091 2991 1198 3041 τῶν
1238 2988 1331 3060 μὶν
1363 2990 1453 3043 τὸν
1488 2988 1677 3065 λόγον,
1716 2996 1821 3045 τῶν
1857 2990 1914 3048 δὶ

259 3072 357 3141 τὴν
399 3075 612 3149 πρᾶξιν,
664 3077 772 3127 τῶν
837 3070 894 3127 δὲ
922 3073 984 3128 τὸ
1014 3081 1209 3149 πρᾶον,
1238 3080 1345 3131 τῶν
1374 3075 1431 3133 δὲ
1460 3080 1551 3133 τὸν
1583 3080 1771 3152 ζῆλον,
1804 3086 1909 3137 τῶν

262 3156 319 3213 δὲ
359 3158 484 3221 τοὺς
538 3158 848 3232 κινδύνους,
896 3165 1002 3216 τῶν
1055 3159 1112 3216 δὲ
1157 3165 1224 3217 τὰ
1252 3163 1447 3232 πλείω,
1478 3170 1585 3221 τῶν
1620 3164 1678 3221 δὲ
1706 3169 1771 3223 τὰ
1804 3172 1911 3241 (43)

262 3245 472 3301 ἃπαντα
505 3248 909 3320 μιμησάμενος,
941 3249 1030 3304 καὶ
1058 3249 1199 3306 ἄλλο
1249 3253 1340 3307 ἀπ’
1370 3251 1544 3309 ἄλλου
1573 3254 1783 3319 κάλλος
1814 3257 1912 3313 λα-

265 3330 399 3405 ϐὼν,
687 3337 750 3425 οἱ,
787 3338 883 3399 τὰς
936 3341 1149 3417 μορφὰς
1188 3344 1303 3413 μεθ’
1335 3340 1646 3420 ὑπερϐολῆς
1678 3348 1913 3425 γράφον-

2012 838 2221 911 priscis
2254 838 2593 894 hominibus
2644 855 2793 893 cura
2844 854 2911 892 ac
2958 835 3153 891 studio
3204 836 3442 889 fuerunt
3471 831 3658 905 (pauci

2011 927 2167 983 enim
2227 927 2327 982 Dei
2377 933 2534 996 sunt,
2569 927 2837 999 quamvis
2875 941 3078 980 omnes
3137 924 3323 995 ipsius
3381 924 3661 995 ﬁgmenta

2013 1017 2173 1087 sint),
2199 1016 2653 1088 legislatoribus,
2678 1014 2903 1070 bellicis
2933 1014 3202 1079 ducibus,
3234 1012 3657 1079 sacerdotibus,

2013 1105 2333 1177 prophetis,
2366 1104 2760 1176 evangelistis,
2797 1102 3101 1175 apostolis,
3144 1102 3496 1174 pastoribus,
3524 1102 3659 1155 doc-

2012 1195 2263 1261 toribus,
2308 1194 2582 1264 omnique
2632 1192 2919 1263 spirituali
2970 1192 3142 1247 ccetui
3193 1196 3369 1262 atque
3417 1190 3657 1261 agmini,

2013 1283 2167 1338 inter
2196 1299 2400 1339 omnes
2432 1290 2627 1337 autem
2660 1299 2759 1337 eos
2790 1282 2925 1336 huic
2957 1296 3213 1352 quoque,
3244 1280 3302 1334 in
3333 1280 3504 1350 cujus
3534 1278 3659 1334 lau-

2014 1373 2145 1427 dem
2179 1372 2297 1426 hazc
2332 1389 2364 1426 a
2394 1372 2564 1427 nobis
2594 1371 2841 1426 habetur
2868 1370 3074 1425 oratio.
3101 1372 3255 1435 Quos
3283 1369 3520 1423 tandem
3552 1367 3661 1422 hos

2014 1461 2186 1515 dico?
2227 1460 2421 1515 Enocb
2473 1459 2663 1526 illum,
2696 1460 2835 1526 Noe,
2867 1458 3183 1526 Abraham,
3232 1459 3408 1524 Isaac,
3456 1456 3659 1521 Jacob,

2013 1550 2319 1605 duodecim
2373 1548 2751 1621 patriarchas,
2804 1548 3082 1619 Moysem,
3118 1550 3419 1615 Aaronem,
3456 1545 3658 1612 Josue,

2013 1639 2272 1704 Judices,
2295 1638 2650 1703 Samuelem,
2674 1638 2972 1706 Davidem,
2996 1636 3368 1691 Salomonem
3399 1633 3663 1705 aliquan-

2013 1728 2217 1799 tisper,
2252 1728 2458 1793 Eliam,
2490 1727 2784 1794 Elisaeum,
2814 1725 3148 1797 prophetas,
3172 1723 3271 1795 qui
3304 1723 3391 1777 vel
3420 1722 3659 1795 captivi-

2014 1821 2196 1872 tatem
2258 1820 2719 1883 antecesserunt,
2774 1814 2861 1870 vel
2920 1818 3052 1886 post
3109 1830 3235 1869 eam
3293 1812 3661 1868 exstiterunt.

2014 1908 2201 1977 Atque
2234 1905 2372 1972 haec,
2407 1904 2609 1960 ordine
2638 1904 2875 1975 quidem
2923 1908 3236 1975 postrema,
3269 1906 3541 1957 caeterum
3574 1916 3664 1956 re-

2014 2011 2150 2050 vera
2196 1994 2407 2065 prima,
2440 2010 2566 2065 quae
2606 1993 2760 2048 circa
2790 1992 3006 2047 Christi
3038 1991 3527 2055 Incarnationem,
3560 2005 3663 2046 seu

2015 2082 2402 2138 humanitatis
2443 2081 2929 2153 assumptionem,
2963 2080 3351 2153 contigerunt,
3385 2079 3664 2134 nimirum

2019 2170 2319 2227 lucernam
2380 2170 2541 2226 illam
2603 2174 2737 2225 ante
2790 2170 3027 2234 Lucem,
3073 2184 3273 2224 vocem
3331 2173 3465 2223 ante
3520 2170 3666 2222 Ver-

2020 2261 2185 2331 bum,
2219 2260 2599 2316 mediatorem
2646 2262 2779 2315 ante
2818 2258 3221 2327 Mediatorem,
3250 2256 3360 2311 hoo
3406 2260 3517 2320 est,
3550 2255 3667 2311 exi-

2024 2350 2209 2404 mium
2239 2349 2406 2404 illum
2455 2351 2759 2414 Joannem,
2793 2348 2890 2420 qui
2925 2346 3156 2402 medius
3204 2346 3357 2401 inter
3402 2344 3583 2400 Vetus
3613 2348 3671 2399 et

2024 2442 2248 2493 Novum
2298 2438 2740 2493 Testamentum
2789 2435 3034 2501 exstitit,
3065 2434 3278 2491 Christi
3326 2433 3666 2504 discipulos,

2026 2544 2125 2583 eos
2155 2526 2424 2597 denique,
2458 2527 2557 2598 qui
2600 2530 2730 2596 post
2760 2524 3055 2580 Christum
3084 2524 3169 2579 vel
3223 2522 3372 2595 plebi
3425 2523 3668 2595 praefue-

2020 2622 2327 2687 venerunt,
2356 2615 2443 2671 vel
2489 2632 2591 2687 per
2620 2614 2903 2670 miracula
2947 2613 3232 2669 nobilitati
3263 2616 3422 2683 sunt,
3452 2611 3540 2667 vel
3572 2628 3674 2684 per

2094 2815 2245 2870 388
2280 2814 2369 2870 IV.
2404 2815 2482 2869 Ex
2520 2814 2614 2869 his
2648 2812 3004 2868 Athanasius
3048 2811 3195 2866 alios
3226 2808 3564 2881 exaequavit,
3596 2810 3668 2865 ab

2022 2903 2152 2959 aliis
2199 2903 2507 2976 paululum
2556 2902 2761 2970 abfuit,
2802 2900 3120 2956 nonnullos
3169 2899 3365 2967 etiam,
3398 2898 3511 2954 nisi
3559 2898 3668 2953 hoc

2022 2994 2301 3048 audacius
2334 3010 2365 3047 a
2394 3008 2487 3047 me
2535 2992 2755 3047 dictum
2786 2991 3073 3057 videatur,
3104 2988 3420 3044 antecessit
3453 3006 3465 3044 :
3496 2992 3671 3060 atque

2023 3081 2274 3138 aliorum
2326 3097 2654 3137 sermonem
2687 3086 2743 3136 et
2771 3079 3181 3148 eruditionem,
3214 3076 3464 3133 aliorum
3496 3076 3672 3133 actio-

2024 3187 2194 3238 nem,
2253 3170 2501 3226 aliorum
2557 3169 3091 3233 mansuetudinem,
3151 3160 3401 3223 aliorum
3458 3166 3668 3232 zelum,

2023 3260 2270 3315 aliorum
2332 3258 2790 3329 dimicationem,
2850 3256 3099 3312 aliorum
3159 3256 3364 3325 multa,
3422 3256 3671 3311 aliorum

2024 3348 2222 3405 omnia
2270 3349 2555 3403 imitando
2606 3353 2974 3410 consecutus,
3007 3351 3183 3417 atque
3230 3344 3387 3400 aliud
3438 3344 3509 3399 ab
3558 3342 3671 3400 alio

265 3443 377 3523 τες,
424 3422 513 3477 καὶ
540 3423 638 3523 il:
692 3423 813 3523 μίαν
1005 3428 1195 3483 ἑαυτοῦ
1244 3432 1429 3506 ψυχὴν
1480 3422 1814 3511 συναγαγὼν,
1854 3432 1908 3491 ἓν

2025 3443 2356 3508 mutuatus,
2380 3437 2875 3508 quemadmodum
2900 3436 2993 3506 qui
3020 3436 3237 3490 formas
3259 3451 3359 3489 seu
3386 3433 3673 3505 imagines

268 3510 465 3584 ἀρετῆς
514 3510 654 3575 εἶδος
700 3512 759 3567 ἐκ
803 3513 1017 3570 πάντων
1064 3515 1510 3594 άπηκριϐώσατο,
1558 3510 1703 3585 τοὺς
1732 3525 1825 3597 μὶν
1860 3524 1911 3580 ἐν

270 3598 421 3677 λόγῳ
451 3599 657 3664 δεινοὺς
685 3606 753 3676 τῇ
785 3604 993 3679 πράξει,
1025 3605 1152 3667 τοὺς
1182 3610 1513 3681 πρακτικοὺς
1545 3609 1601 3665 δὲ
1646 3617 1725 3685 τῷ
1760 3608 1913 3689 λόγῳ

266 3692 519 3760 νικήσας·
574 3690 619 3746 εί
671 3691 860 3765 βούλει
909 3691 986 3762 δὲ,
1030 3692 1184 3769 λόγῳ
1220 3697 1313 3768 μὶν
1345 3698 1470 3761 τοὺς
1504 3698 1830 3773 εὐδοκίμους
1860 3703 1911 3757 ἐν

266 3779 437 3855 Λόγῳ,
485 3780 672 3853 πράξει
724 3778 780 3835 δὲ
829 3781 956 3843 τοὺς
1006 3788 1484 3858 πρακτικωτάτους
1548 3788 1907 3863 ὑπερϐαλώνο

264 3868 355 3921 καὶ
385 3868 515 3954 τοὺς
552 3869 644 3941 μὲν
677 3870 793 3954 κατῖ
824 3870 1102 3945 ἀμφότερα
1135 3873 1312 3943 μέσως
1362 3871 1607 3949 ἔχοντας,
1663 3882 1741 3948 τῷ
1787 3879 1912 3954 περὶ

262 3956 326 4041 τὸ
383 3953 563 4032 ἓτερον
627 3950 1067 4031 ὑπερϐάλλοντι·
1118 3959 1247 4021 τοὺς
1307 3959 1363 4015 δὲ
1418 3964 1535 4016 καθ’
1587 3963 1765 4041 ἕτερον
1798 3950 1912 4039 (44)

262 4040 484 4117 ἄκρους,
522 4049 660 4131 ,τοῖς
724 4045 1054 4123 ἀμφοτέροις
1110 4046 1502 4123 παραδραμών.
1564 4040 1737 4108 Καὶνεὶ
1774 4055 1913 4131 μίγα

259 4137 378 4194 τοῖς
409 4127 773 4207 προλαϐοῦσι,
825 4135 887 4189 τὸ
934 4133 1278 4212 παράδειγμα
1307 4138 1487 4212 τούτῳ
1519 4142 1761 4216 γενέσθαι
1811 4127 1911 4214 τῆς

262 4219 481 4296 ἀρετῆς,
514 4220 621 4297 οὐχ
648 4222 813 4291 ἦττον
846 4222 923 4285 εἰς
946 4223 1213 4303 εὐφημίαν
1245 4231 1325 4298 τῷ
1357 4230 1613 4306 ἡμετέρῳ
1642 4231 1814 4305 καλῷ,
1846 4236 1910 4289 τὸ

259 4314 379 4371 τοῖς
415 4311 528 4383 μετ’
558 4309 716 4364 αὐτὸν
742 4309 982 4387 γενέσθαι
1014 4309 1383 4387 παράδειγμα.

2026 3526 2312 3599 singulari
2335 3527 2527 3582 studio
2544 3532 2601 3581 et
2621 3524 2907 3598 elegantia
2929 3524 3198 3596 pingunt,
3215 3528 3388 3594 atque
3410 3524 3467 3577 in
3492 3538 3671 3577 uuam

2024 3616 2309 3687 suiipsius
2362 3616 2619 3671 animam
2654 3614 3012 3686 complexus,
3048 3629 3229 3668 unum
3279 3628 3347 3666 ex
3395 3610 3672 3666 omnibus

2023 3704 2345 3777 perfectum
2380 3704 2608 3760 virtutis
2639 3704 3021 3760 simulacrum
3053 3702 3272 3757 edidit:
3299 3701 3381 3757 sic
3408 3701 3677 3755 videlicet

2025 3810 2087 3849 se
2118 3810 2487 3865 comparans,
2522 3799 2585 3847 ut
2616 3799 2671 3847 et
2701 3794 2951 3847 disertos
2982 3793 3228 3857 actione,
3261 3796 3317 3845 et
3347 3806 3540 3844 rerum
3577 3806 3672 3861 ge-

2023 3884 2334 3936 rendarum
2370 3881 2642 3936 facultate
2673 3881 2951 3952 praeditos
2992 3879 3319 3934 eruditione
3351 3884 3525 3949 atque
3555 3878 3672 3933 elo-

2023 3971 2264 4040 quentia
2296 3971 2585 4037 vinceret;
2620 3974 2721 4025 aut
2769 3969 2813 4023 si
2864 3968 3070 4038 mavis,
3095 3974 3149 4023 et
3180 3967 3461 4023 doctrina:
3490 3965 3675 4039 gloria

2023 4058 2318 4127 ﬂorentes,
2351 4058 2639 4123 doctrina,
2672 4064 2730 4113 et
2760 4058 2937 4113 rebus
2987 4057 3259 4128 gerendis
3304 4056 3669 4128 aptissimos,

2023 4148 2248 4203 actione
2280 4152 2617 4219 superaret:
2644 4153 2841 4218 atque,
2873 4151 2931 4201 et
2967 4146 3064 4215 iis,
3096 4146 3193 4216 qui
3230 4144 3577 4200 mediocrem
3611 4145 3669 4199 in

2022 4241 2265 4307 utroque
2294 4252 2502 4309 genere
2535 4236 2764 4291 laudem
2790 4235 3184 4301 habebant,eo
3208 4233 3475 4305 superior
3494 4240 3668 4301 esset,

2021 4326 2176 4397 quod
2209 4325 2268 4379 in
2302 4324 2481 4380 altero
2505 4324 2713 4380 horum
2738 4339 2969 4379 summe
2990 4324 3319 4391 excelleret;
3352 4328 3410 4377 et
3444 4340 3670 4389 rursus,

262 4399 357 4468 iis,
392 4401 494 4472 qui
543 4400 721 4456 altero
772 4402 1058 4459 duntaxat
1087 4420 1297 4476 genere
1346 4423 1718 4481 summopere
1756 4412 2112 4482 eminebant,
2148 4414 2253 4469 hoc
2310 4412 2543 4468 nomine
2602 4416 2920 4484 praestaret,
2949 4412 3102 4484 quod
3164 4418 3409 4484 utraque
3459 4411 3671 4467 virtute

262 4488 525 4561 polleret.
557 4490 720 4554 Quod
752 4490 801 4546 si
832 4490 926 4545 his
955 4492 1056 4563 qui
1087 4492 1283 4564 ipsum
1315 4500 1481 4551 aetate
1517 4506 1959 4569 praecesserunt,
1993 4501 2227 4557 virtutis
2256 4500 2588 4573 exemplum
2639 4500 2748 4573 ipsi
2797 4502 3117 4572 praebuisse
3166 4518 3442 4575 magnum
3477 4506 3533 4557 et
3563 4501 3666 4555 ho-

264 4578 578 4634 norificum
611 4583 720 4649 est,
753 4595 869 4635 non
914 4581 1113 4637 minus
1161 4587 1313 4639 certe
1360 4584 1497 4641 huic
1526 4592 1726 4644 nostro
1775 4590 2117 4661 praeclarum
2172 4590 2393 4647 censeri
2441 4590 2630 4659 debet,
2665 4591 2819 4661 quod
2870 4590 3119 4662 posteris
3170 4589 3496 4661 exemplum
3544 4589 3671 4661 ipse

262 4667 459 4723 fuerit.

334 4774 406 4830 E’.
441 4771 620 4828 Πάντα
670 4773 765 4846 μὲν
808 4770 874 4843 δὴ
924 4774 991 4829 τὰ
1038 4776 1245 4832 ικείνου
1276 4776 1450 4854 λέγειν
1478 4801 1537 4836 τε
1562 4782 1651 4837 καὶ
1708 4785 1913 4857 θαυμά-

2092 4788 2159 4844 ν.
2194 4791 2385 4859 Atque
2416 4804 2648 4843 omnem
2682 4789 2918 4859 quidem
2968 4786 3127 4844 illius
3171 4788 3350 4843 vitam
3402 4803 3670 4843 sermone

264 4865 371 4930 ζειν
427 4860 755 4938 μακρότερον
807 4862 865 4917 ἂν
900 4861 983 4935 εἴη
1032 4866 1225 4942 τυχὸν,
1271 4868 1305 4938 ἢ
1338 4871 1475 4924 κατᾶ
1500 4872 1600 4940 τήν
1632 4877 1904 4946 παροῦσαν

260 4951 440 5026 άρμήν
470 4955 569 5038 τοῦ
602 4949 790 5028 λόγου,
822 4953 912 5007 καὶ
944 4952 1186 5031 ἱστορίας
1226 4952 1404 5034 ἔργον,
1438 4959 1537 5014 οὐκ
1593 4960 1864 5038 εὐφημίας
1890 4982 1903 4996 θ

259 5038 292 5093 ἂ
320 5040 408 5093 καὶ
467 5037 578 5111 ἰδίᾳ
619 5038 951 5115 παραδοῦναι
1000 5047 1183 5123 γραφῇ
1232 5044 1505 5121 παίδευμά
1544 5070 1603 5103 τε
1652 5037 1739 5103 καὶ
1772 5048 1904 5120 ἥδυ-

259 5148 373 5202 σμα
399 5135 516 5192 τοῖς
549 5129 625 5193 είς
683 5128 929 5207 ὕστερον,
982 5132 1148 5209 εὐχῆς
1202 5132 1359 5211 ἔργον
1412 5136 1559 5210 ἐμοὶ,
1608 5138 1787 5212 ὥσπερ
1844 5138 1902 5195 ὃν

476 5361 604 5448 ξςαί,
630 5364 725 5448 Sic
764 5364 910 5448 βεδε,
937 5367 1145 5448 a,__bm,
1179 5369 1278 5448 ph.
1317 5372 1484 5448 Deest
1515 5373 1574 5429 in
1606 5375 1697 5429 ed.

336 5437 446 5507 (39)
478 5438 728 5508 Μωυσέα.
763 5437 824 5491 In
856 5437 1145 5508 pluribus,
1179 5437 1393 5499 Μωσια.

336 5508 449 5651 (40)
481 5506 600 5563 Καί.
635 5508 807 5565 Deest
835 5506 894 5563 in
928 5506 1248 5568 nonnullis.

338 5581 419 5649 (41
476 5582 572 5650 Τῇ.
605 5581 694 5636 Sic
743 5586 997 5651 quatuor
1024 5582 1203 5651 Regg.
1244 5608 1248 5633 ‹

264 5581 572 5719 δή(41)Τῇ.
605 5581 694 5636 Sic
743 5586 997 5652 quatuor
1024 5582 1203 5656 Regg.
1244 5589 1302 5640 et
1349 5587 1603 5644 Combef.
1636 5589 1698 5645 In
1747 5588 1910 5656 edit.,

2018 4876 2292 4948 prosequi
2324 4893 2391 4932 ac
2421 4875 2694 4932 laudibus
2716 4878 2918 4932 efferre
2946 4876 3181 4949 longius
3204 4877 3449 4933 fortasse
3473 4876 3650 4932 fuerit

2018 4981 2195 5036 quam
2230 4965 2407 5035 hujus
2429 4964 2711 5020 orationis
2743 4965 3082 5021 institutum
3118 4967 3279 5032 ferat,
3305 4981 3370 5020 ac
3402 4982 3516 5021 non
3547 4970 3669 5020 tam

2016 5055 2266 5110 encomii
2292 5070 2439 5125 opus
2465 5070 2642 5125 quam
2676 5054 2961 5121 historiae;
2984 5070 3162 5126 quam
3187 5054 3365 5109 etiam
3390 5059 3453 5109 ut
3481 5058 3674 5127 poste-

2017 5143 2097 5199 ris
2146 5144 2499 5199 documento
2521 5148 2697 5215 atque
2718 5142 3090 5199 oblectationi
3112 5144 3368 5199 futuram
3390 5142 3669 5216 peculiari

2095 5378 2209 5458 (42)
2240 5374 2339 5458 Διξ
2368 5374 2538 5458 λόγου
2569 5374 3054 5458 φαχερωθὲνταςζῆ
3084 5372 3171 5458 διὰ
3195 5376 3445 5458 ,σημείων
3477 5397 3673 5458 γνωρι-

2025 5446 2257 5507 σθὲντας.
2303 5446 2461 5514 Ουὶιῖί
2501 5446 2590 5502 οϐ’
2633 5446 2808 5519 Regg.
2856 5452 2913 5502 et
2970 5449 3252 5519 Combef.,
3286 5447 3374 5504 διὰ
3426 5446 3667 5522 σημείων

2022 5520 2433 5594 γνωρισθέντας,
2460 5466 2495 5587 Ξ
2525 5516 2613 5594 διά
2644 5517 2813 5593 λόγου
2845 5520 3261 5594 φανερωθέντας.

2115 5589 2205 5735 4⁷3)
2236 5589 2332 5648 Τά.
2380 5593 2546 5648 Deest
2576 5591 2635 5645 in
2666 5589 2910 5675 quatuor
2938 5592 3118 5721 Regg.
3152 5598 3209 5648 et
3236 5598 3331 5649 0r.
3369 5595 3418 5649 1.

2115 5664 2181 5720 44
2233 5662 2366 5728 Καθ’
2392 5658 2598 5735 ἵτερον.
2631 5663 2805 5722 Calsl.
2840 5666 2891 5735 1,
2922 5674 3024 5731 καθ
3096 5663 3342 5735 κάτερον.

2114 5658 2204 5735 44)
2233 5662 2366 5728 Καθ’
2392 5658 2598 5739 ἵτερον.
2631 5658 2805 5722 Goisl.
2840 5666 2891 5738 1,
2922 5658 3342 5743 καθῖῖκάτερον.
