4094 6288
391 349 547 413 108⁵1

1629 339 1694 420 s.
1742 357 2116 421 onaooau
2159 335 2551 420 insomni

3638 339 3796 425 loss

388 489 604 560 scripto
634 492 914 547 mandare
958 491 1303 564 cumprimis
1347 498 1628 565 optarem,
1654 493 2034 566 quemadmo-

2159 490 2372 553 ίκεῖνος.
2431 490 2723 546 Ἀντωνίου
2779 493 2875 546 τυῦ
2933 489 3076 546 θείου
3137 491 3253 568 βίον
3311 492 3630 572 συνὲγύαφε,
3699 499 3798 549 τοῦ

391 579 529 632 dum
563 580 687 651 ipse
713 579 826 635 divi
848 583 1082 638 Antonii
1103 585 1280 638 vitam
1305 584 1672 656 conscripsit,
1702 584 2036 640 monasticae

388 682 597 740 nempe
626 670 752 724 vita
801 677 1088 744 praecepta
1119 673 1229 727 sub
1263 674 1615 730 narrationis
1665 676 1856 747 specie
1904 679 2038 729 tan-

385 772 560 828 quam
591 757 708 814 lata
745 759 869 832 lege
903 762 1301 834 promulgans.
1336 764 1548 819 Verum
1582 779 1716 818 cum
1749 779 1936 835 pauca
1966 779 2035 816 ex

384 846 585 903 multis
617 847 776 905 illius
808 851 1003 921 rebus,
1038 868 1284 924 quaeque
1314 870 1470 908 nunc
1502 853 1692 918 nobis,
1718 860 1782 908 ut
1809 852 2035 907 notiora

384 940 442 991 et
462 935 806 1009 insigniora,
828 940 981 995 ultro
1005 942 1289 997 memoria
1309 943 1667 1014 suppeditat,
1689 957 2036 998 commemo-

387 1026 645 1081 ravimus
675 1028 763 1098 (ut
801 1029 978 1083 simul
1013 1035 1070 1084 et
1099 1031 1402 1101 cupiditati
1454 1037 1662 1087 nostrae
1711 1030 2034 1087 satisfacia-

388 1129 546 1179 mus,
569 1119 625 1170 et
653 1116 912 1172 officium
946 1117 1083 1173 huic
1115 1119 1260 1175 festo
1288 1120 1551 1175 debitum
1584 1120 2033 1192 persolvamus),

388 1202 560 1274 plura
607 1203 701 1273 iis,
742 1207 958 1276 quibus
1006 1223 1074 1262 ea
1127 1209 1360 1280 cognita
1417 1214 1575 1278 sunt,
1612 1208 2034 1278 relinquemus.

386 1291 584 1362 Neque
606 1294 759 1347 enim
797 1294 1010 1365 alioqui
1047 1296 1229 1367 pium,
1257 1313 1360 1352 nec
1391 1303 1585 1353 tutum
1618 1304 1726 1368 est,
1759 1314 1890 1352 cum
1924 1298 2035 1351 im-

385 1381 613 1451 piorum
647 1382 952 1438 hominum
987 1387 1101 1439 vita
1139 1388 1436 1442 memoriae
1469 1388 1766 1457 prodatur,
1792 1386 2036 1440 eximios

383 1470 600 1541 pietate
643 1472 798 1527 viros
850 1474 1084 1528 silentio
1133 1477 1600 1546 praetermittere;
1638 1475 1814 1546 idque
1864 1476 1922 1529 in
1971 1490 2038 1528 ea

385 1557 840 1631 civitate,quam
891 1561 981 1615 vix
1031 1563 1206 1617 etiam
1257 1563 1445 1619 multa
1493 1564 1725 1619 virtutis
1772 1563 2037 1635 exempla

2149 579 2444 655 μοναδικοῦ
2509 577 2630 656 βίόυ
2694 583 3034 654 νομοθεσίαν,
3108 582 3159 635 ἐν
3236 579 3514 656 πλάσματι
3593 581 3796 659 διηγή-

2147 692 2280 732 σεως
2332 672 2465 743 (45).
2527 669 2714 745 Ὀλίγα
2773 668 2830 724 δὲ
2889 671 2949 724 ἐκ
2996 668 3221 725 πολλῶν
3270 675 3376 725 τῶν
3429 670 3635 726 ἐκείνου
3684 668 3795 727 διε-

2143 757 2440 830 ξελθόντες,
2491 760 2579 813 καὶ
2629 759 2727 813 ὃσα
2777 757 3051 834 σχεδιάζεί
3101 762 3236 832 ἡμῖν
3269 763 3358 814 νῦν
3393 763 3502 834 (46)
3533 763 3566 830 ἠ
3598 764 3792 834 μνήμη

2143 848 2219 909 ὡς
2273 847 2688 923 γνωριμώτερα,
2756 845 2847 902 ’ίνα
2915 847 3006 901 τόν
3075 869 3134 902 τε
3210 849 3476 924 ἡμέτερον
3553 851 3794 927 ἀφοσιω-

2142 937 2360 1008 σώμεθα
2389 936 2578 1003 πόθον,
2611 937 2699 990 καὶ
2729 940 2796 1010 τῇ
2830 935 3124 1011 πανηγύρει
3153 937 3216 991 τὸ
3249 937 3394 999 εἰκὸς
3423 935 3798 1008 ἐκπληρώσω-

2149 1046 2239 1099 μεν
2285 1029 2422 1096 (47),
2472 1025 2538 1079 τὰ
2579 1024 2754 1080 πλείω
2783 1032 2898 1087 τοῖς
2927 1023 3096 1080 εἰδόσι
3128 1028 3462 1101 παρήσομεν.
3518 1023 3659 1084 Οὐδὲ
3687 1027 3792 1100 γὰρ

2145 1111 2328 1175 ἄλλως
2359 1114 2533 1185 ὅσιον,
2583 1112 2713 1169 οὐδὲ
2755 1114 3014 1191 ἆσφαλὶς,
3046 1110 3250 1169 ἀσεϐῶν
3286 1115 3379 1188 μὲν
3417 1116 3570 1190 βίους
3599 1123 3795 1189 τιμᾶσ-

2145 1204 2230 1256 θαι
2260 1208 2378 1264 ταῖς
2415 1205 2679 1275 μνήμαις,
2710 1202 2836 1265 τοὺς
2859 1200 2916 1257 δὲ
2938 1199 3178 1274 εὐσεϐείᾳ
3197 1201 3584 1280 διενεγκόντας,
3611 1207 3793 1278 σιωπῇ

2152 1290 2600 1367 παραπέμψασθαι
2631 1293 2743 1364 (48)
2769 1310 2781 1323 °
2827 1292 2916 1345 καὶ
2946 1297 3115 1346 ταῦτα
3144 1291 3197 1345 ἐν
3229 1291 3409 1365 πόλει,
3441 1293 3501 1362 ἣν
3539 1291 3702 1366 μόλις
3739 1293 3796 1347 ἂν

2143 1381 2232 1435 καὶ
2274 1378 2458 1435 πολλᾶ
2505 1383 2604 1449 τῆς
2657 1382 2852 1455 ἀρετῆς
2903 1379 3274 1457 ὖποδείγματα
3321 1383 3556 1452 σώσειεν,
3613 1381 3794 1457 ὥσπερ

2144 1468 2269 1530 τοὺς
2301 1469 2555 1531 ἱππικοὺς
2577 1470 2664 1524 καὶ
2695 1471 2761 1524 τὰ
2789 1470 3005 1543 θέατρα,
3038 1469 3180 1525 οὕτω
3211 1468 3279 1540 δὴ
3309 1468 3400 1525 καὶ
3431 1470 3497 1524 τὰ
3525 1467 3641 1525 θεῖα
3670 1471 3793 1525 παῖ-

2151 1564 2339 1628 ζουσαν
2351 1603 2363 1615 .

382 1663 612 1703 servare
644 1650 891 1720 possint,
925 1652 1142 1723 quippe
1178 1667 1327 1723 quae,
1363 1658 1424 1707 ut
1452 1653 1635 1708 circos
1665 1658 1722 1708 et
1750 1651 1995 1721 theatra,
2028 1651 2110 1706 ita
2139 1663 2230 1705 res
2261 1662 2492 1720 quoque
2523 1649 2752 1705 divinas
2783 1664 2885 1721 pro
2913 1649 3056 1705 ludo
3087 1649 3318 1706 habeat.

457 1737 610 1792 389
637 1739 727 1792 VI.
755 1738 857 1794 Ille
886 1739 1064 1810 igitur
1085 1741 1142 1794 in
1168 1741 1380 1796 divinis
1405 1743 1666 1798 moribus
1689 1759 1754 1797 ac
1777 1742 2034 1812 discipli-

2217 1738 2276 1805 ζ’.
2313 1738 2545 1798 Ἐκεῖνος
2603 1736 2802 1814 ἐτράφη
2868 1738 2960 1810 μὲν
3018 1737 3174 1799 εὐθὺς
3226 1735 3279 1792 ἐν
3305 1741 3420 1800 τοῖς
3445 1737 3611 1801 θείοις
3638 1735 3795 1806 ἤθεσι

387 1826 481 1882 nis
503 1827 702 1882 statim
734 1830 1016 1884 educatus
1036 1835 1142 1900 est,
1168 1847 1299 1886 cum
1326 1831 1665 1887 liberalibus
1686 1832 1910 1886 artibus
1934 1847 2036 1902 per

388 1915 662 1988 exiguum
692 1919 974 1988 temporis
1018 1921 1275 1991 spatium
1319 1921 1644 1991 tribuisset,
1669 1938 1741 1976 ne
1769 1921 2036 1976 videlicet

391 2003 736 2074 hujusmodi
768 2023 962 2061 rerum
987 2009 1222 2063 omnino
1257 2011 1421 2064 rudis
1451 2015 1508 2064 et
1554 2010 1816 2081 ignarus,
1852 2026 2035 2081 eaque

385 2093 631 2159 nescire,
658 2111 783 2165 quae
815 2096 925 2150 sibi
959 2100 1387 2152 contemnenda
1426 2100 1687 2163 duxerat,
1720 2100 2031 2154 videretur.

382 2180 580 2252 Neque
619 2183 773 2237 enim
825 2184 1078 2239 nobilem
1113 2192 1169 2241 et
1199 2188 1489 2259 egregiam
1542 2188 1720 2243 animi
1774 2187 2032 2242 indolem

387 2271 553 2325 vanis
603 2272 818 2328 studiis
849 2275 1118 2346 occupari
1160 2278 1462 2344 sustinuit,
1495 2279 1818 2347 eodemque
1861 2277 2035 2333 modo

388 2359 561 2429 afﬁci,
599 2377 713 2432 quo
761 2362 1014 2434 imperiti
1059 2364 1313 2431 athleta,
1347 2368 1445 2438 qui
1477 2368 1614 2421 dum
1659 2382 1848 2421 aerem
1902 2365 2035 2438 plus

390 2465 567 2520 quam
600 2466 842 2520 corpora
875 2453 1110 2518 feriunt,
1135 2455 1504 2525 praemiorum
1530 2472 1630 2526 spe
1655 2456 2032 2510 frustrantur.

390 2539 596 2607 Atque,
628 2543 684 2593 et
713 2539 936 2596 Veteris
967 2547 1024 2596 et
1065 2543 1195 2597 novi
1234 2544 1588 2599 Testamenti
1623 2544 1802 2599 libros
1832 2559 2036 2599 omnes

389 2624 472 2680 ita
511 2628 953 2697 premeditatus,
986 2634 1051 2685 ut
1103 2648 1171 2685 ne
1221 2648 1404 2686 unum
1455 2633 1690 2704 quidem
1741 2633 2036 2704 quispiam

389 2712 563 2780 alius,
589 2731 704 2769 non
738 2717 908 2772 modo
940 2719 1448 2790 contemplatione,
1474 2722 1573 2776 sed
1597 2721 1771 2775 etiam
1806 2738 2035 2776 morum

391 2819 456 2858 ac
499 2804 627 2858 vitae
680 2804 990 2876 splendore
1038 2808 1278 2878 ditatur,
1311 2825 1375 2863 ac
1426 2810 1672 2865 miriﬁce
1720 2815 2037 2881 utrumque

391 2886 701 2964 connectit,
727 2901 991 2950 catenam
1025 2913 1154 2952 vere
1185 2902 1516 2967 auream,et
1539 2915 1665 2970 qua:
1689 2916 1721 2954 a
1745 2897 2038 2970 plerisque

393 2979 636 3035 minime
694 2983 843 3036 necti
901 2989 1077 3054 queat
1127 3003 1139 3040 :
1191 2985 1340 3041 hanc
1406 2987 1685 3042 nimirum
1753 2987 2036 3042 rationem

391 3068 603 3140 iniens,
631 3075 694 3125 ut
723 3076 780 3126 et
809 3073 926 3127 vita
957 3074 1101 3128 duce
1149 3076 1217 3129 ad
1265 3075 1814 3147 contemplationem
1850 3081 2037 3131 utere-
2065 3109 2071 3147 3

392 3161 508 3223 tur,
543 3163 599 3214 et
628 3162 1115 3233 contemplatione
1160 3165 1340 3219 vitam
1393 3166 1749 3237 obsignaret.
1785 3166 1930 3223 Nam
1981 3169 2039 3220 et

392 3246 567 3303 timor
597 3249 828 3304 Domini
860 3251 1211 3323 principium
1252 3259 1340 3309 est
1379 3255 1698 3326 sapientiae,
1727 3254 1890 3310 velut
1920 3254 2041 3326 pri-

2142 1825 2232 1881 καί
2262 1824 2638 1899 παιδεύμασιν,
2694 1824 2856 1900 ὀλίγα
2901 1831 3008 1881 τῶν
3057 1825 3355 1903 ἐγκυκλίων
3389 1825 3793 1904 φιλοσοφήσας,

2141 1919 2238 1970 τοῦ
2300 1917 2373 1988 μή
2445 1913 2619 1969 δοκεῖν
2685 1915 2989 1970 παντάπασι
3067 1919 3173 1969 τῶν
3231 1913 3493 1970 τοιούτων
3556 1915 3792 1990 ἀπείρως

2144 2002 2313 2079 ἔχειν,
2367 2001 2506 2075 μηδὲ
2554 2005 2761 2079 ἀγνοεῖν
2811 2005 2886 2058 ὧν
2939 2002 3209 2077 ὑπεριδεῖν
3270 2001 3609 2076 ἐδοκίμασεν.
3656 2001 3793 2058 Οὐδὶ

2143 2095 2257 2166 (49)
2286 2093 2386 2168 γὰρ
2417 2091 2680 2168 ἠνέσχετο
2727 2093 2789 2147 τὸ
2819 2099 2918 2162 τῆς
2947 2097 3136 2168 ψυχῆς
3183 2091 3390 2168 εὐγενὲς
3437 2091 3526 2147 καὶ
3577 2091 3793 2170 φιλότι-

2149 2203 2248 2254 μον
2283 2181 2333 2236 ἐν
2380 2187 2498 2242 τοῖς
2543 2183 2790 2254 ματαίοις
2838 2180 3236 2257 ἀσχοληθῆναι,
3285 2178 3409 2236 οὗδὶ
3452 2182 3644 2235 ταυτὸν
3684 2201 3794 2234 πα-

2145 2272 2252 2325 θεῖν
2299 2275 2406 2325 τῶν
2456 2269 2707 2340 ἀθλητῶν
2757 2276 2874 2333 τοῖς
2921 2271 3188 2346 ἀπείροις,
3239 2267 3292 2324 οῖ
3334 2271 3424 2324 τὸν
3457 2268 3587 2344 ἇῑρα
3617 2268 3794 2324 πλείω

2145 2357 2394 2420 παίοντες
2527 2359 2594 2412 τὰ
2653 2360 2897 2431 σώματα,
2959 2361 3067 2413 τῶν
3127 2355 3308 2422 ἄθλων
3334 2357 3794 2431 ἀποτυγχάνουσι.

2147 2449 2249 2506 Καὶ
2304 2454 2473 2502 πᾶσαν
2535 2449 2628 2521 μὲν
2685 2447 2923 2503 Παλαιὰν
2991 2443 3216 2515 Βίϐλον,
3291 2450 3462 2500 πᾶσαν
3537 2443 3593 2499 δὲ
3658 2445 3798 2502 Νέαν

2147 2534 2533 2608 ἐκμελετήσας,
2615 2536 2688 2597 ὡς
2758 2535 2883 2591 οὐδὶ
2961 2536 3086 2609 μίαν
3144 2536 3351 2610 ἕτερος,
3410 2531 3640 2588 πλουτεῖ
3699 2533 3796 2605 μὶν

2147 2625 2394 2701 θεωρίαν,
2456 2623 2684 2680 πλουτεῖ
2738 2621 2796 2680 δῖ
2857 2625 2977 2698 βίου
3035 2622 3420 2700 λαμπρότητα,
3480 2621 3568 2678 καὶ
3599 2621 3789 2676 πλέκει

2145 2716 2458 2788 θαυμασίως
2504 2716 2804 2793 ἀμφότερα,
2853 2718 2952 2785 την
2982 2722 3194 2791 χρυσῆν
3233 2713 3404 2777 ὅντως
3440 2713 3642 2787 σειρὰν,
3699 2712 3794 2765 καῖ

2144 2810 2262 2866 τοῖς
2319 2803 2552 2866 πολλοῖς
2612 2807 2894 2860 ἄπλοκονο
2957 2805 3064 2879 βίῳ
3123 2805 3221 2877 μὶν
3283 2801 3471 2880 ὁδηγῷ
3545 2799 3794 2875 θεωρίας,

2146 2893 2344 2967 θεωρίᾳ
2402 2891 2459 2948 δὲ
2507 2891 2760 2971 σφραγῖδι
2812 2894 2931 2969 βίου
2979 2896 3351 2968 χρησάμενος.
3402 2893 3574 2966 Ἀρχή
3607 2911 3664 2944 τε
3693 2890 3797 2964 γὰρ

2149 2983 2336 3060 σοφίας
2395 2979 2563 3061 φόϐος
2621 2983 2843 3058 Κυρίου,
2901 2983 3015 3038 οἷόν
3073 3003 3126 3037 τι
3184 2985 3404 3058 πρῶτον
3450 2985 3793 3054 σπι-ὶργανον⁸

2145 3072 2236 3127 καὶ
2294 3073 2453 3149 σοφία
2506 3073 2598 3127 τὸν
2655 3068 2823 3150 φόϐον
2881 3068 3178 3148 ὑπερϐᾶσα,
3216 3071 3307 3126 καὶ
3339 3070 3418 3132 εἰς
3445 3071 3544 3137 τὴν
3575 3067 3796 3142 ἀγάπην

2150 3157 2534 3232 ἀναϐιϐάσασα,
2565 3167 2701 3217 Θεοῦ
2732 3161 2894 3240 φίλος
2923 3159 3072 3234 ἡμᾶς
3105 3162 3195 3215 καὶ
3224 3161 3375 3222 υἱοὺς
3416 3158 3531 3213 ἀντὶ
3586 3155 3802 3212 δούλων

2153 3250 2452 3326 ἐργάσεται.

392 3351 556 3391 mum
590 3339 884 3409 quoddam
917 3341 1373 3410 incunabulum;
1408 3349 1464 3398 et
1493 3344 1800 3415 sapientia,
1831 3360 1966 3399 cum
1998 3343 2267 3399 timorem
2297 3342 2632 3412 excesserit,
2667 3346 2841 3413 atque
2890 3342 2963 3397 ad
3011 3341 3351 3397 charitatem
3385 3348 3492 3395 nos
3521 3337 3802 3394 subvexe-

389 3425 484 3492 rit,
519 3442 588 3481 ex
618 3428 798 3482 servis
824 3429 949 3499 jam
983 3431 1202 3486 amicos
1235 3432 1330 3487 Dei
1363 3449 1428 3487 ac
1462 3433 1614 3487 filios
1645 3433 1842 3488 efﬁcit.

461 3514 582 3570 VII.
617 3516 710 3572 Sic
760 3533 929 3588 porro
981 3520 1265 3575 educatus
1311 3527 1370 3576 et
1416 3522 1721 3576 institutus
1751 3525 1840 3589 (ut
1885 3538 2041 3576 nunc

395 3621 625 3675 quoque
656 3621 753 3661 eos
802 3613 1110 3678 oporteret,
1149 3610 1248 3681 qui
1279 3609 1464 3680 plebis
1497 3612 1788 3666 antistites
1836 3613 2038 3681 futuri,

397 3711 798 3767 magnumque
823 3696 1036 3752 Christi
1069 3715 1280 3769 corpus
1310 3700 1614 3755 tractaturi
1647 3705 1806 3769 sunt,
1831 3717 2041 3756 secun-

397 3783 539 3839 dum
569 3801 848 3857 magnum
878 3787 978 3842 Dei
999 3787 1311 3843 consilium
1344 3805 1409 3844 ac
1440 3790 1888 3861 praescientiam,
1915 3807 2041 3861 quae

398 3889 740 3943 magnarum
762 3892 952 3931 rerum
974 3877 1278 3932 materiam
1303 3878 1472 3950 longe
1490 3884 1622 3933 ante
1643 3879 2041 3951 praestruit),in

2223 3518 2550 3594 Ζ’.Τραφεὶς
2604 3515 2661 3572 δὲ
2717 3517 2860 3573 οὕτω
2918 3517 3008 3572 καὶ
3068 3514 3393 3589 παιδευθεὶς,
3452 3515 3529 3576 ὡς
3571 3511 3679 3569 ἔδει
3739 3532 3805 3588 γε

2151 3606 2239 3661 καὶ
2266 3613 2356 3662 νῦν
2399 3607 2524 3668 τοὺς
2575 3605 2710 3661 λαοῦ
2766 3608 3167 3680 προστήσεσθαι
3213 3603 3544 3678 ⁴μέλλοντας,
3603 3601 3691 3656 καὶ
3738 3602 3802 3657 τὸ

2156 3696 2295 3772 μέγα
2322 3700 2416 3750 τοῦ
2475 3698 2707 3772 Χριστοῦ
2758 3697 2870 3770 (50)
2929 3701 3088 3769 σῶμα
3120 3694 3608 3771 μεταχειρίζεσθαι,
3667 3693 3805 3746 κατὰ

2149 3788 2248 3855 την
2281 3785 2527 3860 μεγάλην
2585 3790 2680 3840 τοῦ
2723 3790 2858 3841 Θεοῦ
2907 3784 3115 3861 βουλήν
3165 3801 3225 3839 τε
3267 3780 3357 3838 καὶ
3405 3781 3738 3857 πρόγνωσιν,
3769 3780 3805 3848 ἣ

2153 3873 2434 3949 πόῤῥωθεν
2490 3869 2888 3930 καταϐάλλεται
2960 3878 3066 3928 τῶν
3135 3871 3389 3948 μεγάλων
3465 3871 3800 3946 πραγμάτων

399 3979 677 4034 magnum
695 3963 851 4019 hunc
869 3967 1237 4020 sacerdotum
1252 3967 1518 4022 ordinem
1536 3973 2041 4039 cooptatur,atque

2159 3965 2247 4026 τὰς
2280 3964 2582 4036 ὑποθέσεις,
2630 3985 2709 4037 τῳ
2757 3962 2974 4040 κεγάλῳ
3027 3964 3234 4039 βήματι
3282 3961 3464 4033 τούτῳ
3509 3955 3802 4034 ἐγκαταλέ-

398 4049 457 4104 in
489 4067 712 4119 eorum,
742 4053 842 4122 qui
877 4053 1371 4126 appropinquanti
1404 4059 1514 4110 Deo
1546 4057 2041 4128 appropinquant,

2159 4073 2322 4129 γεται,
2379 4052 2471 4106 καῖ
2526 4056 2633 4106 τῶν
2693 4052 3019 4127 ἐγγιζόντων
3081 4052 3155 4113 εἷς
3225 4071 3304 4122 τῳ
3361 4047 3630 4125 ἐγγίζοντι
3681 4054 3804 4120 Θεῳ

399 4155 713 4194 numerum
763 4142 1093 4212 ascribitur,
1128 4159 1194 4197 ac
1243 4149 1623 4198 sacrosanctae
1670 4145 1943 4200 stationis
1990 4148 2041 4199 et

2159 4140 2373 4217 γίνεται,
2407 4141 2498 4195 καὶ
2525 4143 2623 4209 τῆς
2653 4141 2799 4216 ἱερᾶς
2834 4141 3102 4211 ἀξιοῦνται
3135 4139 3369 4201 στάσεώς
3400 4159 3457 4193 τε
3484 4136 3574 4192 καὶ
3605 4137 3808 4207 τάξεως

402 4227 626 4284 ordinis
670 4229 887 4285 honore
925 4231 1200 4300 afﬁcitur,
1233 4233 1578 4303 cunctisque
1623 4233 2045 4289 ecclesiastico-

405 4335 533 4372 rum
565 4319 854 4389 graduum
894 4320 1237 4374 muneribus
1279 4321 1552 4392 deinceps
1585 4323 1924 4393 perfunctus
1956 4326 2047 4390 (ut

405 4425 532 4479 quae
592 4407 784 4462 media
839 4413 979 4461 sunt
1034 4410 1332 4479 resecem),
1363 4409 1753 4466 Alexandrino
1811 4411 2044 4483 populo,

406 4497 562 4567 quod
617 4497 770 4552 idem
821 4501 908 4550 est
938 4513 1003 4551 ac
1033 4498 1080 4552 si
1113 4498 1391 4553 dixissem
1442 4499 1710 4555 universo
1757 4505 2046 4555 terrarum

2153 4229 2241 4284 καὶ
2301 4235 2471 4284 πᾶσαν
2527 4231 2625 4299 την
2676 4233 2784 4284 τῶν
2837 4231 3058 4305 βαθμῶν
3112 4221 3444 4292 ἀκολουθίαν
3496 4224 3804 4297 διεξελθὼν,

2148 4317 2237 4372 ’ίνα
2266 4319 2331 4372 τά
2362 4317 2412 4373 ἐν
2450 4317 2597 4391 μέσῳ
2627 4319 2894 4391 συντέμω,
2923 4321 3021 4388 τὴν
3053 4321 3150 4372 τοῦ
3180 4317 3317 4392 (50”)
3349 4315 3486 4372 λαοῦ
3516 4312 3806 4391 προεδρίαν

2155 4409 2484 4480 πιστεύεται,
2543 4409 2736 4463 ταυτὸν
2798 4407 2854 4463 δὶ
2901 4409 3094 4478 εἰπεῖν,
3137 4407 3238 4477 τῆς
3271 4405 3595 4479 οἰκουμένης
3625 4409 3808 4473 π’ᾶσης

2158 4497 2486 4556 ἐπιστασίαν.
2543 4498 2646 4554 Καὶ
2706 4497 2804 4552 οὐκ
2862 4496 2976 4574 ἔχω
3031 4497 3231 4572 λέγειν,
3308 4495 3539 4570 πότερον
3609 4491 3807 4568 ἆρετῆς

403 4585 550 4652 orbi,
595 4584 923 4656 praeficitur.
959 4585 1158 4657 Neque
1207 4588 1350 4642 satis
1398 4589 1752 4645 constituere
1785 4606 2041 4662 possum,

2159 4586 2342 4656 ἆθλον,
2373 4590 2406 4657 ἢ
2434 4595 2534 4657 τῆς
2562 4586 2886 4658 Ἑκκλησίας
2915 4588 3102 4661 πηγὴν
3130 4607 3218 4641 και
3267 4586 3441 4654 ζωὴν,
3489 4585 3590 4652 τήν
3643 4583 3808 4655 ⁴ἱερω-

399 4673 708 4729 virtutisne
759 4676 1081 4745 praemium,
1110 4693 1205 4747 an,
1231 4682 1294 4731 ut
1322 4683 1476 4732 esset
1525 4678 1792 4734 Ecclesiae
1824 4679 1951 4734 fons
1984 4694 2050 4733 ac

400 4764 537 4830 vita,
582 4764 921 4834 hujusmodi
953 4765 1300 4837 dignitatem
1346 4768 1651 4839 acceperit.
1685 4768 1845 4823 Hanc
1894 4767 2051 4823 enim

651 4868 944 4946 ’Δντωνίου
1009 4873 1103 4924 τοῦ
1170 4869 1313 4932 θείου
1384 4871 1568 4946 βίον...
1636 4871 1688 4946 ἐν
1766 4869 2045 4946 πλασματι

401 4939 1006 5018 διηγήξσεως.-Νίοθι8,8
1039 4958 1052 4998 ζ
1089 4939 1585 5018 Σχηματισᾷμμενος
1633 4939 1952 5018 διηγεῖσθαιΔ
1982 4942 2049 4997 τὰ

397 5012 518 5068 τοῦ
551 5012 696 5066 θείου
749 5014 1064 5082 Ἀντωνίου,
1124 5012 1346 5074 κανόνας
1400 5012 1600 5086 ἐξέθετο
1662 5012 1986 5087 μοναδικούς
2032 5033 2044 5069 :

407 5089 789 5168 «HPraatexen‘s
815 5086 1046 5141 Antonii
1081 5103 1172 5167 res
1194 5086 1675 5168 gestasnarrare,
1697 5089 1827 5142 vitea
1855 5104 2052 5168 mona-

402 5157 842 5230 sticaﬂregulas
886 5157 1313 5229 conscripsit.»
1349 5159 1414 5212 Et
1460 5159 1788 5215 Scholiasta
1833 5159 2048 5214 codicis

401 5229 593 5314 pyprii
626 5229 824 5314 monet
844 5231 1182 5314 cavendum,
1207 5247 1277 5283 ne
1302 5230 1456 5314 fictio
1479 5233 1868 5314 existimetur,
1893 5231 2047 5314 quod

401 5298 461 5355 ἐν
483 5298 764 5373 πλάσματι
800 5298 1129 5373 διηγήσεως,
1165 5324 1190 5349 α
1225 5302 1335 5356 sub
1382 5303 1733 5358 narrationis
1782 5298 1993 5372 specie,
2022 5323 2049 5350 ››

402 5374 634 5429 dicatur
664 5374 1021 5445 Athanasius
1053 5373 1288 5428 Antonii
1317 5373 1498 5430 vitam
1543 5375 1873 5445 scripsisse,
1908 5375 1990 5429 vir
2019 5391 2052 5428 a

403 5447 710 5501 mendacio
769 5444 1230 5511 remotissimus;
1283 5446 1383 5499 sed
1459 5444 1919 5500 Antoniivitam
1978 5446 2050 5500 ab

402 5520 717 5574 Athanasio
750 5520 1048 5589 scriptam,
1081 5518 1584 5589 essermonasticae
1616 5519 1742 5571 vita)
1785 5533 2049 5589 normam

407 5607 470 5661 ac
533 5585 919 5660 disciplinam.
981 5589 1065 5640 Ἐν
1115 5585 1425 5661 πλάσματι,
1479 5587 1584 5661 οὐχ
1641 5589 1723 5643 ὃτι
1783 5586 2050 5661 ἐπλάσατο

407 5658 554 5738 λ-ἐγει
613 5658 710 5727 τὴν
734 5732 744 5738 .
771 5663 905 5715 κατὰ
931 5660 1248 5738 -ξᾼντοῖινξον
1281 5658 1287 5660 ⁷
1322 5658 1597 5738 ἱστορίανῖ
1628 5731 1641 5738 Δ
1681 5661 1757 5735 μὴ
1837 5659 2051 5738 λέγοιτο

405 5729 706 5808 [εἶ’-γίνοιτο
733 5732 771 5808 ί]
920 5729 1048 5788 ἀλλ’
1095 5731 1124 5788 δ
1172 5731 1315 5808 λέγει
1344 5729 1592 5791 τοιοῦτόν
1625 5729 1764 5790 ἐστιν
1793 5752 1804 5767 ·
1840 5729 1924 5794 Ἠ’
1951 5733 2048 5788 τοῦ

2161 4676 2324 4746 σύνην
2387 4671 2674 4750 λαμϐάνει.
2735 4675 2883 4732 Ἔδει
2941 4677 3042 4752 γὰρ
3102 4673 3456 4730 ἐκλείπουσαν
3497 4671 3698 4741 ταύτην
3733 4677 3804 4742 τῳ

2165 4763 2308 4838 δίψει
2341 4772 2441 4835 τῆς
2469 4764 2758 4836 ἀληθείας,
2799 4764 2980 4840 ὥσπερ
3028 4765 3119 4820 τὸν
3173 4762 3428 4836 Ἰσμαήλ,
3469 4767 3795 4829 ποτισθῆναι

2159 4871 2323 4949 ἁγίου
2366 4872 2659 4949 Ἀντωνίου
2708 4871 2836 4946 ¹βίου
2893 4872 3204 4949 συγγραφὴ,
3252 4867 3550 4944 νομϋθὶσία
3595 4867 3668 4936 ἢν
3712 4867 3808 4918 τοῦ

2157 4941 2452 5019 μοναδικοῦ
2486 4945 2628 5019 βίου,
2661 4941 2771 5019 etc.

2229 5017 2338 5088 (46)
2371 5013 2498 5069 nev;
2530 5013 2703 5088 Deest
2733 5018 2790 5071 in
2823 5016 3085 5088 quinque
3121 5015 3324 5087 Regg.,
3358 5018 3417 5068 et
3431 5013 3550 5088 _0r._
3577 5013 3632 5066 1.

2232 5019 2319 5088 (46
2371 5019 2498 5069 Νῦν.
2530 5019 2703 5073 Deest
2733 5019 2790 5071 in
2823 5019 3085 5143 quinque
3121 5019 3324 5087 Regg.,
3358 5019 3417 5068 et
3447 5019 3542 5068 0r.
3577 5019 3632 5066 1.

2232 5019 2343 5161 (47λ
2403 5087 2911 5164 Ἐκπληρώσωμεν.
3023 5103 3136 5143 nus
3201 5091 3365 5158 Reg.,
3423 5079 3818 5157 ἐκπληρώσαν-

2157 5179 2266 5219 τες.

2231 5232 2341 5302 (48)
2373 5231 2861 5304 Παραπὲμψασθαι.
2894 5236 3071 5303 Regg.
3105 5247 3155 5296 c,
3188 5229 3246 5296 d,
3269 5232 3397 5284 octo
3427 5226 3613 5292 Colb.,
3635 5224 3731 5280 0r.
3754 5223 3814 5287 2,

2158 5304 2372 5376 παραπέ
2381 5304 2633 5376 μπᾼεσθαι.

2231 5364 2343 5445 ('49)
2374 5364 2529 5429 ὸύδε.
2563 5375 2658 5429 Sic
2688 5389 2789 5429 sex
2822 5375 2999 5445 Regg.
3023 5377 3091 5428 Eert
3120 5371 3228 5445 0r._
3253 5372 3303 5429 1,
3339 5371 3402 5426 in
3433 5369 3551 5435 ed.,
3725 5431 3778 5445 ἡ.

2231 5377 2321 5439 (49
2374 5377 2529 5429 Οὐδε.
2563 5377 2658 5429 Sic
2688 5389 2789 5429 sex
2822 5377 2999 5445 Regg.
3023 5377 3091 5428 Eert
3120 5377 3216 5428 0r.
3253 5377 3303 5429 1,
3339 5377 3402 5426 In
3433 5377 3551 5435 ed.,
3579 5377 3667 5421 oo.
3767 5431 3778 5442 .

2230 5377 2343 5517 (5οί
2370 5450 2473 5498 Τοῦ
2519 5449 2777 5516 Χριστοῦ.
2817 5448 2929 5501 fer
2958 5470 2985 5495 ‹‹
3016 5443 3232 5499 Christi
3279 5457 3514 5514 corpus,
3541 5462 3561 5488 ι
3595 5431 3814 5517 ints"!-

2160 5506 2339 5589 gitur,
2371 5518 2459 5572 vel
2493 5541 2518 5566 ‹‹
2548 5506 2814 5573 Ecclesiae
2847 5523 3052 5580 coetus,
3083 5537 3110 5566 »
3133 5519 3301 5586 cujus
3331 5506 3509 5586 caput
3539 5516 3627 5566 e‘st
3657 5506 3821 5562 Chri-

2162 5595 2310 5658 stus,
2343 5589 2428 5644 vel
2461 5609 2487 5638 «
2521 5605 2690 5644 sacra
2719 5589 3106 5645 Eucharistia.
3141 5610 3167 5637 ·›

2233 5648 2690 5737 (ξδ’),Ιῐιτςβτριιθε
2735 5661 2948 5737 legisse
2992 5662 3248 5730 videtur,
3276 5661 3374 5726 τοῦ
3425 5657 3525 5724 τῆς
3559 5648 3816 5732 Ἀλεξαν-

2197 5730 2344 5812 ρείας
2377 5730 2531 5792 λαοῦ.
2557 5730 2726 5805 Ἐοιτφ
