4094 6288
274 400 429 501 1039
1194 390 1488 463 ORATIO
1531 390 1686 487 xxi.
1712 393 1892 481 eis
1941 392 2262 481 pausam
2306 386 2756 463 ATHANASIl.
3524 384 3680 449 meo

272 540 332 609 ἢ,
364 536 544 613 ὥσπερ
566 535 657 611 τὸν
688 535 801 609 (51)
841 530 1048 611 Ἦλίαν,
1079 532 1138 586 ἐκ
1162 535 1260 586 τοῦ
1306 528 1635 607 χειμάῤῥου,
1684 528 1914 599 κατεψυ-

2137 527 2365 599 ιινιεῦει.
2388 524 2651 583 veritatis
2674 523 2773 581 siti
2792 523 3171 595 languentem
3192 538 3260 578 ac
3286 534 3464 592 prope
3486 519 3680 575 confe-

273 604 479 706 γμὲνης
516 604 811 699 ’ἀνομϐρίᾴ
863 608 966 692 τῆς
1022 604 1127 696 γῆς
1177 604 1661 706 (52),γᾶναψύξαι,-
1698 615 1787 671 καὶ
1834 637 1924 688 μι-

2137 632 2214 683 m,
2229 615 2496 673 lsmaelis
2513 614 2722 683 instar,
2736 612 2965 685 potione
2983 610 3288 678 reﬁci,aut,
3305 607 3682 676 velutEliam,

445 698 731 770 πνὲουσανί
788 711 1317 782 άναξωοποιηθῆναι,
1393 706 1484 761 καὶ
1562 704 1805 795 σπέρμαΔ
1850 707 1927 775 τῷ

2137 707 2382 780 rigerata
2412 722 2514 777 per
2543 706 2864 760 siccitatem
2895 708 3071 773 terra,
3103 719 3134 758 e
3171 705 3426 757 torrente
3456 698 3684 755 refocil-

275 790 496 881 ’Ϊσραὴλ
548 802 976 880 ὑπολειφθῆναι·
1022 797 1117 853 ’ίνα
1167 798 1242 871 μὴ
1286 797 1569 872 γενώμεθα
1600 796 1672 873 ὡς
1706 790 1931 865 Σόδομα

2137 797 2170 864 i,
2204 796 2624 868 paululumque
2655 794 2977 866 spirantem
3009 793 3079 849 ad
3110 792 3286 849 vitam
3319 792 3598 855 revocari,
3621 807 3688 845 ac

278 879 367 963 καὶ
400 890 660 969 Γόμορρα
690 879 826 964 (53),
861 890 933 943 ὧν
982 881 1315 963 περιϐόητος
1370 887 1463 959 μὶν
1564 884 1745 951 κακία,
1776 903 1929 958 περι-

2137 903 2239 941 nen
2270 886 2461 947 Israeli
2496 884 2780 955 relinqui:
2814 900 2887 939 ne
2917 889 2981 937 ut
3007 882 3254 937 Sodoma
3283 886 3339 937 et
3367 879 3693 937 Gomorrha

285 979 588 1056 ϐοητοτᾶρα
620 977 677 1034 δὶ
708 981 743 1049 ἡ
770 975 1040 1050 ἀπώλεια,
1072 976 1203 1053 πυρὶ
1232 974 1320 1030 καὶ
1362 974 1489 1048 θείῳ
1534 970 1935 1049 κατακλυσθὲν·

2137 991 2433 1040 .ceremur,
2466 989 2717 1045 quarum
2751 972 2995 1027 celebris
3027 972 3264 1043 quidem
3296 975 3385 1027 est
3412 970 3694 1044 improbi-

283 1052 391 1130 τῶν
440 1052 570 1144 (54),
629 1069 725 1124 Διά
772 1071 934 1123 τοῦτο
982 1052 1187 1143 ἠγέρθη
1257 1064 1417 1141 κέρας
1478 1062 1748 1139 σωτηρίας
1798 1063 1933 1133 ἡμῖν

2137 1098 2165 1133 .,
2197 1062 2484 1120 celebrior
2529 1067 2723 1125 autem
2769 1060 3063 1129 interitus,
3096 1058 3303 1117 incolis
3334 1075 3544 1131 nempe
3575 1059 3696 1132 igni

288 1157 399 1231 ἤδη
428 1156 697 1233 κειμένοις
729 1158 861 1230 (55),
904 1154 994 1209 καὶ
1043 1152 1195 1217 λίθος
1244 1154 1655 1229 ἆκρογωνιαῖος,
1704 1147 1938 1204 συνδὲων

2166 1151 2453 1225 sulphure
2511 1150 2810 1223 oppressis
2867 1154 3044 1222 atque
3096 1149 3342 1206 obrutis.
3390 1149 3699 1221 Propterea

290 1252 467 1321 ἔαυτῷ
505 1269 564 1303 τε
604 1245 694 1301 καὶ
744 1243 1019 1317 ἀλλήλοις
1068 1246 1235 1317 ἡμᾶς,
1271 1237 1537 1312 ἐνεϐλήθη
1571 1241 1706 1295 κατά
1733 1238 1941 1315 καιρὸν,

2137 1241 2224 1297 bis
2248 1243 2372 1312 jam
2400 1240 2739 1312 jacentibus
2787 1255 2966 1296 cornu
3011 1238 3220 1297 salutis
3277 1243 3535 1295 erectum
3590 1244 3700 1305 est,

292 1338 329 1407 ἢ
374 1341 481 1412 πῦρ
529 1334 890 1411 καθαρτήριον
938 1335 1036 1401 τῆς
1092 1328 1305 1410 φαύλης
1343 1329 1482 1400 ὕλησ
1510 1327 1598 1397 καὶ
1633 1330 1943 1403 μοχθηρᾶς,

2137 1329 2325 1403 iisque
2356 1328 2681 1402 angularis,
2716 1344 2843 1398 nos,
2875 1333 2932 1384 et
2974 1328 3108 1398 sibi,
3141 1332 3198 1383 et
3240 1327 3393 1384 inter
3422 1344 3529 1384 nos
3560 1344 3701 1384 con-

294 1426 331 1497 ἢ
362 1423 534 1481 παύον
578 1423 899 1503 γεωργικὸν,
950 1422 996 1497 ᾧ
1040 1420 1103 1475 τὸ
1149 1424 1351 1499 κοῦφον
1400 1422 1507 1487 τῶν
1542 1414 1825 1493 δογμάτων
1858 1414 1947 1503 διαὶ

2137 1419 2377 1491 ringens,
2419 1422 2745 1489 opportune
2787 1417 2941 1473 390
2983 1416 3236 1485 injectus
3281 1422 3391 1487 est,
3425 1422 3527 1473 aut
3556 1416 3710 1489 ignis

299 1516 361 1571 τὸ
393 1512 529 1590 βαρὺ
578 1502 925 1588 διακρίνεται,
970 1508 1005 1579 ἢ
1054 1508 1299 1587 μάχαιρα
1344 1507 1440 1569 τὰς
1486 1513 1585 1576 τῆς
1624 1504 1822 1571 ’κακίας
1868 1502 1949 1581 ῥί-

2137 1505 2229 1562 ιΙεε
2288 1511 2346 1562 et
2399 1505 2617 1561 vitiosas
2665 1506 2919 1562 materias
2959 1510 3255 1576 purgator,
3289 1511 3390 1561 aut
3418 1506 3710 1563 rusticum

303 1609 394 1674 ζας
442 1600 809 1683 ἐκτίμνουσα·
867 1596 957 1654 καὶ
1016 1598 1045 1652 6
1104 1597 1278 1674 Λόγος
1338 1595 1571 1683 εὑρίσκει
1629 1595 1722 1671 τὸν
1762 1595 1953 1669 ζαυτοῦ

2138 1593 2481 1665 ntilabrum,
2516 1609 2653 1665 quo,
2686 1592 2838 1648 inter
2866 1594 3162 1664 dogmata,
3195 1593 3406 1663 leviafa
3435 1595 3715 1667 gravibus

301 1679 621 1766 σύμμαχον,
687 1687 778 1753 καὶ
824 1684 887 1743 τὸ
947 1690 1166 1761 Πνεῦμα
1208 1679 1616 1758 καταλαμϐάνει
1660 1684 1752 1747 τὸν
1824 1682 1954 1757 ὑπὲρ

2137 1688 2507 1748 seernuntur,
2531 1686 2633 1737 aut
2662 1680 2891 1753 gladius
2922 1681 3043 1735 vitii
3077 1682 3301 1737 radices
3331 1683 3677 1739 exscindens
3699 1698 3721 1743 :

306 1780 471 1837 αὑτοῦ
498 1776 817 1839 πνεόσοντα.

2137 1788 2245 1844 que
2268 1770 2410 1827 adeo
2430 1770 2691 1825 Verbum
2715 1767 2850 1825 belli
2872 1769 3099 1825 socium
3130 1769 3372 1839 invenit,
3395 1775 3452 1827 et
3470 1771 3720 1845 Spiritus

1993 1903 2040 1971 Β
2071 1858 2395 1931 hominem,
2429 1858 2529 1932 qui
2560 1874 2663 1930 pro
2696 1873 2758 1913 se
2794 1857 2994 1929 spirat,
3030 1859 3409 1915 nanciscitur.

2158 1948 2183 1970 ρ

388 2047 468 2113 H'.
501 2043 655 2102 Οὓτω
689 2042 784 2119 μὶν
842 2038 933 2096 οὗν
989 2039 1079 2097 καὶ
1132 2038 1220 2095 διὰ
1265 2043 1451 2111 ταῦτα,
1503 2041 1578 2115 ψη
1597 2060 1673 2112 ρῳ
1699 2042 1797 2093 τοῦ
1828 2036 1965 2095 λαοῦ

316 2136 535 2203 παντὸς,
586 2132 647 2187 οὐ
678 2122 813 2207 κατὰ
839 2130 931 2207 τόν
980 2129 1203 2202 ὓστερον
1253 2130 1545 2199 νικήσαντα
1587 2127 1824 2203 πονηρὸν
1871 2124 1966 2179 τό·

317 2245 443 2291 πον,
493 2219 619 2276 οὑδὲ
676 2223 911 2298 φονικῶς
963 2239 1023 2273 τε
1064 2218 1155 2273 καὶ
1202 2221 1554 2293 τυραννικῶς,
1579 2215 1704 2271 ἀλλ’
1735 2214 1970 2273 ἀπόστο-

2144 2038 2296 2095 VIIl.
2329 2037 2424 2094 Sic
2454 2036 2655 2111 igitur,
2685 2040 2860 2108 atque
2890 2037 2963 2093 ob
2992 2054 3091 2094 eas
3122 2055 3353 2108 causas,
3384 2042 3566 2098 totius
3620 2060 3721 2115 po-

2077 2127 2199 2202 puli
2221 2126 2539 2198 suffragiis,
2564 2142 2679 2181 non
2701 2131 2892 2182 autem
2918 2128 3245 2184 secundum
3270 2146 3511 2201 pravum
3532 2148 3726 2191 exem-

2080 2216 2266 2290 plum,
2300 2216 2455 2287 quod
2487 2219 2689 2286 postea
2715 2214 2975 2279 inolevit,
3009 2232 3199 2286 neque
3240 2235 3341 2289 per
3369 2219 3483 2275 vim
3517 2238 3584 2276 ac
3613 2238 3726 2277 ca-

322 2310 494 2374 λικῶς
540 2331 600 2365 τε
644 2309 736 2364 καὶ
785 2310 1190 2383 πνευματικῶς,
1244 2305 1331 2361 ἐπὶ
1381 2306 1471 2360 τὸν
1523 2306 1747 2378 Μάρκου
1780 2302 1969 2379 θρόνον

2137 2322 2237 2376 3m,
2270 2304 2370 2359 sed
2422 2302 2739 2374 apostolico
2793 2308 2850 2358 et
2903 2304 3197 2375 spirituali
3237 2309 3411 2363 modo
3447 2310 3520 2364 ad
3553 2309 3730 2366 Marci

317 2398 593 2474 ἀνάγεται,
658 2395 765 2472 οὐχ
819 2382 981 2463 ἧττον
1045 2382 1146 2464 τῆς
1213 2388 1504 2465 εὐσεϐείας,
1583 2392 1619 2462 ἢ
1678 2399 1777 2462 τῆς
1835 2412 1975 2467 προ-

2137 2409 2365 2450 ironum
2400 2391 2685 2460 evehitur,
2720 2408 2836 2447 non
2870 2391 3070 2450 minus
3101 2393 3333 2466 pietatis
3365 2412 3543 2467 quam
3575 2399 3732 2457 sedis

325 2486 506 2565 εδρίας
730 2482 1026 2562 διάδοχος·
1084 2486 1154 2558 τῇ
1217 2483 1309 2556 μὲν
1360 2483 1465 2557 γὰρ
1514 2481 1825 2545 πολΛοστὸς
1884 2480 1975 2534 ἀπ’

2137 2498 2434 2548 iccessor;
2482 2485 2745 2553 tempore
2775 2481 3010 2551 quidem
3044 2482 3116 2538 ab
3160 2498 3228 2538 eo
3278 2485 3730 2557 remotissimus,

328 2576 555 2644 ἰκείνου,
610 2578 679 2649 τῇ
738 2570 796 2627 δὶ
846 2572 1001 2634 εὐθὺς
1057 2572 1171 2645 μετ’
1216 2570 1414 2627 ίκεῖνον
1448 2570 1784 2644 εὑρίσκεταν
1815 2571 1875 2639 ἣν
1910 2567 1975 2638 δὴ

2137 2572 2305 2628 ietate
2336 2575 2529 2626 autem
2572 2568 2657 2624 illi
2704 2570 3007 2641 proximus
3051 2571 3382 2643 invenitur;
3434 2591 3562 2647 quae
3606 2576 3736 2648 qui-

332 2665 422 2720 καὶ
453 2662 654 2739 κυρίως
687 2658 1031 2731 ὑποληπτέον
1079 2657 1367 2736 διαδοχήν.
1417 2660 1487 2714 Τὸ
1544 2659 1638 2732 μὲν
1692 2660 1795 2733 γὰρ
1841 2658 1977 2732 ὁμό-

2137 2677 2221 2717 em
2256 2657 2487 2732 proprie
2518 2657 2813 2714 successio
2843 2659 3229 2717 existimanda
3277 2666 3384 2718 est.
3430 2664 3577 2720 Nam
3634 2665 3737 2737 qui

338 2771 562 2829 γνωμον
594 2749 683 2805 καὶ
729 2750 1057 2826 ὁμόθρονον,
1104 2749 1167 2804 τὸ
1220 2747 1277 2803 δὶ
1306 2746 1578 2818 ἆντίδοξον
1610 2747 1699 2803 καὶ
1732 2746 1981 2821 ἀντίθρο-

2137 2750 2357 2805 amdem
2383 2747 2517 2803 ﬁdei
2534 2747 2854 2803 doctrinam
2882 2749 3205 2819 profitetur,
3224 2752 3488 2821 ejusdem
3507 2770 3741 2826 quoque

341 2860 465 2897 νονο
523 2840 613 2895 καὶ
672 2841 707 2909 ἡ
772 2840 867 2912 μὲν
927 2837 1297 2914 προσηγορίαν
1355 2840 1491 2912 (57),
1550 2840 1585 2907 ἡ
1636 2834 1694 2891 δὶ
1723 2834 1981 2907 ἀλήθειαν

2137 2838 2290 2894 ironi
2324 2838 2518 2893 socius
2562 2840 2651 2891 est
2683 2853 2696 2891 :
2748 2837 2847 2907 qui
2895 2843 3090 2893 autem
3122 2841 3474 2897 contrariam
3506 2850 3740 2901 senten-

347 2930 462 3007 ἔχει
495 2926 783 3005 διαδοχῆς.
818 2927 896 2985 Οὐ
926 2928 1030 3005 γὰρ
1063 2928 1090 2981 ὁ
1127 2926 1471 3001 βιασάμενος,
1499 2923 1624 2981 ἀλλ’
1674 2926 1702 2979 6
1752 2926 1988 3001 βιασθεὶς

2137 2930 2243 2983 iam
2272 2931 2489 2993 tuetur,
2521 2925 2889 2982 adversarius
2920 2943 3153 2999 quoque
3182 2930 3241 2985 in
3276 2930 3487 2989 throno
3516 2935 3746 2991 censeri

352 3017 646 3096 διάδοχος·
699 3014 825 3071 οὑδὲ
864 3016 892 3070 6
938 3018 1353 3093 παρανομήσας,
1403 3012 1528 3070 ἀλλ’
1577 3016 1605 3069 6
1652 3010 1990 3090 προϐληθεὶς

2142 3017 2291 3071 ebet.
2334 3020 2524 3085 Atque
2570 3014 2692 3069 haec
2735 3014 2974 3085 quidem
3020 3034 3255 3085 nomen,
3299 3019 3398 3076 illa
3438 3037 3572 3077 vero
3619 3039 3743 3080 rem

349 3107 592 3182 ἐννόμως
619 3129 631 3142 ·
666 3104 790 3161 οὐδὲ
820 3106 848 3160 ὁ
872 3105 1120 3159 τᾶναντια
1170 3102 1430 3174 δοξάζων,
1476 3100 1601 3157 ἀλλ’
1637 3105 1664 3159 6
1693 3111 1792 3173 τῆς
1824 3103 1993 3174 αὐτῆς

2137 3121 2293 3178 psam
2316 3110 2374 3159 et
2395 3102 2695 3158 veritatem
2719 3103 2897 3159 habet
2917 3106 3326 3164 successionis.
3359 3110 3552 3182 Neque
3587 3114 3747 3169 enim

345 3197 577 3258 πίστεως
606 3216 619 3229 ·
668 3195 716 3250 εἲ
754 3195 829 3267 μὴ
884 3192 1026 3248 οὕτω
1071 3213 1153 3254 τις
1202 3191 1357 3268 λέγοι
1406 3189 1687 3269 διάδοχον,
1738 3192 1811 3255 ὡς
1840 3192 1992 3247 νόσον

2137 3194 2208 3266 [αἱ
2254 3208 2356 3265 per
2397 3192 2513 3246 vim
2561 3191 2793 3262 irrupit,
2834 3209 3140 3249 successor
3168 3194 3475 3255 habendus
3505 3206 3613 3274 est,
3647 3204 3751 3259 sed

276 3322 281 3326 η
350 3285 719 3361 ὑγιείας
780 3283 869 3337 καὶ
922 3282 1099 3361 φωτὸς
1146 3280 1360 3354 σκότος,
1405 3280 1494 3336 καὶ
1526 3280 1693 3352 ζάλην
1725 3280 1995 3358 γαλήνης,

2137 3282 2209 3353 ιιιί
2239 3282 2355 3336 vim
2389 3296 2700 3352 perpessus
2732 3285 2819 3336 est
2853 3298 2866 3337 :
2910 3297 3014 3337 nec
3046 3283 3145 3355 qui
3174 3283 3333 3357 leges
3363 3268 3614 3361 violavit,
3647 3293 3750 3349 sed

352 3373 443 3429 καὶ
475 3371 731 3434 συνέσεως
763 3367 1029 3427 ἔκστασιν.

2137 3370 2209 3443 [ui
2233 3370 2405 3425 modo
2428 3368 2659 3441 legibus
2682 3373 3071 3428 consentanea
3098 3380 3328 3433 creatus
3354 3383 3443 3434 est
3468 3397 3481 3437 :
3515 3397 3620 3437 nec
3652 3382 3753 3456 qui

355 3464 648 3535 contraria
676 3463 951 3534 dogmata
977 3464 1158 3535 tenet,
1191 3462 1291 3537 sed
1327 3461 1425 3535 qui
1466 3462 1670 3521 eadem
1720 3462 1834 3519 ﬁde
1886 3460 2168 3537 przsditus
2213 3467 2338 3527 est;
2388 3458 2499 3514 nisi
2546 3458 2679 3530 quis
2726 3458 2974 3517 fortasse
3020 3462 3101 3518 ita
3148 3481 3544 3528 successorem
3576 3473 3757 3546 dicat,

355 3551 857 3625 quemadmodum
889 3550 1159 3609 morbum
1191 3550 1450 3620 sanitati,
1473 3555 1532 3607 et
1560 3550 1832 3608 tenebras
1861 3550 1999 3621 luci,
2032 3554 2089 3606 et
2117 3552 2524 3623 tempestatem
2557 3547 2991 3622 tranquillitati,
3022 3555 3079 3608 et
3108 3556 3319 3613 mentis
3346 3558 3759 3621 alienationem

357 3641 676 3714 prudentia;
707 3639 1018 3713 succedere
1048 3638 1322 3695 dicimus.
3710 3640 3711 3643 ‘

427 3747 500 3803 ϐ’.
558 3745 707 3803 Ἐπεὶ
769 3742 827 3800 δὲ
885 3743 1028 3800 οὕτω
1081 3739 1482 3820 προϐάλλεται,
1542 3744 1686 3802 οὕτω
1745 3745 1834 3801 καὶ
1902 3745 2001 3815 τὴν

2189 3746 2281 3802 ΙΧ.
2314 3745 2698 3816 Posteaquam
2739 3750 2934 3802 autem
2978 3749 3046 3803 ad
3081 3749 3239 3807 hunc
3272 3755 3514 3811 modum
3547 3759 3760 3828 praesul

356 3834 535 3909 ἀρχὴν
587 3837 697 3906 (59)
744 3831 1056 3889 διατίθεται.
1117 3831 1194 3891 Οὐ
1242 3833 1346 3906 γὰρ
1395 3834 1532 3905 ὁμοῦ
1561 3853 1620 3888 τε
1650 3830 2007 3905 ηταλαμὸἀρ

2137 3833 2459 3905 lesignatus
2489 3838 2597 3897 est,
2630 3833 2700 3887 ad
2749 3833 2905 3889 hunc
2948 3852 3183 3907 quoque
3222 3841 3489 3909 protinus
3521 3848 3762 3904 modum

357 3943 435 3991 νει
466 3920 555 3975 τὸν
588 3921 804 3998 θρόνον,
839 3920 1018 3998 ὥσπερ
1051 3921 1104 3975 οἱ
1133 3918 1421 3995 τυραννίδα
1448 3922 1588 3991 τινὰ,
1647 3922 1682 3989 ἢ
1705 3920 2008 4005 ,κληρονο-

2142 3921 2430 3992 mperium
2461 3920 2853 3975 administrat.
2891 3922 3016 3977 Non
3049 3926 3205 3980 enim
3252 3928 3427 3985 simul
3474 3937 3649 4005 atque
3691 3936 3763 3991 ad

367 4009 489 4084 μίαν
544 4011 689 4085 παρὰ
739 4005 891 4078 δόξαν
1120 4006 1468 4083 ἁρπάσαντες,
1517 4009 1606 4062 καὶ
1657 4003 1861 4084 ὑϐρίζει
1923 4006 2012 4063 διὰ

2137 4009 2399 4065 ιΙποιιιιω
2430 4008 2712 4079 pervenit,
2736 4008 2892 4064 velut
2921 4011 3019 4081 qui
3044 4016 3414 4085 tyrannidem
3445 4003 3765 4092 quamdam

361 4099 453 4153 τὸν
501 4097 686 4174 κόρον.
738 4100 921 4155 Ταῦτα
964 4098 1067 4175 γὰρ
1112 4100 1218 4151 τῶν
1255 4095 1426 4160 νόθων
1458 4096 1547 4151 καὶ
1578 4096 2009 4173 παρεγγράπτων

2137 4102 2223 4152 tut
2251 4096 2647 4152 hssreditatem
2681 4102 2887 4167 preter
2937 4115 3100 4171 spem
3132 4105 3527 4179 arripuerunt,
3560 4113 3763 4169 statim

362 4186 550 4263 ἱεράων
585 4188 695 4261 (61)
743 4185 872 4255 ἐστὶ,
924 4184 1014 4241 καὶ
1060 4189 1159 4240 τοῦ
1208 4183 1620 4260 ἐπαγγέλματος
1664 4185 1888 4257 ἀναξίων
1914 4205 1927 4219 ·
1962 4182 2012 4240 o'l

2137 4186 2197 4241 Jb
2228 4185 2597 4241 saturitatem
2630 4186 2687 4239 in
2722 4186 3100 4257 petulantiam
3134 4178 3439 4267 prorupit;
3474 4178 3580 4255 hoc
3611 4202 3769 4258 enim

370 4274 540 4349 μηδεν
596 4278 666 4348 τῇ
723 4274 987 4350 ἱερωσύνῃ
1035 4272 1557 4350 προεισενεγχόντες,
1610 4272 1752 4347 μηδὲ
1794 4278 1891 4328 τοῦ
1920 4295 2016 4335 κα-

368 4362 472 4419 λοῦ
524 4361 1167 4439 προταλαιπωρήσαντες,
1214 4363 1356 4436 όμοῦ
1398 4382 1457 4418 τε
1505 4363 1743 4436 μαθηταὶ
1790 4362 1879 4419 καὶ
1934 4361 2018 4421 δι-

373 4450 635 4508 δάσκαλοι
662 4453 761 4525 τῆς
796 4446 1065 4513 εὐσεϐείας
1105 4448 1525 4525 ἀναδείκνυνται,
1572 4452 1663 4507 καὶ
1710 4452 1836 4527 πρὶν
1888 4462 2019 4516 καθε-

373 4543 599 4617 αρθῆναι
653 4538 1011 4619 καθαίρουσι·
1066 4541 1195 4616 χθὶς
1268 4538 1567 4615 ἱερόσυλοι,
1633 4539 1723 4599 καὶ
1781 4542 2020 4617 σήμερον

371 4630 576 4707 ἱερεῖς’
617 4630 745 4707 χθὲς
800 4633 908 4686 τῶν
960 4627 1122 4705 ἁγίων
1171 4627 1294 4701 ἔξω,
1346 4629 1437 4699 καὶ
1483 4629 1828 4706 μυσταγωγοὶ
1858 4630 2025 4704 σήμε-

375 4740 467 4795 ρον
494 4738 508 4752 ’
541 4716 764 4774 παλαιοὶ
795 4719 895 4789 τὴν
925 4717 1133 4791 κακίαν,
1164 4717 1255 4775 καὶ
1310 4714 1521 4795 σχέδιω
1568 4720 1668 4787 τὴν
1727 4714 2021 4781 εὐσέϐειαν

447 4942 561 5013 (51)
589 4937 711 4995 Τόν.
745 4940 924 5015 Deest
948 4942 1009 4998 in
1037 4941 1305 5015 pluribus
1336 4941 1505 5015 codd.

447 5011 561 5102 (52)
611 5011 1099 5102 KasetlauypévnfL.
1135 5019 1237 5083 τῆς
1284 5019 1407 5088 γῆς.
1457 5011 1631 5068 Cois].
1685 5014 1710 5068 1
1764 5015 1822 5068 et
1870 5017 2027 5082 Par.,

378 5081 802 5159 κατεψυγμένηθ-
818 5081 918 5159 vi?
937 5081 1068 5159 γῆν·

455 5104 507 5137 τε
552 5104 580 5136 υ
627 5103 788 5154 μενην
818 5105 918 5153 την
946 5105 1068 5159 γην.

455 5103 701 5232 (ὃᾶᾅίαὶ
736 5154 1007 5232 Γόμορρα.
1051 5159 1187 5231 Reg.
1220 5161 1413 5230 Cypr.,
1446 5152 1535 5208 καὶ
1572 5153 1641 5208 τὰ
1666 5159 1768 5223 τῆς
1813 5153 2027 5231 Γομόρ-

386 5225 501 5303 ῥας*
514 5225 769 5303 πάθωμεν
780 5268 792 5281 .

454 5299 565 5423 (54)
615 5296 1124 5355 Κάτακλυσθάντων.
1194 5300 1258 5354 In
1326 5296 1704 5370 quibusdam,
1763 5316 2028 5352 κατακαυ-

479 5388 637 5423 ντων.

385 5380 637 5433 σθεντων.

448 5436 741 5517 (δεηέβδη
766 5437 1083 5517 ,κειμένοις-
1128 5440 1224 5517 sic
1272 5440 1451 5517 Beas
1474 5436 1720 5517 salares,
1750 5438 1925 5517 Ceisl-
1972 5442 2028 5509 2»

385 5508 674 5584 Ρῃεεζείο
704 5508 888 5568 etiam
911 5508 1115 5584 legunt
1157 5508 1337 5568 Nicet.
1360 5508 1428 5567 Et
1474 5508 1604 5566 Bill.
1640 5508 1713 5566 In
1751 5512 1843 5567 ed.
1875 5508 2031 5583 Par.,

386 5581 773 5661 ἠδικημέᾱοιςι
801 5608 833 5661 (ε
863 5581 1405 5661 ίηᾱιῖνίαβίΐβρὲἓε-ρτ

456 5628 1582 5733 (έδςῖῐίεςεξιεέιαξξδρξῖῖεῖξςῑιῑξιξ’διαίνου,
1614 5674 1642 5703 ..
1676 5669 1793 5733 ηρη
1834 5654 2033 5712 minus

388 5726 622 5802 pietatis
635 5726 856 5801 {quam
886 5728 1043 5786 sedis
1070 5727 1231 5786 illius
1262 5740 1567 5785 successor
1591 5746 1641 5780 .»

2126 4274 2589 4331 adulterinorum
2621 4276 2989 4331 sacerdotum
3022 4285 3130 4348 est,
3163 4287 3219 4337 et
3247 4300 3448 4340 eorum
3478 4289 3576 4359 qui
3605 4290 3771 4346 obre-

2128 4368 2391 4437 pserunt,
2420 4362 2635 4452 quique
2664 4381 2905 4420 munere
2945 4370 3099 4438 quod
3151 4372 3523 4446 profitentur,
3550 4377 3777 4452 indigni

2131 4456 2273 4511 sunt
2306 4469 2318 4508 :
2365 4451 2466 4524 qui
2493 4468 2627 4508 cum
2659 4452 2808 4507 nihil
2840 4455 3007 4525 prius
3036 4458 3105 4511 ad
3140 4462 3532 4519 sacerdotium
3564 4451 3778 4523 attule-

2132 4541 2273 4631 rint,
2313 4540 2506 4631 nullas
2558 4555 2851 4631 erumnas
2906 4543 3139 4601 virtutis
3191 4564 3371 4606 causa
3412 4554 3777 4631 pertulerint,

2133 4628 2408 4701 discipuli
2429 4628 2601 4684 simul
2628 4630 3014 4703 magistrique
3036 4633 3271 4704 pietatis
3292 4644 3586 4713 creantur,
3609 4628 3782 4699 alios-

2134 4736 2248 4792 que
2278 4722 2412 4774 ante
2441 4721 2716 4790 purgant,
2751 4734 2927 4790 quam
2959 4721 3073 4792 ipsi
3105 4727 3335 4798 purgati
3368 4728 3621 4787 fuerint:
3655 4730 3781 4807 heri

2207 4942 2322 5018 (5?)
2352 4936 2450 4992 Καὶ
2507 4938 2542 5006 ἡ
2600 4937 2693 5018 μὲν
2762 4942 3152 5018 προσηγορίαν,
3213 4954 3323 5005 etc.
3384 4952 3520 5018 Reg.
3582 4970 3638 5017 a.
3695 4955 3789 5010 καὶ

2207 4961 2322 5014 (οι)
2352 4961 2450 4992 nou
2507 4961 2542 5006 η
2600 4961 2693 5012 μεν
2762 4961 2868 5014 προ
2946 4961 3152 5018 γοριαν,
3213 4961 3323 5005 etc.
3386 4961 3426 5007 li
3509 4997 3520 5008 .
3582 4970 3638 5017 a.
3695 4961 3788 5010 καὶ

2136 5011 2329 5099 ἠυμὶν
2388 5009 2763 5085 προσηγορία,
2823 4961 2975 5079 ἡστδὶ
3034 5014 3265 5085 ἀλήθεια
3321 4968 3541 5098 ἐδείξίῖη
3607 5023 3788 5080 διαδο-

2136 5103 2268 5159 χῖιςς

2208 5150 2321 5297 (58)
2349 5150 2602 5224 Ὑγιείας.
2638 5152 2775 5234 fteg.
2808 5154 2926 5225 bm,
2966 5154 3160 5230 ὑγείας.

2210 5227 2299 5297 (59
2352 5224 2583 5297 Ἀρχήν.
2616 5224 2866 5295 Nicetas,
2910 5225 3079 5297 ἀξίαν,
3112 5254 3140 5281 ‹‹

2139 5224 2319 5353 tu???
2352 5224 2583 5299 Ἀρχήν.
2616 5224 2866 5295 Nicétas,
2910 5224 3079 5298 ἀξίαν,
3112 5254 3140 5281 ‹‹
3173 5233 3259 5290 sic
3303 5253 3545 5295 munere
3590 5239 3783 5312 fungi.

2166 5315 2253 5353 ur.
2276 5317 2302 5346 ιο

2209 5369 2322 5441 (60)
2353 5364 2503 5442 Παρᾶ
2557 5362 2735 5435 δόξαν.
2795 5367 2934 5441 Reg.
2985 5370 3086 5443 ph,
3136 5375 3291 5444 Bas.,
3340 5377 3498 5446 Till.,
3546 5375 3809 5456 παράδοο-

2355 5509 2584 5584 Ἰερὲων.
2638 5508 2874 5593 βίιὶίυε,
2907 5534 2935 5561 (ι
2972 5512 3310 5593 Praesidium,
3348 5542 3376 5570 ››
3425 5522 3547 5578 Νοη
3600 5523 3788 5593 male;

2143 5583 2241 5666 hic
2271 5583 2537 5667 namque
2558 5583 2763 5667 agitur.
2787 5602 2808 5630 ι
2843 5583 2913 5638 de
2943 5586 3290 5667 adulterinis
3317 5583 3791 5667 sacerdotibus”;

2144 5656 2268 5727 qui,
2294 5653 2458 5710 nulla
2485 5653 2722 5738 virtu-te,
2750 5653 2867 5711 imo
2890 5671 3024 5714 cum
3052 5661 3256 5721 multis
3278 5664 3459 5738 vitiis,
3484 5689 3513 5719 «
3537 5669 3609 5726 ad
3632 5653 3793 5727 thro-

2143 5744 2287 5811 QREI}
2317 5728 2681 5810 Ρβῗῗβηίθθίι
2710 5744 2741 5777 ”
