4094 6288
391 384 541 450 1091

1625 388 1690 449 S.
1739 387 2111 451 GREGORII
2154 382 2551 454 THEOLOGI

3637 392 3804 459 1092

387 520 677 594 sacrilegi,
721 520 890 577 hodie
933 518 1309 588 sacerdotes;
1374 522 1518 591 heri,
1569 524 1813 593 profani,
1862 524 2023 580 hodie

2147 520 2177 576 8
2206 521 2357 599 ἔργον
2393 525 2619 599 χάριτος
2669 522 3041 598 ἀνθρωπίνης,
3072 523 3133 579 οὐ
3163 532 3265 595 τῆς
3312 531 3407 581 τοῦ
3443 527 3757 601 [Ινεύματος
3783 548 3798 563 ⁸

387 626 687 666 sacrorum
746 611 1087 675 antistites;
1156 615 1373 665 veteres
1430 611 1607 679 vitio,
1668 612 1883 684 pietate
1939 631 2037 668 ru-

386 700 489 753 des
532 702 590 754 et
631 705 931 767 recentes;
986 706 1135 770 qumi
1188 704 1382 771 gf‘flltiu
1426 718 1491 756 ac
1525 702 1733 756 favoris
1766 702 2036 772 humani,

386 804 503 842 non
535 788 787 858 Spiritus
836 805 983 860 opus
1029 797 1163 853 est;
1225 794 1323 859 qui
1384 806 1518 844 cum
1576 796 1782 845 caetera
1839 792 2038 847 omnia

385 875 668 931 violenter
698 877 1077 948 pervaserint,
1132 879 1203 932 ad
1265 881 1588 933 extremum
1650 880 1840 951 ipsam
1890 896 2036 949 quo-

388 981 502 1037 que
548 967 825 1037 pietatem
869 967 1177 1038 tyrannide
1236 971 1555 1037 premunt:
1614 984 1866 1038 quorum
1922 985 2036 1024 non

388 1071 583 1111 mores
613 1055 910 1127 dignitati,
944 1056 1041 1111 sed
1089 1054 1346 1125 dignitas
1376 1057 1523 1111 391
1562 1057 1827 1112 moribus
1859 1057 2035 1111 ﬁdem

386 1148 620 1212 astruit,
649 1147 851 1203 ordine
881 1147 1200 1203 admodum
1234 1152 1623 1219 praepostero:
1657 1148 1755 1218 qui
1786 1149 2038 1220 denique

386 1235 556 1307 plura
588 1253 689 1307 pro
725 1236 869 1304 suis,
902 1254 1075 1308 quam
1112 1253 1213 1307 pro
1244 1236 1440 1308 populi
1473 1237 1825 1309 ignorantiis
1848 1239 1912 1305 ‘5,
1948 1255 2039 1293 sa-

385 1325 604 1381 criﬁcia
634 1326 884 1393 debent;
930 1342 996 1381 ac
1042 1343 1280 1396 prorsus
1325 1326 1574 1380 duorum
1614 1325 1863 1382 alterum
1899 1344 2036 1397 pec-

387 1417 543 1477 cant,
568 1414 654 1470 vel
678 1414 817 1485 quia
845 1414 1010 1469 venia
1037 1414 1149 1486 ipsi
1171 1432 1318 1485 opus
1351 1414 1589 1480 habent,
1610 1414 1763 1470 ultra
1793 1416 2032 1470 modum

386 1503 519 1559 aliis
551 1503 940 1575 ignoscentes,
973 1508 1038 1558 ut
1083 1504 1167 1557 sic
1198 1505 1406 1558 vitium
1439 1520 1555 1558 non
1590 1505 1761 1559 modo
1795 1521 1909 1559 non
1944 1520 2033 1558 re-

384 1593 696 1665 primatur,
730 1594 831 1647 sed
876 1592 1050 1647 etiam
1108 1593 1405 1657 doceatur,
1464 1591 1552 1647 vel
1610 1593 1749 1663 quia
1804 1592 2033 1664 imperii

384 1682 699 1738 acerbitate
720 1686 955 1754 peccata
977 1697 1080 1736 sua
1102 1681 1415 1752 obtegunt:
1444 1698 1693 1751 quorum
1719 1686 2035 1753 utrumque

385 1772 616 1844 fugiens
676 1770 1047 1837 Athanasius,
1108 1769 1225 1824 vita
1280 1770 1518 1840 quidem
1567 1770 1840 1827 sublimis
1885 1776 2031 1836 erat,

2175 612 2189 634 θ
2294 613 2301 629 Γ
2524 615 2534 633 Ι
2711 610 2734 630 Ν
2827 614 2835 631 1
3191 614 3243 645 γ’
3715 624 3738 633 υ

2149 610 2221 681 οί,
2272 615 2395 667 ὅταν
2465 634 2637 667 παντα
2708 613 3019 682 οιεξελθωσι
3092 615 3427 688 βιαςομενοι,
3483 616 3799 672 τελευταιον

2146 707 2465 777 τυραννοῦσι
2525 702 2614 756 καὶ
2667 704 2765 769 τὴν
2818 698 3086 756 εὐσέϐειαν
3110 722 3121 733 ⁸
3175 705 3247 756 ὢν
3279 704 3386 779 οὐχ
3415 706 3443 759 ὁ
3473 704 3674 781 τρόπος
3705 708 3798 761 τὸν

2152 791 2376 865 βαθμὸν,
2436 792 2463 845 ὁ
2517 793 2722 865 βαθμὸς
2772 788 2830 845 δὶ
2876 793 2965 845 τὸν
3015 791 3216 865 τρόπον
3266 793 3591 863 πιστεύεται,
3651 796 3800 870 παρᾶ

2147 878 2290 934 πολὺ
2346 886 2446 949 τῆς
2492 880 2694 950 τάξεως
2749 879 3222 953 ἐναλλαττομένης
3253 900 3265 913 ·
3315 879 3370 934 o'l
3402 880 3628 945 πλείους
3662 884 3797 958 ὑπὶρ

2147 967 2372 1039 ὶαυτῶν,
2431 970 2464 1037 ἢ
2516 972 2623 1023 τῶν
2677 972 2775 1023 τοῦ
2834 967 2970 1023 λαοῦ
3026 969 3405 1045 ἀγνοημάτων,
3464 971 3559 1033 τὰς
3609 972 3797 1035 Θυσίας

2148 1056 2465 1135 ὀφείλουσι·
2517 1078 2605 1112 και
2649 1056 2863 1119 πάντως
2916 1062 3025 1112 τῶν
3078 1055 3188 1112 δύω
3232 1059 3294 1113 τὸ
3338 1055 3520 1135 ἕτερον
3555 1062 3798 1135 ἁμαρτά-

2144 1167 2347 1217 νουσιν,
2395 1148 2429 1215 ἢ
2472 1150 2551 1218 τῷ
2600 1144 2799 1202 δεῖσθαι
2851 1150 3209 1221 συγγνώμης,
3269 1149 3476 1224 ἄμετρα
3526 1151 3792 1225 συγγινώ-

2145 1255 2378 1307 σκοντες,
2423 1236 2497 1297 ὡς
2546 1234 2603 1289 ἂν
2658 1238 2796 1306 μήτε
2849 1235 3206 1290 ἀνακόπτοιτο
3255 1236 3434 1305 κακία,
3489 1234 3636 1293 ἀλλᾶ
3701 1238 3791 1293 καί

2146 1320 2474 1395 διδάποιτο,
2534 1326 2569 1393 ἢ
2605 1328 2673 1397 τῇ
2718 1323 3021 1399 τραχύτητι
3069 1330 3167 1393 τῆς
3223 1325 3423 1399 ἀρχῆς,
3474 1326 3539 1380 τὰ
3583 1327 3788 1381 ἑαυτῶν

2142 1412 2630 1487 συγκαλύπτοντες.
2662 1415 2757 1467 Ὧν
2788 1410 3067 1487 οὐδέτερον
3101 1412 3303 1475 ἐκεῖνος
3329 1433 3339 1446 ’
3369 1412 3495 1469 ἀλλ’
3525 1418 3590 1483 ἦν
3645 1417 3793 1489 ὑψη-

2145 1501 2240 1563 λὸς
2273 1502 2363 1575 μὲν
2386 1508 2501 1565 τοῖς
2535 1498 2735 1577 ἔργοις,
2784 1503 3033 1564 ταπεινὸς
3086 1500 3143 1556 δὶ
3183 1506 3261 1574 τῷ
3290 1505 3638 1580 φρονήματι·
3699 1504 3791 1559 καὶ

2140 1598 2239 1665 τῂν
2277 1591 2369 1663 μὲν
2417 1591 2611 1665 ἀρετὴν
2655 1591 2970 1667 ἀπρόσιτος,
3018 1593 3116 1661 τήν
3168 1590 3413 1667 ἐντυχίαν
3462 1590 3519 1647 δὶ
3547 1593 3637 1648 καὶ
3670 1592 3795 1648 λίαν

2143 1679 2482 1754 εὐπρόσιτος,
2532 1686 2728 1756 πρᾶος,
2778 1679 3068 1755 ἀόργητος,
3121 1681 3436 1752 συμπαθὴς,
3502 1678 3636 1750 ἡδὺς
3696 1682 3791 1737 τὸν

2143 1766 2328 1844 λόγον,
2377 1766 2548 1838 ⁴ἡδίων
2593 1769 2684 1823 τὸν
2731 1768 2954 1845 τρόπον,
3002 1767 3290 1845 ἀγγελικὸς
3322 1770 3383 1823 τὸ
3415 1767 3578 1842 εἶδος,
3632 1770 3793 1846 ἀγγε-

381 1877 584 1916 verum
609 1859 802 1915 animo
834 1858 1076 1914 humilis
1103 1875 1115 1913 :
1151 1862 1326 1929 atque
1355 1875 1419 1914 ea
1441 1859 1679 1930 quidem
1704 1859 1934 1930 virtute,
1973 1865 2023 1915 ut

2141 1855 2436 1929 λικώτερος
2478 1858 2577 1925 τὴν
2622 1854 2881 1929 διάνοιαν,
2932 1855 3247 1929 ἐπιτιμῆσαι
3279 1860 3541 1932 γαληνὸς,
3576 1857 3797 1913 ὶπαινί-

384 1964 556 2004 nemo
586 1949 658 2003 ad
689 1965 813 2004 eam
849 1950 1109 2019 aspirare
1139 1952 1356 2018 posset,
1404 1952 1676 2003 caeterum
1730 1966 1798 2004 ea
1845 1948 2029 2004 comi-

381 2040 521 2104 tate,
542 2042 607 2092 ut
636 2039 707 2092 ad
739 2038 866 2106 ejus
897 2052 1277 2107 congressum
1312 2035 1497 2091 facilis
1528 2037 1803 2092 omnibus
1834 2038 2027 2092 aditus

384 2130 624 2197 pateret,
643 2125 1091 2192 mansuetus,ab
1116 2124 1201 2180 ira
1224 2124 1473 2194 alienus,
1490 2126 1560 2180 ad
1589 2125 2027 2181 miserationem

382 2231 729 2286 propensus,
754 2230 1021 2270 sermone
1043 2215 1368 2285 jucundus,
1396 2214 1660 2269 moribus
1684 2214 2025 2283 jucundior,

382 2305 527 2358 facie
558 2303 876 2375 angelicus,
912 2303 1105 2357 animo
1139 2304 1327 2373 magis
1359 2302 1698 2373 angelicus;
1732 2303 1787 2356 in
1840 2304 2027 2357 incre-

381 2394 572 2464 pando
596 2391 879 2463 placidus,
902 2394 961 2445 in
987 2391 1277 2447 laudando
1298 2392 1601 2446 erudiendi
1630 2391 1746 2445 vim
1770 2392 2026 2463 habens;

381 2480 466 2535 sic
498 2484 813 2551 utrumque
860 2484 1217 2551 temperans,
1267 2484 1329 2534 ut
1377 2485 1649 2534 neutrum
1683 2480 1892 2534 horum
1929 2497 2030 2551 per

381 2569 928 2624 immoderationem
962 2568 1353 2637 labefactaret,
1387 2585 1584 2622 verum
1618 2573 1675 2623 et
1714 2568 2026 2639 increpatio

381 2662 687 2728 paternam
721 2656 1085 2722 charitatem,
1118 2662 1173 2711 et
1220 2657 1477 2713 laudatio
1512 2657 1753 2727 imperio
1787 2658 2025 2729 dignam

380 2746 723 2820 gravitatem
757 2745 1081 2813 obtineret;
1130 2763 1233 2800 nec
1280 2751 1378 2801 aut
1412 2745 1685 2801 mollities
1717 2744 2027 2811 dissoluta,

2138 1965 2222 1998 σαι
2273 1942 2616 2007 παιδευτικός
2668 1948 2813 2019 (62)’
2867 1945 2956 1999 καὶ
3008 1943 3305 2022 μηδέτερον
3359 1951 3465 2001 τῶν
3505 1944 3793 2021 καλῶντῇ

2138 2032 2369 2108 ἀμετρίᾳ
2399 2032 2764 2105 λυμήνασθαι,
2796 2031 2942 2088 ἀλλὰ
2974 2036 3195 2102 ποιῆσαι
3242 2034 3332 2088 καὶ
3377 2035 3477 2103 τὴν
3527 2034 3789 2110 ἆπιτίμη-

2138 2142 2218 2174 σιν
2265 2122 2551 2193 πατρικὴν,
2610 2122 2699 2175 καὶ
2755 2124 2847 2177 τὸν
2901 2118 3116 2176 ἔπαινον
3185 2122 3413 2198 ἀρχικόν
3449 2141 3460 2155 '
3527 2125 3666 2196 μήτε
3724 2124 3790 2178 τὸ

2138 2208 2345 2264 ἀπαλὸν
2400 2205 2646 2277 ἔκλυτον,
2700 2212 2837 2281 μήτε
2870 2211 3064 2285 στυφὸν
3098 2210 3158 2264 τὸ
3186 2210 3452 2285 αὐστηρόν
3483 2230 3493 2242 ·
3545 2211 3693 2267 ἀλλὰ
3722 2213 3787 2267 τὸ

2141 2320 2233 2371 μεν
2300 2300 2604 2367 ἐπιείκειαν,
2648 2302 2710 2355 τὸ
2760 2298 2816 2355 δὲ
2863 2300 3144 2378 φρόνησιν,
3187 2301 3276 2356 καὶ
3325 2300 3644 2379 φιλοσοφίαν
3672 2304 3789 2375 (63)

2139 2388 2453 2467 ἀμφότεραε
2487 2388 2747 2464 ἐλάχιστα
2780 2390 2872 2462 μὶν
2908 2389 3077 2464 λόγου
3111 2388 3199 2445 διὰ
3228 2392 3319 2445 τὸν
3360 2391 3558 2466 τρόπον
3591 2388 3787 2463 δεόμε-

2135 2498 2229 2539 νος
2278 2479 2541 2553 ἀρκοῦντα
2584 2479 2715 2553 πρὸς
2750 2477 3121 2553 παιδαγωγίαν
3147 2498 3158 2511 '
3194 2478 3458 2555 ἐλάχιστα
3490 2480 3545 2534 δὶ
3578 2474 3786 2554 ῥάϐδου

2139 2563 2225 2619 διὰ
2252 2567 2342 2620 τὸν
2376 2565 2539 2639 λόγον
2569 2587 2578 2597 ·
2615 2562 2692 2620 ἔτι
2724 2564 2781 2621 δὲ
2813 2566 3020 2622 ἐλάττω
3063 2571 3262 2641 τομῆς,
3293 2566 3382 2622 διὰ
3431 2570 3528 2637 τὴν
3583 2562 3785 2643 ῥάϐδον

2140 2654 2370 2729 μετρίως
2400 2654 2743 2725 πλήττουσαν
2756 2699 2768 2711 .

380 2839 481 2891 aut
509 2834 786 2890 severitas
830 2835 1018 2907 rigida
1066 2841 1120 2888 et
1169 2836 1370 2890 tetrica
1401 2840 1583 2901 esset;
1616 2834 1757 2906 quin
1792 2835 1987 2906 potius
2018 2834 2116 2889 illa
2149 2835 2443 2891 facilitatis
2492 2839 2548 2890 et
2595 2835 2993 2907 benignitatis,
3028 2836 3149 2892 hanc
3198 2836 3519 2908 prudentiae
3572 2853 3789 2892 nomen

379 2924 640 2993 haberet,
666 2930 913 2994 utraque
942 2940 1074 2979 vero
1106 2925 1402 2995 sapientius
1434 2923 1665 2979 laudem
1699 2929 2183 2995 consequeretur;
2218 2925 2301 2979 ita
2330 2925 2580 2995 denique
2612 2940 2673 2980 se
2704 2941 3072 2995 comparans,
3100 2930 3165 2980 ut
3196 2942 3300 2981 nec
3330 2942 3617 2990 sermone,
3648 2943 3788 2997 pro-

379 3019 508 3085 pter
538 3030 731 3069 mores
758 3014 990 3069 abunde
1021 3015 1089 3068 ad
1124 3014 1554 3069 institutionem
1585 3013 1967 3082 sufﬁcientes,
2000 3029 2349 3085 magnopere
2393 3030 2543 3085 opus
2580 3013 2852 3080 haberet;
2888 3030 2992 3069 nec
3023 3031 3250 3084 rursus,
3285 3021 3519 3087 propter
3546 3018 3661 3073 vim
3695 3017 3786 3071 fa-

377 3102 774 3174 cultatemque
794 3102 1045 3165 dicendi,
1070 3102 1234 3174 virga
1263 3103 1579 3157 admodum
1613 3107 1839 3173 egeret;
1872 3103 2126 3157 sectione
2150 3118 2319 3173 porro
2343 3102 2525 3157 multo
2549 3102 2765 3171 minus,
2790 3103 2862 3156 ob
2885 3103 3107 3175 virgam
3130 3104 3429 3159 moderate
3452 3107 3781 3161 ferientem.

447 3190 512 3246 X.
558 3192 704 3255 Quid
750 3196 943 3246 autem
991 3191 1152 3245 vobis
1197 3191 1496 3245 hominem
1527 3191 1855 3246 describere
1887 3190 2019 3244 atti-
2051 3197 2092 3258 ρ

374 3280 519 3336 net?
553 3280 719 3335 Hunc
752 3279 967 3334 Paulus
998 3283 1362 3335 anteveitens
1394 3280 1656 3351 depinxit
1683 3298 1695 3346 ;
1730 3279 1849 3333 sive
1881 3294 2011 3333 cum

372 3367 705 3439 pontiﬁcem
738 3367 901 3422 illum
937 3384 1237 3439 magnum,
1272 3368 1367 3439 qui
1401 3368 1574 3423 caelos
1607 3368 2012 3439 penetravit“,

371 3457 722 3528 depraadicat
766 3457 900 3525 (huc
929 3457 1084 3511 enim
1120 3474 1303 3527 usque
1336 3456 1604 3528 progredi
1636 3473 1749 3510 non
1784 3456 2012 3511 dubita-

367 3545 456 3600 bit
484 3545 685 3616 oratio,
719 3562 850 3600 cum
884 3546 1185 3617 Scriptura
1214 3562 1332 3611 eos,
1364 3545 1462 3616 qui
1496 3546 1819 3600 secundum
1851 3545 2013 3599 Chri-

370 3637 530 3688 stum
561 3635 785 3701 vivunt,
822 3651 922 3705 pro
954 3633 1198 3689 Christis
1227 3634 1525 3705 agnoscat)
1551 3652 1563 3702 ;
1598 3635 1718 3689 sive
1750 3651 1882 3689 cum
1920 3633 2013 3689 Ti-

372 3722 627 3791 motheo,
685 3722 744 3777 in
803 3723 1050 3793 epistola
1092 3740 1266 3793 quam
1313 3725 1380 3778 ad
1430 3740 1563 3778 eum
1604 3723 1824 3789 scribit,
1858 3724 2013 3796 leges

369 3810 639 3882 imponit,
686 3828 844 3877 eum,
891 3812 988 3881 qui
1035 3812 1301 3867 Ecclesia
1348 3812 1592 3867 antistes
1638 3812 1871 3868 futurus
1905 3817 2012 3879 est,

367 3916 637 3956 sermone
662 3900 886 3972 fingens
918 3906 1096 3972 atque
1127 3902 1452 3956 informans
1472 3903 1534 3955 ‘7.
1569 3902 1713 3957 Nam
1744 3902 1793 3957 si
1824 3901 2012 3972 legem

364 4005 515 4056 eam,
540 3989 697 4045 velut
729 3990 987 4062 regulam
1021 3992 1363 4063 quamdam,
1386 3992 1458 4060 ei,
1485 3992 1580 4061 qui
1613 3991 1684 4045 ab
1717 3990 1807 4046 his
1839 3992 2014 4045 rebus

363 4076 662 4144 laudatur,
711 4080 1060 4149 admoveris,
1116 4097 1293 4151 quam
1348 4086 1505 4136 recta
1548 4096 1615 4134 ea
1661 4080 1758 4143 sit,
1792 4079 2015 4150 liquido

365 4166 702 4237 perspicies.
732 4169 901 4238 Agite
930 4168 1128 4239 igitur,
1155 4186 1220 4225 ac
1254 4186 1481 4223 mecum
1510 4168 1864 4223 laudationis
1891 4185 2014 4222 mu-

368 4271 481 4310 nus
502 4253 799 4327 suscipite.
820 4257 961 4313 Nam
987 4257 1139 4313 circa
1160 4259 1479 4313 orationem
1503 4257 1723 4324 laboro,
1739 4274 1804 4311 ac
1828 4256 2015 4312 multa

366 4344 599 4414 quidem
634 4346 1072 4416 praetermittere
1104 4348 1273 4417 cupio
1308 4365 1320 4413 ;
1374 4363 1579 4401 verum
1621 4345 1765 4401 alias
1797 4347 1867 4400 ab
1900 4345 2013 4400 alio

365 4433 648 4505 detineor,
708 4451 915 4506 neque,
978 4436 1131 4506 quod
1192 4434 1487 4507 praecellit,
1541 4436 1793 4506 reperire
1842 4451 2011 4504 queo,

364 4520 525 4575 velut
555 4521 613 4575 in
645 4539 884 4594 corpore
907 4524 1298 4595 undequaque
1319 4522 1523 4591 aequali
1544 4529 1717 4594 atque
1740 4522 2009 4594 eleganti.

368 4609 509 4666 Mihi
543 4610 725 4681 enim,
781 4615 843 4665 ut
886 4612 1145 4683 quidque
1187 4613 1460 4679 occurrit,
1495 4613 1574 4665 ita
1615 4610 1916 4682 pulchrius
1947 4627 2012 4665 ac

365 4698 738 4769 praestantius
768 4699 1016 4767 videtur,
1049 4706 1106 4755 et
1154 4700 1476 4755 orationem
1510 4700 1580 4755 ad
1613 4717 1673 4755 se
1705 4700 1874 4771 rapit.
1909 4700 2011 4755 Fa-

364 4786 475 4841 cite
506 4786 702 4858 igitur,
738 4788 1070 4859 quicunque
1114 4789 1355 4843 laudum
1404 4787 1567 4843 illius
1617 4805 1913 4859 praecones
1946 4805 2012 4843 ac

361 4880 541 4931 testes
569 4876 733 4947 estis,
768 4882 829 4931 ut
863 4879 1102 4932 virtutes
1135 4878 1293 4932 illius
1326 4877 1478 4932 inter
1518 4895 1617 4933 vos
1649 4878 2011 4949 partiamini,

362 4979 427 5019 ac
461 4964 805 5036 praeclarum
833 4968 985 5023 392
1010 4973 1304 5021 certamen
1338 4966 1491 5022 inter
1519 4984 1619 5022 vos
1653 4966 1881 5032 ineatis,
1905 4966 2012 5021 viri

2203 3195 2256 3246 I'.
2288 3190 2346 3241 Τί
2378 3188 2435 3243 ἃν
2489 3189 2613 3261 ὑμῖν
2664 3188 3110 3266 ἀναζωγραφοίην
3161 3190 3251 3244 τὸν
3302 3187 3505 3267 ἅνδρα;
3558 3191 3781 3255 Παῦλος

2123 3272 2415 3351 προλαϐὼν
2469 3276 2704 3353 ἔγραψε⁹
2750 3282 2911 3331 τοῦτο
2968 3278 3085 3350 μὲν,
3138 3278 3188 3332 ἐν
3242 3280 3328 3340 οἷς
3375 3281 3467 3334 τὸν
3515 3276 3778 3357 ἀρχιερέα

2123 3367 2211 3420 τὸν
2266 3366 2456 3441 μέγαν,
2505 3366 2595 3421 τὸν
2652 3363 3017 3435 διεληλυθότα
3062 3366 3189 3429 τοὺς
3236 3367 3503 3441 οὐρανοὺσ
3552 3370 3780 3442 ἀνυμνεῖ

2124 3452 2413 3528 (τολμήσει
2442 3454 2541 3530 γάρ
2576 3476 2669 3527 μοι
2700 3455 2787 3509 καὶ
2822 3454 2985 3529 μέχρι
3016 3455 3226 3510 τούτων
3279 3458 3305 3511 ὁ
3355 3455 3537 3533 λόγος,
3582 3456 3771 3527 ἒπειδή

2126 3543 2391 3619 Χριστοὺς
2423 3540 2536 3597 οιδε
2563 3542 2745 3599 καλεῖν
2778 3546 2812 3613 ἠ
2846 3544 3030 3621 Γραφὴ
3063 3546 3177 3617 (64)
3217 3543 3342 3605 τοὺς
3395 3548 3593 3613 ζῶντας
3636 3545 3776 3600 κατᾶ

2124 3633 2397 3706 Χριστόν)
2448 3637 2608 3687 τοῦτο
2658 3632 2737 3699 δὲ,
2787 3631 2837 3686 ἐν
2886 3634 2969 3695 οἷς
3017 3634 3267 3706 Τιμοθέῳ
3298 3634 3433 3708 πρὸς
3464 3633 3625 3689 αὐτὸν

2121 3725 2338 3798 γράφων
2388 3723 2686 3793 νομοθετεῖ,
2740 3725 2921 3775 τυπῶν
2995 3726 3074 3793 τῷ
3148 3720 3304 3796 λόγῳ
3390 3724 3479 3776 τὸν
3564 3721 3780 3777 ἐπισκο-

2121 3813 2228 3879 πῆς
2260 3814 2370 3884 (66)
2415 3810 2876 3885 προστησόμενον.
2929 3810 2991 3864 Et
3039 3811 3142 3885 γὰρ
3189 3811 3264 3872 ὡς
3309 3810 3506 3865 κανόνα
3536 3810 3626 3865 τὸν
3684 3811 3779 3866 νό-

2128 3922 2225 3972 μον
2286 3899 2578 3974 παραθείης
2635 3903 2713 3970 τῷ
2764 3903 2933 3953 ταῦτα
2991 3898 3386 3972 ἰπαινουμένῳ,
3446 3900 3626 3976 γνώσῃ
3685 3920 3781 3953 σα-

2124 3993 2236 4066 φῶς
2265 3990 2363 4057 τήν
2426 3986 2713 4057 εὐθύτητα.
2776 3991 2941 4063 Δεῦρο
3001 3985 3066 4056 δὴ
3120 3986 3636 4063 συμπανηγυρίσατὲ
3684 4008 3777 4060 μοι

2122 4077 2245 4152 περὶ
2299 4077 2388 4130 τὸν
2443 4073 2609 4151 λόγον
2643 4076 2919 4148 κάμνοντι,
2962 4075 3051 4129 καὶ
3081 4077 3148 4129 τὰ
3176 4077 3267 4149 μὲν
3300 4076 3475 4132 πλείω
3505 4076 3776 4149 παρατρέ-

2122 4185 2240 4240 χειν
2270 4163 2534 4233 ἐθέλοντι,
2583 4162 2783 4219 ἄλλοτε
2831 4161 2889 4218 δὶ
2937 4164 3025 4219 ὑπ’
3071 4162 3246 4220 ἄλλου
3276 4166 3655 4240 κατεχομένῳ,
3683 4163 3775 4218 καὶ

2125 4252 2223 4308 οὐκ
2261 4251 2444 4329 ἔχοντι
2493 4252 2556 4307 τὸ
2600 4256 2760 4306 νικῶν
2809 4254 2921 4325 (67)
2973 4251 3167 4327 εὑρεῖν,
3222 4252 3403 4329 ὥσπερ
3455 4252 3505 4317 ἐν
3560 4254 3774 4325 σώματι

2121 4340 2459 4416 πανταχόθεν
2490 4341 2595 4413 ἳσῳ
2624 4362 2683 4395 τε
2711 4342 2801 4394 καὶ
2831 4340 2984 4412 καλῷ
3009 4360 3021 4371 ·
3048 4340 3128 4397 ἀεὶ
3160 4342 3262 4415 γάρ
3295 4362 3389 4414 μοι
3430 4341 3491 4395 τὸ
3540 4361 3778 4417 προσπε-

2122 4431 2211 4485 σὸν
2244 4429 2471 4485 γάλλιον
2506 4429 2768 4507 φαίνεται,
2814 4429 2902 4483 καὶ
2954 4433 3114 4483 τοῦτο
3166 4431 3488 4504 συναρπάζει
3541 4430 3633 4483 τὸν
3684 4428 3776 4483 λό-

2125 4538 2240 4592 γον.
2298 4523 2464 4593 Δεῦρο
2513 4517 2609 4571 οὖν
2666 4538 2759 4589 μοι
2810 4514 3052 4580 διέλεσθε
3097 4518 3208 4589 (68)
3255 4518 3321 4571 τὰ
3351 4517 3555 4572 ἐκείνου
3612 4518 3774 4587 καλά,

2126 4606 2241 4662 ὅσοι
2289 4612 2397 4661 τῶν
2451 4606 2656 4661 ἐκείνου
2707 4605 2978 4660 ἐπαινέται
3021 4606 3111 4660 καὶ
3161 4607 3446 4681 μάρτυρες,
3478 4605 3566 4660 καὶ
3600 4607 3777 4682 ἀγῶνα

2122 4695 2287 4752 καλὸν
2341 4696 2676 4770 ἀγωνίσασθε
2718 4695 2854 4770 πρὸς
2902 4692 3211 4767 ἀλλήλους,
3263 4691 3452 4771 ἄνδρες
3502 4697 3644 4769 ὁμοῦ
3690 4693 3773 4749 καὶ

2122 4790 2394 4860 γυναῖκες,
2455 4784 2730 4839 νεανίσκοι
2785 4783 2872 4837 καὶ
2925 4784 3206 4857 παρθένοι,
3284 4780 3580 4860 πρεσϐῦται
3663 4784 3774 4856 (69)

2127 4875 2261 4947 μετὰ
2317 4872 2619 4950 νεωτέρων,
2681 4873 2842 4948 ἱερεῖς
2893 4872 2983 4925 καὶ
3043 4872 3199 4943 λαὸς,
3258 4874 3311 4927 οἱ
3368 4870 3772 4945 μοναδικοῖκαί

2127 4960 2376 5038 μιγάδες,
2428 4964 2481 5017 οἱ
2538 4969 2643 5031 τῆς
2686 4960 2999 5031 ἁπλότητος
3048 4961 3265 5032 καὶτῆς
3298 4956 3597 5038 ἀκριϐείας,
3657 4961 3771 5014 ὅσοι

430 5100 475 5136 ⁴⁸
504 5100 676 5157 Hebr.
709 5118 786 5169 1x,
818 5102 872 5156 7.
949 5103 992 5138 ἰθ
1023 5102 1197 5158 Hebr.
1232 5120 1308 5174 Iv,
1344 5103 1430 5158 14.
1507 5104 1548 5137 ⁴⁷
1581 5104 1602 5158 Ι
1634 5103 1781 5159 Tim.
1816 5121 1899 5173 III,
1930 5108 1965 5160 2
1989 5122 2132 5177 _sqq.

432 5234 544 5305 (62)
581 5229 886 5307 Γαληνός...
930 5231 1296 5307 mrem-meq.
1330 5236 1506 5306 Regg.
1542 5236 1739 5307 plures
1780 5237 2014 5307 optimae

362 5301 535 5379 potae,
563 5301 888 5379 γαληνῷς...
913 5303 1292 5368 παιδευτικῶς.
1325 5331 1351 5357 ι(
1380 5301 1605 5363 Placitae
1638 5301 2012 5379 increpando,

361 5377 657 5433 laudando
690 5377 1022 5435 salubriter.
1051 5402 1079 5428 ››

571 5446 926 5526 Φιλοσοφίαν.
962 5452 1213 5526 Nicetes,
1249 5449 1466 5526 ἀρετήν,
1501 5472 1526 5498 ‹‹
1548 5448 1860 5526 _virtutem.
1887 5474 1914 5503 »

394 5517 556 5646 133λὲ)
574 5517 768 5574 Καλεῖν
870 5524 1076 5599 Γραφή.
1111 5517 1241 5578 Haec
1285 5517 1497 5576 desunt
1546 5521 1602 5575 in
1651 5522 1829 5595 Regg.
1865 5542 1920 5593 ει,
1952 5525 2009 5594 d,

361 5606 417 5646 θῐ.
446 5606 578 5646 1588.

452 5662 543 5737 ῥῷ)
574 5662 716 5737 figor;
746 5662 927 5721 αὐτόν.
961 5667 1134 5722 Deest
1158 5665 1224 5737 in
1257 5669 1395 5737 Reg.
1417 5664 1488 5737 pd.

452 5734 544 5801 66)
600 5732 960 5807 Ἐπισκοπῆς.
1020 5736 1195 5795 Cois].
1250 5732 1629 5810 2,'aliique,
1681 5733 2011 5806 τῆςίπισκο-

2339 5310 2714 5382 Νικῶν..εἶρε.,
2745 5311 2893 5382 νικᾷν
2909 5350 2920 5361 ,

2216 5375 2308 5454 68)
2340 5388 2444 5436 Μοι
2484 5375 2750 5454 διέλεετειε.Δ
2779 5375 2971 5454 ΠΕβΒίιΔ
2999 5399 3091 5451 μοι
3126 5382 3183 5454 ip
3221 5382 3360 5454 Beg.
3394 5379 3494 5452 ph.
3530 5378 3592 5434 In
3640 5375 3776 5431 aliis

2122 5447 2341 5525 autem,
2396 5470 2498 5525 pro
2548 5447 2807 5523 διὲλεσθε,
2862 5447 3098 5524 legitur,
3147 5447 3413 5524 διέλθέτεξ
3463 5472 3491 5506 ι
3537 5464 3778 5506 enarre-

2121 5531 2308 5668 tls(6??)
2338 5587 2831 5671 ὶῐρεσόἴῃαιηΒοε.
2864 5593 2967 5665 hu,
2998 5597 3055 5651 et
3083 5595 3364 5665 Combef.,
3394 5585 3779 5671 πρεσϐύτεροι,

2127 5691 2148 5720 α
2184 5663 2353 5726 senes
2383 5663 2518 5725 cum
2542 5663 2904 5738 junioribus.
2932 5663 2961 5716 »ὁ
