  <div class='ocr_page' id='page_1' title='image "/cluster/home/n/w/nwhite01/storage/ocr_20150623/35/mdp.39015012934389/554.png"; bbox 0 0 4094 6288; ppageno 0'>
   <div class='ocr_carea' id='block_1_1' title="bbox 246 412 389 478">
    <p class='ocr_par' dir='ltr' id='par_1_1' title="bbox 246 412 389 478">
     <span class='ocr_line' id='line_1_1' title="bbox 246 412 389 478; baseline 0 0"><span class='ocrx_word' id='word_1_1' title='bbox 246 412 389 478; x_wconf 82' lang='grc'>1093</span> 
     </span>
    </p>
   </div>
   <div class='ocr_carea' id='block_1_2' title="bbox 1152 404 2715 475">
    <p class='ocr_par' dir='ltr' id='par_1_2' title="bbox 1152 404 2715 475">
     <span class='ocr_line' id='line_1_2' title="bbox 1152 404 2715 475; baseline -0.001 -1"><span class='ocrx_word' id='word_1_2' title='bbox 1152 404 1447 474; x_wconf 80' lang='lat' dir='ltr'>ORATIO</span> <span class='ocrx_word' id='word_1_3' title='bbox 1488 408 1853 472; x_wconf 82' lang='lat' dir='ltr'>XXI.—IN</span> <span class='ocrx_word' id='word_1_4' title='bbox 1897 408 2219 473; x_wconf 78' lang='lat' dir='ltr'><strong>LAUDEM</strong></span> <span class='ocrx_word' id='word_1_5' title='bbox 2265 410 2715 475; x_wconf 79' lang='lat' dir='ltr'>ATHANASII.</span> 
     </span>
    </p>
   </div>
   <div class='ocr_carea' id='block_1_3' title="bbox 3483 414 3640 477">
    <p class='ocr_par' dir='ltr' id='par_1_3' title="bbox 3483 414 3640 477">
     <span class='ocr_line' id='line_1_3' title="bbox 3483 414 3640 477; baseline 0 -2"><span class='ocrx_word' id='word_1_6' title='bbox 3483 414 3640 477; x_wconf 74' lang='grc' dir='ltr'>ιοοι</span> 
     </span>
    </p>
   </div>
   <div class='ocr_carea' id='block_1_4' title="bbox 239 540 1909 620">
    <p class='ocr_par' dir='ltr' id='par_1_4' title="bbox 239 540 1909 620">
     <span class='ocr_line' id='line_1_4' title="bbox 239 540 1909 620; baseline -0.007 -16"><span class='ocrx_word' id='word_1_7' title='bbox 239 555 328 617; x_wconf 84' lang='grc' dir='ltr'>τῆς</span> <span class='ocrx_word' id='word_1_8' title='bbox 359 546 609 620; x_wconf 77' lang='grc' dir='ltr'>Θεωρίας,</span> <span class='ocrx_word' id='word_1_9' title='bbox 636 543 725 599; x_wconf 87' lang='grc' dir='ltr'>καὶ</span> <span class='ocrx_word' id='word_1_10' title='bbox 757 542 873 598; x_wconf 76' lang='grc' dir='ltr'>ὅσοι</span> <span class='ocrx_word' id='word_1_11' title='bbox 904 550 1002 613; x_wconf 86' lang='grc' dir='ltr'>τῆς</span> <span class='ocrx_word' id='word_1_12' title='bbox 1032 542 1294 615; x_wconf 79' lang='grc' dir='ltr'>πράξεως.</span> <span class='ocrx_word' id='word_1_13' title='bbox 1325 543 1381 595; x_wconf 78' lang='grc' dir='ltr'>Ὀ</span> <span class='ocrx_word' id='word_1_14' title='bbox 1434 542 1528 614; x_wconf 81' lang='grc' dir='ltr'>μὶν</span> <span class='ocrx_word' id='word_1_15' title='bbox 1590 540 1875 595; x_wconf 71' lang='grc' dir='ltr'>έπαινείτω</span> <span class='ocrx_word' id='word_1_16' title='bbox 1906 602 1909 608; x_wconf 35' lang='grc' dir='ltr'>ι</span> 
     </span>
    </p>
   </div>
   <div class='ocr_carea' id='block_1_5' title="bbox 2002 540 3641 620">
    <p class='ocr_par' dir='ltr' id='par_1_5' title="bbox 2002 542 3641 617">
     <span class='ocr_line' id='line_1_5' title="bbox 2002 542 3641 617; baseline 0.002 -20"><span class='ocrx_word' id='word_1_17' title='bbox 2002 542 2166 598; x_wconf 59' lang='lat' dir='ltr'>simul</span> <span class='ocrx_word' id='word_1_18' title='bbox 2200 547 2257 599; x_wconf 90' lang='lat' dir='ltr'>et</span> <span class='ocrx_word' id='word_1_19' title='bbox 2287 543 2536 611; x_wconf 82' lang='lat' dir='ltr'>feminae,</span> <span class='ocrx_word' id='word_1_20' title='bbox 2562 545 2959 601; x_wconf 82' lang='lat' dir='ltr'>adolescentes</span> <span class='ocrx_word' id='word_1_21' title='bbox 2990 551 3046 601; x_wconf 88' lang='lat' dir='ltr'>et</span> <span class='ocrx_word' id='word_1_22' title='bbox 3076 545 3348 617; x_wconf 86' lang='lat' dir='ltr'>virgines,</span> <span class='ocrx_word' id='word_1_23' title='bbox 3385 563 3554 602; x_wconf 89' lang='lat' dir='ltr'>senes</span> <span class='ocrx_word' id='word_1_24' title='bbox 3584 552 3641 603; x_wconf 91' lang='lat' dir='ltr'>et</span> 
     </span>
    </p>
   </div>
   <div class='ocr_carea' id='block_1_6' title="bbox 238 628 1909 707">
    <p class='ocr_par' dir='ltr' id='par_1_6' title="bbox 238 628 1879 707">
     <span class='ocr_line' id='line_1_6' title="bbox 238 628 1879 707; baseline -0.005 -16"><span class='ocrx_word' id='word_1_25' title='bbox 238 637 294 692; x_wconf 84' lang='grc' dir='ltr'>τὸ</span> <span class='ocrx_word' id='word_1_26' title='bbox 325 635 374 690; x_wconf 81' lang='grc' dir='ltr'>ἒν</span> <span class='ocrx_word' id='word_1_27' title='bbox 431 633 705 705; x_wconf 82' lang='grc' dir='ltr'>νηστείαις</span> <span class='ocrx_word' id='word_1_28' title='bbox 751 632 841 687; x_wconf 86' lang='grc' dir='ltr'>καὶ</span> <span class='ocrx_word' id='word_1_29' title='bbox 895 636 1247 707; x_wconf 82' lang='grc' dir='ltr'>προσευχαῖς,</span> <span class='ocrx_word' id='word_1_30' title='bbox 1309 632 1422 685; x_wconf 81' lang='grc' dir='ltr'>οἷον</span> <span class='ocrx_word' id='word_1_31' title='bbox 1484 628 1771 702; x_wconf 86' lang='grc' dir='ltr'>ἀσώματόν</span> <span class='ocrx_word' id='word_1_32' title='bbox 1820 649 1879 683; x_wconf 78' lang='grc' dir='ltr'>τι</span> 
     </span>
    </p>
   </div>
   <div class='ocr_carea' id='block_1_7' title="bbox 2002 628 3639 707">
    <p class='ocr_par' dir='ltr' id='par_1_7' title="bbox 2002 632 3639 704">
     <span class='ocr_line' id='line_1_7' title="bbox 2002 632 3639 704; baseline 0.003 -18"><span class='ocrx_word' id='word_1_33' title='bbox 2002 632 2250 703; x_wconf 72' lang='lat' dir='ltr'>iuvenes,</span> <span class='ocrx_word' id='word_1_34' title='bbox 2276 634 2607 688; x_wconf 75' lang='lat' dir='ltr'>sacerdotes</span> <span class='ocrx_word' id='word_1_35' title='bbox 2630 638 2687 687; x_wconf 88' lang='lat' dir='ltr'>et</span> <span class='ocrx_word' id='word_1_36' title='bbox 2711 633 2985 704; x_wconf 90' lang='lat' dir='ltr'>populus,</span> <span class='ocrx_word' id='word_1_37' title='bbox 3012 634 3279 690; x_wconf 80' lang='lat' dir='ltr'>monachi</span> <span class='ocrx_word' id='word_1_38' title='bbox 3305 636 3441 689; x_wconf 87' lang='lat' dir='ltr'>etin</span> <span class='ocrx_word' id='word_1_39' title='bbox 3475 637 3639 690; x_wconf 88' lang='lat' dir='ltr'>soda-</span> 
     </span>
    </p>
   </div>
   <div class='ocr_carea' id='block_1_8' title="bbox 238 714 1877 796">
    <p class='ocr_par' dir='ltr' id='par_1_8' title="bbox 238 714 1877 796">
     <span class='ocr_line' id='line_1_8' title="bbox 238 714 1877 796; baseline -0.005 -18"><span class='ocrx_word' id='word_1_40' title='bbox 238 724 318 779; x_wconf 86' lang='grc' dir='ltr'>καὶ</span> <span class='ocrx_word' id='word_1_41' title='bbox 348 722 512 778; x_wconf 75' lang='grc' dir='ltr'>ἄυλον</span> <span class='ocrx_word' id='word_1_42' title='bbox 541 744 553 757; x_wconf 90' lang='grc'><strong>·</strong></span> <span class='ocrx_word' id='word_1_43' title='bbox 589 723 618 777; x_wconf 83' lang='grc' dir='ltr'><strong>ὁ</strong></span> <span class='ocrx_word' id='word_1_44' title='bbox 651 719 708 775; x_wconf 72' lang='grc' dir='ltr'>δὲ</span> <span class='ocrx_word' id='word_1_45' title='bbox 736 722 797 775; x_wconf 84' lang='grc' dir='ltr'>τὸ</span> <span class='ocrx_word' id='word_1_46' title='bbox 829 720 879 775; x_wconf 78' lang='grc' dir='ltr'>έν</span> <span class='ocrx_word' id='word_1_47' title='bbox 915 719 1231 796; x_wconf 77' lang='grc' dir='ltr'>ἀγρυπνίαις</span> <span class='ocrx_word' id='word_1_48' title='bbox 1277 740 1337 774; x_wconf 91' lang='grc' dir='ltr'>τε</span> <span class='ocrx_word' id='word_1_49' title='bbox 1384 718 1471 773; x_wconf 78' lang='grc' dir='ltr'>καὶ</span> <span class='ocrx_word' id='word_1_50' title='bbox 1525 714 1877 791; x_wconf 82' lang='grc' dir='ltr'>ψαλμῳδίαις</span> 
     </span>
    </p>
   </div>
   <div class='ocr_carea' id='block_1_9' title="bbox 239 805 1881 883">
    <p class='ocr_par' dir='ltr' id='par_1_9' title="bbox 239 805 1881 883">
     <span class='ocr_line' id='line_1_9' title="bbox 239 805 1881 883; baseline -0.005 -16"><span class='ocrx_word' id='word_1_51' title='bbox 239 810 444 868; x_wconf 70' lang='grc' dir='ltr'>εὐτονόν</span> <span class='ocrx_word' id='word_1_52' title='bbox 497 832 557 865; x_wconf 82' lang='grc' dir='ltr'>τε</span> <span class='ocrx_word' id='word_1_53' title='bbox 616 813 726 883; x_wconf 92' lang='grc'>(70)</span> <span class='ocrx_word' id='word_1_54' title='bbox 781 809 869 864; x_wconf 83' lang='grc' dir='ltr'>καὶ</span> <span class='ocrx_word' id='word_1_55' title='bbox 918 809 1185 879; x_wconf 79' lang='grc' dir='ltr'>ἆήντητον</span> <span class='ocrx_word' id='word_1_56' title='bbox 1213 828 1225 840; x_wconf 86' lang='grc'><strong>·</strong></span> <span class='ocrx_word' id='word_1_57' title='bbox 1261 805 1434 869; x_wconf 75' lang='grc' dir='ltr'>ἄλλος</span> <span class='ocrx_word' id='word_1_58' title='bbox 1463 806 1526 861; x_wconf 88' lang='grc' dir='ltr'>τὸ</span> <span class='ocrx_word' id='word_1_59' title='bbox 1558 806 1609 861; x_wconf 81' lang='grc' dir='ltr'>ὲν</span> <span class='ocrx_word' id='word_1_60' title='bbox 1643 826 1881 882; x_wconf 87' lang='grc' dir='ltr'>προστα-</span> 
     </span>
    </p>
   </div>
   <div class='ocr_carea' id='block_1_10' title="bbox 241 893 1880 973">
    <p class='ocr_par' dir='ltr' id='par_1_10' title="bbox 241 893 1880 973">
     <span class='ocr_line' id='line_1_10' title="bbox 241 893 1880 973; baseline -0.005 -17"><span class='ocrx_word' id='word_1_61' title='bbox 241 901 322 973; x_wconf 81' lang='grc' dir='ltr'>σίᾳ</span> <span class='ocrx_word' id='word_1_62' title='bbox 363 905 472 956; x_wconf 81' lang='grc' dir='ltr'>τῶν</span> <span class='ocrx_word' id='word_1_63' title='bbox 524 898 816 971; x_wconf 77' lang='grc' dir='ltr'>δεομένων,</span> <span class='ocrx_word' id='word_1_64' title='bbox 871 896 1043 958; x_wconf 78' lang='grc' dir='ltr'>ἄλλος</span> <span class='ocrx_word' id='word_1_65' title='bbox 1086 898 1186 966; x_wconf 83' lang='grc' dir='ltr'>τήν</span> <span class='ocrx_word' id='word_1_66' title='bbox 1219 897 1356 973; x_wconf 89' lang='grc' dir='ltr'>πρὸς</span> <span class='ocrx_word' id='word_1_67' title='bbox 1398 897 1459 951; x_wconf 89' lang='grc' dir='ltr'>τὸ</span> <span class='ocrx_word' id='word_1_68' title='bbox 1495 896 1757 972; x_wconf 83' lang='grc' dir='ltr'>ὑπερέχον</span> <span class='ocrx_word' id='word_1_69' title='bbox 1790 893 1880 947; x_wconf 85' lang='grc' dir='ltr'>ἀν-</span> 
     </span>
    </p>
   </div>
   <div class='ocr_carea' id='block_1_11' title="bbox 241 978 1882 1063">
    <p class='ocr_par' dir='ltr' id='par_1_11' title="bbox 241 978 1882 1063">
     <span class='ocr_line' id='line_1_11' title="bbox 241 978 1882 1063; baseline -0.006 -18"><span class='ocrx_word' id='word_1_70' title='bbox 241 989 480 1045; x_wconf 87' lang='grc' dir='ltr'>τιτυπίαν</span> <span class='ocrx_word' id='word_1_71' title='bbox 539 990 671 1063; x_wconf 85' lang='grc'>(71),</span> <span class='ocrx_word' id='word_1_72' title='bbox 728 988 761 1056; x_wconf 79' lang='grc' dir='ltr'><strong>ἢ</strong></span> <span class='ocrx_word' id='word_1_73' title='bbox 798 987 935 1062; x_wconf 81' lang='grc' dir='ltr'>πρὸς</span> <span class='ocrx_word' id='word_1_74' title='bbox 968 987 1031 1041; x_wconf 83' lang='grc' dir='ltr'>τὸ</span> <span class='ocrx_word' id='word_1_75' title='bbox 1061 984 1312 1041; x_wconf 87' lang='grc' dir='ltr'>ταπεινόν</span> <span class='ocrx_word' id='word_1_76' title='bbox 1347 978 1760 1061; x_wconf 72' lang='grc' dir='ltr'>συγκαταϐασιν.</span> <span class='ocrx_word' id='word_1_77' title='bbox 1815 982 1882 1038; x_wconf 77' lang='grc' dir='ltr'>Αἱ</span> 
     </span>
    </p>
   </div>
   <div class='ocr_carea' id='block_1_12' title="bbox 244 1074 1883 1154">
    <p class='ocr_par' dir='ltr' id='par_1_12' title="bbox 244 1074 1883 1154">
     <span class='ocr_line' id='line_1_12' title="bbox 244 1074 1883 1154; baseline -0.005 -20"><span class='ocrx_word' id='word_1_78' title='bbox 244 1079 511 1154; x_wconf 85' lang='grc' dir='ltr'>παρθένοι,</span> <span class='ocrx_word' id='word_1_79' title='bbox 565 1078 654 1131; x_wconf 85' lang='grc' dir='ltr'>τὸν</span> <span class='ocrx_word' id='word_1_80' title='bbox 707 1074 1108 1154; x_wconf 82' lang='grc' dir='ltr'>νυμφαγωγόν·</span> <span class='ocrx_word' id='word_1_81' title='bbox 1170 1075 1225 1128; x_wconf 69' lang='grc' dir='ltr'>αἱ</span> <span class='ocrx_word' id='word_1_82' title='bbox 1283 1074 1386 1128; x_wconf 81' lang='grc' dir='ltr'>ὑπὸ</span> <span class='ocrx_word' id='word_1_83' title='bbox 1443 1074 1621 1149; x_wconf 81' lang='grc' dir='ltr'>ζυγὸν,</span> <span class='ocrx_word' id='word_1_84' title='bbox 1651 1074 1741 1127; x_wconf 82' lang='grc' dir='ltr'>τὸν</span> <span class='ocrx_word' id='word_1_85' title='bbox 1776 1093 1883 1125; x_wconf 92' lang='grc' dir='ltr'>σω-</span> 
     </span>
    </p>
   </div>
   <div class='ocr_carea' id='block_1_13' title="bbox 247 1160 1883 1245">
    <p class='ocr_par' dir='ltr' id='par_1_13' title="bbox 247 1160 1883 1245">
     <span class='ocr_line' id='line_1_13' title="bbox 247 1160 1883 1245; baseline -0.005 -23"><span class='ocrx_word' id='word_1_86' title='bbox 247 1169 564 1245; x_wconf 78' lang='grc' dir='ltr'>φρονιστήν·</span> <span class='ocrx_word' id='word_1_87' title='bbox 624 1166 675 1220; x_wconf 68' lang='grc' dir='ltr'>οἱ</span> <span class='ocrx_word' id='word_1_88' title='bbox 728 1165 831 1233; x_wconf 79' lang='grc' dir='ltr'>τῆς</span> <span class='ocrx_word' id='word_1_89' title='bbox 886 1163 1146 1240; x_wconf 84' lang='grc' dir='ltr'>νρημίας,</span> <span class='ocrx_word' id='word_1_90' title='bbox 1201 1162 1295 1218; x_wconf 83' lang='grc' dir='ltr'>τὸν</span> <span class='ocrx_word' id='word_1_91' title='bbox 1332 1164 1614 1239; x_wconf 75' lang='grc' dir='ltr'>πτερωτήν</span> <span class='ocrx_word' id='word_1_92' title='bbox 1648 1164 1795 1231; x_wconf 87' lang='grc'>(72)·</span> <span class='ocrx_word' id='word_1_93' title='bbox 1831 1160 1883 1214; x_wconf 73' lang='grc' dir='ltr'>οἱ</span> 
     </span>
    </p>
   </div>
   <div class='ocr_carea' id='block_1_14' title="bbox 243 1248 1884 1328">
    <p class='ocr_par' dir='ltr' id='par_1_14' title="bbox 243 1248 1884 1328">
     <span class='ocr_line' id='line_1_14' title="bbox 243 1248 1884 1328; baseline -0.005 -17"><span class='ocrx_word' id='word_1_94' title='bbox 243 1264 336 1326; x_wconf 83' lang='grc' dir='ltr'>τῆς</span> <span class='ocrx_word' id='word_1_95' title='bbox 366 1254 657 1328; x_wconf 72' lang='grc' dir='ltr'>ἐπιμιξίας,</span> <span class='ocrx_word' id='word_1_96' title='bbox 684 1254 773 1309; x_wconf 84' lang='grc' dir='ltr'>τὸν</span> <span class='ocrx_word' id='word_1_97' title='bbox 805 1254 1107 1326; x_wconf 72' lang='grc' dir='ltr'>νομοθέτην</span> <span class='ocrx_word' id='word_1_98' title='bbox 1135 1272 1148 1285; x_wconf 88' lang='grc'>·</span> <span class='ocrx_word' id='word_1_99' title='bbox 1182 1253 1233 1307; x_wconf 81' lang='grc' dir='ltr'>οἱ</span> <span class='ocrx_word' id='word_1_100' title='bbox 1261 1259 1363 1321; x_wconf 79' lang='grc' dir='ltr'>τῆς</span> <span class='ocrx_word' id='word_1_101' title='bbox 1408 1250 1740 1319; x_wconf 80' lang='grc' dir='ltr'>ἁπλότητος,</span> <span class='ocrx_word' id='word_1_102' title='bbox 1792 1248 1884 1303; x_wconf 85' lang='grc' dir='ltr'>τὸν</span> 
     </span>
    </p>
   </div>
   <div class='ocr_carea' id='block_1_15' title="bbox 248 1336 1883 1420">
    <p class='ocr_par' dir='ltr' id='par_1_15' title="bbox 248 1336 1883 1420">
     <span class='ocr_line' id='line_1_15' title="bbox 248 1336 1883 1420; baseline -0.006 -20"><span class='ocrx_word' id='word_1_103' title='bbox 248 1336 477 1420; x_wconf 60' lang='grc' dir='ltr'>ὁδηγόνί</span> <span class='ocrx_word' id='word_1_104' title='bbox 538 1344 590 1398; x_wconf 75' lang='grc' dir='ltr'>οἱ</span> <span class='ocrx_word' id='word_1_105' title='bbox 643 1349 744 1411; x_wconf 80' lang='grc' dir='ltr'>τῆς</span> <span class='ocrx_word' id='word_1_106' title='bbox 795 1342 1046 1418; x_wconf 81' lang='grc' dir='ltr'>θεωρίας,</span> <span class='ocrx_word' id='word_1_107' title='bbox 1095 1342 1186 1396; x_wconf 83' lang='grc' dir='ltr'>τὸν</span> <span class='ocrx_word' id='word_1_108' title='bbox 1238 1339 1500 1415; x_wconf 86' lang='grc' dir='ltr'>Θεολόγον</span> <span class='ocrx_word' id='word_1_109' title='bbox 1527 1359 1540 1371; x_wconf 90' lang='grc'><strong>·</strong></span> <span class='ocrx_word' id='word_1_110' title='bbox 1571 1340 1622 1393; x_wconf 74' lang='grc' dir='ltr'>οἳ</span> <span class='ocrx_word' id='word_1_111' title='bbox 1654 1338 1703 1393; x_wconf 78' lang='grc' dir='ltr'>ἐν</span> <span class='ocrx_word' id='word_1_112' title='bbox 1739 1338 1883 1392; x_wconf 81' lang='grc' dir='ltr'>εὐθυ-</span> 
     </span>
    </p>
   </div>
   <div class='ocr_carea' id='block_1_16' title="bbox 249 1425 1882 1508">
    <p class='ocr_par' dir='ltr' id='par_1_16' title="bbox 249 1425 1882 1508">
     <span class='ocr_line' id='line_1_16' title="bbox 249 1425 1882 1508; baseline -0.006 -19"><span class='ocrx_word' id='word_1_113' title='bbox 249 1435 385 1508; x_wconf 85' lang='grc' dir='ltr'>μίαις</span> <span class='ocrx_word' id='word_1_114' title='bbox 420 1435 553 1506; x_wconf 90' lang='grc'>(73),</span> <span class='ocrx_word' id='word_1_115' title='bbox 583 1432 674 1487; x_wconf 83' lang='grc' dir='ltr'>τὸν</span> <span class='ocrx_word' id='word_1_116' title='bbox 708 1430 933 1506; x_wconf 87' lang='grc' dir='ltr'>χαλινόν</span> <span class='ocrx_word' id='word_1_117' title='bbox 959 1450 973 1463; x_wconf 87' lang='grc'><strong>·</strong></span> <span class='ocrx_word' id='word_1_118' title='bbox 1021 1431 1072 1484; x_wconf 76' lang='grc' dir='ltr'>οἱ</span> <span class='ocrx_word' id='word_1_119' title='bbox 1121 1429 1172 1484; x_wconf 70' lang='grc' dir='ltr'>ἐν</span> <span class='ocrx_word' id='word_1_120' title='bbox 1224 1434 1547 1507; x_wconf 80' lang='grc' dir='ltr'>συμφοραῖς,</span> <span class='ocrx_word' id='word_1_121' title='bbox 1579 1430 1677 1497; x_wconf 81' lang='grc' dir='ltr'>τὴν</span> <span class='ocrx_word' id='word_1_122' title='bbox 1710 1425 1882 1503; x_wconf 84' lang='grc' dir='ltr'>παρά-</span> 
     </span>
    </p>
   </div>
   <div class='ocr_carea' id='block_1_17' title="bbox 243 1514 1882 1595">
    <p class='ocr_par' dir='ltr' id='par_1_17' title="bbox 243 1514 1882 1595">
     <span class='ocr_line' id='line_1_17' title="bbox 243 1514 1882 1595; baseline -0.005 -18"><span class='ocrx_word' id='word_1_123' title='bbox 243 1521 449 1593; x_wconf 71' lang='grc' dir='ltr'>κλησινσ</span> <span class='ocrx_word' id='word_1_124' title='bbox 481 1522 580 1590; x_wconf 74' lang='grc' dir='ltr'>τήν</span> <span class='ocrx_word' id='word_1_125' title='bbox 617 1518 934 1595; x_wconf 81' lang='grc' dir='ltr'>βακτηρίαν,</span> <span class='ocrx_word' id='word_1_126' title='bbox 968 1521 1003 1589; x_wconf 77' lang='grc' dir='ltr'>ἡ</span> <span class='ocrx_word' id='word_1_127' title='bbox 1054 1523 1263 1573; x_wconf 62' lang='grc' dir='ltr'>πολια·</span> <span class='ocrx_word' id='word_1_128' title='bbox 1323 1520 1421 1586; x_wconf 83' lang='grc' dir='ltr'>τήν</span> <span class='ocrx_word' id='word_1_129' title='bbox 1482 1514 1882 1591; x_wconf 88' lang='grc' dir='ltr'>παιδαγωγίαν,</span> 
     </span>
    </p>
   </div>
   <div class='ocr_carea' id='block_1_18' title="bbox 241 1604 1882 1683">
    <p class='ocr_par' dir='ltr' id='par_1_18' title="bbox 241 1604 1882 1683">
     <span class='ocr_line' id='line_1_18' title="bbox 241 1604 1882 1683; baseline -0.005 -17"><span class='ocrx_word' id='word_1_130' title='bbox 241 1610 528 1681; x_wconf 80' lang='grc' dir='ltr'>ἠνεότης⁹</span> <span class='ocrx_word' id='word_1_131' title='bbox 583 1612 618 1679; x_wconf 78' lang='grc' dir='ltr'>ἠ</span> <span class='ocrx_word' id='word_1_132' title='bbox 668 1608 841 1679; x_wconf 87' lang='grc' dir='ltr'>πενία,</span> <span class='ocrx_word' id='word_1_133' title='bbox 897 1609 988 1662; x_wconf 88' lang='grc' dir='ltr'>τὸν</span> <span class='ocrx_word' id='word_1_134' title='bbox 1050 1610 1313 1683; x_wconf 74' lang='grc' dir='ltr'>ποριστην</span> <span class='ocrx_word' id='word_1_135' title='bbox 1370 1610 1523 1680; x_wconf 85' lang='grc'>(74)’</span> <span class='ocrx_word' id='word_1_136' title='bbox 1567 1608 1603 1675; x_wconf 80' lang='grc' dir='ltr'><strong>ἡ</strong></span> <span class='ocrx_word' id='word_1_137' title='bbox 1636 1604 1882 1677; x_wconf 83' lang='grc' dir='ltr'>εὐπορία,</span> 
     </span>
    </p>
   </div>
   <div class='ocr_carea' id='block_1_19' title="bbox 238 1692 1888 1772">
    <p class='ocr_par' dir='ltr' id='par_1_19' title="bbox 238 1692 1888 1772">
     <span class='ocr_line' id='line_1_19' title="bbox 238 1692 1888 1772; baseline -0.004 -19"><span class='ocrx_word' id='word_1_138' title='bbox 238 1698 324 1753; x_wconf 75' lang='grc' dir='ltr'>τὸν</span> <span class='ocrx_word' id='word_1_139' title='bbox 356 1696 669 1770; x_wconf 74' lang='grc' dir='ltr'>οἰκονόμον.</span> <span class='ocrx_word' id='word_1_140' title='bbox 704 1694 930 1751; x_wconf 76' lang='grc' dir='ltr'>Δοκοῦσί</span> <span class='ocrx_word' id='word_1_141' title='bbox 964 1717 1057 1769; x_wconf 84' lang='grc' dir='ltr'>μοι</span> <span class='ocrx_word' id='word_1_142' title='bbox 1087 1696 1174 1750; x_wconf 81' lang='grc' dir='ltr'>καὶ</span> <span class='ocrx_word' id='word_1_143' title='bbox 1204 1698 1374 1772; x_wconf 78' lang='grc' dir='ltr'>χῆραι</span> <span class='ocrx_word' id='word_1_144' title='bbox 1430 1695 1521 1749; x_wconf 89' lang='grc' dir='ltr'>τὸν</span> <span class='ocrx_word' id='word_1_145' title='bbox 1580 1692 1888 1770; x_wconf 84' lang='grc' dir='ltr'>προστάτην</span> 
     </span>
    </p>
   </div>
   <div class='ocr_carea' id='block_1_20' title="bbox 241 1781 1884 1860">
    <p class='ocr_par' dir='ltr' id='par_1_20' title="bbox 241 1781 1884 1860">
     <span class='ocr_line' id='line_1_20' title="bbox 241 1781 1884 1860; baseline -0.005 -17"><span class='ocrx_word' id='word_1_146' title='bbox 241 1786 602 1843; x_wconf 70' lang='grc' dir='ltr'>ὶπαινὲσεσθαι</span> <span class='ocrx_word' id='word_1_147' title='bbox 628 1805 642 1817; x_wconf 89' lang='grc'><strong>·</strong></span> <span class='ocrx_word' id='word_1_148' title='bbox 676 1784 765 1840; x_wconf 79' lang='grc' dir='ltr'>καί</span> <span class='ocrx_word' id='word_1_149' title='bbox 797 1783 1047 1860; x_wconf 79' lang='grc' dir='ltr'>ὀρφανοὶ,</span> <span class='ocrx_word' id='word_1_150' title='bbox 1081 1785 1172 1838; x_wconf 83' lang='grc' dir='ltr'>τὸν</span> <span class='ocrx_word' id='word_1_151' title='bbox 1200 1784 1407 1859; x_wconf 74' lang='grc' dir='ltr'>πατέρα</span> <span class='ocrx_word' id='word_1_152' title='bbox 1431 1801 1443 1814; x_wconf 89' lang='grc'><strong>·</strong></span> <span class='ocrx_word' id='word_1_153' title='bbox 1495 1781 1586 1837; x_wconf 78' lang='grc' dir='ltr'>καὶ</span> <span class='ocrx_word' id='word_1_154' title='bbox 1643 1781 1884 1857; x_wconf 80' lang='grc' dir='ltr'>πτωχοὶ,</span> 
     </span>
    </p>
   </div>
   <div class='ocr_carea' id='block_1_21' title="bbox 1992 719 3641 796">
    <p class='ocr_par' dir='ltr' id='par_1_21' title="bbox 1992 719 3641 796">
     <span class='ocr_line' id='line_1_21' title="bbox 1992 719 3641 796; baseline 0.004 -23"><span class='ocrx_word' id='word_1_155' title='bbox 1992 719 2115 774; x_wconf 90' lang='lat' dir='ltr'>litio</span> <span class='ocrx_word' id='word_1_156' title='bbox 2147 722 2426 791; x_wconf 77' lang='lat' dir='ltr'>viventes,</span> <span class='ocrx_word' id='word_1_157' title='bbox 2452 723 2551 792; x_wconf 90' lang='lat' dir='ltr'>qui</span> <span class='ocrx_word' id='word_1_158' title='bbox 2583 722 2979 793; x_wconf 82' lang='lat' dir='ltr'>simplicitatis</span> <span class='ocrx_word' id='word_1_159' title='bbox 3011 724 3231 778; x_wconf 84' lang='lat' dir='ltr'>alumni</span> <span class='ocrx_word' id='word_1_160' title='bbox 3267 725 3429 787; x_wconf 72' lang='lat' dir='ltr'>estis,</span> <span class='ocrx_word' id='word_1_161' title='bbox 3452 729 3510 779; x_wconf 87' lang='lat' dir='ltr'>et</span> <span class='ocrx_word' id='word_1_162' title='bbox 3541 724 3641 796; x_wconf 87' lang='lat' dir='ltr'>qui</span> 
     </span>
    </p>
   </div>
   <div class='ocr_carea' id='block_1_22' title="bbox 1991 809 3638 884">
    <p class='ocr_par' dir='ltr' id='par_1_22' title="bbox 1991 809 3638 884">
     <span class='ocr_line' id='line_1_22' title="bbox 1991 809 3638 884; baseline 0.002 -20"><span class='ocrx_word' id='word_1_163' title='bbox 1991 809 2301 864; x_wconf 84' lang='lat' dir='ltr'>exactioris</span> <span class='ocrx_word' id='word_1_164' title='bbox 2350 810 2478 865; x_wconf 71' lang='lat' dir='ltr'>vitae</span> <span class='ocrx_word' id='word_1_165' title='bbox 2539 811 2809 875; x_wconf 80' lang='lat' dir='ltr'>studiosi,</span> <span class='ocrx_word' id='word_1_166' title='bbox 2852 829 3054 866; x_wconf 75' lang='lat' dir='ltr'>omnes</span> <span class='ocrx_word' id='word_1_167' title='bbox 3087 812 3354 884; x_wconf 90' lang='lat' dir='ltr'>denique,</span> <span class='ocrx_word' id='word_1_168' title='bbox 3388 830 3638 884; x_wconf 91' lang='lat' dir='ltr'>quorum</span> 
     </span>
    </p>
   </div>
   <div class='ocr_carea' id='block_1_23' title="bbox 1991 897 3640 973">
    <p class='ocr_par' dir='ltr' id='par_1_23' title="bbox 1991 897 3640 973">
     <span class='ocr_line' id='line_1_23' title="bbox 1991 897 3640 973; baseline 0.004 -23"><span class='ocrx_word' id='word_1_169' title='bbox 1991 897 2127 964; x_wconf 88' lang='lat' dir='ltr'>vita,</span> <span class='ocrx_word' id='word_1_170' title='bbox 2158 897 2245 951; x_wconf 89' lang='lat' dir='ltr'>vel</span> <span class='ocrx_word' id='word_1_171' title='bbox 2275 898 2329 951; x_wconf 93' lang='lat' dir='ltr'>in</span> <span class='ocrx_word' id='word_1_172' title='bbox 2365 899 2873 969; x_wconf 83' lang='lat' dir='ltr'>contemplatione,</span> <span class='ocrx_word' id='word_1_173' title='bbox 2911 900 2991 955; x_wconf 84' lang='lat' dir='ltr'>vel</span> <span class='ocrx_word' id='word_1_174' title='bbox 3036 901 3091 954; x_wconf 92' lang='lat' dir='ltr'>in</span> <span class='ocrx_word' id='word_1_175' title='bbox 3146 902 3320 956; x_wconf 81' lang='lat' dir='ltr'>rebus</span> <span class='ocrx_word' id='word_1_176' title='bbox 3370 902 3640 973; x_wconf 85' lang='lat' dir='ltr'>gerendis</span> 
     </span>
    </p>
   </div>
   <div class='ocr_carea' id='block_1_24' title="bbox 1990 986 3638 1059">
    <p class='ocr_par' dir='ltr' id='par_1_24' title="bbox 1990 986 3638 1059">
     <span class='ocr_line' id='line_1_24' title="bbox 1990 986 3638 1059; baseline 0.004 -20"><span class='ocrx_word' id='word_1_177' title='bbox 1990 991 2272 1041; x_wconf 80' lang='lat' dir='ltr'>versatur.</span> <span class='ocrx_word' id='word_1_178' title='bbox 2307 986 2411 1040; x_wconf 88' lang='lat' dir='ltr'>Hic</span> <span class='ocrx_word' id='word_1_179' title='bbox 2454 986 2631 1057; x_wconf 89' lang='lat' dir='ltr'>illius,</span> <span class='ocrx_word' id='word_1_180' title='bbox 2665 987 2820 1042; x_wconf 88' lang='lat' dir='ltr'>velut</span> <span class='ocrx_word' id='word_1_181' title='bbox 2850 1004 3091 1059; x_wconf 86' lang='lat' dir='ltr'>corpore</span> <span class='ocrx_word' id='word_1_182' title='bbox 3117 991 3384 1046; x_wconf 81' lang='lat' dir='ltr'>vacantis</span> <span class='ocrx_word' id='word_1_183' title='bbox 3416 1007 3482 1046; x_wconf 89' lang='lat' dir='ltr'>ac</span> <span class='ocrx_word' id='word_1_184' title='bbox 3517 1007 3638 1046; x_wconf 86' lang='lat' dir='ltr'>ma-</span> 
     </span>
    </p>
   </div>
   <div class='ocr_carea' id='block_1_25' title="bbox 1992 1074 3642 1147">
    <p class='ocr_par' dir='ltr' id='par_1_25' title="bbox 1992 1074 3642 1147">
     <span class='ocr_line' id='line_1_25' title="bbox 1992 1074 3642 1147; baseline 0.004 -19"><span class='ocrx_word' id='word_1_185' title='bbox 1992 1075 2149 1129; x_wconf 84' lang='lat' dir='ltr'>teriae</span> <span class='ocrx_word' id='word_1_186' title='bbox 2180 1074 2453 1144; x_wconf 83' lang='lat' dir='ltr'>expertis,</span> <span class='ocrx_word' id='word_1_187' title='bbox 2499 1076 2559 1129; x_wconf 91' lang='lat' dir='ltr'>in</span> <span class='ocrx_word' id='word_1_188' title='bbox 2600 1077 2845 1145; x_wconf 85' lang='lat' dir='ltr'>jejuniis</span> <span class='ocrx_word' id='word_1_189' title='bbox 2896 1082 3069 1147; x_wconf 90' lang='lat' dir='ltr'>atque</span> <span class='ocrx_word' id='word_1_190' title='bbox 3100 1080 3464 1135; x_wconf 81' lang='lat' dir='ltr'>orationibus</span> <span class='ocrx_word' id='word_1_191' title='bbox 3495 1080 3642 1135; x_wconf 89' lang='lat' dir='ltr'>assi-</span> 
     </span>
    </p>
   </div>
   <div class='ocr_carea' id='block_1_26' title="bbox 1993 1163 3645 1238">
    <p class='ocr_par' dir='ltr' id='par_1_26' title="bbox 1993 1163 3645 1238">
     <span class='ocr_line' id='line_1_26' title="bbox 1993 1163 3645 1238; baseline 0.004 -21"><span class='ocrx_word' id='word_1_192' title='bbox 1993 1163 2277 1218; x_wconf 90' lang='lat' dir='ltr'>duitatem</span> <span class='ocrx_word' id='word_1_193' title='bbox 2326 1163 2599 1218; x_wconf 88' lang='lat' dir='ltr'>laudibus</span> <span class='ocrx_word' id='word_1_194' title='bbox 2642 1164 2869 1231; x_wconf 85' lang='lat' dir='ltr'>evehat,</span> <span class='ocrx_word' id='word_1_195' title='bbox 2916 1165 3013 1221; x_wconf 87' lang='lat' dir='ltr'>ille</span> <span class='ocrx_word' id='word_1_196' title='bbox 3068 1167 3525 1238; x_wconf 89' lang='lat' dir='ltr'>insuperabilem</span> <span class='ocrx_word' id='word_1_197' title='bbox 3584 1169 3645 1223; x_wconf 92' lang='lat' dir='ltr'>in</span> 
     </span>
    </p>
   </div>
   <div class='ocr_carea' id='block_1_27' title="bbox 1992 1250 3644 1330">
    <p class='ocr_par' dir='ltr' id='par_1_27' title="bbox 1992 1250 3644 1330">
     <span class='ocr_line' id='line_1_27' title="bbox 1992 1250 3644 1330; baseline 0.004 -24"><span class='ocrx_word' id='word_1_198' title='bbox 1992 1250 2205 1322; x_wconf 84' lang='lat' dir='ltr'>vigiliis</span> <span class='ocrx_word' id='word_1_199' title='bbox 2264 1268 2329 1306; x_wconf 88' lang='lat' dir='ltr'>ac</span> <span class='ocrx_word' id='word_1_200' title='bbox 2388 1251 2733 1323; x_wconf 88' lang='lat' dir='ltr'>psalmodiis</span> <span class='ocrx_word' id='word_1_201' title='bbox 2792 1255 3067 1325; x_wconf 86' lang='lat' dir='ltr'>vigorem.</span> <span class='ocrx_word' id='word_1_202' title='bbox 3128 1255 3290 1310; x_wconf 87' lang='lat' dir='ltr'>Alius</span> <span class='ocrx_word' id='word_1_203' title='bbox 3346 1258 3644 1330; x_wconf 84' lang='lat' dir='ltr'>egentium</span> 
     </span>
    </p>
   </div>
   <div class='ocr_carea' id='block_1_28' title="bbox 1995 1342 3643 1416">
    <p class='ocr_par' dir='ltr' id='par_1_28' title="bbox 1995 1342 3643 1416">
     <span class='ocr_line' id='line_1_28' title="bbox 1995 1342 3643 1416; baseline 0.005 -22"><span class='ocrx_word' id='word_1_204' title='bbox 1995 1357 2195 1395; x_wconf 89' lang='lat' dir='ltr'>curam</span> <span class='ocrx_word' id='word_1_205' title='bbox 2219 1345 2276 1395; x_wconf 92' lang='lat' dir='ltr'>et</span> <span class='ocrx_word' id='word_1_206' title='bbox 2305 1342 2665 1412; x_wconf 67' lang='lat' dir='ltr'>prmeidium,</span> <span class='ocrx_word' id='word_1_207' title='bbox 2688 1342 2859 1409; x_wconf 90' lang='lat' dir='ltr'>alius,</span> <span class='ocrx_word' id='word_1_208' title='bbox 2891 1348 2951 1397; x_wconf 90' lang='lat' dir='ltr'>ut</span> <span class='ocrx_word' id='word_1_209' title='bbox 2982 1344 3065 1398; x_wconf 88' lang='lat' dir='ltr'>vel</span> <span class='ocrx_word' id='word_1_210' title='bbox 3099 1345 3366 1416; x_wconf 85' lang='lat' dir='ltr'>superbis</span> <span class='ocrx_word' id='word_1_211' title='bbox 3390 1352 3445 1401; x_wconf 87' lang='lat' dir='ltr'>et</span> <span class='ocrx_word' id='word_1_212' title='bbox 3474 1346 3643 1403; x_wconf 85' lang='lat' dir='ltr'>elatis</span> 
     </span>
    </p>
   </div>
   <div class='ocr_carea' id='block_1_29' title="bbox 1996 1429 3641 1498">
    <p class='ocr_par' dir='ltr' id='par_1_29' title="bbox 1996 1429 3641 1498">
     <span class='ocr_line' id='line_1_29' title="bbox 1996 1429 3641 1498; baseline 0.005 -16"><span class='ocrx_word' id='word_1_213' title='bbox 1996 1430 2297 1494; x_wconf 85' lang='lat' dir='ltr'>restiterit,</span> <span class='ocrx_word' id='word_1_214' title='bbox 2324 1429 2409 1484; x_wconf 89' lang='lat' dir='ltr'>vel</span> <span class='ocrx_word' id='word_1_215' title='bbox 2442 1431 2512 1483; x_wconf 89' lang='lat' dir='ltr'>ad</span> <span class='ocrx_word' id='word_1_216' title='bbox 2545 1429 2798 1485; x_wconf 86' lang='lat' dir='ltr'>humiles</span> <span class='ocrx_word' id='word_1_217' title='bbox 2832 1447 2892 1486; x_wconf 91' lang='lat' dir='ltr'>se</span> <span class='ocrx_word' id='word_1_218' title='bbox 2924 1433 3242 1498; x_wconf 85' lang='lat' dir='ltr'>demiserit,</span> <span class='ocrx_word' id='word_1_219' title='bbox 3270 1441 3484 1491; x_wconf 87' lang='lat' dir='ltr'>narret.</span> <span class='ocrx_word' id='word_1_220' title='bbox 3518 1435 3641 1492; x_wconf 81' lang='lat' dir='ltr'>Vir-</span> 
     </span>
    </p>
   </div>
   <div class='ocr_carea' id='block_1_30' title="bbox 1994 1518 3642 1596">
    <p class='ocr_par' dir='ltr' id='par_1_30' title="bbox 1994 1518 3642 1596">
     <span class='ocr_line' id='line_1_30' title="bbox 1994 1518 3642 1596; baseline 0.006 -25"><span class='ocrx_word' id='word_1_221' title='bbox 1994 1519 2160 1589; x_wconf 89' lang='lat' dir='ltr'>gines</span> <span class='ocrx_word' id='word_1_222' title='bbox 2212 1518 2547 1590; x_wconf 91' lang='lat' dir='ltr'>pronubum</span> <span class='ocrx_word' id='word_1_223' title='bbox 2592 1518 2870 1587; x_wconf 88' lang='lat' dir='ltr'>laudent;</span> <span class='ocrx_word' id='word_1_224' title='bbox 2931 1536 3057 1591; x_wconf 79' lang='lat' dir='ltr'>quae</span> <span class='ocrx_word' id='word_1_225' title='bbox 3104 1523 3460 1579; x_wconf 84' lang='lat' dir='ltr'>matrimonii</span> <span class='ocrx_word' id='word_1_226' title='bbox 3496 1526 3642 1596; x_wconf 87' lang='lat' dir='ltr'>jugo</span> 
     </span>
    </p>
   </div>
   <div class='ocr_carea' id='block_1_31' title="bbox 1995 1606 3641 1681">
    <p class='ocr_par' dir='ltr' id='par_1_31' title="bbox 1995 1606 3641 1681">
     <span class='ocr_line' id='line_1_31' title="bbox 1995 1606 3641 1681; baseline 0.004 -19"><span class='ocrx_word' id='word_1_227' title='bbox 1995 1606 2321 1662; x_wconf 70' lang='lat' dir='ltr'>constrictas</span> <span class='ocrx_word' id='word_1_228' title='bbox 2354 1612 2512 1672; x_wconf 89' lang='lat' dir='ltr'>sunt,</span> <span class='ocrx_word' id='word_1_229' title='bbox 2546 1609 2968 1663; x_wconf 85' lang='lat' dir='ltr'>moderatorem</span> <span class='ocrx_word' id='word_1_230' title='bbox 2996 1627 3009 1676; x_wconf 91' lang='lat'>;</span> <span class='ocrx_word' id='word_1_231' title='bbox 3063 1610 3159 1681; x_wconf 81' lang='lat' dir='ltr'>qui</span> <span class='ocrx_word' id='word_1_232' title='bbox 3204 1611 3525 1668; x_wconf 88' lang='lat' dir='ltr'>solitariam</span> <span class='ocrx_word' id='word_1_233' title='bbox 3558 1615 3641 1668; x_wconf 89' lang='lat' dir='ltr'>vi-</span> 
     </span>
    </p>
   </div>
   <div class='ocr_carea' id='block_1_32' title="bbox 1994 1695 3641 1770">
    <p class='ocr_par' dir='ltr' id='par_1_32' title="bbox 1994 1695 3641 1770">
     <span class='ocr_line' id='line_1_32' title="bbox 1994 1695 3641 1770; baseline 0.005 -22"><span class='ocrx_word' id='word_1_234' title='bbox 1994 1698 2116 1749; x_wconf 92' lang='lat' dir='ltr'>tam</span> <span class='ocrx_word' id='word_1_235' title='bbox 2146 1699 2347 1767; x_wconf 89' lang='lat' dir='ltr'>agunt,</span> <span class='ocrx_word' id='word_1_236' title='bbox 2372 1695 2747 1751; x_wconf 85' lang='lat' dir='ltr'>excitatorem</span> <span class='ocrx_word' id='word_1_237' title='bbox 2779 1701 2835 1751; x_wconf 91' lang='lat' dir='ltr'>et</span> <span class='ocrx_word' id='word_1_238' title='bbox 2866 1704 3183 1753; x_wconf 87' lang='lat' dir='ltr'>erectorem</span> <span class='ocrx_word' id='word_1_239' title='bbox 3212 1724 3225 1766; x_wconf 89' lang='lat'>;</span> <span class='ocrx_word' id='word_1_240' title='bbox 3258 1701 3357 1770; x_wconf 88' lang='lat' dir='ltr'>qui</span> <span class='ocrx_word' id='word_1_241' title='bbox 3387 1700 3445 1755; x_wconf 91' lang='lat' dir='ltr'>in</span> <span class='ocrx_word' id='word_1_242' title='bbox 3478 1702 3641 1758; x_wconf 86' lang='lat' dir='ltr'>soda-</span> 
     </span>
    </p>
   </div>
   <div class='ocr_carea' id='block_1_33' title="bbox 1996 1782 3639 1861">
    <p class='ocr_par' dir='ltr' id='par_1_33' title="bbox 1996 1782 3639 1861">
     <span class='ocr_line' id='line_1_33' title="bbox 1996 1782 3639 1861; baseline 0.005 -24"><span class='ocrx_word' id='word_1_243' title='bbox 1996 1782 2122 1839; x_wconf 89' lang='lat' dir='ltr'>litio</span> <span class='ocrx_word' id='word_1_244' title='bbox 2152 1783 2374 1850; x_wconf 89' lang='lat' dir='ltr'>vivunt,</span> <span class='ocrx_word' id='word_1_245' title='bbox 2402 1783 2832 1855; x_wconf 87' lang='lat' dir='ltr'>legislatorem;</span> <span class='ocrx_word' id='word_1_246' title='bbox 2867 1785 3189 1858; x_wconf 86' lang='lat' dir='ltr'>simplices,</span> <span class='ocrx_word' id='word_1_247' title='bbox 3225 1788 3639 1861; x_wconf 87' lang='lat' dir='ltr'>deductorem;</span> 
     </span>
    </p>
   </div>
   <div class='ocr_carea' id='block_1_34' title="bbox 237 1870 1909 1973">
    <p class='ocr_par' dir='ltr' id='par_1_34' title="bbox 237 1870 1883 1953">
     <span class='ocr_line' id='line_1_34' title="bbox 237 1870 1883 1953; baseline -0.004 -23"><span class='ocrx_word' id='word_1_248' title='bbox 237 1878 322 1931; x_wconf 86' lang='grc' dir='ltr'>τὸν</span> <span class='ocrx_word' id='word_1_249' title='bbox 382 1873 771 1953; x_wconf 74' lang='grc' dir='ltr'>φιλόπτωχον*</span> <span class='ocrx_word' id='word_1_250' title='bbox 841 1872 930 1928; x_wconf 85' lang='grc' dir='ltr'>καὶ</span> <span class='ocrx_word' id='word_1_251' title='bbox 984 1872 1076 1928; x_wconf 84' lang='grc' dir='ltr'>τὸν</span> <span class='ocrx_word' id='word_1_252' title='bbox 1138 1872 1435 1951; x_wconf 77' lang='grc' dir='ltr'>φιλόξενον,</span> <span class='ocrx_word' id='word_1_253' title='bbox 1498 1872 1548 1926; x_wconf 70' lang='grc' dir='ltr'>οἳ</span> <span class='ocrx_word' id='word_1_254' title='bbox 1588 1870 1883 1941; x_wconf 79' lang='grc' dir='ltr'>ξένοι·καὶ</span> 
     </span>
    </p>
   </div>
   <div class='ocr_carea' id='block_1_35' title="bbox 2002 1870 3641 1973">
    <p class='ocr_par' dir='ltr' id='par_1_35' title="bbox 2002 1871 3641 1948">
     <span class='ocr_line' id='line_1_35' title="bbox 2002 1871 3641 1948; baseline 0.005 -21"><span class='ocrx_word' id='word_1_255' title='bbox 2002 1871 2379 1944; x_wconf 85' lang='lat' dir='ltr'>speculationi</span> <span class='ocrx_word' id='word_1_256' title='bbox 2439 1872 2641 1941; x_wconf 91' lang='lat' dir='ltr'>dediti,</span> <span class='ocrx_word' id='word_1_257' title='bbox 2690 1872 3067 1946; x_wconf 82' lang='lat' dir='ltr'>theologum;</span> <span class='ocrx_word' id='word_1_258' title='bbox 3129 1877 3471 1948; x_wconf 83' lang='lat' dir='ltr'>praecipites,</span> <span class='ocrx_word' id='word_1_259' title='bbox 3531 1880 3641 1935; x_wconf 83' lang='lat' dir='ltr'>fre-</span> 
     </span>
    </p>
   </div>
   <div class='ocr_carea' id='block_1_36' title="bbox 240 1959 1878 2044">
    <p class='ocr_par' dir='ltr' id='par_1_36' title="bbox 240 1959 1878 2044">
     <span class='ocr_line' id='line_1_36' title="bbox 240 1959 1878 2044; baseline -0.004 -25"><span class='ocrx_word' id='word_1_260' title='bbox 240 1962 483 2044; x_wconf 77' lang='grc' dir='ltr'>ἀδελφοὶ,</span> <span class='ocrx_word' id='word_1_261' title='bbox 512 1964 604 2019; x_wconf 89' lang='grc' dir='ltr'>τὸν</span> <span class='ocrx_word' id='word_1_262' title='bbox 639 1960 974 2040; x_wconf 78' lang='grc' dir='ltr'>φιλάδελφον</span> <span class='ocrx_word' id='word_1_263' title='bbox 1002 1981 1014 1993; x_wconf 88' lang='grc'><strong>·</strong></span> <span class='ocrx_word' id='word_1_264' title='bbox 1050 1962 1103 2015; x_wconf 75' lang='grc' dir='ltr'>οἱ</span> <span class='ocrx_word' id='word_1_265' title='bbox 1131 1965 1441 2030; x_wconf 76' lang='grc' dir='ltr'>νοσοῦντες,</span> <span class='ocrx_word' id='word_1_266' title='bbox 1463 1960 1556 2015; x_wconf 88' lang='grc' dir='ltr'>τὸν</span> <span class='ocrx_word' id='word_1_267' title='bbox 1584 1960 1786 2033; x_wconf 78' lang='grc' dir='ltr'>ἰατρὸν,</span> <span class='ocrx_word' id='word_1_268' title='bbox 1818 1959 1878 2027; x_wconf 84' lang='grc' dir='ltr'>ἣν</span> 
     </span>
    </p>
   </div>
   <div class='ocr_carea' id='block_1_37' title="bbox 245 2046 1888 2130">
    <p class='ocr_par' dir='ltr' id='par_1_37' title="bbox 245 2046 1888 2130">
     <span class='ocr_line' id='line_1_37' title="bbox 245 2046 1888 2130; baseline -0.006 -21"><span class='ocrx_word' id='word_1_269' title='bbox 245 2053 428 2130; x_wconf 87' lang='grc' dir='ltr'>βούλει</span> <span class='ocrx_word' id='word_1_270' title='bbox 480 2051 636 2108; x_wconf 90' lang='grc' dir='ltr'>νόσον</span> <span class='ocrx_word' id='word_1_271' title='bbox 690 2051 779 2106; x_wconf 87' lang='grc' dir='ltr'>καὶ</span> <span class='ocrx_word' id='word_1_272' title='bbox 835 2049 1108 2125; x_wconf 80' lang='grc' dir='ltr'>ἷατρείαν’</span> <span class='ocrx_word' id='word_1_273' title='bbox 1170 2051 1223 2104; x_wconf 75' lang='grc' dir='ltr'>οὶ</span> <span class='ocrx_word' id='word_1_274' title='bbox 1266 2047 1619 2125; x_wconf 78' lang='grc' dir='ltr'>ίίγιαίνοντες,</span> <span class='ocrx_word' id='word_1_275' title='bbox 1651 2048 1741 2103; x_wconf 83' lang='grc' dir='ltr'>τὸν</span> <span class='ocrx_word' id='word_1_276' title='bbox 1792 2046 1888 2121; x_wconf 82' lang='grc' dir='ltr'>φό-</span> 
     </span>
    </p>
   </div>
   <div class='ocr_carea' id='block_1_38' title="bbox 242 2137 1888 2216">
    <p class='ocr_par' dir='ltr' id='par_1_38' title="bbox 242 2137 1888 2216">
     <span class='ocr_line' id='line_1_38' title="bbox 242 2137 1888 2216; baseline -0.005 -19"><span class='ocrx_word' id='word_1_277' title='bbox 242 2140 378 2197; x_wconf 86' lang='grc' dir='ltr'>λακα</span> <span class='ocrx_word' id='word_1_278' title='bbox 405 2149 505 2211; x_wconf 85' lang='grc' dir='ltr'>τῆς</span> <span class='ocrx_word' id='word_1_279' title='bbox 540 2139 718 2216; x_wconf 85' lang='grc' dir='ltr'>ὑγείας</span> <span class='ocrx_word' id='word_1_280' title='bbox 750 2141 862 2213; x_wconf 90' lang='grc'>(75)</span> <span class='ocrx_word' id='word_1_281' title='bbox 891 2158 903 2170; x_wconf 87' lang='grc'><strong>·</strong></span> <span class='ocrx_word' id='word_1_282' title='bbox 968 2139 1018 2192; x_wconf 76' lang='grc' dir='ltr'>οἱ</span> <span class='ocrx_word' id='word_1_283' title='bbox 1076 2137 1290 2206; x_wconf 85' lang='grc' dir='ltr'>πάντες,</span> <span class='ocrx_word' id='word_1_284' title='bbox 1324 2139 1412 2193; x_wconf 85' lang='grc' dir='ltr'>τὸν</span> <span class='ocrx_word' id='word_1_285' title='bbox 1445 2142 1574 2191; x_wconf 68' lang='grc' dir='ltr'>πᾶσι</span> <span class='ocrx_word' id='word_1_286' title='bbox 1607 2137 1781 2190; x_wconf 88' lang='grc' dir='ltr'>πάντα</span> <span class='ocrx_word' id='word_1_287' title='bbox 1810 2157 1888 2210; x_wconf 88' lang='grc' dir='ltr'>γι-</span> 
     </span>
    </p>
   </div>
   <div class='ocr_carea' id='block_1_39' title="bbox 240 2224 1775 2305">
    <p class='ocr_par' dir='ltr' id='par_1_39' title="bbox 240 2224 1775 2305">
     <span class='ocr_line' id='line_1_39' title="bbox 240 2224 1775 2305; baseline -0.003 -20"><span class='ocrx_word' id='word_1_288' title='bbox 240 2231 462 2305; x_wconf 88' lang='grc' dir='ltr'>νόμενον</span> <span class='ocrx_word' id='word_1_289' title='bbox 496 2230 628 2303; x_wconf 83' lang='grc'>(76),</span> <span class='ocrx_word' id='word_1_290' title='bbox 654 2226 746 2282; x_wconf 69' lang='grc' dir='ltr'>’ίνα</span> <span class='ocrx_word' id='word_1_291' title='bbox 774 2225 1001 2300; x_wconf 84' lang='grc' dir='ltr'>κερδάνῃ</span> <span class='ocrx_word' id='word_1_292' title='bbox 1026 2227 1153 2289; x_wconf 83' lang='grc' dir='ltr'>τοὺς</span> <span class='ocrx_word' id='word_1_293' title='bbox 1185 2226 1411 2295; x_wconf 87' lang='grc' dir='ltr'>πάντας,</span> <span class='ocrx_word' id='word_1_294' title='bbox 1430 2228 1464 2295; x_wconf 88' lang='grc' dir='ltr'>ἣ</span> <span class='ocrx_word' id='word_1_295' title='bbox 1496 2224 1775 2286; x_wconf 84' lang='grc' dir='ltr'>πλείονας.</span> 
     </span>
    </p>
   </div>
   <div class='ocr_carea' id='block_1_40' title="bbox 1992 1960 3641 2036">
    <p class='ocr_par' dir='ltr' id='par_1_40' title="bbox 1992 1960 3641 2036">
     <span class='ocr_line' id='line_1_40' title="bbox 1992 1960 3641 2036; baseline 0.005 -21"><span class='ocrx_word' id='word_1_296' title='bbox 1992 1977 2163 2030; x_wconf 91' lang='lat' dir='ltr'>num;</span> <span class='ocrx_word' id='word_1_297' title='bbox 2189 1960 2534 2030; x_wconf 86' lang='lat' dir='ltr'>calamitosi,</span> <span class='ocrx_word' id='word_1_298' title='bbox 2558 1961 3015 2031; x_wconf 82' lang='lat' dir='ltr'>consolatorem;</span> <span class='ocrx_word' id='word_1_299' title='bbox 3041 1966 3303 2033; x_wconf 85' lang='lat' dir='ltr'>canities,</span> <span class='ocrx_word' id='word_1_300' title='bbox 3329 1965 3601 2023; x_wconf 90' lang='lat' dir='ltr'>baculum</span> <span class='ocrx_word' id='word_1_301' title='bbox 3625 1999 3641 2036; x_wconf 89' lang='lat'>-,</span> 
     </span>
    </p>
   </div>
   <div class='ocr_carea' id='block_1_41' title="bbox 1988 2050 3643 2127">
    <p class='ocr_par' dir='ltr' id='par_1_41' title="bbox 1988 2050 3643 2127">
     <span class='ocr_line' id='line_1_41' title="bbox 1988 2050 3643 2127; baseline 0.005 -24"><span class='ocrx_word' id='word_1_302' title='bbox 1988 2050 2299 2120; x_wconf 83' lang='lat' dir='ltr'>juventus,</span> <span class='ocrx_word' id='word_1_303' title='bbox 2360 2051 2787 2122; x_wconf 82' lang='lat' dir='ltr'>paedagogum;</span> <span class='ocrx_word' id='word_1_304' title='bbox 2848 2061 3192 2124; x_wconf 87' lang='lat' dir='ltr'>paupertas,</span> <span class='ocrx_word' id='word_1_305' title='bbox 3254 2055 3643 2127; x_wconf 89' lang='lat' dir='ltr'>largitorem;</span> 
     </span>
    </p>
   </div>
   <div class='ocr_carea' id='block_1_42' title="bbox 1996 2138 3644 2212">
    <p class='ocr_par' dir='ltr' id='par_1_42' title="bbox 1996 2138 3644 2212">
     <span class='ocr_line' id='line_1_42' title="bbox 1996 2138 3644 2212; baseline 0.005 -20"><span class='ocrx_word' id='word_1_306' title='bbox 1996 2139 2231 2207; x_wconf 81' lang='lat' dir='ltr'>divitias,</span> <span class='ocrx_word' id='word_1_307' title='bbox 2270 2138 2757 2207; x_wconf 88' lang='lat' dir='ltr'>dispensatorem.</span> <span class='ocrx_word' id='word_1_308' title='bbox 2819 2141 2968 2205; x_wconf 88' lang='lat' dir='ltr'>Quin</span> <span class='ocrx_word' id='word_1_309' title='bbox 3032 2142 3175 2195; x_wconf 88' lang='lat' dir='ltr'>mihi</span> <span class='ocrx_word' id='word_1_310' title='bbox 3233 2142 3526 2212; x_wconf 90' lang='lat' dir='ltr'>videntur,</span> <span class='ocrx_word' id='word_1_311' title='bbox 3585 2150 3644 2201; x_wconf 91' lang='lat' dir='ltr'>et</span> 
     </span>
    </p>
   </div>
   <div class='ocr_carea' id='block_1_43' title="bbox 1996 2226 3642 2302">
    <p class='ocr_par' dir='ltr' id='par_1_43' title="bbox 1996 2226 3642 2302">
     <span class='ocr_line' id='line_1_43' title="bbox 1996 2226 3642 2302; baseline 0.005 -22"><span class='ocrx_word' id='word_1_312' title='bbox 1996 2226 2182 2281; x_wconf 71' lang='lat' dir='ltr'>viduae</span> <span class='ocrx_word' id='word_1_313' title='bbox 2216 2231 2524 2297; x_wconf 87' lang='lat' dir='ltr'>patronum</span> <span class='ocrx_word' id='word_1_314' title='bbox 2558 2226 2904 2295; x_wconf 70' lang='lat' dir='ltr'>laudatum,</span> <span class='ocrx_word' id='word_1_315' title='bbox 2936 2233 2993 2283; x_wconf 91' lang='lat' dir='ltr'>et</span> <span class='ocrx_word' id='word_1_316' title='bbox 3024 2230 3251 2301; x_wconf 85' lang='lat' dir='ltr'>pupilli,</span> <span class='ocrx_word' id='word_1_317' title='bbox 3286 2239 3507 2302; x_wconf 85' lang='lat' dir='ltr'>patrem</span> <span class='ocrx_word' id='word_1_318' title='bbox 3535 2258 3549 2299; x_wconf 86' lang='lat'>;</span> <span class='ocrx_word' id='word_1_319' title='bbox 3583 2238 3642 2289; x_wconf 88' lang='lat' dir='ltr'>et</span> 
     </span>
    </p>
   </div>
   <div class='ocr_carea' id='block_1_44' title="bbox 241 2313 3642 2392">
    <p class='ocr_par' dir='ltr' id='par_1_44' title="bbox 241 2313 3642 2392">
     <span class='ocr_line' id='line_1_44' title="bbox 241 2313 3642 2392; baseline 0 -16"><span class='ocrx_word' id='word_1_320' title='bbox 241 2336 544 2392; x_wconf 90' lang='lat' dir='ltr'>pauperes,</span> <span class='ocrx_word' id='word_1_321' title='bbox 577 2334 902 2390; x_wconf 89' lang='lat' dir='ltr'>pauperum</span> <span class='ocrx_word' id='word_1_322' title='bbox 962 2316 1329 2383; x_wconf 88' lang='lat' dir='ltr'>studiosum;</span> <span class='ocrx_word' id='word_1_323' title='bbox 1381 2320 1437 2370; x_wconf 91' lang='lat' dir='ltr'>et</span> <span class='ocrx_word' id='word_1_324' title='bbox 1483 2313 1794 2387; x_wconf 88' lang='lat' dir='ltr'>peregrini,</span> <span class='ocrx_word' id='word_1_325' title='bbox 1837 2313 2205 2385; x_wconf 86' lang='lat' dir='ltr'>hospitalem,</span> <span class='ocrx_word' id='word_1_326' title='bbox 2238 2320 2296 2369; x_wconf 90' lang='lat' dir='ltr'>et</span> <span class='ocrx_word' id='word_1_327' title='bbox 2341 2317 2570 2385; x_wconf 84' lang='lat' dir='ltr'>fratres,</span> <span class='ocrx_word' id='word_1_328' title='bbox 2622 2316 2866 2369; x_wconf 86' lang='lat' dir='ltr'>fratrum</span> <span class='ocrx_word' id='word_1_329' title='bbox 2917 2324 3241 2386; x_wconf 86' lang='lat' dir='ltr'>amantem;</span> <span class='ocrx_word' id='word_1_330' title='bbox 3277 2325 3642 2392; x_wconf 72' lang='lat' dir='ltr'>aegrotantes,</span> 
     </span>
    </p>
   </div>
   <div class='ocr_carea' id='block_1_45' title="bbox 242 2403 3642 2478">
    <p class='ocr_par' dir='ltr' id='par_1_45' title="bbox 242 2403 3642 2478">
     <span class='ocr_line' id='line_1_45' title="bbox 242 2403 3642 2478; baseline 0.001 -15"><span class='ocrx_word' id='word_1_331' title='bbox 242 2409 554 2473; x_wconf 88' lang='lat' dir='ltr'>medicum,</span> <span class='ocrx_word' id='word_1_332' title='bbox 588 2407 765 2478; x_wconf 90' lang='lat' dir='ltr'>idque</span> <span class='ocrx_word' id='word_1_333' title='bbox 797 2407 1223 2477; x_wconf 90' lang='lat' dir='ltr'>cujuscumque</span> <span class='ocrx_word' id='word_1_334' title='bbox 1255 2403 1442 2458; x_wconf 91' lang='lat' dir='ltr'>morbi</span> <span class='ocrx_word' id='word_1_335' title='bbox 1487 2420 1552 2458; x_wconf 92' lang='lat' dir='ltr'>ac</span> <span class='ocrx_word' id='word_1_336' title='bbox 1602 2403 2013 2457; x_wconf 86' lang='lat' dir='ltr'>medicamenti</span> <span class='ocrx_word' id='word_1_337' title='bbox 2046 2404 2332 2470; x_wconf 88' lang='lat' dir='ltr'>volueris;</span> <span class='ocrx_word' id='word_1_338' title='bbox 2365 2404 2514 2470; x_wconf 91' lang='lat' dir='ltr'>sani,</span> <span class='ocrx_word' id='word_1_339' title='bbox 2551 2403 2899 2460; x_wconf 87' lang='lat' dir='ltr'>valetudinis</span> <span class='ocrx_word' id='word_1_340' title='bbox 2939 2408 3270 2477; x_wconf 89' lang='lat' dir='ltr'>custodem;</span> <span class='ocrx_word' id='word_1_341' title='bbox 3307 2426 3510 2465; x_wconf 89' lang='lat' dir='ltr'>omnes</span> <span class='ocrx_word' id='word_1_342' title='bbox 3542 2411 3642 2467; x_wconf 90' lang='lat' dir='ltr'>de-</span> 
     </span>
    </p>
   </div>
   <div class='ocr_carea' id='block_1_46' title="bbox 241 2491 3105 2567">
    <p class='ocr_par' dir='ltr' id='par_1_46' title="bbox 241 2491 3105 2567">
     <span class='ocr_line' id='line_1_46' title="bbox 241 2491 3105 2567; baseline -0.001 -15"><span class='ocrx_word' id='word_1_343' title='bbox 241 2497 415 2567; x_wconf 90' lang='lat' dir='ltr'>nique</span> <span class='ocrx_word' id='word_1_344' title='bbox 446 2512 601 2563; x_wconf 89' lang='lat' dir='ltr'>eum,</span> <span class='ocrx_word' id='word_1_345' title='bbox 636 2495 735 2566; x_wconf 87' lang='lat' dir='ltr'>qui</span> <span class='ocrx_word' id='word_1_346' title='bbox 768 2494 966 2549; x_wconf 88' lang='lat' dir='ltr'>omnia</span> <span class='ocrx_word' id='word_1_347' title='bbox 991 2492 1264 2548; x_wconf 91' lang='lat' dir='ltr'>omnibus</span> <span class='ocrx_word' id='word_1_348' title='bbox 1295 2492 1483 2547; x_wconf 88' lang='lat' dir='ltr'>factus</span> <span class='ocrx_word' id='word_1_349' title='bbox 1514 2496 1621 2559; x_wconf 87' lang='lat' dir='ltr'>est,</span> <span class='ocrx_word' id='word_1_350' title='bbox 1656 2496 1721 2546; x_wconf 92' lang='lat' dir='ltr'>ut</span> <span class='ocrx_word' id='word_1_351' title='bbox 1752 2507 1975 2563; x_wconf 90' lang='lat' dir='ltr'>omnes,</span> <span class='ocrx_word' id='word_1_352' title='bbox 2009 2491 2096 2547; x_wconf 89' lang='lat' dir='ltr'>vel</span> <span class='ocrx_word' id='word_1_353' title='bbox 2132 2510 2307 2564; x_wconf 92' lang='lat' dir='ltr'>quam</span> <span class='ocrx_word' id='word_1_354' title='bbox 2342 2492 2629 2564; x_wconf 91' lang='lat' dir='ltr'>plurimos</span> <span class='ocrx_word' id='word_1_355' title='bbox 2658 2492 3024 2549; x_wconf 80' lang='lat' dir='ltr'>lucrifaceret</span> <span class='ocrx_word' id='word_1_356' title='bbox 3043 2496 3105 2548; x_wconf 58' lang='grc' dir='ltr'>ω.</span> 
     </span>
    </p>
   </div>
   <div class='ocr_carea' id='block_1_47' title="bbox 306 2576 1883 2655">
    <p class='ocr_par' dir='ltr' id='par_1_47' title="bbox 306 2576 1883 2655">
     <span class='ocr_line' id='line_1_47' title="bbox 306 2576 1883 2655; baseline -0.004 -17"><span class='ocrx_word' id='word_1_357' title='bbox 306 2588 410 2640; x_wconf 87' lang='grc' dir='ltr'>ΙΑ’.</span> <span class='ocrx_word' id='word_1_358' title='bbox 469 2586 649 2639; x_wconf 77' lang='grc' dir='ltr'>Ταῦτα</span> <span class='ocrx_word' id='word_1_359' title='bbox 705 2582 798 2654; x_wconf 74' lang='grc' dir='ltr'>μὲν</span> <span class='ocrx_word' id='word_1_360' title='bbox 849 2581 963 2648; x_wconf 80' lang='grc' dir='ltr'>οὗν,</span> <span class='ocrx_word' id='word_1_361' title='bbox 1023 2580 1153 2655; x_wconf 78' lang='grc' dir='ltr'>ὅπερ</span> <span class='ocrx_word' id='word_1_362' title='bbox 1214 2581 1386 2649; x_wconf 81' lang='grc' dir='ltr'>εἷπον,</span> <span class='ocrx_word' id='word_1_363' title='bbox 1421 2577 1585 2633; x_wconf 81' lang='grc' dir='ltr'>ἄλλοι</span> <span class='ocrx_word' id='word_1_364' title='bbox 1617 2576 1883 2651; x_wconf 81' lang='grc' dir='ltr'>Θαυμαζέ-</span> 
     </span>
    </p>
   </div>
   <div class='ocr_carea' id='block_1_48' title="bbox 235 2666 1884 2743">
    <p class='ocr_par' dir='ltr' id='par_1_48' title="bbox 235 2666 1884 2743">
     <span class='ocr_line' id='line_1_48' title="bbox 235 2666 1884 2743; baseline -0.004 -17"><span class='ocrx_word' id='word_1_365' title='bbox 235 2672 407 2727; x_wconf 87' lang='grc' dir='ltr'>τωσάν</span> <span class='ocrx_word' id='word_1_366' title='bbox 440 2692 495 2725; x_wconf 90' lang='grc' dir='ltr'>τε</span> <span class='ocrx_word' id='word_1_367' title='bbox 524 2670 613 2725; x_wconf 80' lang='grc' dir='ltr'>καὶ</span> <span class='ocrx_word' id='word_1_368' title='bbox 645 2668 1068 2742; x_wconf 84' lang='grc' dir='ltr'>ἀνυμνείτωσαν,</span> <span class='ocrx_word' id='word_1_369' title='bbox 1102 2668 1181 2730; x_wconf 79' lang='grc' dir='ltr'>οἶς</span> <span class='ocrx_word' id='word_1_370' title='bbox 1221 2666 1404 2743; x_wconf 84' lang='grc' dir='ltr'>σχολὴ</span> <span class='ocrx_word' id='word_1_371' title='bbox 1434 2668 1501 2721; x_wconf 77' lang='grc' dir='ltr'>τὰ</span> <span class='ocrx_word' id='word_1_372' title='bbox 1562 2666 1730 2742; x_wconf 74' lang='grc' dir='ltr'>μικρὰ</span> <span class='ocrx_word' id='word_1_373' title='bbox 1777 2670 1884 2720; x_wconf 83' lang='grc' dir='ltr'>τῶν</span> 
     </span>
    </p>
   </div>
   <div class='ocr_carea' id='block_1_49' title="bbox 237 2755 1887 2835">
    <p class='ocr_par' dir='ltr' id='par_1_49' title="bbox 237 2755 1887 2835">
     <span class='ocr_line' id='line_1_49' title="bbox 237 2755 1887 2835; baseline -0.002 -22"><span class='ocrx_word' id='word_1_374' title='bbox 237 2758 440 2813; x_wconf 78' lang='grc' dir='ltr'>ἐκείνου</span> <span class='ocrx_word' id='word_1_375' title='bbox 500 2758 813 2832; x_wconf 84' lang='grc' dir='ltr'>θαυμάζειν.</span> <span class='ocrx_word' id='word_1_376' title='bbox 872 2760 1055 2835; x_wconf 80' lang='grc' dir='ltr'>Μικρὰ</span> <span class='ocrx_word' id='word_1_377' title='bbox 1081 2756 1139 2813; x_wconf 76' lang='grc' dir='ltr'>δὶ</span> <span class='ocrx_word' id='word_1_378' title='bbox 1170 2758 1294 2814; x_wconf 80' lang='grc' dir='ltr'>ὅταν</span> <span class='ocrx_word' id='word_1_379' title='bbox 1330 2755 1488 2826; x_wconf 56' lang='grc' dir='ltr'>εἷίπω,</span> <span class='ocrx_word' id='word_1_380' title='bbox 1519 2757 1677 2811; x_wconf 78' lang='grc' dir='ltr'>αὐτὸν</span> <span class='ocrx_word' id='word_1_381' title='bbox 1712 2755 1887 2826; x_wconf 73' lang='grc' dir='ltr'>ἑαυτῷ</span> 
     </span>
    </p>
   </div>
   <div class='ocr_carea' id='block_1_50' title="bbox 239 2843 1891 2925">
    <p class='ocr_par' dir='ltr' id='par_1_50' title="bbox 239 2843 1891 2925">
     <span class='ocr_line' id='line_1_50' title="bbox 239 2843 1891 2925; baseline -0.003 -23"><span class='ocrx_word' id='word_1_382' title='bbox 239 2847 533 2925; x_wconf 84' lang='grc' dir='ltr'>συγκρίνων</span> <span class='ocrx_word' id='word_1_383' title='bbox 594 2846 758 2923; x_wconf 84' lang='grc' dir='ltr'>λέγω,</span> <span class='ocrx_word' id='word_1_384' title='bbox 813 2848 903 2902; x_wconf 86' lang='grc' dir='ltr'>καὶ</span> <span class='ocrx_word' id='word_1_385' title='bbox 960 2850 1027 2902; x_wconf 80' lang='grc' dir='ltr'>τὰ</span> <span class='ocrx_word' id='word_1_386' title='bbox 1084 2847 1291 2903; x_wconf 69' lang='grc' dir='ltr'>ἐκείνου</span> <span class='ocrx_word' id='word_1_387' title='bbox 1319 2852 1433 2908; x_wconf 86' lang='grc' dir='ltr'>τοῖς</span> <span class='ocrx_word' id='word_1_388' title='bbox 1465 2845 1671 2901; x_wconf 78' lang='grc' dir='ltr'>έκείνου</span> <span class='ocrx_word' id='word_1_389' title='bbox 1702 2843 1891 2919; x_wconf 75' lang='grc' dir='ltr'>παρεξ-</span> 
     </span>
    </p>
   </div>
   <div class='ocr_carea' id='block_1_51' title="bbox 244 2932 1888 3011">
    <p class='ocr_par' dir='ltr' id='par_1_51' title="bbox 244 2932 1888 3011">
     <span class='ocr_line' id='line_1_51' title="bbox 244 2932 1888 3011; baseline -0.004 -20"><span class='ocrx_word' id='word_1_390' title='bbox 244 2938 442 3005; x_wconf 83' lang='grc' dir='ltr'>ετάζων</span> <span class='ocrx_word' id='word_1_391' title='bbox 497 2936 581 3010; x_wconf 91' lang='grc' dir='ltr'>(οὐ</span> <span class='ocrx_word' id='word_1_392' title='bbox 637 2938 738 3011; x_wconf 83' lang='grc' dir='ltr'>γὰρ</span> <span class='ocrx_word' id='word_1_393' title='bbox 799 2933 1105 3006; x_wconf 74' lang='grc' dir='ltr'>δεδόξασται</span> <span class='ocrx_word' id='word_1_394' title='bbox 1165 2939 1278 3010; x_wconf 91' lang='grc'>(77)</span> <span class='ocrx_word' id='word_1_395' title='bbox 1337 2936 1400 2990; x_wconf 86' lang='grc' dir='ltr'>τὸ</span> <span class='ocrx_word' id='word_1_396' title='bbox 1477 2932 1888 3007; x_wconf 76' lang='grc' dir='ltr'>δεδοξασμένον,</span> 
     </span>
    </p>
   </div>
   <div class='ocr_carea' id='block_1_52' title="bbox 2064 2581 3644 2660">
    <p class='ocr_par' dir='ltr' id='par_1_52' title="bbox 2064 2581 3644 2660">
     <span class='ocr_line' id='line_1_52' title="bbox 2064 2581 3644 2660; baseline 0.005 -25"><span class='ocrx_word' id='word_1_397' title='bbox 2064 2582 2152 2637; x_wconf 86' lang='lat' dir='ltr'>XI.</span> <span class='ocrx_word' id='word_1_398' title='bbox 2188 2581 2316 2636; x_wconf 67' lang='lat' dir='ltr'>Haec</span> <span class='ocrx_word' id='word_1_399' title='bbox 2346 2581 2542 2653; x_wconf 88' lang='lat' dir='ltr'>igitur,</span> <span class='ocrx_word' id='word_1_400' title='bbox 2569 2586 2634 2636; x_wconf 92' lang='lat' dir='ltr'>ut</span> <span class='ocrx_word' id='word_1_401' title='bbox 2663 2583 2941 2653; x_wconf 79' lang='lat' dir='ltr'>diximus,</span> <span class='ocrx_word' id='word_1_402' title='bbox 2967 2584 3063 2638; x_wconf 91' lang='lat' dir='ltr'>alii</span> <span class='ocrx_word' id='word_1_403' title='bbox 3095 2585 3383 2642; x_wconf 89' lang='lat' dir='ltr'>mirentur</span> <span class='ocrx_word' id='word_1_404' title='bbox 3417 2593 3474 2643; x_wconf 88' lang='lat' dir='ltr'>et</span> <span class='ocrx_word' id='word_1_405' title='bbox 3503 2605 3644 2660; x_wconf 74' lang='lat' dir='ltr'>pras-</span> 
     </span>
    </p>
   </div>
   <div class='ocr_carea' id='block_1_53' title="bbox 1995 2670 3644 2750">
    <p class='ocr_par' dir='ltr' id='par_1_53' title="bbox 1995 2670 3644 2750">
     <span class='ocr_line' id='line_1_53' title="bbox 1995 2670 3644 2750; baseline 0.006 -26"><span class='ocrx_word' id='word_1_406' title='bbox 1995 2670 2210 2737; x_wconf 90' lang='lat' dir='ltr'>dicent,</span> <span class='ocrx_word' id='word_1_407' title='bbox 2259 2671 2475 2742; x_wconf 90' lang='lat' dir='ltr'>quibus</span> <span class='ocrx_word' id='word_1_408' title='bbox 2532 2676 2761 2725; x_wconf 92' lang='lat' dir='ltr'>tantum</span> <span class='ocrx_word' id='word_1_409' title='bbox 2820 2674 2921 2727; x_wconf 85' lang='lat' dir='ltr'>otii</span> <span class='ocrx_word' id='word_1_410' title='bbox 2982 2675 3262 2745; x_wconf 89' lang='lat' dir='ltr'>suppetit,</span> <span class='ocrx_word' id='word_1_411' title='bbox 3310 2681 3374 2731; x_wconf 90' lang='lat' dir='ltr'>ut</span> <span class='ocrx_word' id='word_1_412' title='bbox 3403 2677 3644 2750; x_wconf 84' lang='lat' dir='ltr'>exiguas</span> 
     </span>
    </p>
   </div>
   <div class='ocr_carea' id='block_1_54' title="bbox 1996 2750 3645 2828">
    <p class='ocr_par' dir='ltr' id='par_1_54' title="bbox 1996 2750 3645 2828">
     <span class='ocr_line' id='line_1_54' title="bbox 1996 2750 3645 2828; baseline 0.006 -24"><span class='ocrx_word' id='word_1_413' title='bbox 1996 2750 2154 2805; x_wconf 89' lang='lat' dir='ltr'>illius</span> <span class='ocrx_word' id='word_1_414' title='bbox 2176 2751 2418 2806; x_wconf 90' lang='lat' dir='ltr'>virtutes</span> <span class='ocrx_word' id='word_1_415' title='bbox 2440 2750 2716 2807; x_wconf 77' lang='lat' dir='ltr'>laudibus</span> <span class='ocrx_word' id='word_1_416' title='bbox 2741 2760 3186 2825; x_wconf 84' lang='lat' dir='ltr'>prosequantur.</span> <span class='ocrx_word' id='word_1_417' title='bbox 3206 2755 3452 2828; x_wconf 83' lang='lat' dir='ltr'>Exiguae</span> <span class='ocrx_word' id='word_1_418' title='bbox 3476 2774 3645 2828; x_wconf 89' lang='lat' dir='ltr'>porro</span> 
     </span>
    </p>
   </div>
   <div class='ocr_carea' id='block_1_55' title="bbox 1998 2840 3647 2919">
    <p class='ocr_par' dir='ltr' id='par_1_55' title="bbox 1998 2840 3647 2919">
     <span class='ocr_line' id='line_1_55' title="bbox 1998 2840 3647 2919; baseline 0.005 -24"><span class='ocrx_word' id='word_1_419' title='bbox 1998 2856 2132 2895; x_wconf 90' lang='lat' dir='ltr'>cum</span> <span class='ocrx_word' id='word_1_420' title='bbox 2166 2840 2315 2910; x_wconf 89' lang='lat' dir='ltr'>dico,</span> <span class='ocrx_word' id='word_1_421' title='bbox 2341 2840 2536 2911; x_wconf 90' lang='lat' dir='ltr'>ipsum</span> <span class='ocrx_word' id='word_1_422' title='bbox 2568 2856 2766 2895; x_wconf 89' lang='lat' dir='ltr'>secum</span> <span class='ocrx_word' id='word_1_423' title='bbox 2790 2858 3137 2912; x_wconf 86' lang='lat' dir='ltr'>comparans</span> <span class='ocrx_word' id='word_1_424' title='bbox 3166 2844 3317 2909; x_wconf 89' lang='lat' dir='ltr'>dico,</span> <span class='ocrx_word' id='word_1_425' title='bbox 3341 2846 3647 2919; x_wconf 85' lang='lat' dir='ltr'>ipsiusque</span> 
     </span>
    </p>
   </div>
   <div class='ocr_carea' id='block_1_56' title="bbox 1998 2928 3646 3007">
    <p class='ocr_par' dir='ltr' id='par_1_56' title="bbox 1998 2928 3646 3007">
     <span class='ocr_line' id='line_1_56' title="bbox 1998 2928 3646 3007; baseline 0.005 -25"><span class='ocrx_word' id='word_1_426' title='bbox 1998 2929 2245 2983; x_wconf 88' lang='lat' dir='ltr'>virtutes</span> <span class='ocrx_word' id='word_1_427' title='bbox 2294 2945 2428 2984; x_wconf 89' lang='lat' dir='ltr'>cum</span> <span class='ocrx_word' id='word_1_428' title='bbox 2472 2928 2659 3000; x_wconf 89' lang='lat' dir='ltr'>ipsius</span> <span class='ocrx_word' id='word_1_429' title='bbox 2706 2929 3023 2986; x_wconf 78' lang='lat' dir='ltr'>virtutibus</span> <span class='ocrx_word' id='word_1_430' title='bbox 3072 2933 3377 2989; x_wconf 88' lang='lat' dir='ltr'>conferens</span> <span class='ocrx_word' id='word_1_431' title='bbox 3434 2942 3646 3007; x_wconf 84' lang='lat' dir='ltr'>(neque</span> 
     </span>
    </p>
   </div>
   <div class='ocr_carea' id='block_1_57' title="bbox 244 3017 1909 3100">
    <p class='ocr_par' dir='ltr' id='par_1_57' title="bbox 244 3017 1894 3100">
     <span class='ocr_line' id='line_1_57' title="bbox 244 3017 1894 3100; baseline -0.002 -21"><span class='ocrx_word' id='word_1_432' title='bbox 244 3024 339 3080; x_wconf 72' lang='grc' dir='ltr'>κᾶν</span> <span class='ocrx_word' id='word_1_433' title='bbox 495 3024 616 3079; x_wconf 81' lang='grc' dir='ltr'>Λίαν</span> <span class='ocrx_word' id='word_1_434' title='bbox 647 3022 927 3100; x_wconf 84' lang='grc' dir='ltr'>λαμπρὸτ,</span> <span class='ocrx_word' id='word_1_435' title='bbox 957 3022 1134 3078; x_wconf 64' lang='grc' dir='ltr'>*ένεκεν</span> <span class='ocrx_word' id='word_1_436' title='bbox 1163 3027 1276 3093; x_wconf 88' lang='grc'>(78)</span> <span class='ocrx_word' id='word_1_437' title='bbox 1305 3030 1406 3092; x_wconf 82' lang='grc' dir='ltr'>τῆς</span> <span class='ocrx_word' id='word_1_438' title='bbox 1440 3017 1894 3097; x_wconf 78' lang='grc' dir='ltr'>ὑπερϐαλλούσης</span> 
     </span>
    </p>
   </div>
   <div class='ocr_carea' id='block_1_58' title="bbox 2002 3017 3646 3100">
    <p class='ocr_par' dir='ltr' id='par_1_58' title="bbox 2002 3017 3646 3091">
     <span class='ocr_line' id='line_1_58' title="bbox 2002 3017 3646 3091; baseline 0.004 -20"><span class='ocrx_word' id='word_1_439' title='bbox 2002 3017 2158 3072; x_wconf 90' lang='lat' dir='ltr'>enim</span> <span class='ocrx_word' id='word_1_440' title='bbox 2189 3017 2247 3072; x_wconf 92' lang='lat' dir='ltr'>id</span> <span class='ocrx_word' id='word_1_441' title='bbox 2280 3018 2434 3088; x_wconf 92' lang='lat' dir='ltr'>quod</span> <span class='ocrx_word' id='word_1_442' title='bbox 2466 3017 2856 3089; x_wconf 85' lang='lat' dir='ltr'>glorificatum</span> <span class='ocrx_word' id='word_1_443' title='bbox 2886 3024 2993 3085; x_wconf 89' lang='lat' dir='ltr'>est,</span> <span class='ocrx_word' id='word_1_444' title='bbox 3015 3020 3405 3089; x_wconf 81' lang='lat' dir='ltr'>gloriﬁcatum</span> <span class='ocrx_word' id='word_1_445' title='bbox 3436 3029 3525 3077; x_wconf 90' lang='lat' dir='ltr'>est</span> <span class='ocrx_word' id='word_1_446' title='bbox 3552 3023 3646 3091; x_wconf 63' lang='grc' dir='ltr'>η’,</span> 
     </span>
    </p>
   </div>
   <div class='ocr_carea' id='block_1_59' title="bbox 248 3107 1895 3186">
    <p class='ocr_par' dir='ltr' id='par_1_59' title="bbox 248 3107 1895 3186">
     <span class='ocr_line' id='line_1_59' title="bbox 248 3107 1895 3186; baseline -0.003 -18"><span class='ocrx_word' id='word_1_447' title='bbox 248 3111 429 3184; x_wconf 77' lang='grc' dir='ltr'>δόξης,</span> <span class='ocrx_word' id='word_1_448' title='bbox 498 3112 676 3186; x_wconf 82' lang='grc' dir='ltr'>ὥσπερ</span> <span class='ocrx_word' id='word_1_449' title='bbox 725 3112 1092 3185; x_wconf 79' lang='grc' dir='ltr'>ἠκούσαμεν)·</span> <span class='ocrx_word' id='word_1_450' title='bbox 1154 3110 1268 3167; x_wconf 77' lang='grc' dir='ltr'>ἐπεὶ</span> <span class='ocrx_word' id='word_1_451' title='bbox 1312 3112 1402 3166; x_wconf 81' lang='grc' dir='ltr'>καὶ</span> <span class='ocrx_word' id='word_1_452' title='bbox 1438 3109 1602 3185; x_wconf 84' lang='grc' dir='ltr'>ὀλίγα</span> <span class='ocrx_word' id='word_1_453' title='bbox 1628 3114 1735 3165; x_wconf 79' lang='grc' dir='ltr'>τῶν</span> <span class='ocrx_word' id='word_1_454' title='bbox 1768 3107 1895 3164; x_wconf 85' lang='grc' dir='ltr'>τού-</span> 
     </span>
    </p>
   </div>
   <div class='ocr_carea' id='block_1_60' title="bbox 2002 3105 3647 3181">
    <p class='ocr_par' dir='ltr' id='par_1_60' title="bbox 2002 3105 3647 3181">
     <span class='ocr_line' id='line_1_60' title="bbox 2002 3105 3647 3181; baseline 0.005 -20"><span class='ocrx_word' id='word_1_455' title='bbox 2002 3106 2177 3161; x_wconf 88' lang='lat' dir='ltr'>etiam</span> <span class='ocrx_word' id='word_1_456' title='bbox 2202 3105 2251 3160; x_wconf 90' lang='lat' dir='ltr'>si</span> <span class='ocrx_word' id='word_1_457' title='bbox 2272 3105 2436 3161; x_wconf 88' lang='lat' dir='ltr'>valde</span> <span class='ocrx_word' id='word_1_458' title='bbox 2458 3106 2536 3160; x_wconf 89' lang='lat' dir='ltr'>sit</span> <span class='ocrx_word' id='word_1_459' title='bbox 2556 3106 2954 3178; x_wconf 83' lang='lat' dir='ltr'>splendidum,</span> <span class='ocrx_word' id='word_1_460' title='bbox 2978 3115 3216 3181; x_wconf 90' lang='lat' dir='ltr'>propter</span> <span class='ocrx_word' id='word_1_461' title='bbox 3235 3112 3647 3169; x_wconf 84' lang='lat' dir='ltr'>exuberantem</span> 
     </span>
    </p>
   </div>
   <div class='ocr_carea' id='block_1_61' title="bbox 246 3193 1909 3288">
    <p class='ocr_par' dir='ltr' id='par_1_61' title="bbox 246 3195 1896 3288">
     <span class='ocr_line' id='line_1_61' title="bbox 246 3195 1896 3288; baseline -0.002 -32"><span class='ocrx_word' id='word_1_462' title='bbox 246 3223 368 3271; x_wconf 89' lang='grc' dir='ltr'>του,</span> <span class='ocrx_word' id='word_1_463' title='bbox 414 3201 616 3275; x_wconf 69' lang='grc' dir='ltr'>ἑτέροις</span> <span class='ocrx_word' id='word_1_464' title='bbox 673 3201 911 3276; x_wconf 81' lang='grc' dir='ltr'>αὐτάρκη</span> <span class='ocrx_word' id='word_1_465' title='bbox 972 3200 1109 3275; x_wconf 87' lang='grc' dir='ltr'>πρὸς</span> <span class='ocrx_word' id='word_1_466' title='bbox 1158 3197 1533 3288; x_wconf 79' lang='grc' dir='ltr'>εὐδοκίμησιν.</span> <span class='ocrx_word' id='word_1_467' title='bbox 1601 3200 1760 3288; x_wconf 49' lang='grc' dir='ltr'>Ἡμῖν</span> <span class='ocrx_word' id='word_1_468' title='bbox 1838 3195 1896 3252; x_wconf 77' lang='grc' dir='ltr'>δὶ</span> 
     </span>
    </p>
   </div>
   <div class='ocr_carea' id='block_1_62' title="bbox 2002 3193 3649 3288">
    <p class='ocr_par' dir='ltr' id='par_1_62' title="bbox 2007 3193 3649 3273">
     <span class='ocr_line' id='line_1_62' title="bbox 2007 3193 3649 3273; baseline 0.005 -25"><span class='ocrx_word' id='word_1_469' title='bbox 2007 3193 2448 3266; x_wconf 88' lang='lat' dir='ltr'>gloriam,velut</span> <span class='ocrx_word' id='word_1_470' title='bbox 2477 3193 2687 3249; x_wconf 87' lang='lat' dir='ltr'>litteris</span> <span class='ocrx_word' id='word_1_471' title='bbox 2716 3197 2899 3250; x_wconf 89' lang='lat' dir='ltr'>sacris</span> <span class='ocrx_word' id='word_1_472' title='bbox 2930 3197 3224 3267; x_wconf 89' lang='lat' dir='ltr'>proditum</span> <span class='ocrx_word' id='word_1_473' title='bbox 3255 3201 3400 3270; x_wconf 88' lang='lat' dir='ltr'>est);</span> <span class='ocrx_word' id='word_1_474' title='bbox 3432 3199 3649 3273; x_wconf 88' lang='lat' dir='ltr'>alioqui</span> 
     </span>
    </p>
   </div>
   <div class='ocr_carea' id='block_1_63' title="bbox 253 3285 1894 3365">
    <p class='ocr_par' dir='ltr' id='par_1_63' title="bbox 253 3285 1894 3365">
     <span class='ocr_line' id='line_1_63' title="bbox 253 3285 1894 3365; baseline -0.003 -20"><span class='ocrx_word' id='word_1_475' title='bbox 253 3290 339 3364; x_wconf 89' lang='grc' dir='ltr'>(οὐ</span> <span class='ocrx_word' id='word_1_476' title='bbox 368 3292 471 3365; x_wconf 72' lang='grc' dir='ltr'>γὰρ</span> <span class='ocrx_word' id='word_1_477' title='bbox 504 3288 722 3344; x_wconf 78' lang='grc' dir='ltr'>ἀνεκτὸν</span> <span class='ocrx_word' id='word_1_478' title='bbox 755 3289 1136 3345; x_wconf 85' lang='grc' dir='ltr'>καταλείπουσι</span> <span class='ocrx_word' id='word_1_479' title='bbox 1178 3292 1290 3363; x_wconf 78' lang='grc'>(79)</span> <span class='ocrx_word' id='word_1_480' title='bbox 1332 3288 1423 3344; x_wconf 87' lang='grc' dir='ltr'>τὸν</span> <span class='ocrx_word' id='word_1_481' title='bbox 1469 3287 1655 3363; x_wconf 91' lang='grc' dir='ltr'>λόγον.</span> <span class='ocrx_word' id='word_1_482' title='bbox 1708 3285 1894 3341; x_wconf 83' lang='grc' dir='ltr'>διακο-</span> 
     </span>
    </p>
   </div>
   <div class='ocr_carea' id='block_1_64' title="bbox 2007 3282 3649 3357">
    <p class='ocr_par' dir='ltr' id='par_1_64' title="bbox 2007 3282 3649 3357">
     <span class='ocr_line' id='line_1_64' title="bbox 2007 3282 3649 3357; baseline 0.006 -21"><span class='ocrx_word' id='word_1_483' title='bbox 2007 3299 2193 3354; x_wconf 88' lang='lat' dir='ltr'>pauca</span> <span class='ocrx_word' id='word_1_484' title='bbox 2221 3283 2397 3338; x_wconf 91' lang='lat' dir='ltr'>etiam</span> <span class='ocrx_word' id='word_1_485' title='bbox 2428 3282 2588 3338; x_wconf 91' lang='lat' dir='ltr'>illius</span> <span class='ocrx_word' id='word_1_486' title='bbox 2609 3289 2952 3340; x_wconf 89' lang='lat' dir='ltr'>ornamenta</span> <span class='ocrx_word' id='word_1_487' title='bbox 2978 3287 3267 3356; x_wconf 88' lang='lat' dir='ltr'>ejusmodi</span> <span class='ocrx_word' id='word_1_488' title='bbox 3300 3293 3459 3357; x_wconf 90' lang='lat' dir='ltr'>sunt,</span> <span class='ocrx_word' id='word_1_489' title='bbox 3484 3298 3548 3344; x_wconf 85' lang='lat' dir='ltr'>ut</span> <span class='ocrx_word' id='word_1_490' title='bbox 3576 3291 3649 3347; x_wconf 87' lang='lat' dir='ltr'>ad</span> 
     </span>
    </p>
   </div>
   <div class='ocr_carea' id='block_1_65' title="bbox 250 3372 1909 3453">
    <p class='ocr_par' dir='ltr' id='par_1_65' title="bbox 250 3376 1897 3453">
     <span class='ocr_line' id='line_1_65' title="bbox 250 3376 1897 3453; baseline -0.001 -21"><span class='ocrx_word' id='word_1_491' title='bbox 250 3383 358 3432; x_wconf 87' lang='grc' dir='ltr'>νεῖν</span> <span class='ocrx_word' id='word_1_492' title='bbox 412 3383 527 3439; x_wconf 86' lang='grc' dir='ltr'>τοῖς</span> <span class='ocrx_word' id='word_1_493' title='bbox 586 3376 909 3450; x_wconf 79' lang='grc' dir='ltr'>ἐλάττοσιν),</span> <span class='ocrx_word' id='word_1_494' title='bbox 969 3377 1049 3432; x_wconf 80' lang='grc' dir='ltr'>ἐπ’</span> <span class='ocrx_word' id='word_1_495' title='bbox 1103 3377 1234 3432; x_wconf 89' lang='grc' dir='ltr'>αὐτὸ</span> <span class='ocrx_word' id='word_1_496' title='bbox 1290 3377 1352 3431; x_wconf 85' lang='grc' dir='ltr'>τὸ</span> <span class='ocrx_word' id='word_1_497' title='bbox 1390 3377 1722 3453; x_wconf 84' lang='grc' dir='ltr'>κυριώτατον</span> <span class='ocrx_word' id='word_1_498' title='bbox 1784 3377 1897 3449; x_wconf 90' lang='grc'>(80)</span> 
     </span>
    </p>
   </div>
   <div class='ocr_carea' id='block_1_66' title="bbox 2002 3372 3648 3453">
    <p class='ocr_par' dir='ltr' id='par_1_66' title="bbox 2009 3372 3648 3447">
     <span class='ocr_line' id='line_1_66' title="bbox 2009 3372 3648 3447; baseline 0.005 -20"><span class='ocrx_word' id='word_1_499' title='bbox 2009 3372 2263 3427; x_wconf 91' lang='lat' dir='ltr'>nominis</span> <span class='ocrx_word' id='word_1_500' title='bbox 2285 3372 2679 3427; x_wconf 90' lang='lat' dir='ltr'>celebritatem</span> <span class='ocrx_word' id='word_1_501' title='bbox 2706 3372 2837 3428; x_wconf 88' lang='lat' dir='ltr'>aliis</span> <span class='ocrx_word' id='word_1_502' title='bbox 2857 3374 3088 3430; x_wconf 90' lang='lat' dir='ltr'>abunde</span> <span class='ocrx_word' id='word_1_503' title='bbox 3116 3391 3243 3431; x_wconf 87' lang='lat' dir='ltr'>esse</span> <span class='ocrx_word' id='word_1_504' title='bbox 3275 3383 3511 3447; x_wconf 87' lang='lat' dir='ltr'>queant.</span> <span class='ocrx_word' id='word_1_505' title='bbox 3536 3379 3648 3436; x_wconf 89' lang='lat' dir='ltr'>No-</span> 
     </span>
    </p>
   </div>
   <div class='ocr_carea' id='block_1_67' title="bbox 247 3462 1909 3541">
    <p class='ocr_par' dir='ltr' id='par_1_67' title="bbox 247 3463 1895 3541">
     <span class='ocr_line' id='line_1_67' title="bbox 247 3463 1895 3541; baseline -0.002 -20"><span class='ocrx_word' id='word_1_506' title='bbox 247 3472 355 3521; x_wconf 82' lang='grc' dir='ltr'>τῶν</span> <span class='ocrx_word' id='word_1_507' title='bbox 408 3466 605 3520; x_wconf 78' lang='grc' dir='ltr'>ἐκείνου</span> <span class='ocrx_word' id='word_1_508' title='bbox 654 3466 931 3540; x_wconf 79' lang='grc' dir='ltr'>τρεπτέον.</span> <span class='ocrx_word' id='word_1_509' title='bbox 983 3470 1116 3521; x_wconf 78' lang='grc' dir='ltr'>Θεοῦ</span> <span class='ocrx_word' id='word_1_510' title='bbox 1166 3463 1223 3520; x_wconf 74' lang='grc' dir='ltr'>δὲ</span> <span class='ocrx_word' id='word_1_511' title='bbox 1270 3463 1445 3541; x_wconf 78' lang='grc' dir='ltr'>ἔργον,</span> <span class='ocrx_word' id='word_1_512' title='bbox 1490 3465 1620 3541; x_wconf 70' lang='grc' dir='ltr'>ὑπὲρ</span> <span class='ocrx_word' id='word_1_513' title='bbox 1656 3465 1721 3518; x_wconf 82' lang='grc' dir='ltr'>οὗ</span> <span class='ocrx_word' id='word_1_514' title='bbox 1747 3463 1836 3519; x_wconf 83' lang='grc' dir='ltr'>καὶ</span> <span class='ocrx_word' id='word_1_515' title='bbox 1867 3464 1895 3518; x_wconf 84' lang='grc' dir='ltr'>ὁ</span> 
     </span>
    </p>
   </div>
   <div class='ocr_carea' id='block_1_68' title="bbox 2002 3462 3653 3541">
    <p class='ocr_par' dir='ltr' id='par_1_68' title="bbox 2007 3462 3653 3535">
     <span class='ocr_line' id='line_1_68' title="bbox 2007 3462 3653 3535; baseline 0.005 -18"><span class='ocrx_word' id='word_1_516' title='bbox 2007 3462 2098 3517; x_wconf 90' lang='lat' dir='ltr'>bis</span> <span class='ocrx_word' id='word_1_517' title='bbox 2155 3470 2348 3516; x_wconf 88' lang='lat' dir='ltr'>autem</span> <span class='ocrx_word' id='word_1_518' title='bbox 2410 3462 2533 3531; x_wconf 89' lang='lat' dir='ltr'>(nec</span> <span class='ocrx_word' id='word_1_519' title='bbox 2578 3462 2733 3516; x_wconf 90' lang='lat' dir='ltr'>enim</span> <span class='ocrx_word' id='word_1_520' title='bbox 2785 3462 3087 3518; x_wconf 87' lang='lat' dir='ltr'>ferendum</span> <span class='ocrx_word' id='word_1_521' title='bbox 3132 3470 3243 3531; x_wconf 84' lang='lat' dir='ltr'>est,</span> <span class='ocrx_word' id='word_1_522' title='bbox 3295 3483 3421 3535; x_wconf 72' lang='lat' dir='ltr'>nos,</span> <span class='ocrx_word' id='word_1_523' title='bbox 3453 3468 3653 3525; x_wconf 75' lang='lat' dir='ltr'>relicto</span> 
     </span>
    </p>
   </div>
   <div class='ocr_carea' id='block_1_69' title="bbox 250 3553 1895 3631">
    <p class='ocr_par' dir='ltr' id='par_1_69' title="bbox 250 3553 1895 3631">
     <span class='ocr_line' id='line_1_69' title="bbox 250 3553 1895 3631; baseline -0.002 -21"><span class='ocrx_word' id='word_1_524' title='bbox 250 3554 439 3629; x_wconf 83' lang='grc' dir='ltr'>λόγος,</span> <span class='ocrx_word' id='word_1_525' title='bbox 491 3555 658 3609; x_wconf 83' lang='grc' dir='ltr'>εἰπεῖν</span> <span class='ocrx_word' id='word_1_526' title='bbox 706 3576 755 3609; x_wconf 88' lang='grc' dir='ltr'>τι</span> <span class='ocrx_word' id='word_1_527' title='bbox 804 3561 903 3624; x_wconf 84' lang='grc' dir='ltr'>τῆς</span> <span class='ocrx_word' id='word_1_528' title='bbox 947 3553 1153 3610; x_wconf 76' lang='grc' dir='ltr'>ἐκείνου</span> <span class='ocrx_word' id='word_1_529' title='bbox 1196 3553 1602 3631; x_wconf 85' lang='grc' dir='ltr'>μεγαληγορίας</span> <span class='ocrx_word' id='word_1_530' title='bbox 1650 3553 1741 3609; x_wconf 85' lang='grc' dir='ltr'>καὶ</span> <span class='ocrx_word' id='word_1_531' title='bbox 1793 3556 1895 3627; x_wconf 85' lang='grc' dir='ltr'>ψυ-</span> 
     </span>
    </p>
   </div>
   <div class='ocr_carea' id='block_1_70' title="bbox 246 3643 561 3719">
    <p class='ocr_par' dir='ltr' id='par_1_70' title="bbox 246 3643 561 3719">
     <span class='ocr_line' id='line_1_70' title="bbox 246 3643 561 3719; baseline 0.01 -22"><span class='ocrx_word' id='word_1_532' title='bbox 246 3650 357 3719; x_wconf 76' lang='grc' dir='ltr'>χῆς</span> <span class='ocrx_word' id='word_1_533' title='bbox 391 3643 532 3713; x_wconf 76' lang='grc' dir='ltr'>ἄξιον</span> <span class='ocrx_word' id='word_1_534' title='bbox 551 3688 561 3701; x_wconf 93' lang='grc'><strong>.</strong></span> 
     </span>
    </p>
   </div>
   <div class='ocr_carea' id='block_1_71' title="bbox 2004 3550 3650 3627">
    <p class='ocr_par' dir='ltr' id='par_1_71' title="bbox 2004 3550 3650 3627">
     <span class='ocr_line' id='line_1_71' title="bbox 2004 3550 3650 3627; baseline 0.004 -22"><span class='ocrx_word' id='word_1_535' title='bbox 2004 3551 2201 3617; x_wconf 87' lang='lat' dir='ltr'>verbo,</span> <span class='ocrx_word' id='word_1_536' title='bbox 2233 3550 2408 3605; x_wconf 86' lang='lat' dir='ltr'>rebus</span> <span class='ocrx_word' id='word_1_537' title='bbox 2440 3550 2674 3605; x_wconf 87' lang='lat' dir='ltr'>levioris</span> <span class='ocrx_word' id='word_1_538' title='bbox 2705 3552 2988 3607; x_wconf 92' lang='lat' dir='ltr'>momenti</span> <span class='ocrx_word' id='word_1_539' title='bbox 3022 3551 3402 3627; x_wconf 84' lang='lat' dir='ltr'>ministrare),</span> <span class='ocrx_word' id='word_1_540' title='bbox 3437 3557 3509 3611; x_wconf 74' lang='lat' dir='ltr'>ad</span> <span class='ocrx_word' id='word_1_541' title='bbox 3568 3557 3650 3626; x_wconf 89' lang='lat' dir='ltr'>ld,</span> 
     </span>
    </p>
   </div>
   <div class='ocr_carea' id='block_1_72' title="bbox 2004 3638 3652 3711">
    <p class='ocr_par' dir='ltr' id='par_1_72' title="bbox 2004 3638 3652 3711">
     <span class='ocr_line' id='line_1_72' title="bbox 2004 3638 3652 3711; baseline 0.004 -16"><span class='ocrx_word' id='word_1_542' title='bbox 2004 3640 2159 3711; x_wconf 91' lang='lat' dir='ltr'>quod</span> <span class='ocrx_word' id='word_1_543' title='bbox 2192 3639 2429 3694; x_wconf 91' lang='lat' dir='ltr'>laudum</span> <span class='ocrx_word' id='word_1_544' title='bbox 2464 3638 2650 3710; x_wconf 90' lang='lat' dir='ltr'>ipsius</span> <span class='ocrx_word' id='word_1_545' title='bbox 2672 3648 2848 3711; x_wconf 85' lang='lat' dir='ltr'>caput</span> <span class='ocrx_word' id='word_1_546' title='bbox 2867 3646 2975 3710; x_wconf 90' lang='lat' dir='ltr'>est,</span> <span class='ocrx_word' id='word_1_547' title='bbox 2995 3644 3382 3698; x_wconf 90' lang='lat' dir='ltr'>convertenda</span> <span class='ocrx_word' id='word_1_548' title='bbox 3410 3650 3499 3700; x_wconf 71' lang='lat' dir='ltr'>est</span> <span class='ocrx_word' id='word_1_549' title='bbox 3524 3663 3652 3702; x_wconf 84' lang='lat' dir='ltr'>ore.-</span> 
     </span>
    </p>
   </div>
   <div class='ocr_carea' id='block_1_73' title="bbox 240 3729 3649 3807">
    <p class='ocr_par' dir='ltr' id='par_1_73' title="bbox 240 3729 3649 3807">
     <span class='ocr_line' id='line_1_73' title="bbox 240 3729 3649 3807; baseline 0.001 -20"><span class='ocrx_word' id='word_1_550' title='bbox 240 3734 346 3792; x_wconf 88' lang='lat' dir='ltr'>tio.</span> <span class='ocrx_word' id='word_1_551' title='bbox 378 3736 493 3791; x_wconf 91' lang='lat' dir='ltr'>Deo</span> <span class='ocrx_word' id='word_1_552' title='bbox 524 3751 675 3801; x_wconf 87' lang='lat' dir='ltr'>vero,</span> <span class='ocrx_word' id='word_1_553' title='bbox 708 3734 879 3804; x_wconf 90' lang='lat' dir='ltr'>cujus</span> <span class='ocrx_word' id='word_1_554' title='bbox 909 3750 1087 3789; x_wconf 89' lang='lat' dir='ltr'>causa</span> <span class='ocrx_word' id='word_1_555' title='bbox 1116 3733 1272 3788; x_wconf 90' lang='lat' dir='ltr'>hunc</span> <span class='ocrx_word' id='word_1_556' title='bbox 1302 3750 1532 3805; x_wconf 89' lang='lat' dir='ltr'>quoque</span> <span class='ocrx_word' id='word_1_557' title='bbox 1562 3748 1893 3789; x_wconf 89' lang='lat' dir='ltr'>sermonem</span> <span class='ocrx_word' id='word_1_558' title='bbox 1937 3729 2330 3795; x_wconf 89' lang='lat' dir='ltr'>instituimus,</span> <span class='ocrx_word' id='word_1_559' title='bbox 2363 3734 2665 3799; x_wconf 89' lang='lat' dir='ltr'>acceptum</span> <span class='ocrx_word' id='word_1_560' title='bbox 2711 3732 3076 3785; x_wconf 83' lang='lat' dir='ltr'>referendum</span> <span class='ocrx_word' id='word_1_561' title='bbox 3109 3732 3238 3803; x_wconf 90' lang='lat' dir='ltr'>erit,</span> <span class='ocrx_word' id='word_1_562' title='bbox 3272 3733 3319 3788; x_wconf 91' lang='lat' dir='ltr'>si</span> <span class='ocrx_word' id='word_1_563' title='bbox 3351 3735 3649 3807; x_wconf 73' lang='lat' dir='ltr'>quidpiam</span> 
     </span>
    </p>
   </div>
   <div class='ocr_carea' id='block_1_74' title="bbox 239 3818 2476 3894">
    <p class='ocr_par' dir='ltr' id='par_1_74' title="bbox 239 3818 2476 3894">
     <span class='ocr_line' id='line_1_74' title="bbox 239 3818 2476 3894; baseline -0.003 -16"><span class='ocrx_word' id='word_1_564' title='bbox 239 3825 585 3891; x_wconf 84' lang='lat' dir='ltr'>dixerimus,</span> <span class='ocrx_word' id='word_1_565' title='bbox 619 3824 773 3894; x_wconf 88' lang='lat' dir='ltr'>quod</span> <span class='ocrx_word' id='word_1_566' title='bbox 804 3822 964 3877; x_wconf 85' lang='lat' dir='ltr'>illius</span> <span class='ocrx_word' id='word_1_567' title='bbox 995 3822 1515 3893; x_wconf 74' lang='lat' dir='ltr'>grandiloquentiaa</span> <span class='ocrx_word' id='word_1_568' title='bbox 1547 3822 1847 3892; x_wconf 90' lang='lat' dir='ltr'>animique</span> <span class='ocrx_word' id='word_1_569' title='bbox 1874 3819 2077 3876; x_wconf 88' lang='lat' dir='ltr'>virtuti</span> <span class='ocrx_word' id='word_1_570' title='bbox 2109 3818 2476 3889; x_wconf 89' lang='lat' dir='ltr'>respondeat.</span> 
     </span>
    </p>
   </div>
   <div class='ocr_carea' id='block_1_75' title="bbox 316 3906 1890 3983">
    <p class='ocr_par' dir='ltr' id='par_1_75' title="bbox 316 3906 1890 3983">
     <span class='ocr_line' id='line_1_75' title="bbox 316 3906 1890 3983; baseline -0.004 -17"><span class='ocrx_word' id='word_1_571' title='bbox 316 3914 415 3966; x_wconf 90' lang='lat' dir='ltr'>lB&#39;.</span> <span class='ocrx_word' id='word_1_572' title='bbox 464 3912 561 3964; x_wconf 86' lang='grc' dir='ltr'>Ἦν</span> <span class='ocrx_word' id='word_1_573' title='bbox 612 3910 701 3964; x_wconf 84' lang='grc' dir='ltr'>’ὀτε</span> <span class='ocrx_word' id='word_1_574' title='bbox 748 3907 964 3980; x_wconf 70' lang='grc' dir='ltr'>ἤκμαζε</span> <span class='ocrx_word' id='word_1_575' title='bbox 1008 3909 1076 3962; x_wconf 78' lang='grc' dir='ltr'>τὰ</span> <span class='ocrx_word' id='word_1_576' title='bbox 1118 3907 1380 3983; x_wconf 74' lang='grc' dir='ltr'>ἡμέτερα,</span> <span class='ocrx_word' id='word_1_577' title='bbox 1429 3908 1520 3962; x_wconf 84' lang='grc' dir='ltr'>καὶ</span> <span class='ocrx_word' id='word_1_578' title='bbox 1578 3906 1761 3969; x_wconf 81' lang='grc' dir='ltr'>καλῶς</span> <span class='ocrx_word' id='word_1_579' title='bbox 1815 3907 1890 3960; x_wconf 77' lang='grc' dir='ltr'>ιῖ-</span> 
     </span>
    </p>
   </div>
   <div class='ocr_carea' id='block_1_76' title="bbox 240 3994 1892 4073">
    <p class='ocr_par' dir='ltr' id='par_1_76' title="bbox 240 3994 1892 4073">
     <span class='ocr_line' id='line_1_76' title="bbox 240 3994 1892 4073; baseline -0.001 -22"><span class='ocrx_word' id='word_1_580' title='bbox 240 4017 360 4073; x_wconf 77' lang='grc' dir='ltr'>χιν,</span> <span class='ocrx_word' id='word_1_581' title='bbox 407 3997 568 4066; x_wconf 78' lang='grc' dir='ltr'>ἡνίκα</span> <span class='ocrx_word' id='word_1_582' title='bbox 614 3998 675 4051; x_wconf 81' lang='grc' dir='ltr'>τὸ</span> <span class='ocrx_word' id='word_1_583' title='bbox 729 3998 821 4069; x_wconf 75' lang='grc' dir='ltr'>μὶν</span> <span class='ocrx_word' id='word_1_584' title='bbox 872 3996 1120 4065; x_wconf 82' lang='grc' dir='ltr'>περιττὸν</span> <span class='ocrx_word' id='word_1_585' title='bbox 1183 3999 1368 4068; x_wconf 75' lang='grc' dir='ltr'>τοῦτο,</span> <span class='ocrx_word' id='word_1_586' title='bbox 1420 3994 1512 4049; x_wconf 85' lang='grc' dir='ltr'>καὶ</span> <span class='ocrx_word' id='word_1_587' title='bbox 1573 3995 1892 4069; x_wconf 90' lang='grc' dir='ltr'>κατεγλωτ-</span> 
     </span>
    </p>
   </div>
   <div class='ocr_carea' id='block_1_77' title="bbox 238 4080 1890 4160">
    <p class='ocr_par' dir='ltr' id='par_1_77' title="bbox 238 4080 1890 4160">
     <span class='ocr_line' id='line_1_77' title="bbox 238 4080 1890 4160; baseline -0.002 -20"><span class='ocrx_word' id='word_1_588' title='bbox 238 4087 495 4157; x_wconf 81' lang='grc' dir='ltr'>τισμένον</span> <span class='ocrx_word' id='word_1_589' title='bbox 544 4092 643 4154; x_wconf 82' lang='grc' dir='ltr'>τῆς</span> <span class='ocrx_word' id='word_1_590' title='bbox 694 4081 975 4160; x_wconf 83' lang='grc' dir='ltr'>θεολογίας</span> <span class='ocrx_word' id='word_1_591' title='bbox 1026 4083 1116 4138; x_wconf 86' lang='grc' dir='ltr'>καὶ</span> <span class='ocrx_word' id='word_1_592' title='bbox 1160 4080 1431 4159; x_wconf 68' lang='grc' dir='ltr'>ἔντεχνον,</span> <span class='ocrx_word' id='word_1_593' title='bbox 1485 4081 1610 4139; x_wconf 76' lang='grc' dir='ltr'>οὐδὲ</span> <span class='ocrx_word' id='word_1_594' title='bbox 1653 4081 1890 4160; x_wconf 85' lang='grc' dir='ltr'>πάροδον</span> 
     </span>
    </p>
   </div>
   <div class='ocr_carea' id='block_1_78' title="bbox 2071 3906 3651 3979">
    <p class='ocr_par' dir='ltr' id='par_1_78' title="bbox 2071 3906 3651 3979">
     <span class='ocr_line' id='line_1_78' title="bbox 2071 3906 3651 3979; baseline 0.004 -18"><span class='ocrx_word' id='word_1_595' title='bbox 2071 3907 2226 3961; x_wconf 76' lang='lat'>393</span> <span class='ocrx_word' id='word_1_596' title='bbox 2255 3906 2371 3960; x_wconf 88' lang='lat' dir='ltr'>XII.</span> <span class='ocrx_word' id='word_1_597' title='bbox 2412 3906 2538 3960; x_wconf 87' lang='lat' dir='ltr'>Fuit</span> <span class='ocrx_word' id='word_1_598' title='bbox 2569 3907 2863 3976; x_wconf 90' lang='lat' dir='ltr'>quondam</span> <span class='ocrx_word' id='word_1_599' title='bbox 2915 3913 3169 3979; x_wconf 78' lang='lat' dir='ltr'>tempus,</span> <span class='ocrx_word' id='word_1_600' title='bbox 3218 3926 3347 3965; x_wconf 89' lang='lat' dir='ltr'>cum</span> <span class='ocrx_word' id='word_1_601' title='bbox 3402 3926 3495 3966; x_wconf 88' lang='lat' dir='ltr'>res</span> <span class='ocrx_word' id='word_1_602' title='bbox 3548 3928 3651 3968; x_wconf 91' lang='lat' dir='ltr'>no-</span> 
     </span>
    </p>
   </div>
   <div class='ocr_carea' id='block_1_79' title="bbox 2000 3992 3653 4066">
    <p class='ocr_par' dir='ltr' id='par_1_79' title="bbox 2000 3992 3653 4066">
     <span class='ocr_line' id='line_1_79' title="bbox 2000 3992 3653 4066; baseline 0.004 -17"><span class='ocrx_word' id='word_1_603' title='bbox 2000 4002 2135 4052; x_wconf 74' lang='lat' dir='ltr'>strae</span> <span class='ocrx_word' id='word_1_604' title='bbox 2167 3995 2460 4060; x_wconf 89' lang='lat' dir='ltr'>ﬂorerent,</span> <span class='ocrx_word' id='word_1_605' title='bbox 2484 4010 2549 4048; x_wconf 89' lang='lat' dir='ltr'>ac</span> <span class='ocrx_word' id='word_1_606' title='bbox 2582 3992 2852 4065; x_wconf 76' lang='lat' dir='ltr'>praeclare</span> <span class='ocrx_word' id='word_1_607' title='bbox 2882 4012 2944 4051; x_wconf 92' lang='lat' dir='ltr'>se</span> <span class='ocrx_word' id='word_1_608' title='bbox 2977 3996 3279 4066; x_wconf 89' lang='lat' dir='ltr'>haberent,</span> <span class='ocrx_word' id='word_1_609' title='bbox 3306 4014 3441 4054; x_wconf 91' lang='lat' dir='ltr'>cum</span> <span class='ocrx_word' id='word_1_610' title='bbox 3474 4000 3653 4055; x_wconf 89' lang='lat' dir='ltr'>nimi-</span> 
     </span>
    </p>
   </div>
   <div class='ocr_carea' id='block_1_80' title="bbox 2002 4081 3650 4160">
    <p class='ocr_par' dir='ltr' id='par_1_80' title="bbox 2002 4081 3650 4160">
     <span class='ocr_line' id='line_1_80' title="bbox 2002 4081 3650 4160; baseline 0.002 -20"><span class='ocrx_word' id='word_1_611' title='bbox 2002 4100 2133 4140; x_wconf 93' lang='lat' dir='ltr'>rum</span> <span class='ocrx_word' id='word_1_612' title='bbox 2166 4081 2465 4153; x_wconf 87' lang='lat' dir='ltr'>superﬂua</span> <span class='ocrx_word' id='word_1_613' title='bbox 2495 4081 2637 4144; x_wconf 71' lang='lat' dir='ltr'>hzec,</span> <span class='ocrx_word' id='word_1_614' title='bbox 2666 4086 2723 4136; x_wconf 88' lang='lat' dir='ltr'>et</span> <span class='ocrx_word' id='word_1_615' title='bbox 2752 4084 3059 4139; x_wconf 90' lang='lat' dir='ltr'>verborum</span> <span class='ocrx_word' id='word_1_616' title='bbox 3092 4084 3289 4158; x_wconf 90' lang='lat' dir='ltr'>lepore</span> <span class='ocrx_word' id='word_1_617' title='bbox 3318 4092 3494 4160; x_wconf 90' lang='lat' dir='ltr'>atque</span> <span class='ocrx_word' id='word_1_618' title='bbox 3527 4093 3650 4145; x_wconf 83' lang='lat' dir='ltr'>arte</span> 
     </span>
    </p>
   </div>
   <div class='ocr_carea' id='block_1_81' title="bbox 246 4170 1909 4250">
    <p class='ocr_par' dir='ltr' id='par_1_81' title="bbox 246 4170 1895 4250">
     <span class='ocr_line' id='line_1_81' title="bbox 246 4170 1895 4250; baseline 0 -23"><span class='ocrx_word' id='word_1_619' title='bbox 246 4174 393 4248; x_wconf 75' lang='grc' dir='ltr'>εἶχεν</span> <span class='ocrx_word' id='word_1_620' title='bbox 424 4174 499 4235; x_wconf 78' lang='grc' dir='ltr'>εἷς</span> <span class='ocrx_word' id='word_1_621' title='bbox 542 4178 638 4236; x_wconf 81' lang='grc' dir='ltr'>τας</span> <span class='ocrx_word' id='word_1_622' title='bbox 690 4174 833 4237; x_wconf 83' lang='grc' dir='ltr'>θείας</span> <span class='ocrx_word' id='word_1_623' title='bbox 881 4170 1072 4243; x_wconf 79' lang='grc' dir='ltr'>αὐλὰς,</span> <span class='ocrx_word' id='word_1_624' title='bbox 1109 4170 1255 4227; x_wconf 76' lang='grc' dir='ltr'>ἀλλὰ</span> <span class='ocrx_word' id='word_1_625' title='bbox 1280 4174 1471 4228; x_wconf 85' lang='grc' dir='ltr'>ταυτὸν</span> <span class='ocrx_word' id='word_1_626' title='bbox 1503 4173 1570 4242; x_wconf 83' lang='grc' dir='ltr'>ἦν</span> <span class='ocrx_word' id='word_1_627' title='bbox 1603 4175 1807 4250; x_wconf 75' lang='grc' dir='ltr'>ψήφοις</span> <span class='ocrx_word' id='word_1_628' title='bbox 1836 4192 1895 4227; x_wconf 76' lang='grc' dir='ltr'>τε</span> 
     </span>
    </p>
   </div>
   <div class='ocr_carea' id='block_1_82' title="bbox 2002 4170 3651 4250">
    <p class='ocr_par' dir='ltr' id='par_1_82' title="bbox 2004 4170 3651 4243">
     <span class='ocr_line' id='line_1_82' title="bbox 2004 4170 3651 4243; baseline 0.004 -15"><span class='ocrx_word' id='word_1_629' title='bbox 2004 4175 2199 4228; x_wconf 90' lang='lat' dir='ltr'>fucata</span> <span class='ocrx_word' id='word_1_630' title='bbox 2226 4171 2540 4225; x_wconf 71' lang='lat' dir='ltr'>tractandae</span> <span class='ocrx_word' id='word_1_631' title='bbox 2560 4170 2860 4243; x_wconf 61' lang='lat' dir='ltr'>theologia)</span> <span class='ocrx_word' id='word_1_632' title='bbox 2893 4173 3062 4241; x_wconf 90' lang='lat' dir='ltr'>ratio,</span> <span class='ocrx_word' id='word_1_633' title='bbox 3087 4176 3158 4229; x_wconf 89' lang='lat' dir='ltr'>ad</span> <span class='ocrx_word' id='word_1_634' title='bbox 3190 4175 3418 4231; x_wconf 87' lang='lat' dir='ltr'>divinas</span> <span class='ocrx_word' id='word_1_635' title='bbox 3449 4177 3651 4235; x_wconf 87' lang='lat' dir='ltr'>caulas</span> 
     </span>
    </p>
   </div>
   <div class='ocr_carea' id='block_1_83' title="bbox 244 4257 1893 4337">
    <p class='ocr_par' dir='ltr' id='par_1_83' title="bbox 244 4257 1893 4337">
     <span class='ocr_line' id='line_1_83' title="bbox 244 4257 1893 4337; baseline -0.001 -21"><span class='ocrx_word' id='word_1_636' title='bbox 244 4262 482 4331; x_wconf 80' lang='grc' dir='ltr'>παίζειν,</span> <span class='ocrx_word' id='word_1_637' title='bbox 512 4263 611 4330; x_wconf 79' lang='grc' dir='ltr'>τήν</span> <span class='ocrx_word' id='word_1_638' title='bbox 642 4257 763 4335; x_wconf 74' lang='grc' dir='ltr'>ὄψιν</span> <span class='ocrx_word' id='word_1_639' title='bbox 795 4260 1155 4323; x_wconf 81' lang='grc' dir='ltr'>κλεπτούσαις</span> <span class='ocrx_word' id='word_1_640' title='bbox 1195 4259 1275 4333; x_wconf 80' lang='grc' dir='ltr'>τῷ</span> <span class='ocrx_word' id='word_1_641' title='bbox 1317 4260 1474 4337; x_wconf 78' lang='grc' dir='ltr'>τάχει</span> <span class='ocrx_word' id='word_1_642' title='bbox 1519 4268 1620 4331; x_wconf 79' lang='grc' dir='ltr'>τῆς</span> <span class='ocrx_word' id='word_1_643' title='bbox 1675 4260 1893 4335; x_wconf 75' lang='grc' dir='ltr'>μεταθέ-</span> 
     </span>
    </p>
   </div>
   <div class='ocr_carea' id='block_1_84' title="bbox 2007 4258 3652 4329">
    <p class='ocr_par' dir='ltr' id='par_1_84' title="bbox 2007 4258 3652 4329">
     <span class='ocr_line' id='line_1_84' title="bbox 2007 4258 3652 4329; baseline 0.003 -12"><span class='ocrx_word' id='word_1_644' title='bbox 2007 4279 2077 4317; x_wconf 90' lang='lat' dir='ltr'>ne</span> <span class='ocrx_word' id='word_1_645' title='bbox 2110 4259 2333 4316; x_wconf 89' lang='lat' dir='ltr'>aditum</span> <span class='ocrx_word' id='word_1_646' title='bbox 2366 4258 2603 4329; x_wconf 90' lang='lat' dir='ltr'>quidem</span> <span class='ocrx_word' id='word_1_647' title='bbox 2637 4259 2924 4315; x_wconf 90' lang='lat' dir='ltr'>habebat:</span> <span class='ocrx_word' id='word_1_648' title='bbox 2959 4279 3160 4319; x_wconf 86' lang='lat' dir='ltr'>verum</span> <span class='ocrx_word' id='word_1_649' title='bbox 3194 4264 3349 4320; x_wconf 92' lang='lat' dir='ltr'>idem</span> <span class='ocrx_word' id='word_1_650' title='bbox 3381 4271 3505 4321; x_wconf 88' lang='lat' dir='ltr'>erat</span> <span class='ocrx_word' id='word_1_651' title='bbox 3535 4266 3652 4322; x_wconf 88' lang='lat' dir='ltr'>cal-</span> 
     </span>
    </p>
   </div>
   <div class='ocr_carea' id='block_1_85' title="bbox 243 4347 1909 4425">
    <p class='ocr_par' dir='ltr' id='par_1_85' title="bbox 243 4348 1897 4425">
     <span class='ocr_line' id='line_1_85' title="bbox 243 4348 1897 4425; baseline -0.001 -21"><span class='ocrx_word' id='word_1_652' title='bbox 243 4370 403 4419; x_wconf 83' lang='grc' dir='ltr'>σεως,</span> <span class='ocrx_word' id='word_1_653' title='bbox 480 4350 515 4418; x_wconf 78' lang='grc' dir='ltr'><strong>ἢ</strong></span> <span class='ocrx_word' id='word_1_654' title='bbox 592 4352 973 4425; x_wconf 79' lang='grc' dir='ltr'>κατορχεῖσθαι</span> <span class='ocrx_word' id='word_1_655' title='bbox 1050 4354 1156 4405; x_wconf 78' lang='grc' dir='ltr'>τῶν</span> <span class='ocrx_word' id='word_1_656' title='bbox 1233 4351 1433 4405; x_wconf 75' lang='grc' dir='ltr'>θεατῶν</span> <span class='ocrx_word' id='word_1_657' title='bbox 1478 4351 1750 4412; x_wconf 84' lang='grc' dir='ltr'>παντοίοις</span> <span class='ocrx_word' id='word_1_658' title='bbox 1806 4348 1897 4405; x_wconf 80' lang='grc' dir='ltr'>καί</span> 
     </span>
    </p>
   </div>
   <div class='ocr_carea' id='block_1_86' title="bbox 2002 4347 3651 4425">
    <p class='ocr_par' dir='ltr' id='par_1_86' title="bbox 2006 4347 3651 4417">
     <span class='ocr_line' id='line_1_86' title="bbox 2006 4347 3651 4417; baseline 0.004 -12"><span class='ocrx_word' id='word_1_659' title='bbox 2006 4349 2153 4405; x_wconf 88' lang='lat' dir='ltr'>culis</span> <span class='ocrx_word' id='word_1_660' title='bbox 2185 4347 2404 4417; x_wconf 88' lang='lat' dir='ltr'>ludere,</span> <span class='ocrx_word' id='word_1_661' title='bbox 2438 4347 2787 4403; x_wconf 89' lang='lat' dir='ltr'>inversionis</span> <span class='ocrx_word' id='word_1_662' title='bbox 2826 4350 3119 4406; x_wconf 87' lang='lat' dir='ltr'>celeritate</span> <span class='ocrx_word' id='word_1_663' title='bbox 3149 4352 3448 4409; x_wconf 90' lang='lat' dir='ltr'>oculorum</span> <span class='ocrx_word' id='word_1_664' title='bbox 3481 4357 3651 4411; x_wconf 84' lang='lat' dir='ltr'>obtu-</span> 
     </span>
    </p>
   </div>
   <div class='ocr_carea' id='block_1_87' title="bbox 242 4433 1909 4514">
    <p class='ocr_par' dir='ltr' id='par_1_87' title="bbox 242 4433 1887 4514">
     <span class='ocr_line' id='line_1_87' title="bbox 242 4433 1887 4514; baseline 0.001 -25"><span class='ocrx_word' id='word_1_665' title='bbox 242 4433 593 4512; x_wconf 71' lang='grc' dir='ltr'>ἀνδρογύνοις</span> <span class='ocrx_word' id='word_1_666' title='bbox 636 4436 949 4511; x_wconf 75' lang='grc' dir='ltr'>λυγίσμασι,</span> <span class='ocrx_word' id='word_1_667' title='bbox 999 4438 1088 4491; x_wconf 80' lang='grc' dir='ltr'>καὶ</span> <span class='ocrx_word' id='word_1_668' title='bbox 1135 4439 1259 4513; x_wconf 79' lang='grc' dir='ltr'>περὶ</span> <span class='ocrx_word' id='word_1_669' title='bbox 1307 4443 1441 4493; x_wconf 76' lang='grc' dir='ltr'>Θεοῦ</span> <span class='ocrx_word' id='word_1_670' title='bbox 1484 4436 1656 4514; x_wconf 85' lang='grc' dir='ltr'>λέγειν</span> <span class='ocrx_word' id='word_1_671' title='bbox 1688 4460 1739 4493; x_wconf 90' lang='grc' dir='ltr'>τι</span> <span class='ocrx_word' id='word_1_672' title='bbox 1797 4437 1887 4492; x_wconf 79' lang='grc' dir='ltr'>καὶ</span> 
     </span>
    </p>
   </div>
   <div class='ocr_carea' id='block_1_88' title="bbox 2002 4433 3650 4514">
    <p class='ocr_par' dir='ltr' id='par_1_88' title="bbox 2002 4436 3650 4514">
     <span class='ocr_line' id='line_1_88' title="bbox 2002 4436 3650 4514; baseline 0.004 -21"><span class='ocrx_word' id='word_1_673' title='bbox 2002 4445 2123 4493; x_wconf 90' lang='lat' dir='ltr'>tum</span> <span class='ocrx_word' id='word_1_674' title='bbox 2158 4436 2516 4504; x_wconf 88' lang='lat' dir='ltr'>fallentibus,</span> <span class='ocrx_word' id='word_1_675' title='bbox 2544 4441 2645 4491; x_wconf 86' lang='lat' dir='ltr'>aut</span> <span class='ocrx_word' id='word_1_676' title='bbox 2674 4438 3005 4509; x_wconf 88' lang='lat' dir='ltr'>omnigenis</span> <span class='ocrx_word' id='word_1_677' title='bbox 3034 4445 3091 4495; x_wconf 91' lang='lat' dir='ltr'>et</span> <span class='ocrx_word' id='word_1_678' title='bbox 3121 4440 3354 4497; x_wconf 86' lang='lat' dir='ltr'>lascivis</span> <span class='ocrx_word' id='word_1_679' title='bbox 3385 4445 3650 4514; x_wconf 88' lang='lat' dir='ltr'>corporis</span> 
     </span>
    </p>
   </div>
   <div class='ocr_carea' id='block_1_89' title="bbox 238 4514 1909 4603">
    <p class='ocr_par' dir='ltr' id='par_1_89' title="bbox 238 4524 1887 4601">
     <span class='ocr_line' id='line_1_89' title="bbox 238 4524 1887 4601; baseline 0.002 -24"><span class='ocrx_word' id='word_1_680' title='bbox 238 4524 455 4579; x_wconf 77' lang='grc' dir='ltr'>ἀκούειν</span> <span class='ocrx_word' id='word_1_681' title='bbox 515 4524 823 4600; x_wconf 82' lang='grc' dir='ltr'>καινότερον</span> <span class='ocrx_word' id='word_1_682' title='bbox 855 4525 943 4579; x_wconf 88' lang='grc' dir='ltr'>καὶ</span> <span class='ocrx_word' id='word_1_683' title='bbox 992 4528 1106 4599; x_wconf 88' lang='grc'>(81)</span> <span class='ocrx_word' id='word_1_684' title='bbox 1137 4525 1420 4601; x_wconf 77' lang='grc' dir='ltr'>περίεργον</span> <span class='ocrx_word' id='word_1_685' title='bbox 1448 4547 1459 4559; x_wconf 91' lang='grc'><strong>·</strong></span> <span class='ocrx_word' id='word_1_686' title='bbox 1492 4529 1554 4583; x_wconf 90' lang='grc' dir='ltr'>τὸ</span> <span class='ocrx_word' id='word_1_687' title='bbox 1584 4525 1643 4583; x_wconf 76' lang='grc' dir='ltr'>δὶ</span> <span class='ocrx_word' id='word_1_688' title='bbox 1679 4525 1887 4582; x_wconf 76' lang='grc' dir='ltr'>ἁπλοῦν</span> 
     </span>
    </p>
   </div>
   <div class='ocr_carea' id='block_1_90' title="bbox 2002 4514 3649 4603">
    <p class='ocr_par' dir='ltr' id='par_1_90' title="bbox 2002 4524 3649 4603">
     <span class='ocr_line' id='line_1_90' title="bbox 2002 4524 3649 4603; baseline 0.004 -21"><span class='ocrx_word' id='word_1_689' title='bbox 2002 4527 2245 4583; x_wconf 84' lang='lat' dir='ltr'>ﬂexibus</span> <span class='ocrx_word' id='word_1_690' title='bbox 2277 4528 2632 4597; x_wconf 85' lang='lat' dir='ltr'>spectatores</span> <span class='ocrx_word' id='word_1_691' title='bbox 2663 4524 2971 4599; x_wconf 81' lang='lat' dir='ltr'>ludiﬁcari,</span> <span class='ocrx_word' id='word_1_692' title='bbox 2994 4530 3149 4599; x_wconf 93' lang='lat' dir='ltr'>quod</span> <span class='ocrx_word' id='word_1_693' title='bbox 3183 4531 3313 4586; x_wconf 93' lang='lat' dir='ltr'>novi</span> <span class='ocrx_word' id='word_1_694' title='bbox 3345 4531 3649 4603; x_wconf 88' lang='lat' dir='ltr'>quidpiam</span> 
     </span>
    </p>
   </div>
   <div class='ocr_carea' id='block_1_91' title="bbox 313 4625 1423 4693">
    <p class='ocr_par' dir='ltr' id='par_1_91' title="bbox 313 4625 1423 4693">
     <span class='ocr_line' id='line_1_91' title="bbox 313 4625 1423 4693; baseline 0.002 -13"><span class='ocrx_word' id='word_1_695' title='bbox 313 4625 357 4660; x_wconf 79' lang='grc'>⁴⁸</span> <span class='ocrx_word' id='word_1_696' title='bbox 390 4627 409 4680; x_wconf 94' lang='lat' dir='ltr'>l</span> <span class='ocrx_word' id='word_1_697' title='bbox 441 4625 571 4681; x_wconf 88' lang='lat' dir='ltr'>Cor.</span> <span class='ocrx_word' id='word_1_698' title='bbox 600 4643 681 4693; x_wconf 84' lang='lat' dir='ltr'>1x,</span> <span class='ocrx_word' id='word_1_699' title='bbox 709 4627 799 4681; x_wconf 82' lang='lat'>22.</span> <span class='ocrx_word' id='word_1_700' title='bbox 875 4626 945 4661; x_wconf 67' lang='lat'>‘3&#39;</span> <span class='ocrx_word' id='word_1_701' title='bbox 976 4627 1024 4681; x_wconf 94' lang='lat' dir='ltr'>II</span> <span class='ocrx_word' id='word_1_702' title='bbox 1055 4626 1183 4682; x_wconf 87' lang='lat' dir='ltr'>Cor.</span> <span class='ocrx_word' id='word_1_703' title='bbox 1216 4644 1300 4693; x_wconf 81' lang='grc' dir='ltr'>ιιι,</span> <span class='ocrx_word' id='word_1_704' title='bbox 1337 4628 1423 4682; x_wconf 93' lang='grc'>10.</span> 
     </span>
    </p>
   </div>
   <div class='ocr_carea' id='block_1_92' title="bbox 331 4724 1640 4796">
    <p class='ocr_par' dir='ltr' id='par_1_92' title="bbox 331 4724 1640 4796">
     <span class='ocr_line' id='line_1_92' title="bbox 331 4724 1640 4796; baseline 0.005 -20"><span class='ocrx_word' id='word_1_705' title='bbox 331 4724 421 4794; x_wconf 85' lang='grc'>70)</span> <span class='ocrx_word' id='word_1_706' title='bbox 452 4727 537 4777; x_wconf 69' lang='lat' dir='ltr'>Te.</span> <span class='ocrx_word' id='word_1_707' title='bbox 558 4729 751 4796; x_wconf 70' lang='lat' dir='ltr'>Deest</span> <span class='ocrx_word' id='word_1_708' title='bbox 776 4725 835 4779; x_wconf 92' lang='lat' dir='ltr'>in</span> <span class='ocrx_word' id='word_1_709' title='bbox 868 4725 1127 4796; x_wconf 85' lang='lat' dir='ltr'>quinque</span> <span class='ocrx_word' id='word_1_710' title='bbox 1157 4725 1336 4796; x_wconf 84' lang='lat' dir='ltr'>Regg.</span> <span class='ocrx_word' id='word_1_711' title='bbox 1370 4730 1428 4781; x_wconf 90' lang='lat' dir='ltr'>et</span> <span class='ocrx_word' id='word_1_712' title='bbox 1457 4726 1552 4782; x_wconf 93' lang='lat' dir='ltr'>Or.</span> <span class='ocrx_word' id='word_1_713' title='bbox 1588 4729 1640 4782; x_wconf 91' lang='grc'>1.</span> 
     </span>
    </p>
   </div>
   <div class='ocr_carea' id='block_1_93' title="bbox 265 4741 1892 4877">
    <p class='ocr_par' dir='ltr' id='par_1_93' title="bbox 265 4741 1892 4877">
     <span class='ocr_line' id='line_1_93' title="bbox 342 4741 1640 4796; baseline 0.005 -20"><span class='ocrx_word' id='word_1_714' title='bbox 342 4741 421 4794; x_wconf 77' lang='grc' dir='ltr'>ιυ)</span> <span class='ocrx_word' id='word_1_715' title='bbox 460 4741 537 4777; x_wconf 63' lang='grc' dir='ltr'>ιἐ.</span> <span class='ocrx_word' id='word_1_716' title='bbox 572 4741 739 4779; x_wconf 74' lang='grc' dir='ltr'>υθθει</span> <span class='ocrx_word' id='word_1_717' title='bbox 776 4741 835 4779; x_wconf 87' lang='lat' dir='ltr'>1n</span> <span class='ocrx_word' id='word_1_718' title='bbox 908 4741 1008 4780; x_wconf 80' lang='lat' dir='ltr'>uin</span> <span class='ocrx_word' id='word_1_719' title='bbox 1058 4741 1127 4780; x_wconf 89' lang='lat' dir='ltr'>ue</span> <span class='ocrx_word' id='word_1_720' title='bbox 1157 4741 1336 4796; x_wconf 76' lang='lat' dir='ltr'>negg.</span> <span class='ocrx_word' id='word_1_721' title='bbox 1370 4741 1428 4781; x_wconf 82' lang='lat' dir='ltr'>et</span> <span class='ocrx_word' id='word_1_722' title='bbox 1457 4741 1552 4782; x_wconf 87' lang='lat' dir='ltr'>ur.</span> <span class='ocrx_word' id='word_1_723' title='bbox 1588 4741 1640 4782; x_wconf 84' lang='lat'>1.</span> 
     </span>
     <span class='ocr_line' id='line_1_94' title="bbox 265 4741 1892 4877; baseline 0.006 -31"><span class='ocrx_word' id='word_1_724' title='bbox 265 4741 701 4877; x_wconf 33' lang='lat' dir='ltr'>hi71)_‘l]po&#39;:_1b</span> <span class='ocrx_word' id='word_1_725' title='bbox 735 4741 996 4877; x_wconf 58' lang='grc' dir='ltr'>ὐπερὲχον</span> <span class='ocrx_word' id='word_1_726' title='bbox 1014 4741 1366 4877; x_wconf 46' lang='grc' dir='ltr'>ίδνςτιτυπίαν.</span> <span class='ocrx_word' id='word_1_727' title='bbox 1404 4820 1432 4877; x_wconf 51' lang='grc' dir='ltr'>ς</span> <span class='ocrx_word' id='word_1_728' title='bbox 1463 4798 1537 4853; x_wconf 82' lang='lat' dir='ltr'>Ut</span> <span class='ocrx_word' id='word_1_729' title='bbox 1568 4800 1892 4877; x_wconf 35' lang='lat' dir='ltr'>elatisnres—</span> 
     </span>
    </p>
   </div>
   <div class='ocr_carea' id='block_1_94' title="bbox 235 4869 1890 4941">
    <p class='ocr_par' dir='ltr' id='par_1_94' title="bbox 235 4869 1890 4941">
     <span class='ocr_line' id='line_1_95' title="bbox 235 4869 1890 4941; baseline 0.004 -22"><span class='ocrx_word' id='word_1_730' title='bbox 235 4869 542 4941; x_wconf 84' lang='lat' dir='ltr'>t_itue_rit,_»</span> <span class='ocrx_word' id='word_1_731' title='bbox 576 4869 632 4921; x_wconf 92' lang='lat' dir='ltr'>id</span> <span class='ocrx_word' id='word_1_732' title='bbox 661 4874 790 4941; x_wconf 10' lang='lat' dir='ltr'>gest,</span> <span class='ocrx_word' id='word_1_733' title='bbox 820 4869 847 4918; x_wconf 66' lang='grc' dir='ltr'><strong>ά</strong></span> <span class='ocrx_word' id='word_1_734' title='bbox 882 4869 1376 4941; x_wconf 72' lang='lat' dir='ltr'>Praecellentibus,</span> <span class='ocrx_word' id='word_1_735' title='bbox 1409 4870 1890 4941; x_wconf 86' lang='lat' dir='ltr'>Imperatoribus,</span> 
     </span>
    </p>
   </div>
   <div class='ocr_carea' id='block_1_95' title="bbox 240 4938 1892 5011">
    <p class='ocr_par' dir='ltr' id='par_1_95' title="bbox 240 4938 1892 5011">
     <span class='ocr_line' id='line_1_96' title="bbox 240 4938 1892 5011; baseline 0.005 -21"><span class='ocrx_word' id='word_1_736' title='bbox 240 4938 557 5011; x_wconf 60' lang='lat' dir='ltr'>Ergefectis,</span> <span class='ocrx_word' id='word_1_737' title='bbox 620 4939 850 5009; x_wconf 82' lang='lat' dir='ltr'>pietatis</span> <span class='ocrx_word' id='word_1_738' title='bbox 907 4957 975 4997; x_wconf 87' lang='lat' dir='ltr'>ac</span> <span class='ocrx_word' id='word_1_739' title='bbox 1032 4940 1167 4996; x_wconf 85' lang='lat' dir='ltr'>ﬁdei</span> <span class='ocrx_word' id='word_1_740' title='bbox 1224 4938 1520 5009; x_wconf 71' lang='lat' dir='ltr'>hostibus,</span> <span class='ocrx_word' id='word_1_741' title='bbox 1575 4942 1892 5011; x_wconf 68' lang='lat' dir='ltr'>Haareticis,</span> 
     </span>
    </p>
   </div>
   <div class='ocr_carea' id='block_1_96' title="bbox 237 5008 730 5073">
    <p class='ocr_par' dir='ltr' id='par_1_96' title="bbox 237 5008 730 5073">
     <span class='ocr_line' id='line_1_97' title="bbox 237 5008 730 5073; baseline 0 -10"><span class='ocrx_word' id='word_1_742' title='bbox 237 5008 533 5073; x_wconf 88' lang='lat' dir='ltr'>Ethnicis,</span> <span class='ocrx_word' id='word_1_743' title='bbox 566 5008 674 5065; x_wconf 84' lang='lat' dir='ltr'>etc.</span> <span class='ocrx_word' id='word_1_744' title='bbox 702 5032 730 5058; x_wconf 82' lang='lat'><strong>»</strong></span> 
     </span>
    </p>
   </div>
   <div class='ocr_carea' id='block_1_97' title="bbox 318 5080 1891 5154">
    <p class='ocr_par' dir='ltr' id='par_1_97' title="bbox 318 5080 1891 5154">
     <span class='ocr_line' id='line_1_98' title="bbox 318 5080 1891 5154; baseline 0.007 -23"><span class='ocrx_word' id='word_1_745' title='bbox 318 5081 431 5153; x_wconf 78' lang='grc'>(72)</span> <span class='ocrx_word' id='word_1_746' title='bbox 458 5080 557 5154; x_wconf 84' lang='grc' dir='ltr'>Τὸν</span> <span class='ocrx_word' id='word_1_747' title='bbox 586 5081 888 5154; x_wconf 75' lang='grc' dir='ltr'>πτερωτήν.</span> <span class='ocrx_word' id='word_1_748' title='bbox 922 5105 949 5131; x_wconf 90' lang='grc'><em>‹‹</em></span> <span class='ocrx_word' id='word_1_749' title='bbox 983 5081 1117 5137; x_wconf 80' lang='lat' dir='ltr'>Ales</span> <span class='ocrx_word' id='word_1_750' title='bbox 1150 5083 1484 5151; x_wconf 88' lang='lat' dir='ltr'>addentem,</span> <span class='ocrx_word' id='word_1_751' title='bbox 1520 5083 1759 5140; x_wconf 87' lang='lat' dir='ltr'>sublimi</span> <span class='ocrx_word' id='word_1_752' title='bbox 1790 5102 1891 5141; x_wconf 86' lang='lat' dir='ltr'>vo—</span> 
     </span>
    </p>
   </div>
   <div class='ocr_carea' id='block_1_98' title="bbox 238 5149 825 5207">
    <p class='ocr_par' dir='ltr' id='par_1_98' title="bbox 238 5149 825 5207">
     <span class='ocr_line' id='line_1_99' title="bbox 238 5149 825 5207; baseline -0.005 -2"><span class='ocrx_word' id='word_1_753' title='bbox 238 5149 368 5205; x_wconf 85' lang='lat' dir='ltr'>latu</span> <span class='ocrx_word' id='word_1_754' title='bbox 401 5149 767 5207; x_wconf 82' lang='lat' dir='ltr'>excitantem.</span> <span class='ocrx_word' id='word_1_755' title='bbox 797 5174 825 5203; x_wconf 74' lang='lat' dir='ltr'>n</span> 
     </span>
    </p>
   </div>
   <div class='ocr_carea' id='block_1_99' title="bbox 337 5220 1225 5294">
    <p class='ocr_par' dir='ltr' id='par_1_99' title="bbox 337 5220 1225 5294">
     <span class='ocr_line' id='line_1_100' title="bbox 337 5220 1225 5294; baseline 0.005 -20"><span class='ocrx_word' id='word_1_756' title='bbox 337 5223 427 5294; x_wconf 88' lang='grc'>73)</span> <span class='ocrx_word' id='word_1_757' title='bbox 460 5221 775 5294; x_wconf 78' lang='grc' dir='ltr'>Εὐθυμίαις.</span> <span class='ocrx_word' id='word_1_758' title='bbox 807 5224 951 5287; x_wconf 87' lang='lat' dir='ltr'>Jes.,</span> <span class='ocrx_word' id='word_1_759' title='bbox 982 5220 1225 5294; x_wconf 79' lang='grc' dir='ltr'>εὐθυμίᾳ.</span> 
     </span>
    </p>
   </div>
   <div class='ocr_carea' id='block_1_100' title="bbox 310 5294 1892 5376">
    <p class='ocr_par' dir='ltr' id='par_1_100' title="bbox 310 5294 1892 5376">
     <span class='ocr_line' id='line_1_101' title="bbox 310 5294 1892 5376; baseline 0.005 -29"><span class='ocrx_word' id='word_1_760' title='bbox 310 5294 565 5376; x_wconf 52' lang='lat' dir='ltr'>_(7fi)_Tov</span> <span class='ocrx_word' id='word_1_761' title='bbox 616 5296 906 5369; x_wconf 83' lang='grc' dir='ltr'>ποριστήν.</span> <span class='ocrx_word' id='word_1_762' title='bbox 937 5317 963 5343; x_wconf 85' lang='grc'><strong>‹‹</strong></span> <span class='ocrx_word' id='word_1_763' title='bbox 997 5295 1106 5358; x_wconf 87' lang='lat' dir='ltr'>Qui</span> <span class='ocrx_word' id='word_1_764' title='bbox 1150 5294 1325 5350; x_wconf 88' lang='lat' dir='ltr'>victui</span> <span class='ocrx_word' id='word_1_765' title='bbox 1374 5298 1707 5354; x_wconf 84' lang='lat' dir='ltr'>necessaria</span> <span class='ocrx_word' id='word_1_766' title='bbox 1751 5300 1892 5356; x_wconf 90' lang='lat' dir='ltr'>sub-</span> 
     </span>
    </p>
   </div>
   <div class='ocr_carea' id='block_1_101' title="bbox 237 5366 615 5420">
    <p class='ocr_par' dir='ltr' id='par_1_101' title="bbox 237 5366 615 5420">
     <span class='ocr_line' id='line_1_102' title="bbox 237 5366 615 5420; baseline -0.008 -3"><span class='ocrx_word' id='word_1_767' title='bbox 237 5366 561 5420; x_wconf 87' lang='lat' dir='ltr'>ministret.</span> <span class='ocrx_word' id='word_1_768' title='bbox 586 5387 615 5415; x_wconf 74' lang='lat' dir='ltr'>n</span> 
     </span>
    </p>
   </div>
   <div class='ocr_carea' id='block_1_102' title="bbox 333 5434 1327 5509">
    <p class='ocr_par' dir='ltr' id='par_1_102' title="bbox 333 5434 1327 5509">
     <span class='ocr_line' id='line_1_103' title="bbox 333 5434 1327 5509; baseline 0.002 -21"><span class='ocrx_word' id='word_1_769' title='bbox 333 5437 425 5509; x_wconf 89' lang='grc'>75)</span> <span class='ocrx_word' id='word_1_770' title='bbox 454 5436 683 5509; x_wconf 83' lang='grc' dir='ltr'>Ὑγείας.</span> <span class='ocrx_word' id='word_1_771' title='bbox 719 5441 839 5491; x_wconf 90' lang='lat' dir='ltr'>Duo</span> <span class='ocrx_word' id='word_1_772' title='bbox 871 5435 1072 5507; x_wconf 83' lang='lat' dir='ltr'>Regg.,</span> <span class='ocrx_word' id='word_1_773' title='bbox 1108 5434 1327 5509; x_wconf 82' lang='grc' dir='ltr'>ὑγιείας.</span> 
     </span>
    </p>
   </div>
   <div class='ocr_carea' id='block_1_103' title="bbox 333 5484 1890 5583">
    <p class='ocr_par' dir='ltr' id='par_1_103' title="bbox 333 5484 1890 5583">
     <span class='ocr_line' id='line_1_104' title="bbox 333 5484 1890 5583; baseline 0.006 -23"><span class='ocrx_word' id='word_1_774' title='bbox 333 5484 424 5583; x_wconf 56' lang='lat' dir='ltr'>isi</span> <span class='ocrx_word' id='word_1_775' title='bbox 464 5484 1364 5580; x_wconf 45' lang='lat' dir='ltr'>i.tz;;;o:.&quot;oaaa‘rai.&#39;tegi,</span> <span class='ocrx_word' id='word_1_776' title='bbox 1408 5508 1503 5565; x_wconf 90' lang='lat' dir='ltr'>Or.</span> <span class='ocrx_word' id='word_1_777' title='bbox 1554 5514 1609 5580; x_wconf 90' lang='lat'>2,</span> <span class='ocrx_word' id='word_1_778' title='bbox 1661 5512 1890 5583; x_wconf 89' lang='lat' dir='ltr'>Comb.,</span> 
     </span>
    </p>
   </div>
   <div class='ocr_carea' id='block_1_104' title="bbox 224 5577 540 5652">
    <p class='ocr_par' dir='ltr' id='par_1_104' title="bbox 224 5577 540 5652">
     <span class='ocr_line' id='line_1_105' title="bbox 224 5577 540 5652; baseline 0.016 -22"><span class='ocrx_word' id='word_1_779' title='bbox 224 5596 323 5652; x_wconf 81' lang='grc' dir='ltr'>γεν</span> <span class='ocrx_word' id='word_1_780' title='bbox 332 5577 358 5631; x_wconf 92' lang='grc' dir='ltr'>ό</span> <span class='ocrx_word' id='word_1_781' title='bbox 368 5598 540 5652; x_wconf 83' lang='grc' dir='ltr'>μενον.</span> 
     </span>
    </p>
   </div>
   <div class='ocr_carea' id='block_1_105' title="bbox 306 5645 1891 5729">
    <p class='ocr_par' dir='ltr' id='par_1_105' title="bbox 306 5645 1891 5729">
     <span class='ocr_line' id='line_1_106' title="bbox 306 5645 1891 5729; baseline 0.006 -26"><span class='ocrx_word' id='word_1_782' title='bbox 306 5645 418 5729; x_wconf 66' lang='grc'>(77)</span> <span class='ocrx_word' id='word_1_783' title='bbox 451 5649 523 5704; x_wconf 91' lang='grc' dir='ltr'>Οὐ</span> <span class='ocrx_word' id='word_1_784' title='bbox 580 5649 681 5729; x_wconf 63' lang='grc' dir='ltr'>γαρ</span> <span class='ocrx_word' id='word_1_785' title='bbox 742 5645 1075 5729; x_wconf 67' lang='grc' dir='ltr'>δεδόξασται,</span> <span class='ocrx_word' id='word_1_786' title='bbox 1115 5652 1227 5729; x_wconf 68' lang='lat' dir='ltr'>etc.</span> <span class='ocrx_word' id='word_1_787' title='bbox 1278 5648 1505 5729; x_wconf 64' lang='lat' dir='ltr'>Allqdit</span> <span class='ocrx_word' id='word_1_788' title='bbox 1560 5654 1891 5729; x_wconf 59' lang='lat' dir='ltr'>Theologus</span> 
     </span>
    </p>
   </div>
   <div class='ocr_carea' id='block_1_106' title="bbox 223 5720 1892 5795">
    <p class='ocr_par' dir='ltr' id='par_1_106' title="bbox 223 5720 1892 5795">
     <span class='ocr_line' id='line_1_107' title="bbox 223 5720 1892 5795; baseline 0.005 -20"><span class='ocrx_word' id='word_1_789' title='bbox 223 5720 321 5777; x_wconf 79' lang='lat' dir='ltr'>ad</span> <span class='ocrx_word' id='word_1_790' title='bbox 358 5722 479 5779; x_wconf 81' lang='lat' dir='ltr'>haec</span> <span class='ocrx_word' id='word_1_791' title='bbox 528 5720 706 5779; x_wconf 80' lang='lat' dir='ltr'>verba</span> <span class='ocrx_word' id='word_1_792' title='bbox 753 5727 956 5795; x_wconf 80' lang='lat' dir='ltr'>Apost.</span> <span class='ocrx_word' id='word_1_793' title='bbox 1014 5722 1062 5779; x_wconf 89' lang='lat' dir='ltr'>II</span> <span class='ocrx_word' id='word_1_794' title='bbox 1111 5722 1238 5777; x_wconf 91' lang='lat' dir='ltr'>Cor.</span> <span class='ocrx_word' id='word_1_795' title='bbox 1272 5736 1357 5793; x_wconf 80' lang='grc' dir='ltr'>ιιι,</span> <span class='ocrx_word' id='word_1_796' title='bbox 1394 5723 1459 5778; x_wconf 90' lang='grc'>10</span> <span class='ocrx_word' id='word_1_797' title='bbox 1492 5741 1560 5780; x_wconf 82' lang='grc'>;‹‹</span> <span class='ocrx_word' id='word_1_798' title='bbox 1594 5726 1741 5785; x_wconf 90' lang='lat' dir='ltr'>Nam</span> <span class='ocrx_word' id='word_1_799' title='bbox 1782 5720 1892 5784; x_wconf 70' lang='lat' dir='ltr'>nec</span> 
     </span>
    </p>
   </div>
   <div class='ocr_carea' id='block_1_107' title="bbox 2002 4724 3652 4802">
    <p class='ocr_par' dir='ltr' id='par_1_107' title="bbox 2002 4724 3652 4802">
     <span class='ocr_line' id='line_1_108' title="bbox 2002 4724 3652 4802; baseline 0.004 -23"><span class='ocrx_word' id='word_1_800' title='bbox 2002 4725 2392 4802; x_wconf 69' lang='lat' dir='ltr'>glorificatum</span> <span class='ocrx_word' id='word_1_801' title='bbox 2426 4727 2533 4802; x_wconf 84' lang='lat' dir='ltr'>est,</span> <span class='ocrx_word' id='word_1_802' title='bbox 2556 4725 2724 4802; x_wconf 77' lang='lat' dir='ltr'>quod</span> <span class='ocrx_word' id='word_1_803' title='bbox 2756 4724 2963 4802; x_wconf 50' lang='lat' dir='ltr'>claruit</span> <span class='ocrx_word' id='word_1_804' title='bbox 2993 4728 3050 4783; x_wconf 90' lang='lat' dir='ltr'>in</span> <span class='ocrx_word' id='word_1_805' title='bbox 3083 4728 3191 4802; x_wconf 87' lang='lat' dir='ltr'>hac</span> <span class='ocrx_word' id='word_1_806' title='bbox 3224 4734 3385 4802; x_wconf 89' lang='lat' dir='ltr'>parte</span> <span class='ocrx_word' id='word_1_807' title='bbox 3416 4735 3652 4802; x_wconf 88' lang='lat' dir='ltr'>propter</span> 
     </span>
    </p>
   </div>
   <div class='ocr_carea' id='block_1_108' title="bbox 2003 4794 3648 4871">
    <p class='ocr_par' dir='ltr' id='par_1_108' title="bbox 2003 4794 3648 4871">
     <span class='ocr_line' id='line_1_109' title="bbox 2003 4794 3648 4871; baseline 0.004 -20"><span class='ocrx_word' id='word_1_808' title='bbox 2003 4794 2378 4871; x_wconf 62' lang='lat' dir='ltr'>{excellentem</span> <span class='ocrx_word' id='word_1_809' title='bbox 2422 4794 2692 4866; x_wconf 84' lang='lat' dir='ltr'>gloriam,</span> <span class='ocrx_word' id='word_1_810' title='bbox 2719 4819 2755 4871; x_wconf 56' lang='lat' dir='ltr'>ii</span> <span class='ocrx_word' id='word_1_811' title='bbox 2778 4804 2888 4854; x_wconf 90' lang='lat' dir='ltr'>etc.</span> <span class='ocrx_word' id='word_1_812' title='bbox 2922 4801 2999 4854; x_wconf 91' lang='lat' dir='ltr'>Ea</span> <span class='ocrx_word' id='word_1_813' title='bbox 3044 4794 3333 4871; x_wconf 81' lang='lat' dir='ltr'>siquidem</span> <span class='ocrx_word' id='word_1_814' title='bbox 3368 4794 3438 4857; x_wconf 82' lang='lat' dir='ltr'>ad</span> <span class='ocrx_word' id='word_1_815' title='bbox 3477 4794 3648 4858; x_wconf 69' lang='lat' dir='ltr'>Aiba-</span> 
     </span>
    </p>
   </div>
   <div class='ocr_carea' id='block_1_109' title="bbox 2004 4868 3651 4943">
    <p class='ocr_par' dir='ltr' id='par_1_109' title="bbox 2004 4868 3651 4943">
     <span class='ocr_line' id='line_1_110' title="bbox 2004 4868 3651 4943; baseline 0.004 -20"><span class='ocrx_word' id='word_1_816' title='bbox 2004 4868 2154 4923; x_wconf 88' lang='lat' dir='ltr'>nasii</span> <span class='ocrx_word' id='word_1_817' title='bbox 2184 4868 2895 4943; x_wconf 77' lang='lat' dir='ltr'>laudesaccommodans,</span> <span class='ocrx_word' id='word_1_818' title='bbox 2929 4868 3219 4943; x_wconf 76' lang='lat' dir='ltr'>signiticet</span> <span class='ocrx_word' id='word_1_819' title='bbox 3261 4872 3421 4929; x_wconf 91' lang='lat' dir='ltr'>illius</span> <span class='ocrx_word' id='word_1_820' title='bbox 3466 4874 3651 4929; x_wconf 90' lang='lat' dir='ltr'>virtu-</span> 
     </span>
    </p>
   </div>
   <div class='ocr_carea' id='block_1_110' title="bbox 2000 4940 3653 5014">
    <p class='ocr_par' dir='ltr' id='par_1_110' title="bbox 2000 4940 3653 5014">
     <span class='ocr_line' id='line_1_111' title="bbox 2000 4940 3653 5014; baseline 0.004 -20"><span class='ocrx_word' id='word_1_821' title='bbox 2000 4946 2111 5014; x_wconf 88' lang='lat' dir='ltr'>tes,</span> <span class='ocrx_word' id='word_1_822' title='bbox 2136 4955 2284 5014; x_wconf 84' lang='lat' dir='ltr'>quas</span> <span class='ocrx_word' id='word_1_823' title='bbox 2316 4940 2479 5014; x_wconf 88' lang='lat' dir='ltr'>prius</span> <span class='ocrx_word' id='word_1_824' title='bbox 2506 4941 2959 5014; x_wconf 77' lang='lat' dir='ltr'>percongeriem</span> <span class='ocrx_word' id='word_1_825' title='bbox 2985 4940 3653 5014; x_wconf 78' lang='lat' dir='ltr'>enumeraverat,quam-</span> 
     </span>
    </p>
   </div>
   <div class='ocr_carea' id='block_1_111' title="bbox 2000 5010 3649 5140">
    <p class='ocr_par' dir='ltr' id='par_1_111' title="bbox 2000 5010 3649 5140">
     <span class='ocr_line' id='line_1_112' title="bbox 2000 5010 3649 5140; baseline 0.002 -74"><span class='ocrx_word' id='word_1_826' title='bbox 2000 5012 2088 5066; x_wconf 92' lang='lat' dir='ltr'>vis</span> <span class='ocrx_word' id='word_1_827' title='bbox 2120 5010 2376 5066; x_wconf 86' lang='lat' dir='ltr'>maxima</span> <span class='ocrx_word' id='word_1_828' title='bbox 2409 5010 2578 5065; x_wconf 91' lang='lat' dir='ltr'>laude</span> <span class='ocrx_word' id='word_1_829' title='bbox 2599 5010 2788 5082; x_wconf 61' lang='lat' dir='ltr'>dignis</span> <span class='ocrx_word' id='word_1_830' title='bbox 2819 5013 2955 5077; x_wconf 88' lang='lat' dir='ltr'>sint,</span> <span class='ocrx_word' id='word_1_831' title='bbox 2982 5032 3187 5140; x_wconf 86' lang='lat' dir='ltr'>parvas</span> <span class='ocrx_word' id='word_1_832' title='bbox 3217 5010 3649 5072; x_wconf 40' lang='lat' dir='ltr'>tamen&#39;b&#39;aberi</span> 
     </span>
     <span class='ocr_line' id='line_1_113' title="bbox 2002 5082 3645 5140; baseline 0 0"><span class='ocrx_word' id='word_1_833' title='bbox 2002 5098 2193 5140; x_wconf 80' lang='lat' dir='ltr'>nosse.</span> <span class='ocrx_word' id='word_1_834' title='bbox 2227 5084 2274 5137; x_wconf 89' lang='lat' dir='ltr'>si</span> <span class='ocrx_word' id='word_1_835' title='bbox 2309 5098 2441 5137; x_wconf 91' lang='lat' dir='ltr'>cum</span> <span class='ocrx_word' id='word_1_836' title='bbox 2475 5082 2567 5140; x_wconf 84' lang='lat' dir='ltr'>iis.</span> <span class='ocrx_word' id='word_1_837' title='bbox 2602 5100 2748 5140; x_wconf 84' lang='lat' dir='ltr'>quas</span> <span class='ocrx_word' id='word_1_838' title='bbox 2781 5100 2914 5139; x_wconf 82' lang='lat' dir='ltr'>mox</span> <span class='ocrx_word' id='word_1_839' title='bbox 2945 5103 2978 5140; x_wconf 89' lang='lat' dir='ltr'>a</span> <span class='ocrx_word' id='word_1_840' title='bbox 3004 5087 3230 5140; x_wconf 87' lang='lat' dir='ltr'>laturus</span> <span class='ocrx_word' id='word_1_841' title='bbox 3269 5093 3377 5140; x_wconf 87' lang='lat' dir='ltr'>est.</span> <span class='ocrx_word' id='word_1_842' title='bbox 3410 5104 3645 5140; x_wconf 81' lang='lat' dir='ltr'>comna-</span> 
     </span>
    </p>
   </div>
   <div class='ocr_carea' id='block_1_112' title="bbox 2002 5082 3645 5207">
    <p class='ocr_par' dir='ltr' id='par_1_112' title="bbox 2002 5082 3645 5207">
     <span class='ocr_line' id='line_1_114' title="bbox 2002 5082 3645 5207; baseline 0.005 -71"><span class='ocrx_word' id='word_1_843' title='bbox 2002 5098 2193 5207; x_wconf 51' lang='lat' dir='ltr'>postse,</span> <span class='ocrx_word' id='word_1_844' title='bbox 2227 5084 2274 5137; x_wconf 88' lang='lat' dir='ltr'>si</span> <span class='ocrx_word' id='word_1_845' title='bbox 2309 5098 2441 5137; x_wconf 91' lang='lat' dir='ltr'>cum</span> <span class='ocrx_word' id='word_1_846' title='bbox 2475 5082 2567 5148; x_wconf 83' lang='lat' dir='ltr'>iis,</span> <span class='ocrx_word' id='word_1_847' title='bbox 2602 5100 2748 5153; x_wconf 86' lang='lat' dir='ltr'>quas</span> <span class='ocrx_word' id='word_1_848' title='bbox 2781 5100 2914 5139; x_wconf 82' lang='lat' dir='ltr'>mox</span> <span class='ocrx_word' id='word_1_849' title='bbox 2945 5082 3230 5143; x_wconf 87' lang='lat' dir='ltr'>allaturus</span> <span class='ocrx_word' id='word_1_850' title='bbox 3269 5093 3377 5156; x_wconf 89' lang='lat' dir='ltr'>est,</span> <span class='ocrx_word' id='word_1_851' title='bbox 3410 5104 3645 5160; x_wconf 81' lang='lat' dir='ltr'>compa-</span> 
     </span>
     <span class='ocr_line' id='line_1_115' title="bbox 2002 5171 2224 5207; baseline -0.009 0"><span class='ocrx_word' id='word_1_852' title='bbox 2002 5171 2099 5207; x_wconf 75' lang='grc' dir='ltr'>ΓΒΗ</span> <span class='ocrx_word' id='word_1_853' title='bbox 2136 5171 2224 5206; x_wconf 77' lang='grc' dir='ltr'>ΠΡ.</span> 
     </span>
    </p>
   </div>
   <div class='ocr_carea' id='block_1_113' title="bbox 2002 5171 2224 5211">
    <p class='ocr_par' dir='ltr' id='par_1_113' title="bbox 2002 5171 2224 5211">
     <span class='ocr_line' id='line_1_116' title="bbox 2002 5171 2224 5211; baseline -0.018 -2"><span class='ocrx_word' id='word_1_854' title='bbox 2002 5171 2224 5211; x_wconf 78' lang='grc' dir='ltr'>ΓΘΠῑυΓ.</span> 
     </span>
    </p>
   </div>
   <div class='ocr_carea' id='block_1_114' title="bbox 2076 5221 3147 5297">
    <p class='ocr_par' dir='ltr' id='par_1_114' title="bbox 2076 5221 3147 5297">
     <span class='ocr_line' id='line_1_117' title="bbox 2076 5221 3147 5297; baseline 0.005 -20"><span class='ocrx_word' id='word_1_855' title='bbox 2076 5226 2182 5293; x_wconf 78' lang='grc'>(78)</span> <span class='ocrx_word' id='word_1_856' title='bbox 2214 5223 2453 5297; x_wconf 64' lang='grc' dir='ltr'>Ἕνεκεν.Δ</span> <span class='ocrx_word' id='word_1_857' title='bbox 2482 5221 2678 5280; x_wconf 80' lang='lat' dir='ltr'>Plures</span> <span class='ocrx_word' id='word_1_858' title='bbox 2706 5226 2897 5297; x_wconf 89' lang='lat' dir='ltr'>codd.,</span> <span class='ocrx_word' id='word_1_859' title='bbox 2931 5223 3147 5282; x_wconf 72' lang='grc' dir='ltr'>ε’ίνεκεν.</span> 
     </span>
    </p>
   </div>
   <div class='ocr_carea' id='block_1_115' title="bbox 2074 5292 3649 5369">
    <p class='ocr_par' dir='ltr' id='par_1_115' title="bbox 2074 5292 3649 5369">
     <span class='ocr_line' id='line_1_118' title="bbox 2074 5292 3649 5369; baseline -0.001 -17"><span class='ocrx_word' id='word_1_860' title='bbox 2074 5292 2185 5369; x_wconf 84' lang='grc'>(79)</span> <span class='ocrx_word' id='word_1_861' title='bbox 2218 5292 2640 5369; x_wconf 23' lang='grc' dir='ltr'>Καταλείπολυσι.</span> <span class='ocrx_word' id='word_1_862' title='bbox 2689 5298 2827 5369; x_wconf 82' lang='lat' dir='ltr'>Reg.</span> <span class='ocrx_word' id='word_1_863' title='bbox 2878 5292 2935 5367; x_wconf 69' lang='grc' dir='ltr'>ἃ,</span> <span class='ocrx_word' id='word_1_864' title='bbox 2982 5299 3076 5354; x_wconf 90' lang='lat' dir='ltr'>Or.</span> <span class='ocrx_word' id='word_1_865' title='bbox 3128 5299 3167 5367; x_wconf 90' lang='lat' dir='ltr'>l,</span> <span class='ocrx_word' id='word_1_866' title='bbox 3216 5300 3496 5367; x_wconf 88' lang='lat' dir='ltr'>Combef.,</span> <span class='ocrx_word' id='word_1_867' title='bbox 3547 5319 3649 5352; x_wconf 85' lang='grc' dir='ltr'>κα-</span> 
     </span>
    </p>
   </div>
   <div class='ocr_carea' id='block_1_116' title="bbox 1998 5363 3647 5441">
    <p class='ocr_par' dir='ltr' id='par_1_116' title="bbox 1998 5363 3647 5441">
     <span class='ocr_line' id='line_1_119' title="bbox 1998 5363 3647 5441; baseline 0.003 -20"><span class='ocrx_word' id='word_1_868' title='bbox 1998 5363 2311 5421; x_wconf 78' lang='grc' dir='ltr'>ταλιποῦσι.</span> <span class='ocrx_word' id='word_1_869' title='bbox 2343 5365 2567 5441; x_wconf 74' lang='lat' dir='ltr'>Alludit</span> <span class='ocrx_word' id='word_1_870' title='bbox 2596 5363 2930 5441; x_wconf 61' lang='lat' dir='ltr'>Gregorius</span> <span class='ocrx_word' id='word_1_871' title='bbox 2962 5372 3033 5425; x_wconf 90' lang='lat' dir='ltr'>ad</span> <span class='ocrx_word' id='word_1_872' title='bbox 3083 5363 3203 5431; x_wconf 58' lang='lat' dir='ltr'>huic</span> <span class='ocrx_word' id='word_1_873' title='bbox 3258 5372 3402 5427; x_wconf 86' lang='lat' dir='ltr'>Petri</span> <span class='ocrx_word' id='word_1_874' title='bbox 3451 5363 3647 5437; x_wconf 82' lang='lat' dir='ltr'>verba,</span> 
     </span>
    </p>
   </div>
   <div class='ocr_carea' id='block_1_117' title="bbox 2001 5437 3650 5515">
    <p class='ocr_par' dir='ltr' id='par_1_117' title="bbox 2001 5437 3650 5515">
     <span class='ocr_line' id='line_1_120' title="bbox 2001 5437 3650 5515; baseline 0.003 -21"><span class='ocrx_word' id='word_1_875' title='bbox 2001 5443 2128 5515; x_wconf 58' lang='lat' dir='ltr'>Act.</span> <span class='ocrx_word' id='word_1_876' title='bbox 2159 5455 2239 5515; x_wconf 86' lang='lat' dir='ltr'>v_1,</span> <span class='ocrx_word' id='word_1_877' title='bbox 2267 5441 2305 5515; x_wconf 89' lang='lat'>_2</span> <span class='ocrx_word' id='word_1_878' title='bbox 2330 5454 2342 5491; x_wconf 92' lang='lat'>:</span> <span class='ocrx_word' id='word_1_879' title='bbox 2373 5460 2401 5515; x_wconf 63' lang='grc' dir='ltr'><em>ᾳ</em></span> <span class='ocrx_word' id='word_1_880' title='bbox 2426 5437 2561 5515; x_wconf 76' lang='lat' dir='ltr'>Non</span> <span class='ocrx_word' id='word_1_881' title='bbox 2582 5445 2670 5493; x_wconf 86' lang='lat' dir='ltr'>est</span> <span class='ocrx_word' id='word_1_882' title='bbox 2699 5437 2930 5513; x_wconf 62' lang='lat' dir='ltr'>s&#39;aquum</span> <span class='ocrx_word' id='word_1_883' title='bbox 2960 5459 3067 5498; x_wconf 89' lang='lat' dir='ltr'>nos</span> <span class='ocrx_word' id='word_1_884' title='bbox 3098 5442 3501 5515; x_wconf 90' lang='lat' dir='ltr'>derelinquere</span> <span class='ocrx_word' id='word_1_885' title='bbox 3527 5459 3650 5499; x_wconf 90' lang='lat' dir='ltr'>ver-</span> 
     </span>
    </p>
   </div>
   <div class='ocr_carea' id='block_1_118' title="bbox 2004 5508 3080 5576">
    <p class='ocr_par' dir='ltr' id='par_1_118' title="bbox 2004 5508 3080 5576">
     <span class='ocr_line' id='line_1_121' title="bbox 2004 5508 3080 5576; baseline -0.004 -9"><span class='ocrx_word' id='word_1_886' title='bbox 2004 5513 2146 5567; x_wconf 84' lang='lat' dir='ltr'>bum</span> <span class='ocrx_word' id='word_1_887' title='bbox 2178 5508 2302 5576; x_wconf 89' lang='lat' dir='ltr'>Dei,</span> <span class='ocrx_word' id='word_1_888' title='bbox 2334 5514 2392 5562; x_wconf 88' lang='lat' dir='ltr'>et</span> <span class='ocrx_word' id='word_1_889' title='bbox 2420 5508 3024 5569; x_wconf 52' lang='lat' dir='ltr'>ministraremensis.</span> <span class='ocrx_word' id='word_1_890' title='bbox 3053 5536 3080 5563; x_wconf 86' lang='lat'>»</span> 
     </span>
    </p>
   </div>
   <div class='ocr_carea' id='block_1_119' title="bbox 2094 5578 3182 5658">
    <p class='ocr_par' dir='ltr' id='par_1_119' title="bbox 2094 5578 3182 5658">
     <span class='ocr_line' id='line_1_122' title="bbox 2094 5578 3182 5658; baseline 0.007 -28"><span class='ocrx_word' id='word_1_891' title='bbox 2218 5578 2580 5658; x_wconf 61' lang='grc' dir='ltr'>[ξυριῴτατον.</span> <span class='ocrx_word' id='word_1_892' title='bbox 2619 5583 2766 5658; x_wconf 85' lang='lat' dir='ltr'>Pa_r.,</span> <span class='ocrx_word' id='word_1_893' title='bbox 2802 5585 3182 5658; x_wconf 87' lang='grc' dir='ltr'>καιριώτατον.</span> 
     </span>
    </p>
   </div>
   <div class='ocr_carea' id='block_1_120' title="bbox 2003 5648 3648 5781">
    <p class='ocr_par' dir='ltr' id='par_1_120' title="bbox 2003 5648 3648 5781">
     <span class='ocr_line' id='line_1_123' title="bbox 2003 5648 3648 5781; baseline 0.004 -72"><span class='ocrx_word' id='word_1_894' title='bbox 2003 5648 2185 5781; x_wconf 47' lang='grc' dir='ltr'>Οοὲξζέ)</span> <span class='ocrx_word' id='word_1_895' title='bbox 2236 5648 2560 5727; x_wconf 77' lang='grc' dir='ltr'>Κάινότερον</span> <span class='ocrx_word' id='word_1_896' title='bbox 2618 5648 2909 5713; x_wconf 43' lang='grc' dir='ltr'>καίξΗεΒό</span> <span class='ocrx_word' id='word_1_897' title='bbox 2970 5658 3184 5714; x_wconf 83' lang='lat' dir='ltr'>desunt</span> <span class='ocrx_word' id='word_1_898' title='bbox 3236 5655 3297 5711; x_wconf 83' lang='lat' dir='ltr'>in</span> <span class='ocrx_word' id='word_1_899' title='bbox 3354 5654 3648 5737; x_wconf 84' lang='lat' dir='ltr'>plerisque</span> 
     </span>
    </p>
   </div>
  </div>
