4094 6288
262 440 407 505 1097

1170 435 1459 500 ORATIO
1505 431 1861 500 XXl.—IN
1906 433 2225 499 LAUDEM
2276 431 2720 496 ATHANASll.

3496 434 3653 497 1098

258 577 444 645 στάτην
497 576 595 628 τοῦ
643 568 843 648 Λόγοῦ·
894 573 1051 647 (πρὸς
1099 572 1199 648 γὰρ
1238 574 1298 626 τὸ
1330 573 1618 625 ἀντιτεῖνον
1655 567 1891 642 μάλιστα

2018 568 2116 624 illae
2147 568 2381 627 initium
2413 570 2672 642 capiunt,
2697 587 2947 643 quarum
2983 570 3137 626 fama
3165 575 3378 624 terram
3415 584 3559 640 pene
3591 585 3656 625 ac

259 662 630 739 ἡπαράταξις,
665 661 750 716 καὶ
783 658 1011 715 ἄλλοθεν
1042 657 1182 715 ἄλλο
1224 682 1277 714 τι
1326 663 1433 714 τῶν
1480 655 1664 712 δεινῶν
1707 656 1895 733 περιρ-

260 751 369 827 ῥέον
402 754 535 824 (91)·
579 750 783 826 εύρέτις
814 752 926 821 (92)
959 750 1060 823 γὰρ
1091 754 1268 803 κακῶν
1303 751 1337 818 ἡ
1373 742 1609 813 ἀσέϐεια,
1655 747 1745 801 καὶ
1776 746 1895 800 λίαν

257 840 534 913 τολμηρὸν
566 839 641 901 είς
674 838 1001 915 ἐγχείρησιν·
1053 842 1169 899 πῶς
1213 836 1271 892 δὲ
1318 837 1612 911 ἀνθρώπων
1660 833 1896 908 ἔμελλον

260 928 546 1007 φείδεσθαι,
580 928 631 982 οἱ
662 928 917 997 θεότητος
951 928 1027 1001 μὴ
1060 928 1374 1004 φεισάμενοι
1402 932 1438 994 ;)
1482 926 1579 998 μία
1631 923 1688 980 δὲ
1739 945 1901 1000 προσ-

262 1014 435 1072 ϐολῶν
470 1017 558 1072 καὶ
589 1018 701 1089 (93)
734 1014 1125 1091 χαλεπωτάτη.
1161 1015 1503 1091 Συνεισφὲρω
1540 1034 1591 1068 τι
1622 1013 1711 1068 καὶ
1741 1012 1902 1083 αὐτὸς

256 1112 327 1181 τῷ
382 1105 648 1182 δράματι*
717 1103 863 1160 ἀλλά
922 1125 1017 1177 μοι
1072 1105 1403 1179 παρῃτήσθω
1461 1106 1575 1176 (94)
1628 1103 1690 1156 τὸ
1742 1099 1899 1179 φίλον

256 1193 443 1272 ἔδαφος
493 1198 528 1265 ἡ
574 1193 805 1270 πατρίςσ
858 1192 920 1248 οὗ
950 1194 1050 1268 γὰρ
1098 1199 1199 1261 τῆς
1244 1192 1591 1268 ἐνεγκούσης,
1623 1189 1765 1246 ἀλλὰ
1793 1194 1900 1245 τῶν

254 1282 636 1358 προελομένων
671 1284 781 1355 (95)
812 1284 846 1351 ἠ
879 1280 1135 1358 πονηρία.
1169 1282 1232 1338 Ἥ
1270 1282 1362 1354 μὶν
1394 1281 1498 1355 γὰρ
1548 1281 1667 1354 ἱερά
1706 1300 1766 1333 τε
1811 1277 1902 1333 καὶ

253 1393 402 1426 πασιν
437 1371 519 1425 ἐπ’
549 1368 789 1441 εὐσεϐείᾳ
816 1371 1118 1445 γνώριμος*
1154 1370 1206 1424 οἱ
1238 1367 1295 1424 δὲ
1324 1369 1528 1441 ἀνάξιοι
1568 1370 1666 1437 τῆς
1714 1366 1901 1421 τεκού-

255 1482 349 1533 σης
407 1458 601 1521 αὐτοὺς
660 1458 1010 1529 Ἐκκλησίας.
1071 1457 1303 1522 Φύεσθαι
1363 1456 1421 1513 δὲ
1462 1457 1550 1512 καὶ
1582 1456 1632 1511 ἓν
1667 1453 1902 1529 ἀμπέλῳ

256 1552 361 1622 (96)
398 1550 559 1623 βάτον
589 1547 875 1618 ἠκούσατε
908 1547 997 1602 καὶ
1027 1547 1253 1619 Ἰούδας,
1284 1552 1392 1602 τῶν
1430 1550 1687 1621 μαθητῶν
1735 1546 1830 1614 εἷς,
1872 1543 1901 1599 ὁ

254 1636 544 1714 προδότης.

2010 676 2169 714 mare
2201 660 2506 732 implevit),
2537 661 2762 715 varium
2797 659 2879 715 illi
2929 660 3191 733 quidem,
3224 676 3289 715 ac
3331 658 3655 730 multiplex,

2010 752 2077 802 ut
2118 752 2354 805 strenuo
2402 749 2576 804 Verbi
2626 749 2911 805 defensori
2948 749 3167 804 bellum
3209 749 3500 803 infertur:
3535 750 3659 817 (ad-

2015 853 2221 891 versus
2250 854 2385 893 eum
2443 840 2600 894 enim
2650 840 2752 909 qui
2782 838 3036 905 obsistit,
3084 855 3150 895 ao
3198 842 3399 894 contra
3428 836 3657 905 nititur,

2012 926 2395 982 infestissima
2426 944 2553 983 esse
2579 927 2733 983 acies
2761 927 2991 983 hostilis
3023 928 3187 992 solet,
3222 933 3395 998 atque
3424 926 3660 983 aliunde

2014 1013 2171 1069 aliud
2203 1017 2500 1085 quoddam
2533 1015 2859 1087 periculum
2881 1017 3109 1083 influit;
3143 1015 3324 1071 solers
3354 1016 3573 1087 quippe
3602 1020 3661 1070 et

2014 1102 2319 1175 ingeniosa
2350 1106 2419 1160 ad
2453 1106 2835 1177 excogitanda
2866 1107 3016 1161 mala
3050 1111 3139 1161 est
3168 1105 3459 1177 impietas,
3487 1109 3662 1177 atque

2015 1193 2084 1247 ad
2132 1193 2354 1264 aliquid
2403 1195 2865 1267 aggrediendum
2914 1196 3058 1250 mire
3107 1195 3297 1249 audax
3338 1193 3660 1263 :quoniam

2014 1286 2213 1337 autem
2248 1283 2417 1338 modo
2467 1284 2807 1339 hominibus
2853 1289 3177 1355 parcerent,
3228 1283 3327 1354 qui
3371 1282 3663 1338 divinitati

2015 1387 2127 1426 non
2162 1377 2539 1443 pepercerant
2562 1373 2590 1427 ?
2622 1372 2638 1443 )
2671 1372 2833 1428 Unus
2862 1377 3058 1429 tamen
3096 1372 3192 1427 hic
3220 1374 3474 1444 impetus
3510 1376 3661 1427 atro—

2013 1459 2289 1515 cissimus
2314 1461 2439 1516 fuit.
2468 1461 2614 1516 Nam
2640 1462 2763 1533 ipse
2785 1478 3018 1532 quoque
3040 1462 3110 1517 ad
3135 1461 3287 1517 hanc
3314 1460 3659 1532 tragcndiam

2013 1549 2279 1603 nonnihil
2313 1550 2568 1604 confero.
2606 1556 2796 1622 Atque
2839 1550 2931 1606 hic
2980 1550 3126 1609 mihi
3155 1549 3527 1606 carissimum
3563 1565 3660 1604 so-

2012 1634 2158 1704 lum,
2194 1638 2464 1709 patriam,
2496 1637 2761 1710 inquam,
2787 1655 3001 1708 meam,
3033 1638 3191 1694 omni
3224 1638 3468 1693 crimine
3500 1636 3661 1692 solu-

257 1736 377 1786 tam
411 1728 584 1784 velim
622 1744 633 1783 :
669 1727 1020 1800 improbitas
1050 1727 1229 1799 enim,
1262 1745 1374 1784 non
1428 1727 1651 1800 patrie,
1683 1726 1783 1781 sed
1832 1724 1928 1791 iis,
1962 1726 2061 1796 qui
2103 1726 2283 1781 animi
2335 1728 2674 1783 inductione
2720 1727 2909 1799 ipsam
2952 1727 3274 1801 elegerunt,
3307 1727 3665 1799 assignanda

251 1826 352 1875 est.
386 1817 489 1873 Illa
519 1816 675 1873 enim
706 1816 919 1888 quippe
950 1833 1137 1883 sacra,
1172 1820 1229 1872 et
1260 1817 1414 1889 apud
1449 1831 1667 1871 omnes
1698 1812 1936 1885 pietatis
1964 1810 2139 1869 laude
2169 1814 2327 1871 clara
2357 1818 2413 1871 et
2442 1815 2691 1871 illustris
2720 1820 2841 1883 est;
2879 1817 2934 1871 bi
2965 1821 3162 1872 autem
3196 1815 3452 1871 Ecclesia
3482 1820 3667 1869 matre

256 1907 499 1979 indigni.
535 1906 708 1961 Porro
740 1905 797 1960 in
828 1906 998 1961 vinea
1026 1921 1260 1977 quoque
1289 1906 1523 1977 spinam
1575 1903 1736 1959 nasci
1767 1900 2038 1958 audiistis
2059 1902 2102 1939 ⁸1
2141 1921 2154 1958 :
2189 1920 2254 1959 ac
2284 1904 2491 1971 Judas,
2523 1905 2624 1976 qui
2651 1905 2713 1960 in
2743 1904 3172 1977 discipulorum
3223 1920 3466 1961 numero
3515 1908 3659 1971 erat,

258 1984 514 2068 proditor
543 1995 654 2050 fuit
673 1992 751 2049 ‘9.

325 2089 423 2142 IE’.
490 2081 609 2136 Εἰσὶ
671 2082 765 2154 μὲν
824 2080 939 2150 οὖν,
995 2078 1047 2134 ο⁹ί
1108 2080 1249 2153 μηδὲ
1302 2080 1394 2134 τὸν
1452 2081 1744 2153 ὁμώνυμον
1786 2082 1900 2153 (97)

2082 2082 2195 2137 XV.
2234 2083 2345 2138 Nec
2376 2098 2508 2138 vero
2541 2083 2775 2150 desunt,
2811 2082 2911 2154 qui
2963 2098 3035 2138 ne
3066 2098 3261 2138 meum
3293 2081 3529 2153 quidem
3563 2097 3657 2136 co-

252 2171 371 2244 ἐμοὶ
444 2178 546 2239 τῆς
622 2169 796 2232 αἰτίας
874 2170 1123 2245 ἀφιᾶσιν
1203 2167 1260 2230 ὅς
1339 2170 1475 2223 κατά
1550 2166 1896 2230 παιδεύσεως

254 2258 444 2334 ἔρωτα,
484 2263 552 2332 τῇ
608 2254 998 2333 Ἀλεξανδρέων
1050 2254 1336 2328 ἐπιδημῶν
1385 2256 1507 2311 τότε
1564 2255 1749 2325 πόλει,
1808 2257 1899 2311 καὶ

253 2348 425 2416 πάσης
484 2349 611 2423 παρ’
670 2344 834 2402 αὐτοῦ
889 2346 1073 2421 τυχὼν
1135 2344 1446 2417 διξιώσεως,
1501 2343 1595 2400 (ίσα
1649 2346 1737 2400 καὶ
1768 2345 1893 2400 παί-

254 2436 355 2493 δων
390 2438 417 2490 ὁ
465 2437 820 2509 τιμιώτατος,
880 2435 970 2489 καὶ
1026 2439 1132 2490 τῶν
1185 2436 1253 2490 τά
1311 2436 1539 2509 μέγιστα
1584 2434 1901 2509 πιστευομέ-

250 2551 374 2600 νων,
428 2527 503 2590 εἷς
563 2526 660 2597 ὣν,
711 2526 1084 2599 ἐπανάστασιν,
1135 2521 1208 2587 ὥς
1239 2547 1388 2602 φασι,
1453 2524 1768 2601 βουλεύεται
1819 2531 1900 2598 τῷ

250 2617 408 2688 πατρὶ
464 2615 554 2670 καὶ
614 2617 892 2689 προστάτῃ
948 2617 1083 2687 (98).
1134 2614 1236 2671 Καὶ
1293 2618 1358 2684 ἦν
1410 2615 1472 2669 τὸ
1553 2614 1645 2687 μὲν
1720 2613 1901 2691 δρᾶμα

248 2705 464 2775 ἐτὲρων,
523 2706 558 2774 ἡ
619 2702 676 2758 δὲ
736 2704 859 2780 χεὶρ
921 2700 1281 2777 Ἀϐεσσαλὼμ
1343 2705 1455 2773 μεν’
1504 2703 1703 2774 αὐτῶν,
1738 2705 1815 2766 ὡς
1870 2706 1898 2759 ὁ

250 2794 435 2868 λόγος.
468 2790 540 2848 Ei’
589 2814 673 2854 τις
734 2793 886 2865 ὑμῶν
946 2789 1059 2847 οἶδε
1103 2795 1216 2866 (99)
1247 2793 1344 2861 τήν
1376 2798 1558 2869 χεῖρα,
1589 2792 1655 2863 ἦν
1691 2795 1719 2847 ὁ
1751 2795 1900 2869 ἅγιος

248 2881 603 2956 κατεψεύσθη,
663 2881 751 2936 καὶ
803 2882 895 2936 τὸν
946 2886 1118 2949 ζῶντα
1177 2882 1388 2957 νεκρὸν,
1448 2881 1537 2935 καὶ
1585 2883 1685 2951 τὴν
1716 2879 1901 2937 ἄδικον

250 2970 480 3044 ἐξορίαν,
514 2968 653 3025 οἶδεν
688 2969 717 3024 ’ὁ
766 2969 934 3044 λέγω.
986 2968 1137 3037 Πλὴν
1181 2974 1342 3024 τοῦτο
1397 2970 1490 3041 μὲν
1537 2969 1669 3025 ἑκὼν
1704 2969 1898 3042 ἐπιλή-

252 3080 437 3131 σομαι.
496 3058 593 3113 Καὶ
642 3060 743 3137 γὰρ
799 3058 970 3119 οὕτως
1029 3055 1143 3133 ἔχω
1219 3057 1271 3111 ἐν
1346 3064 1463 3120 τοῖς
1538 3054 1896 3137 ἀμφιϐόλοις,

249 3150 420 3203 νεύειν
469 3156 671 3223 χρῆναι
729 3149 867 3223 πρὸς
923 3148 985 3201 τὸ
1043 3145 1453 3222 φιλάνθρωπον,
1505 3148 1593 3203 καὶ
1624 3149 1899 3224 ἀπογινώ-

248 3258 391 3290 σκειν
471 3235 704 3308 μᾶλλον,
774 3236 808 3303 ἢ
886 3235 1307 3309 καταγινώσκειν
1360 3240 1464 3289 τῶν
1521 3237 1804 3294 ὑπαιτίων.
1844 3244 1898 3293 Ὀ

252 3327 347 3398 μὲν
408 3326 511 3399 γὰρ
568 3324 732 3384 κακὸς
789 3325 1019 3399 τάχιστα
1078 3326 1134 3379 ἂν
1175 3324 1470 3398 καταγνοίη
1502 3328 1719 3382 καίτοῦ
1771 3329 1898 3403 ἀγα-

2009 2171 2349 2242 gnominem
2381 2170 2553 2243 culpa
2584 2171 2867 2238 liberant;
2918 2172 3018 2242 qui
3058 2170 3336 2227 doctrina:
3368 2186 3563 2225 amore
3594 2186 3661 2225 ac

2010 2259 2207 2314 studio
2258 2264 2385 2314 tum
2445 2260 2730 2331 temporis
2780 2259 3143 2316 Alexandria
3174 2275 3413 2332 peregre
3458 2275 3658 2330 agens,

2009 2364 2144 2402 cum
2175 2348 2247 2403 ab
2282 2348 2408 2419 ipso
2459 2348 2909 2419 humanissime,
2944 2366 3057 2404 non
3096 2365 3261 2404 secus
3310 2364 3375 2403 ac
3408 2347 3661 2403 filiorum

2010 2436 2422 2504 charissimus,
2456 2442 2732 2509 acceptus
2763 2442 2936 2505 esset,
2970 2442 3312 2509 tantamque
3339 2437 3494 2509 apud
3516 2452 3656 2492 eum

2009 2526 2256 2597 gratiam
2290 2530 2348 2581 et
2378 2527 2787 2582 auctoritatem
2820 2526 3195 2593 obtinuisset,
3230 2530 3293 2581 ut
3323 2542 3416 2582 res
3448 2526 3498 2581 ei
3530 2542 3655 2581 ma-

2008 2614 2150 2669 ximi
2174 2614 2450 2686 ponderis
2476 2616 3001 2684 committerentur,
3020 2615 3358 2685 consilium,
3378 2620 3438 2670 et
3466 2615 3655 2669 homi-

2011 2720 2151 2758 num
2185 2720 2376 2759 sermo
2407 2708 2515 2770 est,
2568 2705 2745 2776 capit,
2779 2706 3055 2761 adversus
3104 2709 3326 2777 patrem
3360 2708 3419 2759 et
3464 2708 3655 2775 patro-

2009 2810 2150 2848 num
2185 2792 2632 2865 insurgendi.E~t
2653 2810 2991 2864 quanquam
3027 2792 3123 2847 alii
3154 2791 3447 2865 tragoediae
3476 2792 3658 2861 hujus

2008 2891 2273 2938 auctores
2295 2887 2510 2943 essent,
2529 2897 2739 2937 manus
2762 2886 2954 2936 tamen
2979 2881 3310 2948 Absalonis,
3332 2886 3396 2935 ut
3415 2880 3654 2945 dicitur,

2009 2986 2142 3025 cum
2175 2970 2294 3025 illis
2324 2974 2447 3025 erat
2477 2970 2539 3023 ⁵³.
2574 2970 2631 3024 Si
2680 2969 2811 3039 quis
2851 2974 3108 3025 vestrum
3143 2974 3255 3039 est,
3288 2970 3386 3039 qui
3419 2984 3660 3024 manum

2009 3064 2160 3120 895
2192 3063 2375 3132 illam,
2401 3078 2468 3117 ex
2499 3080 2613 3134 quo
2645 3068 2847 3118 sancto
2877 3062 2998 3118 viro
3032 3063 3245 3118 falsum
3279 3063 3499 3119 crimen
3524 3079 3649 3117 con-

2009 3154 2216 3208 ﬂatum
2243 3156 2353 3221 est,
2372 3157 2427 3206 et
2459 3157 2751 3207 mortuum
2776 3150 2941 3206 illum
2966 3152 3655 3222 viventem,etinjustum

2008 3241 2277 3298 exsilium
2333 3239 2506 3305 norit,
2540 3240 2679 3312 quid
2730 3240 2920 3296 dicam
2966 3240 3260 3312 intelligit.
3290 3240 3500 3296 Verum
3551 3241 3657 3296 hoc

2009 3330 2217 3388 lubens
2260 3329 2589 3386 obliviscar.
2640 3329 2697 3385 Si
2745 3330 2903 3385 enim
2952 3330 3239 3397 existimo,
3273 3329 3331 3384 in
3374 3330 3569 3385 dubiis
3600 3336 3658 3385 et

248 3417 363 3468 θοῦο
427 3416 454 3468 ὁ
513 3412 713 3487 ἀγαθὸς
766 3410 823 3468 δὶ
875 3411 1001 3468 οὐδὲ
1048 3418 1142 3469 τοῦ
1181 3418 1349 3468 κακοῦ
1383 3412 1601 3491 ῥᾳδίως.
1664 3417 1741 3473 Τὸ
1796 3419 1895 3493 γὰρ

2018 3419 2251 3475 incertis
2299 3419 2472 3474 rebus
2522 3418 2852 3474 faciendum
2907 3419 3074 3474 nobis
3112 3436 3263 3491 esse,
3296 3424 3361 3473 ut
3389 3420 3458 3474 ad
3492 3419 3654 3474 beni-

249 3502 324 3563 εἷς
390 3502 576 3556 κακίαν
642 3502 749 3578 οὐχ
806 3501 1049 3575 ἕτοιμον,
1109 3500 1233 3558 οὐδὲ
1292 3502 1367 3565 εἰς
1427 3504 1682 3559 ὑπόνοιαν
1742 3505 1897 3581 εὐχε-

249 3591 359 3667 ρὲς.
419 3592 481 3646 Ὅ
540 3588 597 3646 δὲ
656 3591 755 3646 οὐκ
823 3588 901 3646 ἔτι
961 3590 1146 3667 λόγος,
1179 3591 1301 3648 ἀλλ’
1332 3591 1491 3669 ἔργον
1549 3594 1713 3667 ἐστὶν,
1774 3594 1899 3651 οὐδὲ

248 3679 477 3734 ὑπόνοιά
565 3701 648 3742 τις
754 3680 1110 3751 ἀνεξέταστος,
1190 3678 1335 3735 ἀλλά
1407 3682 1589 3745 πίστις
1662 3705 1894 3760 κεκηρυ-

245 3771 450 3842 γμένηο

2010 3510 2293 3582 gnitatem
2345 3513 2402 3563 et
2451 3508 2877 3563 humanitatem
2925 3509 3331 3580 propensiores
3361 3509 3565 3575 simus,
3599 3513 3658 3563 et

2008 3598 2240 3654 crimini
2272 3598 2555 3653 obnoxios
2604 3596 2978 3653 absolvamus
3029 3598 3248 3669 potius,
3284 3614 3458 3669 quam
3511 3613 3655 3653 con-

2009 3690 2378 3743 demnemus.
2432 3685 2619 3743 Malus
2670 3686 2825 3741 enim
2875 3686 3176 3742 celerrime
3226 3687 3559 3757 adducitur,
3592 3691 3659 3742 ut

2004 3778 2225 3832 bonum
2259 3774 2434 3829 etiam
2467 3775 2655 3827 virum
2681 3774 3063 3841 condemnet;
3089 3779 3291 3830 contra
3315 3775 3407 3829 vir
3438 3776 3656 3846 probus

250 3875 323 3912 ne
358 3858 578 3912 malum
612 3859 849 3929 quidem
883 3857 1048 3913 facile
1080 3859 1570 3925 condemnaverit.
1599 3862 1704 3925 Qui
1738 3864 1894 3919 enim
1928 3867 1998 3920 ad
2032 3865 2235 3919 vitium
2274 3862 2513 3915 minime
2546 3861 2818 3932 proclivis
2850 3866 2959 3927 est,
2987 3862 3036 3916 is
3068 3878 3171 3917 nec
3204 3862 3367 3919 facile
3398 3864 3469 3918 ad
3504 3863 3655 3918 male

250 3947 324 3999 de
356 3946 469 4000 alio
503 3945 923 4016 suspicandum
959 3950 1239 4001 movetur.
1272 3948 1433 4012 Quod
1466 3952 1659 4003 autem
1682 3950 1808 4020 jam
1841 3969 1960 4009 non
2001 3969 2213 4021 sermo,
2246 3950 2346 4006 sed
2394 3965 2485 4003 res
2514 3952 2625 4016 est,
2662 3964 2765 4003 nec
2816 3948 3178 4020 inexplorata
3208 3951 3473 4022 quaedam
3522 3968 3655 4007 sus-

251 4034 428 4105 picio,
462 4035 559 4088 sed
595 4034 942 4090 certissimis
973 4035 1338 4107 argumentis
1368 4036 1503 4091 nixa
1532 4039 1858 4108 persuasio,
1886 4042 1947 4097 id
1976 4042 2149 4098 etiam
2184 4038 2453 4095 narrabo.

325 4123 414 4189 Ιζ’.
491 4119 657 4197 Τέρας
729 4142 783 4175 τι
867 4119 1271 4192 Καππαδόκων,
1334 4120 1393 4177 ἐκ
1449 4128 1555 4178 τῶν
1635 4124 1901 4201 ἰσχατιῶν

247 4213 359 4263 τῶν
415 4208 697 4282 ἡμετέρων
757 4211 1105 4284 ὁρμώμενον,
1164 4213 1408 4285 πονηρὸν
1466 4213 1528 4268 τὸ
1577 4212 1751 4290 γένος,
1811 4237 1908 4271 πο-

248 4296 547 4373 νηρότερον
596 4302 695 4367 τήν
766 4295 1024 4371 διάνοιαν³
1086 4296 1211 4353 οὐδὲ
1275 4298 1552 4364 παντελῶς
1602 4301 1905 4381 ἐλεύθερον,

250 4383 381 4440 ἀλλ’
444 4385 751 4458 ἐπίμικτον,
825 4386 941 4442 οἷον
1003 4387 1065 4442 τὸ
1114 4391 1221 4443 τῶν
1270 4388 1516 4462 ἡμιόνων
1566 4384 1907 4467 γινώσκομεν

325 4492 369 4527 δι
404 4490 567 4547 Prov.
602 4509 753 4560 xxv1,
785 4492 841 4548 9.
916 4494 962 4527 ⁸³
988 4493 1117 4550 Luc.
1153 4510 1232 4562 v1,
1265 4494 1353 4550 16.
1430 4494 1474 4530 ⁵³
1503 4496 1554 4551 ll
1590 4496 1732 4570 Reg.
1765 4517 1856 4555 xv.
1876 4500 1943 4555 ὃ.

1939 4650 1987 4715 D
2090 4612 2204 4737 (96)
2234 4611 2320 4665 Ἐν
2356 4606 2608 4695 ἀυμπὲλῳ.
2634 4610 2727 4666 Sic
2754 4614 2894 4693 Reg.
2930 4610 3029 4685 ph,
3054 4611 3149 4668 Or.
3184 4614 3211 4667 1
3247 4616 3303 4668 et
3331 4617 3461 4695 Par.
3489 4612 3665 4685 Cois].

2023 4685 2064 4739 Ι.
2123 4704 2148 4736 ν
2184 4678 2489 4739 ἀμπελωνι.
2520 4680 2699 4737 Deest
2728 4679 2777 4734 ἐν
2813 4700 2869 4737 In
2903 4682 2993 4737 ed.

250 4628 281 4655 «
315 4604 472 4682 inter
499 4606 721 4676 primos
753 4606 987 4682 pietatis
1021 4607 1262 4682 pugiles
1301 4625 1366 4682 ac
1395 4609 1754 4682 defensores,
1791 4634 1818 4660 ι)
1851 4613 1909 4667 id

249 4681 366 4753 est,
397 4699 425 4725 «
460 4677 612 4732 inter
641 4677 873 4753 concilii
902 4677 1132 4753 Patr—es.—
1160 4702 1188 4729 »
1221 4679 1383 4735 Unde
1412 4677 1910 4753 Gregorius'hanc

253 4748 543 4803 rationem
569 4749 778 4824 reddit,
804 4751 957 4824 quod
988 4751 1230 4815 scilicet,
1256 4773 1284 4801 «
1306 4768 1419 4806 non
1453 4748 1650 4808 minus
1680 4755 1907 4824 virtute,

252 4836 434 4945 quartn
468 4822 758 4891 graduum
804 4822 1104 4892 dignitate,
1138 4824 1377 4878 honoris
1406 4826 1743 4896 praestantia
1773 4822 1908 4884 ceu;

255 4907 387 4945 sere
419 4907 506 4945 ur.
542 4913 570 4941 ››

255 4907 506 4946 seretur.
542 4913 570 4941 ››

354 4963 454 5050 91),
504 4959 816 5038 Περιῤῥὲον.
876 4966 969 5021 Or.
1031 4965 1084 5037 1,
1158 4961 1481 5040 περιρρέων.
1540 4971 1681 5040 Reg.
1736 4985 1789 5024 α.
1848 4971 1908 5040 d,

332 4963 444 5032 (91)
504 4966 529 5015 I

254 5030 529 5087 ἐπιὸὸέον.

333 5046 715 5185 ίξξῗοέἐρᾷςις.
750 5105 922 5185 Goisl.
960 5108 1078 5185 i‘et
1102 5108 1391 5185 Combeli,
1425 5106 1712 5185 εὑρετικόν.

333 5175 447 5252 (93)
501 5175 619 5252 Καί.
670 5179 929 5252 Quatuor
972 5178 1133 5252 Reg.,
1184 5180 1458 5235 undecim
1486 5175 1693 5250 'Colb.,
1725 5180 1820 5236 Or.
1858 5183 1907 5251 1,

254 5248 317 5315 ἡ.
350 5247 512 5303 Unus
545 5248 707 5320 Reg.,
741 5248 829 5301 καὶ
861 5250 916 5316 ἡ.

339 5320 449 5392 (94)
496 5321 863 5392 ΑΠαρῃτήσθω.
929 5320 1018 5375 Sic
1071 5322 1224 5392 Reg.
1298 5320 1418 5388 bm,
1478 5320 1580 5392 ph,
1639 5325 1911 5380 undecim

254 5389 450 5465 Colb.,
482 5389 822 5465 Or.'l‘._Alii,
856 5389 1214 5465 παρῃτείσθω,
1240 5389 1543 5465 mendose.
1574 5394 1732 5449 Enrr.

334 5463 447 5537 (95)
491 5460 943 5537 ,Προελομὲνωνζ
974 5460 1119 5537 ξδὶοᾼ
1151 5464 1411 5537 quinque
1480 5465 1641 5537 Reg,
1703 5466 1799 5521 Or.
1862 5466 1911 5534 1,

252 5530 523 5606 Combef.
562 5530 623 5589 In
657 5530 770 5599 edi,
806 5530 1249 5606 προσελομένων.
1285 5530 1413 5588 Haec
1444 5530 1710 5591 observat
1731 5530 1912 5593 Theo;

255 5605 436 5687 lﬁogus
469 5611 706 5687 propter
725 5605 1069 5687 Georgium,
1099 5607 1198 5687 qui
1233 5606 1715 5687 Cappadoxerat,
1748 5612 1813 5687 et_
1834 5609 1918 5666 in-

253 5678 642 5760 fensissimus
669 5678 974 5736 Athanasii
994 5678 1201 5750 hostis,
1226 5678 1325 5750 qui
1357 5678 1487 5749 ejus
1511 5679 1684 5735 etiam
1717 5682 1917 5738 sedem

256 5755 591 5824 occupavit.

590 5878 851 5943 Ρλτιιοι..
898 5878 1009 5942 Ga.
1056 5876 1304 5945 XXXV.

2084 4129 2227 4184 XVI.
2261 4127 2569 4199 Cappadox
2599 4126 2891 4197 quoddam
2938 4132 3289 4197 monstrum,
3325 4145 3394 4184 ex
3433 4128 3664 4185 ultimis

2013 4223 2181 4274 terra;
2213 4222 2425 4272 nostrae
2473 4215 2691 4271 finibus
2748 4216 3088 4284 oriundum,
3150 4217 3370 4273 malum
3429 4234 3663 4290 genere,

2015 4308 2213 4363 animo
2246 4305 2433 4377 pejus,
2468 4321 2540 4360 ne
2570 4304 2730 4359 omni
2771 4305 3007 4375 quidem
3059 4321 3126 4361 ex
3181 4311 3344 4378 parte
3388 4307 3665 4375 liberum,

2016 4396 2118 4452 sed
2149 4395 2396 4461 dubium
2437 4409 2503 4448 ac
2553 4391 2923 4464 permistum,
2982 4395 3315 4465 cujusmodi
3366 4396 3666 4451 mularum

2123 4704 2148 4736 ν
2184 4670 2489 4754 ἀμπελῶνι.
2520 4670 2699 4754 Deest
2728 4679 2777 4734 ἐν
2903 4670 2993 4737 οδ.

2091 4752 2588 4880 (97)⁴Ομώνυμον.
2641 4752 2985 4825 Gregorium
3019 4755 3348 4838 quemdam
3394 4754 3671 4826 intelligit

2091 4843 2173 4880 I80
2201 4842 2366 4880 onus.
2401 4842 2525 4880 aut.
2558 4823 2726 4880 uulso
2756 4826 3169 4880 Athanasno.1n
3201 4838 3328 4880 eius
3360 4827 3559 4880 sedem
3594 4826 3665 4880 ab

2017 4823 2366 4898 Theologus,
2401 4823 2525 4896 qui,
2558 4823 3091 4898 pulsoﬁthanasio,
3111 4826 3169 4879 in
3201 4828 3328 4898 ejus
3360 4827 3559 4881 sedem
3590 4823 3665 4881 ab

2018 4897 2259 4954 Arianis’
2310 4898 2668 4968 subrogatus
2725 4897 2951 4961 fuerat;
3008 4913 3182 4968 quem
3236 4897 3416 4952 etiam
3472 4903 3671 4968 postea

2020 4974 2383 5036 amoverunt,
2417 4967 2593 5039 atque
2623 4967 2680 5021 in
2714 4969 2842 5037 ejus
2876 4967 3070 5023 locum
3098 4970 3408 5040 Georgium
3442 4967 3670 5040 Cappa-

2020 5042 2220 5097 docem
2256 5041 2657 5095 instituerunt.

2090 5114 2204 5184 (98)
2234 5110 2531 5184 Hecatam,
2570 5112 2705 5181 Reg.
2740 5114 2857 5184 c_et
2886 5110 3167 5184 Combe_f.,
3202 5106 3452 5184 δεσπότῃ.

2092 5162 2205 5256 (φοι
2234 5162 2337 5235 ἓν
2362 5162 2853 5256 τέ”ἱὲιζὼνσοιδξζ
2897 5162 3020 5236 ne:
3045 5162 3249 5256 nam
3298 5162 3477 5256 auiti.
3513 5184 3671 5256 ίηιιςςι

2022 5253 2123 5311 lib.
2155 5273 2210 5322 χ,
2243 5271 2291 5309 ο.
2330 5256 2415 5318 17,
2465 5258 2520 5307 et
2562 5255 2747 5318 Socr.,
2796 5253 2894 5306 lib.
2930 5270 2967 5319 ι,
3020 5268 3068 5307 c.
3102 5254 3193 5317 29,
3240 5254 3560 5309 Athanasio
3600 5255 3673 5309 ab

2022 5327 2249 5381 Arianis
2279 5328 2570 5395 objectum
2631 5326 2755 5389 luit,
2792 5328 2969 5395 quod,
3007 5326 3239 5395 magicas
3281 5325 3423 5379 artis
3472 5342 3669 5391 causa,

2023 5400 2266 5453 Arsenio
2298 5397 2530 5452 cuidam
2557 5396 2858 5450 brachium
2892 5402 3276 5453 amputasset.
3306 5401 3515 5451 Verum
3546 5403 3668 5451 stas

2024 5470 2130 5524 tim
2191 5470 2307 5543 haec
2364 5468 2801 5543 transdetecta
2846 5476 2950 5543 est.
3002 5468 3148 5543 Nam
3198 5469 3672 5543 ipseuArsenius,

2024 5558 2197 5613 quem
2234 5541 2378 5596 falso
2426 5540 2497 5594 ab
2528 5538 2841 5613 Athanasio
2897 5538 3268 5613 interfectum
3309 5540 3674 5611 dictitabant,

2026 5609 2090 5696 se
2140 5609 2597 5696 episc0pis,'qui
2645 5611 2859 5696 Tyrum
2909 5627 3061 5696 anno
3111 5612 3218 5668 335
3265 5609 3674 5682 convenerant,

2026 5682 2226 5749 vivum
2255 5689 2311 5742 et
2337 5682 2705 5740 incolumem
2728 5682 3002 5742 ostendit.
3632 5700 3633 5705 π

3283 5885 3361 5952 35
