4056 6274
464 394 620 454 1099

1712 394 1777 453 S.
1822 390 2191 451 GBEGORII
2237 386 2631 449 THEOLOGI

3721 390 3872 451 1100

468 542 653 599 genus
676 541 806 581 esse
826 530 1086 594 constat;
1114 526 1369 597 primum
1394 525 1595 581 alienae
1633 540 1847 579 mensae
1887 523 2108 577 manci-

2230 518 2288 572 τά
2366 519 2459 590 μὲν
2535 522 2721 592 πρῶτα
2792 519 3063 593 τραπέζης
3143 517 3438 591 ἀλλοτρίας
3509 516 3737 585 δοῦλον,
3785 520 3869 574 καὶ

471 615 655 687 pium,
708 620 876 685 atque
926 615 1037 669 offa
1084 614 1303 684 venale,
1350 617 1552 685 sicque
1606 618 2007 685 comparatum
2058 616 2113 666 et

463 705 756 772 edoctum,
780 714 843 758 ut
873 704 1071 759 omnia
1094 705 1161 757 ari
1192 703 1407 757 ventris
1436 704 1681 773 gratiam
1716 708 1840 756 tum
1877 704 2109 767 faceret,

465 798 589 847 tum
626 792 994 863 loqueretur;
1028 793 1265 846 tandem
1299 809 1430 845 cum
1459 793 1529 845 ad
1565 790 1987 861 rempublicam
2012 805 2110 857 ge—

465 880 705 936 rendam
741 881 1011 952 pestifere
1061 896 1123 934 se
1166 879 1530 945 contulisset,
1567 886 1741 949 atque
1774 885 2029 932 extremo
2056 880 2113 930 et

466 969 874 1025 sordidissimo
926 969 1083 1023 illius
1135 969 1384 1031 muneri,
1419 969 1525 1023 hoc
1556 974 1663 1038 est,
1699 967 1889 1023 suillis
1922 966 2111 1021 carni-

466 1059 600 1127 bus,
646 1059 860 1130 quibus
911 1058 1081 1111 turba
1141 1057 1413 1111 militaris
1467 1057 1659 1122 alitur,
1722 1055 2112 1126 suscipiendis

466 1149 773 1219 praefectus
822 1148 1048 1217 fuisset,
1100 1152 1275 1218 atque
1324 1147 1383 1200 in
1430 1146 1684 1201 comisso
1728 1145 1836 1200 sibi
1879 1145 2111 1215 negotio

465 1237 713 1292 inﬁdum
739 1253 801 1291 se
835 1236 1203 1307 praebuisset,
1235 1240 1537 1306 totamque
1569 1236 1830 1290 muneris
1872 1232 1962 1288 sui
2012 1233 2112 1286 ad-

466 1326 959 1381 ministrationem
990 1326 1061 1380 ad
1094 1330 1350 1379 ventrem
1382 1324 1696 1391 retulisset,
1732 1328 2111 1394 posteaquam

467 1414 613 1471 nihil
661 1413 743 1469 illi
795 1419 1003 1486 praeter
1044 1431 1256 1485 corpus
1306 1413 1511 1486 reliqui
1564 1414 1692 1483 fuit,
1746 1409 2115 1484 profugiendi

468 1502 757 1560 consilum
789 1503 964 1574 capit,
997 1506 1173 1573 atque
1222 1502 1395 1557 aliam
1428 1519 1494 1557 ex
1544 1501 1657 1556 alia
1703 1501 1999 1572 regionem
2048 1514 2115 1553 ac

470 1592 786 1657 civitatem,
820 1594 886 1646 ut
933 1590 1307 1662 fugitivorum
1358 1607 1485 1645 mos
1529 1594 1637 1651 est,
1671 1590 1921 1645 subinde
1981 1604 2116 1659 per-

472 1686 730 1749 mutans,
765 1684 1081 1751 postremo,
1115 1679 1186 1733 ad
1224 1695 1596 1733 communem
1630 1676 1890 1732 Ecclesiae
1922 1674 2115 1747 perni-

474 1770 646 1839 ciem,
680 1768 868 1823 instar
907 1768 1215 1839 cujusdam
1256 1768 1602 1839 Egyptiacm
1636 1767 1838 1839 plagae,
1872 1765 2117 1820 Alexan-

471 1857 662 1913 driam
697 1856 875 1911 venit.
910 1855 1014 1911 Hic
1043 1855 1241 1926 vagari
1293 1857 1526 1923 desinit,
1550 1856 1987 1927 improbitatem
2022 1870 2119 1907 au-

467 1952 585 2002 tem
613 1950 671 2001 et
698 1945 1011 2000 versutiam
1036 1945 1394 2016 auspicatur.
1414 1945 1695 1999 Caeterum
1732 1944 1950 1997 nullius
1982 1942 2111 2014 qui-

468 2037 599 2090 dem
630 2032 795 2106 pretii
816 2037 958 2103 erat,
976 2050 1087 2088 non
1114 2032 1454 2088 liberalibus
1476 2032 1800 2104 disciplinis
1821 2033 2109 2101 imbutus,

2227 608 2399 678 μάζης
2447 604 2631 677 ὢνιον,
2690 608 2861 661 πάντα
2904 608 2990 661 xui
3042 614 3215 662 ποιεῖν
3267 610 3355 663 καὶ
3407 606 3609 683 λέγειν,
3675 608 3761 663 ἐπὶ
3804 609 3869 683 τῇ

2222 697 2410 770 γαστρὶ
2475 696 2811 767 μεμαθηκός·
2870 700 2935 750 τα
2989 696 3275 751 τελευταῖα
3334 695 3391 751 δὲ
3457 698 3545 751 καὶ
3621 697 3870 769 πολιτείᾳ

2221 786 2636 859 παρεισφθαρέν,
2708 784 2796 838 καὶ
2868 787 3144 848 πιστευθὲν
3220 785 3422 855 ταύτης
3496 788 3562 839 τὰ
3650 786 3865 862 ἔσχατα,

2222 874 2344 927 ’ὀσον
2381 874 2535 927 ὑείων
2570 878 2739 948 κρεῶν
2787 872 3066 948 ύποδοχέα
3126 876 3390 949 γενέσθαι,
3454 877 3534 937 οἷς
3594 876 3656 929 τὸ
3716 897 3866 950 στρα-

2220 964 2471 1017 τιωτικὸν
2549 962 2834 1040 τρέφεται·
2915 964 3027 1017 εἶτα
3104 966 3264 1018 κακὸν
3341 965 3464 1039 περὶ
3529 966 3628 1032 τὴν
3688 966 3860 1019 πίστιν

2222 1052 2534 1125 γενόμενον,
2606 1053 2695 1106 καὶ
2768 1056 2835 1124 τῇ
2888 1053 3075 1128 γαστρὶ
3135 1052 3618 1125 πολιτευσάμενον,
3680 1052 3859 1121 ἐπειδὴ

2220 1141 2281 1195 τὸ
2350 1146 2508 1213 σῶμα
2587 1140 2906 1196 ὑπελείπετο
2988 1142 3169 1213 μόνον,
3235 1140 3472 1218 δρασμὸν
3535 1142 3727 1211 έννοεῖ,
3778 1144 3863 1198 καὶ

2224 1227 2400 1299 ἄλλην
2462 1229 2511 1301 ἐξ
2572 1228 2749 1300 ἄλλης
2806 1225 3046 1302 ἀμείϐων
3084 1233 3269 1306 χώραν
3322 1231 3408 1285 xui
3442 1230 3628 1299 πόλιν,
3690 1233 3777 1287 οἶα
3804 1235 3865 1287 τὰ

2221 1321 2327 1370 τῶν
2380 1315 2655 1394 φυγάδων,
2714 1316 2871 1379 τέλος
2920 1317 3006 1372 ἐπὶ
3056 1325 3204 1391 κακῷ
3250 1324 3345 1373 τοῦ
3376 1324 3562 1374 κοινοῦ
3592 1328 3691 1389 τῆς
3748 1323 3861 1375 Ἐκ-

2222 1404 2473 1476 κλησίας,
2525 1405 2637 1459 οῖὸν
2692 1426 2773 1466 τις
2819 1405 3159 1481 Αἰγυπτιακὴ
3194 1407 3409 1482 πληγή,
3463 1410 3561 1477 τὴν
3618 1408 3864 1479 ’Δλεξαν-

2226 1493 2393 1570 δρέων
2448 1490 2874 1566 καταλαμϐάνει.
2930 1497 3190 1560 Ἐνταῦθα
3243 1504 3344 1565 τῆς
3422 1497 3563 1567 ἄλης
3642 1497 3867 1569 ἵσταται,

2222 1584 2313 1636 καὶ
2389 1591 2486 1652 τῆς
2541 1583 2863 1659 κακουργίας
2942 1582 3190 1659 ἄρχεται.
3261 1586 3357 1639 Καὶ
3416 1587 3483 1655 ἦν
3540 1585 3722 1641 τᾶλλα
3783 1590 3870 1660 μὲν

2227 1670 2442 1733 οὐδενὸς
2498 1670 2662 1742 ἄξιος,
2715 1673 2775 1726 οὐ
2821 1672 2997 1749 λόγων
3038 1674 3356 1747 ἐλευθερίων
3401 1678 3781 1751 μετεσχηκὼς,
3815 1677 3869 1731 οὐ

2223 1763 2322 1829 τὴν
2397 1762 2674 1815 συνουσίαν
2754 1762 3068 1835 στωμύλος,
3145 1763 3244 1818 ούκ
3314 1759 3599 1827 εὐλαϐείας
3680 1772 3870 1840 σχῆμα

2227 1848 2355 1925 γοῦν
2433 1872 2482 1904 τι
2541 1851 2630 1905 καὶ
2697 1851 2924 1923 πλάσμα
2971 1853 3122 1907 κενὸν
3191 1855 3268 1925 (1)
3324 1853 3717 1929 περικείμενος,
3778 1876 3867 1909 xu-

2222 1946 2521 2014 κουργῆσαι
2580 1940 2635 1993 δὲ
2696 1943 2795 2012 (2),
2829 1940 2917 1994 xui
2968 1943 3197 2017 συγχέαι
3230 1943 3487 2018 πράματα
3516 1943 3731 1997 πάντων
3764 1941 3865 1998 δει-

2220 2028 2458 2091 νότατος.

467 2139 583 2179 non
614 2122 673 2177 in
705 2138 1020 2194 congressu
1053 2126 1111 2176 et
1140 2121 1429 2193 colloquio
1460 2123 1702 2186 facetus,
1739 2139 1850 2176 non
1892 2120 2124 2191 pietatis
2155 2120 2373 2174 larvam
2426 2120 2633 2175 saltem
2664 2125 2719 2176 et
2744 2121 2977 2176 inanem
3014 2122 3265 2193 speciem
3299 2124 3633 2194 praeferens,
3669 2140 3867 2179 verum

468 2214 538 2267 ad
573 2212 948 2283 suscipienda
978 2211 1255 2279 facinora,
1291 2227 1499 2282 resque
1530 2211 1955 2282 perturbandae
1986 2208 2482 2279 appositissimus.

538 2300 703 2355 XVII.
736 2299 932 2355 Nostis
970 2315 1196 2369 omnes,
1253 2315 1317 2354 ac
1369 2300 1862 2364 commemoratis,
1918 2296 2117 2367 qualia

467 2390 747 2445 adversus
796 2392 1071 2444 sanctum
1120 2388 1312 2442 virum
1378 2388 1696 2443 insolenter
1744 2386 2111 2458 perpetrarit.

469 2479 728 2549 Persepe
760 2478 916 2532 enim
949 2477 1267 2550 impiorum
1301 2478 1598 2541 manibus,
1623 2493 1687 2531 ac
1720 2477 1989 2547 potestati
2012 2474 2119 2529 viri

462 2568 609 2639 justi
643 2567 938 2621 deduntur
966 2567 1029 2636 ⁵⁸,
1067 2583 1180 2621 non
1216 2570 1279 2619 ut
1310 2565 1426 2621 illis
1457 2566 1641 2620 honor
1673 2566 1973 2629 habeatur,
2014 2564 2115 2619 sed

470 2660 535 2710 ut
563 2655 775 2710 horum
820 2654 1003 2710 virtus
1032 2654 1363 2726 exploretur
1393 2671 1406 2708 :
1442 2659 1497 2709 et
1526 2671 1864 2726 quanquam
1896 2654 2116 2725 impro-

474 2744 682 2805 borum
719 2760 875 2799 mors
908 2744 1162 2815 pessima
1193 2744 1271 2798 sit
1316 2744 1378 2812 ⁵⁵,
1413 2744 1909 2815 quemadmodum
1962 2742 2115 2797 Scri-

475 2836 649 2905 ptura
670 2832 1286 2899 testatur,deridentur
1312 2837 1505 2887 tamen
1532 2832 1761 2887 interim
1794 2832 1849 2886 in
1876 2833 1980 2886 hac
2002 2831 2118 2886 vita

472 2921 711 2994 pietatis
760 2919 1036 2986 cultores,
1091 2921 1233 2975 dum
1293 2920 1393 2975 Dei
1451 2921 1787 2993 benignitas
1831 2921 2118 2991 tantisper

472 3010 855 3074 occoultatur,
887 3026 953 3065 ac
984 3009 1165 3064 latent
1186 3010 1357 3064 etiam
1386 3010 1538 3065 396
1561 3026 1773 3081 magna
1802 3027 2000 3064 earum
2027 3025 2113 3063 re-

469 3115 602 3154 rum
622 3098 1177 3171 promptuaria,quzs
1198 3098 1255 3153 in
1278 3104 1573 3170 posterum
1594 3100 1900 3170 utriusque
1924 3114 2116 3153 recon-

472 3188 694 3242 duntur
726 3204 737 3242 ε
774 3192 899 3241 tum
945 3204 1081 3242 cum
1130 3190 1187 3241 et
1217 3203 1429 3253 sermo,
1464 3192 1520 3241 et
1552 3188 1721 3257 actio,
1755 3193 1811 3241 et
1840 3187 2111 3253 cogitatio

463 3276 629 3346 justa
676 3277 771 3330 Dei
811 3274 1031 3330 trutina
1079 3276 1521 3345 sxpendentur;
1571 3292 1703 3330 cum
1738 3276 1959 3331 scilicet
1988 3276 2112 3347 ipse

2298 2297 2370 2349 ΙΖ¹
2452 2296 2495 2350 '1
2570 2317 2588 2327 ρ
2734 2296 2747 2315 ‘
2824 2292 2850 2348 δ
2985 2302 3005 2311 ν
3699 2298 3711 2315 ‘
3840 2302 3867 2312 “

2379 2340 2390 2350 .
2504 2316 2590 2349 στι
2660 2316 2748 2349 και
2860 2307 3099 2369 ιηγεισθε
3172 2297 3387 2365 πάντες,
3450 2296 3536 2351 οἷα
3584 2318 3722 2352 κατα
3778 2319 3871 2353 του

2227 2383 2377 2458 ἀγίου
2452 2384 2796 2438 νεανιεύεται.
2874 2382 3264 2459 ΙΙαραδίδονται
3339 2386 3439 2461 γὰρ
3510 2386 3598 2440 καὶ
3671 2383 3872 2440 δίκαιοι

2225 2471 2495 2534 πολλάκις
2542 2472 2615 2534 εἷς
2672 2477 2861 2547 χεῖρας
2910 2468 3134 2540 ἀσεϐῶν,
3188 2472 3295 2548 οὐχ
3336 2474 3425 2528 ἳνα
3456 2473 3653 2529 ἐκεῖνοι
3703 2496 3875 2546 τιμη-

2229 2566 2411 2627 θῶσιν,
2482 2560 2608 2616 ἀλλ’
2677 2559 2767 2614 ’ἱνα
2842 2558 2993 2614 οὗτοι
3051 2559 3460 2635 δοκιμασθῶσι·
3522 2564 3611 2617 καὶ
3675 2562 3874 2640 φαῦλοι

2233 2652 2326 2721 μὲν
2390 2652 2464 2722 (3)
2526 2650 2575 2703 ἐν
2637 2647 2845 2720 θανάτῳ
2903 2648 3137 2723 ἰξαισίῳ,
3198 2652 3286 2704 καὶ
3343 2652 3406 2705 τὸ
3469 2654 3871 2726 γεγραμμένον,

2227 2738 2631 2812 καταγελῶνται
2674 2737 2729 2791 δὲ
2772 2738 2923 2810 ὅμως
2973 2740 3107 2814 πρὸς
3165 2740 3226 2794 τὸ
3256 2741 3425 2813 παρὸν
3477 2737 3741 2807 εὐσεϐεῖς,
3772 2738 3876 2801 ἕως

2225 2830 2260 2896 ἡ
2293 2827 2606 2904 χρηστότης
2655 2832 2751 2881 τοῦ
2800 2832 2932 2881 Θεοῦ
2981 2827 3269 2903 κρύπτεται
3308 2831 3407 2902 (4),
3440 2829 3527 2883 καὶ
3558 2830 3626 2883 τα
3659 2831 3878 2904 μεγάλα

2223 2923 2444 2989 ταμιεῖα
2511 2922 2617 2971 τῶν
2686 2916 2901 2991 ὕστερον
2990 2919 3065 2989 (5)
3143 2916 3413 2991 ἰκατέροις
3468 2918 3876 2991 ἀποκειμένων

2225 3007 2387 3075 ἡνίκα
2440 3006 2528 3059 καὶ
2579 3006 2767 3079 λόγος,
2832 3004 2920 3059 καῖ
2984 3006 3197 3079 πρᾶξις,
3250 3007 3337 3061 καὶ
3403 3005 3696 3081 διανόημα,
3759 3014 3879 3071 τοῖς

2224 3094 2454 3157 δικαίοις
2509 3096 2767 3168 σταθμοῖς
2814 3098 2910 3149 τοῦ
2977 3100 3110 3149 Θεοῦ
3165 3094 3688 3168 ταλαντεύεται

2226 3186 2425 3257 ἀναστῇ
2484 3190 2660 3259 κρῖναι
2720 3185 2819 3251 τήν
2878 3191 3003 3258 γῆν,
3060 3186 3157 3252 τήν
3224 3185 3430 3259 βουλὴν
3477 3186 3564 3239 καὶ
3613 3186 3680 3239 τὰ
3744 3184 3879 3263 ἔργα

2226 3275 2487 3348 συνάγων,
2545 3273 2633 3325 καὶ
2690 3277 2912 3346 γυμνῶν
2962 3273 3026 3326 τὰ
3077 3272 3473 3348 ἰσφραγισμένα
3525 3275 3655 3349 παρ’
3728 3275 3879 3345 αὐτῷ

3755 3097 3881 3151 ὅταν

470 3365 542 3419 ad
593 3364 978 3433 judicandam
1031 3370 1248 3419 terram
1307 3365 1594 3434 surrexit,
1665 3364 1973 3420 consilium
2056 3369 2113 3420 et

2230 3366 2311 3417 καὶ
2386 3356 2687 3434 σωζόμενα.
2761 3366 2934 3415 Ταῦτα
2999 3363 3229 3425 πειθέτω
3289 3383 3345 3415 σε
3393 3362 3481 3416 καὶ
3544 3362 3727 3435 λέγων
3788 3364 3880 3417 καὶ

467 3466 645 3523 opera
674 3450 981 3523 colligens,
1002 3457 1177 3521 atque
1208 3468 1275 3506 ea
1308 3470 1433 3524 quas
1465 3454 1621 3524 apud
1655 3454 1847 3523 ipsum
1880 3455 2117 3509 condita

468 3544 526 3594 et
552 3539 862 3611 obsignata
890 3544 1049 3608 sunt,
1083 3540 1384 3611 detegens,
1434 3546 1489 3595 et
1518 3541 1575 3595 in
1628 3543 1887 3597 medium
1922 3544 2115 3613 profe-

468 3645 625 3683 rens.
651 3628 780 3683 Haec
808 3628 938 3693 tibi,
961 3632 1087 3681 tum
1121 3645 1389 3683 sermone
1408 3646 1535 3695 suo,
1561 3634 1684 3684 tum
1716 3631 1975 3685 cruciatu
2005 3631 2115 3687 .‘ob

474 3718 841 3788 persuadeat,
891 3718 986 3787 qui
1040 3734 1173 3771 cum
1206 3718 1378 3773 homo
1408 3724 1567 3773 esset
1594 3719 1854 3774 veritatis
1908 3722 2115 3789 cultor,

472 3805 922 3879 reprehensione
975 3805 1279 3870 in-munis,
1307 3807 1528 3876 justus,
1567 3808 1723 3878 pius,
1755 3813 1812 3862 et
1843 3825 2116 3879 quaecun-

471 3910 587 3965 que
614 3893 720 3963 illi,
752 3896 1064 3965 Scriptum
1115 3895 1468 3965 testimonio,
1514 3896 1872 3962 tribuuntur,
1928 3899 1999 3952 sb
2052 3914 2117 3953 eo

469 3982 806 4054 tamen,qui
838 3981 1033 4053 ipsum
1066 3984 1503 4054 depoposcerat,
1532 3989 1617 4039 tot
1646 3989 1887 4055 tamque
1918 3986 2119 4042 densis

471 4076 528 4126 st
558 4071 809 4142 copiosis
842 4071 1169 4127 assultibus
1202 4074 1484 4143 quatitur,
1520 4079 1583 4127 ut
1613 4091 1744 4128 cum
1774 4074 1941 4128 multi
1968 4092 2119 4146 saepe

471 4176 540 4213 ex
559 4158 718 4214 omni
736 4160 1039 4215 hominum
1075 4163 1356 4216 memoria
1385 4162 1444 4216 in
1466 4179 1754 4217 aerumnas
1784 4164 2115 4233 inciderint,

472 4246 697 4302 nonulli
745 4250 943 4316 etiam,
977 4256 1042 4303 ut
1093 4249 1393 4320 probabile
1440 4254 1546 4319 est,
1582 4251 1767 4305 vexati
1818 4258 1874 4307 et
1917 4252 2118 4307 afﬂicti

469 4336 707 4403 fuerint,
735 4353 904 4392 nemo
929 4342 1121 4392 tamen
1146 4354 1278 4391 cum
1308 4337 1467 4392 illius
1498 4338 1932 4395 calamitatibus
1961 4358 2117 4395 com-

469 4425 660 4495 parari
694 4430 888 4496 queat.
916 4426 1039 4480 Non
1060 4425 1213 4479 enim
1238 4428 1516 4497 pecunias
1545 4433 1772 4483 tantum
1797 4436 1853 4484 et
1879 4430 2116 4500 praedia,

2226 3453 2451 3526 πάσχων
2512 3446 2656 3506 Ἰὼϐ·
2716 3449 2772 3512 ὃς
2830 3451 2895 3519 ἦν
2959 3450 3053 3522 μὲν
3243 3449 3527 3523 ἅνθρωπος
3584 3450 3876 3521 ἀληθινὸς,

2228 3540 2529 3613 ἄμεμπτος,
2586 3537 2813 3611 δίκαιος,
2872 3535 3149 3610 θεοσεϐὴς,
3207 3540 3296 3593 καὶ
3355 3539 3453 3593 ὅσα
3513 3542 3884 3615 μεμαρτύρη-

2224 3649 2331 3683 ται·
2392 3631 2675 3690 τοσαύταις
2734 3626 2791 3682 δὶ
2848 3628 3147 3699 πλήσσεται
3204 3628 3349 3703 παρὰ
3399 3634 3495 3683 τοῦ
3552 3628 3883 3698 ἐξητηκὸτος

2224 3724 2341 3779 ταῖς
2398 3714 2735 3793 προσϐολαῖς
2794 3720 2891 3789 (8),
2950 3717 3037 3772 xui
3081 3717 3256 3779 οὕτως
3290 3716 3763 3787 ἀλλεπαλλήλοις
3793 3720 3881 3773 καὶ

2228 3806 2562 3883 φιλοτίμοις,
2617 3805 2754 3860 ὥστε
2810 3805 3035 3861 πολλῶν
3095 3804 3365 3867 πολλάκις
3434 3804 3493 3860 ἐκ
3518 3810 3617 3858 τοῦ
3680 3808 3885 3865 παντὸς

2228 3896 2423 3956 αἰῶνος
2482 3897 3000 3965 κακοπαθησάντων,
3060 3900 3166 3949 τῶν
3228 3892 3285 3948 δὲ
3338 3895 3412 3955 ὡς
3455 3894 3601 3956 εῗκὸς
3631 3895 3728 3949 καὶ
3788 3917 3884 3951 τα-

2228 3984 2694 4060 λαιπωρησάντων
2748 3987 2843 4057 (9),
2898 3983 3102 4057 μηδένα
3132 3984 3411 4045 εἶναιτοῖς
3443 3983 3650 4038 ἐκείνου
3719 4005 3883 4058 παρα·

2228 4071 2411 4127 ϐαλεῖν
2462 4080 2788 4151 συμφοραῖς.
2839 4073 2910 4127 Οὐ
2964 4074 3063 4147 γὰρ
3117 4073 3278 4145 μόνον
3310 4075 3594 4147 χρήματα,
3629 4075 3887 4145 κτήματα

2229 4161 2521 4233 εὐτεκνίαν,
2554 4161 2935 4231 πολυτεκνίαν,
2984 4162 3013 4215 ἂ
3057 4168 3215 4216 πᾶσιν
3246 4162 3553 4237 ἀνθρώποις
3588 4161 3706 4216 ἐστὶ
3744 4183 3891 4236 περι·

2228 4248 2555 4305 σπούδαστα·
2628 4250 2688 4304 οὐ
2758 4254 2925 4305 ταῦτα
2995 4256 3288 4323 ζημιοῦται
3358 4250 3547 4322 μόνον,
3621 4250 3703 4311 ὡς
3754 4248 3884 4323 μηδὲ

2229 4342 2451 4414 θρήνοις
2499 4340 2738 4414 γενέσθαι
2795 4360 2981 4414 χωραν
3037 4336 3125 4393 διὰ
3170 4340 3231 4392 τὸ
3264 4338 3488 4413 συνεχὲς
3516 4342 3627 4391 τῶν
3667 4344 3880 4393 κακῶν·

2229 4427 2371 4482 ἀλλὰ
2419 4428 2505 4481 καὶ
2569 4427 2694 4481 αὐτὸ
2742 4428 2805 4482 τὸ
2856 4433 3012 4501 σῶμα
3042 4427 3350 4483 τελευταῖον
3384 4425 3626 4501 πληγεὶς
3664 4428 3877 4501 πληγήν

467 4514 839 4585 splendidam
890 4531 956 4568 ac
1005 4530 1380 4570 numerosam
1433 4516 1676 4587 prolem,
1731 4534 1856 4588 quas
1905 4535 1995 4573 res
2046 4519 2113 4573 ab

2230 4516 2436 4571 ἀνίατόν
2494 4538 2552 4571 τε
2608 4516 2696 4571 καὶ
2752 4515 3146 4593 δυσθεώρητον,
3210 4518 3326 4592 εἶχε
3397 4517 3492 4587 μὶν
3559 4520 3874 4591 προσθήκην

537 4682 583 4717 ⁵⁸
608 4681 741 4737 Job.
776 4697 855 4750 Ix,
884 4682 987 4750 24;
1021 4698 1121 4751 x11,
1154 4685 1205 4737 4.
1283 4685 1326 4718 ⁸⁵
1358 4684 1448 4740 Ps.
1482 4702 1657 4756 xxxu,
1686 4687 1776 4741 22.

564 4862 615 4931 1)
646 4858 828 4915 Κενόν.
862 4860 924 4916 In
956 4863 1279 4931 nonnullis,
1310 4862 1490 4917 καινόν
1521 4888 1548 4915 ‹‹
1576 4882 1808 4920 novam.
1846 4886 1874 4914 »

536 4863 613 5004 (2)
646 4932 711 4986 At
741 4932 833 4988 Sic
864 4938 1115 5004 quatuor
1146 4935 1350 5004 Regg.,
1401 4936 1495 4991 Or.
1534 4938 1583 5004 1,
1617 4938 1818 4991 Comb.
1852 4938 1874 4991 Ι

498 4932 613 5059 d(2)
646 4932 711 4986 At
741 4932 833 4988 Sic
864 4938 1115 5004 quatuor
1146 4935 1350 5007 Regg.,
1401 4936 1495 4991 Or.
1534 4938 1583 5006 1,
1617 4938 1818 4991 Comb.
1852 4938 2022 4992 Deest
2051 4938 2111 4992 in

463 5022 554 5060 θα.

532 5076 609 5147 (3)
637 5072 771 5148 Μὲν.Δ
800 5074 970 5130 Deest
991 5076 1048 5131 in
1080 5076 1347 5148 pluribus
1380 5078 1548 5132 codd.

667 5145 1133 5238 lipdittetui.nSic
1189 5154 1440 5220 quatuor
1486 5149 1689 5219 Regg.,
1741 5154 1797 5203 et
1850 5150 2108 5205 Combsf.

460 5217 595 5281 Alii,
626 5217 834 5287 κρύπτη
850 5238 951 5271 ται,
987 5219 1146 5274 EDIT.

536 5289 877 5362 (5)_Tup.ttia
908 5292 1024 5362 fctiw
1076 5289 1313 5362 ὕστερον.
1364 5291 1456 5344 Sic
1505 5294 1623 5345 tres
1674 5291 1875 5362 Regg.,
1928 5293 2113 5347 trede-

463 5360 573 5416 cim
607 5360 997 5432 Colb.,ﬂCoisl.
1034 5362 1083 5429 1,
1134 5360 1228 5415 0r.
1284 5362 1333 5427 1,
1384 5361 1665 5432 Combef.,
1714 5360 1846 5427 θῶς,
1882 5369 1943 5417 In
1993 5365 2108 5430 ed.,

461 5436 657 5503 ωμεῖα
688 5432 764 5503 εἷς
794 5431 1031 5503 ὕστερον.

532 5502 609 5574 (θ)
667 5502 1073 5557 Ταλαντεύεται.
1136 5502 1229 5557 Sic
1284 5519 1389 5557 nos
1442 5520 1575 5559 cum
1636 5504 1917 5572 Combef.,
1974 5505 2110 5574 Alii,

460 5571 871 5641 ταλαντεύηται.

534 5646 608 5713 (7)
637 5646 730 5720 ’ος
777 5648 841 5720 ἧν
901 5641 1017 5720 μέν.
1071 5645 1165 5702 Sic
1216 5649 1466 5718 quatuor
1514 5650 1693 5720 Regg.
1743 5653 1801 5705 et
1850 5648 2107 5706 Combef.

464 5710 637 5771 Deest
667 5715 761 5794 μέν
791 5710 851 5774 in
882 5710 973 5773 ed.
1234 5710 1250 5718 ’
1599 5710 1670 5720 *ν
2094 5722 2101 5725 ’

2298 4868 2378 4940 (8)
2397 4870 2521 4927 Ταῖς
2558 4860 2916 4940 προσϐολαῖς.
2952 4868 3046 4923 Sic
3079 4872 3334 4940 quatuor
3365 4866 3573 4940 3.633.,
3609 4870 3673 4921 et
3704 4866 3800 4921 Or.
3835 4865 3881 4918 i.

2226 4938 2287 4992 In
2320 4939 2409 4992 ed.
2439 4942 2558 4998 ταῖς
2595 4938 2804 5009 legitur
2834 4945 2965 5009 post
2994 4941 3082 4993 καὶ
3098 4938 3310 5006 οὕτως,
3344 4938 3498 5010 quod
3536 4940 3894 4995 auctoritate

2225 5010 2491 5064 codicum
2525 5011 2988 5066 immutavimus.

2295 5081 2371 5147 (9)
2456 5082 3025 5150 Κακοπαθησάντων...
3134 5080 3222 5135 καὶ
3314 5077 3905 5151 ταλαιπωρησάντων.

2223 5150 2500 5213 Quamvis
2532 5154 2651 5209 haec
2700 5172 2888 5223 voces,
2923 5155 3075 5225 apud
3130 5154 3395 5217 Suidam,
3435 5155 3553 5206 fere
3575 5150 3770 5225 idem
3811 5169 3913 5207 so~

2223 5230 2381 5293 nent,
2434 5227 2812 5279 manifestum
2865 5223 3203 5291 esttamen,
3255 5226 3310 5279 in
3345 5223 3610 5295 Gregorii
3666 5231 3913 5287 mente,

2222 5301 2575 5368 postremam
2618 5297 2835 5367 aliquid
2871 5300 2940 5352 ad
2976 5299 3223 5368 primam
3281 5294 3512 5350 addere.
3568 5294 3917 5351 Credimus

2222 5366 2399 5435 igitur
2430 5366 2771 5437 Gregorium
2805 5366 3058 5424 voluisse
3104 5369 3437 5439 significare
3468 5382 3592 5429 eos,
3630 5367 3741 5436 qui
3786 5387 3919 5424 non

2219 5442 2447 5492 tantum
2502 5441 2672 5494 malis
2720 5442 2906 5495 vexati
2950 5446 3108 5509 sunt,
3144 5442 3239 5495 sed
3275 5440 3450 5493 etiam
3503 5454 3631 5501 eos,
3681 5443 3804 5507 qui
3845 5442 3923 5495 ad

2222 5511 2375 5563 mala
2407 5516 2463 5564 et
2492 5511 2693 5582 plagas
2727 5513 2988 5567 animum
3013 5512 3403 5576 indurarunt;
3441 5509 3525 5563 vel
3556 5510 3754 5566 etiam
3784 5529 3926 5582 eos,

2220 5582 2320 5654 qui
2353 5589 2704 5652 spontaneos
2736 5584 2963 5640 labores
2988 5602 3101 5639 non
3136 5587 3551 5654 susceperunt,
3582 5582 3692 5639 sed
3730 5583 3930 5641 illata

2220 5653 2291 5706 ab
2325 5654 2455 5707 aliis
2488 5656 2643 5711 mala
2672 5656 2934 5729 perpessi
2968 5660 3134 5714 sunt.
