4056 6274
324 434 460 498 “Ol

1231 432 1523 496 ORATIO
1566 425 1923 493 XXI.—IN
1969 426 2297 494 LAUDEM
2341 431 2789 496 ATHANASII.

3560 442 3715 505 1102

318 577 406 638 τῆς
464 574 747 645 συμφορᾶς
820 571 920 638 τήν
993 574 1221 644 γυναῖκα
1286 566 1783 642 παραμυθουμένην
1839 568 1990 637 τοῖς,

2079 566 2346 622 omnibus
2398 567 2734 623 hominibus
2785 569 3153 626 vehementer
3181 578 3563 643 expetuntur;
3600 595 3713 634 non

320 658 524 733 χείροσι
573 656 877 732 (πληγῆναι
927 659 1031 733 γὰρ
1088 655 1436 734 ἐφιλονείκει,
1494 653 1584 709 καὶ
1630 655 1731 723 τὴν
1775 655 1959 729 ψυχὴν

320 747 445 821 πρὸς
472 750 549 818 τῷ
588 747 842 819 σώματι)·
879 748 995 821 εἶχε
1026 742 1083 800 δὲ
1131 745 1219 800 καὶ
1269 750 1375 799 τῶν
1429 743 1604 821 φίλων
1649 742 1776 805 τοὺς
1824 764 1958 817 γνη-

320 837 606 897 σιωτάτους
668 834 1090 911 παρακλήτορας
1146 838 1362 903 κακῶν,
1424 833 1496 893 ὡς
1553 830 1711 893 αὐτός
1772 853 1959 908 φησιν,

321 926 374 979 οὐ
405 924 728 1000 θεραπευτάς
772 923 822 977 o‘i
876 925 939 978 τὸ
1001 928 1093 995 μὲν
1154 924 1320 984 πάθος
1379 922 1586 995 ἑώρων,
1640 922 1703 975 τὸ
1760 918 1817 974 δὲ
1863 924 1959 974 τοῦ

319 1016 513 1074 πάθους
566 1013 884 1088 ἀγνοοῦντες
944 1015 1274 1087 μυστήριον,
1334 1011 1395 1065 οὐ
1461 1010 1688 1085 βάσανον
1739 1009 1958 1084 ἀρετῆς,

318 1102 455 1157 ἀλλά
501 1103 687 1156 κακίας
740 1099 1042 1175 εἶ’σπραξιν,
1093 1102 1192 1169 τὴν
1244 1100 1462 1174 πληγήν
1528 1093 1954 1169 ὑπελάμϐανον.

320 1192 405 1246 Καὶ
460 1191 557 1245 οὐκ
619 1187 865 1262 ἐνόμιζον
926 1190 1088 1263 μόνον
1126 1232 1140 1256 ,
1193 1188 1315 1243 ἀλλ’
1366 1186 1492 1243 οὐδὲ
1539 1187 1846 1261 ᾐσχύνοντο
1896 1186 1957 1239 τὸ

318 1278 481 1336 δεινὸν
547 1278 893 1348 ὀνειδίζοντες
947 1282 1081 1350 (10),
1146 1278 1311 1333 ὁπότε
1365 1278 1455 1331 καὶ
1523 1276 1567 1331 εἴ
1630 1274 1717 1329 διὰ
1773 1274 1960 1330 κακίαν

319 1368 514 1444 ἔπασχε
548 1412 562 1436 ,
622 1370 930 1447 σοφίζεσθαι
1007 1369 1069 1422 τὸ
1145 1365 1352 1422 λυποῦν
1430 1364 1535 1421 ἔδει
1613 1363 1956 1441 παραμυθίας

319 1459 377 1535 ῥή
390 1480 573 1531 μασιν.

2071 655 2211 721 hanc,
2247 656 2511 727 inquam,
2545 658 2828 712 duntaxat
2876 658 3113 728 amittit,
3148 665 3202 715 et
3247 662 3483 732 quidem
3518 664 3619 733 ita,
3653 670 3718 722 ut

2072 759 2175 798 nec
2206 743 2461 800 luctibus
2493 745 2639 816 ipsis
2670 748 2741 800 ob
2784 747 3069 802 malorum
3104 751 3520 808 connexionem
3555 754 3715 811 locus

2071 838 2258 896 esset;
2288 834 2387 887 sed
2425 840 2717 904 postremo
2741 834 2797 888 in
2824 835 2985 904 ipsos
3017 854 3248 908 quoque
3277 856 3537 912 corpore,
3557 843 3715 898 incu-

2070 920 2241 974 rabili
2274 938 2339 975 ac
2382 922 2510 975 visu
2544 922 2717 977 etiam
2750 929 2897 978 tetra
2948 930 3003 978 et
3052 927 3316 982 horribili
3372 929 3541 1001 plaga
3578 933 3714 987 affe-

2069 1014 2198 1063 ctus
2227 1010 2289 1073 “3,
2329 1027 2431 1080 pro
2480 1012 2829 1066 calamitatis
2877 1014 3112 1069 cumulo
3160 1034 3393 1073 uxorem
3438 1020 3709 1089 habebat,

2071 1099 2367 1169 pejoribus
2421 1105 2477 1153 et
2533 1101 2900 1172 gravioribus
2959 1120 3092 1159 eum
3170 1107 3588 1165 conselantem.
3651 1112 3708 1167 ld

2067 1187 2227 1242 enim
2259 1188 2505 1243 obnoxie
2553 1191 2780 1260 agebat,
2838 1197 2898 1245 ut
2925 1193 2995 1247 ad
3028 1196 3286 1265 corporis
3324 1196 3552 1270 plagam
3588 1200 3710 1254 ani-

2069 1292 2176 1330 mae
2226 1276 2440 1332 vulnus
2492 1280 2808 1333 accederet.
2853 1280 2998 1346 Quin
3046 1283 3478 1343 sincerissimos
3535 1288 3710 1343 etiam

2067 1363 2286 1419 amicos
2335 1382 2475 1420 suos
2527 1367 2836 1432 malorum,
2885 1374 2948 1423 ut
2995 1369 3183 1441 ipsius
3227 1374 3418 1430 verbis
3467 1381 3597 1432 utar
3648 1379 3711 1444 ⁵⁷,

2067 1453 2458 1510 consolatores
2517 1454 2787 1526 habebat,
2839 1475 2953 1513 non
3004 1460 3382 1532 depulsores;
3426 1465 3524 1535 qui
3577 1483 3712 1523 cum

320 1552 499 1622 ipsius
533 1548 791 1603 dolorem
825 1548 1238 1619 perspicerent,
1272 1564 1376 1603 nec
1407 1544 1625 1601 doloris
1665 1560 1945 1600 arcanum
1987 1541 2402 1615 intelligerent,
2434 1544 2491 1598 in
2525 1561 2591 1599 ea
2621 1546 2891 1617 opinione
2919 1550 3322 1619 versabantur,
3357 1558 3422 1608 ut
3452 1570 3566 1609 non
3599 1556 3715 1610 vir-

316 1639 456 1693 tutis
486 1636 872 1706 explorandae,
898 1637 999 1691 sed
1033 1635 1362 1691 vindicandi
1396 1633 1633 1690 sceleris
1663 1649 1861 1694 causa,
1884 1632 2035 1686 hanc
2065 1630 2149 1684 illi
2182 1630 2412 1703 plagam
2444 1631 2724 1688 inﬂictam
2756 1651 2884 1690 esse
2914 1636 3336 1694 existimarent.
3366 1640 3512 1704 Quid
3549 1643 3718 1716 dice?

316 1725 759 1782 existimarent?
793 1726 912 1780 Imo
947 1741 1050 1779 nec
1081 1724 1470 1779 calamitatem
1502 1723 1551 1778 ei
1585 1724 1931 1792 exprobrare
1960 1721 2340 1787 verebantur;
2372 1720 2550 1792 idque
2596 1739 2661 1777 eo
2707 1727 2987 1795 tempore,
3021 1743 3175 1794 cum,
3208 1728 3381 1784 etiam
3415 1731 3464 1785 si
3494 1734 3715 1801 peccati

318 1832 541 1888 pinnam
571 1813 775 1881 lueret,
809 1815 937 1884 ejus
968 1818 1165 1868 tamen
1196 1828 1470 1884 angorem
1503 1809 1736 1865 blandis
1766 1808 2137 1864 sermonibus
2170 1807 2365 1863 fallere
2397 1826 2460 1864 ac
2494 1810 2760 1883 mitigare
2791 1814 3186 1871 conveniebat.

384 1903 487 1957 IH'.
549 1900 702 1954 Οὕτω
766 1900 858 1972 μὲν
920 1898 1011 1953 οὖν
1073 1900 1101 1953 6
1162 1894 1307 1969 Ἰὼϐ,
1365 1899 1455 1954 καὶ
1509 1898 1577 1952 τὰ
1618 1900 1809 1972 πρῶτα
1852 1899 1990 1965 τῆς]

2132 1896 2325 1952 XVIII.
2354 1901 2473 1952 Hoc
2506 1898 2632 1970 ipso
2668 1900 2904 1972 quidem
2931 1908 3085 1958 statu
3110 1908 3234 1959 erat
3255 1905 3388 1976 Job,
3420 1925 3485 1963 ac
3508 1908 3712 1965 divinae

317 1989 434 2066 περῖ
483 1990 641 2045 αὐτὸν
692 1988 1087 2063 πραγματείας.
1137 1989 1308 2063 Ἀγὼν
1361 1989 1465 2062 γὰρ
1512 1989 1577 2055 ἦν
1624 1985 1819 2061 ἀρετῆς
1851 1987 1959 2058 (11)

317 2080 399 2134 καὶ
434 2079 648 2157 φθόνου·
681 2082 777 2131 τοῦ
827 2077 940 2150 μὶν,
973 2076 1120 2138 ὅπως
1170 2081 1266 2130 τοῦ
1314 2076 1486 2130 καλοῦ
1533 2077 1777 2149 κρατήσῃ
1824 2075 1957 2147 (12),

318 2167 771 2245 φιλονεικοῦντος·
830 2172 931 2235 τῆς
991 2163 1080 2232 δὲ,
1138 2164 1285 2227 ὅπως
1328 2164 1602 2234 ἀήττητος
1662 2160 1959 2236 διαμείνῃ,

318 2257 485 2311 πάντα
542 2255 831 2334 φερούσης·
890 2255 979 2309 καὶ
1034 2259 1131 2309 τοῦ
1183 2254 1306 2327 μὶν,
1367 2252 1515 2314 ὅπως
1568 2249 1809 2325 εὖοδώσῃ
1855 2272 1958 2305 κα-

315 2348 453 2419 κίαν,
498 2345 921 2420 ἀγωνιζομένου,
975 2340 1063 2397 διὰ
1109 2350 1209 2413 τῆς
1256 2348 1363 2397 τῶν
1412 2340 1819 2417 κατορθούντων
1869 2361 1960 2394 κο-

319 2434 544 2496 λάσεως
604 2442 705 2503 τῆς
763 2431 840 2505 δὲ,
903 2432 1052 2495 ὅπως
1112 2433 1356 2507 κατάσχῃ
1394 2430 1519 2492 τοὺς
1569 2429 1825 2505 ἀγαθοὺς,
1858 2429 1953 2483 κάν

313 2530 426 2586 ταῖς
480 2528 785 2601 συμφοραῖς
832 2523 894 2577 τὸ
942 2521 1106 2578 πλέον
1157 2524 1269 2594 (13)
1311 2520 1557 2596 ἔχοντας.
1606 2520 1665 2573 Τί
1724 2516 1809 2573 δαὶ
1844 2521 1956 2593 (14)

315 2616 341 2668 ὁ
371 2614 507 2689 πρὸς
562 2612 722 2667 αὐτὸν
762 2611 1119 2687 χρηματίζων
1169 2608 1257 2665 διὰ
1306 2610 1575 2670 λαίλαπος
1623 2608 1713 2663 καὶ
1761 2612 1954 2685 νεφῶν,

315 2704 341 2756 ὁ
377 2700 575 2776 βραδὺς
608 2701 681 2762 είς
710 2699 958 2769 κόλασιν,
991 2702 1081 2754 καὶ
1128 2699 1300 2775 ταχὺς
1343 2699 1419 2761 εἷς
1471 2696 1780 2770 ἀντίληψιν,
1815 2698 1842 2749 ὁ
1878 2697 1952 2768 μὴ

312 2788 588 2852 παντελῶς
664 2788 905 2866 ἐπαφιεὶς
964 2784 1159 2865 ῥάϐδον
1222 2786 1563 2862 ἁμαρτωλῶν
1622 2785 1817 2861 κλήρῳ
1874 2783 1956 2839 δι-

313 2880 503 2949 καίων,
558 2878 650 2934 ’ίνα
705 2880 782 2952 μὴ
838 2878 1024 2932 κακίαν
1076 2875 1273 2932 δίκαιοι
1327 2878 1565 2949 μάθωσιν
1601 2894 1614 2943 ;
1647 2875 1768 2929 Ἐπὶ
1807 2869 1953 2929 τέλει

311 2973 417 3022 τῶν
474 2966 653 3031 ἄθλων
734 2965 1045 3042 ἀναγορεύει
1118 2966 1208 3020 τὸν
1267 2964 1510 3033 ἀθλητὴν
1587 2962 1824 3037 λαμπρῷ
1877 2966 1956 3034 τῷ

312 3056 647 3131 κηρύγματι,
697 3057 785 3109 καὶ
832 3058 1033 3130 γυμνοῖ
1079 3061 1177 3122 τῆς
1224 3051 1449 3127 πληγῆς
1508 3053 1570 3107 τὸ
1619 3050 1953 3127 ἀπόρρητον,

311 3144 424 3202 0’ίει
486 3167 552 3218 με
610 3142 795 3205 ἄλλως
854 3165 937 3197 σοι
995 3146 1108 3216 (15)
1163 3139 1671 3217 κεχρηματικέναι,
1730 3140 1902 3216 λέγων
1940 3186 1955 3212 ,

311 3234 344 3302 ἢ
399 3231 492 3286 ’ίνα
549 3234 821 3309 ἀναφανῇς
882 3229 1088 3292 δίκαιος
1151 3251 1165 3300 ;
1222 3235 1389 3284 Τοῦτο
1455 3234 1562 3284 τῶν
1630 3230 1952 3305 τραυμάτων

308 3322 369 3375 τὸ
423 3320 733 3397 φάρμακον,
784 3321 944 3381 οὗτος
994 3327 1090 3388 τῆς
1139 3319 1374 3394 ἀγωνίας
1427 3320 1454 3373 ὁ
1505 3319 1782 3395 στέφανος,
1820 3317 1952 3388 αὕτη

309 3413 408 3478 τῆς
445 3410 726 3481 ὑπομονῆς
758 3411 792 3476 ἡ
831 3405 1126 3470 ἀντίδοσις.
1158 3410 1231 3462 Τά
1257 3410 1359 3484 γὰρ
1394 3409 1513 3481 ἑξῆς
1545 3405 1675 3469 ἴσως
1725 3408 1811 3461 καὶ
1846 3410 1954 3479 (16)

318 3499 506 3574 μικρὰ,
564 3497 661 3551 κᾶν
723 3496 935 3573 μεγάλα
993 3498 1097 3551 τισὶ
1159 3496 1315 3571 δοκῇ,
1369 3498 1458 3552 καὶ
1521 3502 1728 3571 μικρῶν
1782 3493 1957 3551 ’ἐνεκεν

312 3588 765 3659 οἰκονομηθὲντα,
817 3587 905 3641 καὶ
959 3587 1003 3642 εἰ
1054 3584 1325 3659 διπλασίῳ
1372 3589 1485 3661 (17)
1531 3590 1638 3640 τῶν
1673 3585 1953 3664 ἀφῃρημέ-

308 3699 415 3730 νων
445 3671 852 3749 ἀντιλαμϐάνει.

387 3949 461 3997 ΙΘ’
494 3985 506 3998 .
567 3941 769 3995 Οὐκοῦν
843 3937 969 3995 οὐδὲ
1046 3940 1267 3995 ἐνταῦθα
1325 3940 1627 4013 θαυμαστὸν
1665 3985 1677 4009 ,
1739 3939 1782 3993 εί
1842 3940 1956 4011 (18)

312 4030 633 4094 ’Δθανασίου
682 4028 847 4084 πλέον
897 4027 1023 4104 ἔσχε
1073 4031 1363 4105 Γεώργιος’
1400 4028 1523 4084 ἀλλ’
1554 4027 1723 4082 ἐκεῖνό
1754 4049 1815 4102 γε
1846 4030 1958 4101 (19)

313 4120 758 4192 θαυμασιώτερον
792 4165 808 4191 ,
867 4119 911 4173 εἰ
969 4119 1044 4191 μή
1103 4117 1356 4193 ἐπυρώθη
1415 4123 1531 4179 ταῖς
1592 4115 1870 4192 ἐπηρείαις
1931 4118 1958 4171 ὁ

314 4206 544 4271 δίκαιος.
595 4205 736 4265 Οὐδὲ
791 4212 952 4261 τοῦτο
999 4207 1303 4279 θαυμαστὸν
1363 4207 1518 4274 ἄγαν,
1577 4203 1703 4260 ἀλλ’
1754 4204 1802 4259 εἷ’
1844 4207 1959 4279 (20)

313 4296 405 4350 ἐπὶ
450 4295 615 4351 πλέον
675 4297 729 4350 αἱ
778 4293 976 4371 φλόγες
1024 4292 1279 4370 ἤρκεσαν.
1333 4294 1599 4349 Ἐντεῦθεν
1658 4294 1686 4347 ὁ
1747 4293 1841 4365 μὶν
1893 4295 1957 4361 ἦν

313 4385 378 4440 ἐκ
402 4382 606 4455 ποδῶν,
638 4384 726 4439 καὶ
765 4386 864 4453 τήν
915 4380 1199 4462 φυγαδείαν
1251 4386 1363 4455 (21)
1407 4383 1482 4445 ὡς
1533 4380 1801 4437 κάλλιστα
1845 4379 1960 4435 δια-

308 4474 539 4531 τίθεται.
570 4479 696 4535 Τοῖς
748 4475 852 4549 γάρ
904 4473 1075 4548 ἱεροῖς
1122 4474 1211 4527 καὶ
1265 4472 1432 4534 θείοις
1482 4475 1587 4525 τῶν
1636 4472 1752 4526 κατ’
1798 4469 1964 4547 Αἴγυ-

310 4585 450 4618 πτον
510 4565 623 4636 (22)
681 4561 1122 4641 φροντιστηρίοις
1204 4560 1379 4639 φὲρων
1450 4560 1635 4615 ἑαυτὸν
1692 4557 1909 4614 δίδωσιν
1948 4580 1959 4593 ·

2071 1989 2227 2043 circa
2273 2003 2407 2041 eum
2456 1988 2699 2044 actionis
2749 1990 3038 2062 principia
3086 1992 3193 2047 hoc
3225 1996 3396 2049 modo
3443 2013 3505 2052 se
3538 1998 3713 2055 habe-

2070 2078 2232 2132 bant.
2286 2076 2452 2131 Virus
2502 2077 2660 2132 enim
2710 2094 2840 2133 cum
2876 2078 3074 2135 invido
3118 2083 3325 2153 spiritu
3356 2085 3709 2143 decertabat.

2072 2167 2196 2230 Hic,
2227 2170 2291 2220 ut
2316 2166 2589 2221 virtutem
2622 2174 2945 2239 superaret,
2974 2171 3133 2225 omni
3166 2188 3273 2243 ope
3297 2175 3712 2245 contendebat;

2069 2255 2188 2320 illa,
2249 2260 2313 2309 ut
2376 2255 2588 2310 invicta
2646 2263 3054 2327 permaneret,
3114 2262 3311 2315 omnia
3366 2263 3711 2333 perferebat.

2070 2348 2259 2414 Atque
2279 2343 2390 2413 hic,
2416 2349 2481 2398 ut
2504 2362 2604 2415 per
2625 2345 2921 2416 justorum
2958 2350 3281 2404 cruciatum
3314 2352 3450 2406 vitio
3483 2353 3712 2409 facilem

2067 2432 2221 2486 viam
2273 2438 2543 2503 strueret,
2598 2433 2938 2503 laborabat;
2983 2437 3102 2492 haec
3153 2444 3374 2510 contra,
3419 2444 3482 2495 ut
3528 2443 3714 2497 bonos

2068 2522 2363 2587 retineret,
2395 2522 2568 2577 etiam
2603 2522 2660 2577 in
2710 2523 3144 2582 calamitatibus
3178 2529 3529 2600 superiores.
3565 2531 3713 2595 Quid

2069 2628 2196 2666 vero
2230 2610 2300 2681 is,
2353 2611 2451 2682 qui
2504 2612 2656 2669 896
2706 2613 2774 2668 ad
2807 2630 2939 2669 eum
2974 2631 3076 2686 per
3116 2617 3407 2673 turbinem
3441 2624 3497 2673 et
3530 2620 3712 2675 nubes

2066 2698 2301 2755 oracula
2331 2701 2558 2770 edebat,
2591 2702 2690 2772 qui
2725 2702 2793 2756 ad
2828 2702 3190 2759 inferendam
3243 2724 3473 2777 poenam
3508 2707 3713 2764 tardus

2065 2794 2175 2855 est,
2201 2793 2258 2843 et
2289 2789 2359 2843 ad
2396 2805 2561 2860 opem
2602 2790 2895 2845 ferendam
2933 2792 3101 2858 celer,
3136 2794 3236 2866 qui
3265 2794 3485 2866 virgam
3512 2813 3714 2867 pecca-

2066 2882 2261 2933 torum
2294 2878 2351 2932 in
2388 2882 2599 2933 sortem
2626 2879 2925 2949 justorum
2957 2882 2999 2915 ⁸³
3028 2898 3141 2935 non
3167 2884 3404 2939 omnino
3425 2884 3710 2955 immittit,

2067 2965 2301 3038 nejusti
2325 2966 2757 3037 improbitatem
2782 2969 3124 3025 addiscant?
3146 2972 3207 3025 In
3240 2972 3353 3027 fine
3375 2974 3713 3028 certaminis

2068 3054 2279 3110 illustri
2314 3055 2598 3124 praeconio
2625 3055 2900 3111 athletam
2936 3075 3108 3113 suum
3145 3059 3415 3116 victorem
3454 3078 3713 3131 pronun-

2066 3143 2190 3213 tiat,
2242 3148 2416 3213 atque
2468 3142 2801 3199 afflictionis
2849 3162 3129 3202 arcanum
3189 3150 3375 3219 aperit
3424 3166 3436 3205 :
3485 3151 3623 3206 Num
3654 3156 3716 3206 tu

2069 3247 2272 3298 censes,
2303 3231 2512 3302 inquit,
2538 3249 2621 3286 me
2666 3234 2839 3287 aliam
2862 3235 2924 3289 ob
2954 3251 3174 3291 causam
3204 3237 3321 3295 haec
3351 3240 3407 3293 in
3450 3244 3501 3293 te
3531 3239 3713 3295 decre-

2072 3322 2229 3388 visse,
2265 3336 2427 3391 quam
2472 3324 2532 3374 ut
2554 3322 2778 3390 justilia
2811 3327 2903 3378 tua
2932 3325 3201 3381 elucescat
3231 3325 3321 3380 ‘9?
3352 3326 3479 3382 Haec
3512 3327 3713 3383 vulne-

2066 3426 2195 3464 rum
2231 3409 2539 3476 medicina,
2573 3408 2691 3464 heec
2723 3414 3059 3467 certaminis
3082 3430 3314 3484 corona,
3347 3414 3455 3470 hoc
3493 3416 3714 3487 patien-

2067 3499 2157 3552 tiae
2190 3498 2514 3568 praemium.
2549 3498 2692 3551 Nam
2728 3515 2851 3570 quae
2883 3501 3091 3556 deinde
3122 3508 3320 3558 secuta
3350 3508 3507 3569 sunt,
3535 3521 3712 3575 parva

2067 3590 2333 3653 fortasse,
2368 3588 2637 3659 quamvis
2678 3588 2974 3645 nonnullis
3024 3608 3238 3662 magna
3284 3592 3614 3662 videantur,
3655 3598 3710 3649 et

2066 3693 2376 3750 parvorum
2412 3675 2718 3731 hominum
2742 3694 2920 3733 causa
2941 3680 3257 3735 constituta
3292 3682 3526 3736 tametsi
3561 3680 3707 3736 alio-

2066 3766 2164 3837 qui
2193 3764 2369 3837 duplo
2401 3764 2643 3835 majora,
2665 3782 2840 3835 quam
2860 3783 2987 3838 qua;
3017 3767 3131 3839 ipsi
3161 3769 3433 3839 adempta
3455 3769 3704 3836 fuerant,

2066 3855 2367 3923 receperit.

2137 3941 2280 3995 XIX.
2317 3940 2561 3995 Proinde
2595 3957 2664 3995 ne
2715 3942 2806 3997 hic
2854 3943 3089 4015 quidem
3143 3945 3358 4001 mirum
3391 3946 3570 4002 videri
3602 3947 3708 4001 de-

2068 4030 2184 4095 bet,
2216 4028 2265 4083 si
2296 4028 2577 4100 Georgius
2610 4028 2859 4095 meliori,
2893 4048 3068 4102 quam
3122 4033 3481 4090 Athanasius
3511 4036 3713 4090 cendi-

2067 4120 2224 4174 tione
2256 4116 2430 4173 fuerit
2464 4134 2477 4171 :
2509 4118 2607 4173 sed
2643 4117 2784 4172 illud
2813 4119 3141 4177 mirabilius
3174 4123 3355 4178 videri
3390 4124 3715 4191 debuisset,

2070 4208 2116 4263 si
2153 4206 2502 4277 injuriarum
2535 4211 2591 4261 et
2639 4206 3067 4263 calumniarum
3121 4210 3357 4282 ignibus
3409 4211 3719 4282 virjustus

2071 4295 2313 4350 minime
2336 4293 2672 4365 exploratus
2695 4294 2954 4351 fuissset.
2980 4298 3101 4352 Imo
3126 4315 3195 4354 ne
3221 4299 3325 4353 hoc
3347 4301 3581 4371 quidem
3606 4300 3722 4355 val-

2072 4386 2141 4440 de
2173 4384 2506 4439 mirandum
2537 4400 2550 4451 ;
2604 4399 2806 4439 verum
2850 4384 2988 4440 illud
3042 4387 3239 4457 potius
3270 4389 3720 4444 admirationem

2071 4473 2395 4539 habuisset,
2448 4472 2498 4526 si
2544 4471 2720 4544 longa
2767 4472 2859 4529 bis
2911 4474 3169 4531 ﬂammis
3218 4494 3383 4532 mora
3438 4477 3723 4549 producta

2074 4562 2300 4618 fuisset.
2333 4561 2481 4616 Hinc
2525 4560 2622 4615 ille
2653 4560 2845 4617 solum
2880 4564 3070 4630 vertit,
3102 4582 3168 4620 ac
3208 4568 3279 4621 de
3308 4565 3509 4621 exsilio
3540 4582 3719 4637 quam

312 4653 372 4706 οἳ
430 4635 640 4724 κόσμου
694 4635 1053 4727 ’χωρίζοντες
1132 4635 1376 4719 ἑαυτοὺς,
1435 4649 1524 4703 καὶ
1592 4651 1691 4717 τὴν
1760 4647 1965 4725 ἔρημον

2079 4649 2515 4723 praeclarissime
2557 4650 2785 4704 statuit.
2826 4656 2972 4706 Nam
3009 4655 3077 4708 ad
3110 4671 3275 4709 sacra
3305 4655 3405 4710 illa
3435 4659 3492 4710 et
3524 4635 3723 4709 divina

310 4742 705 4813 ἀσπαζόμενοι,
764 4745 892 4809 ζῶσι
942 4744 1089 4811 Θεῷ,
1133 4739 1346 4793 πάντων
1401 4736 1611 4812 μᾶλλον
1658 4742 1767 4793 τῶν
1814 4759 1964 4814 στρε-

390 4841 434 4875 ⁶⁶
462 4840 591 4895 Job.
628 4858 691 4904 ιι,
720 4843 753 4893 7
784 4844 842 4894 et
872 4856 995 4911 seq.

392 4930 503 4999 (10)
534 4927 604 4980 Τὸ
651 4924 821 4980 δεινὸν
872 4924 1242 4995 ὀνειδίζοντες.
1289 4950 1318 4977 «
1364 4926 1749 4998 Impietatem,
1778 4950 1805 4976 ››
1858 4944 1971 4999 non

319 5023 347 5049 ‹‹
386 4998 773 5054 calamitatem
809 5022 835 5049 n
884 5001 1032 5055 Jobo
1074 4999 1429 5070 objiciehant
1460 5015 1603 5052 uxor
1650 5004 1707 5052 et
1757 4998 1973 5065 amici;

317 5077 497 5152 atque
529 5072 979 5152 contendebant,
1004 5069 1159 5152 _eum'
1182 5071 1274 5152 his
1308 5069 1479 5152 malis
1512 5086 1577 5124 ac
1610 5070 1867 5125 miseriis
1900 5071 1976 5125 af-

317 5142 441 5204 ﬁci,
476 5142 630 5212 quod
657 5148 813 5214 esset
843 5143 1094 5214 alicujus
1126 5142 1544 5214 scelerisireus.

364 5210 515 5299 ’(11)
548 5213 646 5266 Ἠν
679 5212 896 5285 ἀρετῆς.
949 5210 1040 5270 Sic
1084 5221 1332 5284 quatuor
1364 5213 1543 5285 Regg.
1599 5213 1662 5266 In
1713 5212 1825 5275 ed.,
1860 5210 1978 5286 ἀρε-

316 5283 816 5427 τηῗὲἷλίθατησῃ.
852 5357 1029 5429 Regg.
1105 5355 1167 5422 h,
1198 5360 1253 5410 et
1282 5354 1562 5421 Combel‘.,
1594 5352 1869 5427 κρατήσει.

399 5428 511 5481 (13)
544 5388 738 5481 Πλέον.
772 5431 1031 5481 Ouatuor
1059 5373 1261 5481 ἕδρα..
1294 5422 1506 5479 πλεῖον.

425 5428 511 5497 13)
544 5422 738 5481 Πλέον.
772 5422 1031 5494 Quatuor
1059 5422 1261 5498 Regg.,
1294 5422 1506 5479 πλεῖον.

427 5494 513 5563 lli)
546 5497 662 5572 Δαί.
699 5500 1050 5572 υυοηῌθεεη
1087 5494 1164 5552 δὲῖ

399 5428 415 5641 l

427 5571 513 5639 15)
542 5566 655 5623 Οἷ¹ει
691 5589 758 5640 με
806 5565 1002 5632 ἅλλῶξ
1039 5589 1145 5638 σοι,
1195 5573 1307 5623 etc.
1360 5565 1550 5622 Nobil.
1599 5589 1626 5615 α
1660 5566 1858 5636 Putas,
1892 5569 1982 5623 in-

2072 4739 2299 4811 }Egypti
2334 4738 2686 4793 monasteria
2718 4755 2779 4793 se
2812 4741 3070 4808 confert;
3115 4741 3174 4796 in
3209 4744 3425 4813 quibus
3457 4742 3725 4798 homines

1073 4839 1115 4873 ⁸⁷
1145 4839 1276 4895 Job.
1310 4856 1426 4905 xw,
1455 4838 1509 4892 2.
1587 4838 1630 4872 ⁸⁸
1662 4837 1814 4892 Psal.
1847 4855 2034 4905 cxxw,
2066 4838 2121 4892 3.
2197 4837 2242 4871 ⁸ο
2270 4835 2402 4890 Job.
2436 4852 2525 4901 XL,
2558 4835 2610 4888 3.

2154 4926 2267 4996 (17)
2300 4919 2596 4996 Διπλασίῳ.
2631 4924 2801 4978 Coisl.
2835 4928 2890 4993 2,
2924 4921 3201 4980 διπλάσια.

2155 4993 2381 5069 (18)}61.
2428 4994 2528 5069 _Sic
2580 5002 2693 5050 tres
2746 4996 2948 5068 chg,,
2998 5000 3092 5051 0r.
3152 5001 3201 5066 1,
3253 5004 3381 5053 Par.
3430 5002 3573 5069 Jes.,
3619 5003 3729 5053 etc.

2087 5068 2257 5124 Deest
2286 5066 2343 5119 in
2377 5066 2468 5119 ed.

2186 5140 2271 5206 19)
2304 5142 2381 5189 Γε.
2419 5136 2512 5190 Sic
2544 5136 2718 5206 Begg.
2754 5153 2805 5191 a.
2847 5141 3009 5193 Deest
3040 5139 3098 5193 in
3130 5142 3221 5195 ed.

2179 5173 2271 5287 éiij
2304 5173 2400 5287 ig;
2419 5173 2512 5262 ἔίἔ
2536 5173 2810 5287 ἓξὲξ-ἒξ
2843 5173 3277 5279 ἔ,⁰ἓῖ”όξίξιῗί,
3312 5212 3405 5268 Or.
3443 5216 3494 5278 1,
3528 5211 3655 5265 Par.
3680 5213 3736 5265 et

2089 5281 2345 5337 Combef.
2386 5281 2552 5333 Deest
2588 5281 2642 5332 in
2673 5281 2763 5333 ed.

2161 5353 2271 5427 (21)
2304 5346 2625 5427 Φυγαδλείαν.
2681 5351 2773 5406 Sic
2815 5356 3067 5420 quatuor
3120 5355 3319 5427 Regg.,
3376 5353 3573 5421 Basil.,
3625 5357 3734 5407 etc.

2092 5425 2154 5481 In
2172 5418 2296 5488 'ed'.,
2332 5418 2608 5496 φυγαδίαν.

2163 5497 2270 5567 (22)
2324 5488 2442 5551 Τῶῦ
2502 5492 2619 5567 καῖ’
2674 5488 2970 5567 Αἴγυπτον.
3034 5496 3207 5551 Addit
3260 5497 3510 5563 Nicetes,
3572 5495 3740 5561 ἀσκη-

2090 5564 2219 5621 τῶν.
2258 5564 2283 5614 ⁷(
2314 5565 2657 5638 Exercenda
2694 5564 2924 5638 pietatis
2953 5569 3278 5638 gymnasia.
3313 5589 3339 5618 ι
3394 5568 3514 5623 Νοη
3550 5567 3739 5633 male;

321 5636 605 5711 qu'it,'me
649 5636 818 5698 aliter
864 5644 971 5698 tibi
1027 5636 1423 5714 respondisse,
1457 5655 1634 5709 quam
1687 5644 1750 5692 ut
1788 5640 1985 5709 iustus
2094 5640 2409 5766 Gregorius
2442 5636 2733 5708 siquidem
2766 5636 2874 5693 hac
2905 5636 3041 5695 voce
3071 5662 3099 5692 ‹‹
3133 5639 3425 5701 solitarios
3450 5647 3507 5699 et
3534 5640 3743 5699 eremi-

322 5729 636 5766 annareas.
671 5735 699 5764 ››
2093 5716 2185 5766 tas
2255 5714 2501 5766 esmnat.

322 5730 405 5786 ap
412 5729 652 5786 paream
671 5735 699 5764 ››

431 5786 517 5863 16)
548 5782 674 5844 Καί.
705 5784 881 5845 Deest
907 5785 967 5843 in
999 5785 1192 5845 tribus
1225 5784 1401 5856 Regg.
1433 5783 1490 5839 et
1518 5779 1616 5839 Or.
1652 5780 1700 5838 1.

2093 5716 2185 5767 tas
2215 5711 2501 5787 designat.
