4056 6274
340 425 497 485 1103

1575 422 1640 481 S.
1689 419 2062 482 GREGORII
2107 420 2503 485 THEOLOGI

3590 424 3754 491 1104

336 575 370 615 a
401 558 619 614 mundo
650 572 713 614 se
764 556 1181 623 distrahentes,
1218 572 1283 611 ac
1332 555 1711 611 solitudinem
1759 554 1981 625 ample-

2097 554 2344 630 φομένων
2377 555 2427 609 έν
2463 559 2695 630 σώματι’
2732 560 2782 613 οἱ
2837 560 2929 633 μὲν
2980 561 3071 616 τὸν
3130 564 3303 631 πάντη
3362 561 3651 634 μοναδικόν
3696 585 3758 618 τε

336 652 581 712 ctentes,
641 647 759 702 Deo
812 646 1037 713 vivunt,
1071 646 1259 717 magis
1310 662 1484 716 quam
1537 644 1723 699 caeteri
1756 659 1981 711 omnes,

336 736 439 809 qui
470 736 529 792 in
560 738 1155 809 corpore"versantur.
1191 733 1301 788 Alii
1335 734 1571 806 quidem
1601 733 1781 787 vitam
1816 748 1984 804 pror-

336 842 439 883 sus
470 825 817 891 solitariam,
849 829 905 880 et
935 825 1006 879 ab
1040 823 1346 879 hominum
1393 822 1667 878 societate
1700 826 1981 876 remotam

336 922 540 989 agunt,
572 914 663 970 sui
694 914 957 984 ipsorum
992 917 1218 968 tantum
1252 916 1309 967 et
1334 911 1431 966 Dei
1462 910 1751 982 colloquio
1784 912 1981 963 fruen-

333 1010 443 1076 tes,
477 1009 653 1076 atque
682 1003 834 1059 hanc
864 1002 1148 1057 duntaxat
1174 1006 1340 1056 terrae
1371 1004 1595 1071 partem
1626 1015 1727 1070 pro
1762 998 1983 1052 mundo

332 1094 637 1161 habentes,
658 1109 835 1165 quam
867 1092 925 1147 in
958 1090 1273 1147 solitudine
1299 1088 1592 1161 cognitam
1626 1084 1979 1141 habent.Alii

333 1188 530 1240 autem
558 1181 865 1238 charitatis
895 1179 1081 1253 legem
1105 1196 1207 1251 per
1228 1177 1698 1233 communionem
1721 1179 1777 1229 et
1802 1174 1981 1230 socie-

334 1277 515 1329 tatem
538 1271 816 1337 colentes,
843 1268 1087 1326 solitarii
1110 1268 1283 1324 simul
1317 1272 1376 1322 et
1405 1266 1703 1322 coenobitae
1726 1268 1883 1331 sunt,
1914 1279 1979 1318 ac

336 1363 553 1418 mortui
585 1360 824 1434 quidem
856 1358 1075 1415 caeteris
1104 1356 1466 1421 hominibus,
1490 1360 1547 1410 et
1578 1353 1825 1426 negotiis
1855 1369 1978 1407 om-

335 1452 533 1520 nibus,
566 1466 696 1522 quze
724 1448 785 1503 in
817 1448 1009 1503 medio
1038 1447 1371 1512 volvuntur,
1404 1446 1752 1513 versantque
1803 1440 1982 1497 simul

330 1544 391 1597 et
444 1542 774 1608 versantur,
815 1552 879 1593 ac
911 1536 1080 1592 nobis
1131 1552 1233 1607 per
1271 1533 1604 1604 repentinas
1633 1536 1691 1585 et
1746 1531 1980 1586 crebras

329 1630 689 1686 mutationes
734 1627 1123 1698 imposturam
1166 1623 1411 1690 faciunt,
1444 1621 1555 1677 sibi
1607 1619 1753 1692 ipsis
1785 1622 1979 1675 autem

329 1719 581 1775 invicem
613 1716 821 1771 mundi
872 1716 994 1770 loco
1052 1717 1212 1779 sunt,
1247 1728 1312 1767 ac
1343 1727 1447 1784 per
1485 1709 1979 1781 comparationem

332 1806 744 1878 mutuo'finter
794 1821 856 1859 se
886 1804 1159 1858 virtutem
1211 1804 1430 1856 acuunt
1468 1804 1524 1855 et
1580 1796 1978 1854 exstimulant.

334 1898 480 1954 Cum
512 1895 607 1951 his
638 1893 1122 1949 consuetudinem
1168 1890 1391 1945 habens
1435 1904 1687 1959 magnus
1719 1886 1979 1939 Athana-

338 1986 483 2053 sius,
518 1989 583 2039 ut
610 1983 872 2039 omnium
908 1980 1156 2036 aliarum
1189 1995 1382 2033 rerum
1433 1980 1733 2047 sequester
1760 1979 1816 2029 et
1844 1990 1983 2028 con-

2095 642 2185 695 καὶ
2218 641 2443 714 ἄμικτον
2479 643 2824 711 διαθλοῦντες
2879 650 3018 723 βίον,
3069 651 3281 712 ἑαυτοῖς
3344 651 3532 724 μόνοις
3581 672 3752 727 προσ-

2097 727 2392 794 λαλοῦντες
2442 741 2530 788 καὶ
2577 741 2655 807 τῷ
2707 742 2842 809 Θεῷ,
2890 740 2978 793 καὶ
3027 738 3187 793 τοῦτο
3242 740 3401 812 μόνον
3435 740 3639 812 κόσμον
3674 742 3753 796 εἷ’-

2097 816 2270 891 δότες,
2322 821 2445 876 ὅσον
2502 823 2552 878 έν
2720 826 2923 901 ἐρημίᾳ
2973 829 3345 904 γνωρίζουσιν·
3387 831 3436 883 οἱ
3487 827 3543 885 δὲ
3582 832 3751 902 νόμον

2097 910 2313 982 ἀγάπης
2370 916 2437 983 τῇ
2498 916 2755 986 κοινωνίᾳ
2812 920 2929 989 (23)
2991 918 3322 993 στέργοντες,
3380 920 3641 991 ὲρημικοί
3692 940 3749 974 τε

2097 998 2237 1068 ὁμοῦ
2281 999 2368 1052 καὶ
2432 1000 2674 1076 μιγάδες,
2733 1010 2849 1059 τοῖς
2910 1006 3003 1078 μὶν
3065 1004 3259 1069 ἄλλοις
3306 1008 3626 1077 τεθνηκότες
3658 1008 3745 1061 ἀν-

2097 1087 2337 1158 θρώποις
2396 1092 2483 1144 καὶ
2542 1094 2898 1167 πράγμασιν,
2960 1095 3057 1149 ὅσα
3117 1094 3167 1150 ἐν
3233 1097 3381 1168 μέσῳ
3439 1096 3746 1173 περιφέρε-

2094 1194 2180 1229 ται
2236 1178 2371 1250 (24),
2424 1176 2754 1255 στροϐοὖντά
2802 1204 2860 1237 τε
2910 1185 2997 1238 καὶ
3049 1181 3445 1260 στροϐούμενα,
3490 1187 3579 1239 καὶ
3624 1187 3748 1240 παί-

2096 1267 2251 1331 ζοντα
2279 1268 2426 1338 ἡμᾶς
2475 1274 2593 1330 ταῖς
2641 1266 3036 1349 ἀγχιστρόφοις
3071 1268 3422 1345 μεταϐολαῖς,
3468 1273 3747 1344 ἀλλήλοις

2093 1349 2149 1406 δὲ
2196 1353 2402 1428 κόσμος
2454 1352 2625 1430 ὄντες,
2686 1361 2774 1413 καὶ
2934 1362 3222 1437 παραθέσει
3273 1363 3368 1429 τὴν
3404 1362 3597 1435 ἀρετὴν
3648 1366 3747 1434 θή-

2092 1463 2297 1517 γοντες.
2349 1444 2576 1508 Τούτοις
2626 1447 2900 1519 ὁμιλήσας
2950 1452 2979 1503 ὁ
3032 1451 3196 1526 μέγας
3252 1451 3565 1514 Ἀθανάσιος
3612 1454 3747 1523 (25),

2094 1528 2273 1603 ὥσπερ
2324 1536 2429 1586 τῶν
2482 1532 2669 1589 ἄλλων
2717 1536 2965 1591 ἁπάντων
3022 1540 3245 1610 μεσίτης
3277 1538 3366 1592 καὶ
3412 1536 3749 1609 διαλλακτὴς

2093 1621 2157 1686 ἦν
2196 1664 2208 1687 ,
2266 1620 2356 1674 τὸν
2419 1622 2916 1697 εἷρηνοποιήσαντα
2971 1625 3051 1698 τῷ
3120 1626 3310 1699 α’ίματι
3364 1628 3427 1681 τὰ
3487 1624 3752 1683 διεστῶτα

2099 1708 2460 1781 μιμούμενος·
2511 1712 2652 1767 οὕτω
2702 1716 2789 1767 καὶ
2845 1716 2936 1769 τὸν
2994 1715 3257 1791 ἐρημικὸν
3319 1718 3431 1789 (26)
3495 1716 3609 1791 βίον
3665 1722 3747 1789 τῷ

2092 1799 2398 1868 κοινωνικῷ
2446 1799 2824 1856 καταλλάττει*
2882 1800 3110 1876 δεικνὺς,
3157 1803 3239 1858 ὅτι
3289 1799 3401 1858 ἔστι
3442 1804 3531 1858 καὶ
3578 1806 3745 1878 ὸερω-

2093 1884 2228 2014 σύνηι
2253 1888 2365 1959 (27)
2416 1888 2738 1967 φιλόσοφος,
2789 1890 2877 1944 καὶ
2924 1890 3221 1969 φιλοσοφία
3268 1889 3499 1964 δεομένη
3547 1914 3745 1966 μυστα-

2092 1994 2313 2049 γωγιας.

334 2073 561 2130 ciliator
589 2076 733 2141 erat,
768 2070 924 2125 illius
956 2068 1177 2124 scilicet
1207 2066 1536 2138 exemplum
1569 2080 1841 2135 sequens,
1874 2063 2027 2117 898
2060 2065 2159 2133 qui
2208 2082 2309 2136 per
2342 2070 2689 2140 sanguinem
2717 2088 2891 2127 suum
2923 2089 3009 2137 ea,
3045 2090 3173 2144 quae
3206 2074 3355 2129 inter
3386 2091 3447 2130 se
3480 2074 3738 2129 disside-

331 2161 494 2228 bant,
528 2160 873 2233 paciﬁcavit,
906 2159 989 2213 ita
1018 2157 1341 2213 solitariam
1373 2172 1597 2225 quoque
1624 2156 1799 2207 vitam
1832 2168 1965 2205 cum
2019 2155 2352 2210 ccenobiaca
2378 2156 2435 2211 in
2469 2160 2719 2229 gratiam
2752 2161 3010 2227 reducit;
3044 2162 3187 2217 illud
3236 2162 3517 2218 nimirum
3551 2168 3746 2219 osten-

331 2251 499 2316 dens,
530 2254 587 2305 et
616 2247 1005 2305 sacerdotium
1038 2245 1419 2319 philosophias
1452 2244 1696 2298 minime
1736 2257 1938 2312 expers
1971 2256 2120 2310 esse,
2153 2247 2209 2297 et
2240 2244 2673 2318 philosophiam
2706 2250 2855 2305 sacri
2887 2250 3167 2305 antistitis
3198 2251 3566 2308 institutione
3598 2266 3745 2323 opus

335 2340 677 2484 Μὶῗῖθέὶο
731 2425 889 2482 enim
947 2425 1067 2480 hanc
1111 2425 1249 2489 duo,
1283 2424 1389 2479 hoc
1440 2427 1549 2492 est,
1602 2418 1983 2490 tranquillam

341 2517 633 2573 actionem
667 2518 724 2571 et
770 2519 1073 2571 actuosam
1120 2512 1604 2584 tranquillitatem
1630 2509 1985 2566 consociavit

345 2609 403 2661 et
454 2604 765 2677 copulavit,
827 2610 891 2659 ut
957 2619 1305 2676 persuasum
1364 2600 1639 2657 omnibus
1698 2600 1983 2665 redderet,

334 2693 638 2750 monaticaa
671 2692 798 2748 vitis
830 2691 1252 2764 professionem
1305 2706 1536 2744 morum
1570 2686 1760 2759 potius
1794 2686 1980 2757 gravi-

330 2787 450 2839 tate
499 2787 556 2838 et
602 2781 952 2847 constantia,
986 2797 1160 2850 quam
1207 2778 1466 2850 corporis
1516 2777 1843 2832 secessione
1885 2792 1982 2831 ex-

331 2872 506 2943 primi
534 2877 708 2943 atqus
738 2868 1030 2943 insigniri.
1066 2870 1129 2923 In
1176 2884 1353 2939 quam
1402 2867 1577 2923 etiam
1633 2865 1981 2920 sententiam

334 2977 587 3033 magnus
618 2960 714 3016 ille
743 2959 923 3015 David
949 2958 1126 3014 simul
1150 2962 1207 3012 et
1236 2958 1410 3012 ret-us
1444 2956 1688 3028 agendis
1719 2970 1981 3009 summo-

336 3066 472 3123 pere
501 3050 735 3105 deditus
782 3052 925 3114 erat,
973 3053 1028 3102 et
1075 3063 1355 3118 perquam
1414 3044 1751 3111 solitarius;
1787 3045 1834 3098 si
1888 3041 1979 3097 cui

336 3143 535 3195 tamen
581 3137 729 3193 illud
776 3155 790 3193 :
840 3137 1215 3205 Singulariter
1252 3151 1374 3190 sum
1422 3149 1541 3205 ego,
1586 3134 1755 3188 donec
1802 3141 1979 3186 trans-

334 3243 458 3283 eam
486 3228 552 3295 ⁸ο,
587 3227 657 3281 ad
690 3226 869 3296 hujus
909 3224 1047 3279 dicti
1095 3223 1630 3295 comprobationem
1670 3223 1980 3277 conlirma-

337 3316 676 3386 tionemque
697 3314 927 3387 pondus
945 3328 1225 3383 magnum
1247 3312 1460 3366 habere
1481 3311 1980 3377 videatur.Quam-

342 3406 566 3471 obrem,
600 3403 699 3475 qui
730 3402 875 3458 alios
912 3402 1126 3456 virtute
1164 3400 1485 3470 anteibant,
1518 3399 1695 3455 iidem
1728 3400 1798 3454 ab
1830 3399 1989 3453 illius

344 3497 539 3549 mente
565 3491 814 3564 longiori
848 3490 1151 3545 intervallo
1184 3491 1443 3554 aberant,
1480 3505 1655 3559 quam
1689 3505 1804 3559 quo
1855 3487 1987 3543 reli-

341 3598 489 3654 quos
521 3581 977 3645 antecedebant;
1013 3584 1186 3650 atque
1228 3578 1298 3632 ad
1348 3577 1655 3632 sacerdotii
1689 3578 1988 3648 perfectio-

341 3686 477 3726 nem
523 3684 709 3742 pauca
756 3670 1140 3734 conferentes,
1178 3665 1360 3721 multo
1412 3664 1581 3737 plura
1625 3667 1695 3721 ad
1730 3666 1986 3737 philoso-

338 3759 492 3831 phiae
523 3757 836 3813 utilitatem
869 3755 1246 3826 recipiebant,
1278 3759 1631 3825 tantumque
1671 3755 1723 3810 ei
1768 3755 1988 3810 tribue-

347 3848 511 3913 bant,
545 3851 609 3901 ut
638 3845 922 3917 quidquid
959 3843 1065 3915 ipsi
1103 3842 1436 3914 placuisset,
1480 3859 1581 3913 pro
1630 3842 1753 3915 lege
1809 3844 1988 3899 habe-

347 3940 496 4005 rent,
548 3952 614 3991 ac
660 3952 866 3990 rursus
915 3934 1156 3989 vetitum
1209 3932 1320 3987 sibi
1368 3938 1543 4003 atque
1588 3932 1986 3999 interdictum,

348 4024 636 4096 quidquid
660 4023 759 4079 ille
787 4022 1079 4078 sententia
1110 4038 1217 4076 sua
1247 4021 1657 4091 improbasset,
1691 4021 1987 4077 existima-

345 4116 496 4182 rent,
529 4112 805 4183 illiusque
836 4112 1066 4166 decreta
1098 4126 1201 4181 pro
1251 4109 1522 4163 Mosaicis
1555 4110 1769 4163 tabulis
1820 4111 1989 4165 duce-

342 4206 495 4269 rent,
553 4218 619 4256 ac
676 4200 905 4271 majori,
966 4215 1141 4271 quam
1204 4214 1332 4268 quae
1364 4198 1586 4252 sanctis
1622 4198 1760 4253 viris
1792 4201 1987 4255 deberi

339 4291 627 4360 videatur,
648 4289 836 4361 ipsius
857 4286 1226 4344 veneratione
1257 4286 1648 4340 afﬁcerentur.
1672 4288 1818 4342 Nam
1851 4305 1985 4343 cum

341 4378 581 4451 quidam
613 4395 679 4434 eo
710 4394 771 4433 se
798 4375 1200 4437 contulissent,
1226 4377 1289 4427 ut
1320 4372 1479 4444 pium
1504 4374 1716 4440 virum,
1748 4376 1987 4447 perinde

340 4483 405 4523 ac
435 4468 616 4523 feram
647 4466 989 4537 quamdam,
1024 4462 1399 4533 vestigarent,
1436 4478 1537 4516 nec
1577 4479 1710 4519 eum
1764 4466 1985 4537 passim

338 4555 647 4626 quaesitum
680 4554 1028 4621 invenirent,
1062 4566 1132 4605 ne
1163 4548 1543 4621 alloquendos
1592 4552 1830 4621 quidem
1862 4572 1983 4626 eos,

2167 2421 2240 2476 κ’.
2300 2420 2453 2476 Οὕτω
2527 2423 2626 2498 γὰρ
2711 2424 2991 2503 ἀμφότερα
3050 2425 3462 2501 συνηρμόσατο,
3521 2426 3609 2479 καὶ
3668 2424 3747 2486 εἷς

2093 2505 2147 2560 ἓν
2204 2506 2372 2584 ἤγαγε
2425 2513 2584 2583 (28),
2647 2513 2737 2566 καὶ
2795 2514 2984 2589 πρᾶξιν
3034 2514 3304 2589 ἡσύχιον,
3358 2513 3449 2568 καὶ
3509 2514 3746 2589 ἡσυχίαν

2093 2592 2400 2672 ἔμπρακτον
2459 2603 2608 2672 (29),
2672 2602 2811 2656 ὥστε
2886 2608 3064 2657 πεῖσαι
3121 2603 3182 2657 τὸ
3259 2604 3505 2676 μονάζειν
3563 2603 3613 2657 ἐν
3672 2606 3746 2676 τῇ

2095 2684 2367 2758 εὐπαθείᾳ
2418 2693 2513 2742 τοῦ
2570 2688 2774 2765 τρόπου
2835 2689 3081 2763 μᾶλλον,
3133 2693 3167 2760 ἢ
3334 2696 3431 2746 τοῦ
3488 2693 3745 2765 σώματος

2092 2774 2439 2850 ἀναχωρήσει
2488 2778 2978 2853 χαρακτηρίζεσθαι
3017 2824 3027 2835 .
3084 2782 3204 2835 Καθ’
3267 2781 3295 2835 ὃ
3348 2780 3436 2834 καὶ
3493 2774 3659 2834 Δαϐἱδ
3720 2781 3747 2833 ὁ

2096 2865 2266 2938 μέγας
2324 2869 2434 2939 (30)
2482 2868 2922 2940 πρακτικώτατός
2976 2890 3035 2923 τε
3090 2870 3155 2937 ἦν
3199 2870 3227 2924 ὁ
3275 2869 3433 2929 αὐτὸς
3489 2870 3578 2923 καὶ
3640 2889 3749 2941 μο-

2091 2958 2347 3015 νώτατος*
2410 2952 2462 3009 εἷ’
2511 2977 2591 3029 τῳ
2645 2957 2730 3025 τὸ,
2790 2958 3110 3029 Καταμόνας
3168 2956 3279 3030 είμὶ
3334 2957 3464 3032 ἐγὼ,
3516 2953 3618 3018 ἕως
3686 2958 3743 3011 ἃν

2090 3040 2367 3117 παρέλθω,
2429 3044 2565 3118 μέγα
2621 3047 2757 3117 πρὸς
2808 3043 3077 3116 ἀπόδειξιν
3110 3051 3207 3101 τοῦ
3258 3045 3425 3122 λόγου
3471 3046 3560 3100 καὶ
3602 3046 3752 3117 ἀξιό-

2091 3152 2304 3189 πιστον.
2366 3135 2463 3187 Διὰ
2516 3138 2699 3206 τοῦτο,
2756 3139 2863 3189 τῶν
2925 3133 3112 3189 ἄλλων
3172 3134 3335 3211 ἀρετῇ
3397 3139 3748 3209 κρατοῦντες,

2097 3222 2195 3288 τῆς
2228 3220 2434 3274 ἐκείνου
2494 3218 2732 3284 διανοίας
2788 3223 2955 3278 πλέον
3016 3226 3283 3295 ἡττῶντο,
3335 3223 3369 3292 ἥ
3428 3223 3552 3277 ὅσον
3590 3223 3751 3296 ἐκρά-

2098 3329 2223 3363 τουν
2269 3314 2375 3362 τῶν
2420 3306 2627 3363 ἄλλων
2677 3310 2765 3364 καὶ
2819 3310 2982 3385 ὀλίγα
3014 3313 3149 3388 πρὸς
3198 3311 3497 3387 ἱερωσύνης
3524 3311 3750 3366 τελείω-

2097 3419 2178 3451 σιν
2240 3399 2692 3475 συνεισφέροντες,
2741 3400 2918 3455 πΛιίω
2975 3402 3111 3475 πρὸς
3179 3400 3505 3479 φιλοσοφίας
3563 3401 3754 3456 συντέ-

2099 3484 2245 3541 λειαν
2303 3484 2740 3558 ἀπελάμϐανον·
2796 3489 2885 3543 καὶ
2933 3493 3093 3543 τοῦτο
3139 3490 3205 3558 ἧν
3259 3490 3427 3561 νόμος
3458 3489 3666 3555 αὐτοῖς,
3718 3490 3754 3543 ὅ

2096 3597 2146 3629 τι
2205 3574 2389 3647 ἐκείνῳ
2444 3573 2639 3629 ἐδόκει·
2698 3575 2785 3629 καὶ
2839 3580 3000 3631 τοῦτο
3050 3578 3344 3650 ἀπώμοτον
3392 3581 3506 3647 (31)
3556 3576 3750 3649 πάλιν,

2098 3664 2126 3717 ὃ
2177 3666 2250 3735 μὴ
2300 3660 2511 3733 ἐδόκει,
2560 3664 2648 3718 καὶ
2693 3664 2897 3727 πλάκες
2942 3668 3215 3729 Μωϋςέως
3266 3666 3449 3727 αὐτοῖς
3500 3667 3568 3720 τὰ
3614 3666 3751 3720 ἐκεί-

2097 3773 2187 3806 νου
2216 3750 2482 3827 δόγματα,
2528 3754 2616 3806 καὶ
2667 3751 2856 3807 πλεῖον
2906 3756 2968 3808 τὸ
3017 3750 3197 3824 σέϐας,
3253 3757 3287 3823 ἣ
3340 3754 3485 3830 παρᾶ
3537 3755 3751 3829 ἀνθρώ-

2097 3863 2213 3895 πων
2245 3846 2359 3902 τοῖς
2391 3840 2566 3916 ἁγίοις
2613 3840 2905 3919 ὀφείλεται.
2954 3841 3016 3896 Ο’ί
3058 3864 3122 3917 γε
3159 3843 3247 3897 καὶ
3296 3843 3457 3912 ἡνίκα
3502 3843 3754 3914 παρῆσάν

2096 3952 2258 3996 τινες,
2313 3928 2491 4003 ὥσπερ
2551 3930 2689 4004 θῆρα
2748 3933 2900 4003 (32),
2954 3930 3045 3985 τὸν
3109 3932 3262 4005 ἅγιον
3319 3930 3698 4005 ἀνιχνεύοντες
3736 3977 3749 4001 ,

2099 4016 2283 4088 ἐπειδὴ
2318 4016 2592 4093 πανταχοῦ
2640 4022 2829 4073 τοῦτον
2882 4020 3274 4089 ἀναζητοῦντες
3320 4020 3427 4094 οὐχ
3475 4020 3749 4095 εὕρισκον,

2098 4107 2263 4185 λόγου
2298 4110 2391 4181 μὲν
2444 4106 2661 4169 οὐδενὸς
2708 4107 2835 4169 τοὺς
2885 4108 3224 4185 πεμρθέντας
3272 4109 3530 4179 ἡξίωσαν·
3576 4106 3749 4180 προῦ-

2095 4218 2267 4253 τεινον
2317 4195 2372 4251 δὲ
2416 4202 2531 4257 τοῖς
2601 4195 2771 4273 ξίφεσι
2816 4197 2944 4259 τοὺς
2994 4198 3249 4272 αὐχένας,
3302 4198 3378 4259 ὡς
3431 4198 3564 4271 ὑπὲρ
3616 4200 3748 4269 Χρι-

2098 4292 2223 4341 στοῦ
2277 4283 2696 4355 κινδυνεύοντες,
2754 4286 2843 4339 καὶ
2900 4287 2961 4340 τὸ
3020 4292 3209 4351 παθεῖν
3266 4308 3319 4341 τι
3386 4291 3495 4340 τῶν
3554 4287 3753 4353 ἀνηκέ-

2098 4398 2235 4430 στων
2290 4375 2421 4448 ὑπὲρ
2471 4372 2675 4427 ἐκείνου
2728 4375 3021 4449 μεγίσστην
3072 4380 3264 4450 μοῖραν
3299 4374 3375 4437 εἷς
3415 4375 3748 4453 φιλοσοφίαν

2093 4464 2443 4537 νομίζοντες,
2505 4461 2593 4516 καὶ
2650 4462 2795 4517 πολὺ
2845 4467 2949 4517 τῶν
3007 4468 3226 4538 μακρῶν
3285 4469 3545 4533 νηστειῶν
3586 4509 3602 4533 ,
3658 4465 3749 4518 καὶ

2096 4556 2407 4629 χαμευνιῶν
2436 4595 2449 4621 ,
2494 4549 2583 4604 καὶ
2631 4557 2732 4619 τῆς
2788 4548 2965 4621 ἄλλης
3015 4550 3393 4621 κακοπαθείας,
3435 4554 3497 4621 ἣν
3550 4552 3748 4607 ἐκεῖνοι

336 4644 434 4715 qui
467 4644 635 4699 missi
667 4643 917 4708 fuerant,
952 4641 1245 4695 duxerunt
1273 4656 1286 4695 :
1328 4655 1528 4694 verum
1560 4642 1811 4699 cervices
1860 4645 1981 4716 gla-

2097 4646 2361 4719 τρυφῶσιν
2393 4639 2495 4709 ἀεὶ,
2530 4638 2846 4712 ἐνθεώτερόν
2877 4661 2935 4694 τε
2960 4640 3049 4693 καὶ
3091 4639 3455 4714 ὑψηλότερον.

332 4734 445 4791 diis
502 4733 874 4805 objiciebant,
906 4730 1063 4786 velut
1120 4746 1221 4801 pro
1270 4729 1496 4785 Christo
1556 4733 1974 4803 periclitantes,
2007 4742 2180 4808 atque
2236 4733 2317 4788 ita
2375 4731 2572 4787 animo
2630 4733 2972 4802 comparati,
3012 4736 3078 4787 ut
3121 4733 3170 4787 si
3212 4732 3586 4788 acerbissimi
3642 4735 3739 4789 ali-

330 4823 470 4894 quid
503 4839 605 4895 pro
636 4838 703 4877 eo
733 4823 1077 4891 perferrent,
1112 4817 1309 4889 magni
1357 4817 1415 4872 id
1448 4819 1517 4873 ad
1554 4820 1985 4895 philosOphiam
2038 4821 2320 4881 momenti
2372 4836 2500 4875 esse
2541 4820 2893 4890 judicarent,
2927 4821 3344 4892 diuturnisque
3385 4821 3663 4892 jejuniis,
3698 4828 3752 4878 et

328 4912 715 4982 chameuniis,
747 4910 1085 4980 ceterisque
1130 4905 1386 4979 corporis
1434 4908 1934 4982 afﬂictationibus,
1968 4931 2116 4988 quas
2165 4928 2268 4985 pro
2317 4908 2615 4982 perpetuis
2664 4909 2890 4965 deliciis
2922 4910 3159 4981 habent,
3192 4909 3376 4966 multo
3425 4909 3751 4965 sublimius

326 5016 395 5056 ao
424 4999 700 5056 divinius.

395 5088 442 5125 ⁸ο
473 5089 623 5146 Psal.
658 5107 781 5155 ch,
816 5090 904 5144 10.

392 5178 506 5321 (23)
535 5180 611 5250 Τῇ
642 5176 918 5249 κοινωνίᾳ.
954 5177 1107 5241 Par.,
1135 5174 1235 5241 τὴν
1267 5172 1575 5229 κοινωνίαν.

414 5250 485 5305 24
538 5248 887 5321 Περιφέρεται
921 5291 933 5304 .
1010 5250 1073 5303 In
1149 5246 1469 5312 nonnullis,
1544 5267 1575 5299 π

414 5246 933 5327 24)Ι]εριφέρεται.
1010 5250 1073 5303 In
1149 5246 1469 5312 nonnullis,
1544 5249 1968 5326 περιφθείρεται,

322 5343 351 5371 ‹‹
384 5329 864 5395 corrumpuntur.
894 5344 922 5372 »

325 5394 502 5518 d(251)
534 5387 877 5454 Ἃθάνάσιος.
928 5391 1019 5447 Sic
1068 5387 1239 5443 Coisl.
1290 5388 1340 5453 1,
1391 5392 1446 5443 et
1494 5394 1622 5446 Par.
1676 5393 1738 5449 In
1795 5397 1967 5453 editis

366 5480 509 5520 898.

386 5505 851 5612 (ἦίςερημι-κόν.
887 5529 1404 5612 Sic_plures_.Reg;
1441 5530 1743 5612 duodecim
1779 5538 1962 5609 Colb.,

315 5598 783 5678 Pa'r.,'Comb'et‘.,
833 5613 942 5663 etc.
994 5598 1054 5659 In
1114 5601 1309 5669 editis,
1356 5598 1649 5676 εἰρηνικόν,
1700 5631 1727 5659 (ι
1763 5598 1966 5681 pacm;

320 5690 835 5824 “gifhpmévn.
866 5747 1074 5809 Billius
1106 5763 1121 5821 ;
1153 5764 1183 5797 «
1215 5742 1640 5821 episcopatum.
1667 5772 1695 5801 »

2148 5179 2262 5251 (28)
2292 5178 2512 5253 ξξΗγαγε.
2548 5178 2611 5231 In
2642 5179 2962 5253 nonnullis,
2998 5179 3288 5253 συνήγαγε.

2292 5246 2666 5327 Ἔμπζρακτον,
2702 5252 2761 5305 In
2796 5246 3172 5327 quibUBdam'.
3208 5246 3533 5327 sii_1;paxtov.

2151 5314 2260 5393 (30)
2293 5314 2458 5395 ᾼαϐὶό
2490 5320 2516 5371 ὁ
2565 5314 2751 5395 μέγας.
2786 5314 2897 5395 Sic
2943 5324 3201 5395 quinque
3260 5314 3426 5395 ne:ng
3460 5320 3646 5395 Coisl.
3701 5322 3756 5387 1,

2078 5400 2132 5449 et
2159 5390 2257 5448 Or;
2295 5392 2344 5445 1.
2384 5393 2552 5446 Deest
2583 5392 2610 5444 ὸ
2644 5390 2700 5447 in
2732 5394 2824 5448 ed.
2859 5390 2988 5449 Bill'.
3026 5413 3039 5450 :
3074 5390 3313 5448 «'David
3348 5390 3531 5447 simul
3565 5397 3629 5447 et
3663 5409 3757 5449 re-

2077 5482 2207 5591 rulm
2258 5464 2649 5589 girindarum
2699 5464 2976 5523 facultate
3007 5467 3341 5539 praestabat,
3378 5469 3437 5519 et
3484 5466 3760 5523 maxime

2077 5554 2140 5591 so
2171 5554 2238 5591 us
2338 5552 2370 5589 a
2404 5577 2414 5588 .
2454 5556 2480 5582 υ

2077 5550 2238 5593 801118
2272 5550 2414 5589 erat.
2454 5556 2480 5582 ))

2148 5609 2259 5677 (31)
2290 5605 2635 5679 Ἀπώμοτον.
2671 5607 2845 5664 Coisl.
2877 5610 2929 5677 1,
2961 5606 3339 5679 ἀνομώτατον.

2147 5681 2258 5751 (32)
2288 5682 2439 5750 Θῆρα
2468 5677 2671 5750 Chrys.
2700 5685 2757 5736 et
2784 5680 2959 5739 Coisl.
2994 5684 3046 5753 1,
3068 5677 3263 5756 θῆρες.
