4056 6274
376 351 533 412 1105

1276 349 1569 414 ORATIO
1612 348 1775 413 XXI.
1806 381 1883 396 -—
1911 348 1992 409 IN
2035 345 2361 409 LAUDEM
2406 342 2861 405 ATHANASII.

3630 334 3789 400 1106

444 482 570 539 ΚΑ’.
604 482 661 536 Ὀ
697 483 794 554 μὲν
847 480 939 538 οὖν
991 480 1043 538 ὲν
1091 481 1308 545 τούτοις
1358 485 1447 551 ἦν,
1505 482 1593 537 καὶ
1630 481 1814 535 τὸτοῦ
1846 478 2020 535 Σολο-

2206 478 2349 534 XXI.
2382 479 2569 547 Atque
2600 474 2695 530 hic
2744 475 2803 529 in
2851 473 2944 529 his
2991 472 3204 530 studiis
3249 471 3614 539 versabatur,
3644 469 3790 527 illud

378 573 590 641 μῶντος
643 569 852 643 ἐπῄνει,
904 572 1089 645 καιρὸν
1139 572 1271 625 εἶναι
1319 570 1478 624 παντὶ
1526 569 1800 644 πράγματι
1860 567 2025 645 φιλο-

374 661 733 735 σοφήσαντος.
814 659 913 715 Καὶ
988 658 1076 714 διὰ
1147 664 1308 714 τοῦτο
1372 659 1737 733 ἀπεκρύπτετο
1808 657 2022 729 μικρὸν,

373 744 497 801 ὅσον
548 748 640 801 τὸν
694 753 790 803 τοῦ
848 748 1101 820 πολέμου
1149 750 1334 823 καιρὸν
1388 744 1687 824 διαφεύγων
1748 748 1882 818 (33),
1934 743 2026 799 ’ίνα

372 840 711 913 συναναφανῇ
772 841 849 909 τῷ
898 844 999 906 τῆς
1042 837 1262 911 εἰρήνης
1307 834 1533 905 ἥκοντι·
1598 836 1729 909 ὅπερ
1788 834 1878 888 οὗν
1934 834 2025 888 καὶ

368 924 577 1002 γίνεται
641 926 831 1000 μικρὸν
882 925 1125 1002 ὕστερον.
1177 927 1233 979 '0
1266 923 1343 996 δὲ,
1376 925 1511 980 κατὰ
1538 923 1755 993 πολλὴν
1787 921 1895 993 ἤδη
1928 922 2023 978 τοῖ’)

367 1014 715 1077 κωλύσοντος
748 1014 1001 1089 ἐρημίαν,
1034 1014 1352 1090 κατατρέχει
1402 1017 1496 1087 μὶν
1546 1012 1844 1089 Αἴγυπτον,
1895 1011 2022 1082 ληΐ-

374 1105 514 1170 ζεται
594 1098 650 1154 δὲ
727 1101 922 1173 Συρίαν
1000 1105 1078 1172 τῷ
1158 1103 1341 1176 κράτει
1418 1109 1517 1171 τῆς
1591 1096 1829 1161 ἀσεϐείας
1887 1102 2018 1173 (34)·

369 1185 794 1262 ἐπιλαμϐάνεται
856 1188 913 1244 δὲ
968 1190 1057 1245 καὶ
1115 1194 1222 1264 (35)
1280 1193 1378 1258 τῆς
1438 1191 1576 1262 ἑῴας
1620 1189 1743 1244 ὅσον
1776 1187 2020 1259 ἐδύνατο,

366 1279 428 1333 τὸ
499 1279 810 1355 ἀρῤωστοῦν
885 1278 968 1335 ἀεὶ
1036 1276 1497 1355 προσλαμϐάνων,
1558 1278 1737 1352 ὥσπερ
1793 1280 1844 1333 οἱ
1902 1278 2021 1354 χεί-

371 1366 570 1444 μαῤῥοι
610 1369 676 1423 τὰ
733 1368 1047 1443 συρρέοντα,
1101 1369 1190 1423 καὶ
1245 1374 1363 1431 τοῖς
1408 1369 1783 1445 κουφοτέροις,
1815 1368 1850 1436 ἢ
1911 1365 2019 1423 δει-

368 1457 617 1532 λοτὲροις
680 1456 1061 1534 ἐπιφυόμενος.
1123 1457 1428 1511 Οίκειοῦται
1487 1454 1543 1511 δὲ
1598 1458 1696 1525 τὴν
1749 1456 2020 1531 βασιλέως

371 1544 675 1616 ἁπλότητα·
711 1545 854 1601 οὕτω
908 1547 1009 1622 γὰρ
1060 1546 1164 1622 ἐγὼ
1374 1550 1523 1601 κακῶ
1554 1547 1654 1613 τὴν
1686 1545 2017 1623 κουφότητα,

367 1634 692 1708 αἰδούμενος
748 1636 847 1703 τήν
901 1631 1207 1691 εὐλάϐειαν.
1252 1634 1349 1691 Καὶ
1381 1636 1484 1711 γὰρ
1515 1638 1603 1705 ἦν,
1633 1634 1678 1689 εί
1711 1632 1793 1688 δεῖ
1847 1634 2019 1703 τάλη-

368 1725 476 1792 θὶς,
534 1724 719 1793 εἰπεῖν,
772 1722 937 1792 ζῆλον
989 1726 1082 1797 μὶν
1117 1720 1287 1799 ἔχων,
1310 1722 1437 1778 ἀλλ’
1468 1723 1529 1777 οὐ
1560 1725 1676 1777 κατ’
1707 1723 2014 1799 ἐπίγνωσιν.

368 1812 669 1883 Ἐξωνεῐται
716 1809 773 1866 δὲ
819 1817 927 1866 τῶν
970 1811 1020 1866 ἐν
1051 1810 1197 1867 τίλει
1243 1812 1371 1874 τοὺς
1403 1810 1774 1889 φιλοχρύσους
1805 1812 2015 1884 μᾶλλον

364 1901 398 1970 ἢ
460 1900 854 1979 φιλοχρίστους
913 1900 1165 1973 (εὐπορία
1219 1902 1320 1977 γὰρ
1380 1902 1447 1969 ἦν
1503 1900 1649 1973 αὐτῷ
1692 1900 1761 1955 τὰ
1786 1905 1892 1955 τῶν
1921 1922 2014 1955 πε-

362 1991 558 2061 νήτων,
628 1994 809 2051 κακῶς
885 1989 1288 2063 δαπανώμενα),
1366 1990 1457 2043 καὶ
1512 1988 1724 2044 τούτων
1781 1988 2018 2062 μάλιστα

361 2078 489 2139 τοὺς
568 2075 924 2152 γυναικώδεις
1000 2080 1109 2151 ι37)
1176 2098 1235 2133 τε
1289 2077 1378 2132 καὶ
1437 2076 1488 2132 ἐν
1550 2075 1802 2154 ἀνδράσιν
1862 2078 2017 2133 ἀνάν-

366 2166 545 2243 δρους,
606 2167 693 2221 καὶ
754 2162 1102 2244 ἀμφιϐόλους
1162 2167 1256 2239 μὲν
1303 2164 1366 2222 τὸ
1408 2168 1581 2243 γένος,
1611 2165 1929 2240 προδήλους
1962 2165 2019 2222 δὲ

363 2257 462 2325 τὴν
525 2251 790 2310 ἀσίϐειαν·
855 2257 934 2319 οἷς
996 2254 1095 2311 οὐκ
1151 2252 1253 2310 οἶδ’
1313 2254 1463 2318 ὅπως
1516 2257 1607 2310 καί
1655 2254 1771 2311 ὅθεν
1804 2256 1855 2311 οἱ
1887 2258 2019 2310 Ῥω-

371 2345 544 2419 μαίων
605 2344 868 2421 βασιλεῖς,
920 2346 986 2399 τὰ
1040 2349 1147 2400 τῶν
1210 2346 1324 2418 (38)
1373 2350 1635 2421 γυναικῶν
1693 2346 2018 2419 πιστευομὲ-

366 2455 504 2506 νοις,
534 2435 601 2489 τὰ
657 2438 763 2487 τῶν
820 2431 1025 2509 ἀνδρῶν
1083 2433 1468 2509 ἕγχειρίζουσι.
1530 2433 1627 2489 Καὶ
1657 2438 1824 2489 ταῦτα
1868 2432 2022 2509 ἴσχυ-

368 2543 451 2576 σεν
486 2523 514 2576 ὁ
571 2527 667 2577 τοῦ
712 2527 957 2598 πονηροῦ
1011 2523 1277 2596 θεράπων,
1330 2524 1358 2577 ὁ
1411 2528 1518 2578 τῶν
1580 2522 1826 2592 ζιζανίων
1889 2545 2021 2578 σπο-

370 2610 514 2684 ρεὺς,
550 2613 576 2665 ὁ
621 2616 719 2665 τοῦ
770 2611 1147 2687 Ἀντιχρίστου
1196 2609 1535 2688 πρόδρομος’
1571 2614 1861 2688 χρώμενος
1923 2614 2017 2685 μὲν

368 2698 467 2753 ’ὀσα
497 2698 719 2774 γλώσσῃ
767 2704 872 2753 τῶν
929 2700 1052 2755 τότε
1104 2700 1309 2776 λογίων
1360 2700 1411 2756 ἐν
1457 2701 1772 2764 ἐπισκόποις
1805 2703 1911 2773 (39)
1943 2706 2021 2775 τῷ

366 2788 571 2860 πρώτῷ
630 2786 706 2861 (εἷ’
742 2788 821 2860 τῷ
871 2792 984 2862 (40)
1035 2789 1223 2863 λόγιον
1258 2789 1415 2866 φίλον
1448 2788 1632 2844 καλεῖν
1664 2793 1753 2845 τὸν
1798 2790 1903 2866 οὐχ
1934 2786 2021 2845 οὔ·

372 2898 481 2939 τως
512 2872 678 2947 ἀσεϐῆ
742 2876 1129 2952 δογματιστὴν,
1161 2878 1285 2933 ὅσον
1319 2878 1513 2954 ἐχθρὸν
1542 2880 1632 2933 καὶ
1666 2880 1976 2957 φιλόνεικον
2003 2900 2015 2913 ·

365 2965 428 3020 τὸ
466 2968 569 3041 γὰρ
618 2962 791 3039 ὄνομα
838 2966 973 3020 ἑκὼν
1010 2962 1412 3041 ὑπερϐήσομαι)
1439 2988 1450 3001 ’
1486 2968 1646 3031 αὐτὸς
1681 2967 1737 3023 δὶ
1764 2969 1877 3024 ἀντὶ
1908 2990 2022 3045 χει-

368 3055 460 3129 ρὸς
506 3054 579 3108 ὥν
629 3060 708 3126 τῷ
761 3056 1086 3127 συστήματι,
1116 3056 1205 3109 καὶ
1235 3056 1558 3132 παρασύρων
1591 3062 1670 3129 τῷ
1702 3062 1890 3133 χρυσῷ
1919 3060 2018 3126 τήν

369 3141 651 3216 ἀλήθειαν,
703 3142 760 3197 ὅν
813 3141 881 3198 δι’
928 3139 1197 3198 εὐσέϐεὶαν
1227 3144 1615 3220 συναγόμενον,
1648 3142 1871 3222 ὄργανον
1900 3147 2020 3201 ἀσε-

368 3226 518 3294 ϐείας
551 3234 603 3287 οἱ
633 3233 866 3307 πονηροὶ
898 3232 1246 3303 πεποίηνται.

439 3498 554 3554 ΚΒ’.
606 3496 814 3567 Ταύτης
867 3495 1215 3572 ἀποτέλεσμα
1255 3505 1356 3569 τῆς
1405 3497 1740 3570 δυναστείας,
1789 3504 1823 3570 ἠ
1879 3501 2020 3575 πρό-

362 3606 517 3661 τερον
601 3587 695 3659 μὶν
760 3588 858 3655 τὴν
915 3594 1016 3656 τῆς
1073 3587 1229 3664 ἀγίας
1282 3589 1371 3643 καὶ
1427 3588 1866 3664 καλλίπαρθένου
1923 3592 2019 3647 Θὲ-

364 3675 501 3737 κλας
558 3680 669 3749 (41)
719 3675 1062 3745 Σελεύκειαν,
1114 3680 1247 3750 μετά
1303 3676 1361 3733 δὲ
1413 3684 1575 3734 τοῦτο
1632 3682 1733 3750 τὴν
1779 3679 2019 3755 μεγαλό-

365 3764 527 3820 πολιν
574 3765 768 3830 ταύτην
818 3761 1199 3820 καταλαϐοῦσα
1248 3766 1468 3829 σύνοδος
1510 3771 1643 3842 (42),
1697 3770 1758 3831 ἂς
1788 3769 1873 3823 ἐπὶ
1904 3776 2020 3833 τοῖς

362 3850 685 3914 καλλίστοις
738 3851 875 3913 τὲως
930 3855 1358 3927 γνωριζομὲνας,
1420 3854 1507 3909 ἐπὶ
1558 3862 1673 3917 τοῖς
1715 3856 2020 3933 αἰσχίστοις

368 3938 669 4011 ὀνομαστὰς
720 3938 1037 4009 πεποίηκινο
1093 3940 1198 3996 elice
1254 3943 1346 3997 τὸν
1397 3942 1651 4013 Χαλάνης
1694 3944 1925 4019 πύργον,
1959 3945 2018 4008 ὅς

364 4027 548 4089 καλῶς
602 4028 697 4089 τὰς
754 4026 1004 4102 γλώσσας
1063 4028 1304 4105 ὶμέρισεν
1358 4032 1456 4104 (ὡς
1506 4030 1717 4109 ὤφελόν
1747 4054 1810 4108 γε
1838 4033 2019 4088 κάκεί-

364 4117 494 4177 ναςί
555 4114 642 4170 ἐπὶ
698 4120 849 4189 κακῷ
916 4117 1019 4192 γὰρ
1068 4120 1102 4187 ἡ
1154 4119 1479 4196 συμφωνία),
1532 4120 1639 4175 εἴτε
1689 4122 1751 4175 τὸ
1809 4123 2020 4200 Καῖάφα

366 4201 660 4279 συνίδριον,
718 4206 763 4277 ᾧ
838 4207 1069 4279 Χριστὸς
1139 4208 1534 4284 κατακρίνεται,
1603 4208 1709 4263 εἴτε
1765 4232 1819 4265 τι
1876 4210 2017 4267 ἄλλο

361 4298 599 4364 τοιοῦτο,
657 4294 756 4362 τὴν
809 4292 1032 4349 σύνοδον
1096 4296 1302 4368 ἐκείνην
1362 4297 1709 4370 ὀνομαστέον,
1755 4300 1791 4368 ἢ
1846 4301 2019 4354 πάντα

364 4381 618 4458 ἀνέτρεψε
676 4384 764 4438 καὶ
823 4383 1095 4459 συνέχεεν.
1155 4387 1225 4439 Τὸ
1281 4388 1374 4459 μὲν
1436 4382 1649 4449 εὐσεϐὲς
1693 4386 1870 4464 δόγμα
1926 4389 2015 4443 καὶ

2136 566 2468 623 Salomonis
2503 564 2914 636 comprobans,
2947 578 3062 634 quo
3096 578 3268 617 suum
3301 560 3507 633 cuique
3530 559 3613 615 rei
3645 563 3791 616 tem-

2135 674 2245 728 pus
2280 672 2407 711 esse
2455 655 2654 709 docuit
2683 654 2749 707 σι.
2784 659 2864 707 Ac
2896 652 3138 723 proinde
3184 650 3609 723 aliquantisper
3652 648 3794 705 belli

2134 751 2368 816 tempus
2402 742 2633 813 fugiens
2667 741 2955 808 latitabat,
2988 745 3051 795 ut
3082 756 3215 796 cum
3246 740 3593 795 adventante
3632 738 3793 811 pacis

2134 838 2395 904 tempore
2443 831 2773 900 colluceret,
2807 829 3305 900 quemadmodum
3356 833 3409 883 et
3459 827 3632 900 paulo
3663 829 3795 899 post

2134 921 2397 993 contigit.
2432 922 2501 975 At
2533 919 2839 991 Georgius,
2872 918 3106 974 nemine
3132 919 3249 987 jam
3285 917 3474 988 ipsius
3504 917 3790 988 impetum

2135 1008 2514 1083 propellente,
2543 1009 2852 1080 zEgyptum
2907 1007 3344 1062 incursionibus
3376 1009 3581 1075 vastat,
3613 1007 3791 1077 atque

2131 1098 2451 1170 impietatis
2483 1097 2686 1152 robore
2710 1096 2935 1168 Syriam
2968 1094 3301 1168 populatur.
3336 1094 3588 1151 Orientis
3610 1094 3787 1150 etiam

2132 1192 2417 1261 quantum
2453 1187 2604 1242 399
2639 1190 2829 1257 potest
2856 1186 3078 1256 arripit,
3099 1185 3378 1240 remissos
3399 1188 3455 1239 et
3475 1182 3787 1256 languidos

2132 1276 2413 1349 quotidie,
2451 1274 2948 1347 quemadmodum
2998 1278 3283 1329 torrentes
3315 1290 3383 1329 ea
3431 1290 3556 1345 quae
3608 1272 3787 1330 simul

2128 1366 2465 1430 volvuntur,
2511 1380 2842 1431 assumens,
2875 1380 2941 1418 ac
2998 1362 3241 1419 leviores
3299 1366 3401 1418 aut
3456 1362 3787 1433 ignaviores

2130 1456 2421 1511 adoriens.
2474 1453 2623 1519 Quin
2685 1452 2860 1508 etiam
2919 1451 3287 1523 imperatoris
3345 1451 3786 1522 simplicitatem

2128 1545 2241 1601 sibi
2272 1542 2582 1609 conciliat;
2609 1542 2691 1598 sic
2724 1542 2880 1597 enim
2911 1557 3017 1611 ego
3047 1540 3340 1596 levitatem
3382 1540 3629 1612 appello,
3663 1542 3785 1613 pie-

2126 1637 2309 1689 tatem
2338 1649 2640 1688 venerans.
2676 1631 2823 1686 Nam
2855 1630 2904 1685 si
2934 1646 3062 1686 vere
3111 1629 3424 1685 dicendum
3456 1634 3565 1695 est,
3595 1629 3786 1687 zelum

2128 1723 2401 1788 habebat,
2434 1737 2636 1777 verum
2670 1736 2784 1776 non
2835 1720 3161 1775 secundum
3202 1718 3509 1774 scientiam
3539 1719 3604 1773 ⁸³.
3633 1719 3783 1775 Tum

2130 1828 2199 1867 ex
2228 1810 2568 1882 proceribus
2598 1826 2695 1865 eos
2746 1808 2860 1863 sibi
2891 1807 3139 1880 pecunia
3167 1811 3488 1878 comparat,
3520 1806 3621 1878 qui
3654 1808 3782 1863 auri

2127 1916 2385 1955 amorem
2435 1897 2651 1953 Christi
2699 1897 2884 1952 amori
2939 1896 3323 1967 praeferebant
3381 1895 3514 1968 (ipsi
3561 1895 3780 1952 etenim

2126 2005 2266 2060 epes
2295 1993 2354 2044 et
2382 1986 2583 2059 copiae,
2615 1986 2767 2043 bona
2796 2002 3120 2058 pauperum
3155 1990 3340 2053 erant,
3366 1985 3425 2041 in
3456 1984 3779 2057 ﬂagitiosos

2128 2095 2274 2134 usus
2295 2077 2639 2147 insumpta),
2659 2079 2835 2146 atque
2856 2092 2924 2130 ex
2944 2074 3037 2130 his
3058 2074 3436 2146 potissimum
3459 2072 3778 2131 muliebres

2129 2167 2416 2231 homines,
2449 2169 2505 2220 et
2532 2164 2681 2220 inter
2713 2164 2866 2219 viros
2896 2162 3139 2220 minime
3167 2163 3343 2230 viros,
3376 2179 3516 2219 sexu
3543 2163 3781 2234 quidem

2131 2255 2362 2322 dubios,
2395 2254 2694 2325 impietate
2749 2257 2945 2308 autem
3005 2256 3238 2324 apertos
3292 2256 3350 2308 et
3403 2252 3780 2325 perspicuos;

2132 2346 2347 2418 quibus
2377 2362 2511 2401 cum
2557 2345 2908 2400 feminarum
2966 2361 3106 2399 cura
3153 2342 3576 2410 committatur,
3625 2343 3783 2399 haud

2131 2435 2249 2492 scio
2281 2434 2382 2505 qui
2413 2435 2534 2504 fiat,
2569 2438 2633 2489 ut
2662 2434 3044 2506 imperatores
3074 2434 3319 2490 Romani
3364 2434 3600 2490 eosdem
3631 2432 3785 2488 viro-

2131 2540 2259 2579 rum
2284 2523 2492 2579 ofﬁciis
2525 2522 2988 2593 muneribusque
3031 2521 3368 2593 praeﬁciant.
3402 2523 3658 2577 Tantum
3688 2539 3784 2577 va-

2132 2613 2241 2668 luit
2268 2612 2367 2668 ille
2414 2612 2629 2668 diaboli
2661 2612 3028 2681 administer,
3061 2610 3157 2667 ille
3203 2610 3556 2667 zizaniorum
3601 2615 3784 2681 sator,

2131 2700 2226 2757 ille
2255 2701 2603 2757 Antichristi
2651 2717 3014 2772 praecursor:
3048 2700 3130 2755 ita
3160 2699 3456 2772 negotium
3500 2701 3782 2771 partiens,

2132 2794 2196 2845 ut
2227 2790 2498 2862 episcopo
2547 2791 2825 2861 quodam,
2876 2806 2943 2845 ea
2974 2793 3321 2862 tempestate
3368 2789 3782 2858 disertissimo,

2130 2879 2343 2951 linguae
2373 2880 2494 2934 vice
2543 2883 2800 2934 uteretur
2827 2878 2901 2947 (si
2933 2878 3027 2933 cui
3074 2884 3269 2933 tamen
3318 2878 3606 2934 disertum
3646 2894 3782 2934 eum

2131 2967 2426 3040 appellare
2457 2966 2761 3039 libeat,qui
2794 2984 2909 3021 non
2941 2973 3059 3022 tam
3094 2966 3313 3038 impius
3344 2966 3627 3023 sectariue
3649 2966 3782 3036 fuit,

2132 3074 2307 3128 quam
2332 3056 2604 3111 inimicus
2636 3062 2694 3110 et
2715 3054 3104 3111 contentionis
3133 3054 3327 3110 studio
3357 3055 3613 3126 ﬂagrans
3645 3070 3659 3109 :
3686 3071 3784 3110 no~

2132 3163 2265 3201 men
2297 3146 2454 3201 enim
2484 3143 2751 3199 consulto
2782 3143 3109 3215 prateribo)
3136 3161 3149 3211 ;
3182 3143 3307 3215 ipse
3336 3147 3785 3211 autem,manus

2050 3224 2093 3291 C
2131 3235 2336 3302 instar,
2371 3233 2592 3289 cohorti
2642 3250 2760 3288 suae
2792 3237 2965 3303 esset,
3000 3248 3065 3287 ac
3116 3232 3422 3287 veritatem
3473 3248 3616 3288 auro
3646 3248 3787 3288 con-

2126 3323 2384 3391 velleret,
2420 3323 2576 3394 quod
2610 3321 2846 3393 quidem
2880 3320 2953 3376 ob
2985 3320 3113 3391 pios
3145 3336 3290 3376 usus
3320 3319 3651 3387 collectum,
3682 3319 3787 3375 im-

2130 3412 2362 3485 pietatis
2392 3411 2849 3466 instrumentum
2883 3408 3043 3481 pravi
3074 3408 3344 3465 homines
3373 3408 3711 3465 effecerunt.

2202 3500 2369 3557 XXII.
2403 3501 2593 3570 Hujus
2624 3498 2899 3570 potentias
2946 3514 3094 3570 opus
3125 3496 3438 3554 concilium
3470 3496 3614 3553 illud
3655 3497 3786 3568 fuit,

2129 3592 2281 3663 quod
2332 3588 2604 3646 Seleuciae
2636 3587 2918 3659 primum,
2954 3586 3052 3642 ubi
3102 3588 3302 3642 fanum
3353 3590 3443 3641 est
3488 3591 3697 3642 sanctas
3728 3590 3787 3644 et

2129 3682 2373 3753 egregiee
2404 3677 2616 3749 virgini
2666 3675 2915 3742 Theclae,
2948 3676 3156 3731 deinde
3187 3676 3245 3730 in
3277 3675 3384 3731 hac
3416 3674 3785 3747 amplissima

2128 3770 2363 3825 civitate
2392 3771 2660 3823 coactum
2683 3770 2949 3835 est,quas
2971 3766 3147 3819 urbes
3170 3763 3582 3836 pulcherrimis
3607 3768 3782 3821 antea

2129 3856 2468 3912 nominibus
2486 3857 2693 3920 claras,
2724 3852 3206 3923 turpissimarum
3229 3868 3424 3907 rerum
3448 3852 3603 3907 notis
3624 3851 3779 3908 cele-

2129 3948 2262 4001 bres
2292 3944 2667 4012 illustresque
2698 3941 2983 4007 reddidit;
3018 3942 3138 3996 sive
3166 3939 3437 3996 Chalanae
3468 3940 3675 3995 turrim
3711 3940 3777 4011 ⁸³,

2127 4051 2252 4106 quae
2286 4032 2520 4103 linguas
2553 4029 2793 4101 pulchre
2840 4028 3081 4096 divisit;
3112 4028 3336 4083 utinam
3361 4027 3491 4085 illas
3521 4045 3779 4101 quoque,

2126 4123 2188 4177 in
2229 4121 2452 4176 malum
2502 4134 2709 4188 nempe
2758 4116 3261 4173 concordeslsive
3309 4116 3534 4189 Caipha
3583 4117 3775 4174 conci-

2126 4210 2294 4277 lium,
2327 4226 2441 4281 quo
2492 4207 2757 4264 Christus
2801 4206 3225 4261 condemnatur
3252 4208 3316 4274 6‘,
3349 4207 3470 4262 sive
3512 4223 3777 4278 quocun-

2127 4317 2237 4371 que
2266 4299 2503 4354 tandem
2535 4296 2649 4352 alio
2681 4295 2916 4350 nomine
2931 4299 3252 4350 conventus
3282 4295 3374 4351 hic
3393 4294 3780 4367 appellandus

2126 4397 2236 4462 est,
2271 4391 2371 4462 qui
2422 4389 2623 4461 omnia
2652 4388 2857 4444 evertit
2903 4403 2968 4442 ac
2996 4388 3377 4458 perturbavit.
3410 4388 3572 4444 Piam
3620 4388 3779 4445 enim

434 4492 477 4526 ⁶¹
517 4489 683 4545 Eccli.
718 4507 801 4556 ιιι,
838 4492 886 4547 1.
966 4492 1012 4527 ⁸³
1045 4492 1209 4548 Rom.
1242 4511 1299 4564 x,
1331 4496 1385 4548 2.
1461 4494 1506 4530 ⁸³
1536 4495 1676 4551 Gen.
1709 4511 1790 4565 ιιι,
1822 4497 1876 4551 4.
1952 4497 1998 4533 θι
2030 4533 2034 4550 .

2133 4515 2198 4553 .n.
2230 4514 2308 4562 x1,
2337 4497 2404 4550 47
2437 4498 2495 4550 et
2524 4511 2686 4565 seqq.

434 4596 548 4668 (33)
607 4594 937 4673 Διαφιύγων.
1006 4600 1151 4655 Tres
1230 4605 1409 4673 Begg.
1498 4606 1556 4657 et
1638 4601 1837 4673 Savil.,
1906 4600 2022 4657 δια-

2133 4606 2467 4660 traduxerat
2496 4600 2799 4673 Georgius.

407 4667 565 4723 towv.

366 4687 909 4823 Kpdtstﬂrﬁc
961 4732 1227 4823 antistans.
1259 4744 1352 4799 Sic
1384 4744 1653 4823 designat
1684 4745 2019 4823 Gregorius,

365 4815 422 4866 et
452 4811 1103 4888 n_efar_ium_G_eorgium,
1136 4818 1192 4869 et
1221 4831 1338 4884 eos,
1373 4815 1471 4886 qui
1502 4811 1617 4888 ipsi
1649 4811 1830 4888 atque
1856 4811 2021 4873 Aria-1

363 4898 449 4938 ne
481 4884 765 4955 impietati
796 4883 1088 4955 favebant.

432 4954 695 5031 (Baliari.
728 4956 901 5031 Deest
948 4954 1007 5009 in
1051 4958 1323 5031 quatuor
1352 4956 1533 5029 Regg.
1567 4962 1623 5013 et
1652 4958 1745 5014 Or.
1782 4960 1832 5013 1.
1864 4961 2012 5031 Mox,

432 4972 546 5025 (eo)
580 4972 695 5011 και.
729 4972 901 5011 ueest
948 4972 1007 5009 ιιι
1051 4972 1303 5081 qluatuor
1353 4972 1479 5029 Heg1

364 5041 468 5097 pro
501 5024 742 5097 ἐδύνατο,
777 5026 835 5080 in
869 5042 1067 5097 nonnu
1096 5028 1189 5097 lis,
1223 5024 1479 5096 ἠδύνατο.

435 5098 543 5178 (36)
577 5096 735 5178 ρῦτω
791 5097 893 5171 γὰρ
954 5096 1080 5178 ἐγώ,
1126 5096 1240 5178 etc.
1290 5100 1419 5178 Bill.
1457 5118 1529 5156 :«
1581 5100 2014 5178 Pie_ta_te.enim

365 5169 554 5238 ipsius
584 5169 902 5238 dimoveor,
932 5169 1002 5225 ne
1030 5169 1325 5227 levitatem
1356 5172 1570 5228 dicam.
1598 5195 1626 5223 »
1654 5171 2017 5230 Existimavit

417 5242 679 5315 regorius
721 5242 1129 5315 Constantium
1178 5243 1586 5314 imperatorem
1638 5244 2016 5315 simplicitate

365 5314 560 5388 potius
614 5319 789 5388 atque
829 5314 1198 5388 ignorantia,
1233 5332 1411 5386 quam
1444 5316 1654 5371 infesto
1714 5314 2014 5388 religionis

364 5384 521 5450 odio,
554 5384 785 5440 Arianis
822 5384 1052 5440 favisse.

437 5456 550 5527 (37)
581 5454 719 5516 Τοὺς
759 5453 1131 5529 γυναικώδεις.
1168 5456 1262 5529 Sic
1306 5458 1565 5529 quinque
1595 5461 1799 5529 3633.,
1828 5457 1924 5513 ΟΡ.
1960 5461 2013 5528 1,

364 5525 829 5601 Ο-οωῦεΐμῡεοεί
870 5525 998 5601 τούς
1043 5527 1105 5601 in
1154 5528 1246 5583 ed.
1279 5525 1383 5583 Hic
1415 5525 1789 5601 Gregorius]
1818 5525 2014 5586 Eunué

367 5598 507 5672 chos
557 5622 584 5649 ››
636 5598 929 5672 intelligit,
982 5603 1045 5672 et
1090 5598 1244 5653 inter
1296 5617 1396 5657 eos
1451 5598 1702 5656 maxime
1757 5619 1779 5649 ι
1831 5603 2015 5657 Euse-

365 5669 553 5742 bium,
577 5693 608 5723 »
639 5687 816 5746 quem
834 5669 1084 5745 ‘magnis
1115 5672 1461 5736 muneribus
1510 5673 1582 5731 ad
1630 5689 1768 5732 suae
1818 5678 2015 5747 partes

2203 4678 2315 4746 (38)
2345 4677 2490 4746 Τῶν.Δ
2514 4670 2686 4746 Deest
2714 4672 2772 4725 in
2801 4688 2905 4746 sex_
2920 4672 3134 4746 Begg”
3167 4672 3271 4746 0r_._
3298 4674 3349 4739 1,
3380 4675 3437 4726 et
3459 4670 3722 4746 Gombef.

2208 4742 2315 4816 (39)
2348 4746 2431 4800 Ἐν
2475 4742 2813 4803 ἐπισκόποις.
2842 4742 2975 4816 Alii,
3022 4742 3161 4816 cum
3207 4743 3426 4816 Niceta,
3458 4742 3778 4816 Eusebium

2131 4814 2512 4887 Nisomediaz,
2566 4816 2662 4872 alii
2712 4815 3029 4870 Eusebium
3081 4814 3369 4887 Pamphili
3413 4814 3775 4885 episcopum,

2125 4889 2325 4944 Ariani
2385 4885 2638 4961 agminis
2695 4886 3100 4961 coryphaeum,
3152 4885 3507 4959 intelligunt.
3566 4887 3774 4942 Annon

2125 4957 2600 5033 Acaciusposset
2630 4957 2922 5033 intelligi?

2196 5035 2306 5122 (ρο)
2334 5028 2529 5103 Εἱ¹”τῳ.
2556 5033 2618 5087 In
2650 5028 2970 5096 nonnullis,
2996 5045 3102 5081 ειτε
3128 5047 3208 5099 τῳ
3240 5028 3367 5084 sine
3397 5032 3639 5085 accentu
3672 5046 3774 5101 pro

2121 5123 2248 5160 τινι.

2193 5177 2279 5244 (41

2193 5246 2304 5371 (42)
2341 5246 2594 5305 Σύνοδος.
2621 5246 2840 5299 Schol.:
2863 5246 2935 5295 Οὐ
2964 5246 3062 5330 τήγν
3088 5246 3195 5295 τῶν
3230 5246 3414 5296 ἑκατὸν
3437 5246 3770 5311 πεντήκοντα

2126 5318 2189 5396 ei}
2217 5339 2289 5372 ων
2348 5315 2637 5396 ματέρων
2675 5313 2843 5387 λέγει,
2884 5310 3049 5396 ,ἀλλα
3109 5314 3551 5396 προγεγοτέραν.
3584 5336 3604 5363 ι
3645 5313 3770 5396 βίου

2126 5338 2156 5371 α
2198 5338 2289 5372 ιων
2354 5338 2603 5392 ιιατερων
2676 5338 2843 5387 Λεγιι,
2902 5338 3049 5366 arma
3116 5338 3604 5388 προγινῑστεραν.ι
3647 5338 3770 5370 non

2123 5338 2285 5447 iliam
2332 5391 2488 5469 dicit_
2516 5393 2747 5469 centum
2800 5385 3231 5469 quinquaginta
3276 5388 3623 5469 Sanctorum
3660 5390 3772 5469 Pa-

2122 5467 2277 5518 trum
2312 5461 2621 5534 synodum,
2647 5460 2747 5514 sed
2779 5474 2929 5521 eam,
2955 5475 3077 5529 quae
3112 5459 3274 5530 prius
3296 5459 3493 5534 habita
3523 5460 3769 5534 luerat,»

2125 5529 2362 5590 scilicet
2380 5550 2532 5588 anno
2562 5532 2686 5604 360,
2720 5546 2834 5604 quo
2866 5529 3127 5602 tempore
3156 5532 3414 5604 synodus
3438 5529 3769 5587 Ariminen-

2125 5607 2208 5664 sis
2238 5607 2296 5663 in
2327 5606 2638 5662 Occidente
2666 5601 3010 5658 habebatur.

2337 5169 2561 5234 Θέκλας.
2594 5174 2657 5228 In
2689 5171 2976 5239 pluribus,
3002 5166 3233 5239 Θέκλης.

2341 5242 2594 5305 Σύνοδος.
2621 5240 2840 5299 Schol.:
2863 5240 2945 5311 Οὐ,
2964 5242 3062 5311 τὴν
3088 5245 3195 5295 τῶν
3230 5241 3414 5296 ἑκατὸν
3437 5241 3774 5311 πεντήκοντα

2289 5176 2304 5319 ἒ
