4056 6274
244 352 399 413 110⁵1
1485 351 1548 411 S.
1600 347 1969 412 GREGORII
2018 348 2412 411 THEOLOGI
3502 359 3669 423 “08

240 493 295 541 et
325 492 573 541 veterem
608 485 953 552 doctrinam,
990 503 1051 541 ac
1084 486 1391 540 Trinitatis
1442 491 1767 557 patronam,
1804 482 1890 536 in—

2023 478 2256 549 ταλαιὸν,
2314 482 2404 536 καὶ
2460 490 2557 553 τῆς
2632 483 2858 560 Τριάδος
2930 490 3228 566 συνήγορον
3290 491 3663 565 καταλύσασα,

239 578 480 648 terjecto
510 576 681 645 vallo,
715 593 779 631 ac
830 575 1119 630 machinis
1150 574 1406 646 impulsa
1454 578 1510 629 et
1551 574 1897 627 labefactata

2023 573 2083 640 τῷ
2140 567 2325 644 βαλεῖν
2382 572 2617 646 χάρακα,
2676 576 2767 628 καὶ
2830 581 3201 652 μηχανήμασι
3250 586 3561 635 κατασεῖσαι
3603 583 3666 636 τὸ

244 665 774 721 Consubstantialis
819 682 975 735 voce,
1018 664 1303 719 sustulit:
1340 663 1623 733 impietati
1677 665 1895 728 autem,

243 772 343 827 per
374 754 573 825 scripti
631 754 921 825 dogmatis
957 753 1423 824 ambiguitatem,
1466 753 1710 822 januam
1745 751 1899 803 400

239 844 463 914 aperuit
499 860 510 897 ε
547 844 651 897 hoc
702 843 939 915 quidem
993 846 1291 913 praetextu,
1326 840 1495 911 quasi
1537 840 1897 909 Scripturam

243 938 621 997 revereretur,
654 949 718 986 ac
751 931 1297 1004 probatissimarum
1333 946 1538 985 vocum
1575 944 1746 982 usum
1773 944 1900 982 am-

246 1020 613 1092 plecteretur,
671 1038 732 1075 re
787 1025 977 1073 autem
1057 1036 1192 1074 vera
1259 1017 1679 1083 Arianismum,
1740 1015 1901 1070 nullo

249 1110 562 1181 Scriptura
614 1110 738 1164 loco
771 1109 1090 1179 proditum,
1126 1108 1181 1161 in
1216 1108 1408 1178 ipsius
1456 1108 1645 1160 locum
1682 1106 1901 1161 substi-

248 1204 439 1254 tucns.
475 1199 603 1253 Haec
655 1200 810 1253 enim
844 1199 1015 1253 verba
1051 1215 1063 1253 :
1100 1197 1294 1251 Simile
1320 1195 1613 1250 secundum
1657 1194 1901 1264 Scriptu-

245 1304 360 1355 τας,
395 1288 853 1359 simplicioribus
906 1287 1245 1341 hominibus
1277 1283 1548 1339 illecebra
1578 1289 1759 1349 erant,
1791 1283 1902 1337 im-

249 1376 483 1449 pietatis
504 1376 678 1431 hamo
705 1376 1098 1447 circumjecta,
1124 1375 1319 1446 imago
1351 1374 1421 1428 ad
1465 1390 1669 1427 omnes
1702 1388 1904 1443 perpe-

252 1470 626 1521 transeuntes
680 1482 808 1519 sese
856 1465 1181 1529 obvertens,
1217 1462 1551 1518 communis
1600 1461 1907 1532 utriusque

252 1555 417 1627 pedis
450 1558 795 1622 cothurnus,
826 1554 1098 1609 cribratio
1121 1553 1191 1607 ad
1225 1568 1458 1607 omnem
1482 1556 1719 1606 ventum
1740 1551 1804 1617 ‘5‘,
1839 1566 1909 1604 ex

252 1660 456 1700 recens
488 1644 707 1714 scripta
736 1643 957 1707 fraude,
990 1642 1350 1712 consilioque
1389 1641 1669 1696 adversus
1699 1639 1908 1695 verita-

249 1731 366 1782 tem
400 1727 741 1797 excogitato,
774 1726 1069 1781 licentiam
1104 1732 1279 1796 atque
1308 1725 1713 1780 auctoritatem
1749 1741 1907 1780 asse-

249 1820 403 1871 cuta.
436 1817 718 1887 Sapientes
746 1817 894 1870 enim
924 1819 1081 1870 erant
1105 1814 1174 1869 ad
1205 1814 1349 1869 male
1378 1814 1649 1885 agendum
1680 1832 1699 1868 :
1728 1824 1786 1869 at
1819 1815 1907 1869 be-
1936 1846 1987 1914 Β

248 1908 501 1976 nefacere
530 1920 641 1959 non
666 1907 869 1959 norant
898 1904 962 1957 ⁸⁸.

324 1994 517 2048 XXIII.
550 1993 692 2047 Hinc
723 1992 970 2048 subdola
995 1991 1097 2046 illa
1127 1995 1184 2047 et
1212 1992 1473 2063 captiosa
1502 1991 1904 2048 haereticorum

253 2082 682 2149 condemnatio,
715 2099 884 2154 quos,
919 2086 983 2136 ut
1014 2079 1380 2153 plausibilior
1427 2097 1626 2135 eorum
1661 2086 1905 2136 conatus

251 2174 425 2241 esset,
457 2171 649 2226 verbis
680 2171 915 2241 quidem
948 2170 1020 2225 ab
1052 2168 1308 2225 Ecclesia
1340 2170 1905 2241 proscripserunt,re

250 2261 381 2332 ipsa
411 2263 603 2314 autem
636 2258 692 2313 in
728 2259 987 2314 medium
1040 2258 1439 2329 produxerunt
1472 2275 1485 2313 :
1520 2258 1601 2313 sic
1641 2258 1908 2313 videlicet

254 2365 386 2404 cum
422 2347 537 2404 illis
586 2353 845 2419 agentes,
881 2351 943 2401 ut
992 2364 1102 2402 non
1139 2347 1416 2401 immanis
1457 2348 1761 2417 cujusdam
1794 2348 1905 2402 im-

255 2437 509 2509 pietatis,
560 2437 657 2491 sed
709 2436 1044 2506 scriptionis
1102 2435 1427 2490 immodicae
1483 2435 1702 2491 crimen
1761 2436 1905 2506 ipsis

257 2526 671 2597 impingerant.
721 2526 867 2579 Hinc
916 2523 1141 2596 profani
1190 2529 1527 2579 sanctorum
1566 2524 1819 2596 judices,
1854 2529 1910 2579 et

256 2631 407 2671 nova
437 2619 609 2686 atque
638 2613 920 2669 inusitata
968 2613 1183 2681 mistio,
1219 2614 1477 2684 mysticae
1510 2630 1719 2685 nempe
1749 2630 1907 2683 quae-

261 2704 479 2759 stiones
524 2706 823 2773 spectante
856 2702 1025 2773 vulgo
1068 2705 1347 2767 tractatae,
1381 2706 1555 2772 atque
1587 2702 1789 2774 iniqua
1822 2718 1910 2756 re-

260 2809 391 2846 rum
443 2796 737 2863 gestarum
773 2789 1098 2862 inquisitio,
1130 2794 1187 2845 et
1216 2790 1399 2861 pretio
1447 2790 1714 2845 conducti
1747 2808 1911 2863 syco-

261 2879 514 2951 phantae,
547 2883 605 2933 et
655 2878 953 2944 sententiae
999 2883 1149 2932 stata
1188 2879 1454 2933 mercede
1501 2880 1909 2949 pronuntiataa.

260 2967 405 3022 Hinc
437 2967 531 3023 alii
567 2968 638 3022 ab
671 2966 1059 3022 Ecclesiarum
1096 2966 1319 3022 thronis
1364 2967 1581 3037 injuste
1614 2967 1912 3039 pelleban-

259 3058 397 3110 tur:
432 3054 529 3108 alii
561 3055 619 3108 in
670 3070 869 3108 eorum
906 3054 1093 3109 locum
1145 3055 1659 3126 subrogabantur;
1693 3058 1776 3111 sic
1826 3061 1910 3110 ta-

261 3159 416 3213 men,
450 3148 514 3198 ut
543 3144 614 3198 ab
666 3143 736 3197 iis
778 3143 1096 3213 impietatis
1141 3144 1548 3215 chirographa,
1581 3162 1694 3200 non
1745 3162 1914 3200 secus

2009 658 2302 728 ὁμοοόσιον
2362 664 2429 733 τῇ
2492 659 2549 716 δὲ
2604 658 2825 735 ἀσεϐείᾳ
2869 665 3032 741 θύραν
3090 667 3340 738 ἀνοίξασα
3396 672 3530 742 (43),
3576 667 3666 724 διὰ

2006 752 2106 834 τῆς
2173 751 2279 800 τῶν
2352 750 2742 825 γεγραμμένων
2818 754 3157 825 μεσότητος’
3238 756 3503 834 πρόφασιν
3564 760 3659 830 μὲν

2009 832 2158 889 αἰδοῖ
2210 842 2311 904 τῆς
2370 843 2605 915 Γραφῆς,
2665 840 2756 894 καὶ
2812 845 2909 910 τῆς
2947 848 3051 897 τῶν
3085 832 3661 920 ἆγκρίτωννόνομάτων

2011 926 2288 998 χρήσεως,
2344 926 2406 979 τὸ
2452 924 2509 981 δὶ
2558 925 2781 1001 ἀληθὶς,
2834 932 2925 985 τὸν
2978 930 3212 1009 ἄγραφον
3290 935 3667 1008 Ἀρειανισμὸν

2011 1012 2414 1086 ἀντεισάγουσα.
2491 1017 2560 1069 Τὸ
2619 1018 2743 1093 γὰρ,
2804 1022 3032 1092 Ὅμοιον
3090 1022 3227 1076 κατά
3282 1024 3378 1084 τὰς
3430 1026 3664 1101 Γραφάς,

2009 1106 2127 1163 τοῖς
2159 1101 2552 1178 ἁπλουστέροις
2587 1102 2776 1178 δέλεαρ
2817 1108 2883 1176 ἦν
2916 1113 2992 1179 τῷ
3021 1117 3120 1178 τῆς
3168 1105 3414 1172 ἀσεϐείας
3470 1112 3668 1186 χαλκῷ

2012 1189 2403 1265 περικείμενον,
2457 1194 2490 1261 ἡ
2542 1194 2675 1269 πρὸς
2724 1197 2920 1258 πάντας
2976 1197 3155 1272 ὁρῶσα
3200 1198 3327 1261 τοὺς
3373 1200 3667 1274 παριόντας

2015 1279 2198 1347 εἰκὼν,
2232 1282 2259 1334 ὁ
2307 1283 2486 1343 κοινὸς
2545 1286 2652 1336 τῶν
2705 1284 3024 1362 ἀμφοτέρων
3074 1289 3189 1360 (44)
3235 1285 3416 1341 ποδῶν
3469 1289 3668 1361 κόθορ-

2012 1388 2124 1438 νος,
2184 1370 2218 1437 ἡ
2269 1371 2405 1424 κατὰ
2466 1369 2637 1425 πάντα
2685 1373 2882 1446 ἄνεμον
2934 1373 3218 1447 λίκμησις,
3270 1376 3507 1447 ἐξουσίαν
3569 1376 3669 1432 λα-

2015 1453 2185 1511 ϐοῦσα
2214 1460 2313 1525 τήν
2345 1458 2644 1536 νεόγραφον
2680 1464 2794 1533 (45)
2836 1462 3188 1539 κακουργίαν,
3238 1466 3329 1519 καὶ
3384 1467 3483 1534 τὴν
3532 1469 3669 1521 κατά

2014 1552 2114 1613 τῆς
2164 1544 2422 1616 ἀληθείας
2480 1547 2741 1607 ἐπίνοιαν.
2798 1552 2969 1628 Σοφοὶ
3025 1554 3127 1628 γὰρ
3178 1553 3423 1629 ἐγένοντο
3476 1555 3551 1618 είς
3601 1556 3665 1610 τὸ

2015 1638 2399 1704 κακοποιῆσαι·
2473 1636 2537 1692 τὰ
2613 1635 2671 1693 δὲ
2754 1638 2921 1694 καλὸν
3012 1644 3235 1710 ποιῆσαι
3327 1642 3426 1698 οὐκ
3500 1641 3668 1721 ἔγνω-

2019 1743 2130 1779 σαν.

2088 1993 2203 2049 KI".
2263 1998 2527 2057 Ἐντεῦθεν
2586 1996 2621 2064 ἡ
2684 1998 3000 2074 σοφιστικὴν
3059 2000 3174 2071 (46)
3220 2004 3330 2053 τῶν
3381 2000 3670 2071 αἱρπικῶν

2013 2080 2349 2157 κατάκρισις,
2410 2082 2501 2143 οὕς
2556 2082 2713 2158 λόγῳ
2773 2086 2869 2156 μὲν
2929 2086 3286 2162 ἀπεκήρυξαν,
3351 2085 3422 2142 ἵν’
3476 2087 3513 2162 ᾗ
3568 2109 3670 2143 πι-

2016 2170 2172 2233 θανὸν
2222 2169 2406 2232 αὐτοῖς
2450 2171 2512 2225 τὸ
2566 2171 2905 2248 ἐπιχείρημα
2948 2176 3084 2247 (47),
3136 2172 3279 2250 ἔργῳ
3330 2174 3386 2230 δὲ
3415 2180 3669 2252 προήγα-

2015 2279 2111 2332 γον
2162 2261 2274 2331 (48)
2324 2258 2398 2320 είς
2439 2259 2501 2313 τὸ
2550 2259 2849 2334 ἔμπροσθεν
2878 2279 2890 2293 ⁸
2943 2260 3068 2317 οὐδὲ
3118 2259 3362 2318 ἀσέϐειαν
3406 2265 3663 2341 ἀμετρον,

2016 2346 2162 2403 ἀλλὰ
2216 2350 2529 2426 συγγραφὴν
2589 2348 2867 2419 ἄπληστον
2926 2350 3329 2428 ἐγκαλέσαντες.
3386 2356 3664 2419 Ἐντεῦθεν

2016 2437 2069 2490 οἱ
2132 2431 2364 2512 βέϐηλοι
2415 2442 2519 2492 τῶν
2576 2439 2737 2493 ὁσίων
2783 2440 2984 2515 κριταὶ,
3042 2443 3131 2496 καὶ
3187 2444 3222 2511 ἡ
3281 2445 3440 2512 καινή
3495 2444 3661 2516 μίξις,

2017 2520 2142 2598 ὄψις
2190 2522 2445 2598 δημοσία,
2504 2528 2592 2581 καὶ
2647 2529 2877 2600 μυστικὰ
2913 2525 3304 2605 προϐλήματα,
3345 2533 3433 2586 καὶ
3466 2534 3500 2602 ἡ
3559 2554 3662 2588 πα-

2019 2612 2251 2689 ράνομος
2299 2619 2405 2669 τῶν
2460 2610 2808 2690 βεϐιωμένων
2856 2615 3109 2690 ἐξέτασις,
3168 2620 3257 2673 καὶ
3317 2620 3369 2674 οἱ
3438 2620 3661 2692 μισθού-

2023 2723 2171 2775 μενοι
2247 2704 2594 2781 συκοφάνται,
2670 2705 2758 2759 καὶ
2817 2708 2851 2775 ἡ
2911 2705 2997 2760 ἐπὶ
3057 2706 3245 2782 ῥητοῖς
3298 2710 3409 2782 (49)
3466 2710 3663 2783 κρίσις.

2022 2791 2122 2848 Καὶ
2156 2792 2207 2844 οἱ
2257 2792 2351 2863 μὲν
2404 2791 2759 2864 ἐξωθούμενοι
2800 2799 2905 2849 τῶν
2956 2791 3160 2869 θρὸνων
3211 2793 3452 2859 ἀδίκως·
3499 2800 3550 2851 οἳ
3609 2797 3667 2853 δὲ

2023 2878 2481 2954 ἀντεισαγόμενοι,
2552 2881 2641 2934 καὶ
2714 2880 2780 2935 τὰ
2853 2882 3191 2961 ’χειρόγραφα
3262 2892 3362 2954 τῆς
3423 2880 3668 2949 ἀσεϐείας

2021 2966 2436 3039 ἀπαιτούμενοι,
2482 2966 2662 3045 ὣσπερ
2718 2991 2771 3023 τι
2830 2968 2970 3025 ἄλλο
3020 2976 3127 3025 τῶν
3189 2973 3520 3048 ἀναγκαίωνο
3580 2977 3670 3029 καὶ

2022 3056 2082 3109 τὸ
2139 3054 2306 3129 μέλαν
2356 3055 2593 3130 ἔτοιμον,
2643 3059 2731 3112 καὶ
2784 3060 2811 3113 ὁ
2864 3059 3202 3138 συκοφάντης
3252 3060 3432 3137 έγγύς.
3487 3066 3551 3115 Ὅ
3601 3060 3668 3132 δὴ

2022 3144 2113 3198 καὶ
2180 3147 2339 3217 ἡμῶν
2412 3150 2519 3200 τῶν
2596 3146 2882 3217 ἀηττήτων
2942 3150 2993 3201 ol.
3048 3148 3299 3204 πλεῖστοι
3355 3151 3669 3223 πεπόνθασι,

258 3235 437 3303 atque
497 3231 653 3287 aliud
722 3232 1026 3303 quidpiam
1094 3233 1530 3310 necessarium,
1593 3234 1906 3305 exigerent.

2023 3216 2233 3304 διανοία
2293 3233 2386 3305 μὶν
2447 3234 2509 3288 οὗ
2564 3216 2813 3297 πεσόντες
2873 3239 3005 3309 (50),
3064 3237 3343 3313 γράμματι
3422 3237 3478 3294 δὲ
3534 3216 3669 3314 παρξ

257 3323 446 3393 Atque
476 3321 533 3375 in
568 3325 840 3392 promptu
887 3325 1278 3375 atramentum
1310 3326 1455 3387 erat,
1487 3327 1543 3376 et
1587 3321 1907 3377 calumnia-

2023 3323 2300 3398 αχθέντες,
2333 3321 2422 3377 καὶ
2455 3322 2531 3384 είς
2564 3323 2615 3377 έν
2649 3321 2896 3387 ἐλθόντες
2927 3329 3037 3399 (51)
3085 3331 3199 3387 τοῖς
3246 3333 3512 3402 πονηροῖς
3555 3328 3671 3382 κατ’

254 3412 349 3463 tor
398 3426 430 3461 a
479 3412 658 3478 tergo.
712 3412 786 3461 Ea
831 3424 923 3462 res
974 3408 1296 3477 permultos
1344 3425 1374 3463 e
1423 3410 1612 3474 nobis,
1664 3410 1907 3465 invictos

2023 3406 2335 3488 ἀμφότερα*
2396 3411 2486 3465 καὶ
2541 3415 2638 3465 τοῦ
2692 3416 2899 3466 καπνοῦ
2951 3416 3062 3487 (52)
3117 3435 3196 3490 γε,
3247 3416 3292 3469 εί
3337 3416 3425 3470 καὶ
3468 3418 3543 3489 μὴ
3573 3421 3670 3471 τοῦ

254 3496 473 3568 alioqui
535 3497 710 3567 viros,
754 3496 811 3551 in
872 3496 1134 3551 fraudem
1198 3497 1461 3568 impulit;
1495 3498 1593 3567 qui
1641 3498 1907 3567 quamvis

2023 3500 2192 3575 πυρὸς
2254 3498 2635 3573 μετασχόντες.
2705 3502 2774 3555 ’Ὁ
2830 3498 3103 3562 πολλάκις
3162 3500 3447 3578 ἐδάκρυσα,
3525 3506 3666 3580 ὁρῶν

255 3592 450 3639 mente
508 3585 961 3656 haudquaquam
1026 3586 1282 3657 prolapsi
1336 3585 1566 3650 fuerint,
1608 3587 1905 3656 subscrip-

2023 3589 2116 3656 τήν
2147 3587 2269 3641 τότε
2325 3586 2481 3660 χύσιν
2523 3590 2636 3659 (53)
2664 3593 2764 3655 τῆς
2798 3582 3063 3660 ἀσεϐείας,
3091 3589 3179 3643 καὶ
3210 3592 3301 3644 τὸν
3323 3597 3410 3645 νῦν
3445 3593 3671 3648 ἐπανασ-

253 3675 412 3731 tione
441 3680 636 3731 tamen
686 3676 1002 3731 transversi
1032 3675 1145 3731 acti
1194 3680 1351 3744 sunt,
1386 3680 1561 3747 atque
1600 3690 1733 3730 cum
1766 3676 1905 3743 illis,

2023 3674 2180 3730 τάντα
2237 3671 2476 3748 διωγμὸν
2528 3678 2608 3745 τῷ
2658 3673 2804 3749 ὀρθῷ
2852 3673 3007 3751 λόγῳ
3037 3678 3183 3752 παρά
3210 3682 3318 3733 τῶν
3352 3686 3668 3755 προστατῶν

255 3769 503 3836 utroque
534 3764 770 3819 nomine
793 3765 1568 3836 improbis,consenserunt;
1602 3782 1686 3832 ac,
1712 3764 1759 3817 si
1793 3781 1904 3818 non
2015 3768 2112 3819 τοῦ
2145 3763 2342 3838 Λόγου.

255 3854 528 3919 ﬂammas,
565 3854 707 3908 fumi
739 3861 893 3909 certe
924 3854 1237 3925 participes
1270 3853 1525 3908 fuerunt.
1559 3854 1719 3919 Quod
1753 3854 1993 3923 quidem
2042 3854 2169 3925 ipse
2216 3853 2416 3909 multis
2466 3869 2619 3925 saepe
2667 3853 2944 3927 lacrymis
2991 3864 3339 3928 prosecutus
3370 3875 3526 3926 sum,
3558 3861 3671 3915 im-

255 3943 530 4013 pietatem
563 3960 690 3998 eam
739 3959 865 4013 quae
924 3948 1062 3997 tunc
1121 3940 1294 4013 longe
1351 3942 1585 4013 lateque
1643 3944 1937 4010 manabat,
1970 3947 2026 3998 et
2055 3943 2517 4014 persecutionem
2551 3958 2677 4014 qua:
2711 3960 2867 3999 nunc
2897 3945 2969 3999 ab
2997 3945 3141 4017 ipsis
3171 3946 3343 4001 Verbi
3401 3946 3662 4017 patronis

257 4034 539 4088 adversus
570 4033 951 4087 orthodoxam
984 4031 1309 4086 doctrinam
1344 4032 1589 4086 excitata
1620 4036 1728 4098 est,
1761 4032 2147 4103 conspiciens.

328 4123 514 4179 XXIV.
546 4123 690 4178 Nam
725 4122 921 4194 procul
953 4122 1131 4177 dubio
1173 4122 1332 4177 stulte
1373 4130 1601 4191 egerunt
1649 4127 1913 4194 pastores,

260 4216 327 4266 ut
358 4228 491 4265 cum
523 4211 823 4282 Scriptura
869 4210 1097 4282 loquar,
1128 4218 1178 4265 et
1208 4219 1445 4280 pastores
1496 4212 1659 4266 multi
1698 4213 1915 4265 vineam

260 4317 440 4357 meam
484 4304 954 4373 pervastaverunt,
1008 4316 1079 4354 ac
1124 4299 1546 4354 desiderabilem
1589 4304 1803 4371 partem
1845 4301 1910 4367 ⁸⁷,

258 4389 368 4447 hoc
400 4397 506 4457 est,
543 4391 637 4445 Dei
669 4388 1012 4454 Ecclesium,
1047 4386 1249 4443 multis
1295 4388 1629 4455 sudoribus,
1661 4393 1717 4443 et
1749 4388 1910 4444 victi-

328 4570 376 4605 ⁸⁸
402 4568 573 4625 Eccli.
605 4586 662 4640 ν,
698 4569 783 4623 11.
859 4568 904 4604 ⁵⁸
932 4567 1049 4625 Jer.
1084 4585 1160 4639 ιν,
1191 4568 1281 4623 22.
1358 4569 1401 4603 ⁸⁷
1432 4570 1547 4624 Jer.
1577 4586 1632 4637 ι,
1664 4570 1754 4624 21.

332 4751 446 4832 (43)
495 4748 666 4832 eam»
718 4746 989 4832 ἀνοίξασα.
1042 4771 1069 4799 ‹‹
1099 4747 1410 4832 ‘Impietat‘i
1452 4749 1714 4832 _janua_m
1758 4766 1909 4831 “ape—
1940 4751 1987 4817 D

261 4819 408 4888 ruit;
443 4819 669 4903 n-edita
725 4821 945 4903 scilicet
1001 4819 1463 4903 ambigu-autldei
1520 4819 1906 4903 confessione,

259 4910 387 4962 quae
442 4892 531 4963 pie
588 4893 762 4947 simul
822 4900 878 4947 et
933 4893 1111 4963 impie
1166 4890 1410 4963 intelligi
1462 4898 1691 4963 posset,
1728 4910 1903 4963 quam

259 4962 694 5034 etinm'cuique,
728 4966 847 5018 sive
875 4962 1191 5025 Catholiro,
1225 4963 1345 5017 sive
1368 4962 1613 5029 ’Ariano,
1649 4965 1705 5017 in
1740 4962 1907 5019 suam

260 5037 744 5109 partemtrahere
772 5035 988 5090 liceret.
1012 5036 1373 5104 Quapropter
1393 5034 1724 5109 Theologus
1758 5036 1905 5109 hanc

260 5106 681 5163 confessionem
716 5113 897 5173 vocat,
923 5131 950 5156 α
985 5124 1356 5163 communem
1402 5106 1706 5177 utriusque
1742 5106 1905 5177 pedis

260 5179 690 5235 cothurnum.»

329 5252 441 5321 (44)
472 5252 585 5303 Τῶν
616 5246 956 5325 ἀμφοτέρων.
991 5248 1083 5304 Sic
1125 5265 1223 5303 sex
1270 5248 1445 5318 Regg.
1483 5249 1542 5300 In
1575 5248 1692 5313 ed.,
1726 5246 1899 5321 ἀμφο-

291 5318 425 5375 όοων
462 5325 589 5375 τῶν.

254 5342 425 5377 τερων
462 5343 567 5375 των
580 5365 589 5374 .

319 5341 425 5393 ρων
462 5343 589 5375 των.

328 5396 439 5462 (45)
472 5392 799 5467 Νεόγραφον.
833 5391 925 5446 Or.
964 5392 1013 5453 1,
1042 5393 1099 5467 et
1133 5393 1285 5467 βεδε,
1306 5383 1602 5467 ἔγγραφον,

326 5459 437 5536 (46)
474 5459 794 5540 Σοφιστιξιή,
828 5468 933 5517 etc.
972 5460 1357 5540 Arianiuticto
1390 5459 1754 5540 spb‘doloque
1786 5461 1905 5513 ani-

258 5531 375 5600 mo,
410 5531 633 5592 Aetium
682 5536 1061 5597 damnarunt,
1097 5536 1160 5584 ut
1192 5532 1364 5585 fidem
1412 5531 1684 5600 facerent,
1719 5549 1779 5587 se
1808 5548 1899 5585 or-

255 5609 520 5663 thodoxa
553 5606 823 5663 assentiri
857 5604 1154 5660 doctrinas.

332 5680 443 5749 (47)
478 5676 865 5752 Ἐπιχείρημα.
902 5676 1041 5748 Reg.
1070 5675 1265 5748 Cypra,
1296 5670 1628 5749 έγχείρημα.

2095 4122 2211 4177 ΚΔ’.
2285 4122 2380 4192 Τῷ
2479 4120 2591 4176 ὀντι
2692 4123 2816 4196 γὰρ,
2909 4120 3170 4194 Ποιμένες
3246 4123 3668 4199 ήφρονεύσαντο,

2021 4210 2158 4264 κατᾶ
2221 4211 2284 4265 τὸ
2358 4210 2756 4285 γεγραμμένον,
2823 4210 2913 4264 καὶ
2995 4210 3251 4283 ποιμένες
3323 4209 3531 4267 πολλοὶ
3590 4210 3672 4268 δι-

2022 4297 2265 4374 έφθειραν
2328 4298 2419 4352 τὸν
2520 4296 2817 4371 ἀμπελῶνα
2923 4318 3048 4369 μου,
3141 4299 3384 4373 ᾔσχυναν
3480 4297 3674 4377 μερίδα

2022 4386 2387 4461 ἐπιθυμητὴν,
2446 4387 2545 4455 τὴν
2607 4383 2928 4455 Ἐκκλησίαν
2985 4390 3083 4441 τοῦ
3130 4390 3263 4442 Θεοῦ
3322 4385 3491 4462 λέγω,
3531 4386 3672 4443 πολ-

2089 4748 2202 4830 (48)
2233 4745 2579 4830 Προήγαγον.
2630 4745 2912 4830 Combef._,
2962 4746 3412 4830 npoaﬁyayov,"«
3457 4748 3671 4830 Reipsa

2020 4826 2214 4875 autem
2264 4818 2935 4889 magispromoverunt,
2962 4840 2989 4865 υ
3022 4818 3474 4887 ἱρευῐηεοίιὶοεῐ
3522 4818 3668 4876 Aetii

2017 4892 2230 4962 dogma
2260 4890 2683 4955 conﬁrmando,
2720 4894 2775 4943 et
2807 4889 3045 4943 modum
3091 4889 3378 4962 duntaxat
3409 4893 3669 4948 scriben-

2016 4959 2285 5031 di,—velut
2316 4961 3044 5031 contentionumcausam,
3078 4959 3579 5031 reprehendendo.

2110 5034 2200 5104 49)
2234 5031 2352 5084 Ἐπὶ
2389 5031 2596 5104 ῥητοῖς.
2629 5030 2811 5104 Coisl1
2837 5034 2894 5084 et
2922 5030 3066 5091 183.,
3101 5028 3392 5104 enipeum.

2110 5035 2179 5086 49
2234 5035 2352 5084 Ἐπὶ
2389 5035 2596 5100 ὁητοῖς.
2629 5035 2802 5085 Cois].
2837 5035 2894 5084 et
2922 5035 3066 5091 Jes.,
3101 5035 3392 5104 ἑπίῤῥετοι.

2086 5035 2200 5175 (50)
2230 5088 2505 5176 Πιισὸντεςἶ
2537 5104 2675 5176 Reg:
2707 5118 2756 5167 c,
2781 5101 3069 5176 Combet‘.,
3092 5100 3409 5165 κλαπέντες,
3440 5126 3461 5152 α
3500 5106 3673 5176 quasi

2017 5170 2217 5247 furtim
2276 5174 2531 5247 spoliati.
2559 5196 2585 5222 ››
2621 5170 2772 5236 Mox,
2816 5190 2918 5244 pro
2968 5172 3278 5246 γράμματι,
3315 5176 3490 5247 Regg.
3520 5170 3576 5242 δ,
3609 5178 3669 5246 d,

2012 5246 2323 5321 γράμμασιξ
3444 5246 3459 5247 ί

2065 5319 2199 5387 ,(51)
2230 5313 2533 5378 Ἐλθόντες.
2596 5313 2735 5386 Reg.
2788 5330 2840 5381 ο,
2892 5314 2988 5369 Or.
3039 5316 3092 5385 1,
3145 5317 3426 5386 Combef.,
3475 5314 3669 5371 συνελ-

2013 5386 2337 5529 θόῖἕὲῖΤοῦ
2366 5458 2599 5510 καπνοῦ.
2632 5457 2725 5510 Sic
2778 5456 3037 5527 plerique
3086 5457 3335 5512 codices.
3370 5457 3541 5514 Deest
3566 5462 3665 5513 τοῦ

2013 5529 2071 5611 in
2105 5531 2195 5612 ed.
2232 5529 2336 5612 Per
2370 5552 2391 5577 ι
2430 5530 2651 5583 fumum
2693 5550 2720 5577 »
2776 5534 2971 5584 autem
3023 5550 3050 5577 α
3106 5530 3597 5602 subscriptionem
3634 5554 3663 5581 ι»

2014 5600 2305 5672 intelligit.

2084 5672 2195 5744 (53)
2224 5669 2409 5727 Χύσιν.
2443 5673 2580 5741 Ιοε.,
2614 5668 2893 5746 σύγχυσιν.
