4056 6274
272 392 428 454 1109

271 500 304 556 λ

272 624 507 695 Χριστοῦ
552 641 610 674 τε
664 624 776 694 (54)
823 622 913 675 καὶ
970 622 1105 693 μετά
1150 622 1404 694 Χριστὸν,
1456 622 1544 674 καί
1591 620 1774 681 αὐτοῖς
1807 626 1918 680 τοῖς

276 707 533 783 μεγάλοις
588 713 685 761 τοῦ
743 714 876 763 Θεοῦ
935 710 1056 782 περὶ
1115 712 1271 781 ἡμῶν
1332 709 1539 763 πάθεσι.
1604 709 1754 777 Πλὴν
1816 710 1917 781 γὰρ

272 794 477 870 ὀλίγων
527 795 678 871 ἄγαν,
730 799 817 851 καί
863 797 1067 851 τούτων
1124 798 1237 852 ὅσοι
1272 795 1359 851 διὰ
1408 798 1744 870 σμικρότητα
1785 818 1919 872 παρ-

274 884 620 960 ερῥίφησαν,
697 887 730 953 ἢ
807 883 893 939 διὰ
968 886 1161 960 ἀρετὴν
1240 883 1587 955 ἀντέϐησαν,
1648 885 1739 947 οὕς
1813 883 1917 939 ἔδει

270 973 486 1049 σπέρμα
538 974 627 1027 καὶ
688 974 834 1049 ῥίζαν
912 974 1304 1052 ὑπολειφθῆναι
1375 980 1452 1045 τῷ
1512 972 1777 1049 Ἰσραὴλ,
1828 973 1921 1029 ’ίνα

268 1062 508 1135 ἀναθάλῃ
566 1061 730 1116 πάλιν
763 1109 776 1133 ,
831 1065 919 1117 καὶ
967 1059 1243 1136 ἀναϐιώσῃ
1290 1068 1407 1125 ταῖς
1468 1062 1769 1139 ἐπιρροίαις
1822 1068 1919 1117 τοῦ

267 1151 600 1223 Πνεύματος,
660 1152 850 1213 πάντες
908 1157 1005 1207 τοῦ
1060 1158 1251 1227 καιροῦ
1326 1152 1592 1227 γενόνασι,
1661 1157 1916 1206 τοσοῦτον

263 1238 532 1310 ἀλλήλων
570 1238 950 1315 διενεγκόντες,
999 1241 1122 1295 ὅσον
1176 1241 1301 1301 τούς
1336 1242 1429 1313 μὲν
1478 1241 1764 1317 πρότερον,
1791 1240 1916 1304 τοὺς

265 1327 323 1384 δὶ
377 1329 596 1404 ὕστερον
654 1335 817 1385 τοῦτο
865 1334 1094 1385 παθεῖν’
1144 1331 1231 1384 καὶ
1287 1329 1414 1391 τοὺς
1482 1331 1575 1402 μὲν
1633 1350 1862 1403 προαγω
1895 1362 1917 1373 -

263 1419 443 1480 νιστάς
496 1420 583 1473 καὶ
642 1420 943 1494 προστάτας
995 1418 1239 1494 γενέσθαι
1297 1426 1399 1488 τῆς
1459 1414 1732 1489 ἀσεϐείας,
1794 1418 1917 1480 τοὺς

269 1506 326 1563 δὶ
380 1510 643 1583 ταχθῆναι
703 1509 770 1562 τὰ
831 1506 1091 1583 δεύτερα,
1147 1509 1181 1577 ἣ
1236 1502 1392 1585 φόϐῳ
1451 1509 1912 1579 κατασεισθὲντας,

267 1598 302 1665 ἦ
355 1598 516 1671 χρείᾳ
568 1592 970 1665 δουλωθέντας»
1021 1597 1054 1665 ἦ
1106 1595 1365 1668 κολακείᾳ
1412 1594 1791 1658 δελεασθέντας
1827 1640 1840 1663 ,
1885 1598 1918 1665 ἢ

268 1685 461 1759 ἀγνοίᾳ
506 1684 833 1755 κλαπέντας,
874 1687 934 1739 τὸ
988 1687 1368 1759 μετριώτατον·
1404 1683 1450 1739 εἲ
1495 1707 1575 1757 τῳ
1622 1686 1712 1738 καὶ
1754 1690 1914 1740 τοῦτο

267 1773 526 1849 αὔταρκες
586 1774 663 1835 εἷς
719 1773 1023 1848 ἀπολογίαν
1074 1778 1178 1826 τῶν
1258 1773 1392 1827 λαοῦ
1451 1773 1770 1847 προεστάναι
1821 1794 1914 1827 πε-

697 887 730 953 ἢ
807 883 893 939 διὰ
968 886 1161 961 ἀρετὴν
1240 881 1587 955 ἀντέϐησαν,

263 1863 658 1935 πιστευμὲνων.
710 1864 914 1938 ’Ὠσπερ
960 1863 1059 1938 γὰρ
1112 1862 1219 1938 οὐχ
1267 1862 1321 1915 αἱ
1372 1861 1525 1916 αὐταὶ
1576 1860 1809 1916 λεόντων
1859 1883 1916 1916 τε
1948 1894 1996 1957 Β

263 1951 352 2007 καὶ
384 1956 489 2005 τῶν
545 1950 730 2006 ἄλλων
782 1953 932 2020 ζώων
984 1951 1172 2026 ὁρμαὶ,
1222 1948 1347 2005 ούδὶ
1392 1948 1596 2025 ἀνδρῶν
1646 1953 1680 2021 ἢ
1726 1972 1915 2025 γυναι-

262 2044 397 2106 κῶν,
430 2041 463 2108 ἢ
494 2035 872 2115 πρεσϐυτέρων
904 2042 937 2108 ἢ
966 2041 1266 2111 νεωτέρων,
1315 2038 1445 2093 ἀλλ’
1488 2035 1597 2093 ἔστι
1648 2040 1737 2093 καὶ
1786 2039 1917 2109 ἠλι-

265 2133 398 2183 κιῶν
446 2129 535 2183 καὶ
580 2134 746 2205 γενῶν
794 2130 856 2183 οὐ
910 2130 1101 2203 μικρὸν
1147 2129 1210 2182 τὸ
1260 2125 1538 2205 διάφορον·
1593 2128 1764 2190 οὕτως
1794 2127 1920 2183 οὐδὶ

271 2217 556 2293 ἀρχόντων
619 2219 653 2286 ἢ
719 2216 1045 2293 ἀρχομένων
1080 2262 1091 2272 .
1145 2222 1270 2279 Τοῖς
1332 2217 1425 2289 μὶν
1474 2219 1574 2291 γάρ
1632 2222 1728 2271 τοῦ
1786 2218 1921 2273 λαοῦ

274 2308 417 2382 τάχα
466 2305 524 2360 ἂν
576 2308 663 2360 καὶ
725 2308 1190 2382 συγγινώσκοιμεν
1249 2309 1409 2360 τοῦτο
1457 2308 1781 2382 πάσχουσιν,
1830 2306 1921 2369 οὓς

278 2396 437 2464 σώζει
481 2392 751 2457 πολλάκις
809 2397 869 2450 τὸ
918 2391 1291 2449 ἀϐασάνιστον·
1344 2393 1655 2467 διδασκάλῳ
1704 2393 1761 2449 δὲ
1809 2400 1923 2458 πῶς

278 2489 440 2540 τοῦτο
474 2482 745 2557 δώσομεν,
795 2485 851 2545 ’ὀς
898 2484 987 2538 καὶ
1036 2486 1128 2545 τὰς
1173 2489 1280 2538 τῶν
1324 2483 1509 2539 ἄλλων
1558 2484 1780 2559 ἀγνοίας
1830 2485 1923 2539 ἐπ-

284 2575 528 2648 ανορθοῖ,
591 2570 754 2648 ἄνπερ
891 2574 965 2645 μὴ
1026 2571 1381 2647 ψευδώνυμος
1442 2575 1598 2646 (55);
1642 2579 1765 2635 Ιιῶς
1824 2577 1926 2650 γὰρ

286 2662 384 2717 οὐκ
440 2663 638 2716 ἄτοπον
676 2708 689 2731 ,
750 2661 1030 2735 Ῥωμαίων
1095 2664 1187 2735 μὲν
1240 2661 1410 2734 νόμον
1471 2659 1662 2734 μηδενὶ
1722 2662 1925 2737 ἀγνοεῖν

280 2752 495 2821 ἐξεῖναι,
550 2749 680 2824 μηδ’
730 2752 787 2805 ἂν
840 2749 1047 2829 σφόδρα
1093 2750 1129 2825 ᾖ
1178 2772 1260 2813 τις
1313 2751 1593 2826 ἀγροικίας
1643 2752 1730 2805 καὶ
1784 2752 1927 2824 ἀμα-

278 2840 548 2911 θέστατος,
632 2838 771 2913 μηδὲ
853 2841 982 2894 εἶναι
1057 2839 1227 2911 νόμον
1285 2840 1376 2893 τὸν
1455 2841 1758 2914 βοηθοῦντα
1812 2846 1927 2903 τοῖς

278 2931 671 3004 πραττομένοις
730 2926 799 2983 δι’
858 2930 1074 3003 ἄγνοιαν
1126 2931 1258 3000 (56)·
1320 2928 1448 2989 τοὺς
1482 2927 1538 2982 δὲ
1592 2936 1693 2997 τῆς
1753 2950 1928 3000 σωτη-

279 3018 395 3092 ρίας
454 3019 662 3092 ἀγνοεῖν
727 3018 1120 3092 μυσταγωγοὺς
1185 3018 1282 3078 τὰς
1338 3024 1439 3085 τῆς
1499 3018 1774 3092 σωτηρίας
1833 3020 1929 3092 ἀρ-

279 3108 409 3182 χάς,
442 3105 537 3161 κᾶν
574 3104 752 3160 τᾶλλα
797 3106 1111 3180 τυγχάνωσι
1160 3110 1267 3159 τῶν
1326 3104 1704 3180 άπλονστέρων
1756 3101 1926 3175 ὅντες,

277 3195 367 3249 καὶ
421 3196 495 3266 μὴ
552 3195 732 3267 βαθεῖς
782 3195 881 3261 τὴν
919 3190 1157 3246 διάνοιαν
1191 3211 1204 3261 ;
1242 3194 1395 3260 ΙΙλήν
1442 3191 1579 3246 ἔστω
1627 3196 1923 3268 συγγνώμη

276 3288 392 3345 τοῖς
451 3280 519 3336 δι’
581 3281 800 3355 ἄγνοιαν
841 3280 1373 3350 κατακολουθήσασι.
1418 3281 1476 3334 Τί
1536 3280 1581 3334 δ’
1633 3282 1692 3335 ἂν
1752 3280 1924 3345 εἷ’ποις
1958 3258 1999 3323 C

279 3373 403 3447 περὶ
432 3375 539 3424 τῶν
574 3368 782 3438 ἄλλων,
816 3370 933 3424 ὅσοι
973 3370 1061 3423 καὶ
1114 3369 1392 3445 ἀγχινοίας
1444 3371 1927 3444 μεταποιούμενοι,

282 3459 350 3515 δι’
384 3460 443 3522 ἃς
477 3460 624 3513 εἶπον
658 3459 855 3529 αἰτίας,
902 3463 1009 3514 τῶν
1052 3457 1392 3535 κρατούντων
1443 3461 1752 3529 ἡττήθησαν
1793 3463 1929 3534 (57),

280 3549 496 3617 καὶτήν
554 3556 652 3618 τῆς
714 3545 983 3610 εὐσεϐείας
1031 3551 1235 3619 σκηνήν
1295 3548 1382 3603 ἐπὶ
1441 3548 1585 3603 πολὺ
1628 3549 1927 3622 παίξαντες,

281 3637 356 3699 ὡς
414 3636 579 3716 ἐφάνη
656 3658 709 3691 τι
764 3643 871 3693 τῶν
949 3637 1287 3713 ἐλεγχόντων
1325 3682 1339 3707 ,
1398 3638 1487 3692 καὶ
1552 3637 1864 3713 κατηνέχθη
1902 3672 1923 3680 -

282 3747 374 3780 σαν
409 3745 423 3795 ;

1186 393 1475 455 ORATIO
1520 393 1682 454 XXI.
1722 426 1800 435 —
1829 392 1906 452 IN
1950 392 2278 455 LAUDEM
2323 396 2776 460 ATHANASII.

309 528 390 585 οῖς
440 520 632 599 ἱδρῶσι
678 522 767 578 καὶ
823 523 1071 602 σφαγίοις
1119 523 1581 598 συνειλεγμένην,
1635 528 1756 583 τοῖς
1805 523 1911 597 πρὸ

2035 526 2139 580 mis
2163 530 2283 582 tam
2307 532 2439 583 ante
2480 528 2781 586 Christum
2805 548 2983 604 quam
3006 536 3138 604 post
3158 533 3458 591 Christum
3490 537 3679 602 caecis,

3534 404 3692 465 1110

2028 616 2174 669 401
2222 633 2287 671 ac
2342 618 2588 688 denique
2648 621 2879 691 magnis
2937 622 3125 692 ipsius
3174 622 3275 679 Dei
3334 640 3436 695 pro
3495 625 3686 682 salute

2028 710 2229 759 nostra
2282 708 2639 764 cruciatibus
2694 709 3017 780 collectam,
3053 713 3264 782 probro
3297 729 3362 768 ao
3404 714 3687 772 dedecore

2027 793 2344 849 aﬂ‘ecerunt
2373 797 2435 850 ⁸⁸.
2465 796 2607 851 Nam
2643 798 2689 852 si
2726 816 3047 870 perpaucos
3092 801 3406 873 exceperis,
3437 804 3560 873 qui,
3594 804 3683 861 vel

2028 882 2100 936 ob
2127 884 2381 939 nominis
2403 885 2816 942 obscuritatem
2839 890 3199 961 contemptui
3220 890 3400 945 habiti
3428 893 3681 959 fuerunt,

2027 973 2114 1027 vel
2149 973 2221 1027 ob
2245 973 2517 1029 virtutem
2568 977 2927 1043 restiterunt,
2964 995 3110 1049 quos
3133 978 3332 1034 Israeli
3358 980 3601 1037 seminis
3629 988 3687 1038 et

2031 1061 2240 1115 radicis
2294 1060 2419 1116 loco
2470 1064 2720 1135 relinqui
2751 1067 2796 1101 69
2827 1067 3147 1137 oportebat,
3184 1072 3245 1122 ut
3289 1085 3392 1139 per
3433 1069 3686 1141 Spiritus

2029 1148 2378 1205 inﬂuxiones
2432 1168 2667 1205 rursum
2722 1154 3109 1209 efﬂoresceret
3158 1160 3333 1227 atque
3383 1158 3453 1212 ad
3506 1158 3683 1214 vitam

2030 1245 2416 1304 revocaretur,
2468 1256 2671 1295 omnes
2722 1243 2970 1313 tempori
3018 1244 3276 1299 obsecuti
3327 1252 3468 1301 sunt
3510 1265 3521 1302 .'
3573 1247 3684 1303 hoc

2028 1332 2255 1381 tantum
2290 1330 2439 1383 inter
2468 1346 2566 1385 eos
2599 1331 2955 1387 discriminis
2989 1333 3115 1401 fuit,
3151 1335 3304 1406 quod
3353 1334 3451 1390 alii
3483 1336 3679 1404 citius,

2027 1416 2126 1470 alii
2159 1417 2345 1471 serius
2378 1416 2436 1471 in
2487 1434 2613 1473 eam
2648 1420 2912 1475 fraudem
2964 1421 3334 1492 inciderunt;
3364 1428 3540 1495 atque
3584 1424 3682 1480 alii

2027 1504 2264 1575 quidem
2295 1505 2608 1574 impietatis
2658 1508 2836 1563 duces
2867 1508 3278 1581 antistitesque
3308 1528 3371 1566 se
3413 1516 3675 1583 praebue-

2026 1598 2183 1659 runt,
2217 1592 2312 1648 alii
2360 1598 2553 1648 autem
2600 1596 2656 1649 in
2717 1599 2972 1652 secundo
3029 1599 3232 1654 ordine
3286 1599 3458 1656 locati
3517 1607 3683 1667 sunt,

2027 1700 2235 1753 nempe
2255 1682 2339 1737 vel
2378 1683 2581 1739 timore
2602 1684 2852 1755 perculsi
2871 1686 2955 1741 vel
2977 1694 3202 1758 quaestu
3242 1695 3415 1760 atque
3436 1690 3684 1747 utilitate

2026 1772 2274 1841 subacti,
2307 1771 2393 1826 vel
2454 1772 2753 1829 blanditiis
2804 1775 3067 1843 inescati,
3101 1776 3186 1832 vel
3236 1777 3487 1849 denique
3525 1779 3684 1850 igno-

2026 1860 2215 1915 rantia
2246 1861 2623 1916 circumventi
2657 1879 2721 1917 ac
2752 1864 3203 1936 circumscripti,
3236 1867 3391 1938 quod
3416 1867 3681 1923 omnium

2027 1948 2392 2003 levissimum
2414 1954 2503 2004 est
2531 1968 2543 2017 ;
2574 1950 2621 2004 si
2652 1952 2746 2006 cui
2778 1955 2972 2007 tamen
3006 1954 3064 2008 id
3095 1970 3328 2025 quoque
3350 1955 3421 2010 ad
3453 1972 3677 2024 eorum,

2029 2038 2244 2108 quibus
2266 2037 2464 2109 populi
2488 2054 2629 2093 cura
2651 2042 2969 2096 commissa
2996 2046 3103 2107 est,
3124 2043 3531 2115 purgationem
3556 2044 3679 2099 suf-

2030 2128 2199 2181 ﬁcere
2245 2126 2523 2181 videatur.
2559 2128 2704 2183 Nam
2740 2130 3487 2199 quemadmodumleonum
3512 2138 3679 2188 caete-

2032 2232 2349 2286 rorumquc
2380 2216 2772 2273 animantium
2796 2236 2912 2274 non
2933 2219 3110 2275 iidem
3134 2226 3276 2275 sunt
3305 2225 3500 2276 motus
3518 2226 3688 2292 atque

2033 2303 2311 2375 impetus,
2346 2321 2449 2359 nec
2482 2306 2738 2361 virorum
2773 2312 2829 2361 et
2874 2306 3214 2376 mulierum,
3247 2325 3350 2364 nec
3381 2325 3588 2365 senum
3622 2324 3687 2364 ac

2026 2395 2336 2464 juvenum,
2368 2411 2569 2449 verum
2604 2400 2659 2449 et
2704 2400 2939 2449 aetatum
2984 2401 3041 2451 et
3087 2412 3332 2451 sexuum
3383 2397 3537 2452 haud
3571 2397 3689 2451 exi-

2037 2499 2220 2555 guum
2254 2483 2568 2538 discrimen
2604 2488 2729 2552 est;
2763 2484 2845 2539 sic
2877 2501 2983 2540 nec
3024 2486 3431 2557 praefectorum
3461 2490 3518 2541 et
3549 2485 3689 2541 sub-

2039 2572 2477 2627 ditorum.Nam
2510 2589 2538 2627 e
2571 2573 2744 2643 vulgo
2776 2573 3139 2641 hominibus,
3174 2574 3273 2646 qui
3305 2591 3407 2647 per
3436 2590 3689 2630 errorem

2039 2661 2098 2716 id
2131 2662 2494 2729 admiserint,
2520 2663 2942 2733 ignoscendum
2974 2663 3218 2719 fortasse
3250 2663 3442 2733 fuerit,
3475 2663 3692 2737 quibus

2041 2749 2184 2804 illud
2217 2750 2560 2821 plerumque
2594 2751 2769 2805 saluti
2800 2753 3069 2823 est,quod
3102 2752 3366 2807 animum
3401 2770 3434 2807 a
3463 2750 3693 2807 curiosa

2040 2839 2433 2910 exploratione
2482 2840 2736 2894 alienum
2770 2840 3029 2903 habent;
3063 2846 3121 2896 at
3151 2841 3370 2897 doctori
3415 2857 3531 2912 quo
3562 2846 3689 2896 tan-

2039 2929 2171 2983 dem
2207 2930 2378 2982 modo
2417 2928 2573 2983 idem
2624 2930 3031 2997 concedemus,
3064 2930 3165 3001 qui
3214 2920 3463 2985 aliorum
3513 2930 3688 2985 etiam

2040 3017 2301 3073 inscitiae
2331 3017 2743 3083 emendat,nisi
2776 3018 2831 3072 id
2863 3018 3006 3073 falso
3033 3018 3145 3074 sibi
3179 3035 3391 3074 nomen
3414 3017 3691 3089 arroget?

2039 3107 2185 3161 Nam
2234 3122 2367 3162 cum
2403 3106 2796 3161 Romanorum
2846 3106 3032 3178 legem
3084 3107 3324 3175 nemini,
3368 3106 3694 3178 quamlibet

2040 3195 2259 3251 rustico
2292 3202 2348 3251 et
2381 3196 2632 3264 indocto,
2668 3196 2935 3267 ignorare
2964 3195 3157 3263 liceat,
3189 3212 3295 3250 nec
3326 3195 3417 3251 lex
3465 3194 3565 3250 illa
3594 3212 3690 3251 ex-

2039 3290 2173 3351 stet,
2206 3301 2329 3355 quaa
2381 3284 2731 3339 criminibus
2769 3302 2872 3356 per
2917 3285 3307 3357 ignorantiam
3354 3284 3690 3340 commissis

2041 3389 2209 3444 Opem
2242 3372 2405 3439 ferat,
2443 3389 2634 3427 nonne
2685 3374 3009 3429 absurdum
3042 3378 3130 3429 est
3176 3372 3385 3429 salutis
3426 3372 3690 3428 doctores

2040 3467 2095 3517 et
2126 3463 2418 3517 antistites
2449 3461 2657 3517 salutis
2691 3462 2972 3534 principia
3004 3463 3248 3527 nescire,
3279 3462 3508 3517 etiamsi
3546 3461 3687 3516 alio-

2039 3550 2138 3621 qui
2166 3550 2550 3623 simpliciores
2599 3551 2738 3617 sint,
2773 3552 3170 3621 hebetiorique
3200 3550 3443 3606 anima?
3474 3550 3689 3606 Verum

2038 3638 2131 3694 his
2182 3656 2322 3695 sane
2369 3642 2725 3711 ignoscatur,
2776 3640 2876 3710 qui
2924 3639 3121 3712 impiis
3165 3639 3541 3711 dogmatibus
3589 3656 3689 3711 per

2037 3729 2463 3800 ignorationem
2514 3746 2822 3784 assensum
2872 3730 3261 3799 praebuerunt.
3298 3728 3445 3791 Quid
3492 3734 3687 3783 autem

279 3818 349 3872 de
389 3816 519 3873 aliis
550 3817 785 3885 dixeris,
818 3816 919 3887 qui
968 3816 1146 3871 etiam
1204 3816 1425 3888 ingenii
1476 3817 1711 3872 laudem
1762 3818 1873 3871 sibi
1923 3817 2304 3882 vindicantes,
2336 3819 2409 3873 ob
2466 3834 2563 3872 eas
2620 3822 2835 3885 tamen,
2869 3834 3017 3888 quas
3074 3816 3687 3883 commemoravimus,

277 3922 510 3973 causas,
542 3906 997 3977 imperatoribus
1031 3922 1241 3961 manus
1271 3906 1578 3971 dederunt,
1612 3910 1668 3959 et
1698 3922 1832 3960 cum
1887 3907 2118 3976 pietatis
2164 3922 2475 3977 personam
2507 3906 2785 3960 diuturno
2835 3913 3094 3977 tempore
3143 3910 3426 3977 tanquam
3459 3920 3563 3975 per
3591 3904 3687 3959 lu-

278 3996 421 4049 dum
453 3994 799 4066 gessissent,
834 3992 1015 4049 simul
1047 4010 1113 4049 ac
1146 3994 1345 4065 aliqua
1376 3994 1710 4065 supervenit
1738 3994 2006 4063 tentatio,
2040 4011 2157 4066 qua
2195 3994 2459 4050 convinci
2500 4000 2672 4067 atque
2704 3994 2938 4066 coargui
2970 3998 3226 4066 possent,
3260 3992 3527 4065 protinus
3556 4008 3688 4049 cor-

274 4087 520 4139 ruerunt
546 4085 568 4137 Ρ

346 4171 467 4226 ΚΕ’.
520 4172 636 4224 ’Έτι
699 4170 795 4241 μὶν
866 4168 1004 4239 ἅπαξ
1078 4168 1170 4222 τὸν
1235 4168 1458 4241 οὐρανὸν
1518 4168 1607 4223 καὶ
1659 4170 1757 4238 τὴν
1819 4172 1920 4243 γῆν

275 4260 644 4329 σεισθήσεσθαι
695 4261 827 4331 (58),
876 4264 976 4327 τῆς
1030 4264 1248 4335 Γραφῆς
1298 4257 1480 4313 ἀκούω
1533 4257 1821 4334 λεγούσης,
1852 4258 1925 4320 ὡς

276 4343 343 4414 δὴ
374 4351 535 4401 τοῦτο
567 4346 846 4399 παθόντων
889 4346 978 4400 καὶ
1026 4345 1312 4421 πρότερον
1367 4345 1512 4400 οὕτω
1554 4344 1922 4419 δηλουμένης,

277 4435 454 4508 οἶμαι,
510 4442 609 4503 τῆς
669 4434 960 4511 ἐπιφανοῦς
1016 4440 1122 4488 τῶν
1176 4436 1513 4508 πραγμάτων
1558 4436 1924 4508 καινοτομίας.

2104 4171 2271 4228 XXV.
2316 4173 2504 4227 Semel
2553 4171 2789 4242 quidem
2842 4172 3033 4228 adhuc
3081 4173 3343 4227 futurum
3392 4170 3690 4243 Scriptura

2033 4261 2469 4333 pronuntiat,ut
2494 4261 2701 4316 caelum
2722 4265 2777 4315 et
2795 4266 2947 4316 terra
2967 4266 3309 4316 moveantur
3328 4262 3391 4329 7°,
3408 4266 3686 4332 tanquam

2032 4350 2090 4406 id
2119 4368 2349 4423 quoque
2377 4350 2523 4422 ipsis
2548 4351 2856 4421 anteajam
2882 4350 3217 4422 contigerit;
3238 4350 3454 4421 quibus
3474 4350 3687 4415 verbis,

2006 4457 2166 4495 -mea
2198 4440 2433 4511 quidem
2467 4440 2778 4507 sententia,
2809 4438 3058 4495 illustris
3089 4456 3279 4494 rerum
3328 4439 3572 4493 mutatio
3603 4438 3687 4493 si-

362 4525 375 4541 ‘
464 4524 476 4541 κ
790 4530 812 4539 ὀ
1102 4524 1114 4540 \
1303 4524 1314 4543 Ι

279 4530 377 4579 Kac
422 4544 514 4577 10v
564 4522 870 4577 τελευταιον
934 4545 1152 4596 σεισμον
1204 4522 1407 4596 ΙΙαυλῳ
1465 4525 1772 4579 πιστευτὲον
1835 4524 1925 4580 λέ-

2035 4529 2366 4600 gniﬁcatur.
2400 4530 2552 4584 402
2605 4532 2789 4599 Atque
2819 4529 2997 4583 etiam
3033 4527 3205 4584 Paulo
3232 4529 3377 4583 ﬁdes
3419 4528 3688 4583 habenda

277 4634 452 4687 γοντι,
507 4614 581 4684 μή
644 4610 812 4667 ἄλλον
862 4613 992 4667 εἷναι
1117 4614 1215 4680 τήν
1271 4610 1517 4686 δευτέραν
1549 4618 1646 4667 τοῦ
1690 4619 1924 4689 Χριστοῦ

278 4702 596 4775 παρουσίαν,
651 4701 739 4756 καὶ
796 4703 893 4769 τήν
950 4699 1109 4756 τοῦδε
1160 4700 1257 4755 τοῦ
1316 4705 1509 4764 παντὸς
1565 4703 1920 4775 μεταποίησιν

277 4794 366 4845 καί
428 4793 704 4864 μετάθεσιν
765 4790 839 4852 εἷς
894 4792 958 4845 τὸ
1018 4791 1269 4861 ἀκίνητον
1329 4793 1417 4845 καὶ
1471 4791 1785 4848 ἀσάλευτον.
1818 4794 1919 4850 Τὸν

279 4878 335 4934 δὲ
382 4886 473 4934 νῦν
519 4886 709 4935 τοῦτον
758 4881 977 4953 σεισμὸν
1026 4877 1242 4943 οὐδενὸς
1302 4878 1511 4935 ἐλάττω
1562 4885 1668 4935 τῶν
1724 4901 1921 4957 προγε-

345 5014 388 5050 ⁶⁸
418 5015 533 5070 Jer.
566 5032 665 5083 χιι,
702 5016 787 5069 10.
865 5016 910 5051 ⁸³
939 5016 1052 5071 Isa.
1086 5033 1127 5083 ι,
1156 5016 1211 5069 9.
1288 5015 1331 5049 ⁷ο
1359 5016 1502 5087 Agg.
1538 5032 1601 5085 ιι,
1631 5016 1682 5072 7.

340 5157 459 5240 £55)
492 5154 874 5238 Up0~Xpto106
903 5176 980 5211 τε.
1014 5158 1157 5212 Tres
1190 5158 1369 5229 Regg.
1399 5161 1456 5213 et
1482 5158 1708 5227 C0mb.,
1736 5156 1842 5231 πρό
1871 5176 1929 5211 τε

272 5232 369 5280 τοῦ
402 5232 653 5300 Χριστοῦ.

489 5304 693 5373 ’ᾌΔνπερ
724 5296 759 5371 ᾖ
792 5300 866 5373 μή
912 5295 1474 5373 ψευδώνυμοςηΤῐδθΒ
1524 5301 1726 5373 Regg.,
1749 5296 1925 5373 ,ἄνπερ

279 5367 359 5441 μὴ’
396 5367 749 5442 ψευδώνυμος
881 5367 1526 5443 Οὸωδθΐ.,“ψευδόμενος
1559 5367 1676 5439 ῆξᾶ
1707 5371 1815 5425 nisi
1849 5367 1925 5425 sit

277 5444 600 5639 ωξὲἓ)⁸ξὶν”
630 5507 867 5586 ἄγνοιαν.
920 5514 1008 5567 Sic
1070 5512 1330 5583 quinque
1388 5514 1590 5585 Regg.,
1650 5514 1924 5569 undecim

279 5587 355 5641 Co
384 5588 438 5640 b.
472 5591 528 5639 et
557 5585 651 5639 Or.
685 5586 730 5639 1.
773 5586 831 5639 In
866 5586 980 5641 ed..
1014 5579 1082 5636 δι’
1112 5583 1352 5641 ἀγνοίας.

324 5585 438 5641 olb.
472 5591 528 5639 et
557 5585 651 5639 Or.
678 5585 730 5639 ί1.
773 5586 831 5639 In
866 5586 980 5652 ed.,
1014 5585 1082 5636 δι’
1112 5585 1352 5656 ἀγνοίας.

351 5659 605 5729 (57)7Τῶν
639 5656 1001 5729 κρατούντων.
1024 5679 1049 5706 ι(
1081 5656 1555 5729 lmperatoribus.
1579 5679 1606 5707 »
1632 5656 1723 5711 Sic
1747 5657 1923 5711 maxi-

284 5744 377 5785 me
409 5728 584 5786 tritus
630 5728 721 5785 est
766 5729 946 5801 hujus
993 5728 1153 5784 vocis
1202 5746 1365 5785 usus.
1398 5728 1601 5785 Billius
1634 5747 1700 5785 ;‹‹
1734 5732 1923 5785 Haere—

2036 4621 2144 4683 est,
2180 4624 2541 4687 postremum
2576 4622 2737 4671 terra:
2764 4622 2985 4672 motum
3028 4617 3174 4672 nihil
3198 4616 3353 4672 aliud
3379 4617 3499 4671 fore
3528 4614 3685 4671 affir-

2035 4706 2240 4775 manti,
2275 4724 2452 4775 quam
2483 4708 2807 4760 secundum
2834 4705 3047 4760 Christi
3079 4706 3416 4771 adventum,
3450 4704 3685 4759 mundi-

2033 4812 2147 4866 que
2176 4794 2355 4865 hujus
2378 4794 2867 4861 immutationem,
2888 4794 3141 4863 atquein
3165 4792 3551 4865 tranquillum
3570 4797 3685 4848 sta-

2031 4887 2242 4948 tum,et
2271 4884 2341 4937 ab
2376 4882 2535 4938 omni
2569 4888 2729 4938 motu
2760 4888 2817 4938 et
2838 4882 3153 4953 agitatione
3186 4881 3460 4952 liberum,
3490 4886 3681 4937 trans-

2036 5157 2171 5214 ticis
2202 5175 2396 5213 rerum
2430 5158 2807 5229 potientibus.
2834 5180 2862 5207 »

2111 5231 2220 5299 {58)
2264 5227 2662 5299 Σεισθῆσεσθαι.
2714 5230 2904 5285 Semel
2952 5232 3009 5285 et
3058 5230 3267 5285 iterum
3311 5227 3517 5285 Billius
3550 5250 3577 5279 κ
3608 5229 3680 5284 de

2036 5304 2201 5373 terrae
2243 5306 2398 5356 motu
2437 5326 2463 5350 ››
2494 5302 2787 5373 intelligit,
2824 5308 2998 5372 atque
3042 5300 3460 5372 interpretatur
3487 5300 3677 5372 Aggssi

2035 5372 2251 5441 locum,
2285 5374 2382 5443 qui
2418 5380 2609 5428 tamen
2658 5372 3067 5439 intelligendus
3100 5373 3328 5426 videtur
3356 5394 3384 5420 ‹‹
3418 5374 3487 5425 de
3516 5388 3679 5443 com-

2037 5444 2295 5499 motione
2332 5451 2388 5499 et
2434 5446 2816 5499 concussione
2864 5461 3092 5515 magna.
3124 5466 3151 5493 η
3185 5445 3243 5498 ld
3294 5442 3680 5515 namqueisio

2036 5517 2287 5588 reddunt
2344 5533 2546 5571 omnes
2610 5518 2921 5588 Scripturse
2970 5514 3347 5588 interpretes.
3402 5514 3681 5583 Loquitur

2037 5587 2351 5658 Gregorius
2383 5590 2452 5643 de
2482 5586 2991 5643 turbulentissima
3030 5586 3129 5641 illa
3158 5591 3525 5658 tempestate,
3551 5603 3677 5658 quas

2033 5656 2298 5731 contigit,
2328 5678 2461 5715 cum
2511 5660 2887 5716 Constantius
2935 5663 2991 5713 et
3034 5658 3252 5731 Ariani,
3284 5656 3413 5730 ejus
3464 5656 3677 5715 auxilio

2033 5731 2187 5801 freti,
2210 5730 2306 5786 tot
2334 5732 2393 5787 in
2424 5733 2682 5789 Ecclesia
2715 5738 2939 5805 strages
2970 5730 3298 5787 ediderunt.
