4056 6274
343 302 490 364 1111

1578 306 1641 367 S.
1693 303 2065 367 GREGORII
2111 302 2509 365 THEOLOGI

3597 300 3762 363 1112

339 438 615 493 lationem
648 435 715 491 ⁷¹.
750 438 865 509 Ego
913 453 1048 493 vero
1100 442 1265 493 terrae
1300 444 1524 494 motum
1575 439 1754 507 hunc,
1789 444 1990 494 nostra

2120 436 2411 508 (evnpévwv
2474 429 2869 509 ὑπολαμϐάνωθ
2926 435 3044 499 καθ’
3103 435 3162 489 ὃν
3220 440 3444 489 κινεῖται
3507 436 3600 507 μὶν
3663 436 3759 513 ἀφ’

340 530 688 597 tempestate
719 530 1005 593 coortum,
1031 525 1192 582 nullo
1222 543 1446 596 eorum,
1481 527 1579 599 qui
1604 528 1730 598 jam
1765 527 1995 582 exstite-

340 619 497 683 runt,
530 614 864 669 inferiorem
914 631 1042 669 esse
1086 616 1376 685 existimo,
1412 633 1514 688 per
1566 632 1740 687 quem
1791 632 1996 670 omnes

341 702 721 775 philosophia
744 703 922 757 dediti
956 720 1020 758 ac
1040 703 1137 766 Dei
1160 721 1357 759 amore
1380 705 1626 776 praediti,
1656 710 1830 776 atque
1861 708 1997 758 ante

338 796 572 862 tempus
604 791 661 844 in
694 790 855 846 ccelis
884 790 1095 845 civium
1130 809 1370 847 munere
1402 793 1731 864 fungentes,
1764 810 1797 847 a
1829 792 1997 847 nobis

341 881 732 935 dimoventur.
766 881 872 944 Qui
908 880 1137 935 tametsi
1192 880 1410 952 alioqui
1466 882 1651 953 pacati
1683 898 1748 936 ac
1801 883 1995 937 mode-

340 969 449 1024 rati
482 970 623 1034 sint,
657 968 765 1023 hac
805 974 1001 1023 tamen
1041 971 1096 1023 in
1138 986 1196 1024 re
1228 969 1387 1025 lenes
1419 975 1475 1025 et
1502 969 1699 1025 faciles
1724 986 1851 1025 esse
1884 987 1998 1025 non

341 1058 656 1123 sustinent,
691 1074 825 1113 cum
858 1074 959 1129 per
987 1058 1284 1113 silentium
1316 1063 1374 1114 et
1404 1059 1661 1130 quietem
1698 1060 1791 1115 Dei
1824 1076 2002 1114 causa

342 1147 639 1218 proditur:
671 1162 870 1200 verum
904 1146 997 1201 hic
1028 1147 1345 1201 admodum
1380 1147 1627 1202 bellaces
1657 1152 2002 1218 sunt,atque

340 1235 401 1290 in
436 1234 802 1307 conﬂigendo
851 1252 1013 1289 acres
1059 1239 1116 1289 et
1165 1236 1383 1291 feroces
1434 1235 1796 1307 (hujusmodi
1844 1236 2001 1291 enim

340 1324 447 1379 zeli
480 1327 656 1379 aestus
687 1326 818 1393 est),
852 1324 1143 1394 citiusque
1192 1323 1437 1394 aliquid,
1469 1326 1621 1394 quod
1668 1341 1783 1379 non
1832 1341 2003 1395 opor-

342 1416 483 1477 teat,
516 1414 858 1479 emoverint,
891 1428 1092 1482 quam,
1126 1413 1280 1482 quod
1314 1429 1381 1467 ex
1413 1412 1605 1467 ofﬁcio
1636 1413 1733 1479 sit,
1768 1418 2006 1483 praeter-

2106 526 2264 595 ἠμῶν
2318 526 2430 597 (59)
2487 523 2609 578 ὅσον
2671 522 2968 601 φιλόσοφον
3027 523 3117 577 καὶ
3176 521 3454 601 φιλόθεον,
3512 524 3602 578 καὶ
3649 526 3761 599 πρὸ

2105 617 2296 687 καιροῦ
2344 618 2461 675 τοῖς
2515 612 2626 667 ἄνω
2674 613 3119 685 πολιτευόμενον.
3154 611 3237 679 Οἳ,
3272 610 3367 666 κᾶν
3395 610 3575 668 τᾶλλα
3621 615 3761 667 ὦσιν

2108 701 2372 776 είρηνικοί
2428 722 2485 755 τε
2558 702 2647 755 καὶ
2725 700 2970 775 μέτριοι,
3029 701 3189 755 τοῦτό
3247 722 3309 775 γε
3382 701 3443 755 οὐ
3502 700 3760 778 φέρουσιν

2110 789 2361 851 ἐπιεικεῖς
2412 790 2567 858 εἶναι,
2618 791 2746 845 Θεὸν
2789 787 3105 862 προδιδόναι
3336 787 3425 845 διὰ
3468 798 3566 860 τῆς
3617 794 3764 860 ἠσυ-

2107 878 2255 954 χίας·
2294 877 2438 933 ἀλλὰ
2474 879 2561 933 καὶ
2594 877 2713 933 λίαν
2766 879 2895 933 εἰσὶν
2947 879 3168 934 ἐνταῦθα
3216 877 3514 951 πολεμικοί
3558 900 3617 934 τε
3668 880 3763 934 καὶ

2112 965 2387 1042 δύσμαχοι
2419 970 2530 1040 (61)
2564 970 2827 1040 (τοιοῦτον
2861 968 2963 1043 γὰρ
3018 970 3053 1037 ἡ
3096 972 3192 1022 τοῦ
3228 966 3401 1037 ζήλου
3435 963 3761 1043 θερμότης),

2110 1057 2198 1111 καὶ
2257 1058 2443 1110 θᾶττον
2504 1053 2563 1110 ἄν
2623 1078 2673 1110 τι
2736 1058 2811 1130 μή
2876 1054 2994 1111 δέον
3050 1058 3493 1131 παρακινήσαιεν,
3543 1058 3577 1126 ἢ
3637 1054 3761 1111 δέον

2111 1145 2509 1220 παραλίποιεν.
2573 1145 3087 1221 Συναπορῥήγνυται
3166 1142 3222 1200 δὲ
3294 1145 3385 1199 καὶ
3444 1150 3548 1199 τῶν
3610 1145 3763 1201 λαῶν

2114 1231 2213 1287 οὐκ
2264 1228 2579 1309 ἒλάχιστον,
2614 1231 2795 1312 ὥσπερ
2846 1233 2895 1287 ἐν
2944 1233 3169 1309 ὀρνίθων
3213 1234 3401 1310 ἀγέλῃ,
3451 1239 3571 1295 τοῖς
3618 1255 3764 1309 προ-

2114 1328 2375 1376 αναπτᾶσι
2422 1316 2787 1394 συναναπτᾲν,
2834 1323 2925 1377 καὶ
2967 1322 3091 1377 οὐδὲ
3139 1326 3223 1376 νῢκ
3282 1320 3359 1377 ἔτι
3420 1321 3582 1398 λήγει
3638 1345 3769 1378 συν-

2114 1412 2467 1482 ανιπτάμενον
2498 1414 2630 1484 (62).

348 1500 640 1557 miserint.
675 1501 887 1555 Eodem
922 1505 1081 1555 motu
1115 1518 1228 1555 non
1263 1501 1511 1556 minima
1540 1519 1773 1573 quoque
1806 1502 2006 1573 populi
2044 1518 2179 1574 pars
2211 1502 2601 1589 abrumpitur,
2634 1501 2788 1559 velut
2817 1502 2877 1556 in
2908 1502 3104 1557 avium
3135 1518 3330 1575 grege,
3364 1501 3464 1575 qui
3496 1518 3630 1558 eum
3662 1501 3763 1557 his

344 1590 441 1661 qui
476 1590 638 1661 prius
669 1590 987 1657 avolarant,
1022 1589 1229 1660 avolat,
1259 1607 1324 1645 ac
1356 1607 1426 1645 ne
1456 1608 1611 1645 nunc
1642 1591 1880 1662 quidem
1913 1590 2092 1646 simul
2125 1590 2389 1645 avolandi
2426 1590 2596 1646 ﬁnem
2633 1592 2787 1648 facit.

414 1678 603 1733 XXVI.
636 1679 726 1734 Sic
756 1695 819 1733 se
849 1695 939 1733 res
974 1679 1289 1749 habebant,
1318 1680 1581 1749 quandiu
1614 1679 1994 1750 Athanasius,

2179 1679 2285 1746 Κξ.
2335 1682 2503 1732 Τοῦτο
2561 1678 2879 1741 Ἀθανάσιος
2937 1681 3094 1750 ἡμῖν,
3148 1676 3252 1741 ἔως
3311 1686 3512 1755 παρῆν,
3569 1680 3597 1734 ὁ
3636 1678 3767 1733 στύ-

342 1767 446 1822 illa
476 1766 740 1822 Ecclesiae
773 1766 1383 1834 columna,nobiscum
1417 1768 1796 1836 versabatur;
1831 1773 1889 1823 et
1918 1770 2002 1825 sic

355 1872 417 1910 se
439 1855 716 1920 habuere,
741 1860 1051 1927 postquam
1076 1857 1474 1927 improborum
1500 1857 1807 1912 hominum
1830 1876 2001 1913 cona-

350 1944 514 1999 tibus
534 1944 1418 2015 cessit.Quemadmodum:enim
1439 1947 1539 2019 qui
1562 1948 1793 2002 firmam
1808 1964 2005 2018 quam-

347 2033 482 2088 dam
515 2049 705 2088 arcem
757 2049 1092 2105 expugnare
1131 2033 1187 2087 in
1234 2035 1496 2089 animum
1544 2035 1920 2099 induxerunt,
1954 2036 2003 2090 si

344 2137 474 2176 eam
498 2138 734 2177 accessu
781 2127 1071 2192 captuque
1101 2123 1397 2177 difficilem
1430 2140 1559 2179 esse
1580 2124 2001 2195 perspexerint,

342 2211 415 2265 ad
447 2215 630 2265 artem
663 2226 724 2265 se
757 2211 1082 2266 conferunt.
1117 2211 1263 2276 Quid
1315 2215 1563 2282 postea?
1592 2212 1755 2267 Arcis
1802 2212 2002 2283 praefe-

348 2303 508 2353 ctum
534 2299 798 2370 pecuniis
822 2305 922 2353 aut
944 2299 1146 2353 fraude
1165 2300 1234 2353 ad
1255 2317 1393 2355 suas
1420 2304 1614 2371 partes
1633 2300 2001 2371 pertrahunt,

344 2388 547 2458 sicque
577 2387 739 2442 nullo
787 2388 912 2458 jam
946 2387 1176 2459 negotio
1207 2393 1265 2443 et
1302 2387 1501 2444 labore
1546 2405 1737 2443 arcem
1774 2405 2003 2460 quoque

345 2476 537 2547 ipsam
563 2476 621 2530 in
649 2475 931 2531 ditionem
957 2477 1405 2548 redigunt.Aut,
1425 2477 1471 2532 si
1499 2477 1706 2544 mavis,
1728 2478 2006 2548 quemad-

342 2564 584 2619 modum
617 2564 714 2635 qui
757 2566 1065 2636 Sampsoni
1097 2565 1341 2621 insidias
1392 2570 1745 2631 struxerant,
1780 2566 2002 2621 crinem

343 2654 529 2725 prius,
566 2653 621 2707 in
657 2670 772 2724 quo
827 2653 976 2710 vires
1011 2657 1233 2725 positas
1282 2654 1553 2724 habebat,
1610 2655 2003 2722 abstulerunt,

346 2746 520 2813 atque
543 2742 623 2796 ita
646 2743 881 2797 domum
904 2742 1172 2797 Judicem
1188 2743 1244 2796 in
1270 2747 1616 2813 potestatem
1634 2749 2000 2814 acceperunt,

349 2834 406 2886 et
429 2830 643 2886 deinde
665 2830 777 2901 ipsi
802 2832 1086 2886 arbitratu
1111 2849 1217 2887 suo
1240 2832 2003 2905 insultarunt,pristina2que

352 2918 539 2990 ipsius
573 2919 843 2991 potentiae
876 2935 1075 2990 parem
1108 2938 1175 2975 ex
1206 2921 1448 2975 adverso
1480 2925 1827 2993 potestatem
1871 2922 2004 2977 ade-

346 3006 427 3079 pti
458 3012 597 3063 sunt
631 3033 645 3075 ;
678 3008 761 3064 sic
811 3025 1041 3079 quoque
1091 3009 1427 3081 alienigenae
1479 3010 1683 3078 nostri,
1735 3010 2001 3066 submoto
2033 3043 2076 3110 α

348 3101 524 3169 atque
554 3114 585 3152 θ
617 3097 808 3152 medio
858 3098 1089 3152 sublato
1138 3103 1338 3153 nostro
1388 3100 1610 3165 robore,
1645 3115 1710 3154 ac
1760 3100 2006 3156 detonsa

349 3184 616 3241 Ecclesiae
645 3185 1090 3257 gloria,itajam
1114 3187 1174 3241 in
1197 3186 1523 3257 impietatis
1546 3188 1922 3259 dogmatibus
1952 3192 2008 3244 et

349 3274 682 3330 actionibus
712 3290 840 3329 sese
871 3274 1259 3330 oblectabant.
1295 3275 1398 3330 Hic
1443 3276 1623 3331 vitam
1657 3293 1787 3331 cum
1823 3281 2009 3331 morte

350 3367 676 3419 commutat
704 3363 1017 3418 adversarii
1053 3364 1305 3435 pastoris
1336 3365 1797 3429 confirmator,et
1818 3370 2008 3436 patro-

350 3468 485 3521 nus,
521 3452 618 3522 qui
657 3455 875 3506 malum
928 3452 1079 3507 haud
1117 3451 1270 3507 malo
1304 3452 1551 3523 imperio
1601 3459 1777 3524 caput
1808 3454 2006 3524 praefe-

349 3544 713 3610 cerat,atque
734 3538 948 3606 inutili,
970 3545 1035 3594 ut
1060 3541 1275 3611 ferunt,
1298 3541 1635 3612 poenitentia
1658 3541 1713 3595 in
1749 3547 2007 3597 extremo

350 3626 481 3681 vitae
514 3628 725 3698 spiritu
760 3629 1165 3697 aﬂ‘ectus,cum
1199 3630 1504 3696 nimirum,
1536 3631 1608 3686 ob
1643 3630 1882 3686 alterius
1905 3648 2005 3686 sae-

351 3714 466 3770 culi
521 3714 803 3780 tribunal,
835 3717 989 3771 408
1034 3734 1236 3788 aequus
1285 3735 1478 3773 rerum
1530 3736 1770 3774 suarum
1821 3736 2008 3774 unus—

351 3804 809 3877 quisquejudex
853 3811 960 3860 est.
992 3806 1128 3861 Tria
1176 3807 1332 3861 enim
1365 3807 1487 3862 haec
1535 3824 1663 3863 esse
1717 3808 1901 3879 aiunt,
1935 3810 2007 3864 ob

352 3910 478 3965 quae
510 3898 792 3965 tanquam
824 3894 1070 3966 imperio
1101 3912 1207 3951 suo
1238 3896 1499 3968 indigna,
1533 3896 1868 3968 pcsnitentia
1901 3898 2007 3951 du-

354 3987 482 4036 ctus
516 3981 689 4036 fuerit
721 4000 732 4036 :
768 3982 1045 4053 primum,
1079 3985 1231 4054 quod
1266 3984 1610 4055 prOpinquis
1650 3985 1774 4040 suis
1807 4002 2007 4041 necem

353 4069 651 4124 intulisset
684 4086 696 4125 :
730 4068 1159 4142 alterum,quod
1187 4072 1489 4127 Julianum
1522 4076 1861 4144 Apostatam
1894 4074 2008 4128 Ca3-

353 4174 543 4213 sarem
593 4158 1005 4213 nominasset:
1043 4165 1404 4231 postremum
1457 4162 1610 4231 quod
1660 4162 1823 4217 novis
1873 4162 2005 4216 fidei

351 4245 731 4317 dogmatibus
754 4246 1112 4317 studuissetﬁ:
1141 4248 1433 4318 simulque
1457 4265 1589 4303 cum
1614 4249 1706 4305 bis
1729 4250 2007 4305 vocibuse

348 4333 469 4387 vita
489 4332 834 4389 discessisse
863 4334 1068 4390 fertur.
1087 4336 1336 4390 Rursum
1361 4341 1557 4392 autem
1580 4339 1839 4393 veritatis
1872 4339 2004 4393 doc-

2113 1765 2208 1827 λος
2264 1773 2364 1836 τῆς
2412 1756 2759 1837 Ἐκκλήσίας·
2810 1789 2900 1822 και
2945 1772 3129 1836 τοῦτο,
3180 1764 3366 1838 ἐπειδή
3422 1789 3483 1842 γε
3510 1773 3630 1830 ταῖς
3662 1768 3762 1823 ιπ-

2108 1855 2314 1930 ηρείαις
2373 1860 2481 1911 τῶν
2536 1862 2788 1931 πονηρῶν
2848 1857 3221 1933 ὑπεχώρησεν.
3281 1859 3482 1932 ’Ὠσπερ
3540 1858 3643 1932 γὰρ
3710 1858 3765 1910 οἱ

2113 1944 2369 2021 φρούριόν
2416 1966 2468 1998 τι
2512 1950 2619 1999 τῶν
2669 1950 2941 2023 καρτερῶν
2972 1943 3167 2018 ἰξελεῖν
3214 1944 3595 2021 βουλευθέντες
3620 1948 3764 2019 (63),

2114 2030 2326 2086 ἐπειδὰν
2387 2030 2573 2096 ἄλλως
2633 2026 2786 2088 ἴδωσι
2838 2030 3194 2110 δυσπρόσιτον
3253 2034 3343 2088 καὶ
3422 2032 3764 2105 δυσάλωτον,

2114 2120 2201 2175 ἰπὶ
2258 2123 2357 2190 τήν
2411 2122 2610 2198 τέχνην
2663 2128 2974 2199 χωροῦσιν·
3038 2123 3151 2178 εἶτα
3204 2123 3296 2191 τί;
3356 2126 3663 2198 χρήμασιν,
3726 2122 3763 2192 ἢ

2114 2208 2262 2282 δόλῳ
2293 2210 2383 2264 τὸν
2434 2204 2781 2289 φρούραρχον
2836 2212 3259 2281 ὑποσπάσαντες,
3312 2212 3484 2273 οὕτως
3523 2209 3631 2281 ἤδη
3666 2211 3765 2266 σὺν

2113 2297 2287 2354 οὐδενὶ
2334 2299 2484 2372 πόνῳ
2540 2300 2629 2353 καὶ
2675 2308 2774 2369 τῆς
2810 2305 3046 2378 φροῦρᾶς
3095 2300 3410 2375 ἐκράτησαν·
3465 2300 3510 2356 εἰ
3573 2298 3767 2376 βούλει

2115 2384 2191 2460 δὲ,
2240 2386 2420 2462 ὥσπερ
2470 2388 2522 2442 o't
2568 2392 2646 2459 τῷ
2698 2389 2938 2462 Σαμψὼν
2991 2383 3496 2458 ἐπιϐουλεύσαντες,
3536 2390 3635 2456 τὴν
3668 2388 3770 2443 κό-

2117 2498 2224 2549 μην
2280 2476 2563 2553 πρότερον,
2621 2476 2671 2531 ἐν
2819 2479 2919 2547 τήν
2984 2478 3139 2555 ἰσχὺν
3196 2479 3336 2553 εἶχε,
3394 2475 3764 2554 περιελόντες,

2111 2570 2404 2635 τηνικαῦτα
2460 2568 2572 2638 (64)
2628 2565 2733 2621 ὑπὸ
2791 2572 2952 2642 χεῖρα
3005 2565 3096 2622 τὰν
3148 2568 3349 2643 Κριτὴν
3394 2562 3610 2638 ἔλαϐον,
3645 2568 3763 2621 εἶτα

2113 2653 2386 2724 ἐνέπαιζον
2440 2653 2537 2708 ὅσα
2582 2653 2943 2730 βουλομένοις
2996 2656 3086 2725 ἧν,
3134 2662 3233 2724 τῆς
3292 2655 3418 2729 πρὶν
3448 2659 3544 2708 τοῦ
3575 2652 3771 2721 ἀνδρὸς

2114 2740 2421 2805 δυναστείας
2451 2738 2764 2819 ἀντίῤῥοπα·
2799 2743 2940 2798 οὕτω
2980 2744 3068 2798 καὶ
3115 2745 3166 2798 οἱ
3213 2745 3331 2797 καθ’
3384 2746 3533 2816 ἡμᾶς
3581 2741 3761 2798 ἀλλόο

2114 2829 2298 2909 φυλοι,
2358 2832 2421 2885 τὸ
2479 2832 2745 2906 ἡμέτερον
2803 2831 2996 2906 κράτος
3051 2828 3293 2885 ἐκποδὼν
3370 2830 3758 2902 ποιησάμενοι,

2112 2919 2201 2973 καὶ
2257 2920 2355 2988 τήν
2405 2916 2558 2988 δόξαν
2608 2913 2710 2988 τῆς
2762 2919 3090 2987 Ἐκκλησίας
3137 2918 3539 2993 ἀποκείραντες,
3591 2917 3765 2979 οὕτως

2113 3006 2223 3077 ἤδη
2284 3012 2401 3069 τοῖς
2457 3011 2560 3077 τῆς
2618 3004 2861 3069 ἀσεϐείας
2919 3007 3217 3085 ἐνετρύφων
3280 3005 3514 3082 δόγμασί
3562 3027 3619 3061 τε
3678 3007 3772 3060 καὶ

2116 3098 2416 3173 πράγμασι.
2478 3097 2658 3171 Ταύτῃ
2709 3097 2798 3151 καὶ
2862 3096 3219 3169 μεταλλάττει
3283 3097 3377 3170 μὶν
3434 3096 3525 3150 τὸν
3567 3095 3683 3170 βίον
3741 3096 3771 3149 ὁ

2114 3206 2210 3240 του
2260 3184 2535 3240 ἄντιθέτου
2581 3187 2691 3258 (65)
2741 3186 3003 3259 ποιμένος
3055 3182 3361 3261 βεϐαιωτὴς
3410 3184 3500 3239 καὶ
3531 3184 3771 3259 προστά-

2116 3296 2238 3345 της,
2313 3275 2474 3329 κακὸν
2557 3274 2618 3329 ού
2682 3278 2821 3348 κακῇ
2882 3278 2997 3349 (66)
3054 3272 3303 3349 βασιλείᾳ
3355 3274 3417 3327 τὸ
3474 3270 3768 3328 κεφάλαιον

2119 3362 2344 3432 ἐπιθεὶς,
2394 3363 2483 3418 καὶ
2532 3356 2735 3433 ἀνόητα
2797 3362 3114 3438 μεταγνοὺς,
3157 3362 3231 3424 ὡς
3274 3383 3453 3440 φασιν,
3507 3361 3595 3416 ἐπὶ
3649 3367 3773 3424 ταῖς

2115 3450 2450 3514 τελευταίαις
2536 3452 2847 3519 ἀναπνοαῖς,
2924 3451 3085 3521 ἡνίκα
3166 3451 3464 3525 εὐγνώμων
3544 3447 3775 3513 ἕκαστος

2116 3542 2224 3595 τῶν
2284 3542 2475 3595 ἑαυτοῦ
2534 3542 2646 3613 (67)
2702 3540 2913 3613 κριτὴς,
2970 3537 3057 3593 διὰ
3106 3538 3168 3593 τὸ
3220 3538 3331 3593 ἐκεῖ
3389 3536 3759 3613 δικαστήριον.

2118 3630 2251 3705 Τρία
2327 3630 2429 3704 γὰρ
2502 3629 2669 3682 ταῦτά
2725 3629 2776 3681 οἱ
2832 3627 3222 3700 συνεγνωκᾶναι
3299 3625 3455 3698 κακὰ,
3517 3627 3608 3681 καὶ
3662 3634 3769 3696 τῆς

2119 3720 2309 3773 ἑαυτοῦ
2371 3714 2647 3791 βασιλείας
2706 3715 2910 3785 ἀνάξια,
2958 3715 3051 3770 τὸν
3099 3719 3197 3769 τοῦ
3238 3714 3425 3788 γένους
3461 3716 3649 3792 φόνον,
3679 3715 3772 3770 καὶ

2117 3809 2215 3875 τὴν
2421 3802 2712 3880 ἀνάρρησιν
2756 3807 2853 3858 τοῦ
2905 3804 3262 3871 ’Δποστάτου,
3303 3804 3393 3856 καὶ
3426 3807 3524 3872 τήν
3583 3825 3776 3859 καινο-

2116 3895 2310 3967 τομίαν
2359 3900 2460 3962 τῆς
2516 3892 2768 3954 πίστεως·
2840 3894 2930 3947 καὶ
2995 3892 3213 3955 ταύταις
3274 3890 3617 3947 συναπελθεῖν
3681 3892 3775 3947 λέ-

2116 4004 2262 4059 γεται
2329 3988 2449 4044 ταῖς
2508 3988 2733 4060 φωναῖς.
2796 3974 3070 4052 Ἐξουσίαν
3122 3979 3180 4036 δὶ
3222 3980 3372 4045 αὖθις
3419 3983 3446 4036 ὁ
3493 3987 3587 4047 τῆς
3618 3978 3774 4049 ἀλη-

2117 4072 2257 4133 θείας
2317 4072 2485 4146 λόγος
2537 4066 2823 4144 λαμϐἀνει,
2872 4070 2961 4125 καὶ
3010 4069 3315 4146 παρῥησίαν
3366 4071 3417 4124 οἳ
3461 4069 3775 4143 βιασθέντες

2118 4158 2434 4231 αὐτόνομον,
2464 4163 2560 4213 τοῦ
2597 4157 2767 4228 ζήλου
2796 4159 2887 4213 τὸν
2918 4159 3085 4229 θυμὸν
3136 4159 3417 4233 θήγοντος.
3465 4158 3533 4215 ’Ό
3579 4154 3646 4225 δὴ
3679 4159 3772 4212 καὶ

2118 4249 2145 4302 ὁ
2178 4250 2295 4321 (69)
2352 4252 2460 4303 τῶν
2509 4240 2902 4320 Ἀλεξανδρέων
2953 4246 3116 4303 ἔπαθε
3164 4245 3362 4319 δῆμος,
3416 4246 3530 4308 οἶος
3561 4245 3772 4309 ἐκεῖνος

2116 4337 2241 4412 περὶ
2270 4335 2398 4398 τοὺς
2450 4331 2726 4411 ὑϐριστὰς,
2778 4330 2877 4390 οὒκ
2930 4335 3236 4410 ἐνεγκόντες
3282 4337 3378 4389 τοῦ
3426 4331 3621 4411 ἀνδρὸς
3666 4338 3770 4404 τὴν

350 4421 509 4477 trina
560 4425 909 4493 potestatem
964 4440 1030 4478 ac
1080 4423 1374 4479 licentiam
1420 4426 1652 4499 accipit,
1713 4431 1889 4496 atque
1945 4426 2004 4496 ii,

2121 4402 2404 4501 ἀμετρίαν,
2464 4402 2553 4479 καὶ
2605 4402 2899 4499 διὰποῢτο
2947 4402 3077 4497 ξένω
3140 4425 3234 4496 μὲν
3266 4421 3474 4496 θανάτῳ
3503 4402 3602 4492 τ’ἦν
3662 4402 3766 4479 πο-

352 4510 451 4581 qui
479 4510 662 4566 vexati
693 4515 865 4581 atque
895 4513 1157 4584 oppressi
1205 4513 1451 4581 fuerant,
1485 4516 1738 4570 solutam
1770 4515 2009 4571 liberta-

423 4634 467 4670 “
502 4633 675 4688 Hebr.
709 4652 810 4705 xu,
842 4636 913 4691 26
944 4640 1000 4691 et
1029 4653 1155 4708 seq.

427 4764 807 4849 (59)IKWEE‘FGI
855 4766 948 4849 μὶν
992 4766 1081 4844 ἀφ’
1105 4769 1293 4849 ’ἡμῶνἶ
1318 4771 1399 4826 De
1448 4771 1775 4849 monachis,
1808 4774 1909 4849 qui
1942 4773 2010 4828 fi-

357 4836 448 4912 dei
479 4836 601 4912 zelo
632 4854 666 4891 a
696 4836 971 4908 GregOrio
1022 4836 1185 4912 patre
1238 4842 1652 4911 discesserant,
1686 4836 2011 4901 haec-dicta

355 4906 535 4963 videri
568 4906 838 4978 possunt:
878 4977 885 4978 ί
934 4977 939 4978 ί
1022 4906 1040 4912 ⁷
1504 4958 1512 4967 .

428 4977 703 5056 (βω-θεὸν
757 4977 1099 5056 προδιδόναι,
1131 4988 1239 5039 etc.
1270 4983 1397 5039 «Ut
1436 5000 1539 5056 per
1596 4984 1894 5040 silentium
1954 4992 2011 5042 et

354 5050 735 5177 Solitudinem
768 5050 1047 5124 (instituti
1092 5050 1569 5127 tenaciorestei
1605 5074 1839 5113 causam
1878 5074 2008 5129 pro-

395 5137 468 5177 an
502 5163 513 5175 .
545 5144 573 5171 »

395 5137 513 5177 aut.
545 5144 573 5171 »

426 5193 535 5263 (61)
570 5190 892 5281 'Atiapaxm.
947 5195 1229 5263 Comhef'.,
1288 5191 1734 5271 δυσμαχώτατοι.
1795 5200 1891 5254 Or.
1955 5202 2005 5271 1,

357 5283 768 5335 μαχιμωτατοι.

421 5334 545 5409 (62)
572 5334 1059 5409 ξυνανιπτάμενον.
1094 5337 1187 5392 Sic
1234 5337 1497 5409 plerique
1547 5339 1798 5409 codices,
1832 5347 1890 5397 et
1928 5343 2009 5399 ita

350 5406 494 5479 legit
520 5406 751 5480 Billius.
787 5411 849 5480 In
881 5406 997 5478 ed.,
1030 5406 1497 5480 συνανιστάμενόν.

420 5476 533 5557 (93)
568 5476 991 5557 periissem“;
1014 5482 1277 5544 Quatuor
1317 5476 1527 5554 ’Βεεεη
1571 5483 1769 5538 decem
1820 5484 2004 5557 Colb.,

349 5553 405 5604 et
435 5550 530 5624 ρῐξἲ
566 5551 617 5615 1,
646 5549 1028 5624 βουληθέντες.

424 5620 539 5691 (64)
592 5620 697 5689 Τήν
768 5621 1041 5697 ἰσχὺν.....
1100 5624 1417 5692 τηνικαῦτα.
1476 5624 1740 5689 Quatuor
1804 5628 2003 5701 11633.,

2118 4514 2330 4589 νηρίαν,
2389 4515 2508 4588 ξὲνῃ
2553 4511 2610 4568 δὲ
2657 4508 2810 4589 ὕϐρει
2866 4514 2955 4568 τὸν
3018 4514 3240 4577 θάνατον
3296 4509 3767 4583 στηλιτεύσαντες.

2121 4774 2322 4855 decem
2389 4772 2545 4828 Colb.
2606 4776 2662 4827 et
2722 4772 2819 4827 Or.
2881 4773 2936 4839 1,
3000 4769 3063 4823 τὸ
3130 4769 3422 4844 ἰσχυρὸν...
3488 4768 3552 4824 τὸ
3614 4789 3769 4838 τηνι-

2120 4863 2307 4899 καυτα.

2211 4912 2302 4983 65)
2336 4914 2661 4987 Ἀπιθὲτοψ
2708 4915 2844 4987 Reg.
2897 4913 3018 4985 bm,
3065 4912 3209 4983 Jes.,
3242 4912 3469 4984 Comb.,
3501 4910 3771 4983 ἀντιθέου,

2119 5008 2147 5037 ‹‹
2180 4986 2296 5041 Deo
2330 4986 2713 5042 adversantis.
2739 5006 2764 5035 ι

2188 5060 2305 5127 (66)
2341 5056 2515 5111 Κακὸν
2548 5056 2608 5111 οὐ
2639 5058 2802 5126 κακῇ,
2828 5059 3001 5127 etc._«
3025 5053 3252 5127 Malum
3288 5070 3403 5127 non
3450 5053 3603 5109 malo
3653 5052 3773 5108 im-

2118 5124 2485 5201 perio-caput
2515 5124 2857 5200 praeﬁciens,
2886 5146 2914 5175 »
2942 5124 3501 5201 Julianumscilicet
3530 5127 3773 5201 Aposta-

2119 5196 2320 5270 tatam,
2356 5196 2555 5272 quem:
2579 5213 2976 5272 successorem
3027 5213 3197 5272 suum
3235 5197 3589 5272 instituerat
3618 5196 3770 5272 Con-

2117 5266 2392 5338 stantius,
2452 5270 2657 5327 Billius
2702 5288 2768 5325 ει
2818 5266 3041 5323 malum
3096 5267 3254 5323 haud
3315 5268 3464 5325 malo
3521 5268 3770 5339 imperio

2117 5344 2293 5398 finem
2328 5344 2653 5411 imponens.
2682 5362 2709 5390 »

2188 5417 2300 5486 (67)
2331 5407 2446 5486 Τῶν
2480 5413 2689 5486 ἑαυτοῦ.
2727 5411 2788 5467 In
2821 5408 3143 5486 nonnullis,
3176 5408 3228 5461 οἱ
3259 5407 3452 5479 ἑαυτῷ.

2187 5480 2297 5556 (68)
2344 5482 2439 5536 Καὶ
2488 5485 2610 5552 τήν,
2664 5490 2776 5539 etc.
2834 5480 3106 5536 Julianus
3139 5486 3429 5556 _epostata
3488 5480 3679 5556 Cgsar
3736 5497 3771 5537 ε

2115 5553 2460 5628 Constantio
2483 5556 2853 5628 imperatore
2870 5558 3100 5608 creatus
3127 5554 3320 5628 fuerat
3350 5569 3503 5608 anno
3531 5553 3657 5628 3_55.

2187 5627 2300 5699 (69)
2329 5626 2405 5681 Ὀ.
2437 5626 2531 5683 Sic
2574 5622 2775 5703 plures
2824 5625 3001 5698 Regg.
3033 5628 3091 5680 et
3118 5622 3214 5681 Or.
3250 5624 3303 5682 1.
3339 5628 3508 5683 Deest
3560 5623 3618 5679 in
3670 5624 3768 5683 ed.
