4056 6274
333 325 485 388 1113
1251 324 1542 386 ORATIO
1584 322 1739 385 XXI.
1773 354 1852 369 —
1877 324 1958 383 IN

2108 322 2321 385 UDEM
2368 320 2818 384 ATHANASII.
3587 313 3737 381 1114

330 459 470 515 ’Ἰστε
498 459 597 527 τὴν
629 455 879 530 κάμηλον
914 461 1028 528 (70)
1070 456 1299 526 ἐκείνην,
1354 457 1444 510 καὶ
1501 457 1592 510 τὸν
1648 456 1792 525 ξένον
1849 454 1978 529 φόρ-

2108 460 2239 525 tem,
2273 456 2392 510 zelo
2423 472 2631 527 nempe
2657 454 3025 510 iracundiam
3074 456 3336 510 acuente.
3368 451 3529 516 Quod
3562 449 3736 505 etiam

328 567 442 617 τον,
471 545 560 600 καὶ
592 548 651 600 τὸ
673 546 854 600 καινὸν
879 546 1033 619 ὕψος,
1067 546 1153 600 καὶ
1184 546 1281 613 τήν
1314 544 1537 619 πρώτην
1570 540 1845 619 περίοδον,
1898 542 1977 597 οἶ-

2116 561 2287 616 psum
2321 543 2726 600 Alexandrinis
2757 544 2988 609 accidit,
3044 544 3161 614 qui.
3214 547 3277 596 ut
3308 541 3365 595 in
3399 556 3517 608 eos,
3551 556 3585 593 a
3615 537 3738 610 qui—

334 656 427 706 μαι
474 633 550 705 δὲ,
603 634 691 688 καὶ
730 635 923 707 μόνην,
979 635 1045 688 τὰ
1099 633 1261 709 μέχρι
1314 633 1403 687 καὶ
1432 637 1523 688 νῦν
1556 637 1671 693 τοῖς
1706 628 1979 707 ὑϐρισταῖς

2108 650 2198 689 )us
2229 634 2643 688 contumeliam
2678 638 3045 705 acceperunt,
3097 630 3463 686 acerbissimi
3494 644 3621 684 esse
3643 645 3735 681 so-

330 722 717 795 ἀπειλούμενα.
1099 748 1104 755 ·

2114 727 2232 786 ent,
2254 722 2651 793 importunam
2685 722 2943 776 hominis
2966 721 3270 776 audaciam
3304 716 3738 789 indignissimis

331 814 548 869 animis
582 816 851 879 terentes,
883 818 1009 868 tum
1042 830 1187 867 novo
1219 812 1498 867 dedecore
1540 817 1786 867 mortem
1838 811 2157 866 notandam
2187 817 2361 881 atque
2408 810 2809 866 infamandam
2859 811 3171 865 duxerunt.
3206 809 3389 863 Notus
3438 812 3528 862 est
3575 803 3743 859 vobis

330 901 593 957 camelus
626 901 742 970 ille,
776 908 946 973 atque
996 902 1228 957 insueta
1272 901 1520 970 sarcina,
1557 904 1611 955 et
1643 917 1788 955 nova
1818 899 2084 969 altitudo,
2119 898 2423 970 primaque
2455 899 2574 967 illa,
2608 915 2696 969 ac,
2728 897 2841 953 nisi
2894 915 2985 953 me
3032 898 3226 969 opinio
3277 895 3441 963 fallit,
3478 893 3601 950 sola
3632 894 3743 947 cir-

332 991 685 1059 cumductio,
718 1007 844 1061 qua:
878 991 1201 1046 etiamnum
1234 988 1674 1046 contumeliosis
1705 989 2048 1045 hominibus
2080 988 2387 1043 minaciter
2415 987 2814 1043 denuntiatur.

408 1084 517 1132 KZ'.
583 1078 729 1131 Ἐπεὶ
790 1076 847 1132 δὲ
906 1080 933 1133 ὁ
986 1079 1167 1155 τυφὼν
1224 1081 1337 1151 (71)
1387 1085 1486 1146 τῆς
1540 1074 1770 1149 ἀδικίας,
1804 1077 1831 1129 ὁ
1887 1083 1985 1145 τῆς

336 1161 609 1227 εὐσεϐείας
642 1166 897 1240 φθορεὺς,
930 1167 957 1221 ὁ
986 1171 1082 1220 τοῦ
1114 1170 1359 1238 πονηροῦ
1392 1163 1730 1240 πρόδρομος,
1782 1164 1982 1233 ταύτην

334 1254 705 1330 εἰσπράττεται
764 1255 861 1323 τήν
923 1253 1101 1326 δίκην,
1154 1254 1277 1327 ἐμοὶ
1334 1255 1426 1327 μὶν
1462 1254 1560 1309 οὐκ
1586 1254 1868 1323 ἐπαινετὴν
1901 1253 1985 1327 (οὐ

329 1344 432 1419 γάρ
468 1344 498 1397 ἃ
534 1350 721 1407 παθεῖν
770 1343 968 1398 ἐκεῖνον
1019 1344 1209 1419 ἐχρῆν,
1258 1342 1384 1398 ἀλλ’
1425 1342 1455 1397 ἃ
1486 1346 1598 1416 (72)
1630 1348 1803 1397 ποιεῖν
1835 1345 1984 1415 ἡμᾶς

331 1429 439 1486 ἔδει
490 1435 754 1505 σκοπεῖν),
815 1431 1185 1507 εἰσπράττεται
1235 1430 1281 1486 δ’
1329 1432 1443 1503 οὗν,
1492 1432 1664 1508 ὀργῆς
1693 1430 1985 1505 πανδήμου

330 1522 419 1575 καὶ
481 1526 648 1598 φορᾶς
714 1520 871 1598 ἔργον
932 1525 1043 1595 (73)
1100 1521 1382 1597 γενόμενος
1412 1541 1424 1552 ·
1478 1520 1711 1577 ἰπάνεισι
1774 1522 1867 1594 μὲν
1928 1520 1987 1574 ἐκ

328 1610 429 1679 τῆς
459 1608 635 1679 καλῆς
669 1608 935 1683 ἐκδημίας
969 1611 996 1664 ὁ
1037 1609 1280 1680 ἀθλητής
1314 1609 1477 1684 (οὕτω
1527 1612 1630 1685 γὰρ
1680 1608 1986 1685 ἐγὼ,καλῶ

327 1699 427 1767 τὴν
490 1698 694 1753 ἐκείνου
756 1697 845 1753 διὰ
901 1700 998 1767 τήν
1059 1697 1261 1775 Τριάδα
1308 1705 1397 1753 καί
1457 1700 1589 1768 μετὰ
1635 1705 1733 1768 τῆς
1761 1696 1986 1774 Τριάδος

331 1788 546 1864 φυγὴν).
608 1786 754 1842 οὕτω
812 1786 868 1842 δὶ
926 1789 1179 1860 ἀσμένοις
1234 1788 1556 1864 προσπίπτει
1613 1791 1723 1861 (74)
1753 1792 1868 1849 τοῖς
1929 1787 1979 1841 ἐν

336 1881 403 1950 τῇ
435 1876 616 1943 πόλει,
647 1877 736 1932 καὶ
796 1883 994 1953 μικροῦ
1038 1882 1107 1952 τῇ
1160 1879 1419 1954 Αἰγύπτῳ
1464 1879 1625 1953 πάσῃ,
1666 1879 1753 1933 καὶ
1786 1899 1985 1932 παντα-

339 1966 500 2042 χόθεν
552 1966 626 2028 είς
673 1968 837 2021 ταυτὸ
887 1965 1281 2042 συνδραμούσῃ,
1336 1974 1429 2022 καῖ
1496 1969 1586 2022 ἀπ’
1636 1965 1801 2043 ἄκρου
1858 1990 1990 2022 παν-

340 2056 431 2117 τὸς
480 2058 613 2127 (75),
658 2054 731 2108 ἵν’
780 2057 830 2110 οἱ
880 2057 974 2129 μὶν
1025 2058 1211 2132 φωνής
1255 2056 1573 2120 Ἀθανασίου
1626 2057 1816 2128 μόνης,
1852 2058 1903 2111 οἱ
1936 2054 1993 2111 δὲ

340 2150 436 2201 τοῦ
486 2140 659 2205 ιῖ¹δους
702 2143 1109 2223 ἐμφορηθῶσιν,
1160 2146 1211 2199 οἱ
1268 2142 1343 2216 δὲ,
1377 2144 1407 2199 ὅ
1436 2145 1559 2219 περὶ
1590 2149 1694 2200 τῶν
1756 2145 1988 2199 ἀποστό-

342 2230 453 2287 λων
503 2233 834 2306 ἠκοῦσαμεν,
1006 2239 1129 2304 σκιᾷ
1176 2231 1306 2308 γοῦν
1362 2235 1655 2307 ἁγιασθῶσι
1710 2233 1868 2307 μόνῃ,
1899 2233 1988 2288 καὶ

339 2325 417 2393 τῷ
443 2323 581 2394 κενῷ
614 2325 725 2395 (76)
758 2321 913 2394 τύπῳ
942 2326 1038 2377 τοῦ
1071 2324 1345 2394 σώματος’
1405 2321 1540 2376 ὥστε
1571 2320 1797 2376 πολλῶν
1845 2320 1989 2377 πολ-

342 2407 497 2471 λάκις
543 2410 632 2464 καὶ
692 2409 931 2472 πολλοῖς
976 2408 1086 2479 ⁴ἥδη
1131 2411 1501 2486 γεγενημένων
1551 2409 1610 2465 ἐκ
1652 2416 1748 2465 τοῦ
1793 2411 1987 2473 παντὸς

343 2498 547 2573 χρόνου
578 2503 754 2571 τιμῶν
802 2520 861 2554 τι
907 2497 998 2553 καὶ
1030 2499 1400 2569 ὑπαντήσεων,
1432 2500 1532 2554 οὐκ
1562 2498 1787 2575 ἅσχουσι
1824 2499 1987 2572 μόνον

341 2585 630 2659 δημοσίοις
687 2588 775 2641 καὶ
830 2588 1080 2662 ἱερεῦσιν,
1133 2586 1277 2643 ἀλλὰ
1323 2587 1414 2641 καί
1460 2592 1568 2643 τῶν
1618 2587 1831 2643 οἰκείων
1871 2594 1990 2651 τοῖς

342 2674 800 2753 ἰπιφανεστάτοις,
882 2675 1021 2749 μηδὲ
1087 2676 1211 2750 μίαν
1285 2676 1489 2746 ταύτης
1556 2676 1989 2750 μνημονεύεσθαι

344 2762 902 2840 πολυανθρωποτὲραν
976 2765 1065 2819 καὶ
1136 2764 1541 2841 λαμπροτέραν.
1592 2769 1684 2821 ’Ἐν
1752 2763 1807 2820 δὶ
1858 2766 1987 2820 εἶναι

344 2854 511 2926 ταύτῃ
586 2853 747 2926 μόνον
820 2849 1189 2928 παραϐάλλειν
1264 2854 1420 2908 αὐτὸν
1492 2856 1826 2926 Ἀθανάσιον,
1899 2855 1988 2908 καὶ

341 2944 438 3010 τὴν
498 2942 644 3013 αὐτῷ
692 2942 954 3017 προτέραν
1001 2945 1113 3015 (77)
1146 2945 1477 2997 συντεθεῖσαν
1511 2943 1597 2997 ἐπὶ
1628 2948 1695 3017 τῇ
1752 2942 1989 3020 προτέρᾳ

338 3031 541 3099 ταύτης
599 3028 794 3102 εἰσόδῳ
848 3032 1038 3103 τιμὴν,
1097 3032 1255 3099 ἡνίκα
1304 3029 1363 3085 ἐκ
1407 3034 1503 3099 τῆς
1554 3032 1717 3100 αὐτῆς
1767 3031 1856 3086 καὶ
1900 3031 1987 3086 ἰπὶ

339 3124 453 3180 τοῖς
485 3119 667 3179 αὐτοῖς
702 3118 917 3192 ἐπανῄει
952 3126 1150 3196 φυγῆς·

2165 1076 2807 1146 XXVII.iPosteaquam
2855 1079 3050 1130 autem
3083 1074 3180 1129 ille
3212 1072 3515 1145 injustitize
3546 1072 3742 1142 turbo,

2094 1164 2196 1220 illa
2229 1165 2459 1237 pietatis
2502 1165 2662 1219 labes
2720 1168 2775 1219 et
2834 1163 3182 1235 corruptela.
3244 1162 3338 1218 ille
3368 1162 3527 1234 pravi
3585 1160 3743 1216 illius

2098 1253 2788 1327 praecursor,hujusmodi
2815 1253 3103 1325 supplicio
3136 1253 3456 1307 mulctatus
3488 1255 3595 1316 est,
3617 1267 3744 1305 meo

2096 1347 2332 1418 quidem
2356 1346 2602 1417 judicio,
2647 1345 2802 1401 haud
2847 1350 2998 1400 recte
3056 1345 3185 1417 (nec
3215 1343 3370 1399 enim
3421 1343 3559 1413 quid
3610 1356 3744 1398 eum

2097 1438 2346 1508 pati,scd
2380 1437 2519 1508 quid
2555 1454 2660 1491 nos
2683 1436 2869 1491 facere
2899 1435 3552 1507 decebat,spectandum
3588 1433 3745 1503 fuit),

2096 1527 2195 1581 sed
2232 1526 2547 1581 mulctatus
2578 1531 2666 1581 est
2695 1525 3219 1596 tamen,totiusque
3249 1523 3449 1596 p0puli
3478 1523 3743 1594 inpetum

2101 1620 2274 1686 atque
2306 1615 2673 1670 iracundiam
2706 1614 2923 1681 subiit;
2955 1618 3082 1669 tum
3116 1613 3354 1686 quidem
3403 1611 3617 1667 nobilis
3646 1611 3743 1667 ille

2094 1704 2312 1760 athleta
2343 1721 2409 1759 ex
2443 1703 2720 1775 praeclara
2749 1702 3211 1774 peregrinatione
3232 1702 3339 1773 (sic
3370 1700 3525 1755 enim
3559 1701 3746 1771 ipsius

2101 1793 2297 1863 fugam
2331 1809 2433 1864 pro
2466 1792 2750 1847 Trinitate
2781 1796 2838 1846 et
2888 1807 3023 1846 cum
3075 1790 3359 1846 Trinitate
3409 1794 3744 1859 susceptam

2096 1880 2348 1952 appello)
2381 1881 2440 1935 in
2469 1882 2673 1935 urbem
2708 1881 2878 1947 redit,
2920 1885 3097 1951 atque
3139 1880 3220 1935 ita
3250 1879 3412 1934 latos
3440 1882 3497 1933 et
3526 1876 3746 1932 alacres

2102 1985 2256 2024 Cives
2288 1968 2552 2035 offendit,
2585 1970 2701 2023 imo
2750 1968 2925 2022 etiam
2982 1968 3313 2023 universam
3367 1982 3544 2039 prope
3574 1970 3745 2038 JEgy-

2102 2063 2267 2129 ptum
2310 2059 2723 2128 undequaque,
2771 2060 2828 2111 et
2877 2056 2947 2111 ab
2998 2056 3275 2110 extremis
3312 2056 3494 2110 totius
3518 2054 3745 2126 [Egypti

2099 2146 2337 2215 finibus,
2372 2146 2429 2200 in
2460 2162 2643 2200 unum
2693 2150 3159 2213 concurrentem,
3191 2147 3256 2198 ut
3286 2142 3381 2198 alii
3412 2143 3537 2197 sola
3563 2142 3741 2197 Atha-

2099 2234 2251 2290 nasii
2282 2250 2437 2300 voce,
2471 2233 2568 2288 alii
2603 2234 2790 2288 forma
2818 2236 2875 2287 et
2904 2237 3144 2303 aspectu
3179 2235 3604 2297 saturarentur,
3623 2229 3743 2301 alii,

2098 2326 2251 2395 quod
2268 2325 2338 2379 de
2354 2322 2637 2396 apostolis
2658 2322 3102 2395 praedicatumex
3118 2321 3325 2375 umbra
3336 2320 3543 2375 saltem
3566 2320 3741 2390 ipsa"

2099 2419 2155 2469 et
2183 2430 2329 2468 vana
2359 2411 2618 2483 corporis
2651 2412 2838 2483 ﬁgura
2886 2410 3253 2466 sanctitatem
3312 2408 3741 2476 contraherent,

2100 2508 2325 2569 ut,cum
2361 2500 2563 2556 multis
2594 2501 2709 2571 iam
2736 2514 3214 2571 saepenumeroex
3243 2498 3403 2553 omni
3436 2496 3745 2552 hominum

2102 2589 2385 2645 memoria
2415 2589 2664 2644 honores
2688 2588 2869 2644 habiti
2901 2588 3041 2657 sint,
3074 2586 3279 2642 multis
3308 2586 3483 2641 etiam
3515 2585 3744 2641 obviam

2102 2680 2398 2752 proditum
2420 2678 2698 2749 sit,idque
2714 2696 2826 2733 non
2852 2676 3137 2749 praefectis
3159 2680 3384 2730 tantum
3420 2674 3671 2743 publicis
3690 2678 3747 2730 et

2098 2767 2521 2841 episcopis,sed
2548 2766 2927 2821 familiarium
2954 2781 3186 2835 quoque
3218 2763 3746 2835 amplissimisqui-

2098 2859 2326 2926 busque
2356 2861 2412 2910 et
2442 2854 2807 2922 clarissimis,
2843 2854 3045 2909 nullus
3082 2861 3275 2908 tamen
3323 2869 3601 2907 occursus
3633 2851 3743 2907 fre-

2099 2946 2338 3017 quentia
2368 2950 2424 2999 et
2454 2944 2763 3015 splendore
2800 2944 2987 3013 major
3018 2958 3277 3014 unquam
3306 2941 3487 2996 fuisse
3520 2956 3744 2996 memo-

2102 3033 2450 3089 retur.Unus
2478 3034 2763 3088 duntaxat
2795 3031 2979 3086 honor
3009 3030 3145 3085 huic
3175 3028 3501 3099 comparari
3533 3033 3744 3100 potest;

2100 3124 2197 3179 ille
2229 3122 2471 3188 scilicet,
2504 3138 2619 3191 quo
2650 3119 3009 3175 Athanasius
3041 3119 3166 3191 ipse
3197 3119 3268 3174 ad
3302 3118 3552 3190 priorem
3586 3118 3750 3175 urbis

338 3208 673 3281 ingressum
712 3216 954 3264 ornatus
1013 3210 1167 3265 404
1226 3210 1435 3277 fuerat,
1466 3227 1600 3265 cum
1649 3227 1719 3266 ex
1764 3212 1969 3268 eadem
2018 3213 2175 3285 fuga,
2210 3212 2540 3281 iisdemque
2571 3211 2640 3265 de
2670 3210 2864 3264 causis
2924 3209 3084 3278 inita,
3116 3207 3525 3263 Alexandriam
3586 3223 3749 3279 repe-

339 3301 502 3353 teret.

410 3385 536 3441 KH'.
571 3384 797 3460 Φίρεται
847 3384 934 3439 καὶ
990 3385 1234 3448 τοιοῦτός
1281 3407 1363 3448 τις
1424 3385 1505 3441 ἐπ’
1550 3385 1722 3453 ἐκείνη
1749 3386 1819 3462 τῇ
1849 3388 1985 3464 τιμῇ

2171 3390 2418 3446 XXVIII.
2453 3389 2601 3456 Quin
2633 3392 2689 3444 et
2717 3389 2788 3443 de
2820 3386 3039 3441 honore
3078 3384 3180 3441 illo
3210 3384 3551 3456 hujusmodi
3584 3384 3743 3459 quis-

348 3470 515 3545 λόγος
539 3492 551 3505 ’
615 3472 850 3549 λεγέσθω
891 3472 1013 3548 γὰρ,
1066 3473 1111 3528 εὶ
1158 3474 1245 3529 καὶ
1279 3475 1678 3552 περιττότερος,
1715 3477 1826 3531 οἷον
1861 3475 1988 3547 ἣὸυ-

348 3562 459 3635 σμά
486 3584 538 3616 τι
567 3566 645 3633 τῷ
677 3561 850 3637 λόγῳ,
884 3584 971 3638 καξ
1004 3563 1160 3625 ἄνθος
1202 3562 1431 3619 εἰσόδιον
1483 3567 1613 3639 (78).
1667 3564 1986 3635 Ἐίσήλαυνὲ

338 3671 421 3712 τις
476 3656 580 3705 τῶν
629 3648 980 3727 δισυπάρχων
1028 3655 1140 3725 (79)
1187 3660 1299 3726 μετ’
1358 3653 1565 3723 ἐκείνην
1606 3656 1705 3722 τὴν
1757 3653 1986 3727 εἶ’σοδον,

337 3740 629 3813 Ἦμὲτερος
664 3741 818 3801 οὗτος
874 3742 961 3809 ἦν·
997 3740 1361 3811 Καππαδόκης
1408 3743 1533 3815 γὰρ,
1573 3743 1660 3797 καὶ
1690 3747 1797 3797 τῶν
1828 3746 1988 3801 πάνυ.

340 3828 439 3882 Τὸν
496 3828 796 3903 Φιλάγριον
859 3829 1057 3883 ἐκεῖνον
1109 3827 1214 3883 οἶδ’
1255 3829 1338 3883 ὅτι
1388 3831 1581 3891 πάντες
1611 3831 1849 3887 ἀκούετε.
1884 3832 1985 3889 Καὶ

339 3916 401 3970 τὸ
458 3917 704 3991 φίλτρον,
765 3916 882 3969 οἷον
938 3916 1037 3971 οὐκ
1093 3915 1258 3985 ἄλλο,
1312 3918 1401 3971 καὶ
1449 3919 1571 3991 περὶ
1605 3916 1795 3987 ἄλλον,
1829 3920 1984 3990 καὶὴ

338 4006 474 4077 τιμὴ
526 4005 660 4059 κατὰ
716 4006 777 4059 τὸ
825 4003 1073 4080 φίλτρον,
1123 4003 1215 4060 ’ίνα
1272 4011 1450 4081 μικρῷ
1481 4005 1629 4081 λόγῳ
1659 4010 1987 4081 παραστήσω

338 4094 399 4148 τὸ
455 4100 556 4147 πᾶν
603 4094 903 4169 γνώρισμα·
956 4092 1002 4165 ᾦ
1051 4096 1163 4166 (80)
1210 4094 1298 4149 καὶ
1347 4098 1381 4163 ἡ
1423 4095 1591 4171 ἀρχῆ,
1625 4092 1881 4171 πρεσϐείᾴ
1932 4118 1989 4152 τε

336 4183 435 4249 τῆς
481 4180 719 4248 πόλεως,
770 4181 859 4235 καὶ
903 4184 1071 4256 ψήφῳ
1121 4187 1217 4237 τοῦ
1264 4182 1554 4258 βασιλέως,
1606 4181 1755 4248 αὖθις
1810 4186 1986 4261 ἐγχει-

337 4276 597 4341 ρισθεῖσα.
632 4269 853 4327 Τούτων
889 4268 978 4325 οὖν
1010 4292 1130 4326 τινα
1157 4275 1253 4326 τοῦ
1304 4269 1485 4345 δήμου
1531 4275 1667 4346 (81),
1719 4272 1765 4345 ᾧ
1821 4281 1988 4351 φανῆ-

406 4362 450 4395 τε
482 4363 606 4415 Act.
635 4378 691 4432 ν,
727 4362 811 4416 15.

432 4450 522 4529 70)
555 4448 692 4529 "fore
720 4449 819 4515 τὴν
851 4446 1131 4529 κάμηλον,
1175 4453 1288 4529 etc.
1328 4451 1619 4529 _In_te11igit
1671 4452 1986 4529 Gregorius

340 4540 372 4592 ιι
401 4520 737 4591 Georgium,
772 4542 798 4570 ››
834 4537 1007 4592 quem
1038 4520 1681 4590 Alexandrini,mortuo
1701 4520 1983 4581 Constan-

2101 3480 2258 3554 piam
2291 3496 2482 3535 sermo
2530 3477 2941 3535 circumfertur
2971 3492 2984 3530 :
3019 3476 3210 3530 dicam
3260 3475 3436 3544 enim,
3470 3491 3744 3546 superva-

2100 3586 2316 3624 caneus
2348 3568 2482 3623 licet
2513 3566 2695 3621 videri
2726 3564 2928 3638 possit,
2961 3581 3027 3619 ac
3076 3562 3235 3619 velut
3279 3563 3742 3629 condimentum,

2099 3657 2595 3728 adventitiumque
2649 3656 2850 3711 ﬂorem
2909 3654 3155 3709 orationi
3216 3653 3551 3724 adiungam.
3615 3652 3749 3706 Post

2099 3747 2258 3802 illius
2291 3747 2604 3801 adventum
2640 3745 2882 3816 quidam
2915 3744 2972 3797 in
3004 3743 3208 3797 urbem
3242 3741 3575 3810 vehebatur,
3609 3740 3745 3795 alte-

2100 3852 2224 3889 ram
2266 3836 2391 3905 jam
2446 3834 2847 3904 praefecturam
2898 3847 3152 3902 gerens:
3190 3835 3384 3885 noster
3442 3828 3536 3883 hic
3594 3834 3742 3893 erat,

2099 3924 2314 3994 quippe
2341 3922 2672 3992 Cappadox,
2712 3922 2803 3975 vir
2847 3919 3142 3991 imprimis
3190 3919 3419 3985 clarus;
3455 3932 3558 3972 nec
3599 3917 3745 3972 mihi

2098 4010 2342 4065 dubium
2377 4009 2634 4078 est,quiu
2665 4007 3029 4078 Philagrium
3062 4007 3230 4061 illum
3272 4023 3305 4061 a
3332 4022 3422 4061 me
3452 4004 3741 4060 nominari

2098 4098 2472 4153 sentiatis.Ea
2502 4113 2671 4168 porro
2703 4097 2921 4151 civium
2952 4112 3091 4167 erga
3112 4094 3213 4151 illa
3242 4094 3458 4150 amoris
3480 4093 3738 4160 ﬂamma,

2099 4192 2164 4243 ut
2197 4203 2301 4242 nec
2335 4186 2456 4241 ulla
2486 4186 2599 4241 alia
2630 4201 2866 4257 par,nec
2896 4200 3034 4255 erga
3064 4184 3267 4253 alium,
3301 4182 3487 4238 honor
3518 4170 3743 4251 autem,

2098 4280 2163 4331 ut
2189 4291 2312 4330 rem
2343 4279 2521 4331 lotam
2542 4273 2744 4346 paucis
2775 4273 2963 4329 verbis
2996 4271 3596 4343 complectar,amoris
3618 4287 3742 4326 ma-

2098 4457 2358 4509 necatus.
2396 4474 2425 4501 »

2168 4525 2280 4595 (84)
2339 4522 2623 4596 ’Δσμένοις
2681 4519 3028 4596 προσπίπτει.
3088 4522 3151 4596 Si‘
3216 4520 3495 4596 quiu‘que‘
3536 4519 3741 4591 Regg.,

336 4591 437 4667 tio,
471 4588 884 4667 crudelissima
906 4588 1531 4667 morteaﬂeceruntmc
1562 4595 1772 4651 deinde
1805 4614 1984 4652 mem-

2108 4588 2392 4663 Pa‘r.,'etc.
2430 4588 2490 4650 In
2524 4596 2638 4663 ed.,
2674 4588 2919 4665 ἀσμὲνως
2949 4588 3296 4667 προσπίπτει.
3330 4588 3425 4647 0i.
3477 4592 3529 4658 1,
3571 4588 3743 4664 πρόσ-

339 4664 551 4741 bratim
582 4665 902 4741 dissectum
937 4664 1161 4741 camelo
1210 4666 1641 4737 imposuerunt,
1674 4672 1852 4740 atque
1882 4684 1986 4741 per

335 4739 520 4791 totam
552 4736 759 4791 urbem
792 4736 1329 4792 circumduxerunt.

409 4807 439 4884 (ι
470 4807 521 4879 1)
576 4808 635 4863 Ὀ
692 4807 898 4884 τυρῶν..
961 4806 1159 4863 Schol.
1196 4824 1208 4862 :
1242 4809 1309 4884 '07
1358 4806 1526 4884 μέγα(
1593 4808 1785 4884 ἄνεμος
1832 4808 1981 4884 λέγει

336 4876 630 4954 ζςώργιον·
659 4900 694 4954 .‹‹
723 4876 981 4954 validus
997 4884 1207 4934 ventus
1237 4898 1255 4954 ςΔ
1280 4876 1592 4953 Georgium
1615 4876 1976 4954 designat»

341 4948 581 5023 Μοὶίού
611 4951 779 5023 γὰρ...
813 4948 939 5005 ἀλλ’
960 4948 994 5003 ’ὰ
1022 4954 1197 5004 ποιεῖν
1234 4951 1400 5022 ἡμᾶς,
1433 4948 1561 5006 veto.
1612 4948 1855 5008 Videtur
1881 4953 1976 5010 hic

332 5022 645 5094 Gregorius
675 5023 1001 5089 admittere,
1036 5023 1347 5094 Georgium
1382 5040 1413 5079 a
1442 5024 1789 5080 Christianis
1811 5041 1980 5081 neca-

332 5096 459 5176 tum
497 5093 695 5176 fuisse.
729 5095 1220 5176 Attapep,_juxta
1252 5096 1505 5176 _Soc_ra_t._,
1549 5095 1707 5176 l._n_1,
1758 5114 1807 5151 c.
1839 5097 1892 5176 3,
1927 5100 1984 5176 et

331 5164 583 5239 Sozom_.,
619 5165 657 5218 l.
690 5181 757 5239 ν,
779 5183 830 5239 οῗ.
861 5167 916 5220 7.
949 5139 1307 5234 Julianusjn
1341 5141 1605 5239 Epist.ad
1640 5139 1982 5223 Alexandri:

332 5252 461 5311 nos,
494 5236 553 5311 id
605 5236 924 5309 contigisse
953 5242 1222 5304 testatur,
1246 5260 1273 5289 ‹‹
1306 5236 1663 5311 οΗεροΙίαῐα
1690 5239 1980 5297 idolorum

329 5306 772 5403 ιθιῑλιέιρλείεί

418 5375 512 5446 72)
543 5375 700 5431 Ἀλλ’
731 5377 781 5434 ἄ.
815 5378 1141 5449 Legebatur
1166 5380 1224 5434 in
1258 5381 1455 5445 editis,
1490 5378 1655 5434 ἀλλά.
1692 5382 1849 5437 Enrr.

422 5450 515 5527 73)
570 5449 767 5527 ’ρργῆς
820 5446 1256 5527 πανδήμουοιαὶ
1318 5457 1513 5527 φορᾶςΔ
1545 5450 1719 5526 ἔργον.
1785 5477 1805 5503 ι
1854 5454 1980 5527 ῨΕιι-

332 5536 460 5576 rore
489 5520 902 5593 totiuspopuli
934 5528 1105 5592 atque
1138 5520 1362 5593 impetu
1393 5520 1628 5579 occisus
1648 5529 1754 5580 est.
1791 5547 1818 5574 »
1851 5526 1980 5582 Ηωο

331 5598 420 5668 est
449 5594 609 5668 enim
640 5590 728 5668 vis
750 5590 939 5668 hujus
968 5590 1149 5668 vocis,
1184 5590 1359 5668 ἔργον.
1386 5596 1618 5668 Tritum
1652 5596 1807 5652 enim
1842 5602 1931 5653 est
1963 5616 1978 5655 :

331 5659 490 5739 ἔργον
524 5662 717 5739 λιμοῦ,
750 5659 975 5737 λοιμοῦ,
1015 5659 1284 5740 πόλεμὸιὶ.
1311 5690 1340 5719 ‹‹
1374 5666 1546 5735 fama,
1597 5673 1779 5743 peste,
1830 5668 1980 5729 bello

2092 4668 2305 4722 πίπτοι.

2165 4742 2277 4809 (75)
2308 4736 2409 4792 Καὶ
2441 4736 2531 4810 ἀπ’
2562 4733 2729 4810 ἄκρου
2758 4735 2977 4797 παντός.
3012 4734 3221 4791 Billius
3259 4752 3271 4791 :
3306 4739 3482 4805 atque
3512 4732 3584 4787 ab
3617 4733 3737 4788 edi-

2092 4811 2170 4866 tis
2200 4810 2478 4866 omnibus
2507 4809 2673 4865 locis.
2710 4832 2730 4858 ι

2171 4884 2279 4954 (76)
2311 4884 2475 4954 Kevfp.
2508 4881 2603 4937 Sic
2636 4881 2775 4951 Reg.
2810 4895 2859 4933 a.
2898 4880 2958 4934 In
2990 4878 3104 4949 ed.,
3136 4880 3324 4954 καινῷ,
3360 4891 3587 4954 «_nova.
3623 4898 3651 4954 η

2184 4946 2276 5025 77)
2309 4946 2592 5025 Προτέραν.
2651 4946 2770 5006 Duvo
2815 4955 3018 5025 ‘Reggz
3048 4946 3332 5025 πρότερον.
3383 4946 3741 5025 PrimusiIIB

2094 5018 2399 5080 Athanasii
2430 5018 2493 5079 in
2522 5024 2733 5079 Urbem
2767 5018 3177 5077 Alexandriam
3210 5018 3575 5085 adventus,is
3600 5018 3731 5089 fuit,

2092 5113 2225 5151 cum
2256 5098 2542 5152 exstincto
2558 5112 2769 5221 magno
2788 5094 3229 5163 Constantino,a
3252 5108 3367 5165 quo
3386 5093 3445 5147 in
3465 5090 3737 5147 exsilium

2093 5170 2313 5221 missus
2346 5167 2554 5221 fuerat.
2589 5185 2648 5221 re
2696 5168 2784 5221 iit.

2093 5170 2313 5223 missus
2346 5167 2554 5233 fuerat,
2589 5167 2784 5223 rediit.

2163 5240 2275 5312 ('78)
2304 5240 2502 5299 ’Ἀνθος
2533 5235 2787 5292 εἱσόδιον.
2821 5241 2942 5293 Mos
2972 5240 3119 5304 erat,
3173 5240 3238 5291 ut
3285 5234 3345 5291 in
3395 5232 3738 5305 hujusmodi

2089 5312 2254 5367 testis
2287 5312 2457 5367 ﬂores
2488 5315 2850 5384 spargerent.

2162 5374 2690 5457 (79)ΔΔισυπάρχω’ν.
2725 5383 2821 5439 Or.
2855 5380 2951 5447 Or,
2987 5380 3039 5446 1,
3093 5374 3421 5453 δισυπάτων,
3459 5398 3486 5428 «
3519 5376 3734 5440 iterum

2089 5454 2373 5510 consul.-

2159 5528 2271 5609 (ξφ)
2304 5527 2390 5609 '9.-
2425 5527 2485 5581 ιο
2522 5524 2843 5609 οροηιιιιξε›
2877 5518 2973 5609 (Ξῦξ.

2161 5588 2273 5670 (81)
2307 5588 2523 5669 Δημου.
2558 5598 2697 5670 Reg,
2729 5596 2807 5668 pb
2828 5588 3023 5667 addit,
3055 5588 3241 5661 ἐπειδὴ
3272 5591 3349 5655 Ol.
