4056 6274
287 345 441 405 1115

1531 340 1594 399 S.
1646 337 2016 399 GREGOHII
2061 337 2454 400 THEOLOGI

3543 342 3702 402 1116

291 473 586 550 gnitudini
601 473 982 544 respondens;
1000 472 1282 527 cuietiam
1299 471 1464 527 urbis
1479 470 1931 537 administratio,

2068 489 2132 521 ιαι
2162 470 2223 523 τὸ
2253 468 2463 538 πλῆθος
2497 474 2738 547 ἄπειρον,
2767 475 2857 528 καὶ
2889 473 3000 530 οἷόν
3027 495 3079 530 τι
3131 471 3372 548 πέλαγος
3421 471 3527 548 οὐχ
3574 472 3702 546 ὀρί-

296 572 422 620 tum
473 564 686 618 civium
741 565 968 632 rogatu,
1015 567 1137 616 tum
1189 561 1565 632 imperatoris
1613 559 1840 614 calculo
1884 563 1942 613 et

292 651 599 716 sententia,
632 668 838 705 rursus
886 652 1161 706 mandata
1223 653 1430 706 fuerat.
1492 651 1642 705 Tum
1700 649 1881 720 igitur
1913 664 1942 702 e

289 741 460 812 vulgo
493 740 811 810 quispiam,
831 739 924 793 cui
949 739 1180 793 infinita
1200 740 1517 793 multitudo
1544 738 1942 802 videbatur,ac

289 828 702 900 velutpelagus
716 829 1007 898 quoddam
1025 827 1208 882 oculis
1225 829 1685 898 haudquaquam
1704 827 1942 881 circum-

292 918 598 988 scriptum,
635 918 706 971 ad
742 918 996 971 amicum
1029 918 1344 986 quemdam
1390 921 1442 970 et
1476 916 1843 982 familiarem;
1879 920 1943 968 ut

293 1007 353 1062 in
388 1006 725 1076 hujusmodi
760 1006 935 1060 rebus
967 1005 1226 1061 accidere
1262 1006 1428 1072 solet,
1453 1006 1534 1058 ita
1564 1005 1795 1059 locutus
1817 1020 1944 1058 esse

296 1097 482 1151 fertur
515 1111 528 1148 :
566 1117 592 1142 »
631 1094 724 1147 Dic
759 1094 925 1162 mihi,
959 1094 1044 1147 vir
1074 1095 1314 1164 Optime,
1348 1098 1650 1148 tantamne
1683 1109 1942 1163 unquam

295 1183 494 1257 populi
529 1182 962 1237 multitudinem
997 1183 1214 1248 vidisti,
1267 1188 1501 1253 tamque
1557 1181 1945 1236 concordibus

300 1272 514 1330 animis
544 1272 614 1326 ad
649 1289 830 1326 unum
863 1272 1162 1327 hominem
1196 1273 1525 1326 ornandum
1551 1270 1947 1325 eﬂ'usam?Mi-

299 1362 476 1429 nime,
512 1359 984 1431 inquitjuvenis.
1020 1369 1099 1415 Ac
1151 1378 1221 1416 ne
1272 1360 1678 1415 Constantium
1711 1360 1943 1428 quidem

297 1450 498 1522 ipsum
523 1449 645 1521 pari
678 1449 1121 1504 honoriﬁcentia
1141 1455 1446 1520 exceptum
1481 1449 1662 1503 fuisse
1683 1447 1946 1518 opinorz»

297 1544 580 1610 tanquam
612 1537 880 1592 videlicet
911 1554 1009 1609 per
1039 1538 1410 1609 imperatoris
1434 1554 1645 1592 nomen
1677 1553 1947 1592 summus

301 1627 543 1682 honoris
573 1631 765 1680 vertex
809 1626 1260 1697 signiﬁcaretur.
1304 1631 1446 1680 Tum
1503 1626 1600 1680 ille
1663 1642 1946 1697 perquam

295 1716 553 1771 suaviter
583 1715 849 1770 arridens
885 1733 896 1770 :
939 1736 964 1766 α
996 1715 1142 1781 Quid
1197 1715 1303 1782 ais,
1357 1715 1566 1784 inquit,
1617 1714 1785 1786 quasi
1821 1730 1941 1768 ma-

2054 561 2139 624 ζον
2168 561 2281 631 (82)
2311 566 2426 622 τοῖς
2473 560 2803 638 ὀφθαλμοῖς,
2843 563 2981 637 πρός
3008 584 3126 616 τινα
3154 562 3369 638 λέγεται
3417 566 3522 616 τῶν
3579 563 3706 615 ἑαυ-

2048 651 2145 700 τοῦ
2198 650 2443 718 συνήθων
2496 650 2584 704 καὶ
2643 650 2841 728 φίλων,
2877 652 2905 705 ὅ
2963 650 3113 729 φιλεῖ
3161 646 3476 724 συμϐαίνειν
3503 650 3552 704 έν
3583 656 3705 710 τοῖς

2049 735 2342 808 τοιούτοις,
2405 737 2593 792 εἰπεῖν·
2677 764 2696 790 α
2760 739 2892 794 Εἰπέ
2955 762 3069 812 μοι,
3129 742 3172 793 ὦ
3238 739 3502 814 βέλτιστε⁸
3562 737 3704 807 Ἤδη

2051 825 2183 877 ποτὲ
2211 825 2454 879 τεθέασαι
2486 824 2662 898 δῆμον
2692 833 2946 882 τοσοῦτον
2967 829 3054 882 καὶ
3080 827 3251 889 οὕτως
3284 827 3530 902 ἔμψυχον
3564 829 3708 900 (83),

2054 911 2135 988 ἐφ’
2191 913 2305 975 ἐνὸς
2365 915 2650 990 ἀνθρώπου
2704 921 2841 990 τιμῇ
2901 917 3167 993 χυθέντα;
3221 951 3286 958 -
3319 914 3416 987 Οὔ,
3457 942 3476 966 ιι
3541 916 3705 994 φάναι

2051 1002 2141 1055 τὸν
2200 1002 2425 1055 νεανίαν·
2493 1028 2513 1053 ιι
2568 1002 2695 1057 ἀλλ’
2753 1004 2876 1076 ἐμοὶ
2952 1006 3042 1076 μὶν
3087 1003 3255 1077 δόξαι,
3294 1003 3422 1078 μηδ’
3454 1004 3706 1064 ἃναότὸς

2052 1091 2252 1158 ταύτης
2297 1097 2483 1167 τυχεῖν
2544 1094 2922 1156 Κωνστάντιος
2975 1097 3111 1167 (84)ο
3162 1119 3188 1144 ››
3231 1095 3303 1155 ὡς
3332 1099 3428 1149 τοῦ
3481 1095 3711 1166 ἀκροτά-

2052 1201 2149 1234 του
2205 1187 2304 1249 τῆς
2359 1188 2527 1252 τιμῆς
2582 1180 2932 1255 δηλουμένου
2980 1181 3068 1236 διὰ
3114 1188 3209 1237 τοῦ
3264 1183 3552 1257 βασιλέως.
3607 1184 3710 1236 Καὶ

2053 1269 2144 1323 τὸν
2205 1268 2508 1344 γελάσαντα
2567 1269 2713 1344 μάλα
2768 1272 2982 1344 κομψὸν
3033 1273 3121 1325 καὶ
3179 1269 3303 1340 ἡδὺ.
3358 1296 3384 1322 ‹‹

2058 1355 2212 1434 ἔφης,
2249 1382 2275 1409 ››
2310 1357 2498 1427 εἰπεῖν,
2536 1383 2561 1408 α

3440 1272 3499 1325 Τί
3544 1276 3712 1326 τοῦτο

2594 1361 2667 1421 ὡς
2701 1357 2765 1430 δή
2799 1382 2849 1414 τι
2884 1359 3056 1434 λέγων
3096 1359 3229 1435 μέγα
3259 1360 3347 1414 καὶ
3397 1359 3709 1431 θαυμαστόν

2057 1450 2208 1518 (85);
2269 1445 2443 1510 Μόλις
2477 1447 2534 1502 ἂν
2588 1450 2739 1520 οἶμαι
2773 1449 2860 1502 καὶ
2894 1450 3204 1505 Ἀθανάσιον
3235 1448 3408 1510 οὕτως
3441 1449 3710 1523 εὶσαχθῆ-

2057 1557 2138 1589 ναι
2169 1537 2259 1590 τὸν
2297 1539 2465 1611 μέγαν
2492 1556 2502 1566 ·
2540 1561 2567 1589 ››
2604 1539 2689 1591 καὶ
2742 1539 2854 1610 ἅμα
2884 1534 3041 1613 ὅρκον
3074 1539 3189 1592 τινὰ
3247 1543 3561 1610 προσθεῖναι
3597 1539 3717 1610 (86)

2056 1629 2164 1678 τῶν
2217 1622 2533 1700 ἐπιχωρίων
2583 1625 2659 1687 εἷ’(
2703 1627 2801 1694 τὴν
2847 1632 2944 1680 τοῢ
2977 1624 3146 1701 λόγου
3185 1623 3492 1702 βεϐαίωσιν.
3521 1622 3716 1682 Ἐϐού-

2059 1712 2184 1768 λετο
2241 1711 2299 1767 δὶ
2357 1717 2383 1769 ὁ
2435 1712 2596 1790 λόγος
2643 1714 2808 1786 αὐτῷ,
2842 1715 2870 1770 ὅ
2898 1716 2986 1770 καὶ
3021 1716 3146 1788 ὑμῖν
3183 1715 3337 1789 οἶμαι
3370 1714 3565 1784 δῆλον,
3620 1715 3716 1769 καὶ

299 1820 481 1877 gnum
511 1803 732 1874 aliquid
757 1808 814 1858 et
839 1804 1248 1858 admirandum
1274 1804 1434 1858 dicas
1454 1805 1481 1858 ?
1513 1805 1633 1858 Imo
1665 1819 1945 1874 magnum

2068 1800 2333 1877 βασιλέως
2385 1803 2548 1858 αὐτοῦ
2608 1799 2908 1879 ἔμπροσθεν
2957 1806 3104 1878 ἄγειν
3155 1807 3245 1859 τὸν
3294 1809 3385 1859 νῦν
3436 1803 3721 1882 εὐφημού-

300 1908 533 1964 quoque
563 1891 730 1945 illum
764 1891 1143 1947 Athanasium
1174 1892 1947 1964 parihonoreintroductum

2069 1912 2248 1963 μενον.

301 1981 504 2049 fuisse,
539 1980 632 2035 vix
662 1981 873 2035 adduci
908 1998 1148 2052 possum
1183 1987 1245 2035 ut
1275 1982 1508 2037 credam
1543 1999 1555 2037 :
1587 2003 1607 2030 η
1642 1979 1940 2051 simulque
1990 1982 2246 2052 patrium
2278 1983 2571 2053 quoddam
2611 1984 3032 2054 jusjurandum
3065 1985 3135 2039 ad
3165 1983 3245 2052 id,
3279 1984 3430 2053 quod
3463 1983 3714 2049 dixerat,

299 2070 769 2125 conﬁrmandum
804 2071 1086 2140 adjunxit.
1123 2072 1197 2125 Eo
1229 2076 1422 2125 autem
1468 2071 1560 2125 hic
1611 2087 1801 2125 sermo
1856 2070 2178 2140 spectabat,
2212 2073 2711 2142 quemadmodum
2744 2074 2918 2127 etiam
2951 2073 3115 2128 vobis
3165 2073 3537 2143 perspicuum
3582 2088 3716 2127 esse

300 2158 569 2224 arbitror,
605 2164 668 2211 ut
701 2158 1038 2228 imperatori
1070 2175 1302 2231 quoque
1331 2158 1441 2229 ipsi
1474 2159 1860 2213 Athanasium
1893 2159 2225 2215 anteferret.

367 2245 555 2300 XXIX.
592 2246 776 2300 Tanta
807 2255 926 2301 erat
959 2247 1112 2317 apud
1158 2264 1364 2302 omnes
1409 2248 1513 2301 viri
1568 2247 1743 2317 hujus
1773 2263 1941 2301 vene-

297 2334 464 2402 ratio,
497 2339 780 2405 tantoque
811 2335 1033 2406 stupori
1068 2336 1177 2391 fuit
1209 2336 1325 2402 ille,
1347 2338 1517 2406 cujus
1551 2352 1706 2390 nunc
1739 2334 1943 2389 memi-

300 2424 519 2491 nimus,
555 2425 878 2495 ingressus.
913 2425 1058 2478 Nam
1089 2442 1188 2496 per
1217 2442 1410 2492 sexus,
1445 2431 1501 2481 et
1531 2429 1749 2489 aetates,
1770 2430 1944 2496 atque

302 2517 458 2568 artes
489 2512 859 2579 divisi,(solet
879 2513 1034 2566 enim
1068 2514 1532 2568 maximecivitas
1565 2514 1664 2567 illa
1695 2514 1764 2567 ad
1791 2513 1945 2567 hunc

302 2601 537 2656 modum
559 2601 931 2669 instrui,cum
961 2601 1190 2672 publico
1218 2602 1436 2657 honore
1453 2602 1824 2656 afﬁciendum
1849 2601 1945 2654 ali-

303 2706 475 2760 quem
490 2689 764 2760 suscipit;
799 2706 1054 2761 quonam
1079 2708 1208 2745 vero
1231 2692 1396 2746 modo
1415 2691 1762 2762 spectaculis
1788 2691 1946 2745 illius

305 2778 771 2848 magnitudinem
821 2779 1080 2833 oratione
1133 2780 1345 2834 referre
1407 2780 1684 2850 queam?)
1735 2780 1945 2835 ﬂuvius

306 2885 462 2922 unus
494 2883 697 2921 omnes
738 2873 940 2934 erant;
972 2868 1166 2922 Nilum
1209 2870 1382 2923 etiam
1437 2874 1604 2940 poeta
1654 2869 1944 2940 quispiam

305 2958 543 3025 diceret,
573 2955 760 3022 illum,
805 2958 954 3013 405
1005 2957 1268 3028 inquam,
1303 2975 1434 3012 vere
1495 2959 1834 3025 auriﬂuum,
1893 2962 1949 3012 et

305 3045 484 3116 spicis
517 3046 854 3114 uberem,ab
880 3047 1022 3100 urbe
1043 3047 1111 3100 ad
1137 3046 1436 3102 Chaereum
1467 3052 1749 3102 retroacto
1773 3063 1944 3101 cursu

307 3133 605 3203 ﬂuentem,
641 3135 755 3188 diei
783 3137 957 3189 unius
991 3135 1218 3204 itinere,
1251 3140 1424 3205 atque
1457 3151 1522 3189 eo
1555 3135 1830 3206 amplius.
1866 3135 1952 3190 Li-

310 3230 435 3280 ceat
469 3224 632 3291 mihi,
667 3241 769 3294 per
797 3241 924 3292 vos,
958 3226 1514 3296 quaeso,paululum,
1549 3226 1739 3280 adhuc
1772 3226 1828 3279 in
1848 3225 1957 3280 hac

311 3312 642 3368 narratione
665 3329 756 3366 me
777 3313 1212 3369 oblectare.lllic
1236 3314 1391 3368 enim
1416 3315 1649 3369 animus
1668 3319 1955 3378 versatur,

313 3418 418 3457 nec
445 3417 776 3456 sermonem
837 3403 908 3456 ab
941 3419 1008 3456 ea
1066 3403 1438 3458 solemnitate
1497 3419 1761 3458 revocare
1791 3403 1958 3457 facile

311 3505 574 3562 possum.
613 3490 817 3545 Pullus
851 3491 1043 3562 ipsum
1075 3492 1323 3546 vehebat
1354 3493 1440 3562 (ac
1476 3497 1604 3562 peto
1632 3510 1664 3546 a
1694 3492 1956 3562 vobis,ne

310 3595 401 3633 me
433 3579 698 3633 amentiae
730 3580 1061 3649 accusatis),
1097 3597 1211 3634 non
1257 3597 1425 3635 secus
1474 3582 1611 3647 fere,
1662 3597 1726 3634 ac
1753 3581 1954 3635 Jesum

307 3683 505 3721 meum
537 3666 734 3737 pullus
767 3667 862 3721 ille
891 3668 976 3733 73;
1011 3668 1131 3722 sive
1151 3669 1422 3739 gentilem
1450 3669 1751 3740 populum,
1781 3685 1954 3740 quem

311 3757 654 3828 ignorantia:
667 3756 920 3811 vinculis
937 3756 1223 3829 singulari
1242 3758 1520 3814 beneﬁcio
1535 3759 1795 3813 solutum
1819 3775 1954 3814 con-

386 3861 431 3895 ⁷³
461 3866 594 3917 Luc.
628 3879 740 3925 x1x,
775 3862 844 3915 35
874 3878 1038 3934 seqq.

390 3967 503 4038 (82)
532 3963 761 4035 Ὁρίζον.
797 3976 933 4039 heg.
967 3969 1172 4040 Cypr.,
1208 3967 1676 4036 beicwvﬂicetet
1705 3969 1957 4036 Tillem.,

322 4036 663 4104 ὁριζόμενον.

393 4056 472 4092 [LO
482 4056 640 4092 μενον
651 4079 663 4092 ο

356 4058 663 4114 ριςομενον.

526 4111 835 4184 ¹¹Εμψυχον.
870 4109 1045 4184 (ὶοὶιδιὶἶ
1080 4112 1103 4164 1
1140 4115 1196 4164 et
1219 4111 1362 4184 ἄεξ’,
1395 4106 1651 4184 εὔψυχον.

392 4181 503 4250 (84)
547 4179 785 4240 ΑὐτὸςΪ..
834 4179 1220 4242 Κωνστάντιος.
1275 4182 1438 4238 Unus
1470 4179 1647 4238 iCoib.
1700 4186 1756 4237 et
1803 4183 1960 4250 Bas,

320 4251 545 4306 αὐτὸν...
579 4251 959 4307 Κωνστάντιον.

390 4323 739 4397 (85)-Λέγων
783 4321 922 4397 μέγα
969 4321 1055 4397 δια)
1107 4323 1435 4397 θαυμαστόν.
1496 4323 1630 4397 Alii,
1684 4320 1824 4397 μέγα
1870 4320 1960 4374 λέ-

314 4416 421 4470 γων
456 4393 544 4470 παὶ
575 4393 903 4467 θαυμαστόν.
938 4395 1069 4451 Alii.
1113 4393 1252 4469 μέγα
1286 4394 1462 4468 λέγων
1513 4393 1602 4448 καὶ
1653 4393 1790 4467 μέγα
1839 4404 1960 4456 θαυ-

322 4463 544 4539 μαστόν.
682 4463 691 4467 ⁷
1113 4463 1121 4467 ⁷
1196 4463 1206 4469 ⁷
1364 4463 1373 4468 ⁷

530 4537 870 4612 Προσθεῖναι.
904 4538 999 4612 0r.
1035 4541 1084 4603 1,
1119 4542 1439 4612 προσϐῆναι.

393 4556 499 4608 (80)
532 4556 870 4612 υροσυειναι.
904 4556 999 4592 ur.
1035 4556 1084 4603 ι,
1119 4556 1439 4664 πέοσθηναι.

393 4609 503 4681 (87)
559 4609 1099 4688 ἕνημονευομὲνηςε
1144 4683 1174 4688 μ
1204 4626 1292 4681 eg.
1353 4613 1586 4688 Cypra,“
1619 4617 1960 4688 μνημονευθ-

323 4678 493 4747 aiam.
524 4703 551 4729 ‹‹
576 4678 760 4735 Tanto
797 4678 1035 4751 stupore
1059 4683 1206 4751 Vfuit,
1244 4678 1290 4728 ⁷»
1352 4678 1462 4746 etc,
1525 4680 1667 4751 Hinc
1727 4678 1906 4736 Nicet.
1943 4698 1955 4733 :

320 4756 584 4823 Τοσοῦτον
632 4752 836 4823 πάντας
884 4750 1213 4820 κατέπληξεν
1260 4754 1293 4819 ἡ
1360 4755 1454 4805 τοῦ
1504 4750 1663 4823 ἁγίου
1739 4751 1812 4812 εἷς
1862 4751 1957 4817 τὴν

322 4821 485 4877 πόλιν
518 4820 830 4884 ιῖσέλευσις·
871 4847 891 4872 α
927 4825 1123 4894 Usque
1154 4826 1296 4880 adeo
1345 4825 1523 4893 hujus
1553 4820 1744 4880 sancti
1775 4825 1834 4878 in
1866 4841 1960 4878 ur-

321 4897 453 4952 bem
486 4896 786 4968 ingressus
818 4913 1022 4951 omnes
1055 4895 1397 4968 percussit.»
1435 4897 1635 4952 Billius
1671 4914 1683 4951 :
1720 4919 1746 4945 «
1778 4897 1962 4950 Tanto

321 4973 560 5039 stupore
590 4968 894 5039 ingressus
925 4969 1051 5038 ejus
1084 4968 1364 5024 memoria
1395 4968 1703 5023 hominum
1737 4970 1964 5023 mentes

322 5041 646 5094 etiamnum
682 5041 901 5094 deﬁxae
927 5040 1119 5094 tenet!
1157 5062 1184 5089 ››

396 5112 507 5183 (88)
539 5107 843 5183 Εὔσταχυν.
879 5110 1016 5183 ΗΘΒ.
1068 5128 1118 5167 c.
1159 5111 1342 5175 addit,
1381 5108 1469 5183 uati
1501 5112 1817 5183 μιτροῦντα
1867 5107 1965 5183 τὴν

319 5179 664 5264 ερδαιμονίαν
691 5179 807 5264 τοῖς
838 5179 1079 5251 πύκεσιν,
1115 5205 1143 5234 ‹‹
1176 5183 1393 5256 quique
1440 5179 1779 5238 felicitatem
1815 5179 1962 5234 mul-

319 5255 571 5310 titudine
603 5255 857 5308 metitur.
892 5277 912 5303 ν

396 5326 510 5396 (89)
545 5325 676 5380 Ἀπὸ
706 5331 804 5394 τῆς
835 5321 1073 5396 πόλεως,
1116 5331 1224 5381 ctc.
1283 5346 1307 5377 ι
1355 5325 1492 5388 Hoc,
1548 5345 1574 5371 »
1613 5322 1821 5396 inquit
1868 5321 1964 5396 Ni-

322 5393 500 5462 cetas,
536 5399 681 5452 ister
711 5397 902 5452 Nilum
939 5403 994 5452 et
1034 5393 1315 5468 populum
1371 5393 1827 5468 Alexandrinum
1872 5393 1968 5447 in-

322 5474 561 5537 tererat,
601 5471 753 5542 quod
788 5469 1018 5542 Nilus_a
1046 5467 1299 5533 Ghzereo,
1331 5484 1456 5537 qua
1507 5474 1685 5542 terra_
1709 5467 1816 5520 hoc
1842 5483 1967 5542 _no-

323 5559 456 5596 men
491 5559 523 5596 a
554 5538 808 5612 quodam
841 5540 1172 5596 habitatore
1198 5544 1511 5595 consecuta
1542 5543 1650 5606 est,
1675 5538 1730 5592 in
1766 5538 1966 5612 urbem

325 5613 519 5685 inﬂuit
544 5611 647 5677 {at
679 5613 978 5685 popularis
1009 5612 1105 5667 ille
1138 5612 1348 5667 ﬂuvius
1387 5616 1534 5685 tunc
1566 5615 1765 5685 sancto
1792 5611 1966 5685 Atha:

328 5683 494 5738 nasio
522 5700 648 5740 sese
675 5681 1003 5755 effundens,
1035 5685 1094 5740 in
1146 5682 1503 5741 contrarium
1557 5698 1591 5737 a
1637 5681 1868 5738 civitate
1899 5682 1968 5736 ad

2128 2248 2243 2302 KG'.
2277 2249 2545 2303 Τοσοῦτον
2590 2250 2656 2316 ἦν
2703 2247 2849 2324 παρὰ
2897 2253 3028 2302 πᾶσι
3067 2248 3131 2302 τὸ
3160 2251 3257 2303 τοῖ’)
3289 2244 3480 2322 ἀνδρὸς
3507 2245 3709 2301 τούτου

2055 2329 2234 2396 σέϐας·
2286 2336 2376 2389 καὶ
2431 2335 2665 2406 τοσαύτη
2736 2343 2834 2404 τῆς
2896 2335 3382 2409 μνημονευομένης
3428 2337 3538 2408 (87)
3599 2333 3710 2388 εἷσ-

2055 2419 2185 2477 όδου
2224 2428 2314 2478 νῦν
2347 2425 2381 2493 ἡ
2414 2422 2771 2494 κατάπληξις.
2806 2426 2952 2480 Κατά
2977 2447 3078 2500 γαρ
3114 2424 3266 2499 γένη,
3316 2426 3406 2478 καὶ
3457 2421 3706 2492 ἡλικίας,

2053 2512 2144 2566 καὶ
2173 2516 2366 2588 τέχνας
2400 2511 2774 2585 διαιρεθέντες,
2804 2512 3047 2589 (φιλοῦσι
3077 2514 3178 2588 γὰρ
3207 2511 3443 2585 μάλιστα
3471 2516 3506 2581 ἡ
3538 2510 3707 2573 πόλις

2056 2602 2190 2670 αὕτη
2244 2602 2386 2656 οὕτω
2437 2600 2890 2670 διασκευάζεσθαι,
2941 2601 3065 2657 ὅταν
3105 2602 3207 2657 τινὶ
3263 2601 3505 2657 πλέκωσι
3539 2601 3710 2672 τιμὴν

2057 2689 2347 2763 δημοσίαν·
2411 2695 2528 2744 πῶν
2581 2690 2638 2744 ἂν
2687 2693 3096 2766 παραστήσαιμι
3144 2696 3224 2762 τῷ
3259 2691 3407 2766 λόγῳ
3445 2691 3506 2744 τὸ
3568 2689 3711 2762 μέγα

2059 2778 2229 2834 έκεῖνο
2287 2778 2458 2852 θέαμα
2483 2782 2521 2852 ;)
2589 2780 2835 2852 ποταμὸς
2914 2781 3049 2848 ἦσαν
3105 2780 3202 2851 εἷς,
3258 2783 3496 2848 ποιητοῦ
3545 2775 3603 2832 δὲ
3645 2780 3713 2845 ἦν

2058 2866 2161 2942 ἄρα
2216 2868 2304 2922 καὶ
2353 2869 2445 2922 τὸν
2507 2869 2700 2923 Νεῖλον
2758 2868 2948 2940 εἰπεῖν,
2995 2870 3087 2923 τὸν
3136 2867 3474 2944 χρυσοῤῥόαν
3536 2864 3708 2927 ὅντως

2055 2956 2144 3011 καί
2178 2952 2438 3030 εὕσταχυν
2473 2959 2604 3028 (88),
2660 2955 2895 3029 ἔμπαλιν
2953 2958 3058 3011 ἀπὸ
3103 2960 3199 3024 τῆς
3231 2956 3446 3017 πόλεως
3481 2959 3592 3028 (89)
3622 2954 3714 3009 ἐπὶ

2058 3047 2158 3113 τὴν
2208 3044 2440 3120 Χαιρέου
2487 3043 2694 3119 ῥέοντα,
2745 3043 3051 3117 ἡμερησίαν
3103 3041 3225 3097 ὁδὸν
3261 3043 3437 3115 οἶμαι,
3468 3044 3556 3096 καὶ
3614 3062 3712 3096 πι-

2067 3134 2319 3209 ραιτέρω.
2354 3133 2484 3188 Δότε
2517 3153 2611 3206 μοι
2646 3134 2836 3207 μικρὸν
2887 3131 2962 3187 ἔτι
3014 3132 3338 3209 ἐντρυφῆσαι
3389 3135 3465 3200 τῷ
3511 3127 3714 3203 διηγή-

2069 3243 2218 3296 ματι.
2253 3225 2456 3277 Ἐκεῖσε
2486 3222 2590 3296 γὰρ
2624 3222 2758 3294 εἶμι,
2792 3221 2877 3274 καὶ
2912 3219 3035 3275 οὐδὶ
3067 3221 3379 3294 ἀπαχθῆναι
3425 3219 3514 3272 τὸν
3549 3217 3718 3293 λόγον

2065 3319 2163 3381 τῆς
2213 3309 2440 3379 τελετῆς
2490 3309 2697 3381 ἐκείνης
2741 3308 2946 3385 ῥᾴδιον.
3000 3307 3193 3370 Πῶλος
3244 3308 3333 3383 γὲν
3383 3309 3511 3382 ἦγεν
3552 3307 3714 3362 αὐτὸν

2064 3400 2179 3473 (καὶ
2234 3401 2308 3472 μή
2364 3420 2455 3472 μοι
2507 3406 2606 3468 τῆς
2652 3399 2910 3460 ἀπονοίας
2959 3401 3077 3470 (90)
3131 3399 3464 3470 μέμψησθε),
3523 3397 3596 3458 ὡς
3635 3418 3728 3469 μι-

2065 3486 2198 3564 κροῦ
2228 3489 2318 3542 τὸν
2351 3487 2477 3560 ἰμὸν
2512 3489 2716 3557 Ἰησοῦν
2753 3489 2780 3541 ὁ
2813 3485 2998 3549 πῶλος
3030 3486 3230 3547 ἐκεῖνος
3265 3484 3379 3555 (εἴτ’
3409 3485 3499 3539 οὗν
3530 3485 3557 3538 ὁ
3606 3487 3722 3557 (91)

2068 3576 2118 3647 ἐξ
2145 3576 2309 3640 έονῶν
2363 3575 2517 3644 λαὸς,
2567 3574 2624 3630 δν
2677 3573 2733 3629 εὗ
2781 3580 2950 3629 ποιῶν
2997 3578 3113 3646 (92)
3144 3569 3428 3628 ἐπιϐαίνει.
3479 3577 3586 3627 τῶν
3618 3579 3719 3641 τῆς

2067 3665 2279 3743 ἀγνοίας
2314 3663 2527 3737 δεσμῶν
2563 3664 2850 3738 Λυόμενον,
2884 3661 2989 3719 εἷ’τε
3032 3685 3084 3717 τι
3118 3663 3258 3718 ἄλλο
3313 3660 3567 3737 βούλεται
3617 3683 3717 3716 πα-

2069 3753 2345 3832 ραδηλοῦν
2372 3755 2398 3808 ὁ
2433 3753 2638 3829 λόγος)
2672 3751 2866 3810 κλάδοι
2908 3750 2965 3807 δὶ
2995 3753 3154 3808 αὐτὸν
3189 3748 3551 3826 ὑποδέχονται
3583 3753 3720 3823 (93),

2069 3966 2370 4025 Οὲιωιιθυω
2404 3971 2612 4034 ﬂuens,
2645 3965 2756 4020 diei
2790 3964 2968 4021 unius
2996 3965 3126 4032 iter,
3158 3969 3216 4020 et
3243 3981 3310 4019 eo
3341 3962 3597 4035 amplius
3629 3979 3724 4017 ex-

2071 4045 2276 4095 tensus
2304 4043 2411 4091 est.
2451 4060 2471 4085 ι

2283 4106 2591 4182 ξΑπονοίας.
2625 4107 2832 4182 Nicet-._,
2863 4104 3101 4182 τόλμης,
3134 4125 3164 4158 (ι
3197 4105 3474 4182 audaciai.
3509 4126 3537 4154 »

2163 4111 2231 4163 90
2283 4111 2591 4168 Ἀπονοίας.
2625 4111 2832 4173 Nicet.,
2863 4111 3101 4177 τόλμης,
3134 4125 3164 4158 (ι
3197 4111 3393 4160 audaci

2163 4111 2254 4252 91)
2283 4179 2359 4252 '0_.
2394 4179 2487 4235 Sic
2519 4184 2772 4252 quatuor
2800 4180 2979 4252 Regg.
3012 4179 3270 4252 Deestiin
3302 4179 3393 4232 ed.

2163 4183 2254 4252 91)
2283 4183 2359 4233 '0.
2394 4183 2487 4235 Sic
2519 4184 2772 4250 quatuor
2800 4183 2979 4251 Regg.
3012 4183 3183 4234 Deest
3212 4183 3270 4232 in
3302 4183 3393 4232 ed.

2141 4183 2255 4322 (92)
2284 4248 2358 4303 Εὖ
2388 4254 2583 4305 ποιῶν.
2619 4273 2648 4302 ‹‹
2691 4251 2982 4322 Singulari
3031 4250 3311 4305 beneﬁcio
3349 4246 3654 4322 afﬁciens;
3691 4268 3717 4294 »

2070 4318 2239 4394 quod
2256 4323 2481 4378 scilicet
2511 4323 2639 4393 ejus
2671 4318 3008 4393 ignorantia:
3029 4322 3260 4376 vincula
3278 4320 3499 4375 solvere
3521 4318 3720 4389 digna-

2070 4399 2250 4469 τθίιέἲ·
2287 4394 2512 4469 Billiss.
2547 4395 3039 4469 ίὶΡθῐῬοὲηηἘυάἓε
3074 4414 3102 4442 ”
3366 4465 3374 4469 .
3491 4457 3618 4469 -....

2145 4465 2253 4537 (93)
2305 4458 2508 4519 Κλάδοι
2563 4458 2628 4518 8E-
2668 4462 2826 4518 αὐτὰν
2881 4461 3264 4537 ὑποδέχονται,
3326 4465 3439 4537 εἴθε
3491 4458 3717 4537 Billius,

1996 4505 2041 4569 Β
2072 4505 2332 4594 Ni‘cetam
2357 4540 2614 4602 secutus,
2643 4538 2728 4591 sic
2758 4537 2929 4593 vertit
2963 4553 2975 4590 ε
3013 4505 3190 4590 «Ἥωι
3221 4505 3376 4587 υήιη
3426 4530 3716 4596 interfuit,

2071 4609 2224 4680 quod
2261 4609 2556 4663 Christum
2589 4608 2736 4680 rami
2779 4611 3185 4679 susceperunt,
3238 4609 3296 4660 et
3349 4602 3511 4680 varia
3541 4602 3719 4680 indu-

2072 4677 2731 4751 menta,multiplicique
2762 4677 2972 4734 ﬂorum
3016 4693 3226 4751 genere
3259 4677 3717 4751 constrata,apte

2070 4745 2548 4833 ipsum‘projec'ta
2574 4745 3252 4833 suzntzlexcelso'autem
3301 4750 3358 4833 et
3406 4745 3715 4833 magniﬁco

2070 4820 2193 4898 viro
2225 4820 2728 4898 Athanasionihil
2759 4822 2874 4898 tale
2905 4823 3126 4898 factum
3157 4825 3263 4898 es_t_.
3301 4820 3363 4873 ln
3394 4833 3579 4898 eoque
3604 4832 3715 4870 uno

2073 4894 2328 4967 impares
2362 4895 2596 4967 honoris
2628 4898 2822 4967 partes
2854 4894 3081 4949 habuit.
3129 4915 3159 4967 gi
3207 4890 3448 4967 Verum,
3481 4888 3715 4967 illorum

2074 4960 2214 5037 pace
2246 4965 2514 5039 dixerim,
2549 4960 2793 5039 uterque
2826 4982 2872 5039 a7
2905 4965 3179 5039 Gregorii
3215 4965 3429 5039 mente
3463 4960 3713 5039 aberrat.

2075 5030 2235 5103 Quod
2260 5037 2416 5092 enim
2440 5030 2773 5109 Theologus
2808 5038 2878 5091 ad
2903 5030 3429 5110 Athanasium,ipsi
3465 5032 3536 5110 ad
3560 5030 3719 5110 Chri-

2075 5114 2232 5163 stum
2266 5103 2772 5182 referunt.Scopus
2801 5114 2996 5182 tamen
3030 5108 3276 5182 oratoris
3300 5104 3360 5158 in
3388 5105 3494 5157 hoc
3515 5103 3718 5163 tendit,

2075 5185 2141 5234 ut
2172 5183 2441 5254 ostendat
2470 5182 2634 5237 illam
2664 5178 3080 5254 similitudinis
3111 5178 3610 5254 afﬁnitatem,qua
3636 5189 3720 5254 re:

2077 5253 2298 5324 peritur
2331 5253 2479 5308 inter
2517 5254 2730 5308 Christi
2788 5251 3215 5323 Jerosolymam
3252 5248 3609 5324 _i_ntroitum,
3647 5248 3724 5324 _et

2074 5314 2378 5399 Athanasii
2427 5324 2836 5379 Alexandriam
2875 5314 3186 5399 _re_ditum.
3252 5319 3508 5399 Uterque
3564 5314 3720 5399 pullo

2078 5395 2295 5451 insidet
2328 5412 2339 5448 :
2378 5401 2623 5465 uterque
2653 5413 2685 5449 a
2716 5394 2929 5466 populo
2964 5393 3171 5449 faustis
3201 5388 3723 5466 acclamationibus

2079 5467 2404 5540 excipitur;
2440 5463 2572 5540 ante
2627 5463 2936 5539 utriusque
2969 5468 3143 5538 pedes
3171 5466 3516 5540 sternuntur
3545 5463 3718 5540 etiam

2081 5533 2226 5593 rami
2279 5543 2335 5591 et
2392 5538 2773 5594 indumenta:
2810 5533 2916 5592 n'ec
2970 5533 3234 5601 deerant,
3295 5533 3395 5604 qui
3449 5533 3726 5602 praairent

2084 5609 2426 5675 clamantes,
2479 5615 2588 5664 etc.
2644 5613 2768 5666 Haec
2816 5611 3013 5665 Graeca
3060 5610 3189 5681 ipsa
3240 5623 3362 5681 prae
3409 5604 3726 5681 seierunt.

2082 5681 2387 5738 Claudicat
2415 5681 2595 5753 igitur
2623 5682 2775 5739 Billii
2801 5681 3011 5749 versio,
3045 5675 3172 5752 quis
3207 5675 3277 5733 ad
3306 5675 3599 5732 Christum
3633 5690 3727 5730 re-
