4056 6274
193 366 351 431 1117

1121 370 1410 432 ORATIO
1454 371 1618 431 XXI.
1651 402 1730 414 -—
1758 369 1838 429 IN
1886 369 2212 430 LAUDEM
2259 369 2710 430 ATHANASII.

3452 367 3608 428 1118

189 501 280 556 καὶ
314 501 570 575 στρώσεις
603 500 836 572 ἱματίων
866 498 1189 563 πολυανοῶν
1222 499 1312 553 καὶ
1358 498 1628 554 ποικίλων
1674 499 1846 575 προῤ-

1977 499 2205 555 scendit
2232 518 2245 565 ;
2279 499 2397 554 sive
2419 499 2557 570 quid
2579 500 2733 555 aliud
2768 500 3069 571 Scriptura
3094 499 3425 571 significare
3453 498 3607 554 velit.

197 589 575 665 ῥιπτουμένων
623 610 682 643 τε
728 591 816 643 καὶ
870 588 1409 664 ὑποῤῥιπτουμένων·
1474 587 1696 642 ἐνταῦθα
1748 587 1846 660 μό-

192 700 281 733 νον
329 678 714 749 ἀτιμασθέντος
762 683 858 733 τοῦ
889 677 1106 749 ὑψηλοῦ
1136 679 1223 731 καὶ
1258 675 1620 748 πολυτελοῦς,
1655 677 1742 731 καὶ
1784 677 1845 731 τὸ

190 765 305 821 ἴσον
343 769 416 838 μὴ
450 764 699 841 ἔχοντος.
739 767 911 823 Εἷκὼν
945 767 1034 821 καὶ
1065 763 1200 835 αὕτη
1231 774 1332 835 τῆς
1366 763 1525 835 ἔπιδη
1539 765 1663 838 μίας
1720 768 1844 838 Χρι-

193 860 341 921 στοῦ,
375 855 462 909 καὶ
500 856 550 908 οἱ
582 849 945 930 προϐοῶντες.
977 855 1065 908 καὶ
1110 856 1162 908 o't
1212 858 1323 926 (94)
1371 854 1803 929 προχορεύοντες
1826 873 1838 885 ·

189 944 337 1012 πλὴν
390 944 513 998 ὅσον
567 944 628 997 οὐ
679 941 886 997 πα.δων
928 942 1127 1015 ὅμιλος
1164 943 1322 1014 μόνον
1355 944 1416 997 τὸ
1448 944 1725 1021 εὐφημοῦν
1754 943 1840 1011 ἦν,

187 1032 333 1088 ἀλλὰ
392 1033 481 1087 καὶ
540 1039 684 1087 πᾶσα
740 1031 965 1106 γλῶσσα
1036 1032 1326 1109 σύμφωνος
1394 1032 1483 1086 καὶ
1543 1032 1841 1102 ἀντίθετος,

186 1128 335 1193 νικᾷν
380 1121 670 1191 ἀλλήλους
722 1122 1114 1195 ἐπειγομένων.
1150 1122 1260 1175 Ἐὦ
1318 1121 1421 1195 γὰρ
1482 1119 1657 1195 λέγειν
1715 1119 1844 1195 xpli-

185 1233 315 1273 τους
374 1209 718 1282 πανδήμους,
768 1210 857 1264 καὶ
911 1210 1095 1284 μύρων
1148 1210 1417 1286 ἐκχύσεις,
1449 1210 1539 1264 καὶ
1587 1209 1845 1284 παννυχί-

188 1299 305 1369 δας,
334 1302 423 1354 καὶ
456 1306 627 1353 πᾶσαν
659 1300 797 1376 φωτί
830 1297 1379 1373 καταστραπτομένην
1407 1299 1503 1365 τὴν
1540 1297 1719 1368 πόλιν,
1753 1299 1844 1352 καὶ

190 1386 457 1460 δημοσίας
490 1391 601 1460 (95)
634 1387 894 1449 ἰστιάσεις
923 1388 1013 1441 καὶ
1046 1385 1297 1455 οίκιδίας,
1329 1387 1418 1441 καὶ
1459 1382 1609 1448 ὅσοις
1658 1388 1713 1441 αἱ
1740 1387 1845 1441 πό-

192 1478 307 1539 λεις
330 1478 393 1531 τὸ
424 1476 649 1554 φαιδρὸν
683 1476 841 1546 ὶπιση
856 1476 1150 1548 μαίνουσιν·
1186 1475 1217 1530 ἃ
1246 1471 1369 1530 τότε
1394 1478 1509 1548 μεθ’
1535 1472 1845 1550 ὑπερϐολῆς

194 1567 401 1638 ἰκείνῳ,
434 1566 521 1621 καὶ
551 1568 696 1640 παρὰ
723 1566 787 1620 τὸ
820 1565 960 1627 εἰκὸς
994 1565 1316 1641 ἐχαρίζοντο
1367 1568 1502 1637 (96).
1552 1565 1705 1618 Οὕτω
1748 1566 1847 1633 τὴν

201 1656 389 1710 ἑαυτοῦ
420 1654 581 1710 πόλιν
612 1655 639 1708 ὁ
672 1653 970 1726 θαυμάσιος
1010 1653 1234 1723 ἐκεῖνος,
1266 1653 1357 1707 καὶ
1410 1654 1544 1725 μετὰ
1589 1652 1845 1722 τοιαύτης

196 1739 604 1816 καταλαμϐάνει
635 1749 732 1811 τῆς
763 1741 1141 1816 πανηγύρεως.

1959 588 2130 646 Illum
2167 588 2345 644 etiam
2378 589 2609 653 rami,et
2638 590 2796 643 varia
2816 588 2992 644 variis
3024 589 3177 660 picta
3205 587 3499 643 coloribus
3522 587 3610 640 in-

1957 679 2238 732 dumenta
2258 682 2392 731 ante
2422 693 2554 731 eum
2583 678 2839 747 projecta
2868 683 2924 731 et
2954 678 3251 732 substrata
3265 676 3562 745 excipiunt
3587 691 3600 739 ;

1952 767 2045 821 hic
2078 766 2269 821 solum
2303 772 2498 837 spreta
2531 767 2785 836 pretiosa
2816 765 3247 836 supellectii,ac
3278 765 3447 833 cujus
3478 780 3601 819 ma-

1954 854 2305 926 gnificentiae
2339 854 2482 909 nihil
2513 870 2619 924 par
2648 854 3018 908 erat.Christi
3050 870 3283 925 quoque
3315 854 3599 908 adventus

1953 942 2148 1012 imago
2183 943 2358 1010 fuere,
2393 948 2515 996 tum
2547 944 2647 1012 qui
2682 943 2956 1011 praeundo
2980 941 3477 1007 clamabant,tum
3502 940 3607 1011 qui

1957 1032 2202 1085 choreas
2228 1030 2567 1101 agitabant;
2604 1029 2713 1084 nisi
2738 1031 2891 1100 quod
2921 1047 3036 1085 non
3058 1029 3604 1101 pueritisduntaxat

1956 1121 2126 1175 turba
2161 1120 2369 1174 faustis
2400 1119 2565 1173 illum
2602 1119 3125 1174 acclamationibus
3157 1119 3608 1190 excipiebat,ve-

1955 1224 2087 1263 rum
2118 1208 2294 1263 etiam
2326 1208 2519 1263 omnis
2550 1207 2748 1278 lingua
2778 1223 3017 1263 concors
3048 1212 3106 1262 et
3136 1206 3467 1262 adversaria
3498 1206 3607 1260 ho-

1956 1297 2204 1358 minum.
2249 1296 2349 1366 qui
2399 1312 2527 1351 sese
2576 1301 2782 1351 mutuo
2831 1313 3107 1368 superare
3155 1297 3606 1352 contendebant.

1955 1386 2100 1441 Nam
2116 1385 2382 1440 omittam
2399 1383 2664 1456 publicos
2686 1384 3015 1455 plausus,et
3028 1389 3454 1452 unguentorum
3474 1401 3608 1456 pro-

1956 1475 2236 1543 fusiones,
2270 1479 2325 1529 et
2356 1479 2672 1529 nocturnas
2701 1473 3063 1537 festivitates,
3096 1479 3152 1529 et
3181 1479 3362 1529 totam
3396 1475 3599 1529 urbem

1957 1563 2182 1618 lumine
2211 1569 2640 1626 coruscantem,
2675 1562 2908 1634 publica
2940 1563 3079 1618 item
3127 1569 3184 1617 et
3215 1563 3437 1635 privata
3469 1580 3606 1618 con-

1956 1652 2128 1719 vivia,
2161 1658 2487 1723 caeteraque
2519 1668 2620 1723 per
2646 1669 2773 1724 quas
2808 1652 2984 1707 urbes
3013 1652 3223 1707 listitiaa
3255 1656 3431 1723 atque
3453 1652 3604 1708 hila-

1959 1741 2152 1797 ritatis
2182 1747 2530 1812 argumenta
2562 1742 2768 1807 edunt,
2798 1758 2924 1812 quas
2955 1745 3082 1797 tum
3111 1740 3193 1795 illi
3220 1741 3610 1813 amplissime,

192 1837 249 1889 et
279 1850 455 1904 supra
488 1849 665 1903 quam
707 1832 862 1888 credi
908 1836 1101 1903 queat,
1135 1832 1604 1887 conferebantur.
1635 1831 1729 1888 Sic
1780 1832 1866 1887 vir
1910 1830 2184 1900 eximius,
2217 1845 2282 1885 ac
2313 1846 2447 1885 cum
2482 1829 2580 1885 tali
2612 1847 2823 1902 pompa
2852 1835 2911 1887 et
2943 1830 3273 1886 celebritate
3321 1830 3610 1886 civitatem

197 1937 365 1977 suam
400 1920 747 1992 ingreditur.

264 2008 341 2064 A'.
374 2008 493 2083 Ἆρ’
525 2005 615 2061 οῦν
653 2002 780 2061 ἐϐίω
811 2010 925 2079 (97)
953 2008 1069 2079 μὶν,
1104 2005 1283 2080 ὥσπερ
1339 2006 1484 2069 είκὸς
1531 2006 1660 2068 τοὺς
1712 2006 1848 2062 λαοῦ

2027 2005 2189 2063 ΧΧΧ.
2221 2007 2360 2061 Esto
2395 2006 2594 2079 igitur,
2650 2007 2779 2062 vitas
2828 2006 3084 2062 rationes
3132 2006 3214 2061 ita
3266 2006 3613 2065 instituerit:

193 2095 456 2151 τοσούτου
486 2096 964 2170 προστησομὲνους
998 2098 1145 2169 (98);
1180 2093 1387 2165 ἐδίδαξε
1418 2095 1497 2163 δὲ,
1528 2094 1636 2170 οὐχ
1667 2097 1742 2157 ὡς
1774 2097 1857 2170 βε·-

200 2181 437 2253 ϐίωκεν;
475 2186 772 2259 ἠγώνισται
806 2182 882 2253 δὲ,
917 2184 1025 2260 οὐχ
1072 2185 1145 2245 ὡς
1206 2182 1477 2254 ἐδίδαξεν;
1527 2183 1857 2240 ἰκινδύνευσε

207 2272 265 2329 ὃὶ
294 2280 399 2328 τῶν
436 2274 567 2348 ὑπὶρ
611 2278 708 2329 τοῦ
759 2272 930 2349 λόγου
976 2274 1121 2335 τινὸς
1165 2275 1555 2349 ἠγωνισμένων
1606 2272 1852 2342 ἐλάττω;

201 2362 489 2435 τετίμηται
541 2362 598 2417 δε
647 2364 720 2417 ὧν
772 2364 1062 2437 ἠγώνιςται
1098 2368 1247 2435 μεῖον
1459 2365 1769 2439 κατῄσχυνε
1799 2360 1857 2417 δὲ

201 2474 253 2506 τι
281 2457 388 2507 τῶν
418 2459 515 2520 τῆς
538 2450 750 2507 εἷ’σόδου
785 2454 917 2525 μετὰ
944 2454 1043 2521 τὴν
1079 2449 1286 2506 εἷ’σοδον
1312 2472 1325 2521 ;
1349 2450 1642 2525 Οὐδαμῶς.
1677 2453 1857 2506 Πάντα

210 2539 267 2595 δὲ
299 2540 563 2611 ἀλλήλων
610 2538 870 2616 ἓχόμενα,
929 2535 1109 2617 ὥσπερ
1165 2540 1214 2595 ἐν
1278 2539 1417 2616 λύρᾳ
1471 2562 1587 2614 μιᾳ,
1637 2540 1853 2610 καὶτῆς

209 2629 377 2698 αὐτῆς
410 2628 694 2701 ἁρμονίας,
730 2630 757 2683 ὁ
793 2628 927 2703 βίος,
961 2630 988 2683 ὁ
1019 2628 1203 2704 λόγος,
1256 2630 1307 2684 οἱ
1356 2630 1581 2706 ἀγῶνες,
1633 2631 1685 2683 οἱ
1736 2630 1855 2684 κίν-

211 2717 378 2788 δυνοι,
427 2720 493 2772 τὰ
539 2726 638 2787 τῆς
666 2717 949 2788 ἐπανόδου,
990 2720 1056 2772 τὰ
1085 2720 1218 2791 μετὰ
1244 2720 1344 2788 τὴν
1378 2716 1655 2775 ἐπάνοδον.
1684 2720 1855 2792 Ὁμοῦ

205 2828 265 2861 τε
292 2808 391 2883 γὰρ
421 2808 518 2874 τήν
552 2807 880 2877 Ἐκκλησίαν
922 2803 1351 2880 γαταλαμϐἀνει,
1408 2807 1497 2862 καὶ
1547 2808 1608 2862 οὐ
1656 2807 1855 2883 πάσχει

203 2898 394 2949 ταυτὸν
432 2902 545 2956 τοῖς
592 2893 659 2950 δι’
712 2894 967 2970 ἀμετρίαν
1014 2895 1186 2969 ὀργῆς
1234 2895 1632 2970 τυφλώττουσι,
1691 2896 1779 2950 καὶ
1825 2896 1855 2950 ὅ

201 3004 255 3037 τι
305 2983 362 3037 ἂν
410 2985 712 3057 παραπέσῃ,
770 2988 934 3037 τοῦτο
991 2988 1206 3059 πρῶτον
1267 2987 1343 3057 (1)
1399 2989 1758 3059 περιωθοῦσιν
1816 2985 1849 3054 ἢ

201 3071 445 3142 παίουσι,
504 3071 599 3125 κᾶν
646 3093 697 3125 τι
740 3075 847 3125 τῶν
900 3070 1115 3148 φειδοῦς
1146 3071 1307 3143 ἀξίων
1340 3071 1396 3125 ὅν
1428 3072 1595 3145 τύχοι
1628 3074 1725 3145 (2),
1756 3078 1852 3126 τοῦ

202 3161 377 3231 θυμοῦ
427 3157 863 3220 δυναστεύοντος.
914 3158 1090 3213 ’ΔΛλὰ
1135 3164 1295 3214 τοῦτο
1358 3158 1592 3233 μάλιστα
1639 3158 1851 3215 εὐδοκι-

204 3250 421 3321 μήσεως
452 3249 597 3319 αύτῷ
625 3248 811 3322 καιρὸν
842 3249 971 3301 εῖναι
1003 3247 1228 3319 νομίσας
1261 3245 1469 3320 (ἐπειδὴ
1501 3250 1563 3302 τὸ
1597 3249 1690 3321 μὲν
1722 3250 1852 3303 πάσ-

199 3357 299 3413 χον
332 3341 532 3407 κακῖυς,
567 3336 647 3390 ἀεὶ
683 3337 1040 3409 μετριώτερον
1068 3355 1081 3368 ·
1127 3337 1190 3390 τὸ
1224 3334 1280 3391 δὶ
1313 3337 1364 3392 ἐν
1394 3336 1607 3408 ἐξουσίᾳ
1632 3342 1728 3392 τοῦ
1758 3336 1850 3392 άν-

201 3422 411 3500 τιδρᾷν,
443 3424 870 3499 ἀκρατέστερον),
912 3424 1055 3479 οὕτω
1086 3425 1272 3500 πράως
1304 3426 1393 3481 καὶ
1442 3425 1623 3495 ἠπίως
1654 3426 1719 3480 τὰ
1741 3430 1847 3481 τῶν

202 3513 596 3583 λελυπηκότων
631 3514 1086 3589 μεταχειρίζεται,
1107 3514 1183 3577 ὠς
1219 3513 1361 3586 μηδὶ
1391 3516 1573 3577 αὐτοῖς
1603 3515 1849 3585 ἰκεῖνοις,

202 3600 248 3655 εἰ
280 3602 393 3656 οἶόν
430 3623 489 3656 τε
515 3606 675 3657 τοῦτο
703 3602 871 3657 εἰπεῖν
907 3606 1005 3676 (3),
1040 3602 1182 3675 ἀηδῆ
1217 3606 1461 3679 γενεσθαι
1504 3609 1601 3660 τοῦ
1656 3603 1848 3680 ἀνδρὸς

199 3691 299 3758 τὴν
331 3688 609 3748 ἐπάνοδον.

1966 2102 2032 2151 ut
2086 2112 2185 2151 eos
2242 2097 2427 2161 decet,
2482 2096 2579 2167 qui
2629 2100 2804 2151 tanta
2877 2095 3185 2150 hominum
3237 2094 3603 2150 multitudini

1965 2201 2215 2257 praeesse
2258 2185 2489 2249 debent,
2522 2202 2720 2239 verum
2772 2200 3049 2255 paremus
3099 2185 3226 2239 vita
3274 2184 3601 2238 doctrinam

1965 2273 2207 2329 attulit?
2237 2273 2560 2329 Decertavit
2588 2273 2848 2345 quidem,
2880 2289 3021 2328 num
3063 2277 3127 2328 ut
3171 2272 3368 2328 docuit
3393 2272 3421 2327 ?
3451 2273 3601 2327 Num

1966 2364 2165 2419 minus
2197 2378 2375 2433 quam
2408 2362 2599 2433 quivis
2639 2378 2865 2427 eorum,
2926 2360 3027 2432 qui
3088 2376 3191 2432 pro
3241 2364 3397 2415 recta
3452 2361 3606 2415 400

1965 2452 2231 2509 doctrina
2260 2456 2550 2507 certamen
2585 2450 2874 2517 adierunt,
2910 2448 3272 2521 periclitatus
3295 2454 3385 2504 est
3404 2449 3431 2504 ?
3457 2448 3609 2503 Num

1966 2540 2243 2607 minores,
2279 2556 2455 2611 quam
2489 2556 2591 2610 pro
2641 2538 3028 2595 certaminum
3080 2538 3311 2603 merito,
3363 2538 3612 2594 honores

1965 2632 2319 2684 consecutus
2341 2627 2475 2683 est?
2504 2620 2656 2682 Num
2688 2628 2941 2699 denique
2972 2627 3295 2682 honoribus
3326 2626 3609 2697 illis,qui-

1965 2718 2076 2772 bus
2105 2718 2164 2772 in
2197 2718 2465 2789 ingressu
2498 2723 2741 2771 ornatus
2773 2722 2882 2784 est,
2918 2722 3047 2788 post
3076 2716 3407 2787 ingressum
3441 2716 3609 2771 dede-

1965 2807 2085 2862 cori
2116 2806 2637 2878 atqueignominiae
2663 2805 2810 2860 fuit?
2842 2806 3081 2860 Minime
3102 2804 3605 2876 gentium.Verum

1965 2896 2183 2960 omnia,
2219 2913 2330 2950 non
2364 2912 2534 2951 secus
2565 2900 2739 2965 atque
2770 2896 2827 2949 in
2859 2894 3104 2962 cithara,
3138 2894 3291 2948 inter
3322 2899 3532 2964 seapta
3552 2898 3608 2947 et

1963 3000 2224 3039 connexa
2252 2990 2438 3049 erant,
2473 2985 2829 3056 pulchreque
2872 2984 3291 3055 congruebant,
3332 2986 3457 3037 tum
3488 2981 3607 3036 vita

1962 3078 2019 3127 et
2054 3073 2340 3142 doctrina,
2373 3079 2498 3128 tum
2532 3072 2853 3128 certamina
2883 3080 2941 3126 et
2974 3070 3251 3141 pericula,
3297 3076 3421 3125 tum
3453 3071 3603 3125 redi-

1963 3165 2081 3227 tus,
2116 3166 2174 3216 et
2218 3178 2344 3231 quis
2376 3162 2630 3215 reditum
2680 3164 2820 3215 sunt
2869 3163 3202 3214 consecuta.
3246 3159 3392 3213 Nam
3426 3158 3605 3214 simul

1962 3254 2137 3320 atque
2184 3252 2254 3305 ad
2304 3250 2622 3305 Ecclesiam
2687 3248 2968 3321 pervenit,
3015 3265 3130 3303 non
3177 3248 3380 3303 eodem
3435 3248 3606 3303 modo

1962 3339 2206 3394 affectus
2236 3344 2345 3403 est,
2377 3354 2490 3409 quo
2520 3338 2559 3392 ii
2592 3337 2909 3409 solent,qui
2941 3354 3042 3409 per
3070 3336 3169 3391 iras
3202 3335 3605 3407 impotentiam

1964 3429 2301 3493 caecutiunt,
2353 3433 2429 3492 et,
2490 3432 2553 3481 ut
2612 3427 2870 3499 quidque
2921 3424 3175 3497 primum
3223 3425 3494 3490 occurrit,
3528 3425 3610 3480 ita

1961 3516 2461 3587 illud,quamlibet
2488 3515 2664 3570 etiam
2696 3516 3005 3586 dignum,a
3039 3530 3153 3585 quo
3189 3530 3400 3568 manus
3422 3513 3609 3568 absti-

1960 3611 2232 3673 neantur,
2270 3606 2622 3677 protrudunt
2674 3612 2775 3659 aut
2804 3603 3041 3671 feriunt,
3077 3619 3265 3674 usque
3296 3602 3438 3656 adeo
3470 3607 3609 3657 sunt

1959 3695 2019 3750 in
2051 3696 2199 3750 iram
2234 3694 2578 3766 pracipites.
2604 3692 2819 3747 Verum
2850 3692 2959 3747 hoc
2982 3692 3356 3761 potissimum
3378 3696 3609 3761 tempus

202 3783 273 3838 ad
308 3782 564 3837 nominis
596 3782 991 3837 celebritatem
1024 3786 1081 3837 et
1111 3782 1357 3855 gloriam
1392 3784 1667 3839 idoneum
1700 3784 1811 3839 sibi
1837 3800 1967 3840 esse
1995 3785 2313 3838 arbitratus
2341 3783 2834 3854 (quandoquidem
2869 3781 2987 3835 fere
3019 3782 3101 3847 lit,
3137 3786 3198 3835 ut
3230 3780 3328 3850 qui
3360 3779 3418 3833 in
3452 3778 3608 3834 cala-

202 3872 404 3926 mitate
434 3878 720 3937 versatur,
751 3872 1197 3926 moderatiorem
1231 3887 1293 3926 se
1326 3872 1596 3943 praebeat,
1630 3873 1729 3942 qui
1761 3877 1959 3927 autem
1991 3872 2302 3928 referendis
2346 3871 2572 3938 injurias
2606 3874 2951 3941 potestatem
2984 3873 3189 3923 nactus
3218 3873 3328 3936 est,
3354 3866 3609 3922 insolen-

197 3960 318 4014 tius
348 3976 409 4014 se
441 3962 645 4031 gerat),
678 3965 841 4014 tanta
870 3959 1106 4015 lenitate
1138 3964 1311 4031 atque
1356 3960 1722 4016 humanitate
1770 3977 1863 4015 res
1907 3976 2133 4027 eorum,
2168 3978 2201 4014 a
2230 3961 2446 4030 quibus
2494 3957 2670 4013 laesus
2717 3958 2927 4026 fuerat,
2961 3956 3411 4025 administravit,
3446 3960 3509 4011 ut
3538 3971 3611 4010 ne

198 4047 271 4102 iis
303 4047 541 4118 quidem
575 4047 740 4118 ipsis,
774 4048 823 4102 si
857 4047 966 4103 hoc
995 4048 1110 4101 dici
1143 4054 1353 4119 potest,
1384 4048 1574 4119 ipsius
1603 4048 1827 4103 reditus
1858 4048 2139 4104 molestus
2173 4048 2363 4102 fuerit.

272 4135 401 4191 AA'.
456 4134 709 4209 Καθαίρει
767 4135 860 4207 μέν
911 4155 973 4209 γε
1018 4137 1095 4207 (4)
1144 4136 1206 4188 τὸ
1255 4134 1398 4209 ἱερὸν
1444 4139 1551 4190 τῶν
1578 4136 1848 4205 θεοκαπή-

197 4219 335 4289 λων,
366 4222 455 4275 καὶ
505 4222 957 4297 χριστεμπόρων,
1006 4220 1098 4276 ’ίνα
1146 4222 1237 4277 καὶ
1282 4228 1444 4279 τοῦτο
1473 4228 1583 4278 τῶν
1616 4228 1848 4299 Χριστοῦ

202 4311 535 4382 μιμήσηται·
568 4308 714 4377 πλὴν
755 4309 877 4363 ὅσον
929 4310 991 4364 ού
1034 4310 1359 4388 φραγελλίῳ
1406 4312 1650 4385 πλεκτῷ,
1700 4312 1849 4388 λόγῳ

200 4396 259 4452 δὲ
289 4402 499 4469 πιθανῷ
542 4402 704 4453 τοῦτο
744 4398 1046 4474 ἐργάζεταιο
1098 4400 1460 4456 καταλλάττει
1511 4398 1569 4456 δὶ
1612 4402 1676 4456 τὸ
1723 4421 1849 4456 στα-

271 4542 317 4576 ⁷⁸
338 4543 505 4599 Joan.
539 4558 600 4623 ιι,
636 4543 724 4600 15.

199 4684 330 4751 fert,
382 4685 533 4756 quod
580 4684 904 4755 Theologus
955 4686 1025 4740 ad
1071 4687 1478 4743 Athanasium.
1550 4688 1618 4744 Et
1672 4694 1847 4756 certe,

197 4760 363 4810 tanta
390 4762 513 4810 erat
532 4756 1053 4812 Alexandrinorum
1076 4758 1274 4813 laetitia
1290 4760 1445 4815 circa
1459 4760 1847 4815 Athanasium

197 4828 269 4881 ab
299 4828 895 4904 exsilioredeuntem,
931 4834 994 4883 ut
1023 4847 1138 4885 non
1182 4836 1410 4886 tantum
1461 4832 1609 4887 rami
1648 4840 1847 4904 gesta-

197 4903 529 4975 rent_ur,_aut
562 4900 732 4975 ﬂores
765 4904 1312 4975 spargerentu_r,sed
1342 4904 1517 4957 etiam
1536 4900 1845 4975 quidquid,

194 4970 251 5025 in
281 4970 460 5045 pictis
481 4970 813 5045 tapetibus“
833 4976 889 5026 et
912 4970 1235 5043 istragulis,
1264 4970 1588 5045 pretiosius
1621 4970 1844 5030 ac'maé

193 5042 569 5166 gniﬁcentiiis
599 5047 743 5111 erat,
778 5042 1236 5113 sperneretur,et
1265 5042 1398 5101 ante
1428 5046 1615 5117 ipsius
1647 5048 1845 5118 pedes,

242 5129 439 5166 onoris
472 5129 669 5166 causa.
709 5114 1105 5166 nroiiceretur-
1144 5119 1360 5166 ldnimn
1392 5117 1543 5166 hanc
1565 5118 1845 5166 similitu-

242 5112 669 5185 onoriscausa,
709 5112 1107 5185 projiceretur,
1144 5119 1360 5173 idcirco
1392 5112 1543 5172 hanc
1565 5112 1845 5173 similitu;

193 5184 409 5264 dine.n_
440 5184 592 5264 inter
636 5189 958 5264 utrumque
1009 5184 1188 5264 nectit
1232 5190 1720 5264 Gregoriusrsed
1776 5208 1846 5246 ne

192 5257 313 5333 haec
364 5255 713 5333 similitudo,
747 5257 819 5310 ob
866 5255 1245 5333 reverentiam
1305 5255 1431 5333 quis
1485 5255 1713 5316 Christo
1746 5263 1844 5318 de-

193 5327 808 5405 beturhquorumdam
839 5345 1009 5405 aures
1049 5327 1341 5405 offendere
1386 5337 1602 5405 posset,
1626 5334 1711 5405 ab
1743 5351 1843 5389 au-

192 5396 483 5474 ditorib'us
516 5398 680 5469 petit,
716 5413 786 5452 ne
818 5399 955 5455 talia
1011 5396 1688 5474 proferendofamentiaz
1745 5410 1846 5461 aut

195 5470 450 5524 audaciaa
483 5475 812 5524 accusetur.

232 5540 379 5666 d(94)
430 5540 519 5597 Ili.
574 5541 670 5596 Sic
720 5545 976 5612 quatuor
1026 5544 1202 5619 Regg.
1255 5553 1311 5601 et
1359 5546 1453 5614 Or,
1499 5548 1549 5603 1.
1584 5552 1753 5603 Deest
1783 5548 1842 5603 in

196 5626 382 5757 1⁵0ί95)
418 5680 719 5755 Δημοσίας.
753 5687 839 5737 Ita
878 5700 979 5740 sex
1027 5689 1228 5763 Regg.,
1284 5692 1341 5745 et
1386 5704 1470 5744 or.
1505 5690 1555 5745 1.
1608 5690 1673 5744 In
1721 5689 1838 5757 ed.,

2028 4136 2216 4192 XXXI.
2256 4139 2334 4190 Ac
2362 4133 2647 4206 templum
2699 4134 2936 4205 quidem
2977 4132 3279 4205 sacrilegis
3312 4131 3608 4187 nundina—

1959 4227 2206 4294 toribus,
2238 4224 2428 4294 iisque
2460 4224 2558 4294 qui
2589 4223 2819 4279 Christo
2851 4223 2922 4277 ad
2959 4226 3251 4292 questum
3286 4221 3607 4276 abuteban-

1957 4318 2075 4379 tur,
2109 4317 2406 4385 repurgat,
2468 4313 2523 4367 in
2584 4313 2692 4367 hoc
2751 4327 2983 4382 quoque
3037 4309 3260 4365 scilicet
3306 4310 3605 4365 Christum

1960 4404 2217 4459 referens
2249 4417 2262 4456 :
2299 4401 2411 4457 nisi
2440 4400 2594 4473 quod
2627 4417 2745 4456 non
2775 4404 2931 4455 texto
2976 4397 3207 4470 ﬂagello
3238 4398 3305 4465 π,
3340 4396 3441 4452 sed
3474 4412 3607 4468 pro-

1959 4685 2025 4757 δη
2038 4686 2280 4759 μοσίους.

2028 4751 2143 4831 (96)
2180 4755 2569 4832 .’Exa9lcewo.
2623 4757 2804 4811 Oxon.
2857 4756 3010 4826 apud
3079 4755 3349 4819 Montae.,
3421 4751 3604 4825 ἠρανί-

1961 4829 2139 4899 ζοντο,
2166 4852 2193 4881 ‹‹
2224 4829 2677 4901 ΟΑοΙΙῖεθὶηηίυΓ.
2712 4849 2739 4876 ››

2029 4888 2142 4975 (97)
2172 4888 2516 4954 ἘϐίωῘουο
2548 4899 2749 4975 Begg.,
2782 4897 2985 4975 Chrys.
3016 4902 3071 4955 et
3098 4901 3250 4975 Bas,
3280 4888 3448 4948 ἰδίου.

2029 4963 2145 5043 (98)
2213 4963 2746 5043 Προστησομὲνοῦξζ
2794 4963 2920 5025 ΟΡ.’
2944 4971 2995 5039 1,
3061 4966 3152 5021 τὸν
3220 4963 3596 5042 προστησόμε-

1955 5064 2068 5100 νον.

2028 5118 2137 5188 (99)
2171 5118 2351 5169 Μεῖον.
2386 5114 2527 5188 Reg.
2564 5112 2662 5184 ph,
2700 5115 2905 5183 μεῖζον,
2941 5133 2969 5161 ‹‹

1958 5191 2010 5254 1,
2035 5184 2099 5243 ἐι
2120 5184 2223 5254 ΟΡ,
2262 5188 2309 5250 1,
2342 5184 2615 5238 πλεῖστον.

1994 5234 2010 5261 ⁹
2130 5234 2397 5351 ἐξῶὲὂί
2410 5234 2587 5339 sagi
2604 5234 2694 5351 in)
2704 5253 2798 5309 Or.
2828 5256 2876 5308 1.

2044 5322 2099 5403 2)
2130 5322 2321 5403 τῦχρι-
2356 5328 2623 5399 Quinque
2655 5322 3049 5403 Beas-tim.

2026 5336 2099 5474 (2)
2130 5336 2321 5421 Τύχοι.
2356 5336 2623 5414 Quinque
2656 5336 2858 5418 ftegg”
2886 5336 3049 5451 coxa.

2047 5404 2096 5469 3)
2126 5406 2187 5454 Ει
2220 5398 2333 5453 οἶόν
2364 5419 2421 5452 τε
2450 5417 2829 5482 τουτο-ειπειν.
2861 5398 2954 5452 Sic
3047 5411 3177 5520 (δεῖ
3209 5395 3329 5461 bm,
3364 5392 3463 5463 ph,
3497 5393 3593 5477 OE.

2038 5474 2178 5520 Jas--
2206 5478 2316 5520 etc-
2356 5477 2519 5520 Deest
2544 5490 2588 5520 ev.
2621 5488 2675 5520 In
2710 5470 2800 5520 ed.
2835 5468 3113 5520 Nonnulli
3187 5466 3361 5520 abent
3416 5482 3593 5515 ποιειν

3187 5482 3361 5520 εωθοῑ
3416 5482 3593 5515 ποιειν

3018 5111 3290 5181 majores.
3348 5130 3376 5157 ››
3424 5106 3601 5163 Coisl.

1956 5478 2007 5540 1,
2033 5468 2180 5539 'Jes.,
2206 5478 2317 5527 etc.
2356 5477 2519 5526 Deest
2544 5470 2588 5523 εί
2621 5470 2675 5524 in
2710 5470 2800 5524 ed.
2835 5468 3113 5523 Nonnulli

1954 5562 2057 5618 pro
2080 5543 2270 5618 εἰπεῖν.
2305 5543 2749 5618 Ali_i_0u_iittunt_,
2779 5540 2960 5618 τοῦτοἔ

2026 5617 2099 5689 (4)
2127 5616 2233 5673 Μέν
2267 5634 2348 5689 γε.
2384 5614 2477 5670 Sic
2510 5615 2687 5686 Regg.
2719 5605 2841 5681 bm,
2905 5611 3003 5685 ph.
3064 5612 3127 5669 In
3181 5609 3298 5678 ed.,
3337 5605 3431 5679 μὶν
3465 5605 3590 5681 γάρ.
