4056 6274
213 452 363 517 1121

1134 444 1430 513 ORATIO
1473 446 1835 512 XXI.—IN
1879 446 2206 514 LAUDEM
2254 452 2697 516 ATHANASII.

3468 450 3624 515 1122

210 589 302 644 καὶ
334 588 472 662 ὁρῶν
503 585 530 640 ὁ
564 580 730 645 δεινὸς
769 583 967 646 ἐκεῖνος
1014 582 1424 660 παραλογιστὴς
1466 584 1555 638 καὶ
1599 581 1859 656 διώκτης,
1892 586 1914 653 Α

2019 588 2240 644 octrina
2269 590 2387 645 vim
2432 594 2487 646 et
2521 591 2855 645 facultatem
2889 592 3210 660 superaret.
3240 585 3630 658 Perspiciebat

214 675 339 731 οὐδὲ
371 674 457 730 ἰπὶ
484 678 581 729 τοῦ
610 672 929 747 πλάσματος
962 670 1039 727 ἔτι
1074 672 1220 746 μένει
1268 672 1355 727 καὶ
1404 679 1503 741 τῆς
1546 680 1863 750 σοφιστικῆς

217 763 616 837 ἀνελευθερίας’
671 761 817 817 ἀλλὰ
870 764 969 831 τὴν
1020 761 1280 835 πονηρίαν
1331 764 1659 838 γυμνώσας,
1707 783 1864 840 φανε-

219 859 325 931 ρῶς
378 852 686 929 ὑπερορίζει
733 852 824 906 τὸν
890 850 1057 926 ἄνδρα
1110 859 1211 921 τῆς
1258 850 1513 913 πόλεως.
1565 849 1713 908 Ἔδει
1763 851 1866 928 γὰρ

216 943 360 1019 τρισὶ
413 940 753 1013 παλαίσμασι
805 942 915 1013 (18)
962 940 1054 994 τὸν
1103 938 1357 1016 γεννάδαν
1407 942 1730 1013 νικήσαντα,
1778 962 1867 996 τε-

223 1031 369 1092 λείας
396 1035 585 1105 τυχεῖν
616 1029 705 1083 καὶ
734 1035 833 1097 τῆς
865 1028 1233 1105 ἀναρρήσεως.

1976 677 2130 731 enim
2179 677 2326 733 nihil
2382 680 2492 734 sibi
2526 697 2593 734 ex
2624 680 2749 734 suis
2781 679 2839 733 in
2872 695 2976 734 nos
3023 677 3284 732 consiliis
3334 677 3628 739 accedere,

1977 766 2131 837 quod
2164 766 2447 823 adversus
2477 785 2610 823 eum
2644 770 2700 823 in
2726 768 2847 823 acie
2869 772 3049 822 staret
3071 765 3452 830 Athanasius,
3477 766 3635 834 ejus-

1978 871 2091 925 que
2122 858 2431 912 conatibus
2481 858 2808 914 obsisteret.
2846 858 2907 912 Id
2959 856 3142 921 enim,
3175 854 3330 927 quod
3365 870 3431 909 ex
3464 854 3628 909 Chri-

1978 944 2186 999 stianis
2218 945 2548 1017 decedebat,
2582 946 2891 1019 gentilium
2943 943 3273 1000 accessione
3325 943 3633 1015 ipsiusque

1980 1033 2291 1104 prudentia
2331 1035 2589 1107 quotidie
2632 1035 3037 1106 supplebatur,
3070 1034 3126 1087 id
3159 1034 3313 1103 quod
3346 1048 3486 1087 sane
3518 1032 3633 1086 mi-

226 1123 477 1178 randum
509 1124 650 1175 erat.
682 1119 815 1186 Quae
848 1136 981 1175 cum
1026 1119 1277 1176 callidus
1327 1120 1421 1176 ille
1470 1121 1752 1192 impostor
1800 1124 1856 1175 et
1904 1128 2243 1192 persecutor
2272 1125 2761 1180 animadverteret
2805 1130 2862 1178 et
2906 1126 3187 1186 cerneret,
3223 1137 3295 1175 ne
3325 1137 3635 1192 personam

226 1212 466 1283 quidem
498 1209 722 1264 diutius
770 1209 939 1279 ferre,
971 1226 1038 1264 ac
1088 1210 1411 1280 scphistica
1457 1214 1514 1265 et
1562 1208 1753 1265 servili
1804 1209 2275 1266 dissimulatione
2306 1212 2393 1266 uti
2423 1212 2741 1278 sustinuit;
2771 1227 2972 1265 verum
3028 1210 3209 1264 animi
3259 1209 3639 1289 perversitate

224 1300 473 1363 detecta,
507 1297 698 1368 palam
731 1302 1045 1369 aperteque
1075 1298 1372 1355 hominem
1404 1315 1434 1353 e
1463 1299 1694 1354 civitate
1737 1298 2023 1352 exturbat.
2059 1300 2367 1372 Egregium
2407 1301 2563 1356 enim
2598 1302 2786 1355 virum
2819 1299 3031 1369 triplici
3064 1298 3381 1354 certamine
3408 1298 3643 1355 vincere

228 1388 551 1460 oportebat,
584 1390 649 1440 ut
680 1385 1001 1457 perfectum
1034 1385 1207 1442 etiam
1243 1387 1591 1459 preconium
1625 1390 2102 1457 consequeretur.

300 1475 421 1532 ΛΓ’.
454 1475 658 1549 Μικρὸν
707 1472 769 1527 τὸ
819 1472 869 1527 ἐν
926 1471 1095 1547 μέσῳ,
1142 1474 1232 1529 καὶ
1282 1476 1511 1551 Πέρσαις
1558 1474 1652 1546 μὲν
1681 1476 1716 1542 ἡ
1750 1470 1871 1543 δίκη

232 1563 395 1620 δοῦσα
422 1563 513 1617 τὸν
546 1560 850 1634 ἀλιτήριον,
896 1560 1005 1615 ἐκεῖ
1050 1560 1274 1631 δικάζει·
1307 1563 1396 1619 καὶ
1451 1562 1676 1638 βασιλέα
1724 1561 1879 1641 φιλό-

228 1675 390 1727 τιμον
441 1651 883 1726 παραπέμψασα,
933 1653 1119 1727 νεκρὸν
1175 1652 1444 1729 ἐπανάγει,
1500 1651 1640 1726 μηδὲ
1688 1651 1879 1707 ἐλεού-

236 1762 417 1817 μενονο
454 1741 529 1803 ὡς
580 1738 637 1796 δὲ
691 1740 801 1816 ἐγώ
846 1741 993 1802 τινός
1045 1762 1128 1796 σοι
1179 1744 1291 1816 (19)
1335 1740 1563 1814 ἤκουσα,
1613 1738 1754 1816 μηδὲ
1801 1743 1880 1813 τῷ

230 1852 387 1909 ταφῳ
438 1824 1020 1913 προσλαμϐανόμενον,
1079 1828 1206 1885 ἀλλ’
1264 1831 1366 1886 ὑπὸ
1421 1834 1522 1899 τῆς
1577 1828 1878 1898 σεισθείσης

2057 1476 2299 1532 XXXIII.
2359 1476 2482 1533 Non
2542 1476 2798 1533 multum
2857 1476 3139 1547 temporis
3206 1475 3640 1540 intercesserat,

1987 1581 2122 1619 cum
2165 1565 2417 1637 impium
2469 1565 2637 1621 illum
2688 1571 2745 1619 et
2795 1563 3146 1635 sacrilegum
3181 1564 3251 1618 ad
3305 1568 3510 1618 Persas
3558 1561 3645 1617 vis

1988 1653 2251 1709 numinis
2283 1654 2460 1710 ultrix
2490 1654 2740 1726 ablegat.
2775 1652 3009 1721 illicque
3041 1668 3281 1707 causam
3314 1651 3640 1722 disceptet:

1987 1747 2045 1797 et
2076 1759 2245 1810 quem
2280 1743 2660 1815 magniﬁcum
2688 1749 2743 1800 et
2768 1741 3009 1798 honoris
3042 1740 3361 1812 cupiditate
3392 1740 3645 1811 ﬂagran-

1989 1833 2109 1886 tem
2172 1832 2616 1903 transmiserat,
2684 1832 2957 1887 eumdem
3026 1835 3328 1885 mortuum
3395 1820 3645 1893 reducit,

236 1917 305 1975 δι’
332 1920 491 1974 αὐτὸν
520 1924 623 1993 γῆς
656 1904 1043 1990 ἀποσειόμενον
1094 1918 1183 1973 καὶ
1232 1914 1721 1995 άναϐρασσόμενον·
1754 1936 1886 1992 προ-

2012 1919 2147 1975 I08
2180 1935 2251 1975 ne
2290 1920 2667 1975 miseratione
2716 1920 2956 1990 quidem
3001 1934 3360 1990 quemquam
3414 1932 3643 1988 permo-

238 2008 440 2081 οίμιον,
490 2008 665 2078 οἶμαι,
712 2012 811 2076 τῆς
861 2007 1057 2070 ἐκεῖθεν
1103 2006 1416 2069 κολάσεως.
1474 2008 1777 2064 Ἀνίσταται
1829 2005 1887 2061 δὲ

244 2096 496 2172 βασιλεὺς
528 2092 711 2168 ἕτερος
740 2098 875 2167 (20),
926 2095 1024 2149 οὐκ
1066 2094 1290 2164 ἀναιδὴς
1336 2101 1415 2168 τῷ
1443 2098 1724 2169 προσώπῳ
1754 2096 1888 2149 κατὰ

238 2188 328 2240 τὸν
357 2186 773 2259 προειρημένον,
808 2181 933 2238 οὐδὲ
978 2189 1094 2247 τοῖς
1142 2191 1406 2260 πονηροῖς
1438 2184 1615 2260 ἔργοις
1657 2184 1745 2239 καὶ
1778 2184 1889 2239 ἐπι-

240 2274 454 2336 στάταις
504 2268 772 2337 ἐκθλίϐων
824 2272 914 2327 τὸν
967 2271 1390 2349 ’1σραήλ,ἀλλὰ
1438 2274 1527 2327 καὶ
1582 2271 1699 2328 λίαν
1744 2272 1887 2327 εὐσε-

240 2359 344 2433 ϐής
373 2384 430 2417 τε
459 2363 549 2416 καὶ
588 2360 816 2437 ἥμερος·
867 2362 948 2430 ὃς,
995 2359 1088 2415 ’ίνα
1131 2362 1353 2437 ἀρίστην
1402 2365 1573 2434 ἑαυτῷ
1621 2364 1889 2431 καταστή-

242 2473 403 2521 σηται
433 2452 547 2521 (21)
593 2450 692 2518 τὴν
743 2456 843 2519 τῆς
897 2448 1173 2524 βασιλείας
1218 2449 1480 2525 κρηπῖδα,
1510 2451 1599 2506 καὶ
1648 2450 1766 2505 ὅθεν
1812 2449 1893 2506 δεῖ

240 2542 377 2613 (22),
408 2547 510 2609 τῆς
544 2537 799 2611 εὐνομίας
833 2539 1080 2613 ἄρξηται,
1115 2537 1234 2593 Λύει
1268 2542 1361 2612 μὲν
1411 2545 1526 2601 τοῖς
1575 2539 1890 2602 ἐπισκόποις

242 2628 342 2695 τὴν
392 2626 621 2702 ἐξορίαν,
670 2632 787 2682 τοῖς
832 2648 891 2681 τε
939 2625 1132 2690 ἄλλοις
1181 2628 1367 2697 ἅπασι,
1396 2629 1487 2684 καὶ
1530 2630 1635 2706 πρὸ
1677 2631 1890 2684 πάντων

244 2716 325 2787 τῷ
358 2716 463 2790 πρὸ
494 2716 708 2769 πάντων
738 2716 837 2785 τὴν
868 2716 1088 2791 ἀρετὴν,
1137 2718 1227 2772 καὶ
1274 2715 1575 2793 προδήλως
1762 2719 1893 2793 ὑπὲρ

245 2811 344 2873 τῆς
379 2799 648 2867 εὐσεϐείας
680 2804 1068 2877 πολεμηθέντι.
1120 2812 1279 2877 Ζητεῖ
1327 2805 1384 2862 δὶ
1433 2814 1533 2876 τῆς
1581 2809 1700 2871 καθ’
1746 2810 1895 2881 ἡμᾶς

258 2891 488 2954 πίστεως
541 2894 639 2961 τήν
706 2892 1003 2965 ἀλήθειαν,
1039 2895 1141 2949 ὑπὸ
1200 2894 1426 2949 πολλῶν
1486 2893 1893 2950 διασπασθεῖσαν

251 2981 339 3035 καὶ
389 2984 779 3057 συγχυθεῖσαν,
830 2983 920 3036 καὶ
970 2982 1047 3044 εἷς
1096 2982 1309 3045 πολλὰς
1360 2981 1513 3054 δόξας
1560 2985 1649 3039 καὶ
1704 2984 1898 3058 μοίρας

250 3068 639 3143 νενεμημᾶνηψ
702 3070 840 3124 ὥστε
899 3070 1135 3143 μάλιστα
1196 3073 1289 3144 μὲν
1345 3073 1435 3126 τὸν
1482 3072 1688 3144 κόσμον
1744 3073 1897 3141 ὅλον,

250 3158 295 3213 εἰ
328 3155 441 3213 οἷόν
468 3180 546 3231 τε,
580 3166 934 3236 συμφωνῆσαι
965 3162 1096 3233 (24),
1128 3160 1217 3214 καὶ
1266 3160 1339 3222 εἷς
1368 3160 1422 3215 ’ἐν
1457 3160 1631 3224 ἐλθεῖν
1678 3161 1746 3235 τῇ
1780 3183 1899 3217 συν-

1994 2014 2223 2065 ventem
2258 2026 2270 2063 :
2307 2010 2446 2078 imo,
2474 2014 2538 2064 ut
2578 2008 2723 2063 mihi
2771 2007 3068 2079 quispiam
3126 2005 3401 2072 narravit,
3435 2022 3541 2060 nec
3573 2004 3646 2060 ad

1996 2098 2359 2169 sepulturam
2412 2103 2809 2168 assumptum,
2852 2098 2951 2151 sed
3002 2113 3035 2151 a
3084 2104 3253 2163 terra,
3283 2112 3409 2164 qua
3460 2093 3650 2165 ipsius

1998 2204 2176 2241 causa
2196 2189 2428 2241 turbata
2450 2188 2656 2253 fuerat,
2681 2202 3015 2251 excussum,
3042 2190 3301 2253 aestuque
3323 2181 3651 2237 vehementi

1999 2277 2319 2347 projectum
2348 2291 2360 2330 :
2387 2275 2774 2346 insequentis,
2799 2278 2864 2328 ut
2886 2274 3113 2344 opinor,
3137 2270 3409 2344 supplicii
3445 2270 3651 2342 praelu-

1999 2365 2186 2419 dium.
2220 2365 2421 2437 Surgit
2449 2369 2644 2419 autem
2678 2363 2825 2418 alter
2854 2362 3193 2434 imperator,
3227 2360 3372 2415 facie
3403 2359 3649 2414 minime

2002 2453 2337 2524 impudens,
2370 2453 2869 2523 quemadmodum
2919 2451 2989 2515 is,
3022 2451 3093 2505 de
3136 2465 3251 2521 quo
3300 2454 3436 2503 ante
3473 2448 3651 2503 verba

2002 2542 2271 2605 fecimus,
2305 2558 2409 2597 nec
2460 2541 2648 2612 pravis
2680 2539 2955 2612 operibus
2985 2544 3041 2594 et
3070 2554 3312 2609 operum
3365 2534 3651 2608 praefectis

2006 2631 2275 2686 Israelem
2296 2631 2657 2702 opprimens,
2673 2630 2772 2684 sed
2794 2630 2943 2683 mira
2964 2627 3177 2699 pietate
3196 2626 3495 2697 animique
3516 2623 3657 2680 leni-

2005 2726 2123 2775 tate
2141 2719 2419 2791 praeditus
2436 2736 2449 2785 ;
2469 2718 2665 2790 qui,ut
2681 2717 3144 2790 pulcherrimum
3167 2714 3397 2787 imperii
3417 2714 3508 2769 sui
3530 2714 3658 2768 fun-

2006 2810 2348 2863 damentum
2380 2810 2621 2879 jaceret,
2656 2813 2986 2876 rectamque
3031 2804 3229 2876 legum
3270 2802 3655 2869 sanctionem,

2007 2898 2164 2952 unde
2207 2897 2610 2963 conveniebat,
2648 2895 3068 2964 auspicaretur,
3104 2909 3236 2947 cum
3272 2908 3477 2945 omnes
3508 2890 3654 2945 alios

2007 2986 2332 3057 episcopos,
2355 2990 2481 3040 tum
2512 3001 2646 3040 eum
2681 2990 2815 3038 ante
2858 2998 3084 3046 omnes,
3108 2981 3209 3052 qui
3240 2980 3515 3036 omnibus
3536 2979 3652 3033 vir-

2007 3079 2132 3130 tute
2164 3075 2496 3146 przestabat,
2520 3090 2584 3127 ac
2608 3074 2753 3128 citra
2773 3070 3196 3126 dubitationem
3219 3068 3398 3123 ullam
3424 3068 3657 3139 pietatis

2010 3180 2189 3218 causa
2219 3167 2591 3234 oppugnatus
2633 3161 2840 3227 fuerat,
2874 3162 2944 3215 ab
2976 3158 3178 3214 exsilio
3223 3163 3471 3213 revocat.
3506 3157 3657 3222 Quin

257 3247 407 3323 εργίᾳ
451 3252 547 3300 τοῦ
589 3247 926 3317 ΙΙνεύματος·
964 3247 1008 3300 εἰ
1063 3245 1119 3301 δὲ
1163 3248 1246 3314 οὒ,
1299 3247 1424 3303 ἀλλ’
1479 3250 1636 3304 αὐτόν
1686 3254 1799 3323 (25)
1838 3272 1901 3325 γε

2012 3253 2186 3307 etiam
2222 3252 2353 3306 fidei
2389 3256 2601 3306 nostras
2625 3252 2931 3305 veritatem
2963 3265 2997 3302 a
3027 3246 3228 3301 multis
3256 3245 3571 3302 laceratam
3606 3250 3663 3302 et

260 3335 394 3408 μετὰ
439 3337 536 3404 τῆς
591 3334 879 3408 βελτίστης
920 3335 1182 3410 γενέσθαι,
1234 3337 1450 3413 κάκείνῃ
1494 3346 1791 3414 παρασχεῖν
1838 3340 1901 3393 τὸ

2012 3342 2430 3415 perturbatam,
2463 3344 2640 3410 atque
2671 3339 2732 3393 in
2765 3342 3066 3393 sexcentas
3099 3334 3405 3406 opiniones
3437 3340 3663 3407 partes-

255 3424 475 3499 κράτος,
509 3422 597 3477 καὶ
628 3424 754 3499 παρ’
784 3422 994 3493 ἐκείνης
1032 3421 1366 3497 ἀντιλαϐεῖν,
1414 3426 1535 3482 λίαν
1586 3427 1814 3501 ὑψήλῶς
1844 3449 1903 3483 τε

257 3512 347 3566 καὶ
400 3510 834 3587 μεγαλοπρεπῶς
884 3533 1005 3587 περι
1049 3518 1156 3569 τῶν
1190 3514 1456 3590 μεγίστων
1493 3515 1900 3591 διανοούμενος.

260 3601 425 3654 Ἔνθα
456 3598 521 3670 δὴ
572 3600 661 3655 καὶ
710 3599 947 3673 μάλιστα
995 3599 1268 3679 διεδείχθη
1319 3610 1415 3659 τοῦ
1458 3603 1648 3681 ἀνδρὸς
1677 3609 1712 3676 ἡ
1744 3608 1903 3662 καθα-

263 3688 449 3763 ρότης,
503 3689 592 3743 καὶ
639 3690 701 3744 τὸ
757 3691 1039 3767 στερέωμα
1095 3700 1197 3761 τῆς
1246 3693 1320 3755 εἷς
1374 3695 1599 3768 Χριστὸν
1646 3695 1902 3759 πίστεως.

261 3782 374 3831 Τῶν
403 3778 506 3852 γάρ
540 3776 723 3832 ἄλλων
756 3779 1023 3845 ἁπάντων,
1058 3782 1175 3836 ὅσοι
1226 3788 1323 3837 τοῦ
1372 3786 1489 3838 καθ’
1535 3788 1681 3857 ἡμᾶς
1714 3785 1901 3863 λόγου,

256 3870 425 3939 τριχῆ
458 3865 859 3936 νενεμημένων,
891 3868 979 3921 καὶ
1021 3868 1246 3924 πολλῶν
1298 3872 1393 3943 μὲν
1441 3867 1609 3927 ὄντων
1641 3878 1748 3928 τῶν
1781 3874 1903 3949 περὶ

255 3953 347 4006 τὸν
408 3953 528 4005 Υὶὸν
577 3952 1019 4028 ἀῤῥωστούντων,
1077 3956 1347 4013 πλειόνων
1410 3957 1467 4013 δὲ
1519 3965 1626 4015 τῶν
1667 3962 1790 4037 περὶ
1839 3962 1903 4017 τὸ

260 4045 481 4112 Πνεῦμα
534 4042 595 4095 τὸ
644 4041 832 4116 ἅγιον,
886 4041 1009 4107 ἔνθα
1064 4044 1153 4099 καὶ
1200 4047 1263 4101 τὸ
1480 4052 1639 4118 ἦττον
1698 4045 1905 4105 ἀσεϐεῖν

262 4124 501 4183 εὐσέϐεια
532 4128 813 4202 ἐνομίσθη,
843 4130 1038 4206 ὀλίγου
1070 4136 1184 4207 (27)
1229 4133 1286 4190 δὲ
1328 4141 1435 4190 τῶν
1482 4140 1598 4193 κατ’
1628 4139 1908 4216 ἀμφότερα

264 4218 615 4291 ὑγιαίνοντος·
652 4226 867 4294 πρῶτος
900 4222 989 4275 καὶ
1023 4223 1209 4294 μόνος,
1242 4225 1276 4293 ἢ
1308 4224 1512 4296 κομιδῆ
1550 4226 1639 4281 σὺν
1697 4228 1907 4305 ὀλίγοις

265 4306 559 4378 ἀποτολμᾷ
606 4309 705 4375 τὴν
756 4307 1013 4379 ἀλήθειαν
1065 4318 1249 4390 σαφῶς
1296 4315 1496 4370 οὕτωσί
1542 4317 1631 4371 xui
1679 4315 1910 4394 διαρρή-

264 4392 386 4464 δην,
436 4400 541 4448 τῶν
590 4398 751 4470 τριῶν
806 4398 930 4470 μίαν
980 4401 1206 4471 θεότητα
1252 4403 1341 4457 καὶ
1392 4404 1571 4459 οὐσίαν
1620 4392 1906 4483 ἐγγράφως

264 4483 620 4557 ὁμολογήσας
651 4490 788 4557 (28)·
822 4488 911 4541 καί
946 4489 973 4543 ὃ
1002 4494 1081 4561 τῷ
1110 4490 1307 4563 πολλῷ
1336 4497 1441 4547 τῶν
1494 4495 1747 4572 ΙΙατέρων
1789 4499 1909 4572 ἀρι-

266 4574 390 4645 θμῷ
419 4575 532 4646 (29)
571 4575 694 4649 περὶ
742 4576 833 4630 τὸν
885 4578 1005 4632 ne»
1058 4578 1317 4656 ἐχαρίσθη
1378 4583 1643 4658 πρότερον
1678 4630 1693 4657 ,
1747 4591 1910 4642 τοῦτο
1941 4574 1987 4639 D

342 4771 449 4852 (18)
495 4772 644 4852 Τρισὶ
702 4772 1063 4852 παλαίσμασι.
1123 4801 1167 4852 ιι
1203 4780 1436 4851 Triplici
1498 4783 1836 4841 certamine.
1889 4807 1917 4836 ἡ

269 4843 619 4924 Triasubiit
663 4848 865 4924 exsilia
896 4843 1269 4924 Athanasius.
1304 4843 1590 4924 Primum,
1625 4858 1736 4911 sub
1768 4861 1917 4912 Con-

268 4916 566 5041 ἓξῇρὲὲιέω
601 4920 949 4986 secundum,
972 4923 1081 4976 sub
1112 4923 1488 4993 Constantio;
1517 4916 1775 4998 tertium,
1808 4930 1918 4985 sub

273 5056 455 5182 bu(sit?)
487 5062 604 5116 Σοι.
642 5064 810 5117 Deest
839 5062 899 5117 in
938 5063 1109 5121 Coisl.
1145 5064 1196 5137 1,
1242 5065 1336 5122 0r.
1371 5067 1423 5138 1,
1456 5066 1706 5141 aliisque
1735 5070 1917 5142 pluri-

275 5198 749 5325 vi£:%)8f3°;m>“i’4
812 5200 1013 5280 ἕτερος.
1074 5207 1268 5263 Schol.
1319 5226 1331 5264 ε
1392 5203 1676 5279 Ἰοὸιανός,
1740 5236 1766 5264 (ο
1815 5214 1918 5270 ,Ιο-

345 5340 457 5411 (21)
491 5346 922 5421 Καταστήσηται.
994 5350 1088 5421 Sic
1154 5351 1388 5421 optimae
1456 5358 1601 5409 nota:
1669 5356 1919 5413 codices.

277 5410 437 5535 £1:ngEl
467 5430 521 5481 a,
578 5410 905 5492 καταστήσῃ.
961 5420 1073 5475 Alii
1118 5410 1251 5477 cuin
1305 5424 1499 5492 editis,
1539 5410 1920 5500 προκαταστήέ

334 5518 457 5551 ’νυ-ἰν·

286 5556 727 5696 Ιοξζὲηίδὲᾒὸἱο
757 5560 955 5632 plures
987 5563 1190 5635 Regg.,
1223 5564 1335 5620 duo
1365 5566 1563 5634 Coisl.,
1614 5574 1671 5625 et
1717 5574 1810 5626 Or.
1868 5571 1919 5626 1.

344 5699 467 5846 (23)
499 5696 829 5776 Προδήλως.
864 5704 1016 5770 Pan,
1046 5702 1365 5779 προθύμως.

366 5769 433 5825 24
486 5768 550 5825 Εἰ
612 5770 730 5827 οἶόν
789 5794 868 5846 τε,
928 5782 1310 5846 συμφωνῆσαι.
1370 5779 1423 5837 Si

366 5768 458 5846 24)
486 5768 564 5825 Εἴ
612 5768 730 5827 οἷόν
789 5794 868 5851 τε,
928 5768 1310 5859 συμφωνῆσαι.
1370 5779 1460 5838 Sic
1520 5780 1697 5861 Regg.
1760 5802 1816 5862 ι,
1870 5801 1923 5860 ο,

2012 3446 2127 3501 que
2172 3428 2536 3494 distractam,
2570 3426 2795 3497 quaerit,
2832 3429 2897 3479 ut
2945 3422 3196 3478 maxime
3240 3422 3480 3494 quidem
3533 3421 3664 3476 uni-

2009 3534 2217 3573 versus
2248 3516 2428 3584 orbis,
2462 3516 2510 3570 si
2546 3516 2670 3571 ﬁeri
2720 3519 2934 3586 posset,
2967 3513 3026 3567 in
3061 3511 3196 3566 ﬁdei
3244 3511 3475 3583 negotio
3523 3527 3662 3566 con-

2014 3606 2274 3674 sentiret,
2308 3604 2677 3676 Spiritusque
2708 3604 2926 3658 auxilio
2968 3602 3026 3656 in
3070 3617 3253 3655 unum
3305 3600 3527 3654 coiret:
3561 3594 3651 3655 sin

2015 3698 2233 3759 minus,
2265 3695 2391 3766 ipse
2440 3698 2595 3749 certe
2638 3693 2871 3765 optimae
2924 3690 3072 3761 parti
3122 3705 3250 3743 sese
3292 3687 3657 3759 adjungeret,

2015 3783 2310 3853 simulque
2330 3787 2386 3837 et
2414 3784 2466 3837 ei
2489 3783 2668 3837 robur
2693 3781 2940 3847 all'erret,
2964 3785 3021 3833 et
3041 3778 3111 3832 ab
3133 3794 3200 3832 ea
3218 3776 3476 3831 vicissim
3509 3778 3663 3832 acci-

2015 3879 2195 3944 peret,
2218 3871 2441 3927 excelse
2463 3869 2639 3925 simul
2672 3874 2728 3923 et
2758 3868 3065 3940 magniﬁce
3087 3867 3157 3921 de
3185 3866 3357 3920 rebus
3392 3866 3665 3921 maximis

2016 3962 2281 4033 cogitans
2334 3962 2521 4029 Atque
2553 3958 2645 4012 hic
2693 3956 3067 4029 potissimum
3100 3953 3458 4009 Athanasius
3506 3954 3668 4025 puri-

2017 4051 2155 4105 tatis
2188 4066 2308 4103 suae
2339 4048 2590 4116 fideique
2624 4047 2681 4099 in
2716 4045 3009 4100 Christum
3045 4043 3226 4097 ﬁrmas
3256 4047 3313 4097 et
3343 4042 3670 4097 constantis

2018 4139 2313 4210 specimen
2339 4136 2537 4190 edidit.
2555 4135 2698 4189 Nam
2724 4150 2856 4188 cum
2884 4133 3072 4207 caeteri
3097 4131 3440 4202 omnes,qui
3463 4129 3673 4186 doctri-

2018 4244 2153 4282 nam
2186 4230 2442 4280 nostram
2473 4224 2921 4295 proﬁtebantur,
2944 4221 3229 4275 trifariam
3255 4220 3425 4274 divisi
3450 4223 3668 4286 essent,

2020 4333 2086 4372 ac
2118 4315 2285 4370 multi
2321 4315 2475 4368 circa
2506 4312 2740 4379 Filium,
2766 4310 2965 4382 plures
2990 4310 3164 4365 etiam
3197 4309 3351 4363 circa
3381 4308 3668 4379 Spiritum

2021 4412 2291 4461 sanctum
2326 4419 2538 4476 mgram
2587 4402 2762 4455 ﬁdem
2814 4400 3095 4455 haberent
3124 4398 3222 4468 (ibi
3255 4396 3435 4452 levior
3462 4396 3671 4468 impie-

2020 4502 2111 4553 tas
2177 4494 2409 4565 pietatis
2477 4490 2809 4562 opinionem
2888 4488 3164 4559 ferebat),
3234 4487 3403 4559 pauci
3473 4490 3670 4563 autem

2020 4584 2299 4655 utrinque
2330 4580 2457 4636 sani
2502 4584 2559 4634 et
2601 4578 2929 4633 incolumes
2980 4582 3199 4644 essent,
3232 4574 3459 4647 primus
3488 4573 3588 4629 ille
3616 4578 3677 4629 et

2029 4785 2087 4849 d,
2137 4780 2231 4837 Or.
2282 4779 2331 4848 1,
2386 4778 2529 4842 Jes.,
2581 4780 2714 4843 etc.,
2760 4792 2891 4831 cum
2922 4774 3021 4829 illo
3050 4777 3280 4829 tantum
3313 4770 3675 4849 discrimin_e,

2030 4842 2204 4927 quod,
2258 4842 2386 4927 pro_
2420 4850 2798 4927 συμφωνῆσαι,
2851 4849 3125 4927 habeant,
3178 4849 3577 4917 συμφρονῆσαι.
3610 4842 3675 4898 In

2028 4918 2316 5011 έειμςςθξε
2344 4918 2414 5011 ιέρ
2445 4918 2513 5005 et.
2534 4918 2642 5011 ira
2661 4939 2741 5011 ss.
2775 4920 3011 5011 1983‘“;

2100 4996 2213 5121 (25)
2243 4991 2305 5046 Ei
2357 4984 2414 5044 δέ
2462 4984 2553 5061 οὓς
2585 4984 2938 5072 ἀλλ”αὖίῖόι
2973 4984 3151 5061 Regg.
3184 4986 3304 5068 bin,
3340 4984 3439 5057 ph,
3474 4984 3675 5073 decem

2029 5060 2422 5158 (,Jp‘b.,,oz_6!t6<.
2457 5066 2522 5120 In
2552 5065 2642 5119 ed.
2678 5066 2733 5119 et
2775 5061 3129 5135 quibusdam
3169 5057 3321 5128 aliis,
3371 5055 3415 5109 si
3466 5050 3493 5109 δ
3562 5072 3675 5124 ουν,

2030 5134 2462 5282 ἀλὲὸῗυῖἓῗέἰο
2495 5210 2746 5278 quatuor
2777 5206 2955 5331 Regg.
2994 5206 3161 5260 Deest
3188 5198 3251 5254 τό
3282 5199 3341 5253 in
3372 5197 3464 5254 ed.

2101 5283 2215 5331 (27)
2248 5275 2492 5331 Ὀλίγου.
2525 5283 2635 5331 etc.
2676 5277 2809 5331 Alii.
2893 5277 3062 5331 λίγων
3110 5270 3167 5329 δὲ
3212 5274 3319 5324 τῶν
3350 5312 3362 5325 .
3391 5310 3402 5322 .
3430 5312 3441 5323 .
3504 5265 3522 5320 ί

2101 5270 2215 5349 (27)
2248 5270 2635 5361 Ὀλίγρυξθῖο.
2676 5277 2809 5346 Alii,
2859 5270 3062 5349 ὀλίγων
3110 5270 3167 5329 δὲ
3212 5274 3319 5324 τῶν
3350 5312 3362 5325 .
3391 5310 3402 5322 .
3430 5312 3441 5323 .
3504 5270 3684 5340 ὑγιαι-

2030 5352 2255 5407 νόντων.
2304 5348 2439 5422 Alli,
2492 5345 2682 5422 ὀλίγου
2741 5346 2798 5403 δὲ
2852 5354 2948 5404 τοῦ
3001 5344 3355 5422 ὑγιαίνοντος.
3396 5340 3683 5396 Neutrum

2032 5424 2302 5495 dieplicet
2351 5420 2730 5495 Co_mbelisio._
2843 5492 2851 5495 Α
3015 5420 3054 5495 _‘
3119 5488 3129 5495 _
3184 5490 3192 5495 ι
3464 5482 3479 5495 ,
3553 5480 3563 5491 ,

2105 5480 2214 5566 (28)
2246 5491 2557 5566 Ἐγγράφως
2602 5489 2975 5566 ὁμολογήσας.
3009 5488 3306 5566 Scriptum
3340 5482 3493 5566 illud.
3514 5480 3681 5534 vide-

2031 5554 2131 5623 tur
2176 5554 2649 5635 esse's'yn'odica'
2682 5554 2937 5635 Epist'ola
2983 5565 3052 5618 ad
3097 5554 3428 5621 Jovianum,
3462 5554 3534 5608 de
3564 5568 3683 5623 qua

2031 5639 2452 5708 Theodoretus,
2484 5637 2646 5702 Ηὶδι.,
2694 5637 2793 5708 lib.
2829 5653 2986 5708 1v,_c.
3019 5636 3106 5708 3.“
3192 5698 3234 5708 __
3385 5698 3399 5708 _
3490 5697 3529 5708 ,λ
3579 5698 3588 5708 ,
3630 5693 3645 5708 ,

2106 5710 2218 5781 (29)
2248 5697 2589 5782 Μαλλῷ-τῶν
2618 5697 3144 5782 ῌατὲρωνάριθ-μῷ..
3190 5698 3320 5756 Hac
3368 5698 3440 5757 de
3490 5697 3680 5754 Patri-

2034 5768 2148 5841 bu‘s
2177 5768 2410 5840 concilii
2426 5768 2658 5838 'Nicaeni
2687 5768 2963 5857 intelligit
2991 5768 3242 5835 Nicetes.
