  <div class='ocr_page' id='page_1' title='image "/cluster/home/n/w/nwhite01/storage/ocr_20150623/35/mdp.39015012934389/569.png"; bbox 0 0 4056 6274; ppageno 0'>
   <div class='ocr_carea' id='block_1_1' title="bbox 476 356 3887 451">
    <p class='ocr_par' dir='ltr' id='par_1_1' title="bbox 476 356 3887 451">
     <span class='ocr_line' id='line_1_1' title="bbox 476 356 3887 451; baseline 0.003 -26"><span class='ocrx_word' id='word_1_1' title='bbox 476 360 630 426; x_wconf 74' lang='lat'>“23</span> <span class='ocrx_word' id='word_1_2' title='bbox 1717 360 1782 424; x_wconf 87' lang='lat' dir='ltr'>s.</span> <span class='ocrx_word' id='word_1_3' title='bbox 1830 356 2203 425; x_wconf 78' lang='lat' dir='ltr'>GHEGORII</span> <span class='ocrx_word' id='word_1_4' title='bbox 2248 363 2638 427; x_wconf 84' lang='lat' dir='ltr'>THEOLOGI</span> <span class='ocrx_word' id='word_1_5' title='bbox 3734 385 3887 451; x_wconf 64' lang='grc' dir='ltr'>ιω</span> 
     </span>
    </p>
   </div>
   <div class='ocr_carea' id='block_1_2' title="bbox 469 494 2085 581">
    <p class='ocr_par' dir='ltr' id='par_1_2' title="bbox 469 494 2085 568">
     <span class='ocr_line' id='line_1_2' title="bbox 469 494 2085 568; baseline -0.001 -17"><span class='ocrx_word' id='word_1_6' title='bbox 469 496 652 566; x_wconf 88' lang='lat' dir='ltr'>solus,</span> <span class='ocrx_word' id='word_1_7' title='bbox 684 502 785 552; x_wconf 89' lang='lat' dir='ltr'>aut</span> <span class='ocrx_word' id='word_1_8' title='bbox 814 513 945 555; x_wconf 91' lang='lat' dir='ltr'>cum</span> <span class='ocrx_word' id='word_1_9' title='bbox 978 496 1293 553; x_wconf 88' lang='lat' dir='ltr'>admodum</span> <span class='ocrx_word' id='word_1_10' title='bbox 1328 496 1552 568; x_wconf 89' lang='lat' dir='ltr'>paucis,</span> <span class='ocrx_word' id='word_1_11' title='bbox 1583 494 1886 551; x_wconf 76' lang='lat' dir='ltr'>veritatem</span> <span class='ocrx_word' id='word_1_12' title='bbox 1919 494 2085 566; x_wconf 87' lang='lat' dir='ltr'>palan</span> 
     </span>
    </p>
   </div>
   <div class='ocr_carea' id='block_1_3' title="bbox 2195 494 3889 581">
    <p class='ocr_par' dir='ltr' id='par_1_3' title="bbox 2195 494 3889 581">
     <span class='ocr_line' id='line_1_3' title="bbox 2195 494 3889 581; baseline 0.01 -32"><span class='ocrx_word' id='word_1_13' title='bbox 2195 494 2353 572; x_wconf 75' lang='lat' dir='ltr'>_mpi</span> <span class='ocrx_word' id='word_1_14' title='bbox 2402 501 2503 551; x_wconf 81' lang='grc' dir='ltr'>τοῦ</span> <span class='ocrx_word' id='word_1_15' title='bbox 2552 498 2711 571; x_wconf 81' lang='grc' dir='ltr'>ἁγίου</span> <span class='ocrx_word' id='word_1_16' title='bbox 2757 498 3071 574; x_wconf 77' lang='grc' dir='ltr'>ῐΙνεόματος</span> <span class='ocrx_word' id='word_1_17' title='bbox 3122 503 3281 568; x_wconf 82' lang='grc' dir='ltr'>αὐτὸς</span> <span class='ocrx_word' id='word_1_18' title='bbox 3334 507 3689 581; x_wconf 74' lang='grc' dir='ltr'>έμπνευσθεὶς</span> <span class='ocrx_word' id='word_1_19' title='bbox 3731 518 3889 575; x_wconf 70' lang='grc' dir='ltr'>ὅστε-</span> 
     </span>
    </p>
   </div>
   <div class='ocr_carea' id='block_1_4' title="bbox 469 584 2085 677">
    <p class='ocr_par' dir='ltr' id='par_1_4' title="bbox 469 584 2085 658">
     <span class='ocr_line' id='line_1_4' title="bbox 469 584 2085 658; baseline -0.001 -19"><span class='ocrx_word' id='word_1_20' title='bbox 469 589 804 658; x_wconf 81' lang='lat' dir='ltr'>apertisque</span> <span class='ocrx_word' id='word_1_21' title='bbox 831 587 1023 641; x_wconf 84' lang='lat' dir='ltr'>verbis</span> <span class='ocrx_word' id='word_1_22' title='bbox 1054 587 1431 658; x_wconf 78' lang='lat' dir='ltr'>promulgare</span> <span class='ocrx_word' id='word_1_23' title='bbox 1461 603 1576 640; x_wconf 88' lang='lat' dir='ltr'>non</span> <span class='ocrx_word' id='word_1_24' title='bbox 1608 584 1916 653; x_wconf 80' lang='lat' dir='ltr'>dubitavit,</span> <span class='ocrx_word' id='word_1_25' title='bbox 1943 600 2085 639; x_wconf 68' lang='lat' dir='ltr'>una:</span> 
     </span>
    </p>
   </div>
   <div class='ocr_carea' id='block_1_5' title="bbox 2195 584 3887 677">
    <p class='ocr_par' dir='ltr' id='par_1_5' title="bbox 2235 584 3887 677">
     <span class='ocr_line' id='line_1_5' title="bbox 2235 584 3887 677; baseline 0.016 -41"><span class='ocrx_word' id='word_1_26' title='bbox 2235 586 2506 677; x_wconf 53' lang='lat' dir='ltr'>pov,_</span> <span class='ocrx_word' id='word_1_27' title='bbox 2556 584 2731 660; x_wconf 77' lang='grc' dir='ltr'>δῶρον</span> <span class='ocrx_word' id='word_1_28' title='bbox 2779 589 3057 664; x_wconf 82' lang='grc' dir='ltr'>βασιλικὸν</span> <span class='ocrx_word' id='word_1_29' title='bbox 3107 589 3283 657; x_wconf 74' lang='grc' dir='ltr'>ὅντως</span> <span class='ocrx_word' id='word_1_30' title='bbox 3330 598 3419 651; x_wconf 80' lang='grc' dir='ltr'>καὶ</span> <span class='ocrx_word' id='word_1_31' title='bbox 3471 603 3887 677; x_wconf 78' lang='grc' dir='ltr'>μεγαλοπρεπὲς</span> 
     </span>
    </p>
   </div>
   <div class='ocr_carea' id='block_1_6' title="bbox 468 673 2085 762">
    <p class='ocr_par' dir='ltr' id='par_1_6' title="bbox 468 673 2085 747">
     <span class='ocr_line' id='line_1_6' title="bbox 468 673 2085 747; baseline -0.001 -19"><span class='ocrx_word' id='word_1_32' title='bbox 468 674 648 729; x_wconf 90' lang='lat' dir='ltr'>trium</span> <span class='ocrx_word' id='word_1_33' title='bbox 686 691 1068 747; x_wconf 88' lang='lat' dir='ltr'>personarum</span> <span class='ocrx_word' id='word_1_34' title='bbox 1092 676 1461 729; x_wconf 82' lang='lat' dir='ltr'>divinitatem</span> <span class='ocrx_word' id='word_1_35' title='bbox 1486 680 1542 729; x_wconf 91' lang='lat' dir='ltr'>et</span> <span class='ocrx_word' id='word_1_36' title='bbox 1561 673 1878 729; x_wconf 82' lang='lat' dir='ltr'>essentiam</span> <span class='ocrx_word' id='word_1_37' title='bbox 1904 673 2085 743; x_wconf 84' lang='lat' dir='ltr'>script</span> 
     </span>
    </p>
   </div>
   <div class='ocr_carea' id='block_1_7' title="bbox 2195 673 3883 762">
    <p class='ocr_par' dir='ltr' id='par_1_7' title="bbox 2230 673 3883 762">
     <span class='ocr_line' id='line_1_7' title="bbox 2230 673 3883 762; baseline 0.016 -38"><span class='ocrx_word' id='word_1_38' title='bbox 2230 677 2307 743; x_wconf 81' lang='grc' dir='ltr'>τῷ</span> <span class='ocrx_word' id='word_1_39' title='bbox 2367 673 2583 748; x_wconf 83' lang='grc' dir='ltr'>βασιλεῖ</span> <span class='ocrx_word' id='word_1_40' title='bbox 2636 680 3056 754; x_wconf 80' lang='grc' dir='ltr'>προσενεγκὼν,</span> <span class='ocrx_word' id='word_1_41' title='bbox 3118 679 3391 762; x_wconf 77' lang='grc' dir='ltr'>ἔγγραφον</span> <span class='ocrx_word' id='word_1_42' title='bbox 3452 673 3562 756; x_wconf 70' lang='grc' dir='ltr'>τὴν</span> <span class='ocrx_word' id='word_1_43' title='bbox 3612 673 3883 751; x_wconf 68' lang='grc' dir='ltr'>εὐσέϐειαν</span> 
     </span>
    </p>
   </div>
   <div class='ocr_carea' id='block_1_8' title="bbox 470 761 2085 856">
    <p class='ocr_par' dir='ltr' id='par_1_8' title="bbox 470 761 2085 835">
     <span class='ocr_line' id='line_1_8' title="bbox 470 761 2085 835; baseline -0.002 -16"><span class='ocrx_word' id='word_1_44' title='bbox 470 765 779 819; x_wconf 82' lang='lat' dir='ltr'>confessus</span> <span class='ocrx_word' id='word_1_45' title='bbox 812 781 826 817; x_wconf 85' lang='lat'><strong>:</strong></span> <span class='ocrx_word' id='word_1_46' title='bbox 859 770 918 819; x_wconf 88' lang='lat' dir='ltr'>et</span> <span class='ocrx_word' id='word_1_47' title='bbox 946 765 1100 835; x_wconf 91' lang='lat' dir='ltr'>quod</span> <span class='ocrx_word' id='word_1_48' title='bbox 1147 763 1349 819; x_wconf 89' lang='lat' dir='ltr'>multis</span> <span class='ocrx_word' id='word_1_49' title='bbox 1396 762 1515 817; x_wconf 85' lang='lat' dir='ltr'>illis</span> <span class='ocrx_word' id='word_1_50' title='bbox 1548 763 1817 818; x_wconf 88' lang='lat' dir='ltr'>Patribus</span> <span class='ocrx_word' id='word_1_51' title='bbox 1848 762 2000 816; x_wconf 91' lang='lat' dir='ltr'>circa</span> <span class='ocrx_word' id='word_1_52' title='bbox 2030 761 2085 815; x_wconf 91' lang='lat' dir='ltr'>Fi</span> 
     </span>
    </p>
   </div>
   <div class='ocr_carea' id='block_1_9' title="bbox 2195 761 3882 856">
    <p class='ocr_par' dir='ltr' id='par_1_9' title="bbox 2230 762 3882 856">
     <span class='ocr_line' id='line_1_9' title="bbox 2230 762 3882 856; baseline 0.017 -44"><span class='ocrx_word' id='word_1_53' title='bbox 2230 762 2491 856; x_wconf 35' lang='lat' dir='ltr'>farier-ﬁt;</span> <span class='ocrx_word' id='word_1_54' title='bbox 2523 762 2769 856; x_wconf 60' lang='grc' dir='ltr'>αγράφου</span> <span class='ocrx_word' id='word_1_55' title='bbox 2817 770 3168 856; x_wconf 46' lang='grc' dir='ltr'>καινοτομίας</span> <span class='ocrx_word' id='word_1_56' title='bbox 3216 775 3349 845; x_wconf 88' lang='grc'>(30)·</span> <span class='ocrx_word' id='word_1_57' title='bbox 3396 772 3487 830; x_wconf 72' lang='grc' dir='ltr'>’ίνα</span> <span class='ocrx_word' id='word_1_58' title='bbox 3536 779 3753 853; x_wconf 85' lang='grc' dir='ltr'>βασιλεῖ</span> <span class='ocrx_word' id='word_1_59' title='bbox 3786 786 3882 856; x_wconf 74' lang='grc' dir='ltr'>μὲν</span> 
     </span>
    </p>
   </div>
   <div class='ocr_carea' id='block_1_10' title="bbox 468 848 2085 940">
    <p class='ocr_par' dir='ltr' id='par_1_10' title="bbox 468 849 2077 925">
     <span class='ocr_line' id='line_1_10' title="bbox 468 849 2077 925; baseline -0.004 -18"><span class='ocrx_word' id='word_1_60' title='bbox 468 852 613 908; x_wconf 88' lang='lat' dir='ltr'>lium</span> <span class='ocrx_word' id='word_1_61' title='bbox 650 853 813 925; x_wconf 90' lang='lat' dir='ltr'>prius</span> <span class='ocrx_word' id='word_1_62' title='bbox 842 869 1187 908; x_wconf 90' lang='lat' dir='ltr'>concessum</span> <span class='ocrx_word' id='word_1_63' title='bbox 1235 853 1443 919; x_wconf 86' lang='lat' dir='ltr'>fuerat,</span> <span class='ocrx_word' id='word_1_64' title='bbox 1475 852 1629 905; x_wconf 90' lang='lat' dir='ltr'>idem</span> <span class='ocrx_word' id='word_1_65' title='bbox 1675 850 1801 921; x_wconf 91' lang='lat' dir='ltr'>ipse</span> <span class='ocrx_word' id='word_1_66' title='bbox 1832 854 2032 920; x_wconf 88' lang='lat' dir='ltr'>postea</span> <span class='ocrx_word' id='word_1_67' title='bbox 2061 849 2077 901; x_wconf 92' lang='lat' dir='ltr'>i</span> 
     </span>
    </p>
   </div>
   <div class='ocr_carea' id='block_1_11' title="bbox 2195 848 3881 940">
    <p class='ocr_par' dir='ltr' id='par_1_11' title="bbox 2236 848 3881 940">
     <span class='ocr_line' id='line_1_11' title="bbox 2236 848 3881 940; baseline 0.016 -39"><span class='ocrx_word' id='word_1_68' title='bbox 2236 848 2511 940; x_wconf 75' lang='grc' dir='ltr'>βασιλεὺς,</span> <span class='ocrx_word' id='word_1_69' title='bbox 2545 852 2698 927; x_wconf 86' lang='grc' dir='ltr'>λόγῳ</span> <span class='ocrx_word' id='word_1_70' title='bbox 2729 851 2787 908; x_wconf 76' lang='grc' dir='ltr'>δὲ</span> <span class='ocrx_word' id='word_1_71' title='bbox 2818 854 3005 931; x_wconf 84' lang='grc' dir='ltr'>λόγος,</span> <span class='ocrx_word' id='word_1_72' title='bbox 3034 865 3319 934; x_wconf 83' lang='grc' dir='ltr'>γράμματι</span> <span class='ocrx_word' id='word_1_73' title='bbox 3350 859 3406 917; x_wconf 79' lang='grc' dir='ltr'>δὲ</span> <span class='ocrx_word' id='word_1_74' title='bbox 3436 848 3667 940; x_wconf 70' lang='grc' dir='ltr'>γράμμα</span> <span class='ocrx_word' id='word_1_75' title='bbox 3715 848 3881 927; x_wconf 70' lang='grc' dir='ltr'>κατα-</span> 
     </span>
    </p>
   </div>
   <div class='ocr_carea' id='block_1_12' title="bbox 467 935 2556 1013">
    <p class='ocr_par' dir='ltr' id='par_1_12' title="bbox 467 935 2556 1013">
     <span class='ocr_line' id='line_1_12' title="bbox 467 935 2556 1013; baseline -0.002 -15"><span class='ocrx_word' id='word_1_76' title='bbox 467 942 784 998; x_wconf 86' lang='lat' dir='ltr'>asserenda</span> <span class='ocrx_word' id='word_1_77' title='bbox 803 942 1055 1013; x_wconf 80' lang='lat' dir='ltr'>Spiritus</span> <span class='ocrx_word' id='word_1_78' title='bbox 1087 941 1272 996; x_wconf 82' lang='lat' dir='ltr'>sancti</span> <span class='ocrx_word' id='word_1_79' title='bbox 1304 940 1610 995; x_wconf 82' lang='lat' dir='ltr'>divinitate</span> <span class='ocrx_word' id='word_1_80' title='bbox 1634 955 1889 1010; x_wconf 89' lang='lat' dir='ltr'>superno</span> <span class='ocrx_word' id='word_1_81' title='bbox 1918 938 2119 993; x_wconf 85' lang='lat' dir='ltr'>afﬂatu</span> <span class='ocrx_word' id='word_1_82' title='bbox 2230 935 2556 1008; x_wconf 84' lang='grc' dir='ltr'>παλαίηται.</span> 
     </span>
    </p>
   </div>
   <div class='ocr_carea' id='block_1_13' title="bbox 465 1027 3880 1106">
    <p class='ocr_par' dir='ltr' id='par_1_13' title="bbox 465 1027 3880 1106">
     <span class='ocr_line' id='line_1_13' title="bbox 465 1027 3880 1106; baseline 0.005 -19"><span class='ocrx_word' id='word_1_83' title='bbox 465 1038 834 1087; x_wconf 87' lang='lat' dir='ltr'>consecutus.</span> <span class='ocrx_word' id='word_1_84' title='bbox 866 1033 1054 1101; x_wconf 85' lang='lat' dir='ltr'>Atque</span> <span class='ocrx_word' id='word_1_85' title='bbox 1086 1031 1423 1101; x_wconf 84' lang='lat' dir='ltr'>imperatori</span> <span class='ocrx_word' id='word_1_86' title='bbox 1455 1030 1675 1085; x_wconf 91' lang='lat' dir='ltr'>donum</span> <span class='ocrx_word' id='word_1_87' title='bbox 1706 1043 1836 1082; x_wconf 87' lang='lat' dir='ltr'>vere</span> <span class='ocrx_word' id='word_1_88' title='bbox 1868 1027 2093 1096; x_wconf 89' lang='lat' dir='ltr'>regium</span> <span class='ocrx_word' id='word_1_89' title='bbox 2126 1031 2180 1080; x_wconf 83' lang='lat' dir='ltr'>et</span> <span class='ocrx_word' id='word_1_90' title='bbox 2211 1027 2591 1099; x_wconf 85' lang='lat' dir='ltr'>magniﬁcum</span> <span class='ocrx_word' id='word_1_91' title='bbox 2636 1031 2821 1097; x_wconf 79' lang='lat' dir='ltr'>offert,</span> <span class='ocrx_word' id='word_1_92' title='bbox 2856 1035 3133 1106; x_wconf 87' lang='lat' dir='ltr'>scriptam</span> <span class='ocrx_word' id='word_1_93' title='bbox 3169 1037 3447 1096; x_wconf 86' lang='lat' dir='ltr'>nimirum</span> <span class='ocrx_word' id='word_1_94' title='bbox 3485 1043 3615 1100; x_wconf 79' lang='lat' dir='ltr'>fidei</span> <span class='ocrx_word' id='word_1_95' title='bbox 3649 1050 3880 1104; x_wconf 86' lang='lat' dir='ltr'>confes-</span> 
     </span>
    </p>
   </div>
   <div class='ocr_carea' id='block_1_14' title="bbox 464 1115 3856 1206">
    <p class='ocr_par' dir='ltr' id='par_1_14' title="bbox 464 1115 3856 1206">
     <span class='ocr_line' id='line_1_14' title="bbox 464 1115 3856 1206; baseline 0.004 -28"><span class='ocrx_word' id='word_1_96' title='bbox 464 1122 712 1191; x_wconf 87' lang='lat' dir='ltr'>sionem,</span> <span class='ocrx_word' id='word_1_97' title='bbox 745 1121 1023 1176; x_wconf 89' lang='lat' dir='ltr'>adversus</span> <span class='ocrx_word' id='word_1_98' title='bbox 1055 1136 1269 1175; x_wconf 90' lang='lat' dir='ltr'>novum</span> <span class='ocrx_word' id='word_1_99' title='bbox 1315 1120 1527 1191; x_wconf 81' lang='lat' dir='ltr'>dogma</span> <span class='ocrx_word' id='word_1_100' title='bbox 1575 1132 1870 1187; x_wconf 89' lang='lat' dir='ltr'>nusquam</span> <span class='ocrx_word' id='word_1_101' title='bbox 1903 1116 1962 1169; x_wconf 88' lang='lat' dir='ltr'>in</span> <span class='ocrx_word' id='word_1_102' title='bbox 1995 1115 2292 1186; x_wconf 87' lang='lat' dir='ltr'>Scriptura</span> <span class='ocrx_word' id='word_1_103' title='bbox 2322 1132 2663 1187; x_wconf 82' lang='lat' dir='ltr'>expressum</span> <span class='ocrx_word' id='word_1_104' title='bbox 2699 1135 2711 1173; x_wconf 92' lang='lat'><strong>:</strong></span> <span class='ocrx_word' id='word_1_105' title='bbox 2746 1127 2810 1175; x_wconf 90' lang='lat' dir='ltr'>ut</span> <span class='ocrx_word' id='word_1_106' title='bbox 2839 1122 2923 1177; x_wconf 89' lang='lat' dir='ltr'>sic</span> <span class='ocrx_word' id='word_1_107' title='bbox 2968 1129 3024 1179; x_wconf 90' lang='lat' dir='ltr'>et</span> <span class='ocrx_word' id='word_1_108' title='bbox 3071 1124 3484 1197; x_wconf 83' lang='lat' dir='ltr'>imperatorem</span> <span class='ocrx_word' id='word_1_109' title='bbox 3534 1134 3856 1206; x_wconf 81' lang='lat' dir='ltr'>imperator</span> 
     </span>
    </p>
   </div>
   <div class='ocr_carea' id='block_1_15' title="bbox 462 1197 3880 1277">
    <p class='ocr_par' dir='ltr' id='par_1_15' title="bbox 462 1197 3880 1277">
     <span class='ocr_line' id='line_1_15' title="bbox 462 1197 3880 1277; baseline -0.002 -9"><span class='ocrx_word' id='word_1_110' title='bbox 462 1214 521 1268; x_wconf 88' lang='lat' dir='ltr'>et</span> <span class='ocrx_word' id='word_1_111' title='bbox 551 1210 878 1264; x_wconf 88' lang='lat' dir='ltr'>doctrinam</span> <span class='ocrx_word' id='word_1_112' title='bbox 915 1208 1200 1276; x_wconf 89' lang='lat' dir='ltr'>doctrina,</span> <span class='ocrx_word' id='word_1_113' title='bbox 1235 1212 1292 1263; x_wconf 90' lang='lat' dir='ltr'>et</span> <span class='ocrx_word' id='word_1_114' title='bbox 1320 1206 1584 1262; x_wconf 88' lang='lat' dir='ltr'>libellum</span> <span class='ocrx_word' id='word_1_115' title='bbox 1618 1204 1854 1259; x_wconf 88' lang='lat' dir='ltr'>libellus</span> <span class='ocrx_word' id='word_1_116' title='bbox 1886 1205 2178 1273; x_wconf 84' lang='lat' dir='ltr'>frangeret</span> <span class='ocrx_word' id='word_1_117' title='bbox 2206 1210 2378 1275; x_wconf 91' lang='lat' dir='ltr'>atque</span> <span class='ocrx_word' id='word_1_118' title='bbox 2409 1206 2784 1277; x_wconf 85' lang='lat' dir='ltr'>Opprimeret.</span> <span class='ocrx_word' id='word_1_119' title='bbox 3621 1197 3636 1206; x_wconf 76' lang='grc'><strong>’</strong></span> <span class='ocrx_word' id='word_1_120' title='bbox 3864 1197 3880 1225; x_wconf 85' lang='grc'><strong>⁹</strong></span> 
     </span>
    </p>
   </div>
   <div class='ocr_carea' id='block_1_16' title="bbox 541 1291 2085 1383">
    <p class='ocr_par' dir='ltr' id='par_1_16' title="bbox 541 1291 2084 1366">
     <span class='ocr_line' id='line_1_16' title="bbox 541 1291 2084 1366; baseline -0.005 -13"><span class='ocrx_word' id='word_1_121' title='bbox 541 1298 694 1353; x_wconf 72' lang='lat'>409</span> <span class='ocrx_word' id='word_1_122' title='bbox 726 1295 966 1352; x_wconf 82' lang='lat' dir='ltr'>XXXIV.</span> <span class='ocrx_word' id='word_1_123' title='bbox 992 1296 1132 1351; x_wconf 89' lang='lat' dir='ltr'>Mihi</span> <span class='ocrx_word' id='word_1_124' title='bbox 1160 1296 1339 1366; x_wconf 88' lang='lat' dir='ltr'>hujus</span> <span class='ocrx_word' id='word_1_125' title='bbox 1360 1292 1743 1349; x_wconf 88' lang='lat' dir='ltr'>confessionis</span> <span class='ocrx_word' id='word_1_126' title='bbox 1769 1291 2084 1346; x_wconf 89' lang='lat' dir='ltr'>auctoritat</span> 
     </span>
    </p>
   </div>
   <div class='ocr_carea' id='block_1_17' title="bbox 2195 1291 3873 1383">
    <p class='ocr_par' dir='ltr' id='par_1_17' title="bbox 2274 1291 3873 1383">
     <span class='ocr_line' id='line_1_17' title="bbox 2274 1291 3873 1383; baseline 0.014 -39"><span class='ocrx_word' id='word_1_127' title='bbox 2274 1291 2656 1383; x_wconf 33' lang='grc' dir='ltr'>’ΛΔᾌῌΤαότην</span> <span class='ocrx_word' id='word_1_128' title='bbox 2704 1315 2803 1383; x_wconf 6' lang='grc' dir='ltr'>(μοι</span> <span class='ocrx_word' id='word_1_129' title='bbox 2858 1292 3104 1353; x_wconf 76' lang='grc' dir='ltr'>δοκοῦσιν</span> <span class='ocrx_word' id='word_1_130' title='bbox 3160 1298 3472 1374; x_wconf 73' lang='grc' dir='ltr'>αἰδούμενοι</span> <span class='ocrx_word' id='word_1_131' title='bbox 3503 1326 3601 1376; x_wconf 87' lang='grc' dir='ltr'>την</span> <span class='ocrx_word' id='word_1_132' title='bbox 3658 1310 3873 1383; x_wconf 83' lang='grc' dir='ltr'>ὁμολο-</span> 
     </span>
    </p>
   </div>
   <div class='ocr_carea' id='block_1_18' title="bbox 466 1377 2085 1473">
    <p class='ocr_par' dir='ltr' id='par_1_18' title="bbox 466 1380 2081 1460">
     <span class='ocr_line' id='line_1_18' title="bbox 466 1380 2081 1460; baseline -0.005 -19"><span class='ocrx_word' id='word_1_133' title='bbox 466 1387 713 1460; x_wconf 89' lang='lat' dir='ltr'>permoti</span> <span class='ocrx_word' id='word_1_134' title='bbox 773 1386 1065 1455; x_wconf 87' lang='lat' dir='ltr'>videntur,</span> <span class='ocrx_word' id='word_1_135' title='bbox 1115 1389 1240 1439; x_wconf 88' lang='lat' dir='ltr'>tum</span> <span class='ocrx_word' id='word_1_136' title='bbox 1300 1382 1721 1449; x_wconf 88' lang='lat' dir='ltr'>Occidentales,</span> <span class='ocrx_word' id='word_1_137' title='bbox 1762 1385 1888 1435; x_wconf 86' lang='lat' dir='ltr'>tum</span> <span class='ocrx_word' id='word_1_138' title='bbox 1938 1380 2081 1451; x_wconf 92' lang='lat' dir='ltr'>quid</span> 
     </span>
    </p>
   </div>
   <div class='ocr_carea' id='block_1_19' title="bbox 2195 1377 3879 1473">
    <p class='ocr_par' dir='ltr' id='par_1_19' title="bbox 2225 1377 3879 1473">
     <span class='ocr_line' id='line_1_19' title="bbox 2225 1377 3879 1473; baseline 0.015 -43"><span class='ocrx_word' id='word_1_139' title='bbox 2225 1377 2366 1452; x_wconf 81' lang='grc' dir='ltr'>γίαν,</span> <span class='ocrx_word' id='word_1_140' title='bbox 2400 1377 2451 1473; x_wconf 71' lang='grc' dir='ltr'>ο⁹ί</span> <span class='ocrx_word' id='word_1_141' title='bbox 2480 1387 2668 1473; x_wconf 33' lang='grc' dir='ltr'>τε-τῆς</span> <span class='ocrx_word' id='word_1_142' title='bbox 2700 1382 2970 1473; x_wconf 60' lang='grc' dir='ltr'>έσπερίας,</span> <span class='ocrx_word' id='word_1_143' title='bbox 3017 1388 3107 1441; x_wconf 82' lang='grc' dir='ltr'>καὶ</span> <span class='ocrx_word' id='word_1_144' title='bbox 3146 1397 3247 1459; x_wconf 83' lang='grc' dir='ltr'>τῆς</span> <span class='ocrx_word' id='word_1_145' title='bbox 3297 1391 3458 1463; x_wconf 72' lang='grc' dir='ltr'>ἑῴας,</span> <span class='ocrx_word' id='word_1_146' title='bbox 3510 1394 3632 1450; x_wconf 73' lang='grc' dir='ltr'>ὅσον</span> <span class='ocrx_word' id='word_1_147' title='bbox 3682 1377 3879 1473; x_wconf 71' lang='grc' dir='ltr'>βιώσι-</span> 
     </span>
    </p>
   </div>
   <div class='ocr_carea' id='block_1_20' title="bbox 465 1468 2085 1555">
    <p class='ocr_par' dir='ltr' id='par_1_20' title="bbox 465 1472 2085 1550">
     <span class='ocr_line' id='line_1_20' title="bbox 465 1472 2085 1550; baseline -0.005 -17"><span class='ocrx_word' id='word_1_148' title='bbox 465 1478 605 1550; x_wconf 90' lang='lat' dir='ltr'>quid</span> <span class='ocrx_word' id='word_1_149' title='bbox 640 1478 699 1532; x_wconf 90' lang='lat' dir='ltr'>in</span> <span class='ocrx_word' id='word_1_150' title='bbox 731 1477 963 1533; x_wconf 86' lang='lat' dir='ltr'>Oriente</span> <span class='ocrx_word' id='word_1_151' title='bbox 1010 1475 1183 1531; x_wconf 81' lang='lat' dir='ltr'>vitale</span> <span class='ocrx_word' id='word_1_152' title='bbox 1214 1480 1333 1541; x_wconf 87' lang='lat' dir='ltr'>est;</span> <span class='ocrx_word' id='word_1_153' title='bbox 1366 1473 1463 1529; x_wconf 89' lang='lat' dir='ltr'>alii</span> <span class='ocrx_word' id='word_1_154' title='bbox 1514 1473 1751 1545; x_wconf 90' lang='lat' dir='ltr'>quidem</span> <span class='ocrx_word' id='word_1_155' title='bbox 1801 1472 1998 1526; x_wconf 91' lang='lat' dir='ltr'>animo</span> <span class='ocrx_word' id='word_1_156' title='bbox 2028 1476 2085 1525; x_wconf 89' lang='lat' dir='ltr'>te</span> 
     </span>
    </p>
   </div>
   <div class='ocr_carea' id='block_1_21' title="bbox 2195 1468 3873 1555">
    <p class='ocr_par' dir='ltr' id='par_1_21' title="bbox 2226 1468 3873 1555">
     <span class='ocr_line' id='line_1_21' title="bbox 2226 1468 3873 1555; baseline 0.015 -36"><span class='ocrx_word' id='word_1_157' title='bbox 2226 1486 2351 1555; x_wconf 89' lang='grc' dir='ltr'>μον·</span> <span class='ocrx_word' id='word_1_158' title='bbox 2402 1468 2453 1522; x_wconf 74' lang='grc' dir='ltr'>οἱ</span> <span class='ocrx_word' id='word_1_159' title='bbox 2510 1469 2604 1541; x_wconf 77' lang='grc' dir='ltr'>μὶν</span> <span class='ocrx_word' id='word_1_160' title='bbox 2656 1470 2819 1546; x_wconf 82' lang='grc' dir='ltr'>μέχρι</span> <span class='ocrx_word' id='word_1_161' title='bbox 2869 1470 3109 1537; x_wconf 81' lang='grc' dir='ltr'>διανοίας</span> <span class='ocrx_word' id='word_1_162' title='bbox 3161 1477 3308 1551; x_wconf 81' lang='grc' dir='ltr'>ἄγειν</span> <span class='ocrx_word' id='word_1_163' title='bbox 3361 1482 3423 1535; x_wconf 89' lang='grc' dir='ltr'>τὸ</span> <span class='ocrx_word' id='word_1_164' title='bbox 3472 1468 3704 1555; x_wconf 65' lang='grc' dir='ltr'>εὐσεϐὲς,</span> <span class='ocrx_word' id='word_1_165' title='bbox 3744 1488 3799 1542; x_wconf 70' lang='grc' dir='ltr'>εἶ’</span> <span class='ocrx_word' id='word_1_166' title='bbox 3820 1512 3873 1543; x_wconf 88' lang='grc' dir='ltr'>τι</span> 
     </span>
    </p>
   </div>
   <div class='ocr_carea' id='block_1_22' title="bbox 465 1554 2085 1651">
    <p class='ocr_par' dir='ltr' id='par_1_22' title="bbox 465 1560 2085 1638">
     <span class='ocr_line' id='line_1_22' title="bbox 465 1560 2085 1638; baseline -0.004 -17"><span class='ocrx_word' id='word_1_167' title='bbox 465 1583 579 1622; x_wconf 90' lang='lat' dir='ltr'>nus</span> <span class='ocrx_word' id='word_1_168' title='bbox 620 1566 895 1638; x_wconf 87' lang='lat' dir='ltr'>pietatem</span> <span class='ocrx_word' id='word_1_169' title='bbox 929 1563 1145 1630; x_wconf 86' lang='lat' dir='ltr'>colunt,</span> <span class='ocrx_word' id='word_1_170' title='bbox 1179 1564 1226 1620; x_wconf 91' lang='lat' dir='ltr'>si</span> <span class='ocrx_word' id='word_1_171' title='bbox 1257 1564 1397 1634; x_wconf 90' lang='lat' dir='ltr'>quid</span> <span class='ocrx_word' id='word_1_172' title='bbox 1442 1563 1702 1634; x_wconf 85' lang='lat' dir='ltr'>ipsorum</span> <span class='ocrx_word' id='word_1_173' title='bbox 1735 1560 1927 1615; x_wconf 89' lang='lat' dir='ltr'>verbis</span> <span class='ocrx_word' id='word_1_174' title='bbox 1976 1560 2085 1614; x_wconf 85' lang='lat' dir='ltr'>ﬁde</span> 
     </span>
    </p>
   </div>
   <div class='ocr_carea' id='block_1_23' title="bbox 2195 1554 3873 1651">
    <p class='ocr_par' dir='ltr' id='par_1_23' title="bbox 2224 1554 3873 1651">
     <span class='ocr_line' id='line_1_23' title="bbox 2224 1554 3873 1651; baseline 0.016 -44"><span class='ocrx_word' id='word_1_175' title='bbox 2224 1554 2471 1651; x_wconf 67' lang='grc' dir='ltr'>λέγουσιν</span> <span class='ocrx_word' id='word_1_176' title='bbox 2520 1558 2704 1651; x_wconf 80' lang='grc' dir='ltr'>αὐτοῖς</span> <span class='ocrx_word' id='word_1_177' title='bbox 2755 1563 3092 1634; x_wconf 83' lang='grc' dir='ltr'>πιστευτέον,</span> <span class='ocrx_word' id='word_1_178' title='bbox 3140 1570 3444 1645; x_wconf 80' lang='grc' dir='ltr'>περαιτέρω</span> <span class='ocrx_word' id='word_1_179' title='bbox 3495 1569 3552 1627; x_wconf 76' lang='grc' dir='ltr'>δὲ</span> <span class='ocrx_word' id='word_1_180' title='bbox 3605 1554 3697 1646; x_wconf 10' lang='grc' dir='ltr'>μὴν</span> <span class='ocrx_word' id='word_1_181' title='bbox 3734 1599 3873 1651; x_wconf 85' lang='grc' dir='ltr'>προ-</span> 
     </span>
    </p>
   </div>
   <div class='ocr_carea' id='block_1_24' title="bbox 460 1642 2085 1740">
    <p class='ocr_par' dir='ltr' id='par_1_24' title="bbox 460 1650 2085 1724">
     <span class='ocr_line' id='line_1_24' title="bbox 460 1650 2085 1724; baseline -0.006 -14"><span class='ocrx_word' id='word_1_182' title='bbox 460 1655 798 1710; x_wconf 87' lang='lat' dir='ltr'>habendum</span> <span class='ocrx_word' id='word_1_183' title='bbox 827 1660 933 1724; x_wconf 88' lang='lat' dir='ltr'>est,</span> <span class='ocrx_word' id='word_1_184' title='bbox 959 1653 1203 1708; x_wconf 85' lang='lat' dir='ltr'>ulterius</span> <span class='ocrx_word' id='word_1_185' title='bbox 1249 1658 1444 1707; x_wconf 90' lang='lat' dir='ltr'>autem</span> <span class='ocrx_word' id='word_1_186' title='bbox 1477 1667 1606 1706; x_wconf 89' lang='lat' dir='ltr'>eam</span> <span class='ocrx_word' id='word_1_187' title='bbox 1640 1667 1753 1705; x_wconf 91' lang='lat' dir='ltr'>non</span> <span class='ocrx_word' id='word_1_188' title='bbox 1788 1650 2085 1719; x_wconf 81' lang='lat' dir='ltr'>proferunt</span> 
     </span>
    </p>
   </div>
   <div class='ocr_carea' id='block_1_25' title="bbox 2195 1642 3870 1740">
    <p class='ocr_par' dir='ltr' id='par_1_25' title="bbox 2218 1642 3870 1740">
     <span class='ocr_line' id='line_1_25' title="bbox 2218 1642 3870 1740; baseline 0.016 -45"><span class='ocrx_word' id='word_1_189' title='bbox 2218 1642 2362 1740; x_wconf 58' lang='grc' dir='ltr'>αγειν</span> <span class='ocrx_word' id='word_1_190' title='bbox 2389 1648 2530 1740; x_wconf 53' lang='lat' dir='ltr'>(Si),</span> <span class='ocrx_word' id='word_1_191' title='bbox 2590 1647 2769 1723; x_wconf 83' lang='grc' dir='ltr'>ὥσπερ</span> <span class='ocrx_word' id='word_1_192' title='bbox 2806 1669 2878 1740; x_wconf 36' lang='grc' dir='ltr'>’τι</span> <span class='ocrx_word' id='word_1_193' title='bbox 2938 1653 3121 1727; x_wconf 83' lang='grc' dir='ltr'>νεκρὸν</span> <span class='ocrx_word' id='word_1_194' title='bbox 3182 1642 3373 1729; x_wconf 79' lang='grc' dir='ltr'>κύημα</span> <span class='ocrx_word' id='word_1_195' title='bbox 3419 1666 3538 1723; x_wconf 84' lang='grc' dir='ltr'>ταῖς</span> <span class='ocrx_word' id='word_1_196' title='bbox 3599 1642 3870 1740; x_wconf 61' lang='grc' dir='ltr'>μητρέσιν</span> 
     </span>
    </p>
   </div>
   <div class='ocr_carea' id='block_1_26' title="bbox 457 1731 2085 1831">
    <p class='ocr_par' dir='ltr' id='par_1_26' title="bbox 457 1739 2085 1813">
     <span class='ocr_line' id='line_1_26' title="bbox 457 1739 2085 1813; baseline -0.005 -15"><span class='ocrx_word' id='word_1_197' title='bbox 457 1743 616 1799; x_wconf 90' lang='lat' dir='ltr'>velut</span> <span class='ocrx_word' id='word_1_198' title='bbox 647 1749 944 1799; x_wconf 88' lang='lat' dir='ltr'>mortuum</span> <span class='ocrx_word' id='word_1_199' title='bbox 981 1743 1293 1813; x_wconf 88' lang='lat' dir='ltr'>quemdam</span> <span class='ocrx_word' id='word_1_200' title='bbox 1327 1742 1531 1805; x_wconf 80' lang='lat' dir='ltr'>fetum,</span> <span class='ocrx_word' id='word_1_201' title='bbox 1555 1739 1614 1793; x_wconf 90' lang='lat' dir='ltr'>in</span> <span class='ocrx_word' id='word_1_202' title='bbox 1648 1744 1910 1793; x_wconf 89' lang='lat' dir='ltr'>materno</span> <span class='ocrx_word' id='word_1_203' title='bbox 1943 1744 2085 1791; x_wconf 67' lang='lat' dir='ltr'>utert</span> 
     </span>
    </p>
   </div>
   <div class='ocr_carea' id='block_1_27' title="bbox 2195 1731 3868 1831">
    <p class='ocr_par' dir='ltr' id='par_1_27' title="bbox 2217 1731 3868 1831">
     <span class='ocr_line' id='line_1_27' title="bbox 2217 1731 3868 1831; baseline 0.016 -46"><span class='ocrx_word' id='word_1_204' title='bbox 2217 1731 2638 1831; x_wconf 36' lang='grc' dir='ltr'>ἐναποθνήσκονί</span> <span class='ocrx_word' id='word_1_205' title='bbox 2691 1738 2741 1831; x_wconf 76' lang='grc' dir='ltr'>οἱ</span> <span class='ocrx_word' id='word_1_206' title='bbox 2801 1735 2857 1792; x_wconf 80' lang='grc' dir='ltr'>δὲ</span> <span class='ocrx_word' id='word_1_207' title='bbox 3088 1746 3279 1817; x_wconf 84' lang='grc' dir='ltr'>μικρὸν</span> <span class='ocrx_word' id='word_1_208' title='bbox 3342 1731 3619 1819; x_wconf 51' lang='grc' dir='ltr'>έξάπτειν,</span> <span class='ocrx_word' id='word_1_209' title='bbox 3681 1731 3868 1831; x_wconf 54' lang='grc' dir='ltr'>ὥσπερ</span> 
     </span>
    </p>
   </div>
   <div class='ocr_carea' id='block_1_28' title="bbox 452 1827 2085 1913">
    <p class='ocr_par' dir='ltr' id='par_1_28' title="bbox 452 1827 2085 1900">
     <span class='ocr_line' id='line_1_28' title="bbox 452 1827 2085 1900; baseline -0.005 -13"><span class='ocrx_word' id='word_1_210' title='bbox 452 1831 843 1898; x_wconf 83' lang='lat' dir='ltr'>exstinctum;</span> <span class='ocrx_word' id='word_1_211' title='bbox 894 1830 991 1885; x_wconf 90' lang='lat' dir='ltr'>alii</span> <span class='ocrx_word' id='word_1_212' title='bbox 1023 1846 1156 1885; x_wconf 90' lang='lat' dir='ltr'>vero</span> <span class='ocrx_word' id='word_1_213' title='bbox 1188 1846 1339 1895; x_wconf 90' lang='lat' dir='ltr'>eam,</span> <span class='ocrx_word' id='word_1_214' title='bbox 1373 1828 1621 1900; x_wconf 83' lang='lat' dir='ltr'>igniculi</span> <span class='ocrx_word' id='word_1_215' title='bbox 1654 1827 1964 1897; x_wconf 88' lang='lat' dir='ltr'>cujusdam</span> <span class='ocrx_word' id='word_1_216' title='bbox 2016 1827 2085 1880; x_wconf 74' lang='lat' dir='ltr'>in«</span> 
     </span>
    </p>
   </div>
   <div class='ocr_carea' id='block_1_29' title="bbox 2195 1827 3865 1913">
    <p class='ocr_par' dir='ltr' id='par_1_29' title="bbox 2213 1827 3865 1913">
     <span class='ocr_line' id='line_1_29' title="bbox 2213 1827 3865 1913; baseline 0.015 -40"><span class='ocrx_word' id='word_1_217' title='bbox 2213 1827 2506 1913; x_wconf 40' lang='grc' dir='ltr'>σπινθῆρας</span> <span class='ocrx_word' id='word_1_218' title='bbox 2532 1827 2667 1913; x_wconf 86' lang='grc'>(33),</span> <span class='ocrx_word' id='word_1_219' title='bbox 2707 1828 2829 1880; x_wconf 81' lang='grc' dir='ltr'>ὅσον</span> <span class='ocrx_word' id='word_1_220' title='bbox 2883 1829 3233 1904; x_wconf 76' lang='grc' dir='ltr'>ἀφοσιοῦσθαι</span> <span class='ocrx_word' id='word_1_221' title='bbox 3285 1835 3376 1889; x_wconf 85' lang='grc' dir='ltr'>τὸν</span> <span class='ocrx_word' id='word_1_222' title='bbox 3425 1840 3633 1913; x_wconf 85' lang='grc' dir='ltr'>καιρὸν,</span> <span class='ocrx_word' id='word_1_223' title='bbox 3667 1842 3702 1911; x_wconf 69' lang='grc' dir='ltr'><strong>ἢ</strong></span> <span class='ocrx_word' id='word_1_224' title='bbox 3753 1827 3865 1897; x_wconf 78' lang='grc' dir='ltr'>τῶν</span> 
     </span>
    </p>
   </div>
   <div class='ocr_carea' id='block_1_30' title="bbox 452 1908 2085 2009">
    <p class='ocr_par' dir='ltr' id='par_1_30' title="bbox 452 1915 2085 1987">
     <span class='ocr_line' id='line_1_30' title="bbox 452 1915 2085 1987; baseline -0.004 -12"><span class='ocrx_word' id='word_1_225' title='bbox 452 1926 602 1987; x_wconf 87' lang='lat' dir='ltr'>star,</span> <span class='ocrx_word' id='word_1_226' title='bbox 666 1919 932 1975; x_wconf 87' lang='lat' dir='ltr'>nonnihil</span> <span class='ocrx_word' id='word_1_227' title='bbox 995 1919 1351 1985; x_wconf 90' lang='lat' dir='ltr'>accendunt,</span> <span class='ocrx_word' id='word_1_228' title='bbox 1405 1920 1683 1972; x_wconf 87' lang='lat' dir='ltr'>hactenus</span> <span class='ocrx_word' id='word_1_229' title='bbox 1742 1915 1984 1981; x_wconf 86' lang='lat' dir='ltr'>scilicet,</span> <span class='ocrx_word' id='word_1_230' title='bbox 2037 1932 2085 1968; x_wconf 61' lang='lat' dir='ltr'>ut</span> 
     </span>
    </p>
   </div>
   <div class='ocr_carea' id='block_1_31' title="bbox 2195 1908 3861 2009">
    <p class='ocr_par' dir='ltr' id='par_1_31' title="bbox 2214 1908 3861 2009">
     <span class='ocr_line' id='line_1_31' title="bbox 2214 1908 3861 2009; baseline 0.016 -47"><span class='ocrx_word' id='word_1_231' title='bbox 2214 1908 2535 2009; x_wconf 38' lang='grc' dir='ltr'>όρθοδόξων.</span> <span class='ocrx_word' id='word_1_232' title='bbox 2565 1912 2691 2009; x_wconf 76' lang='grc' dir='ltr'>τοὺς</span> <span class='ocrx_word' id='word_1_233' title='bbox 2739 1917 3119 2009; x_wconf 77' lang='grc' dir='ltr'>θερμοτέρους,</span> <span class='ocrx_word' id='word_1_234' title='bbox 3151 1922 3186 1991; x_wconf 74' lang='grc' dir='ltr'><strong>ἢ</strong></span> <span class='ocrx_word' id='word_1_235' title='bbox 3235 1928 3343 1977; x_wconf 81' lang='grc' dir='ltr'>τῶν</span> <span class='ocrx_word' id='word_1_236' title='bbox 3392 1908 3538 1981; x_wconf 79' lang='grc' dir='ltr'>λαῶν</span> <span class='ocrx_word' id='word_1_237' title='bbox 3584 1930 3648 1984; x_wconf 90' lang='grc' dir='ltr'>τὸ</span> <span class='ocrx_word' id='word_1_238' title='bbox 3691 1908 3861 2009; x_wconf 40' lang='grc' dir='ltr'>-φιλό-</span> 
     </span>
    </p>
   </div>
   <div class='ocr_carea' id='block_1_32' title="bbox 448 2004 2098 2080">
    <p class='ocr_par' dir='ltr' id='par_1_32' title="bbox 448 2004 2098 2080">
     <span class='ocr_line' id='line_1_32' title="bbox 448 2004 2098 2080; baseline -0.004 -17"><span class='ocrx_word' id='word_1_239' title='bbox 448 2008 719 2080; x_wconf 79' lang='lat' dir='ltr'>tempori,</span> <span class='ocrx_word' id='word_1_240' title='bbox 752 2015 926 2079; x_wconf 87' lang='lat' dir='ltr'>atque</span> <span class='ocrx_word' id='word_1_241' title='bbox 972 2008 1419 2063; x_wconf 90' lang='lat' dir='ltr'>ferventioribus</span> <span class='ocrx_word' id='word_1_242' title='bbox 1449 2005 1806 2073; x_wconf 80' lang='lat' dir='ltr'>orthodoxis,</span> <span class='ocrx_word' id='word_1_243' title='bbox 1840 2009 1939 2058; x_wconf 89' lang='lat' dir='ltr'>aut</span> <span class='ocrx_word' id='word_1_244' title='bbox 1992 2004 2098 2075; x_wconf 63' lang='lat' dir='ltr'>pia</span> 
     </span>
    </p>
   </div>
   <div class='ocr_carea' id='block_1_33' title="bbox 449 2093 2098 2167">
    <p class='ocr_par' dir='ltr' id='par_1_33' title="bbox 449 2093 2098 2167">
     <span class='ocr_line' id='line_1_33' title="bbox 449 2093 2098 2167; baseline -0.003 -17"><span class='ocrx_word' id='word_1_245' title='bbox 449 2095 601 2166; x_wconf 91' lang='lat' dir='ltr'>plebi</span> <span class='ocrx_word' id='word_1_246' title='bbox 635 2103 932 2167; x_wconf 90' lang='lat' dir='ltr'>utcunque</span> <span class='ocrx_word' id='word_1_247' title='bbox 979 2096 1376 2162; x_wconf 84' lang='lat' dir='ltr'>satisfaciant;</span> <span class='ocrx_word' id='word_1_248' title='bbox 1410 2094 1508 2150; x_wconf 90' lang='lat' dir='ltr'>alii</span> <span class='ocrx_word' id='word_1_249' title='bbox 1539 2093 1793 2164; x_wconf 89' lang='lat' dir='ltr'>denique</span> <span class='ocrx_word' id='word_1_250' title='bbox 1821 2098 1944 2147; x_wconf 91' lang='lat' dir='ltr'>tota</span> <span class='ocrx_word' id='word_1_251' title='bbox 1974 2108 2098 2146; x_wconf 91' lang='lat' dir='ltr'>ver-</span> 
     </span>
    </p>
   </div>
   <div class='ocr_carea' id='block_1_34' title="bbox 446 2184 2098 2255">
    <p class='ocr_par' dir='ltr' id='par_1_34' title="bbox 446 2184 2098 2255">
     <span class='ocr_line' id='line_1_34' title="bbox 446 2184 2098 2255; baseline -0.004 -15"><span class='ocrx_word' id='word_1_252' title='bbox 446 2186 653 2240; x_wconf 91' lang='lat' dir='ltr'>borum</span> <span class='ocrx_word' id='word_1_253' title='bbox 705 2186 969 2241; x_wconf 88' lang='lat' dir='ltr'>lihertate</span> <span class='ocrx_word' id='word_1_254' title='bbox 1004 2186 1302 2239; x_wconf 83' lang='lat' dir='ltr'>veritatem</span> <span class='ocrx_word' id='word_1_255' title='bbox 1339 2184 1674 2255; x_wconf 63' lang='lat' dir='ltr'>praedicant,</span> <span class='ocrx_word' id='word_1_256' title='bbox 1708 2199 1742 2235; x_wconf 92' lang='lat' dir='ltr'>a</span> <span class='ocrx_word' id='word_1_257' title='bbox 1772 2198 1889 2251; x_wconf 77' lang='lat' dir='ltr'>qua</span> <span class='ocrx_word' id='word_1_258' title='bbox 1938 2185 2098 2251; x_wconf 84' lang='lat' dir='ltr'>parte</span> 
     </span>
    </p>
   </div>
   <div class='ocr_carea' id='block_1_35' title="bbox 449 2270 2097 2345">
    <p class='ocr_par' dir='ltr' id='par_1_35' title="bbox 449 2270 2097 2345">
     <span class='ocr_line' id='line_1_35' title="bbox 449 2270 2097 2345; baseline -0.004 -17"><span class='ocrx_word' id='word_1_259' title='bbox 449 2274 674 2329; x_wconf 87' lang='lat' dir='ltr'>utinam</span> <span class='ocrx_word' id='word_1_260' title='bbox 695 2273 821 2345; x_wconf 89' lang='lat' dir='ltr'>ipse</span> <span class='ocrx_word' id='word_1_261' title='bbox 844 2279 992 2329; x_wconf 87' lang='lat' dir='ltr'>stem</span> <span class='ocrx_word' id='word_1_262' title='bbox 1019 2291 1031 2328; x_wconf 88' lang='lat'><strong>:</strong></span> <span class='ocrx_word' id='word_1_263' title='bbox 1053 2289 1157 2328; x_wconf 91' lang='lat' dir='ltr'>nec</span> <span class='ocrx_word' id='word_1_264' title='bbox 1178 2273 1334 2328; x_wconf 90' lang='lat' dir='ltr'>enim</span> <span class='ocrx_word' id='word_1_265' title='bbox 1359 2272 1552 2341; x_wconf 84' lang='lat' dir='ltr'>majus</span> <span class='ocrx_word' id='word_1_266' title='bbox 1575 2270 1853 2341; x_wconf 86' lang='lat' dir='ltr'>quiddam</span> <span class='ocrx_word' id='word_1_267' title='bbox 1876 2271 2097 2340; x_wconf 87' lang='lat' dir='ltr'>jactare</span> 
     </span>
    </p>
   </div>
   <div class='ocr_carea' id='block_1_36' title="bbox 446 2357 2094 2433">
    <p class='ocr_par' dir='ltr' id='par_1_36' title="bbox 446 2357 2094 2433">
     <span class='ocr_line' id='line_1_36' title="bbox 446 2357 2094 2433; baseline -0.005 -16"><span class='ocrx_word' id='word_1_268' title='bbox 446 2364 663 2431; x_wconf 87' lang='lat' dir='ltr'>audeo;</span> <span class='ocrx_word' id='word_1_269' title='bbox 702 2379 816 2417; x_wconf 91' lang='lat' dir='ltr'>non</span> <span class='ocrx_word' id='word_1_270' title='bbox 841 2364 963 2433; x_wconf 88' lang='lat' dir='ltr'>jam</span> <span class='ocrx_word' id='word_1_271' title='bbox 998 2361 1296 2417; x_wconf 85' lang='lat' dir='ltr'>timiditati</span> <span class='ocrx_word' id='word_1_272' title='bbox 1330 2377 1490 2429; x_wconf 68' lang='lat' dir='ltr'>meae,</span> <span class='ocrx_word' id='word_1_273' title='bbox 1517 2360 1671 2414; x_wconf 88' lang='lat' dir='ltr'>sicut</span> <span class='ocrx_word' id='word_1_274' title='bbox 1702 2374 1807 2412; x_wconf 91' lang='lat' dir='ltr'>nec</span> <span class='ocrx_word' id='word_1_275' title='bbox 1846 2357 2094 2411; x_wconf 89' lang='lat' dir='ltr'>aliorum</span> 
     </span>
    </p>
   </div>
   <div class='ocr_carea' id='block_1_37' title="bbox 443 2446 2095 2522">
    <p class='ocr_par' dir='ltr' id='par_1_37' title="bbox 443 2446 2095 2522">
     <span class='ocr_line' id='line_1_37' title="bbox 443 2446 2095 2522; baseline -0.003 -18"><span class='ocrx_word' id='word_1_276' title='bbox 443 2450 689 2522; x_wconf 73' lang='lat' dir='ltr'>ignavias</span> <span class='ocrx_word' id='word_1_277' title='bbox 738 2468 804 2506; x_wconf 88' lang='lat' dir='ltr'>ac</span> <span class='ocrx_word' id='word_1_278' title='bbox 859 2452 1075 2506; x_wconf 89' lang='lat' dir='ltr'>mentis</span> <span class='ocrx_word' id='word_1_279' title='bbox 1133 2448 1522 2504; x_wconf 89' lang='lat' dir='ltr'>imbecillitati</span> <span class='ocrx_word' id='word_1_280' title='bbox 1574 2446 1875 2501; x_wconf 85' lang='lat' dir='ltr'>consulam</span> <span class='ocrx_word' id='word_1_281' title='bbox 1928 2446 2095 2515; x_wconf 86' lang='lat' dir='ltr'>(satis</span> 
     </span>
    </p>
   </div>
   <div class='ocr_carea' id='block_1_38' title="bbox 440 2533 2094 2610">
    <p class='ocr_par' dir='ltr' id='par_1_38' title="bbox 440 2533 2094 2610">
     <span class='ocr_line' id='line_1_38' title="bbox 440 2533 2094 2610; baseline -0.003 -17"><span class='ocrx_word' id='word_1_282' title='bbox 440 2539 655 2594; x_wconf 89' lang='lat' dir='ltr'>etenim</span> <span class='ocrx_word' id='word_1_283' title='bbox 689 2554 980 2610; x_wconf 87' lang='lat' dir='ltr'>superque</span> <span class='ocrx_word' id='word_1_284' title='bbox 1003 2538 1496 2610; x_wconf 86' lang='lat' dir='ltr'>dispensavimus,</span> <span class='ocrx_word' id='word_1_285' title='bbox 1522 2554 1629 2590; x_wconf 89' lang='lat' dir='ltr'>non</span> <span class='ocrx_word' id='word_1_286' title='bbox 1668 2535 1840 2589; x_wconf 92' lang='lat' dir='ltr'>modo</span> <span class='ocrx_word' id='word_1_287' title='bbox 1871 2533 2094 2588; x_wconf 89' lang='lat' dir='ltr'>alienos</span> 
     </span>
    </p>
   </div>
   <div class='ocr_carea' id='block_1_39' title="bbox 441 2625 2092 2697">
    <p class='ocr_par' dir='ltr' id='par_1_39' title="bbox 441 2625 2092 2697">
     <span class='ocr_line' id='line_1_39' title="bbox 441 2625 2092 2697; baseline -0.004 -16"><span class='ocrx_word' id='word_1_288' title='bbox 441 2628 611 2682; x_wconf 91' lang='lat' dir='ltr'>nobis</span> <span class='ocrx_word' id='word_1_289' title='bbox 644 2644 757 2682; x_wconf 93' lang='lat' dir='ltr'>non</span> <span class='ocrx_word' id='word_1_290' title='bbox 792 2628 1200 2697; x_wconf 86' lang='lat' dir='ltr'>adjungentes,</span> <span class='ocrx_word' id='word_1_291' title='bbox 1226 2626 1324 2680; x_wconf 91' lang='lat' dir='ltr'>sed</span> <span class='ocrx_word' id='word_1_292' title='bbox 1361 2630 1590 2680; x_wconf 88' lang='lat' dir='ltr'>nostros</span> <span class='ocrx_word' id='word_1_293' title='bbox 1616 2625 1791 2678; x_wconf 86' lang='lat' dir='ltr'>etiam</span> <span class='ocrx_word' id='word_1_294' title='bbox 1828 2638 2092 2677; x_wconf 89' lang='lat' dir='ltr'>corrum-</span> 
     </span>
    </p>
   </div>
   <div class='ocr_carea' id='block_1_40' title="bbox 445 2711 2088 2788">
    <p class='ocr_par' dir='ltr' id='par_1_40' title="bbox 445 2711 2088 2788">
     <span class='ocr_line' id='line_1_40' title="bbox 445 2711 2088 2788; baseline -0.004 -17"><span class='ocrx_word' id='word_1_295' title='bbox 445 2721 673 2788; x_wconf 91' lang='lat' dir='ltr'>pentes,</span> <span class='ocrx_word' id='word_1_296' title='bbox 706 2718 860 2787; x_wconf 90' lang='lat' dir='ltr'>quod</span> <span class='ocrx_word' id='word_1_297' title='bbox 912 2731 1053 2771; x_wconf 90' lang='lat' dir='ltr'>sane</span> <span class='ocrx_word' id='word_1_298' title='bbox 1105 2715 1395 2769; x_wconf 88' lang='lat' dir='ltr'>malorum</span> <span class='ocrx_word' id='word_1_299' title='bbox 1425 2713 1896 2785; x_wconf 87' lang='lat' dir='ltr'>dispensatorum</span> <span class='ocrx_word' id='word_1_300' title='bbox 1946 2711 2088 2781; x_wconf 87' lang='lat' dir='ltr'>est);</span> 
     </span>
    </p>
   </div>
   <div class='ocr_carea' id='block_1_41' title="bbox 2211 1997 3862 2089">
    <p class='ocr_par' dir='ltr' id='par_1_41' title="bbox 2211 1997 3862 2089">
     <span class='ocr_line' id='line_1_41' title="bbox 2211 1997 3862 2089; baseline 0.013 -38"><span class='ocrx_word' id='word_1_301' title='bbox 2211 2000 2444 2089; x_wconf 34' lang='grc' dir='ltr'>Θεονξοὶ</span> <span class='ocrx_word' id='word_1_302' title='bbox 2493 1997 2551 2055; x_wconf 71' lang='grc' dir='ltr'>δὶ</span> <span class='ocrx_word' id='word_1_303' title='bbox 2596 2003 2685 2089; x_wconf 81' lang='grc' dir='ltr'>καὶ</span> <span class='ocrx_word' id='word_1_304' title='bbox 2730 2003 3190 2080; x_wconf 65' lang='grc' dir='ltr'>παρρησιάζεσθαι</span> <span class='ocrx_word' id='word_1_305' title='bbox 3231 2013 3331 2080; x_wconf 70' lang='grc' dir='ltr'>τήν</span> <span class='ocrx_word' id='word_1_306' title='bbox 3382 2012 3662 2087; x_wconf 74' lang='grc' dir='ltr'>ἀλήθειαν,</span> <span class='ocrx_word' id='word_1_307' title='bbox 3696 1997 3765 2089; x_wconf 52' lang='grc' dir='ltr'>ἧς</span> <span class='ocrx_word' id='word_1_308' title='bbox 3801 2021 3862 2075; x_wconf 74' lang='grc' dir='ltr'>ἂν</span> 
     </span>
    </p>
   </div>
   <div class='ocr_carea' id='block_1_42' title="bbox 2211 2084 3867 2180">
    <p class='ocr_par' dir='ltr' id='par_1_42' title="bbox 2211 2084 3867 2180">
     <span class='ocr_line' id='line_1_42' title="bbox 2211 2084 3867 2180; baseline 0.016 -41"><span class='ocrx_word' id='word_1_309' title='bbox 2211 2084 2323 2157; x_wconf 85' lang='grc' dir='ltr'>εἷἠν</span> <span class='ocrx_word' id='word_1_310' title='bbox 2359 2088 2463 2163; x_wconf 84' lang='grc' dir='ltr'>ἐγὼ</span> <span class='ocrx_word' id='word_1_311' title='bbox 2506 2088 2747 2180; x_wconf 58' lang='grc' dir='ltr'>μερίδος</span> <span class='ocrx_word' id='word_1_312' title='bbox 2784 2092 2845 2146; x_wconf 79' lang='grc' dir='ltr'>οὐ</span> <span class='ocrx_word' id='word_1_313' title='bbox 2875 2096 2979 2169; x_wconf 76' lang='grc' dir='ltr'>γὰρ</span> <span class='ocrx_word' id='word_1_314' title='bbox 3026 2094 3223 2170; x_wconf 81' lang='grc' dir='ltr'>τολμῶ</span> <span class='ocrx_word' id='word_1_315' title='bbox 3270 2122 3322 2155; x_wconf 90' lang='grc' dir='ltr'>τι</span> <span class='ocrx_word' id='word_1_316' title='bbox 3376 2084 3541 2159; x_wconf 85' lang='grc' dir='ltr'>πλέον</span> <span class='ocrx_word' id='word_1_317' title='bbox 3720 2084 3867 2164; x_wconf 20' lang='grc' dir='ltr'>*καυ-</span> 
     </span>
    </p>
   </div>
   <div class='ocr_carea' id='block_1_43' title="bbox 2208 2178 3862 2266">
    <p class='ocr_par' dir='ltr' id='par_1_43' title="bbox 2208 2178 3862 2266">
     <span class='ocr_line' id='line_1_43' title="bbox 2208 2178 3862 2266; baseline 0.015 -38"><span class='ocrx_word' id='word_1_318' title='bbox 2208 2179 2502 2266; x_wconf 68' lang='grc' dir='ltr'>χήσασθαι,</span> <span class='ocrx_word' id='word_1_319' title='bbox 2549 2178 2742 2250; x_wconf 81' lang='grc' dir='ltr'>μηκέτι</span> <span class='ocrx_word' id='word_1_320' title='bbox 2789 2182 2888 2249; x_wconf 83' lang='grc' dir='ltr'>τήν</span> <span class='ocrx_word' id='word_1_321' title='bbox 2935 2182 3071 2256; x_wconf 74' lang='grc' dir='ltr'>ἐμὴν</span> <span class='ocrx_word' id='word_1_322' title='bbox 3121 2184 3327 2243; x_wconf 76' lang='grc' dir='ltr'>δειλίαν</span> <span class='ocrx_word' id='word_1_323' title='bbox 3380 2178 3732 2266; x_wconf 80' lang='grc' dir='ltr'>οἰκονομῶν,</span> <span class='ocrx_word' id='word_1_324' title='bbox 3784 2199 3862 2261; x_wconf 86' lang='grc' dir='ltr'>ὡς</span> 
     </span>
    </p>
   </div>
   <div class='ocr_carea' id='block_1_44' title="bbox 2209 2261 3863 2359">
    <p class='ocr_par' dir='ltr' id='par_1_44' title="bbox 2209 2261 3863 2359">
     <span class='ocr_line' id='line_1_44' title="bbox 2209 2261 3863 2359; baseline 0.015 -42"><span class='ocrx_word' id='word_1_325' title='bbox 2209 2261 2274 2332; x_wconf 83' lang='grc' dir='ltr'>δὴ</span> <span class='ocrx_word' id='word_1_326' title='bbox 2469 2270 2576 2320; x_wconf 84' lang='grc' dir='ltr'>τῶν</span> <span class='ocrx_word' id='word_1_327' title='bbox 2630 2270 2964 2359; x_wconf 82' lang='grc' dir='ltr'>σαθροτέρων</span> <span class='ocrx_word' id='word_1_328' title='bbox 3016 2271 3255 2330; x_wconf 83' lang='grc' dir='ltr'>διάνοιαν</span> <span class='ocrx_word' id='word_1_329' title='bbox 3308 2280 3529 2352; x_wconf 76' lang='grc' dir='ltr'>(ἱκανῶς</span> <span class='ocrx_word' id='word_1_330' title='bbox 3569 2261 3683 2358; x_wconf 77' lang='grc' dir='ltr'>γὰρ</span> <span class='ocrx_word' id='word_1_331' title='bbox 3717 2261 3863 2359; x_wconf 63' lang='grc' dir='ltr'><strong><em>ιζ)κο-</em></strong></span> 
     </span>
    </p>
   </div>
   <div class='ocr_carea' id='block_1_45' title="bbox 2205 2355 3860 2444">
    <p class='ocr_par' dir='ltr' id='par_1_45' title="bbox 2205 2355 3860 2444">
     <span class='ocr_line' id='line_1_45' title="bbox 2205 2355 3860 2444; baseline 0.015 -38"><span class='ocrx_word' id='word_1_332' title='bbox 2205 2355 2543 2426; x_wconf 77' lang='grc' dir='ltr'>νομήσαμεν,</span> <span class='ocrx_word' id='word_1_333' title='bbox 2582 2358 2719 2427; x_wconf 69' lang='grc' dir='ltr'>μήτε</span> <span class='ocrx_word' id='word_1_334' title='bbox 2749 2360 2809 2411; x_wconf 89' lang='grc' dir='ltr'>τὸ</span> <span class='ocrx_word' id='word_1_335' title='bbox 2839 2358 3134 2437; x_wconf 85' lang='grc' dir='ltr'>ἀλλότριον</span> <span class='ocrx_word' id='word_1_336' title='bbox 3178 2355 3714 2444; x_wconf 76' lang='grc' dir='ltr'>προσλαμϐάνοντες,</span> <span class='ocrx_word' id='word_1_337' title='bbox 3736 2355 3744 2359; x_wconf 21' lang='grc' dir='ltr'><strong>ν</strong></span> <span class='ocrx_word' id='word_1_338' title='bbox 3766 2376 3860 2430; x_wconf 83' lang='grc' dir='ltr'>καί</span> 
     </span>
    </p>
   </div>
   <div class='ocr_carea' id='block_1_46' title="bbox 2202 2444 3860 2522">
    <p class='ocr_par' dir='ltr' id='par_1_46' title="bbox 2202 2444 3860 2522">
     <span class='ocr_line' id='line_1_46' title="bbox 2202 2444 3860 2522; baseline 0.015 -27"><span class='ocrx_word' id='word_1_339' title='bbox 2202 2444 2263 2496; x_wconf 90' lang='grc' dir='ltr'>τὸ</span> <span class='ocrx_word' id='word_1_340' title='bbox 2292 2445 2561 2519; x_wconf 81' lang='grc' dir='ltr'>ἡμέτερον</span> <span class='ocrx_word' id='word_1_341' title='bbox 2590 2447 2915 2522; x_wconf 74' lang='grc' dir='ltr'>φθείροντες,</span> <span class='ocrx_word' id='word_1_342' title='bbox 2950 2451 2979 2503; x_wconf 78' lang='grc' dir='ltr'>ὅ</span> <span class='ocrx_word' id='word_1_343' title='bbox 3009 2458 3187 2507; x_wconf 79' lang='grc' dir='ltr'>κακῶν</span> <span class='ocrx_word' id='word_1_344' title='bbox 3229 2450 3398 2519; x_wconf 84' lang='grc' dir='ltr'>ὅντως</span> <span class='ocrx_word' id='word_1_345' title='bbox 3448 2458 3585 2514; x_wconf 76' lang='grc' dir='ltr'>ἐστὶν</span> <span class='ocrx_word' id='word_1_346' title='bbox 3637 2462 3860 2519; x_wconf 79' lang='grc' dir='ltr'>οἰκονό-</span> 
     </span>
    </p>
   </div>
   <div class='ocr_carea' id='block_1_47' title="bbox 2207 2530 3863 2619">
    <p class='ocr_par' dir='ltr' id='par_1_47' title="bbox 2207 2530 3863 2619">
     <span class='ocr_line' id='line_1_47' title="bbox 2207 2530 3863 2619; baseline 0.016 -37"><span class='ocrx_word' id='word_1_347' title='bbox 2207 2534 2362 2619; x_wconf 86' lang='grc' dir='ltr'>μων)·</span> <span class='ocrx_word' id='word_1_348' title='bbox 2397 2530 2520 2586; x_wconf 78' lang='grc' dir='ltr'>ἀλλ’</span> <span class='ocrx_word' id='word_1_349' title='bbox 2550 2533 2626 2595; x_wconf 70' lang='grc' dir='ltr'>εἷς</span> <span class='ocrx_word' id='word_1_350' title='bbox 2653 2538 2765 2611; x_wconf 71' lang='grc' dir='ltr'>φῶς</span> <span class='ocrx_word' id='word_1_351' title='bbox 2796 2537 2939 2612; x_wconf 74' lang='grc' dir='ltr'>ἄγων</span> <span class='ocrx_word' id='word_1_352' title='bbox 2984 2541 3073 2593; x_wconf 87' lang='grc' dir='ltr'>τὸν</span> <span class='ocrx_word' id='word_1_353' title='bbox 3128 2539 3311 2613; x_wconf 79' lang='grc' dir='ltr'>τόκον,</span> <span class='ocrx_word' id='word_1_354' title='bbox 3368 2547 3457 2600; x_wconf 79' lang='grc' dir='ltr'>καὶ</span> <span class='ocrx_word' id='word_1_355' title='bbox 3509 2552 3643 2619; x_wconf 89' lang='grc' dir='ltr'>μετά</span> <span class='ocrx_word' id='word_1_356' title='bbox 3694 2573 3863 2607; x_wconf 86' lang='grc' dir='ltr'>σπου-</span> 
     </span>
    </p>
   </div>
   <div class='ocr_carea' id='block_1_48' title="bbox 2203 2616 3859 2714">
    <p class='ocr_par' dir='ltr' id='par_1_48' title="bbox 2203 2616 3859 2714">
     <span class='ocr_line' id='line_1_48' title="bbox 2203 2616 3859 2714; baseline 0.013 -42"><span class='ocrx_word' id='word_1_357' title='bbox 2203 2616 2303 2714; x_wconf 57' lang='grc' dir='ltr'>’όῆς</span> <span class='ocrx_word' id='word_1_358' title='bbox 2332 2619 2620 2714; x_wconf 53' lang='grc' dir='ltr'>ἔπτρέιρων,</span> <span class='ocrx_word' id='word_1_359' title='bbox 2652 2623 2741 2677; x_wconf 79' lang='grc' dir='ltr'>καὶ</span> <span class='ocrx_word' id='word_1_360' title='bbox 2770 2632 2889 2688; x_wconf 82' lang='grc' dir='ltr'>ταῖς</span> <span class='ocrx_word' id='word_1_361' title='bbox 2923 2629 3169 2685; x_wconf 78' lang='grc' dir='ltr'>ἁπάντων</span> <span class='ocrx_word' id='word_1_362' title='bbox 3200 2627 3354 2706; x_wconf 79' lang='grc' dir='ltr'>ὄψεσι</span> <span class='ocrx_word' id='word_1_363' title='bbox 3384 2616 3667 2709; x_wconf 63' lang='grc' dir='ltr'>προτιθεὶς</span> <span class='ocrx_word' id='word_1_364' title='bbox 3716 2644 3859 2714; x_wconf 82' lang='grc'>(35),</span> 
     </span>
    </p>
   </div>
   <div class='ocr_carea' id='block_1_49' title="bbox 2201 2707 2716 2783">
    <p class='ocr_par' dir='ltr' id='par_1_49' title="bbox 2201 2707 2716 2783">
     <span class='ocr_line' id='line_1_49' title="bbox 2201 2707 2716 2783; baseline 0.008 -21"><span class='ocrx_word' id='word_1_365' title='bbox 2201 2707 2282 2762; x_wconf 81' lang='grc' dir='ltr'>ἀεὶ</span> <span class='ocrx_word' id='word_1_366' title='bbox 2310 2709 2716 2783; x_wconf 74' lang='grc' dir='ltr'>τελειούμενον.</span> 
     </span>
    </p>
   </div>
   <div class='ocr_carea' id='block_1_50' title="bbox 441 2798 3859 2877">
    <p class='ocr_par' dir='ltr' id='par_1_50' title="bbox 441 2798 3859 2877">
     <span class='ocr_line' id='line_1_50' title="bbox 441 2798 3859 2877; baseline 0.005 -19"><span class='ocrx_word' id='word_1_367' title='bbox 441 2820 646 2859; x_wconf 90' lang='lat' dir='ltr'>verum</span> <span class='ocrx_word' id='word_1_368' title='bbox 681 2809 914 2876; x_wconf 87' lang='lat' dir='ltr'>partum</span> <span class='ocrx_word' id='word_1_369' title='bbox 948 2804 1007 2859; x_wconf 91' lang='lat' dir='ltr'>in</span> <span class='ocrx_word' id='word_1_370' title='bbox 1042 2804 1230 2859; x_wconf 90' lang='lat' dir='ltr'>lucem</span> <span class='ocrx_word' id='word_1_371' title='bbox 1263 2803 1499 2858; x_wconf 74' lang='lat' dir='ltr'>efferam</span> <span class='ocrx_word' id='word_1_372' title='bbox 1551 2807 1607 2857; x_wconf 89' lang='lat' dir='ltr'>et</span> <span class='ocrx_word' id='word_1_373' title='bbox 1655 2806 1927 2856; x_wconf 84' lang='lat' dir='ltr'>accurate</span> <span class='ocrx_word' id='word_1_374' title='bbox 1974 2798 2231 2854; x_wconf 87' lang='lat' dir='ltr'>nutriam</span> <span class='ocrx_word' id='word_1_375' title='bbox 2264 2804 2437 2871; x_wconf 90' lang='lat' dir='ltr'>atque</span> <span class='ocrx_word' id='word_1_376' title='bbox 2468 2802 2727 2871; x_wconf 90' lang='lat' dir='ltr'>quotidie</span> <span class='ocrx_word' id='word_1_377' title='bbox 2758 2815 3167 2877; x_wconf 89' lang='lat' dir='ltr'>augeseentem</span> <span class='ocrx_word' id='word_1_378' title='bbox 3200 2813 3478 2871; x_wconf 88' lang='lat' dir='ltr'>omnibus</span> <span class='ocrx_word' id='word_1_379' title='bbox 3525 2815 3597 2871; x_wconf 90' lang='lat' dir='ltr'>ob</span> <span class='ocrx_word' id='word_1_380' title='bbox 3648 2818 3859 2876; x_wconf 91' lang='lat' dir='ltr'>oculos</span> 
     </span>
    </p>
   </div>
   <div class='ocr_carea' id='block_1_51' title="bbox 436 2909 780 2965">
    <p class='ocr_par' dir='ltr' id='par_1_51' title="bbox 436 2909 780 2965">
     <span class='ocr_line' id='line_1_51' title="bbox 436 2909 780 2965; baseline 0.003 -18"><span class='ocrx_word' id='word_1_381' title='bbox 436 2909 780 2965; x_wconf 89' lang='lat' dir='ltr'>proponam.</span> 
     </span>
    </p>
   </div>
   <div class='ocr_carea' id='block_1_52' title="bbox 506 2975 2085 3057">
    <p class='ocr_par' dir='ltr' id='par_1_52' title="bbox 506 2977 2080 3037">
     <span class='ocr_line' id='line_1_52' title="bbox 506 2977 2080 3037; baseline -0.004 0"><span class='ocrx_word' id='word_1_382' title='bbox 506 2980 720 3037; x_wconf 85' lang='lat' dir='ltr'>XXXV.</span> <span class='ocrx_word' id='word_1_383' title='bbox 752 2982 863 3037; x_wconf 87' lang='lat' dir='ltr'>Sed</span> <span class='ocrx_word' id='word_1_384' title='bbox 896 2981 1001 3036; x_wconf 90' lang='lat' dir='ltr'>hoc</span> <span class='ocrx_word' id='word_1_385' title='bbox 1051 2981 1108 3035; x_wconf 93' lang='lat' dir='ltr'>in</span> <span class='ocrx_word' id='word_1_386' title='bbox 1138 2980 1236 3036; x_wconf 87' lang='lat' dir='ltr'>illo</span> <span class='ocrx_word' id='word_1_387' title='bbox 1269 2980 1464 3035; x_wconf 89' lang='lat' dir='ltr'>minus</span> <span class='ocrx_word' id='word_1_388' title='bbox 1509 2977 1915 3034; x_wconf 90' lang='lat' dir='ltr'>admirationis</span> <span class='ocrx_word' id='word_1_389' title='bbox 1962 2993 2080 3031; x_wconf 82' lang='lat' dir='ltr'>me-</span> 
     </span>
    </p>
   </div>
   <div class='ocr_carea' id='block_1_53' title="bbox 2195 2975 3856 3057">
    <p class='ocr_par' dir='ltr' id='par_1_53' title="bbox 2266 2975 3856 3057">
     <span class='ocr_line' id='line_1_53' title="bbox 2266 2975 3856 3057; baseline 0.015 -32"><span class='ocrx_word' id='word_1_390' title='bbox 2266 2975 2386 3032; x_wconf 84' lang='lat' dir='ltr'>AE&#39;.</span> <span class='ocrx_word' id='word_1_391' title='bbox 2439 2979 2606 3030; x_wconf 82' lang='grc' dir='ltr'>Τοῦτο</span> <span class='ocrx_word' id='word_1_392' title='bbox 2661 2977 2753 3048; x_wconf 78' lang='grc' dir='ltr'>μὶν</span> <span class='ocrx_word' id='word_1_393' title='bbox 2806 2977 2895 3033; x_wconf 85' lang='grc' dir='ltr'>οὗν</span> <span class='ocrx_word' id='word_1_394' title='bbox 2946 2984 3057 3056; x_wconf 86' lang='grc'>(36)</span> <span class='ocrx_word' id='word_1_395' title='bbox 3105 2984 3267 3052; x_wconf 81' lang='grc' dir='ltr'>ἦττον</span> <span class='ocrx_word' id='word_1_396' title='bbox 3316 2991 3423 3042; x_wconf 81' lang='grc' dir='ltr'>τῶν</span> <span class='ocrx_word' id='word_1_397' title='bbox 3470 2988 3674 3046; x_wconf 66' lang='grc' dir='ltr'>ἐκείνου</span> <span class='ocrx_word' id='word_1_398' title='bbox 3728 3005 3856 3057; x_wconf 71' lang='lat' dir='ltr'>Gau-</span> 
     </span>
    </p>
   </div>
   <div class='ocr_carea' id='block_1_54' title="bbox 435 3066 2083 3142">
    <p class='ocr_par' dir='ltr' id='par_1_54' title="bbox 435 3066 2083 3142">
     <span class='ocr_line' id='line_1_54' title="bbox 435 3066 2083 3142; baseline -0.004 -17"><span class='ocrx_word' id='word_1_399' title='bbox 435 3071 547 3126; x_wconf 91' lang='lat' dir='ltr'>reri</span> <span class='ocrx_word' id='word_1_400' title='bbox 579 3071 827 3126; x_wconf 89' lang='lat' dir='ltr'>videtur.</span> <span class='ocrx_word' id='word_1_401' title='bbox 859 3070 1002 3126; x_wconf 90' lang='lat' dir='ltr'>Nam</span> <span class='ocrx_word' id='word_1_402' title='bbox 1036 3071 1134 3142; x_wconf 90' lang='lat' dir='ltr'>qui</span> <span class='ocrx_word' id='word_1_403' title='bbox 1169 3086 1228 3125; x_wconf 89' lang='lat' dir='ltr'>re</span> <span class='ocrx_word' id='word_1_404' title='bbox 1258 3072 1386 3142; x_wconf 89' lang='lat' dir='ltr'>ipsa</span> <span class='ocrx_word' id='word_1_405' title='bbox 1439 3085 1541 3141; x_wconf 91' lang='lat' dir='ltr'>pro</span> <span class='ocrx_word' id='word_1_406' title='bbox 1573 3069 1833 3122; x_wconf 87' lang='lat' dir='ltr'>veritatis</span> <span class='ocrx_word' id='word_1_407' title='bbox 1886 3066 2083 3121; x_wconf 87' lang='lat' dir='ltr'>defen-</span> 
     </span>
    </p>
   </div>
   <div class='ocr_carea' id='block_1_55' title="bbox 437 3155 2084 3231">
    <p class='ocr_par' dir='ltr' id='par_1_55' title="bbox 437 3155 2084 3231">
     <span class='ocr_line' id='line_1_55' title="bbox 437 3155 2084 3231; baseline -0.004 -17"><span class='ocrx_word' id='word_1_408' title='bbox 437 3159 600 3214; x_wconf 84' lang='lat' dir='ltr'>sione</span> <span class='ocrx_word' id='word_1_409' title='bbox 623 3158 898 3231; x_wconf 90' lang='lat' dir='ltr'>periculis</span> <span class='ocrx_word' id='word_1_410' title='bbox 923 3176 984 3214; x_wconf 88' lang='lat' dir='ltr'>se</span> <span class='ocrx_word' id='word_1_411' title='bbox 1007 3158 1466 3230; x_wconf 89' lang='lat' dir='ltr'>objecerat,quid</span> <span class='ocrx_word' id='word_1_412' title='bbox 1492 3158 1728 3223; x_wconf 84' lang='lat' dir='ltr'>mirum,</span> <span class='ocrx_word' id='word_1_413' title='bbox 1745 3158 1792 3210; x_wconf 88' lang='lat' dir='ltr'>si</span> <span class='ocrx_word' id='word_1_414' title='bbox 1817 3155 2084 3209; x_wconf 89' lang='lat' dir='ltr'>eamdem</span> 
     </span>
    </p>
   </div>
   <div class='ocr_carea' id='block_1_56' title="bbox 436 3245 2080 3318">
    <p class='ocr_par' dir='ltr' id='par_1_56' title="bbox 436 3245 2080 3318">
     <span class='ocr_line' id='line_1_56' title="bbox 436 3245 2080 3318; baseline -0.002 -18"><span class='ocrx_word' id='word_1_415' title='bbox 436 3247 652 3318; x_wconf 89' lang='lat' dir='ltr'>scripto</span> <span class='ocrx_word' id='word_1_416' title='bbox 683 3250 988 3303; x_wconf 88' lang='lat' dir='ltr'>confessus</span> <span class='ocrx_word' id='word_1_417' title='bbox 1019 3247 1137 3302; x_wconf 81' lang='lat' dir='ltr'>sit?</span> <span class='ocrx_word' id='word_1_418' title='bbox 1168 3248 1328 3312; x_wconf 89' lang='lat' dir='ltr'>Quod</span> <span class='ocrx_word' id='word_1_419' title='bbox 1362 3263 1496 3300; x_wconf 92' lang='lat' dir='ltr'>vero</span> <span class='ocrx_word' id='word_1_420' title='bbox 1528 3245 1672 3299; x_wconf 89' lang='lat' dir='ltr'>mihi</span> <span class='ocrx_word' id='word_1_421' title='bbox 1707 3248 1762 3298; x_wconf 90' lang='lat' dir='ltr'>in</span> <span class='ocrx_word' id='word_1_422' title='bbox 1797 3245 1922 3315; x_wconf 89' lang='lat' dir='ltr'>ipso</span> <span class='ocrx_word' id='word_1_423' title='bbox 1956 3260 2080 3297; x_wconf 81' lang='lat' dir='ltr'>ma-</span> 
     </span>
    </p>
   </div>
   <div class='ocr_carea' id='block_1_57' title="bbox 429 3334 2081 3407">
    <p class='ocr_par' dir='ltr' id='par_1_57' title="bbox 429 3334 2081 3407">
     <span class='ocr_line' id='line_1_57' title="bbox 429 3334 2081 3407; baseline -0.002 -18"><span class='ocrx_word' id='word_1_424' title='bbox 429 3335 583 3390; x_wconf 82' lang='lat' dir='ltr'>xime</span> <span class='ocrx_word' id='word_1_425' title='bbox 637 3337 837 3391; x_wconf 88' lang='lat' dir='ltr'>mirari</span> <span class='ocrx_word' id='word_1_426' title='bbox 887 3336 1066 3402; x_wconf 84' lang='lat' dir='ltr'>subit,</span> <span class='ocrx_word' id='word_1_427' title='bbox 1118 3337 1392 3407; x_wconf 90' lang='lat' dir='ltr'>quodque</span> <span class='ocrx_word' id='word_1_428' title='bbox 1441 3351 1555 3389; x_wconf 90' lang='lat' dir='ltr'>non</span> <span class='ocrx_word' id='word_1_429' title='bbox 1605 3337 1751 3387; x_wconf 83' lang='lat' dir='ltr'>citra</span> <span class='ocrx_word' id='word_1_430' title='bbox 1798 3334 2081 3387; x_wconf 89' lang='lat' dir='ltr'>damnum</span> 
     </span>
    </p>
   </div>
   <div class='ocr_carea' id='block_1_58' title="bbox 429 3424 2081 3496">
    <p class='ocr_par' dir='ltr' id='par_1_58' title="bbox 429 3424 2081 3496">
     <span class='ocr_line' id='line_1_58' title="bbox 429 3424 2081 3496; baseline -0.005 -13"><span class='ocrx_word' id='word_1_431' title='bbox 429 3424 666 3483; x_wconf 90' lang='lat' dir='ltr'>silentio</span> <span class='ocrx_word' id='word_1_432' title='bbox 697 3426 978 3496; x_wconf 65' lang='lat' dir='ltr'>praeteriri</span> <span class='ocrx_word' id='word_1_433' title='bbox 1012 3430 1220 3495; x_wconf 87' lang='lat' dir='ltr'>potest,</span> <span class='ocrx_word' id='word_1_434' title='bbox 1247 3425 1352 3479; x_wconf 87' lang='lat' dir='ltr'>hac</span> <span class='ocrx_word' id='word_1_435' title='bbox 1385 3425 1706 3495; x_wconf 59' lang='lat' dir='ltr'>praesertim</span> <span class='ocrx_word' id='word_1_436' title='bbox 1734 3425 2081 3493; x_wconf 87' lang='lat' dir='ltr'>tempestate</span> 
     </span>
    </p>
   </div>
   <div class='ocr_carea' id='block_1_59' title="bbox 429 3510 2079 3587">
    <p class='ocr_par' dir='ltr' id='par_1_59' title="bbox 429 3510 2079 3587">
     <span class='ocr_line' id='line_1_59' title="bbox 429 3510 2079 3587; baseline -0.002 -19"><span class='ocrx_word' id='word_1_437' title='bbox 429 3531 547 3587; x_wconf 89' lang='lat' dir='ltr'>qua</span> <span class='ocrx_word' id='word_1_438' title='bbox 571 3515 764 3568; x_wconf 72' lang='lat' dir='ltr'>multae</span> <span class='ocrx_word' id='word_1_439' title='bbox 789 3514 1189 3569; x_wconf 88' lang='lat' dir='ltr'>contentiones</span> <span class='ocrx_word' id='word_1_440' title='bbox 1215 3513 1577 3583; x_wconf 86' lang='lat' dir='ltr'>dissidiaque</span> <span class='ocrx_word' id='word_1_441' title='bbox 1602 3513 1945 3583; x_wconf 87' lang='lat' dir='ltr'>gignuntur,</span> <span class='ocrx_word' id='word_1_442' title='bbox 1972 3510 2079 3565; x_wconf 89' lang='lat' dir='ltr'>hoc</span> 
     </span>
    </p>
   </div>
   <div class='ocr_carea' id='block_1_60' title="bbox 426 3599 2077 3674">
    <p class='ocr_par' dir='ltr' id='par_1_60' title="bbox 426 3599 2077 3674">
     <span class='ocr_line' id='line_1_60' title="bbox 426 3599 2077 3674; baseline -0.002 -16"><span class='ocrx_word' id='word_1_443' title='bbox 426 3603 618 3658; x_wconf 86' lang='lat' dir='ltr'>adhuc</span> <span class='ocrx_word' id='word_1_444' title='bbox 651 3603 1055 3674; x_wconf 83' lang='lat' dir='ltr'>superioribus</span> <span class='ocrx_word' id='word_1_445' title='bbox 1086 3604 1382 3673; x_wconf 87' lang='lat' dir='ltr'>adjiciam.</span> <span class='ocrx_word' id='word_1_446' title='bbox 1408 3603 1551 3657; x_wconf 90' lang='lat' dir='ltr'>Nam</span> <span class='ocrx_word' id='word_1_447' title='bbox 1584 3603 1678 3657; x_wconf 90' lang='lat' dir='ltr'>his</span> <span class='ocrx_word' id='word_1_448' title='bbox 1708 3617 1957 3673; x_wconf 87' lang='lat' dir='ltr'>quoque,</span> <span class='ocrx_word' id='word_1_449' title='bbox 1978 3599 2077 3672; x_wconf 92' lang='lat' dir='ltr'>qui</span> 
     </span>
    </p>
   </div>
   <div class='ocr_carea' id='block_1_61' title="bbox 430 3689 2076 3763">
    <p class='ocr_par' dir='ltr' id='par_1_61' title="bbox 430 3689 2076 3763">
     <span class='ocr_line' id='line_1_61' title="bbox 430 3689 2076 3763; baseline -0.002 -16"><span class='ocrx_word' id='word_1_450' title='bbox 430 3709 589 3748; x_wconf 90' lang='lat' dir='ltr'>nunc</span> <span class='ocrx_word' id='word_1_451' title='bbox 618 3693 840 3763; x_wconf 87' lang='lat' dir='ltr'>vivunt,</span> <span class='ocrx_word' id='word_1_452' title='bbox 873 3692 993 3748; x_wconf 68' lang='lat' dir='ltr'>haec</span> <span class='ocrx_word' id='word_1_453' title='bbox 1042 3693 1191 3748; x_wconf 90' lang='lat' dir='ltr'>actio</span> <span class='ocrx_word' id='word_1_454' title='bbox 1222 3693 1488 3748; x_wconf 91' lang='lat' dir='ltr'>doctrina</span> <span class='ocrx_word' id='word_1_455' title='bbox 1529 3707 1653 3747; x_wconf 80' lang='lat' dir='ltr'>esse</span> <span class='ocrx_word' id='word_1_456' title='bbox 1682 3696 1874 3761; x_wconf 88' lang='lat' dir='ltr'>queat,</span> <span class='ocrx_word' id='word_1_457' title='bbox 1909 3689 1957 3745; x_wconf 91' lang='lat' dir='ltr'>si</span> <span class='ocrx_word' id='word_1_458' title='bbox 1988 3690 2076 3761; x_wconf 85' lang='lat' dir='ltr'>ip-</span> 
     </span>
    </p>
   </div>
   <div class='ocr_carea' id='block_1_62' title="bbox 425 3780 2076 3853">
    <p class='ocr_par' dir='ltr' id='par_1_62' title="bbox 425 3780 2076 3853">
     <span class='ocr_line' id='line_1_62' title="bbox 425 3780 2076 3853; baseline -0.001 -17"><span class='ocrx_word' id='word_1_459' title='bbox 425 3798 556 3837; x_wconf 90' lang='lat' dir='ltr'>sum</span> <span class='ocrx_word' id='word_1_460' title='bbox 609 3781 779 3836; x_wconf 88' lang='lat' dir='ltr'>nobis</span> <span class='ocrx_word' id='word_1_461' title='bbox 825 3780 1176 3837; x_wconf 89' lang='lat' dir='ltr'>imitandum</span> <span class='ocrx_word' id='word_1_462' title='bbox 1223 3797 1641 3853; x_wconf 81' lang='lat' dir='ltr'>proponamus.</span> <span class='ocrx_word' id='word_1_463' title='bbox 1685 3780 2076 3845; x_wconf 88' lang='lat' dir='ltr'>Quemadmo-</span> 
     </span>
    </p>
   </div>
   <div class='ocr_carea' id='block_1_63' title="bbox 422 3870 2076 3942">
    <p class='ocr_par' dir='ltr' id='par_1_63' title="bbox 422 3870 2076 3942">
     <span class='ocr_line' id='line_1_63' title="bbox 422 3870 2076 3942; baseline -0.001 -17"><span class='ocrx_word' id='word_1_464' title='bbox 422 3871 562 3926; x_wconf 90' lang='lat' dir='ltr'>dum</span> <span class='ocrx_word' id='word_1_465' title='bbox 597 3870 752 3925; x_wconf 90' lang='lat' dir='ltr'>enim</span> <span class='ocrx_word' id='word_1_466' title='bbox 787 3871 859 3925; x_wconf 90' lang='lat' dir='ltr'>ab</span> <span class='ocrx_word' id='word_1_467' title='bbox 912 3887 1030 3926; x_wconf 89' lang='lat' dir='ltr'>una</span> <span class='ocrx_word' id='word_1_468' title='bbox 1058 3874 1115 3926; x_wconf 89' lang='lat' dir='ltr'>et</span> <span class='ocrx_word' id='word_1_469' title='bbox 1144 3870 1349 3926; x_wconf 83' lang='lat' dir='ltr'>eadem</span> <span class='ocrx_word' id='word_1_470' title='bbox 1381 3887 1535 3942; x_wconf 88' lang='lat' dir='ltr'>aqua</span> <span class='ocrx_word' id='word_1_471' title='bbox 1584 3886 1697 3925; x_wconf 90' lang='lat' dir='ltr'>non</span> <span class='ocrx_word' id='word_1_472' title='bbox 1749 3874 1975 3924; x_wconf 88' lang='lat' dir='ltr'>tantum</span> <span class='ocrx_word' id='word_1_473' title='bbox 2008 3885 2076 3924; x_wconf 88' lang='lat' dir='ltr'>ea</span> 
     </span>
    </p>
   </div>
   <div class='ocr_carea' id='block_1_64' title="bbox 423 3958 2071 4031">
    <p class='ocr_par' dir='ltr' id='par_1_64' title="bbox 423 3958 2071 4031">
     <span class='ocr_line' id='line_1_64' title="bbox 423 3958 2071 4031; baseline -0.001 -18"><span class='ocrx_word' id='word_1_474' title='bbox 423 3976 558 4030; x_wconf 90' lang='lat' dir='ltr'>pars</span> <span class='ocrx_word' id='word_1_475' title='bbox 590 3960 976 4031; x_wconf 84' lang='lat' dir='ltr'>disjungitur,</span> <span class='ocrx_word' id='word_1_476' title='bbox 1012 3976 1186 4031; x_wconf 89' lang='lat' dir='ltr'>quam</span> <span class='ocrx_word' id='word_1_477' title='bbox 1239 3976 1450 4015; x_wconf 89' lang='lat' dir='ltr'>manus</span> <span class='ocrx_word' id='word_1_478' title='bbox 1482 3959 1633 4014; x_wconf 87' lang='lat' dir='ltr'>inter</span> <span class='ocrx_word' id='word_1_479' title='bbox 1679 3958 2071 4012; x_wconf 89' lang='lat' dir='ltr'>hauriendum</span> 
     </span>
    </p>
   </div>
   <div class='ocr_carea' id='block_1_65' title="bbox 420 4044 2073 4119">
    <p class='ocr_par' dir='ltr' id='par_1_65' title="bbox 420 4044 2073 4119">
     <span class='ocr_line' id='line_1_65' title="bbox 420 4044 2073 4119; baseline -0.001 -18"><span class='ocrx_word' id='word_1_480' title='bbox 420 4048 674 4118; x_wconf 87' lang='lat' dir='ltr'>reliquit,</span> <span class='ocrx_word' id='word_1_481' title='bbox 703 4064 904 4102; x_wconf 90' lang='lat' dir='ltr'>verum</span> <span class='ocrx_word' id='word_1_482' title='bbox 938 4048 994 4102; x_wconf 93' lang='lat' dir='ltr'>id</span> <span class='ocrx_word' id='word_1_483' title='bbox 1025 4050 1201 4104; x_wconf 88' lang='lat' dir='ltr'>etiam</span> <span class='ocrx_word' id='word_1_484' title='bbox 1247 4049 1399 4119; x_wconf 93' lang='lat' dir='ltr'>quod</span> <span class='ocrx_word' id='word_1_485' title='bbox 1455 4064 1633 4102; x_wconf 89' lang='lat' dir='ltr'>manu</span> <span class='ocrx_word' id='word_1_486' title='bbox 1684 4044 2073 4117; x_wconf 82' lang='lat' dir='ltr'>comprehen-</span> 
     </span>
    </p>
   </div>
   <div class='ocr_carea' id='block_1_66' title="bbox 2199 3063 3849 3154">
    <p class='ocr_par' dir='ltr' id='par_1_66' title="bbox 2199 3063 3849 3154">
     <span class='ocr_line' id='line_1_66' title="bbox 2199 3063 3849 3154; baseline 0.007 -38"><span class='ocrx_word' id='word_1_487' title='bbox 2199 3063 2383 3154; x_wconf 64' lang='grc' dir='ltr'>μᾴζειν</span> <span class='ocrx_word' id='word_1_488' title='bbox 2438 3063 2605 3154; x_wconf 74' lang='grc' dir='ltr'>ἄξιον.</span> <span class='ocrx_word' id='word_1_489' title='bbox 2649 3070 2702 3119; x_wconf 89' lang='grc' dir='ltr'>Ὁ</span> <span class='ocrx_word' id='word_1_490' title='bbox 2753 3068 2854 3142; x_wconf 79' lang='grc' dir='ltr'>γὰρ</span> <span class='ocrx_word' id='word_1_491' title='bbox 2902 3065 3044 3143; x_wconf 72' lang='grc' dir='ltr'>ἔργῳ</span> <span class='ocrx_word' id='word_1_492' title='bbox 3092 3078 3191 3141; x_wconf 77' lang='grc' dir='ltr'>τῆς</span> <span class='ocrx_word' id='word_1_493' title='bbox 3242 3072 3500 3145; x_wconf 82' lang='grc' dir='ltr'>ἀληθείας</span> <span class='ocrx_word' id='word_1_494' title='bbox 3547 3080 3849 3154; x_wconf 81' lang='grc' dir='ltr'>προκινδυ-</span> 
     </span>
    </p>
   </div>
   <div class='ocr_carea' id='block_1_67' title="bbox 2193 3151 3850 3243">
    <p class='ocr_par' dir='ltr' id='par_1_67' title="bbox 2193 3151 3850 3243">
     <span class='ocr_line' id='line_1_67' title="bbox 2193 3151 3850 3243; baseline 0.013 -39"><span class='ocrx_word' id='word_1_495' title='bbox 2193 3151 2395 3223; x_wconf 79' lang='grc' dir='ltr'>νεύσας,</span> <span class='ocrx_word' id='word_1_496' title='bbox 2453 3153 2504 3207; x_wconf 85' lang='grc' dir='ltr'>τί</span> <span class='ocrx_word' id='word_1_497' title='bbox 2562 3154 2868 3225; x_wconf 85' lang='grc' dir='ltr'>θαυμαστὸν</span> <span class='ocrx_word' id='word_1_498' title='bbox 2921 3156 2967 3211; x_wconf 74' lang='grc' dir='ltr'>εἲ</span> <span class='ocrx_word' id='word_1_499' title='bbox 2998 3161 3283 3233; x_wconf 84' lang='grc' dir='ltr'>γράμματι</span> <span class='ocrx_word' id='word_1_500' title='bbox 3331 3164 3533 3235; x_wconf 71' lang='grc' dir='ltr'>ταύτην</span> <span class='ocrx_word' id='word_1_501' title='bbox 3583 3151 3850 3243; x_wconf 56' lang='grc' dir='ltr'>παθωμο-</span> 
     </span>
    </p>
   </div>
   <div class='ocr_carea' id='block_1_68' title="bbox 2194 3238 3843 3329">
    <p class='ocr_par' dir='ltr' id='par_1_68' title="bbox 2194 3238 3843 3329">
     <span class='ocr_line' id='line_1_68' title="bbox 2194 3238 3843 3329; baseline 0.013 -37"><span class='ocrx_word' id='word_1_502' title='bbox 2194 3238 2458 3329; x_wconf 77' lang='grc' dir='ltr'>λόγησεν;</span> <span class='ocrx_word' id='word_1_503' title='bbox 2504 3244 2570 3298; x_wconf 91' lang='grc' dir='ltr'><strong>Ὃ</strong></span> <span class='ocrx_word' id='word_1_504' title='bbox 2630 3240 2686 3297; x_wconf 79' lang='grc' dir='ltr'>δέ</span> <span class='ocrx_word' id='word_1_505' title='bbox 2738 3264 2832 3315; x_wconf 90' lang='grc' dir='ltr'>μοι</span> <span class='ocrx_word' id='word_1_506' title='bbox 2878 3244 3112 3317; x_wconf 83' lang='grc' dir='ltr'>μάλιστα</span> <span class='ocrx_word' id='word_1_507' title='bbox 3148 3254 3245 3304; x_wconf 79' lang='grc' dir='ltr'>τοῦ</span> <span class='ocrx_word' id='word_1_508' title='bbox 3290 3249 3486 3327; x_wconf 83' lang='grc' dir='ltr'>ἀνδρὸς</span> <span class='ocrx_word' id='word_1_509' title='bbox 3546 3238 3843 3329; x_wconf 59' lang='grc' dir='ltr'>θαυμάζειν</span> 
     </span>
    </p>
   </div>
   <div class='ocr_carea' id='block_1_69' title="bbox 2192 3326 3842 3420">
    <p class='ocr_par' dir='ltr' id='par_1_69' title="bbox 2192 3326 3842 3420">
     <span class='ocr_line' id='line_1_69' title="bbox 2192 3326 3842 3420; baseline 0.013 -39"><span class='ocrx_word' id='word_1_510' title='bbox 2192 3326 2363 3420; x_wconf 72' lang='grc' dir='ltr'>ἔπεισι</span> <span class='ocrx_word' id='word_1_511' title='bbox 2397 3331 2505 3420; x_wconf 55' lang='grc' dir='ltr'>(καί</span> <span class='ocrx_word' id='word_1_512' title='bbox 2541 3332 2713 3403; x_wconf 85' lang='grc' dir='ltr'>ζημία</span> <span class='ocrx_word' id='word_1_513' title='bbox 2740 3332 2803 3386; x_wconf 85' lang='grc' dir='ltr'>τὸ</span> <span class='ocrx_word' id='word_1_514' title='bbox 2836 3340 3062 3405; x_wconf 81' lang='grc' dir='ltr'>σιωπᾷν,</span> <span class='ocrx_word' id='word_1_515' title='bbox 3098 3334 3186 3392; x_wconf 66' lang='grc' dir='ltr'>διὰ</span> <span class='ocrx_word' id='word_1_516' title='bbox 3215 3340 3307 3393; x_wconf 91' lang='grc' dir='ltr'>τὸν</span> <span class='ocrx_word' id='word_1_517' title='bbox 3354 3326 3539 3418; x_wconf 82' lang='grc' dir='ltr'>καιρὸν</span> <span class='ocrx_word' id='word_1_518' title='bbox 3576 3326 3842 3420; x_wconf 79' lang='grc' dir='ltr'>μάλιστα,</span> 
     </span>
    </p>
   </div>
   <div class='ocr_carea' id='block_1_70' title="bbox 2190 3416 3845 3511">
    <p class='ocr_par' dir='ltr' id='par_1_70' title="bbox 2190 3416 3845 3511">
     <span class='ocr_line' id='line_1_70' title="bbox 2190 3416 3845 3511; baseline 0.013 -40"><span class='ocrx_word' id='word_1_519' title='bbox 2190 3416 2404 3480; x_wconf 80' lang='grc' dir='ltr'>πολλὰς</span> <span class='ocrx_word' id='word_1_520' title='bbox 2436 3419 2638 3494; x_wconf 69' lang='grc' dir='ltr'>φύοντα</span> <span class='ocrx_word' id='word_1_521' title='bbox 2668 3423 2779 3493; x_wconf 84' lang='grc'>(37)</span> <span class='ocrx_word' id='word_1_522' title='bbox 2810 3422 2905 3484; x_wconf 82' lang='grc' dir='ltr'>τὰς</span> <span class='ocrx_word' id='word_1_523' title='bbox 2955 3420 3305 3500; x_wconf 82' lang='grc' dir='ltr'>διαστάσεις),</span> <span class='ocrx_word' id='word_1_524' title='bbox 3336 3416 3502 3486; x_wconf 78' lang='grc' dir='ltr'>τοῦτο</span> <span class='ocrx_word' id='word_1_525' title='bbox 3547 3416 3623 3488; x_wconf 77' lang='grc' dir='ltr'>ἔτι</span> <span class='ocrx_word' id='word_1_526' title='bbox 3674 3416 3845 3511; x_wconf 45' lang='grc' dir='ltr'>προσξ</span> 
     </span>
    </p>
   </div>
   <div class='ocr_carea' id='block_1_71' title="bbox 2189 3507 3845 3599">
    <p class='ocr_par' dir='ltr' id='par_1_71' title="bbox 2189 3507 3845 3599">
     <span class='ocr_line' id='line_1_71' title="bbox 2189 3507 3845 3599; baseline 0.014 -43"><span class='ocrx_word' id='word_1_527' title='bbox 2189 3508 2338 3599; x_wconf 75' lang='grc' dir='ltr'>θήσω</span> <span class='ocrx_word' id='word_1_528' title='bbox 2396 3511 2512 3567; x_wconf 84' lang='grc' dir='ltr'>τοῖς</span> <span class='ocrx_word' id='word_1_529' title='bbox 2563 3507 2896 3581; x_wconf 76' lang='grc' dir='ltr'>εἰρημένοις·</span> <span class='ocrx_word' id='word_1_530' title='bbox 2953 3512 3160 3588; x_wconf 82' lang='grc' dir='ltr'>γένοιτο</span> <span class='ocrx_word' id='word_1_531' title='bbox 3210 3518 3311 3592; x_wconf 81' lang='grc' dir='ltr'>γὰρ</span> <span class='ocrx_word' id='word_1_532' title='bbox 3360 3519 3419 3572; x_wconf 82' lang='grc' dir='ltr'>ἄν</span> <span class='ocrx_word' id='word_1_533' title='bbox 3468 3542 3522 3575; x_wconf 88' lang='grc' dir='ltr'>τι</span> <span class='ocrx_word' id='word_1_534' title='bbox 3564 3507 3845 3599; x_wconf 66' lang='grc' dir='ltr'>παίδευμα</span> 
     </span>
    </p>
   </div>
   <div class='ocr_carea' id='block_1_72' title="bbox 2187 3595 3841 3686">
    <p class='ocr_par' dir='ltr' id='par_1_72' title="bbox 2187 3595 3841 3686">
     <span class='ocr_line' id='line_1_72' title="bbox 2187 3595 3841 3686; baseline 0.013 -38"><span class='ocrx_word' id='word_1_535' title='bbox 2187 3595 2275 3649; x_wconf 82' lang='grc' dir='ltr'>καὶ</span> <span class='ocrx_word' id='word_1_536' title='bbox 2314 3603 2428 3656; x_wconf 90' lang='grc' dir='ltr'>τοῖς</span> <span class='ocrx_word' id='word_1_537' title='bbox 2474 3600 2565 3686; x_wconf 53' lang='grc' dir='ltr'>νυν</span> <span class='ocrx_word' id='word_1_538' title='bbox 2615 3599 2650 3667; x_wconf 80' lang='grc' dir='ltr'>ὴ</span> <span class='ocrx_word' id='word_1_539' title='bbox 2705 3599 2917 3672; x_wconf 76' lang='grc' dir='ltr'>πρᾶξις,</span> <span class='ocrx_word' id='word_1_540' title='bbox 2972 3601 3015 3654; x_wconf 83' lang='grc' dir='ltr'>εἰ</span> <span class='ocrx_word' id='word_1_541' title='bbox 3065 3603 3203 3678; x_wconf 86' lang='grc' dir='ltr'>πρὸς</span> <span class='ocrx_word' id='word_1_542' title='bbox 3251 3604 3452 3662; x_wconf 75' lang='grc' dir='ltr'>ἐκεῖνον</span> <span class='ocrx_word' id='word_1_543' title='bbox 3509 3595 3841 3686; x_wconf 71' lang='grc' dir='ltr'>βλέποιμεν.</span> 
     </span>
    </p>
   </div>
   <div class='ocr_carea' id='block_1_73' title="bbox 2185 3682 3839 3775">
    <p class='ocr_par' dir='ltr' id='par_1_73' title="bbox 2185 3682 3839 3775">
     <span class='ocr_line' id='line_1_73' title="bbox 2185 3682 3839 3775; baseline 0.013 -40"><span class='ocrx_word' id='word_1_544' title='bbox 2185 3687 2272 3775; x_wconf 76' lang='grc' dir='ltr'>ᾩς</span> <span class='ocrx_word' id='word_1_545' title='bbox 2317 3686 2420 3759; x_wconf 74' lang='grc' dir='ltr'>γὰρ</span> <span class='ocrx_word' id='word_1_546' title='bbox 2475 3682 2668 3748; x_wconf 75' lang='grc' dir='ltr'>ὕδατος</span> <span class='ocrx_word' id='word_1_547' title='bbox 2707 3687 2825 3749; x_wconf 71' lang='grc' dir='ltr'>ἐνὸς</span> <span class='ocrx_word' id='word_1_548' title='bbox 2869 3689 3118 3761; x_wconf 75' lang='grc' dir='ltr'>τέμνεται</span> <span class='ocrx_word' id='word_1_549' title='bbox 3164 3692 3225 3747; x_wconf 80' lang='grc' dir='ltr'>οὐ</span> <span class='ocrx_word' id='word_1_550' title='bbox 3274 3697 3387 3769; x_wconf 89' lang='grc'>(38)</span> <span class='ocrx_word' id='word_1_551' title='bbox 3432 3682 3592 3753; x_wconf 59' lang='grc' dir='ltr'>τουτο</span> <span class='ocrx_word' id='word_1_552' title='bbox 3644 3682 3839 3775; x_wconf 72' lang='grc' dir='ltr'>μόνον,</span> 
     </span>
    </p>
   </div>
   <div class='ocr_carea' id='block_1_74' title="bbox 2185 3772 3837 3867">
    <p class='ocr_par' dir='ltr' id='par_1_74' title="bbox 2185 3772 3837 3867">
     <span class='ocr_line' id='line_1_74' title="bbox 2185 3772 3837 3867; baseline 0.012 -40"><span class='ocrx_word' id='word_1_553' title='bbox 2185 3772 2308 3828; x_wconf 77' lang='grc' dir='ltr'>ὅσον</span> <span class='ocrx_word' id='word_1_554' title='bbox 2331 3776 2365 3843; x_wconf 76' lang='grc' dir='ltr'>ὴ</span> <span class='ocrx_word' id='word_1_555' title='bbox 2400 3775 2522 3867; x_wconf 74' lang='grc' dir='ltr'>χεὶρ</span> <span class='ocrx_word' id='word_1_556' title='bbox 2554 3776 2755 3867; x_wconf 72' lang='grc' dir='ltr'>ἀφῆκεν</span> <span class='ocrx_word' id='word_1_557' title='bbox 2784 3776 3082 3867; x_wconf 73' lang='grc' dir='ltr'>ἀρυομένη,</span> <span class='ocrx_word' id='word_1_558' title='bbox 3113 3779 3259 3837; x_wconf 81' lang='grc' dir='ltr'>ἀλλὰ</span> <span class='ocrx_word' id='word_1_559' title='bbox 3287 3784 3377 3838; x_wconf 82' lang='grc' dir='ltr'>καὶ</span> <span class='ocrx_word' id='word_1_560' title='bbox 3428 3785 3552 3842; x_wconf 76' lang='grc' dir='ltr'>ὅσον</span> <span class='ocrx_word' id='word_1_561' title='bbox 3580 3792 3649 3863; x_wconf 83' lang='grc' dir='ltr'>τῇ</span> <span class='ocrx_word' id='word_1_562' title='bbox 3681 3772 3837 3867; x_wconf 56' lang='grc' dir='ltr'>χειρί</span> 
     </span>
    </p>
   </div>
   <div class='ocr_carea' id='block_1_75' title="bbox 2182 3862 3840 3952">
    <p class='ocr_par' dir='ltr' id='par_1_75' title="bbox 2182 3862 3840 3952">
     <span class='ocr_line' id='line_1_75' title="bbox 2182 3862 3840 3952; baseline 0.012 -37"><span class='ocrx_word' id='word_1_563' title='bbox 2182 3865 2502 3937; x_wconf 78' lang='grc' dir='ltr'>περιεσχέθη</span> <span class='ocrx_word' id='word_1_564' title='bbox 2554 3868 2661 3952; x_wconf 58' lang='grc' dir='ltr'>των</span> <span class='ocrx_word' id='word_1_565' title='bbox 2710 3862 2991 3921; x_wconf 83' lang='grc' dir='ltr'>δακτύλων</span> <span class='ocrx_word' id='word_1_566' title='bbox 3037 3867 3217 3942; x_wconf 79' lang='grc' dir='ltr'>ἐκρέον</span> <span class='ocrx_word' id='word_1_567' title='bbox 3256 3892 3269 3905; x_wconf 92' lang='grc'><strong>·</strong></span> <span class='ocrx_word' id='word_1_568' title='bbox 3322 3872 3465 3929; x_wconf 76' lang='grc' dir='ltr'>οὕτω</span> <span class='ocrx_word' id='word_1_569' title='bbox 3521 3876 3612 3931; x_wconf 80' lang='grc' dir='ltr'>καὶ</span> 
     </span>
    </p>
   </div>
   <div class='ocr_carea' id='block_1_76' title="bbox 2183 3949 3840 4033">
    <p class='ocr_par' dir='ltr' id='par_1_76' title="bbox 2183 3949 3840 4033">
     <span class='ocr_line' id='line_1_76' title="bbox 2183 3949 3840 4033; baseline 0.011 -28"><span class='ocrx_word' id='word_1_570' title='bbox 2183 3952 2290 4028; x_wconf 83' lang='grc' dir='ltr'>οὐχ</span> <span class='ocrx_word' id='word_1_571' title='bbox 2338 3952 2461 4007; x_wconf 78' lang='grc' dir='ltr'>ὅσον</span> <span class='ocrx_word' id='word_1_572' title='bbox 2511 3949 2696 4015; x_wconf 70' lang='grc' dir='ltr'>ἀσεϐὲς</span> <span class='ocrx_word' id='word_1_573' title='bbox 2749 3955 2991 4029; x_wconf 84' lang='grc' dir='ltr'>σχίζεται</span> <span class='ocrx_word' id='word_1_574' title='bbox 3042 3959 3228 4033; x_wconf 83' lang='grc' dir='ltr'>μόνον,</span> <span class='ocrx_word' id='word_1_575' title='bbox 3274 3959 3421 4017; x_wconf 78' lang='grc' dir='ltr'>ἀλλὰ</span> <span class='ocrx_word' id='word_1_576' title='bbox 3462 3965 3549 4019; x_wconf 85' lang='grc' dir='ltr'>καὶ</span> <span class='ocrx_word' id='word_1_577' title='bbox 3593 3949 3725 4023; x_wconf 79' lang='grc' dir='ltr'>ὅσον</span> <span class='ocrx_word' id='word_1_578' title='bbox 3751 3968 3840 4023; x_wconf 80' lang='grc' dir='ltr'>εὖ-</span> 
     </span>
    </p>
   </div>
   <div class='ocr_carea' id='block_1_77' title="bbox 2182 4036 3843 4131">
    <p class='ocr_par' dir='ltr' id='par_1_77' title="bbox 2182 4036 3843 4131">
     <span class='ocr_line' id='line_1_77' title="bbox 2182 4036 3843 4131; baseline 0.011 -38"><span class='ocrx_word' id='word_1_579' title='bbox 2182 4036 2517 4131; x_wconf 77' lang='grc' dir='ltr'>σεϐἐστερον,</span> <span class='ocrx_word' id='word_1_580' title='bbox 2550 4041 2613 4096; x_wconf 84' lang='grc' dir='ltr'>οὐ</span> <span class='ocrx_word' id='word_1_581' title='bbox 2638 4043 2762 4118; x_wconf 85' lang='grc' dir='ltr'>περὶ</span> <span class='ocrx_word' id='word_1_582' title='bbox 2795 4041 3085 4119; x_wconf 83' lang='grc' dir='ltr'>δογμάτων</span> <span class='ocrx_word' id='word_1_583' title='bbox 3116 4043 3281 4121; x_wconf 85' lang='grc' dir='ltr'>μόνον</span> <span class='ocrx_word' id='word_1_584' title='bbox 3318 4057 3525 4128; x_wconf 80' lang='grc' dir='ltr'>μικρῶν</span> <span class='ocrx_word' id='word_1_585' title='bbox 3566 4054 3656 4109; x_wconf 81' lang='grc' dir='ltr'>καὶ</span> <span class='ocrx_word' id='word_1_586' title='bbox 3687 4077 3843 4131; x_wconf 82' lang='grc' dir='ltr'>παρ-</span> 
     </span>
    </p>
   </div>
   <div class='ocr_carea' id='block_1_78' title="bbox 421 4130 2085 4220">
    <p class='ocr_par' dir='ltr' id='par_1_78' title="bbox 421 4135 2069 4208">
     <span class='ocr_line' id='line_1_78' title="bbox 421 4135 2069 4208; baseline -0.001 -18"><span class='ocrx_word' id='word_1_587' title='bbox 421 4151 577 4205; x_wconf 90' lang='lat' dir='ltr'>sum,</span> <span class='ocrx_word' id='word_1_588' title='bbox 612 4152 713 4206; x_wconf 88' lang='lat' dir='ltr'>per</span> <span class='ocrx_word' id='word_1_589' title='bbox 744 4136 957 4208; x_wconf 81' lang='lat' dir='ltr'>digitos</span> <span class='ocrx_word' id='word_1_590' title='bbox 983 4138 1169 4193; x_wconf 85' lang='lat' dir='ltr'>efﬂuit</span> <span class='ocrx_word' id='word_1_591' title='bbox 1203 4154 1216 4192; x_wconf 89' lang='lat'><strong>:</strong></span> <span class='ocrx_word' id='word_1_592' title='bbox 1250 4138 1451 4192; x_wconf 88' lang='lat' dir='ltr'>eodem</span> <span class='ocrx_word' id='word_1_593' title='bbox 1486 4136 1660 4191; x_wconf 91' lang='lat' dir='ltr'>modo</span> <span class='ocrx_word' id='word_1_594' title='bbox 1690 4152 1725 4191; x_wconf 91' lang='lat' dir='ltr'>a</span> <span class='ocrx_word' id='word_1_595' title='bbox 1754 4135 1926 4190; x_wconf 90' lang='lat' dir='ltr'>nobis</span> <span class='ocrx_word' id='word_1_596' title='bbox 1954 4150 2069 4189; x_wconf 92' lang='lat' dir='ltr'>non</span> 
     </span>
    </p>
   </div>
   <div class='ocr_carea' id='block_1_79' title="bbox 2195 4130 3841 4220">
    <p class='ocr_par' dir='ltr' id='par_1_79' title="bbox 2195 4130 3841 4220">
     <span class='ocr_line' id='line_1_79' title="bbox 2195 4130 3841 4220; baseline 0.018 -46"><span class='ocrx_word' id='word_1_597' title='bbox 2432 4130 2593 4220; x_wconf 73' lang='grc' dir='ltr'>ἀξίων</span> <span class='ocrx_word' id='word_1_598' title='bbox 2647 4136 2825 4203; x_wconf 68' lang='grc' dir='ltr'>(ἧττον</span> <span class='ocrx_word' id='word_1_599' title='bbox 2868 4134 2972 4210; x_wconf 80' lang='grc' dir='ltr'>γὰρ</span> <span class='ocrx_word' id='word_1_600' title='bbox 3018 4134 3076 4190; x_wconf 77' lang='grc' dir='ltr'>ἂν</span> <span class='ocrx_word' id='word_1_601' title='bbox 3122 4139 3185 4205; x_wconf 72' lang='grc' dir='ltr'>ἧν</span> <span class='ocrx_word' id='word_1_602' title='bbox 3234 4143 3397 4195; x_wconf 80' lang='grc' dir='ltr'>τοῦτο</span> <span class='ocrx_word' id='word_1_603' title='bbox 3448 4139 3619 4197; x_wconf 81' lang='grc' dir='ltr'>δεινὸν</span> <span class='ocrx_word' id='word_1_604' title='bbox 3668 4130 3841 4220; x_wconf 76' lang='grc'>[39]),</span> 
     </span>
    </p>
   </div>
   <div class='ocr_carea' id='block_1_80' title="bbox 418 4217 2085 4308">
    <p class='ocr_par' dir='ltr' id='par_1_80' title="bbox 418 4222 2070 4295">
     <span class='ocr_line' id='line_1_80' title="bbox 418 4222 2070 4295; baseline 0 -18"><span class='ocrx_word' id='word_1_605' title='bbox 418 4223 613 4294; x_wconf 65' lang='lat' dir='ltr'>impias</span> <span class='ocrx_word' id='word_1_606' title='bbox 663 4226 854 4280; x_wconf 89' lang='lat' dir='ltr'>solum</span> <span class='ocrx_word' id='word_1_607' title='bbox 886 4227 1158 4281; x_wconf 68' lang='lat' dir='ltr'>doctrina</span> <span class='ocrx_word' id='word_1_608' title='bbox 1206 4225 1475 4292; x_wconf 89' lang='lat' dir='ltr'>cultores,</span> <span class='ocrx_word' id='word_1_609' title='bbox 1507 4241 1709 4282; x_wconf 90' lang='lat' dir='ltr'>verum</span> <span class='ocrx_word' id='word_1_610' title='bbox 1758 4222 1935 4278; x_wconf 90' lang='lat' dir='ltr'>etiam</span> <span class='ocrx_word' id='word_1_611' title='bbox 1969 4222 2070 4295; x_wconf 88' lang='lat' dir='ltr'>qui</span> 
     </span>
    </p>
   </div>
   <div class='ocr_carea' id='block_1_81' title="bbox 2195 4217 3842 4308">
    <p class='ocr_par' dir='ltr' id='par_1_81' title="bbox 2195 4217 3842 4308">
     <span class='ocr_line' id='line_1_81' title="bbox 2195 4217 3842 4308; baseline 0.01 -35"><span class='ocrx_word' id='word_1_612' title='bbox 2195 4218 2304 4274; x_wconf 76' lang='grc' dir='ltr'>ἱλλ’</span> <span class='ocrx_word' id='word_1_613' title='bbox 2334 4217 2442 4289; x_wconf 73' lang='grc' dir='ltr'>ἤδη</span> <span class='ocrx_word' id='word_1_614' title='bbox 2476 4218 2566 4274; x_wconf 77' lang='grc' dir='ltr'>καί</span> <span class='ocrx_word' id='word_1_615' title='bbox 2596 4221 2720 4296; x_wconf 85' lang='grc' dir='ltr'>περί</span> <span class='ocrx_word' id='word_1_616' title='bbox 2764 4221 3023 4296; x_wconf 78' lang='grc' dir='ltr'>ῥημάτων</span> <span class='ocrx_word' id='word_1_617' title='bbox 3076 4224 3152 4287; x_wconf 81' lang='grc' dir='ltr'>εἷς</span> <span class='ocrx_word' id='word_1_618' title='bbox 3188 4228 3288 4295; x_wconf 82' lang='grc' dir='ltr'>τήν</span> <span class='ocrx_word' id='word_1_619' title='bbox 3340 4228 3504 4298; x_wconf 77' lang='grc' dir='ltr'>αὐτὴν</span> <span class='ocrx_word' id='word_1_620' title='bbox 3555 4217 3842 4308; x_wconf 61' lang='grc' dir='ltr'>φερόντων</span> 
     </span>
    </p>
   </div>
   <div class='ocr_carea' id='block_1_82' title="bbox 418 4305 2085 4412">
    <p class='ocr_par' dir='ltr' id='par_1_82' title="bbox 418 4311 2071 4385">
     <span class='ocr_line' id='line_1_82' title="bbox 418 4311 2071 4385; baseline -0.001 -18"><span class='ocrx_word' id='word_1_621' title='bbox 418 4311 651 4382; x_wconf 83' lang='lat' dir='ltr'>pietatis</span> <span class='ocrx_word' id='word_1_622' title='bbox 682 4312 855 4368; x_wconf 89' lang='lat' dir='ltr'>laude</span> <span class='ocrx_word' id='word_1_623' title='bbox 884 4314 943 4368; x_wconf 89' lang='lat' dir='ltr'>in</span> <span class='ocrx_word' id='word_1_624' title='bbox 977 4314 1182 4385; x_wconf 90' lang='lat' dir='ltr'>primis</span> <span class='ocrx_word' id='word_1_625' title='bbox 1211 4312 1522 4382; x_wconf 88' lang='lat' dir='ltr'>excellunt,</span> <span class='ocrx_word' id='word_1_626' title='bbox 1549 4312 1963 4385; x_wconf 67' lang='lat' dir='ltr'>praciduntur,</span> <span class='ocrx_word' id='word_1_627' title='bbox 1987 4311 2071 4365; x_wconf 89' lang='lat' dir='ltr'>id-</span> 
     </span>
    </p>
   </div>
   <div class='ocr_carea' id='block_1_83' title="bbox 2195 4305 3833 4412">
    <p class='ocr_par' dir='ltr' id='par_1_83' title="bbox 2195 4305 3833 4394">
     <span class='ocr_line' id='line_1_83' title="bbox 2195 4305 3833 4394; baseline 0.01 -33"><span class='ocrx_word' id='word_1_628' title='bbox 2195 4308 2439 4366; x_wconf 70' lang='grc' dir='ltr'>ἲιάνοιαν.</span> <span class='ocrx_word' id='word_1_629' title='bbox 2486 4311 2593 4377; x_wconf 76' lang='grc' dir='ltr'>Τῆς</span> <span class='ocrx_word' id='word_1_630' title='bbox 2640 4310 2740 4385; x_wconf 84' lang='grc' dir='ltr'>γὰρ</span> <span class='ocrx_word' id='word_1_631' title='bbox 2793 4311 2918 4384; x_wconf 74' lang='grc' dir='ltr'>μιᾶς</span> <span class='ocrx_word' id='word_1_632' title='bbox 2971 4312 3174 4384; x_wconf 76' lang='grc' dir='ltr'>οὐσίας,</span> <span class='ocrx_word' id='word_1_633' title='bbox 3206 4317 3295 4371; x_wconf 76' lang='grc' dir='ltr'>καὶ</span> <span class='ocrx_word' id='word_1_634' title='bbox 3342 4322 3450 4374; x_wconf 80' lang='grc' dir='ltr'>τῶν</span> <span class='ocrx_word' id='word_1_635' title='bbox 3498 4305 3664 4394; x_wconf 69' lang='grc' dir='ltr'>τριῶν</span> <span class='ocrx_word' id='word_1_636' title='bbox 3694 4323 3833 4377; x_wconf 85' lang='grc' dir='ltr'>ὑπο-</span> 
     </span>
    </p>
   </div>
   <div class='ocr_carea' id='block_1_84' title="bbox 417 4396 2085 4483">
    <p class='ocr_par' dir='ltr' id='par_1_84' title="bbox 417 4400 2068 4473">
     <span class='ocr_line' id='line_1_84' title="bbox 417 4400 2068 4473; baseline 0 -19"><span class='ocrx_word' id='word_1_637' title='bbox 417 4416 531 4471; x_wconf 92' lang='lat' dir='ltr'>que</span> <span class='ocrx_word' id='word_1_638' title='bbox 553 4417 665 4457; x_wconf 91' lang='lat' dir='ltr'>non</span> <span class='ocrx_word' id='word_1_639' title='bbox 692 4402 748 4455; x_wconf 91' lang='lat' dir='ltr'>in</span> <span class='ocrx_word' id='word_1_640' title='bbox 774 4403 968 4473; x_wconf 78' lang='lat' dir='ltr'>parvis</span> <span class='ocrx_word' id='word_1_641' title='bbox 986 4404 1269 4458; x_wconf 85' lang='lat' dir='ltr'>duntaxat</span> <span class='ocrx_word' id='word_1_642' title='bbox 1290 4408 1345 4457; x_wconf 91' lang='lat' dir='ltr'>et</span> <span class='ocrx_word' id='word_1_643' title='bbox 1366 4400 1811 4457; x_wconf 88' lang='lat' dir='ltr'>contemnendis</span> <span class='ocrx_word' id='word_1_644' title='bbox 1833 4401 2068 4472; x_wconf 90' lang='lat' dir='ltr'>dogma-</span> 
     </span>
    </p>
   </div>
   <div class='ocr_carea' id='block_1_85' title="bbox 2195 4396 3831 4483">
    <p class='ocr_par' dir='ltr' id='par_1_85' title="bbox 2195 4396 3831 4483">
     <span class='ocr_line' id='line_1_85' title="bbox 2195 4396 3831 4483; baseline 0.01 -32"><span class='ocrx_word' id='word_1_645' title='bbox 2195 4397 2408 4452; x_wconf 73' lang='grc' dir='ltr'>ττάσεων</span> <span class='ocrx_word' id='word_1_646' title='bbox 2460 4396 2772 4473; x_wconf 82' lang='grc' dir='ltr'>λεγομένων</span> <span class='ocrx_word' id='word_1_647' title='bbox 2830 4401 2922 4471; x_wconf 76' lang='grc' dir='ltr'>μὲν</span> <span class='ocrx_word' id='word_1_648' title='bbox 2976 4401 3062 4479; x_wconf 80' lang='grc' dir='ltr'>ὑφ’</span> <span class='ocrx_word' id='word_1_649' title='bbox 3112 4406 3274 4476; x_wconf 81' lang='grc' dir='ltr'>ἡμῶν</span> <span class='ocrx_word' id='word_1_650' title='bbox 3326 4402 3558 4470; x_wconf 79' lang='grc' dir='ltr'>εὐσεϐῶς</span> <span class='ocrx_word' id='word_1_651' title='bbox 3609 4410 3696 4483; x_wconf 86' lang='grc' dir='ltr'>(τὸ</span> <span class='ocrx_word' id='word_1_652' title='bbox 3732 4412 3831 4483; x_wconf 74' lang='grc' dir='ltr'>μὲν</span> 
     </span>
    </p>
   </div>
   <div class='ocr_carea' id='block_1_86' title="bbox 413 4485 2085 4565">
    <p class='ocr_par' dir='ltr' id='par_1_86' title="bbox 413 4488 2065 4563">
     <span class='ocr_line' id='line_1_86' title="bbox 413 4488 2065 4563; baseline 0 -20"><span class='ocrx_word' id='word_1_653' title='bbox 413 4489 575 4545; x_wconf 90' lang='lat' dir='ltr'>tibus</span> <span class='ocrx_word' id='word_1_654' title='bbox 604 4490 827 4559; x_wconf 91' lang='lat' dir='ltr'>(minus</span> <span class='ocrx_word' id='word_1_655' title='bbox 859 4492 1016 4546; x_wconf 91' lang='lat' dir='ltr'>enim</span> <span class='ocrx_word' id='word_1_656' title='bbox 1066 4491 1174 4546; x_wconf 92' lang='lat' dir='ltr'>hoc</span> <span class='ocrx_word' id='word_1_657' title='bbox 1222 4507 1396 4563; x_wconf 90' lang='lat' dir='ltr'>grave</span> <span class='ocrx_word' id='word_1_658' title='bbox 1427 4491 1622 4561; x_wconf 89' lang='lat' dir='ltr'>esset),</span> <span class='ocrx_word' id='word_1_659' title='bbox 1657 4506 1859 4544; x_wconf 92' lang='lat' dir='ltr'>verum</span> <span class='ocrx_word' id='word_1_660' title='bbox 1890 4488 2065 4543; x_wconf 89' lang='lat' dir='ltr'>etiam</span> 
     </span>
    </p>
   </div>
   <div class='ocr_carea' id='block_1_87' title="bbox 2195 4485 3831 4565">
    <p class='ocr_par' dir='ltr' id='par_1_87' title="bbox 2195 4485 3831 4565">
     <span class='ocr_line' id='line_1_87' title="bbox 2195 4485 3831 4565; baseline 0.012 -30"><span class='ocrx_word' id='word_1_661' title='bbox 2195 4486 2273 4561; x_wconf 50' lang='grc' dir='ltr'>γὰρ</span> <span class='ocrx_word' id='word_1_662' title='bbox 2322 4487 2421 4554; x_wconf 86' lang='grc' dir='ltr'>τήν</span> <span class='ocrx_word' id='word_1_663' title='bbox 2468 4488 2621 4564; x_wconf 79' lang='grc' dir='ltr'>φύσιν</span> <span class='ocrx_word' id='word_1_664' title='bbox 2674 4485 2839 4554; x_wconf 85' lang='grc' dir='ltr'>δηλοῖ</span> <span class='ocrx_word' id='word_1_665' title='bbox 2884 4493 2981 4559; x_wconf 70' lang='grc' dir='ltr'>τῆς</span> <span class='ocrx_word' id='word_1_666' title='bbox 3032 4492 3308 4565; x_wconf 83' lang='grc' dir='ltr'>θεότητος,</span> <span class='ocrx_word' id='word_1_667' title='bbox 3359 4497 3421 4550; x_wconf 90' lang='grc' dir='ltr'>τὸ</span> <span class='ocrx_word' id='word_1_668' title='bbox 3473 4497 3530 4551; x_wconf 76' lang='grc' dir='ltr'>δὲ</span> <span class='ocrx_word' id='word_1_669' title='bbox 3571 4498 3667 4560; x_wconf 79' lang='grc' dir='ltr'>τὰς</span> <span class='ocrx_word' id='word_1_670' title='bbox 3718 4505 3831 4555; x_wconf 78' lang='grc' dir='ltr'>τῶν</span> 
     </span>
    </p>
   </div>
   <div class='ocr_carea' id='block_1_88' title="bbox 411 4573 2085 4660">
    <p class='ocr_par' dir='ltr' id='par_1_88' title="bbox 411 4577 2065 4650">
     <span class='ocr_line' id='line_1_88' title="bbox 411 4577 2065 4650; baseline 0.001 -19"><span class='ocrx_word' id='word_1_671' title='bbox 411 4577 471 4631; x_wconf 89' lang='lat' dir='ltr'>in</span> <span class='ocrx_word' id='word_1_672' title='bbox 502 4579 714 4648; x_wconf 90' lang='lat' dir='ltr'>verbis,</span> <span class='ocrx_word' id='word_1_673' title='bbox 749 4596 878 4650; x_wconf 62' lang='lat' dir='ltr'>quas</span> <span class='ocrx_word' id='word_1_674' title='bbox 911 4580 982 4634; x_wconf 88' lang='lat' dir='ltr'>ad</span> <span class='ocrx_word' id='word_1_675' title='bbox 1014 4581 1283 4634; x_wconf 89' lang='lat' dir='ltr'>eumdem</span> <span class='ocrx_word' id='word_1_676' title='bbox 1317 4580 1556 4635; x_wconf 89' lang='lat' dir='ltr'>omnino</span> <span class='ocrx_word' id='word_1_677' title='bbox 1590 4595 1831 4634; x_wconf 90' lang='lat' dir='ltr'>sensum</span> <span class='ocrx_word' id='word_1_678' title='bbox 1862 4579 2065 4634; x_wconf 89' lang='lat' dir='ltr'>tende-</span> 
     </span>
    </p>
   </div>
   <div class='ocr_carea' id='block_1_89' title="bbox 2195 4573 3829 4660">
    <p class='ocr_par' dir='ltr' id='par_1_89' title="bbox 2195 4573 3829 4660">
     <span class='ocr_line' id='line_1_89' title="bbox 2195 4573 3829 4660; baseline 0.01 -32"><span class='ocrx_word' id='word_1_679' title='bbox 2195 4579 2338 4648; x_wconf 73' lang='grc' dir='ltr'>ςριῶν</span> <span class='ocrx_word' id='word_1_680' title='bbox 2383 4573 2703 4650; x_wconf 75' lang='grc' dir='ltr'>ἰδιότητας),</span> <span class='ocrx_word' id='word_1_681' title='bbox 2752 4578 3026 4651; x_wconf 76' lang='grc' dir='ltr'>νοομὲνων</span> <span class='ocrx_word' id='word_1_682' title='bbox 3078 4577 3136 4635; x_wconf 77' lang='grc' dir='ltr'>δὲ</span> <span class='ocrx_word' id='word_1_683' title='bbox 3196 4582 3285 4637; x_wconf 81' lang='grc' dir='ltr'><strong>καί</strong></span> <span class='ocrx_word' id='word_1_684' title='bbox 3334 4585 3480 4660; x_wconf 83' lang='grc' dir='ltr'>παρὰ</span> <span class='ocrx_word' id='word_1_685' title='bbox 3524 4592 3642 4651; x_wconf 88' lang='grc' dir='ltr'>τοῖς</span> <span class='ocrx_word' id='word_1_686' title='bbox 3694 4589 3829 4644; x_wconf 86' lang='grc' dir='ltr'>Ἰτα-</span> 
     </span>
    </p>
   </div>
   <div class='ocr_carea' id='block_1_90' title="bbox 411 4664 2085 4748">
    <p class='ocr_par' dir='ltr' id='par_1_90' title="bbox 411 4667 2068 4740">
     <span class='ocr_line' id='line_1_90' title="bbox 411 4667 2068 4740; baseline 0.001 -19"><span class='ocrx_word' id='word_1_687' title='bbox 411 4667 573 4723; x_wconf 88' lang='lat' dir='ltr'>bant.</span> <span class='ocrx_word' id='word_1_688' title='bbox 606 4668 753 4722; x_wconf 89' lang='lat' dir='ltr'>Nam</span> <span class='ocrx_word' id='word_1_689' title='bbox 786 4684 919 4723; x_wconf 89' lang='lat' dir='ltr'>cum</span> <span class='ocrx_word' id='word_1_690' title='bbox 967 4668 1222 4724; x_wconf 89' lang='lat' dir='ltr'>essentia</span> <span class='ocrx_word' id='word_1_691' title='bbox 1253 4686 1389 4737; x_wconf 89' lang='lat' dir='ltr'>una,</span> <span class='ocrx_word' id='word_1_692' title='bbox 1422 4674 1478 4724; x_wconf 88' lang='lat' dir='ltr'>et</span> <span class='ocrx_word' id='word_1_693' title='bbox 1507 4678 1624 4724; x_wconf 82' lang='lat' dir='ltr'>tres</span> <span class='ocrx_word' id='word_1_694' title='bbox 1656 4668 2001 4740; x_wconf 84' lang='lat' dir='ltr'>hypostases</span> <span class='ocrx_word' id='word_1_695' title='bbox 2034 4684 2068 4723; x_wconf 87' lang='lat' dir='ltr'>a</span> 
     </span>
    </p>
   </div>
   <div class='ocr_carea' id='block_1_91' title="bbox 2195 4664 3826 4748">
    <p class='ocr_par' dir='ltr' id='par_1_91' title="bbox 2195 4664 3826 4748">
     <span class='ocr_line' id='line_1_91' title="bbox 2195 4664 3826 4748; baseline 0.009 -29"><span class='ocrx_word' id='word_1_696' title='bbox 2195 4670 2296 4727; x_wconf 63' lang='lat' dir='ltr'>toi:</span> <span class='ocrx_word' id='word_1_697' title='bbox 2329 4668 2441 4737; x_wconf 84' lang='grc'>(40)</span> <span class='ocrx_word' id='word_1_698' title='bbox 2478 4664 2708 4738; x_wconf 66' lang='grc' dir='ltr'>ὁμοίως,</span> <span class='ocrx_word' id='word_1_699' title='bbox 2743 4664 2868 4721; x_wconf 82' lang='grc' dir='ltr'>ἀλλ’</span> <span class='ocrx_word' id='word_1_700' title='bbox 2917 4668 2979 4723; x_wconf 78' lang='grc' dir='ltr'>οὐ</span> <span class='ocrx_word' id='word_1_701' title='bbox 3028 4667 3345 4744; x_wconf 82' lang='grc' dir='ltr'>δυναμένοις</span> <span class='ocrx_word' id='word_1_702' title='bbox 3398 4671 3486 4729; x_wconf 78' lang='grc' dir='ltr'>διὰ</span> <span class='ocrx_word' id='word_1_703' title='bbox 3537 4676 3826 4748; x_wconf 85' lang='grc' dir='ltr'>στενότητα</span> 
     </span>
    </p>
   </div>
   <div class='ocr_carea' id='block_1_92' title="bbox 483 4900 2085 4986">
    <p class='ocr_par' dir='ltr' id='par_1_92' title="bbox 483 4900 2059 4986">
     <span class='ocr_line' id='line_1_92' title="bbox 483 4900 2059 4986; baseline 0.003 -29"><span class='ocrx_word' id='word_1_704' title='bbox 483 4901 595 4974; x_wconf 87' lang='grc'>(30)</span> <span class='ocrx_word' id='word_1_705' title='bbox 618 4900 767 4986; x_wconf 39' lang='grc' dir='ltr'>’Κατᾲ</span> <span class='ocrx_word' id='word_1_706' title='bbox 819 4924 920 4973; x_wconf 91' lang='grc' dir='ltr'>της</span> <span class='ocrx_word' id='word_1_707' title='bbox 964 4904 1214 4986; x_wconf 67' lang='grc' dir='ltr'>Δἀγράφου</span> <span class='ocrx_word' id='word_1_708' title='bbox 1262 4905 1631 4986; x_wconf 68' lang='grc' dir='ltr'>καινοτομίας.</span> <span class='ocrx_word' id='word_1_709' title='bbox 1666 4904 2059 4986; x_wconf 64' lang='lat' dir='ltr'>Innonnullil</span> 
     </span>
    </p>
   </div>
   <div class='ocr_carea' id='block_1_93' title="bbox 2195 4900 3831 4986">
    <p class='ocr_par' dir='ltr' id='par_1_93' title="bbox 2204 4900 3831 4986">
     <span class='ocr_line' id='line_1_93' title="bbox 2204 4900 3831 4986; baseline 0.005 -29"><span class='ocrx_word' id='word_1_710' title='bbox 2204 4900 2714 4986; x_wconf 37' lang='grc' dir='ltr'>ῌ(33)Σπινθῆρας.</span> <span class='ocrx_word' id='word_1_711' title='bbox 2778 4902 2871 4958; x_wconf 91' lang='lat' dir='ltr'>Sic</span> <span class='ocrx_word' id='word_1_712' title='bbox 2930 4906 3046 4960; x_wconf 85' lang='lat' dir='ltr'>tres</span> <span class='ocrx_word' id='word_1_713' title='bbox 3113 4906 3293 4980; x_wconf 83' lang='lat' dir='ltr'>Regg.</span> <span class='ocrx_word' id='word_1_714' title='bbox 3363 4908 3425 4963; x_wconf 90' lang='lat' dir='ltr'>In</span> <span class='ocrx_word' id='word_1_715' title='bbox 3491 4909 3611 4977; x_wconf 88' lang='lat' dir='ltr'>ed.,</span> <span class='ocrx_word' id='word_1_716' title='bbox 3669 4929 3831 4965; x_wconf 85' lang='grc' dir='ltr'>σπιν-</span> 
     </span>
    </p>
   </div>
   <div class='ocr_carea' id='block_1_94' title="bbox 409 4974 2326 5047">
    <p class='ocr_par' dir='ltr' id='par_1_94' title="bbox 409 4974 2326 5047">
     <span class='ocr_line' id='line_1_94' title="bbox 409 4974 2326 5047; baseline 0.001 -19"><span class='ocrx_word' id='word_1_717' title='bbox 409 4974 863 5047; x_wconf 75' lang='lat' dir='ltr'>exemplaribus,</span> <span class='ocrx_word' id='word_1_718' title='bbox 916 4984 979 5047; x_wconf 89' lang='lat' dir='ltr'>ut</span> <span class='ocrx_word' id='word_1_719' title='bbox 1020 4974 1267 5036; x_wconf 55' lang='lat' dir='ltr'>&#39;annotat</span> <span class='ocrx_word' id='word_1_720' title='bbox 1316 4974 1564 5047; x_wconf 75' lang='lat' dir='ltr'>Nicetes,</span> <span class='ocrx_word' id='word_1_721' title='bbox 1608 4978 1908 5044; x_wconf 89' lang='lat' dir='ltr'>scribitur,</span> <span class='ocrx_word' id='word_1_722' title='bbox 1943 4995 2056 5032; x_wconf 91' lang='lat' dir='ltr'>non</span> <span class='ocrx_word' id='word_1_723' title='bbox 2166 4974 2326 5047; x_wconf 81' lang='grc' dir='ltr'>θῆρα.</span> 
     </span>
    </p>
   </div>
   <div class='ocr_carea' id='block_1_95' title="bbox 408 5039 2085 5133">
    <p class='ocr_par' dir='ltr' id='par_1_95' title="bbox 408 5039 2052 5133">
     <span class='ocr_line' id='line_1_95' title="bbox 408 5039 2052 5133; baseline -0.004 -24"><span class='ocrx_word' id='word_1_724' title='bbox 408 5039 673 5133; x_wconf 51' lang='grc' dir='ltr'>ἀγράφῖζυ.</span> <span class='ocrx_word' id='word_1_725' title='bbox 727 5039 861 5133; x_wconf 52' lang='grc' dir='ltr'>είξάξ</span> <span class='ocrx_word' id='word_1_726' title='bbox 905 5046 1190 5133; x_wconf 44' lang='grc' dir='ltr'>ἐγγράφου.</span> <span class='ocrx_word' id='word_1_727' title='bbox 1222 5039 1592 5133; x_wconf 42' lang='grc' dir='ltr'>καινοτομίας.</span> <span class='ocrx_word' id='word_1_728' title='bbox 1643 5039 2052 5130; x_wconf 69' lang='lat' dir='ltr'>Quamobrem,</span> 
     </span>
    </p>
   </div>
   <div class='ocr_carea' id='block_1_96' title="bbox 2195 5039 3248 5133">
    <p class='ocr_par' dir='ltr' id='par_1_96' title="bbox 2222 5039 3248 5133">
     <span class='ocr_line' id='line_1_96' title="bbox 2222 5039 3248 5133; baseline 0.005 -38"><span class='ocrx_word' id='word_1_729' title='bbox 2380 5039 2579 5133; x_wconf 48' lang='lat' dir='ltr'>illim:</span> <span class='ocrx_word' id='word_1_730' title='bbox 2612 5044 2758 5133; x_wconf 47' lang='lat' dir='ltr'>&#39;II‘refs‘</span> <span class='ocrx_word' id='word_1_731' title='bbox 2785 5044 2989 5133; x_wconf 82' lang='lat' dir='ltr'>Regg.,</span> <span class='ocrx_word' id='word_1_732' title='bbox 3035 5044 3248 5133; x_wconf 61' lang='grc' dir='ltr'>πλεῖον.</span> 
     </span>
    </p>
   </div>
   <div class='ocr_carea' id='block_1_97' title="bbox 407 5114 3319 5259">
    <p class='ocr_par' dir='ltr' id='par_1_97' title="bbox 407 5114 3319 5259">
     <span class='ocr_line' id='line_1_97' title="bbox 408 5114 3319 5208; baseline 0.001 -37"><span class='ocrx_word' id='word_1_733' title='bbox 408 5114 466 5172; x_wconf 78' lang='lat' dir='ltr'>si</span> <span class='ocrx_word' id='word_1_734' title='bbox 491 5114 732 5208; x_wconf 61' lang='grc' dir='ltr'>ἀγράφου</span> <span class='ocrx_word' id='word_1_735' title='bbox 769 5114 1012 5193; x_wconf 76' lang='lat' dir='ltr'>legatur,</span> <span class='ocrx_word' id='word_1_736' title='bbox 1176 5114 1457 5207; x_wconf 38' lang='lat' dir='ltr'>intelligit.</span> <span class='ocrx_word' id='word_1_737' title='bbox 1491 5121 1822 5192; x_wconf 90' lang='lat' dir='ltr'>Gregorius.</span> <span class='ocrx_word' id='word_1_738' title='bbox 1854 5137 2053 5203; x_wconf 85' lang='lat' dir='ltr'>vocem</span> <span class='ocrx_word' id='word_1_739' title='bbox 2236 5114 2345 5188; x_wconf 82' lang='lat'>(35)</span> <span class='ocrx_word' id='word_1_740' title='bbox 2380 5114 2683 5206; x_wconf 68' lang='grc' dir='ltr'>Προτιθείς.</span> <span class='ocrx_word' id='word_1_741' title='bbox 2719 5114 2953 5198; x_wconf 40' lang='lat' dir='ltr'>Rpgfd,</span> <span class='ocrx_word' id='word_1_742' title='bbox 2976 5114 3319 5192; x_wconf 74' lang='grc' dir='ltr'>προστιθείς.</span> 
     </span>
     <span class='ocr_line' id='line_1_98' title="bbox 407 5188 3027 5259; baseline 0.001 -18"><span class='ocrx_word' id='word_1_743' title='bbox 407 5188 743 5259; x_wconf 81' lang='grc' dir='ltr'>ὁμοιουσιον,</span> <span class='ocrx_word' id='word_1_744' title='bbox 776 5210 949 5259; x_wconf 89' lang='lat' dir='ltr'>quam</span> <span class='ocrx_word' id='word_1_745' title='bbox 988 5203 1187 5251; x_wconf 77' lang='lat' dir='ltr'>Ariani</span> <span class='ocrx_word' id='word_1_746' title='bbox 1216 5196 1684 5257; x_wconf 79' lang='lat' dir='ltr'>introducebant,</span> <span class='ocrx_word' id='word_1_747' title='bbox 1717 5190 1875 5246; x_wconf 91' lang='lat' dir='ltr'>nullo</span> <span class='ocrx_word' id='word_1_748' title='bbox 1907 5194 2054 5247; x_wconf 82' lang='lat' dir='ltr'>Scri-</span> <span class='ocrx_word' id='word_1_749' title='bbox 2236 5190 2345 5259; x_wconf 88' lang='lat'>(36)</span> <span class='ocrx_word' id='word_1_750' title='bbox 2378 5190 2504 5259; x_wconf 82' lang='grc' dir='ltr'>Ουν.</span> <span class='ocrx_word' id='word_1_751' title='bbox 2542 5191 2722 5259; x_wconf 74' lang='lat' dir='ltr'>Deest</span> <span class='ocrx_word' id='word_1_752' title='bbox 2754 5205 2811 5242; x_wconf 89' lang='lat' dir='ltr'>1n</span> <span class='ocrx_word' id='word_1_753' title='bbox 2846 5188 2939 5243; x_wconf 90' lang='lat' dir='ltr'>Or.</span> <span class='ocrx_word' id='word_1_754' title='bbox 2979 5191 3027 5244; x_wconf 91' lang='grc'>1.</span> 
     </span>
    </p>
   </div>
   <div class='ocr_carea' id='block_1_98' title="bbox 405 5210 2085 5346">
    <p class='ocr_par' dir='ltr' id='par_1_98' title="bbox 405 5210 2054 5346">
     <span class='ocr_line' id='line_1_99' title="bbox 407 5210 2054 5265; baseline 0.005 -26"><span class='ocrx_word' id='word_1_755' title='bbox 407 5210 743 5259; x_wconf 81' lang='grc' dir='ltr'>ομοιουσιον,</span> <span class='ocrx_word' id='word_1_756' title='bbox 776 5210 949 5265; x_wconf 89' lang='lat' dir='ltr'>quam</span> <span class='ocrx_word' id='word_1_757' title='bbox 988 5210 1187 5251; x_wconf 69' lang='lat' dir='ltr'>ariam</span> <span class='ocrx_word' id='word_1_758' title='bbox 1216 5210 1684 5257; x_wconf 76' lang='lat' dir='ltr'>Introuucenant,</span> <span class='ocrx_word' id='word_1_759' title='bbox 1717 5210 1875 5246; x_wconf 85' lang='lat' dir='ltr'>nuuo</span> <span class='ocrx_word' id='word_1_760' title='bbox 1907 5210 2054 5247; x_wconf 64' lang='grc' dir='ltr'>δοτι-</span> 
     </span>
     <span class='ocr_line' id='line_1_100' title="bbox 405 5260 2049 5346; baseline 0.018 -34"><span class='ocrx_word' id='word_1_761' title='bbox 405 5268 590 5346; x_wconf 34' lang='lat' dir='ltr'>pt‘urzie</span> <span class='ocrx_word' id='word_1_762' title='bbox 622 5261 748 5346; x_wconf 72' lang='lat' dir='ltr'>loco</span> <span class='ocrx_word' id='word_1_763' title='bbox 780 5267 1084 5346; x_wconf 67' lang='lat' dir='ltr'>contineri.</span> <span class='ocrx_word' id='word_1_764' title='bbox 1139 5270 1194 5323; x_wconf 93' lang='lat' dir='ltr'>Si</span> <span class='ocrx_word' id='word_1_765' title='bbox 1221 5279 1439 5346; x_wconf 58' lang='lat' dir='ltr'>autem</span> <span class='ocrx_word' id='word_1_766' title='bbox 1472 5268 1723 5346; x_wconf 58' lang='lat' dir='ltr'>legetur,</span> <span class='ocrx_word' id='word_1_767' title='bbox 1759 5260 2049 5346; x_wconf 61' lang='grc' dir='ltr'>ίγῖράφτζυν</span> 
     </span>
    </p>
   </div>
   <div class='ocr_carea' id='block_1_99' title="bbox 2195 5210 3831 5346">
    <p class='ocr_par' dir='ltr' id='par_1_99' title="bbox 2195 5210 3831 5346">
     <span class='ocr_line' id='line_1_101' title="bbox 2236 5210 3027 5259; baseline 0.001 -16"><span class='ocrx_word' id='word_1_768' title='bbox 2236 5210 2345 5259; x_wconf 71' lang='lat'>(.30)</span> <span class='ocrx_word' id='word_1_769' title='bbox 2378 5210 2504 5244; x_wconf 88' lang='grc' dir='ltr'>υυν.</span> <span class='ocrx_word' id='word_1_770' title='bbox 2542 5210 2712 5243; x_wconf 73' lang='lat' dir='ltr'>“eest</span> <span class='ocrx_word' id='word_1_771' title='bbox 2756 5210 2811 5242; x_wconf 88' lang='lat' dir='ltr'>1n</span> <span class='ocrx_word' id='word_1_772' title='bbox 2846 5210 2939 5243; x_wconf 85' lang='lat' dir='ltr'>ur.</span> <span class='ocrx_word' id='word_1_773' title='bbox 2979 5210 3027 5244; x_wconf 85' lang='lat'>1.</span> 
     </span>
     <span class='ocr_line' id='line_1_102' title="bbox 2195 5258 3831 5346; baseline 0.005 -32"><span class='ocrx_word' id='word_1_774' title='bbox 2195 5261 2344 5346; x_wconf 50' lang='lat'>(3?)</span> <span class='ocrx_word' id='word_1_775' title='bbox 2378 5258 2637 5346; x_wconf 40' lang='grc' dir='ltr'>(ῥύονται,</span> <span class='ocrx_word' id='word_1_776' title='bbox 2669 5258 2777 5346; x_wconf 73' lang='grc' dir='ltr'>εἰει¹</span> <span class='ocrx_word' id='word_1_777' title='bbox 2820 5276 2919 5316; x_wconf 82' lang='lat' dir='ltr'>sex</span> <span class='ocrx_word' id='word_1_778' title='bbox 2974 5261 3176 5345; x_wconf 49' lang='lat' dir='ltr'>ﬂegg.,</span> <span class='ocrx_word' id='word_1_779' title='bbox 3236 5264 3350 5319; x_wconf 92' lang='lat' dir='ltr'>duo</span> <span class='ocrx_word' id='word_1_780' title='bbox 3410 5263 3612 5333; x_wconf 88' lang='lat' dir='ltr'>Coisl.,</span> <span class='ocrx_word' id='word_1_781' title='bbox 3670 5264 3831 5336; x_wconf 66' lang='grc' dir='ltr'>εἶϐε..</span> 
     </span>
    </p>
   </div>
   <div class='ocr_carea' id='block_1_100' title="bbox 404 5330 3145 5407">
    <p class='ocr_par' dir='ltr' id='par_1_100' title="bbox 404 5330 3145 5407">
     <span class='ocr_line' id='line_1_103' title="bbox 404 5330 3145 5407; baseline 0.001 -23"><span class='ocrx_word' id='word_1_782' title='bbox 404 5330 986 5407; x_wconf 82' lang='lat' dir='ltr'>intelligitscriptam</span> <span class='ocrx_word' id='word_1_783' title='bbox 1019 5339 1176 5393; x_wconf 91' lang='lat' dir='ltr'>illam</span> <span class='ocrx_word' id='word_1_784' title='bbox 1214 5341 1341 5394; x_wconf 81' lang='lat' dir='ltr'>fidei</span> <span class='ocrx_word' id='word_1_785' title='bbox 1378 5330 1717 5404; x_wconf 71' lang='lat' dir='ltr'>formulam,</span> <span class='ocrx_word' id='word_1_786' title='bbox 1762 5330 1867 5390; x_wconf 69' lang='lat' dir='ltr'>cui</span> <span class='ocrx_word' id='word_1_787' title='bbox 1909 5330 2048 5390; x_wconf 59' lang='lat' dir='ltr'>sub;</span> <span class='ocrx_word' id='word_1_788' title='bbox 2160 5330 2440 5407; x_wconf 82' lang='lat' dir='ltr'>Combef._,</span> <span class='ocrx_word' id='word_1_789' title='bbox 2474 5336 2581 5407; x_wconf 56' lang='lat' dir='ltr'>etc.</span> <span class='ocrx_word' id='word_1_790' title='bbox 2622 5330 2677 5407; x_wconf 83' lang='lat' dir='ltr'>In</span> <span class='ocrx_word' id='word_1_791' title='bbox 2703 5332 2825 5407; x_wconf 78' lang='lat' dir='ltr'>_ed._,</span> <span class='ocrx_word' id='word_1_792' title='bbox 2861 5330 3145 5389; x_wconf 72' lang='grc' dir='ltr'>ποιοῦνῖεᾶ.</span> 
     </span>
    </p>
   </div>
   <div class='ocr_carea' id='block_1_101' title="bbox 404 5401 3086 5475">
    <p class='ocr_par' dir='ltr' id='par_1_101' title="bbox 404 5401 3086 5475">
     <span class='ocr_line' id='line_1_104' title="bbox 404 5401 3086 5475; baseline 0.005 -18"><span class='ocrx_word' id='word_1_793' title='bbox 404 5401 697 5458; x_wconf 80' lang='lat' dir='ltr'>scribendi</span> <span class='ocrx_word' id='word_1_794' title='bbox 732 5401 1140 5467; x_wconf 70' lang='lat' dir='ltr'>necessitatem</span> <span class='ocrx_word' id='word_1_795' title='bbox 1174 5410 1548 5466; x_wconf 84' lang='lat' dir='ltr'>Constantius</span> <span class='ocrx_word' id='word_1_796' title='bbox 1606 5401 1883 5463; x_wconf 83' lang='lat' dir='ltr'>omnibus</span> <span class='ocrx_word' id='word_1_797' title='bbox 1933 5408 2049 5463; x_wconf 90' lang='lat' dir='ltr'>im-</span> <span class='ocrx_word' id='word_1_798' title='bbox 2233 5405 2340 5475; x_wconf 78' lang='grc'>(38)</span> <span class='ocrx_word' id='word_1_799' title='bbox 2371 5401 2463 5455; x_wconf 70' lang='grc' dir='ltr'>Οὐ·</span> <span class='ocrx_word' id='word_1_800' title='bbox 2498 5403 2668 5475; x_wconf 59' lang='grc' dir='ltr'>ῌθθξῖ</span> <span class='ocrx_word' id='word_1_801' title='bbox 2700 5402 2758 5455; x_wconf 73' lang='lat' dir='ltr'>in</span> <span class='ocrx_word' id='word_1_802' title='bbox 2786 5403 2932 5475; x_wconf 67' lang='grc' dir='ltr'><strong>Βρίξ-</strong></span> <span class='ocrx_word' id='word_1_803' title='bbox 2968 5407 3086 5475; x_wconf 60' lang='grc' dir='ltr'>βω.</span> 
     </span>
    </p>
   </div>
   <div class='ocr_carea' id='block_1_102' title="bbox 402 5470 2085 5547">
    <p class='ocr_par' dir='ltr' id='par_1_102' title="bbox 402 5476 672 5546">
     <span class='ocr_line' id='line_1_105' title="bbox 402 5476 672 5546; baseline -0.004 -16"><span class='ocrx_word' id='word_1_804' title='bbox 402 5476 672 5546; x_wconf 74' lang='lat' dir='ltr'>ponebaL</span> 
     </span>
    </p>
   </div>
   <div class='ocr_carea' id='block_1_103' title="bbox 2195 5470 3223 5547">
    <p class='ocr_par' dir='ltr' id='par_1_103' title="bbox 2231 5470 3223 5547">
     <span class='ocr_line' id='line_1_106' title="bbox 2231 5470 3223 5547; baseline 0.002 -19"><span class='ocrx_word' id='word_1_805' title='bbox 2231 5470 2340 5545; x_wconf 83' lang='lat'>(39)</span> <span class='ocrx_word' id='word_1_806' title='bbox 2376 5470 2576 5547; x_wconf 82' lang='grc' dir='ltr'>Δεινόν.</span> <span class='ocrx_word' id='word_1_807' title='bbox 2609 5473 2754 5547; x_wconf 74' lang='lat' dir='ltr'>Tres</span> <span class='ocrx_word' id='word_1_808' title='bbox 2782 5470 2983 5547; x_wconf 57' lang='lat' dir='ltr'>Re_§g.,</span> <span class='ocrx_word' id='word_1_809' title='bbox 3017 5474 3223 5530; x_wconf 81' lang='grc' dir='ltr'>δεινῶν.</span> 
     </span>
    </p>
   </div>
   <div class='ocr_carea' id='block_1_104' title="bbox 475 5543 2085 5625">
    <p class='ocr_par' dir='ltr' id='par_1_104' title="bbox 475 5547 2042 5625">
     <span class='ocr_line' id='line_1_107' title="bbox 475 5547 2042 5625; baseline 0.002 -22"><span class='ocrx_word' id='word_1_810' title='bbox 475 5547 904 5625; x_wconf 60' lang='lat' dir='ltr'>(31)I_Ipo_aiyew.</span> <span class='ocrx_word' id='word_1_811' title='bbox 956 5554 1047 5608; x_wconf 74' lang='lat' dir='ltr'>sic</span> <span class='ocrx_word' id='word_1_812' title='bbox 1108 5571 1205 5610; x_wconf 83' lang='lat' dir='ltr'>sex</span> <span class='ocrx_word' id='word_1_813' title='bbox 1263 5556 1463 5625; x_wconf 84' lang='lat' dir='ltr'>Regg.,</span> <span class='ocrx_word' id='word_1_814' title='bbox 1524 5551 1639 5606; x_wconf 92' lang='lat' dir='ltr'>duo</span> <span class='ocrx_word' id='word_1_815' title='bbox 1697 5548 1892 5616; x_wconf 88' lang='lat' dir='ltr'>Coisl.,</span> <span class='ocrx_word' id='word_1_816' title='bbox 1950 5549 2042 5606; x_wconf 90' lang='lat' dir='ltr'>Or.</span> 
     </span>
    </p>
   </div>
   <div class='ocr_carea' id='block_1_105' title="bbox 2195 5543 3833 5625">
    <p class='ocr_par' dir='ltr' id='par_1_105' title="bbox 2228 5543 3833 5623">
     <span class='ocr_line' id='line_1_108' title="bbox 2228 5543 3833 5623; baseline 0.008 -26"><span class='ocrx_word' id='word_1_817' title='bbox 2228 5543 2340 5617; x_wconf 77' lang='grc'>(40)</span> <span class='ocrx_word' id='word_1_818' title='bbox 2373 5543 2522 5620; x_wconf 85' lang='grc' dir='ltr'>Παρὰ</span> <span class='ocrx_word' id='word_1_819' title='bbox 2574 5548 2691 5604; x_wconf 87' lang='grc' dir='ltr'>τοῖς</span> <span class='ocrx_word' id='word_1_820' title='bbox 2744 5543 2994 5608; x_wconf 66' lang='grc' dir='ltr'>Ἰταλοῖς.</span> <span class='ocrx_word' id='word_1_821' title='bbox 3048 5548 3275 5616; x_wconf 81' lang='lat' dir='ltr'>Billius,</span> <span class='ocrx_word' id='word_1_822' title='bbox 3326 5572 3353 5599; x_wconf 86' lang='grc'>‹‹</span> <span class='ocrx_word' id='word_1_823' title='bbox 3396 5549 3551 5623; x_wconf 92' lang='lat' dir='ltr'>apud</span> <span class='ocrx_word' id='word_1_824' title='bbox 3604 5548 3833 5610; x_wconf 83' lang='lat' dir='ltr'>Roma-</span> 
     </span>
    </p>
   </div>
   <div class='ocr_carea' id='block_1_106' title="bbox 404 5616 2085 5700">
    <p class='ocr_par' dir='ltr' id='par_1_106' title="bbox 404 5616 1633 5700">
     <span class='ocr_line' id='line_1_109' title="bbox 404 5616 1633 5700; baseline 0 0"><span class='ocrx_word' id='word_1_825' title='bbox 404 5616 455 5679; x_wconf 68' lang='grc' dir='ltr'><strong>¹ν</strong></span> <span class='ocrx_word' id='word_1_826' title='bbox 478 5616 686 5700; x_wconf 58' lang='grc' dir='ltr'>,999³Ρὲ</span> <span class='ocrx_word' id='word_1_827' title='bbox 724 5616 795 5700; x_wconf 76' lang='lat' dir='ltr'>Ln&#39;</span> <span class='ocrx_word' id='word_1_828' title='bbox 836 5624 951 5700; x_wconf 40' lang='lat' dir='ltr'>eds.</span> <span class='ocrx_word' id='word_1_829' title='bbox 986 5629 1262 5700; x_wconf 62' lang='grc' dir='ltr'>προάγωνρ</span> <span class='ocrx_word' id='word_1_830' title='bbox 1346 5616 1417 5700; x_wconf 74' lang='grc' dir='ltr'>“ἶ“</span> <span class='ocrx_word' id='word_1_831' title='bbox 1625 5698 1633 5700; x_wconf 81' lang='lat'><strong><em>_</em></strong></span> 
     </span>
    </p>
   </div>
   <div class='ocr_carea' id='block_1_107' title="bbox 2195 5616 2346 5700">
    <p class='ocr_par' dir='ltr' id='par_1_107' title="bbox 2199 5616 2346 5675">
     <span class='ocr_line' id='line_1_110' title="bbox 2199 5616 2346 5675; baseline -0.014 0"><span class='ocrx_word' id='word_1_832' title='bbox 2199 5616 2283 5675; x_wconf 84' lang='lat' dir='ltr'>Os.</span> <span class='ocrx_word' id='word_1_833' title='bbox 2318 5616 2346 5667; x_wconf 57' lang='grc' dir='ltr'>ἱ)</span> 
     </span>
    </p>
   </div>
   <div class='ocr_carea' id='block_1_108' title="bbox 474 5686 1768 5770">
    <p class='ocr_par' dir='ltr' id='par_1_108' title="bbox 474 5686 1768 5770">
     <span class='ocr_line' id='line_1_111' title="bbox 474 5686 1768 5770; baseline -0.005 -10"><span class='ocrx_word' id='word_1_834' title='bbox 474 5688 583 5761; x_wconf 73' lang='grc'>(32)</span> <span class='ocrx_word' id='word_1_835' title='bbox 615 5686 699 5745; x_wconf 73' lang='grc' dir='ltr'>Δί.</span> <span class='ocrx_word' id='word_1_836' title='bbox 731 5690 871 5750; x_wconf 89' lang='lat' dir='ltr'>Tres</span> <span class='ocrx_word' id='word_1_837' title='bbox 903 5686 1108 5770; x_wconf 75' lang='lat' dir='ltr'>Regg.,</span> <span class='ocrx_word' id='word_1_838' title='bbox 1137 5686 1196 5754; x_wconf 76' lang='lat' dir='ltr'>et</span> <span class='ocrx_word' id='word_1_839' title='bbox 1225 5698 1323 5759; x_wconf 89' lang='lat' dir='ltr'>Or.</span> <span class='ocrx_word' id='word_1_840' title='bbox 1357 5696 1382 5753; x_wconf 92' lang='grc'><strong>1</strong></span> <span class='ocrx_word' id='word_1_841' title='bbox 1418 5695 1662 5769; x_wconf 84' lang='lat' dir='ltr'>addunt,</span> <span class='ocrx_word' id='word_1_842' title='bbox 1690 5712 1768 5753; x_wconf 82' lang='grc' dir='ltr'>τε.</span> 
     </span>
    </p>
   </div>
  </div>
