4056 6274
324 407 477 470 1125

1234 393 1529 461 ORATIO
1572 390 1730 457 XXI.
1767 427 1842 439 --
1888 396 1963 454 lN
2012 394 2337 457 LAUDEM
2381 390 2837 459 A'l‘HANASll.

3568 406 3724 469 “9.6

320 547 418 610 τῆς
444 538 569 614 παρ’
600 535 784 594 αὐτοῖς
832 534 1112 609 γλώττης,
1158 532 1248 586 καὶ
1296 527 1576 601 ὀνομάτων
1627 525 1832 614 πενίαν,
1881 522 2002 596 διει,

2104 528 2244 583 ιοοίε
2275 529 2368 600 pie
2398 529 2731 586 dicerentur
2752 531 3023 601 (alterum
3071 535 3224 588 enim
3269 536 3589 593 divinitatis
3620 557 3722 594 na-

324 630 466 684 ελεῖν
519 613 623 681 ἀπὸ
671 631 769 693 τῆς
819 623 1006 685 οὐσίας
1056 622 1153 690 τὴν
1209 619 1519 688 ὑπόστασιν,
1551 616 1640 671 καὶ
1690 613 1779 669 διὰ
1804 619 1963 669 τοῦτο

320 712 743 786 ἀντεισαγοόσης
789 711 855 763 τὰ
891 709 1178 785 πρόσωπα,
1221 704 1313 759 ’ίνα
1348 706 1423 777 μὴ
1473 708 1618 779 τρεῖς
1658 702 1833 756 οὐσίαι
1862 722 1967 756 πα-

321 800 627 877 ραδεχΘῶσι
662 803 716 872 (4
756 805 796 867 ),
828 797 878 852 τί
909 797 1112 871 γίνεται
1148 816 1161 865 ;
1192 797 1280 856 Ὠς
1313 793 1431 848 λίαν
1483 790 1730 866 γελοῖον,
1756 792 1791 859 ἢ
1826 789 1966 845 ἐλει-

321 891 433 946 νόν.
472 890 714 949 Πίστεως
748 884 895 957 ἔδοξε
927 883 1160 962 διαφορᾶ
1189 887 1223 954 ἠ
1257 881 1379 954 περὶ
1427 882 1517 936 τὸν
1564 881 1711 955 ἦχον
1746 899 1969 954 σμικρο-

325 980 486 1055 λογία
518 980 651 1052 (42).
685 977 816 1031 Εἶτα
868 968 1251 1045 Σαϐελλισμὸς
1283 973 1399 1043 (43)
1446 969 1670 1024 ἐνταῦθα
1696 967 1963 1038 ἐπενοήθη

322 1073 437 1129 τνῖς
484 1066 628 1142 τρισὶ
675 1064 1026 1140 προσώποις,
1078 1060 1167 1117 καὶ
1213 1058 1591 1133 ’Δρειανισμὸς
1639 1063 1754 1119 ταῖς
1797 1056 1969 1132 τρισὶν

327 1157 667 1223 ὑποστάσεσι,
719 1152 787 1208 τὰ
827 1158 928 1221 τῆς
980 1148 1312 1228 φιλονεικίας
1364 1145 1787 1218 ἀναπλάσματα.
1837 1147 1969 1199 Εἴτα

318 1247 417 1315 τί,
465 1240 903 1320 Ιιροστιθεμένου
960 1243 1157 1314 μικροῦ
1198 1257 1344 1298 τινος
1393 1236 1474 1291 ἀεὶ
1520 1239 1617 1289 τοῦ
1667 1233 1966 1296 λυποῦντος

320 1337 372 1407 (ὃ
403 1334 651 1407 λυπηρὸν
684 1335 719 1403 ἠ
765 1329 1069 1409 φιλονεικίαι
1116 1330 1308 1400 ποιεῖ),
1354 1323 1646 1380 κινδυνεύει
1698 1323 1967 1400 συναπορ-

323 1424 548 1501 ῥαγῆναι
592 1426 711 1483 ταῖς
758 1414 1064 1480 συλλαϐαῖς
1112 1418 1179 1471 τὰ
1224 1415 1447 1492 πέρατα.
1482 1415 1646 1471 Ταῦτ’
1692 1411 1783 1467 οῦν
1826 1414 1966 1489 ὁρῶν

319 1513 408 1569 καὶ
457 1512 669 1567 ἀκούων
698 1511 726 1564 ὁ
763 1510 1025 1584 μακάριος
1071 1506 1294 1574 ἐκεῖνος,
1344 1504 1434 1559 καὶ
1487 1504 1560 1565 ὡς
1607 1502 1829 1573 άληθῶς
1878 1501 1970 1557 ἅν-

323 1614 542 1679 θρωπος
570 1604 667 1655 τοῦ
716 1603 872 1669 Θεοῦ,
904 1597 994 1652 καὶ
1048 1595 1216 1671 μέγας
1260 1598 1366 1649 τῶν
1419 1597 1612 1667 ψυχῶν
1654 1590 1970 1664 οἰκονόμος,

323 1692 422 1747 οὐκ
450 1690 607 1763 ᾠήθη
643 1685 751 1743 δεῖν
784 1682 1031 1761 παριδεῖν
1078 1686 1179 1752 τήν
1234 1680 1432 1737 ἄτοπον
1463 1680 1606 1735 οὕτω
1645 1680 1735 1735 καὶ
1767 1679 1969 1753 ἄλογον

318 1784 415 1835 τοῦ
448 1778 624 1853 Λόγου
670 1776 984 1847 κατατομήν
1032 1775 1167 1847 (44)’
1213 1772 1273 1826 τὸ
1323 1768 1381 1825 δὶ
1425 1770 1551 1846 παρ’
1600 1770 1789 1824 ἑαυτοῦ
1838 1768 1974 1846 φάρ-

2074 622 2291 682 turam,
2314 618 2565 673 alterum
2593 620 2773 674 trium
2806 637 3185 692 personarum
3220 626 3603 695 praprietates
3625 629 3723 683 de-

2076 706 2298 777 clarat),
2332 712 2507 777 atque
2553 709 2756 762 eodem
2802 709 3037 779 quidem
3068 712 3241 766 modo
3290 715 3442 783 apud
3493 716 3727 772 Latinos

2077 794 2571 865 intelligerentur,
2622 802 2895 852 caeterum
2949 800 3021 853 ob
3071 799 3284 872 linguai
3332 802 3491 858 illius
3542 821 3725 877 angu-
3814 810 3817 815 ’

2078 882 2251 938 stiam
2284 888 2341 938 et
2370 885 2676 940 verborum
2711 886 2993 956 inopiam,
3027 888 3389 959 hypostasim
3424 894 3495 947 ab
3527 909 3725 949 essen-

2077 971 2158 1026 tia
2180 972 2539 1043 distinguere
2571 989 2687 1028 non
2719 980 2981 1044 possent,
3003 992 3188 1047 eoque
3218 979 3438 1035 factum
3466 987 3639 1053 esset,
3663 986 3729 1039 ut

2080 1077 2182 1132 pro
2216 1077 2303 1125 ea,
2337 1076 2408 1115 ne
2456 1067 2575 1116 tres
2623 1063 2987 1118 substantias
3017 1067 3323 1122 admittere
3369 1068 3726 1140 viderentur,

2084 1165 2467 1220 personarum
2499 1151 2654 1204 410
2683 1150 3028 1207 vocabulum
3052 1154 3563 1228 inducerent,quid
3594 1165 3725 1215 tan-

2077 1239 2209 1292 dem
2242 1237 2530 1309 contigit?
2559 1238 2666 1293 Res
2697 1240 2952 1309 profecto
2983 1241 3251 1314 ridicula,
3272 1244 3363 1299 vel
3396 1248 3591 1318 potius
3622 1250 3728 1304 mi-

2078 1327 2347 1382 seranda.
2382 1326 2631 1380 Diversae
2682 1328 2812 1382 ﬁdei
2844 1331 3098 1400 speciem
3141 1333 3387 1401 priebuit
3434 1334 3579 1392 levis
3629 1337 3731 1393 illa

2078 1421 2134 1471 et
2156 1415 2364 1486 jejuna
2395 1416 2465 1470 de
2498 1432 2708 1470 vocum
2757 1432 2900 1472 sono
2931 1418 3248 1475 altercatio.
3284 1423 3387 1478 Hic
3434 1424 3643 1481 deinde
3673 1431 3731 1497 et

2080 1504 2466 1561 Sabellismus
2506 1505 2579 1560 ob
2631 1511 2749 1561 tres
2798 1523 3078 1578 personas
3125 1512 3489 1583 excogitatus
3534 1520 3641 1583 est,
3673 1521 3732 1572 et

2082 1592 2450 1648 Arianismus
2479 1594 2553 1648 ob
2586 1600 2703 1649 tres
2736 1594 3103 1666 hypostases,
3135 1615 3384 1670 quorum
3417 1607 3734 1676 utrumque

2081 1684 2350 1754 pertinax
2379 1682 2766 1737 contendendi
2798 1683 3059 1741 studium
3091 1687 3416 1744 efﬂuxerat.
3450 1692 3596 1755 Quid
3630 1709 3732 1764 po-

2081 1769 2241 1825 stea?
2269 1770 2417 1825 Cum
2468 1770 2678 1841 exigua
2718 1788 2810 1827 res
2860 1773 3060 1844 aliqua
3106 1777 3365 1845 quotidie
3412 1780 3731 1848 accederet,

326 1889 493 1941 μακον
530 1866 714 1941 ἐπάγει
741 1863 821 1937 τῷ
851 1862 1103 1940 ἀῤῥωστή
1118 1882 1264 1935 ματι.
1301 1864 1423 1920 Πῶς
1454 1856 1546 1913 οὖν
1577 1862 1740 1912 τοῦτο
1785 1861 1970 1925 ποιεῖ;

331 1963 370 1969 .-
548 1954 568 1969 \
663 1956 672 1969 ι
901 1952 913 1969 9
1024 1950 1037 1969 1
1271 1949 1285 1968 \
1395 1947 1437 1969 I,
1547 1946 1631 1969 A’,
1669 1946 1737 1969 ,αὶ
1794 1945 1979 1969 _-_’.,,,

2104 1874 2217 1929 μιν.»
2247 1858 2581 1913 molestiam
2615 1859 2844 1915 afferret
2870 1861 3223 1931 (molestiam
3254 1865 3408 1921 enim
3441 1869 3733 1926 contentio

2104 1947 2266 1969 ___!l.\
2327 1962 2384 1969 ,Α
2426 1947 2654 1969 Δ.-..Δ-....
2716 1965 2806 1969 .___
2861 1950 3093 1969 _Jj,,_n,
3226 1957 3235 1969 ι
3344 1958 3354 1969 ι
3517 1957 3528 1968 η
3610 1956 3624 1969 ι

330 1954 845 2033 Προσκαλεσάμενος
890 1950 1170 2029 ἀμφότερα
1229 1949 1296 2003 τὰ
1347 1947 1485 2023 μέρη
1540 1946 1740 2001 οὑτωσὶ
1790 1945 1981 2020 πράως

327 2044 419 2100 καί
450 2043 875 2123 φιλανθρώπως,
904 2041 995 2095 καὶ
1023 2039 1115 2095 τὸν
1148 2042 1272 2093 νοῦν
1321 2041 1429 2091 τῶν
1482 2034 1795 2109 λεγομενων
1825 2034 1977 2123 ἀκρι-

334 2120 472 2194 ϐῶς.
501 2132 767 2203 ἐξετάσας,
812 2126 1000 2195 ἐπειδή
1053 2129 1487 2205 συμφρονοῦντας
1521 2123 1641 2197 εὗρε
1690 2123 1779 2177 καὶ
1823 2120 1976 2177 οὐδὲν

332 2220 621 2283 διεστῶτας
664 2219 800 2273 κατὰ
839 2218 930 2272 τὸν
964 2215 1150 2292 λόγον,
1180 2216 1248 2269 τὰ
1297 2211 1538 2285 ὀνόματα
1587 2213 1976 2286 συγχωρήσας,

330 2307 513 2364 συνδεῖ
542 2310 654 2381 (45)
683 2312 799 2368 τοῖς
832 2305 1163 2380 πράγμασιν.

2095 1947 2288 2017 parit),
2321 1962 2387 2001 eo
2426 1947 2663 2002 tandem
2716 1965 2809 2003 res
2855 1950 3108 2005 adducta
3155 1957 3263 2020 est,
3297 1958 3363 2008 ut
3410 1956 3734 2027 periculum

2088 2040 2263 2102 esset,
2296 2050 2366 2089 ne
2417 2034 2575 2090 orbis
2613 2040 2900 2091 terrarum
2954 2039 3098 2094 ﬁnes
3146 2057 3265 2095 una
3312 2058 3444 2097 cum
3496 2044 3736 2117 syllabis

2088 2125 2597 2194 abrumperentur.
2632 2124 2767 2187 Quae
2816 2141 2950 2180 cum
3006 2128 3211 2183 beatus
3246 2129 3339 2185 ille
3380 2131 3487 2201 vir,
3522 2138 3577 2187 et
3605 2148 3737 2192 vere

2088 2212 2261 2266 homo
2328 2211 2451 2277 Dei,
2512 2227 2880 2284 magnusque
2935 2215 3268 2272 animarum
3344 2220 3734 2294 dispensator,

2087 2298 2272 2355 oculis
2323 2299 2683 2371 auribusque
2721 2308 3052 2373 usurparet,
3087 2304 3200 2360 sibi
3244 2311 3363 2362 tam
3416 2310 3735 2368 absurdam

332 2405 387 2457 et
418 2417 451 2456 a
482 2399 705 2454 ratione
736 2396 989 2452 alienam
1020 2393 1195 2449 Verbi
1239 2392 1561 2448 sectionem
1591 2389 2085 2446 dissimulandam
2119 2405 2184 2443 ac
2212 2388 2621 2459 negligendam
2674 2407 2788 2445 non
2838 2393 3094 2462 putavit;
3129 2411 3331 2450 verum
3381 2399 3735 2456 medicinam

335 2491 539 2545 morbo
571 2489 1011 2560 quamprimum
1045 2486 1302 2541 adhibet.
1335 2484 1599 2548 Quonam
1650 2487 1845 2537 autem
1900 2481 2071 2536 modo
2101 2479 2158 2533 id
2192 2479 2371 2534 facit?
2404 2479 2658 2551 Utraque
2689 2487 2851 2550 parte
2880 2482 3089 2539 leniter
3131 2491 3188 2540 et
3236 2487 3483 2560 benigne
3532 2491 3736 2559 accita,

333 2578 760 2648 verborumque
789 2576 1077 2632 sententia
1108 2574 1419 2646 diligenter
1448 2577 1505 2627 et
1534 2576 1798 2627 accurate
1838 2584 2143 2641 perpensa,
2176 2574 2555 2639 posteaquam
2586 2572 2901 2627 concordes
2945 2575 3180 2645 reperit,
3209 2592 3311 2631 nec
3341 2583 3630 2647 quantum
3664 2580 3737 2635 ad

340 2666 690 2733 doctrinam,
726 2665 842 2721 ullo
874 2666 1046 2720 modo
1078 2666 1231 2718 inter
1260 2679 1322 2718 se
1350 2662 1724 2725 dissidentes,
1757 2661 1839 2714 ita
1868 2659 2168 2731 negotium
2213 2657 2516 2730 transegit,
2551 2663 2616 2714 ut
2646 2660 2951 2716 nominum
2987 2679 3157 2718 usum
3188 2667 3530 2739 concedens,
3564 2670 3739 2726 rebus

339 2771 437 2810 eos
470 2754 911 2826 constringeret.

406 2842 515 2907 Λζ’.
548 2844 717 2893 Τοῦτο
764 2844 870 2893 τῶν
929 2843 1148 2915 μακρῶν
1196 2837 1375 2892 πόνων
1422 2836 1512 2891 καὶ
1546 2834 1722 2910 Λόγων
1773 2832 1984 2889 λυσιτε-

335 2925 611 3002 λέστερον,
647 2927 740 2989 οὓς
773 2926 966 2989 πάντες
1015 2924 1124 2996 ἤδη
1178 2925 1636 3003 λογογραφοῦσιν·
1682 2926 1763 2985 οἷς
1810 2944 1862 2977 τι
1892 2922 1981 2977 καὶ

338 3014 656 3094 φιλοτιμίας
706 3018 818 3089 (46)
858 3015 1216 3084 συνέζευκται,
1274 3014 1363 3068 καὶ
1423 3011 1512 3067 διὸ.
1555 3018 1716 3067 τοῦτο
1760 3009 1895 3073 ’ίσως
1928 3031 1981 3065 τι

338 3106 426 3161 καὶ
474 3110 879 3177 καινοτομεῖται
929 3103 1053 3179 περὶ
1102 3104 1192 3157 τὸν
1239 3101 1428 3176 λόγον.
1468 3105 1636 3156 Τοῦτο
1682 3106 1789 3156 τῶν
1839 3099 1982 3155 πολ-

342 3192 451 3248 λῶν
485 3193 792 3269 ἀγρυπνιῶν
826 3192 917 3245 καὶ
964 3194 1277 3265 χαμευνιῶν
1327 3190 1741 3264 προτιμότερον,
1788 3190 1859 3243 ὧν
1896 3188 1984 3261 μὲ-

2162 2835 2403 2890 XXXVI.
2435 2835 2552 2890 Hoc
2593 2836 2889 2893 diuturnis
2934 2839 3050 2896 illis
3099 2840 3397 2899 laboribus
3428 2848 3485 2899 et
3514 2860 3740 2901 sermo-

2093 2925 2289 2989 nibus,
2324 2940 2472 2995 quos
2519 2927 2637 2993 jam
2689 2942 2895 2983 omnes
2952 2928 3161 2986 litteris
3218 2934 3519 3000 mandant,
3566 2933 3739 3006 longe

2095 3012 2300 3068 utilius
2329 3018 2452 3079 est;
2487 3019 2686 3086 utpote
2717 3016 2815 3085 qui
2872 3018 3191 3074 ambitione
3240 3037 3355 3075 non
3403 3027 3629 3088 vacant,
3661 3023 3737 3079 ob

2094 3117 2343 3172 eamque
2399 3102 2645 3157 fortasse
2700 3120 2938 3159 causam
3011 3106 3163 3163 circa
3219 3109 3352 3163 tidei
3407 3110 3737 3167 doctrinam

2095 3191 2417 3261 quidquam
2467 3191 2799 3246 innovatur.
2836 3194 2948 3248 lloc
2980 3195 3181 3251 multis
3230 3197 3449 3269 vigiliis
3494 3205 3553 3254 et
3597 3200 3739 3255 cha-

347 3301 445 3357 χρι
474 3286 582 3334 τῶν
628 3279 1033 3355 κατορθούντων
1077 3279 1140 3332 τὸ
1192 3275 1403 3353 κέρδος.
1437 3280 1613 3333 Τοῦτο
1658 3282 1764 3331 τῶν
1812 3275 1984 3331 ἀοιδί-

2104 3278 2354 3333 meuniis
2399 3281 2793 3350 praestantius,
2825 3298 3073 3353 quarum
3108 3283 3332 3340 utilitas
3380 3286 3439 3341 in
3492 3287 3603 3355 his,
3637 3286 3741 3359 qui

352 3390 465 3441 μων
513 3368 732 3444 ἐξοριῶν
779 3368 868 3422 καὶ
918 3370 1101 3445 φυγῶν
1151 3372 1247 3421 τοῦ
1314 3363 1507 3441 ἀνδρός
1563 3365 1796 3436 ἐπάξιον·
1854 3366 1985 3441 ὑπὲρ

348 3459 451 3533 γὰρ
505 3458 577 3510 ὧν
623 3454 798 3511 εἷ’λετο
846 3456 1074 3530 πάσχειν
1121 3455 1316 3525 ἐκεῖνα,
1359 3458 1529 3509 ταῦτα
1573 3454 1663 3508 καὶ
1695 3457 1807 3526 (47)
1855 3455 1989 3526 μετὰ

346 3547 407 3600 τὸ
436 3548 619 3600 παθεῖν
672 3542 1050 3613 ἐσπουδάζετο.
1099 3545 1173 3601 Τὸ
1219 3541 1265 3599 δ’
1311 3544 1440 3599 αὐτὸ
1490 3543 1586 3598 κάν
1635 3548 1751 3605 τοῖς
1792 3540 1987 3605 ἄλλοις

346 3640 519 3689 ποιῶν
549 3632 798 3688 διετὲλει’
831 3633 959 3695 τοὺς
1017 3634 1109 3707 μὶν
1158 3632 1410 3702 ἐπαινῶν,
1456 3632 1584 3694 τοὺς
1629 3630 1687 3687 δὶ
1732 3631 1991 3702 πλήττων

351 3723 601 3798 μετρίως
634 3722 723 3777 καί
746 3727 853 3777 τῶν
906 3722 999 3795 μὲν
1051 3720 1113 3777 τὸ
1165 3724 1373 3798 νωθρὸν
1425 3719 1728 3797 διεγείρων,
1774 3726 1880 3775 τῶν
1933 3718 1991 3775 δὲ

343 3813 406 3867 τὸ
440 3813 638 3888 θερμὸν
668 3811 966 3885 κατείργων
999 3831 1010 3841 ·
1060 3811 1150 3865 καὶ
1198 3815 1305 3865 τῶν
1356 3810 1468 3881 μὲν,
1516 3809 1663 3871 ὅπως
1719 3811 1794 3882 μὴ
1833 3809 1990 3863 πταί-

348 3921 503 3970 σωσι,
560 3899 1015 3975 προμηθούμενος
1050 3918 1063 3931 ⁸
1112 3899 1244 3961 τοὺς
1304 3897 1381 3971 δὲ,
1439 3898 1586 3959 ὅπως
1644 3897 1988 3972 διορθωθεῖεν

346 3989 659 4050 πταίσαντες
693 3991 825 4060 (48),
879 3989 1317 4062 μηχανώμενος·
1367 3985 1577 4048 ἁπλοῦς
1623 3987 1716 4040 τὸν
1764 3985 1989 4060 τρόπον,

347 4074 647 4145 πολυειδὴς
678 4077 777 4143 τήν
808 4070 1147 4150 κυϐέρνησιν·
1183 4076 1349 4153 σοφὸς
1395 4079 1485 4129 τὸν
1535 4074 1720 4149 λόγον,
1754 4075 1991 4150 σοφώτε-

234 4210 242 4215 .
351 4187 443 4241 ρος
474 4166 571 4234 τὴν
628 4162 882 4219 διάνοιαν·
928 4165 1089 4232 πεζὸς
1133 4169 1251 4226 τοῖς
1302 4163 1728 4237 ταπεινοτέροις,
1781 4158 1991 4236 ὑψηλό-

348 4276 499 4331 τερος
545 4259 661 4314 τοῖς
716 4254 1136 4326 μετεωροτέροις
1168 4273 1181 4285 ·
1234 4251 1509 4330 φιλόξενος
1545 4298 1559 4325 ,
1608 4253 1809 4314 ἱκεσιος
1858 4254 1991 4324 (49),

422 4435 533 4503 (41)
568 4429 976 4506 Ιίῐαραδεχθῶσι.
1038 4434 1131 4506 Sic
1190 4434 1367 4506 Regg.
1426 4452 1487 4505 a,
1545 4451 1607 4502 c,
1665 4434 1731 4501 d,
1786 4432 1881 4489 Or.
1944 4434 1994 4502 1,

349 4505 605 4579 Combef.
640 4503 704 4560 In
736 4503 852 4579 edi,
885 4503 1317 4579 παραδειχθῶσῖ.

2098 3368 2218 3422 haec
2250 3373 2544 3438 prastant,
2567 3368 2858 3440 deﬁgitur,
2884 3386 2989 3425 nec
3016 3370 3193 3427 latius
3223 3380 3439 3431 manat.
3464 3376 3582 3431 Hoc
3613 3392 3742 3448 per-

2095 3457 2348 3529 vulgatis
2376 3461 2550 3529 atque
2580 3459 2737 3513 omni
2781 3459 2937 3515 fama
2965 3460 3274 3518 celebratis
3303 3463 3492 3535 ipsius
3524 3466 3744 3523 exsiliis

2098 3552 2155 3601 et
2180 3546 2335 3619 fugis
2360 3546 2542 3602 nihilo
2572 3547 2816 3602 inferius
2840 3550 3293 3607 existimandum
3318 3558 3422 3608 est.
3444 3554 3507 3608 In
3539 3555 3743 3612 eadem

2099 3637 2313 3707 quippe
2344 3637 2559 3700 studia,
2593 3637 2665 3691 ob
2696 3653 2825 3707 quae
2854 3638 3219 3695 calamitates
3252 3641 3381 3696 illas
3413 3642 3523 3697 sibi
3559 3644 3742 3715 perfe-

2099 3725 2312 3779 rendas
2352 3726 2615 3789 duxerat,
2644 3730 2775 3796 post
2822 3726 3188 3784 calamitates
3236 3730 3394 3801 ipsas
3443 3732 3746 3789 incumbe-

2100 3814 2219 3868 bat.
2255 3814 2402 3878 Quin
2434 3815 2491 3868 id
2524 3815 2699 3869 etiam
2733 3817 2926 3885 ipsum
2972 3816 3027 3870 in
3062 3817 3192 3873 aliis
3226 3819 3410 3874 facere
3441 3836 3555 3875 non
3588 3821 3748 3877 desi-

2101 3903 2308 3963 nebat,
2359 3901 2503 3956 alios
2550 3904 2785 3973 quidem
2835 3903 3110 3960 laudibus
3155 3906 3395 3973 vehens,
3427 3908 3572 3964 alios
3612 3925 3748 3965 vero

2102 4004 2272 4059 parce
2303 3988 2622 4059 leviterque
2665 3991 2909 4056 feriens;
2944 3991 3190 4048 aliorum
3243 3996 3567 4053 socordiam
3599 3998 3751 4053 exci-

2099 4081 2252 4145 tans,
2268 4075 2513 4130 aliorum
2541 4080 2819 4134 fervorem
2846 4081 3200 4151 reprimens;
3224 4083 3465 4151 aliis,ne
3486 4086 3754 4142 laberen-

2101 4170 2217 4228 tur,
2250 4165 2584 4235 providens,
2617 4167 2713 4221 alii
2750 4173 2814 4222 ut
2852 4168 2998 4240 lapsi
3047 4171 3430 4243 erigerentur,
3462 4176 3748 4232 rationem

2104 4252 2324 4321 iniens;
2358 4253 2620 4311 moribus
2668 4255 2936 4328 simplex,
2968 4259 3334 4329 gubernandi
3382 4268 3505 4319 arte
3552 4264 3750 4320 multi-

2108 4433 2267 4513 nymi
2298 4433 2605 4513 epistolam
2639 4452 2748 4513 L_v_n
2779 4436 2848 4491 ad
2874 4438 3217 4495 Damasum.
3246 4445 3418 4513 Legat
3441 4443 3616 4498 etiam
3648 4444 3753 4500 Ps-

2106 4508 2349 4587 tavium,
2383 4512 2526 4561 tom.
2559 4507 2628 4571 ll,
2660 4508 2761 4562 lib.
2796 4526 2868 4576 ιν,
2902 4526 2952 4565 ο.
2985 4512 3038 4580 4,
3071 4529 3128 4566 n.
3160 4514 3195 4566 9
3225 4519 3282 4570 et
3313 4507 3460 4586 qu.,
3492 4532 3622 4587 pag.
3649 4517 3756 4571 343

421 4578 534 4660 (42)
569 4574 972 4660 ξιμικρολογίαζ
999 4577 1092 4632 Sic
1120 4574 1301 4650 Regg.
1354 4595 1408 4643 ο,
1452 4593 1503 4648 c,
1551 4577 1609 4631 d.
1654 4581 1718 4631 ln
1750 4577 1864 4645 ed.,
1901 4596 1993 4647 μι-

2108 4576 2317 4660 eiss-

348 4644 634 4701 κοολογίαζ

386 4666 973 4790 ρῗέἕῖῗέιὸελλισμός,
1032 4727 1138 4775 etc.
1196 4719 1359 4784 Quod
1419 4717 1608 4773 Latini
1665 4733 1769 4788 per
1825 4722 2002 4774 «tres

353 4789 654 4861 personas,
680 4812 707 4839 ››
738 4791 797 4844 Id
830 4789 1007 4846 Graeci
1042 4808 1142 4862 per
1172 4812 1200 4862 si
1223 4795 1342 4845 tres
1373 4790 1715 4862 bypostases
1747 4810 1774 4837 »
1805 4789 2002 4862 expri-

354 4863 609 4929 mebant,
643 4868 817 4932 atque
850 4862 935 4916 haa
969 4861 1136 4917 voces
1165 4861 1320 4917 idem
1370 4861 1800 4932 signiﬁcabant.
1854 4861 1999 4916 Cum

353 4938 564 5006 autem
606 4934 827 5006 Latini,
852 4956 880 4983 ι(
914 4940 1031 5006 tres
1069 4934 1426 5006 Ahypostases
1458 4932 1737 5006 {adicere
1767 4948 1998 4987 recusa-

358 5010 507 5069 rent,
536 5004 929 5059 Orientalibus
978 5003 1079 5058 visi
1129 5002 1271 5059 sunt
1316 5002 1553 5059 Sabellii
1598 5020 1849 5057 errorem
1911 5020 1999 5058 se-

357 5075 478 5146 qui.
512 5076 801 5131 Sabellius
830 5076 985 5131 enim
1029 5094 1046 5122 π
1070 5080 1187 5131 tres
1220 5091 1548 5148 personas»
1585 5075 1874 5148 rejiciens,
1909 5092 2000 5129 as-

354 5147 581 5201 serebat
607 5165 781 5201 unam
815 5152 1044 5202 tantum
1074 5146 1367 5217 essm—que
1398 5146 1586 5201 tribus
1612 5146 2005 5217 appellaretur

355 5218 714 5273 nominibus.
740 5218 1062 5273 Orientales
1089 5236 1222 5275 vero
1246 5235 1377 5274 cum
1418 5238 1439 5265 ι
1466 5224 1584 5272 tres
1607 5219 1995 5342 hfpostasesn

357 5296 787 5342 perseveranter
847 5289 1181 5342 retinerent.
1226 5308 1329 5342 nec
1388 5306 1589 5342 earum
1672 5306 1774 5342 nco
1823 5295 1995 5342 «tres

354 5296 787 5361 perseveranter
847 5289 1181 5355 retinerent,
1226 5308 1329 5345 nec
1388 5306 1589 5345 earum
1650 5289 1774 5344 loco
1823 5295 2003 5343 «tres

354 5360 634 5444 personas
668 5384 694 5409 ››
751 5361 1059 5444 admittere
1093 5360 1423 5444 ‘vellenthin
1469 5360 1863 5444 suspicionem
1897 5361 2002 5416 La-

356 5434 494 5487 tinis
529 5436 833 5495 venerunt.
866 5433 1035 5504 quasi
1077 5433 1289 5489 Ariano
1338 5432 1596 5504 dogmati
1646 5432 2004 5487 assentiren-

354 5509 469 5558 tur.
505 5505 671 5558 Arius
702 5504 857 5558 enim
893 5510 1062 5560 «tres
1095 5505 1437 5576 hypostases
1467 5526 1493 5552 »
1526 5508 1735 5559 natura
1763 5504 1915 5558 inter
1944 5519 2007 5559 se

360 5576 669 5631 distinctas
702 5578 1075 5646 agnoscebat,
1120 5582 1341 5631 «tres»
1382 5582 1575 5631 autem
1616 5598 1645 5624 α
1673 5592 1953 5646 personas
1977 5596 2004 5624 »

360 5648 536 5720 unius
557 5651 781 5720 naturae
806 5664 921 5703 non
949 5648 1282 5720 recipiebat.
1307 5647 1415 5712 Qui
1438 5647 2010 5720 hancGrazcosinter

308 5750 315 5751 ν
360 5722 418 5778 et
447 5717 684 5777 Latinos
714 5716 876 5776 litem
905 5716 1137 5799 plenius
1169 5735 1343 5779 nosse
1373 5718 1555 5795 cupit,
1600 5718 1756 5795 legat
1803 5718 2007 5778 Hiero-

2175 4647 2287 4718 (44)
2320 4644 2500 4723 Λόγου
2534 4650 2888 4723 κατατομήν.
2956 4674 2976 4700 ιι
3013 4652 3184 4709 Verbi
3234 4655 3573 4723 sectionem,
3606 4678 3635 4707 »
3694 4656 3753 4713 id

2111 4724 2221 4782 est,
2290 4740 2319 4768 ‹‹
2362 4719 2639 4774 doctrinas
2707 4719 2959 4794 fideique
3025 4724 3180 4781 circa
3237 4726 3489 4783 Verbum
3550 4719 3757 4785 sectio-

2109 4806 2264 4845 nem.
2310 4811 2338 4839 ))

2182 4863 2296 4943 (45)
2328 4856 2705 4943 Συνδεῖ,“ςεο.
2762 4864 2823 4943 Id
2872 4870 3066 4920 actum
3113 4866 3172 4921 in
3225 4868 3469 4943 concilio
3512 4871 3755 4927 Alexan-

2110 4933 2297 5007 drino,
2349 4949 2501 5007 anno
2540 4933 2683 5007 _36_2,
2734 4935 2827 4988 cui
2878 4945 3121 5007 praerat
3168 4939 3549 4997 Athanasius.
3611 4943 3757 4998 Vide

2110 5004 2292 5085 Epist.
2329 5004 2397 5085 ad
2423 5003 2861 5085 antiochcnses,
2879 5003 3038 5078 apud
3064 5009 3275 5065 Athan.
3306 5017 3448 5067 tom.
3474 5016 3517 5083 Ι,
3543 5031 3601 5085 p.
3627 5014 3755 5083 770,

2112 5074 2169 5129 et
2197 5078 2412 5129 Socrat.
2445 5074 2544 5128 lib.
2578 5091 2664 5142 in,
2696 5094 2744 5131 ο.
2778 5079 2832 5132 7.

2184 5149 2290 5227 (lie)
2324 5142 2676 5227 Φιλοτιμίας,
2713 5148 2951 5227 Sic‘tres
2982 5150 3185 5227 Begg.,
3220 5152 3314 5208 Or.
3346 5155 3396 5224 1,
3426 5154 3570 5227 Jes.,
3602 5155 3757 5225 Par.,

2112 5216 2336 5282 Conib.,
2368 5224 2478 5273 etc.
2514 5218 2575 5272 ln
2607 5219 2720 5286 ed.,
2798 5216 3063 5292 ιλοτιμία.

2190 5290 2300 5346 (47)
2333 5287 2453 5344 Καί.
2487 5289 2578 5343 Sic
2610 5295 2727 5345 tres
2754 5238 2959 5346 item“
2993 5299 3050 5346 et

2213 5261 2578 5363 ξῆκέἰίῖξέίξ
2608 5261 2727 5345 ἴιῗέὲ
2756 5261 3175 5363 ἷιὲξέξῗὲζίὀτ.
3210 5296 3260 5349 1.
3302 5296 3475 5352 Deest
3504 5298 3562 5353 in
3592 5300 3685 5353 ed.

2209 5360 2297 5432 48)
2328 5360 2676 5443 Διορβωθεῖεν
2726 5360 3059 5443 πταίσαντες.
3094 5364 3191 5443 0r.
3233 5369 3257 5422 1
3311 5377 3365 5443 et
3414 5368 3556 5439 Jes.,
3604 5364 3757 5443 διορ-

2114 5430 2313 5509 esset:
2341 5430 2710 5509 πτριίστιιντσις,⁸
2731 5457 2769 5509 «-
2796 5441 2857 5490 ut
2889 5434 3083 5506 lapsos
3113 5436 3376 5509 erigeret.
3413 5462 3441 5489 »

2186 5501 2644 5587 (49)ΗΦιλόξενος,
2696 5501 3077 5587 luctamen-etc.
3128 5501 3625 5587 lnuquibusdam,
3677 5508 3765 5587 φί-

2115 5573 2258 5635 λιος,
2293 5573 2485 5645 ξένιος,
2520 5573 2747 5637 ἱκέσιος.
2786 5579 2843 5632 In
2881 5578 3009 5633 aliis
3039 5573 3274 5635 inverso
3300 5584 3521 5638 ordine.
3554 5573 3768 5638 Obser-

2115 5650 2210 5725 vat
2238 5646 2467 5725 Nicetes
2505 5650 2705 5725 Jovem
2754 5666 2788 5704 a
2836 5649 3161 5725 Gentilibus
3210 5652 3506 5725 appellari,
3558 5650 3766 5725 φίλιον,

2116 5715 2304 5792 ξένιον,
2346 5717 2567 5789 ικέσιον,
2616 5723 2682 5777 ut
2735 5721 3025 5792 amicitiae,
3076 5715 3503 5800 hospitalitatis
3534 5715 3593 5785 et
3624 5715 3765 5804 sup;
