4056 6274
360 445 512 504 1127
1604 438 1669 503 S.
1716 432 2088 502 GREGORII
2138 432 2529 501 THEOLOGI
3616 436 3771 503 H28

356 575 518 648 plex;
567 575 760 631 verbis
806 573 1065 648 sapiens,
1115 575 1309 632 animo
1358 574 1710 647 sapientior;
1762 574 1809 629 si
1860 590 1975 628 cun

2108 570 2498 645 ἀποτρόπαιος,
2553 570 2725 625 πάντα
2779 572 2854 633 εἷς
2907 568 3149 643 ἀληθῶς,
3211 565 3312 626 ὅσα
3352 571 3766 646 μεμερισμένως

356 663 775 719 humilioribus
826 663 937 736 ipsi
969 682 1060 719 res
1092 668 1265 733 esset,
1300 665 1370 719 ad
1418 680 1619 719 eorum
1670 666 1904 733 captum
1938 678 1975 716 St

2114 665 2230 720 τοῖς
2303 661 2502 713 ἑαυτῶν
2562 664 2705 723 θεοῖς
2752 658 3029 729 Ἐλλήνων
3096 657 3285 722 παῖδες
3346 660 3765 738 ἐπιφημίζουσι.

356 753 706 820 demittens;
732 753 776 808 si
801 770 929 809 cum
955 753 1286 809 sublimiori
1311 758 1505 808 mente
1527 752 1806 825 praeditis,
1830 751 1970 806 altiu

2116 751 2418 823 Προσθήσω
2466 746 2521 802 δὲ
2567 747 2657 802 xui
2688 748 2889 824 ζύγιον,
2921 749 3010 803 καὶ
3038 750 3324 824 παρθένιον
3350 749 3439 803 xui
3472 750 3765 825 εἷ’ρηναῖον,

2112 836 2201 892 xui
2233 835 2679 913 διαλλακτήριον,
2700 839 2790 892 καὶ
2820 844 3101 909 πομπαῖον
3132 844 3249 900 τοῖς
3282 837 3522 893 ἐντεῦθεν
3555 838 3768 914 ἐπειγο-

357 947 487 986 rum
540 930 836 1003 depulsor,
870 947 1024 985 unus
1068 930 1341 986 universa
1370 947 1437 986 ea
1466 947 1595 985 vere
1644 928 1975 1001 complexus

2117 926 2316 999 μένοις.
2349 926 2413 980 Ὠ
2439 926 2608 988 πόσας
2642 947 2735 998 μοι
2766 932 2915 981 ποιεῖ
2943 926 3169 997 κλήσεις
3196 930 3231 995 ἡ
3258 931 3355 981 τοῦ
3374 924 3566 1003 ἀνδρὸς
3596 928 3760 1004 ἀρετὴ

357 1036 485 1091 quas
534 1019 873 1092 singulatim
926 1019 1040 1074 diis
1089 1021 1212 1075 suis
1260 1019 1507 1091 gentiles
1557 1020 1844 1074 tribuunt.
1890 1019 1972 1072 Ad

2115 1014 2449 1090 πανταχόθεν
2482 1013 2667 1070 καλεῖν
2702 1014 2937 1071 ἐθέλοντι
2964 1017 2977 1071 l

343 1108 481 1163 dam
512 1113 571 1163 et
599 1109 1067 1180 conjugatorum,
1090 1114 1147 1163 et
1174 1109 1464 1179 virginum
1500 1115 1834 1180 patronum,
1865 1112 1923 1162 et
1952 1107 2281 1178 paciﬁcum,
2306 1112 2364 1161 et
2394 1106 2914 1174 reconciliatorem,
2948 1111 3006 1163 et
3035 1123 3237 1163 eorum
3269 1106 3371 1178 qui
3403 1123 3472 1162 ex
3501 1106 3609 1161 hac
3641 1107 3765 1163 vita

345 1197 417 1251 ad
451 1196 692 1252 alteram
726 1201 1061 1269 properant,
1093 1198 1488 1252 deductorem.
1524 1198 1567 1253 Ο
1598 1202 1878 1269 quantam
1926 1196 2232 1253 nominum
2281 1196 2509 1267 copiam
2562 1196 2704 1251 mibi
2751 1197 2937 1252 virtus
2985 1198 3175 1269 ipsius
3224 1197 3580 1268 suppeditat,
3614 1199 3757 1252 dum

340 1286 730 1356 undecunque
761 1290 1216 1357 cognomentum
1246 1284 1356 1356 ipsi
1392 1290 1624 1356 captare
1654 1283 1819 1340 volol

412 1374 686 1430 XXXVII.
708 1374 850 1429 Cum
877 1380 1071 1429 autem
1103 1391 1231 1429 eum
1252 1374 1381 1430 vitae
1412 1391 1653 1429 cursum
1685 1374 1972 1429 tenuisset

2176 1373 2293 1428 AZ'.
2356 1373 2529 1442 Ζήσας
2584 1371 2641 1428 δὶ
2688 1373 2853 1444 οὕτω,
2901 1374 2991 1428 καὶ
3037 1371 3344 1434 παιδευθεὶς
3393 1373 3481 1427 καὶ
3530 1371 3759 1428 παιδεύ-

337 1466 513 1535 atque
562 1463 643 1517 ita
690 1462 998 1517 institutus
1040 1463 1269 1532 fuisset,
1304 1463 1566 1534 aliosque
1613 1463 1969 1518 instituisset

2101 1480 2214 1526 σας,
2248 1458 2387 1515 ὣστε
2416 1460 2542 1537 ὅρον
2580 1463 2671 1535 μὶν
2709 1462 3009 1531 ἐπισκοπῆς
3062 1464 3197 1517 εἷναι
3242 1462 3332 1517 τὸν
3375 1460 3585 1516 ἐκείνου
3640 1463 3760 1536 βίον

336 1556 402 1606 ut
457 1557 514 1607 et
565 1551 685 1607 vita
748 1551 935 1622 ipsius
996 1568 1346 1623 morumque
1412 1552 1563 1607 ratio
1621 1552 1975 1623 episcopatu:

2097 1551 2187 1603 xui
2217 1549 2441 1625 τρόπον,
2475 1550 2642 1623 νόμον
2673 1549 2731 1605 δὲ
2761 1548 3077 1626 ὀρθοδοξίας
3116 1552 3183 1605 τὰ
3240 1549 3448 1604 ἰκείνου
3507 1548 3759 1625 δόγματα

337 1656 544 1696 norma
584 1644 761 1710 esset,
796 1644 852 1695 et
902 1639 1090 1711 ipsius
1140 1641 1413 1712 dogmata
1461 1657 1563 1711 pro
1606 1641 1740 1695 ﬁdei
1789 1639 1975 1695 ortho-

2097 1641 2231 1711 (50),
2262 1638 2382 1693 τίνα
2416 1640 2605 1711 μισθὸν
2638 1647 2739 1709 τῆς
2772 1634 3036 1701 εὖσεὸείες
3095 1639 3417 1712 κομίζεται;
3471 1638 3596 1693 οὐδὲ
3650 1641 3759 1715 γὰρ

336 1728 495 1783 doxae
544 1728 669 1801 lege
701 1728 1077 1795 haberentur,
1111 1730 1264 1799 quod
1297 1730 1533 1784 tandem
1579 1728 1814 1800 pietatis
1842 1745 1975 1800 prae-

2096 1731 2253 1780 τοῦτο
2305 1725 2548 1803 παριδεῖν
2610 1724 2779 1798 ἄξιον.
2834 1731 2917 1783 Ἐν
2968 1731 3114 1803 γήρᾳ
3156 1728 3312 1799 καλῷ
3358 1727 3614 1783 καταλύει
3660 1731 3756 1783 τὸν

337 1817 523 1872 mium
555 1817 756 1889 capit?
784 1816 983 1889 Neque
1012 1817 1168 1872 enim
1202 1818 1307 1872 hoc
1340 1817 1649 1889 neglectim
1682 1816 1975 1874 transmit-

2100 1814 2239 1889 βίον,
2300 1816 2385 1870 xui
2444 1817 2785 1891 προστίθεται
2862 1823 2979 1879 τοῖς
3049 1818 3310 1893 πατράσιν
3386 1817 3571 1887 αὐτοῦ,
3649 1839 3758 1873 πα-

332 1907 577 1961 tendum
612 1911 720 1961 est.
750 1907 810 1960 In
844 1905 997 1962 bona
1026 1910 1325 1962 senectute
1343 1906 1520 1961 vitam
1546 1906 1787 1975 claudit,
1812 1906 1975 1977 patri-

2091 1902 2401 1979 τριάρχαις,
2433 1905 2522 1959 καὶ
2554 1908 2885 1983 προφήταις,
2916 1907 3006 1960 καὶ
3055 1904 3410 1972 ἀποστόλοις,
3460 1907 3550 1960 xui
3611 1908 3753 1981 μάρ-

328 1994 562 2066 husque
611 1994 757 2062 suis,
790 1994 1163 2066 patriarcbis,
1195 2000 1252 2050 et
1298 1996 1619 2067 prophetis,
1653 2000 1709 2049 et
1751 2000 1975 2066 aposto-

2091 2012 2231 2060 τυσι,
2261 1998 2378 2055 τοῖς
2413 1994 2545 2068 ὑπὲρ
2572 2001 2674 2062 τῆς
2727 1994 2984 2064 ἀληθείας
3027 1994 3456 2068 ἠγωνισμένοις.
3509 1996 3629 2063 Καὶ,
3655 1993 3752 2049 τίνα

335 2083 427 2148 lis,
462 2100 526 2138 ac
556 2083 933 2153 martyribus,
958 2085 1057 2155 qui
1111 2101 1213 2156 pro
1261 2086 1500 2139 veritate
1546 2084 1975 2148 dimicaverant,

2091 2078 2225 2134 εἴπω
2280 2084 2401 2136 τινὰ
2462 2082 2669 2157 βραχὺν
2725 2086 2838 2155 (51)
2870 2082 3171 2160 ἐπιτάφιον,
3212 2089 3439 2155 τιμᾶται
3467 2088 3570 2137 τῶν
3604 2084 3748 2139 εἰσο-

334 2172 695 2244 adjungitur.
719 2174 931 2244 Atque,
955 2177 1019 2227 ut
1057 2173 1418 2245 epitaphium
1450 2174 1744 2244 quoddam
1779 2172 1975 2244 paucis

2092 2166 2223 2223 δίων
2280 2175 2455 2243 τιμῶν
2508 2172 2605 2239 τὴν
2658 2169 2859 2243 ἐξόδιον
2906 2170 3389 2244 πολυτελεστέραν·
3433 2171 3620 2227 πολλὰ
3654 2174 3754 2244 μὲν

357 858 711 913 assurgens;
747 842 1044 914 hospitum
1081 858 1314 914 preses,
1339 844 1485 897 4“
1524 840 1790 913 supplex,
1827 839 2005 894 malo-

330 2260 706 2332 complectar,
741 2260 1136 2317 excellentiori
1169 2262 1387 2317 honore
1420 2262 1475 2315 in
1508 2262 1770 2317 discessu
1798 2261 1981 2316 afﬁci-

330 2354 447 2419 tur,
474 2366 649 2420 quam
684 2366 800 2421 quo
832 2350 889 2403 in
924 2349 1171 2405 civitatis
1203 2350 1566 2422 ingressibus
1594 2354 1835 2404 ornatus
1863 2350 1982 2403 fue-

331 2443 453 2504 rat;
505 2437 722 2493 multas
754 2439 987 2509 quidem
1040 2437 1328 2510 lacrymas
1378 2439 1666 2503 excitavit,
1701 2440 1977 2509 majorem

329 2532 524 2581 autem
558 2525 629 2581 iis
662 2528 858 2595 rebus,
883 2543 1009 2597 quae
1040 2526 1099 2581 in
1131 2533 1429 2597 aspectum
1461 2528 1697 2597 cadunt,
1723 2526 1979 2582 nominis

324 2615 417 2670 sui
450 2614 697 2686 gloriam
750 2616 806 2669 in
858 2616 1123 2669 omnium
1174 2616 1389 2670 animis
1441 2616 1784 2670 recondidit.
1822 2621 1913 2685 At,
1945 2632 1977 2670 ο

325 2702 571 2757 charum
612 2708 669 2758 et
708 2719 940 2758 sacrum
976 2709 1173 2775 caput,
1204 2709 1288 2770 tu,
1324 2704 1587 2775 inquam,
1620 2705 1718 2774 qui
1772 2709 1980 2775 praeter

322 2795 564 2847 ceteras
594 2795 728 2847 tuas
776 2790 981 2847 laudes
1026 2792 1315 2847 sermonis
1364 2797 1421 2847 et
1467 2790 1682 2847 silentii
1734 2792 1974 2847 modum

324 2879 537 2934 eximie
568 2880 821 2949 coluisti,
853 2880 1112 2935 Orationi
1146 2880 1381 2951 quidem
1431 2885 1644 2935 nostrae
1675 2881 1849 2935 ﬁnem
1883 2880 1977 2935 hic

324 2968 634 3039 constitue,
668 2985 816 3039 quae,
852 2968 901 3023 si
955 2968 1237 3024 virtutum
1288 2974 1524 3023 tuarum
1576 2971 1974 3040 praestantiam

324 3054 783 3127 haudquaquam
820 3063 1090 3113 assecuta
1115 3058 1210 3123 sit,
1235 3064 1295 3113 at
1325 3058 1543 3113 viribus
1576 3064 1728 3113 certe
1761 3059 1975 3115 nostris

327 3144 571 3202 minime
600 3146 841 3202 inferior
872 3152 978 3201 est.
1012 3146 1126 3202 Nos
1168 3152 1363 3202 autem
1397 3148 1620 3202 utinam
1655 3148 1779 3218 ipse
1813 3148 1973 3202 beni-

320 3248 472 3305 gnus
504 3236 756 3306 desuper
785 3240 840 3290 et
874 3235 1138 3307 placidus
1169 3236 1445 3308 aspicias,
1478 3241 1653 3307 atque
1685 3236 1841 3291 hunc
1872 3254 1970 3308 po-

319 3323 525 3394 pulum
580 3325 893 3395 gubernes,
959 3326 1276 3395 perfectum
1341 3326 1597 3394 perfectas
1646 3326 1970 3389 Trinitatis,

317 3428 441 3481 qua:
472 3412 531 3466 in
564 3415 752 3478 Patre,
786 3419 842 3467 et
873 3412 1034 3479 Filio,
1062 3418 1119 3467 et
1141 3413 1359 3483 Spiritu
1394 3418 1594 3468 sancto
1628 3412 1975 3485 intelligitur

318 3505 375 3554 et
412 3499 641 3569 colitur,
675 3502 1041 3556 adoratorem
1074 3518 1086 3555 :
1122 3517 1349 3571 meque,
1383 3501 1432 3557 si
1477 3501 1715 3571 quidem
1749 3518 1839 3557 res
1872 3519 1974 3572 pa-

320 3594 460 3643 catae
494 3589 703 3643 futura:
744 3588 882 3657 sint,
917 3589 974 3643 in
1022 3590 1142 3644 vita
1192 3596 1410 3658 teneas,
1444 3604 1799 3660 gregemque
1851 3606 1973 3645 me-

2088 2260 2314 2327 κινήσας
2374 2256 2598 2334 δάκρυα,
2653 2260 2872 2331 μείζονα
2927 2258 2983 2314 δὲ
3030 2265 3138 2314 τῶν
3169 2259 3466 2335 ὁρῳμὲνων
3489 2263 3587 2329 τὴν
3621 2262 3749 2336 περὶ

2089 2346 2251 2401 αὐτοῦ
2310 2345 2463 2419 δόξαν
2523 2354 2638 2408 ταῖς
2695 2349 2945 2403 ἁπάντων
3008 2347 3268 2410 διανοίαις
3321 2349 3746 2423 ἐναποθὲμενος.

2088 2434 2266 2503 ’Δλλ’,
2300 2438 2344 2490 ὦ
2376 2437 2506 2515 φίλη
2542 2439 2630 2492 xui
2680 2438 2800 2509 ἱερὰ
2848 2438 3082 2515 κεφαλὴ,
3117 2440 3144 2493 ὁ
3175 2441 3264 2492 xui
3294 2434 3463 2513 λόγου
3494 2441 3582 2494 xui
3616 2462 3750 2495 σιω-

2086 2531 2194 2593 πῆς
2250 2526 2416 2600 μέτρα
2463 2530 2597 2599 (52),
2654 2527 2787 2599 μετὰ
2831 2532 2937 2581 τῶν
2973 2526 3156 2581 ἄλλων
3192 2548 3288 2581 σου
3317 2527 3527 2597 καλῶν,
3560 2526 3747 2604 διαφε-

2087 2613 2289 2687 ρόντως
2320 2617 2581 2686 τιμήσας,
2614 2617 2749 2686 ἡμῖν
2806 2616 2900 2687 μὲν
2956 2615 3179 2670 ἐνταῦθα
3237 2618 3461 2686 στήσαις
3517 2618 3610 2671 τὸν
3648 2617 3746 2673 λό-

2086 2723 2205 2777 γον,
2241 2702 2287 2756 εἴ
2344 2703 2433 2757 xui
2490 2710 2590 2772 τῆς
2638 2701 2898 2774 ἀληθείας
2933 2702 3289 2779 ἐνδεέστερον,
3319 2703 3469 2759 ἀλλὰ
3492 2710 3590 2759 τοῦ
3647 2728 3743 2781 γε·

2084 2791 2222 2865 πρὸς
2282 2789 2507 2863 δύναμιν
2561 2791 2622 2845 οὐ
2666 2790 3013 2864 λειπόμενον’
3050 2793 3209 2853 αὐτὸς
3243 2790 3300 2847 δὲ
3332 2790 3534 2847 ἄνωθεν
3589 2796 3740 2865 ἡμᾶς

2086 2878 2409 2941 ἔποπτεύοις
2443 2878 2628 2948 ἵλεως,
2660 2881 2749 2934 xui
2770 2881 2861 2934 τὸν
2898 2880 3028 2936 λαὸν
3058 2877 3216 2935 τόνδε
3239 2878 3508 2955 διεξάγοις
3530 2880 3741 2936 τέλειον

2082 2967 2295 3030 τελείας
2324 2975 2424 3038 τῆς
2456 2972 2568 3041 (53)
2598 2966 2826 3044 Τριάδος
2862 2971 3264 3045 προσκυνητὴν,
3294 2977 3393 3038 τῆς
3453 2969 3505 3024 ἐν
3540 2975 3733 3044 Πατρῐ,

2082 3056 2171 3110 καὶ
2205 3058 2333 3128 Υἱῷ,
2395 3057 2483 3111 καὶ
2535 3057 2668 3133 ἁγίῳ
2718 3057 2990 3131 Πνεύματι
3044 3056 3428 3133 θεωρουμένης
3457 3059 3545 3112 xui
3578 3054 3739 3113 σεϐοο

2088 3146 2277 3216 μένης·
2335 3147 2422 3199 xui
2476 3148 2645 3217 ἡμᾶς,
2706 3145 2755 3199 εἷ’
2814 3147 2907 3218 μὶν
2968 3146 3275 3220 εἰρηνικῶς,
3332 3146 3589 3221 κατέχοις
3642 3148 3736 3201 xui

2087 3233 2532 3306 συμποιμαίνοις·
2592 3234 2637 3289 εἰ
2686 3232 2742 3288 δὲ
2788 3234 3129 3306 πολεμικῶς,
3185 3234 3533 3311 ἰπανάγοιςῆ
3566 3256 3739 3309 προσ-

2088 3318 2413 3394 λαμϐάνοις,
2473 3323 2561 3377 xui
2619 3325 2841 3393 στήσαις
2889 3324 3022 3396 μετὰ
3069 3328 3294 3379 σεαυτοῦ
3343 3323 3431 3377 xui
3479 3328 3585 3378 τῶν
3620 3331 3741 3386 οἶος

2085 3411 2147 3465 σὺ
2178 3411 2271 3465 κᾶν
2306 3408 2443 3487 μέγα
2470 3411 2504 3485 ᾖ
2533 3412 2595 3465 τὸ
2633 3411 3034 3484 αἰτούμενον,ἐν
3061 3413 3208 3485 αὐτῷ
3236 3416 3346 3485 (54)
3381 3412 3595 3487 Χριστῷ

2082 3505 2159 3571 τῷ
2191 3500 2374 3575 Κυρίῳ
2403 3503 2586 3573 ἡμῶν·
2622 3502 2667 3572 ᾧ
2716 3508 2859 3555 πᾶσα
2908 3499 3054 3572 δόξα,
3084 3503 3246 3576 τιμὴ,
3276 3502 3367 3556 xui
3395 3502 3505 3575 (56)
3537 3501 3737 3575 κράτος

2086 3589 2162 3650 εἰς
2200 3588 2326 3650 τοὺς
2361 3589 2559 3651 αἰῶνας
2590 3592 2724 3663 (57).
2760 3592 2956 3662 Ἀμήν.

323 3693 457 3732 cum
491 3694 731 3748 pascas;
766 3677 855 3732 sin
888 3682 1083 3733 autem
1116 3677 1371 3733 Ecclesia
1400 3677 1567 3733 bellis
1602 3676 1923 3750 ﬂagratura
1950 3683 2058 3745 est,
2088 3681 2354 3746 reducas,
2378 3685 2479 3736 aut
2509 3698 2801 3751 assumas,
2830 3688 3165 3753 tecumque,
3197 3687 3254 3737 et
3283 3699 3418 3737 cum
3450 3683 3537 3736 tui
3568 3682 3740 3738 simi-

316 3764 476 3821 libus
528 3765 799 3831 colloces,
829 3766 1065 3821 tametsi
1116 3783 1393 3840 magnum
1447 3768 1524 3822 sit
1572 3766 1731 3837 quod
1781 3767 2033 3838 postulo,
2066 3767 2126 3822 in
2180 3769 2306 3840 ipso
2337 3768 2567 3825 Christo
2623 3770 2866 3825 Domino
2916 3775 3138 3839 nostro,
3173 3772 3270 3826 cui
3298 3771 3491 3827 omnis
3521 3769 3737 3842 gloria,

318 3852 523 3922 honor,
557 3858 613 3908 et
642 3854 956 3926 imperium
990 3855 1046 3909 in
1078 3855 1309 3911 saecula.
1338 3858 1542 3911 Amen.

315 3977 535 4049 plicum
565 3979 889 4048 praesidem.
920 3979 1014 4035 Sic
1046 3981 1116 4035 de
1145 3979 1295 4036 aliis.
1329 3980 1431 4036 His
1466 3985 1661 4036 autem
1694 3982 1972 4036 omnibus

316 4050 659 4124 nominibus
681 4050 1044 4124 Athanasius
1074 4052 1147 4106 ob
1187 4052 1461 4107 virtutem
1496 4069 1529 4107 a
1563 4052 1837 4124 Gregorio
1870 4070 1971 4121 ap-

317 4121 589 4195 pellatur.
622 4141 651 4172 ε
677 4121 900 4195 Pbilius
922 4145 950 4173 ›»
985 4124 1407 4195 θηὶωίάίοὶῐιιῐι,
1429 4125 1584 4194 quod
1615 4121 1713 4179 eos
1745 4124 1970 4195 diligat,

322 4193 423 4266 qui
457 4209 653 4266 amore
679 4193 840 4266 digni
869 4201 1026 4249 sunt.
1061 4217 1088 4244 «
1119 4194 1357 4261 Xenius,
1383 4214 1409 4244 ι
1448 4193 1601 4266 quod
1636 4193 1973 4266 peregrinos

319 4264 573 4337 hospitio
605 4264 873 4335 excipiat.
909 4267 1233 4337 «Supplex,
1265 4289 1285 4315 ι
1321 4264 1480 4336 quod
1510 4264 1709 4336 prec—es
1744 4284 1845 4337 pro
1874 4284 1967 4337 po-

318 4336 439 4417 puli
472 4336 657 4390 salute
691 4338 917 4419 fundat,
965 4358 993 4387 ‹‹
1028 4336 1239 4419 Zygius
1272 4359 1299 4419 ξ)
1355 4338 1619 4419 etiamet
1671 4361 1698 4387 «
1734 4336 1971 4419 Parthe:

318 4408 473 4475 nius,
506 4430 534 4457 υ
561 4409 714 4481 quod
750 4408 1129 4464 matrimonio
1153 4413 1210 4464 et
1240 4408 1559 4481 virginitati
1582 4409 1740 4481 leges
1762 4412 1973 4466 condat

320 4496 387 4535 ac
418 4479 633 4549 perscri
644 4479 758 4534 bat.

392 4543 506 4621 (50)
538 4543 811 4623 Δόγματα.
844 4550 996 4619 Pan,
1032 4545 1356 4624 διδάγματα,
1399 4573 1426 4601 ‹‹
1460 4552 1831 4607 documenta.
1870 4574 1899 4601 »

2324 3981 2458 4037 Τινά
2536 3980 2779 4057 βραχύν.
2858 3988 2922 4039 In
3012 3983 3312 4040 nonnullis
3388 3984 3608 4055 codd.,
3685 4002 3741 4037 τι

2088 4052 2507 4207 Migginem.
2535 4128 2641 4207 ‘In.
2668 4127 2758 4182 ed.
2806 4127 3097 4199 sequitur,
3129 4126 3240 4195 καί,
3273 4128 3430 4198 quod
3462 4126 3737 4182 codicum

2083 4196 2431 4252 ancteritate
2461 4196 2804 4253 delevimus.

2154 4270 2266 4341 (53)
2298 4269 2428 4341 Τῆς.
2463 4268 2635 4341 Deest
2665 4270 2723 4324 in
2754 4269 2987 4325 duobus
3016 4273 3194 4341 Regg.

2154 4339 2267 4410 (54)
2310 4339 2484 4409 Αὐτῷ.
2520 4340 2613 4395 Sic
2644 4342 2811 4396 codd.
2849 4342 2909 4395 In
2939 4342 3054 4405 ed.,
3089 4339 3272 4395 αὐτοῦ.

2153 4410 2267 4482 (55)
2306 4414 2539 4482 Χριστῷ.
2575 4411 2851 4467 Nonnulli
2884 4413 3052 4467 codd.
3089 4414 3335 4479 addunt,
3369 4410 3570 4478 Ἰησοῦ.

2150 4482 2265 4555 (56)
2308 4482 2427 4555 καί.
2462 4484 2556 4538 Sic
2588 4486 2702 4540 duo
2736 4485 2938 4555 Regg.,
2970 4484 3064 4555 0r.
3096 4485 3148 4539 1.
3186 4486 3247 4539 In
3279 4485 3373 4540 ed.
3404 4484 3588 4538 deest.

2151 4552 2264 4625 (57)
2306 4552 2539 4614 Δίῶνας.
2584 4555 2680 4610 0r.
2717 4560 2741 4611 1
2784 4552 2965 4622 addit,
2999 4554 3231 4610 αἰώνων.

747 4829 901 4885 4η
942 4838 1497 4928 MONITUM
1557 4842 1671 4927 IN
1732 4839 2386 4931 OltATIONES
2441 4844 2695 4930 XXII
2766 4846 2910 4928 ET
2978 4844 3299 4928 XXIII.

1296 5143 1451 5203 pace
1504 5148 1532 5179 »
1593 5124 2046 5185 inscribuntur.
2104 5124 2304 5185 Aliam
2363 5125 2580 5186 itidem
2640 5150 2669 5181 ‹‹
2720 5127 2808 5185 De
2866 5143 3020 5202 pace
3068 5146 3096 5182 ι)
3161 5124 3527 5203 inscriptam
3590 5123 3724 5200 iam

1816 5251 1829 5275 ,
1885 5224 2024 5263 eum
2085 5205 2420 5277 monachi,
2482 5207 2563 5265 ob
2620 5206 3036 5283 subscriptam
3100 5224 3137 5266 a
3194 5206 3493 5283 Gregorio
3552 5211 3736 5284 patre

396 5120 447 5182 Ι.
494 5122 819 5184 Orationes
874 5123 1009 5185 istae
1072 5149 1102 5181 «
1152 5126 1238 5185 De

320 5202 609 5262 Nazianzi
671 5205 1187 5283 pronuntiaverat
1244 5202 1580 5283 Gregorius
1637 5206 1653 5282 (
1672 5203 1785 5283 58)

315 5282 687 5358 formulam,
731 5303 870 5363 quae
930 5287 1222 5347 Arianam
1284 5282 1566 5344 fraudem
1629 5282 1972 5357 redOlebat,
2022 5285 2100 5345 ab
2160 5305 2232 5346 eo
2291 5286 2596 5359 distracti,
2650 5287 2727 5345 ad
2788 5287 3089 5345 unitatem
3152 5282 3501 5345 rediissent.
3555 5282 3736 5344 Nune

314 5370 523 5423 autem
602 5384 726 5425 non
808 5366 1025 5426 eadem
1097 5385 1287 5426 causa
1367 5364 1671 5441 Theologi
1755 5365 1956 5425 zelum
2033 5365 2407 5426 inﬂammat.
2486 5367 2726 5427 Etenim
2815 5373 3046 5444 praeter
3130 5365 3361 5425 bellum
3431 5367 3739 5425 adversus

315 5444 684 5521 haereticos,
760 5444 1114 5505 luctuosum
1173 5446 1361 5505 etiam
1426 5446 1679 5522 vigebat
1736 5445 1832 5505 his
1886 5447 2275 5525 temporibus
2332 5446 2605 5506 schisma
2657 5448 2819 5506 inter
2872 5447 3042 5523 ipsos
3102 5447 3501 5513 Catholicos,
3570 5464 3737 5523 quo-

317 5541 455 5583 rum
512 5525 617 5585 alii
676 5550 703 5580 ‹‹
740 5527 819 5585 ad
849 5526 1113 5586 Paulum
1156 5526 1302 5605 (59),
1338 5549 1366 5579 ››
1421 5524 1527 5585 alii
1580 5550 1608 5581 «
1640 5526 1718 5584 ad
1751 5526 1974 5604 Apollo
2006 5524 2037 5582 ἦ
2092 5527 2339 5586 trahere
2370 5526 2735 5602 Gregorium
2769 5528 3183 5586 conabantur.
3240 5530 3354 5585 Per
3408 5528 3735 5585 «Paulum

317 5610 379 5661 et
434 5606 741 5683 Apollo»
821 5606 922 5667 hic
1001 5608 1222 5667 merito
1298 5606 1552 5685 quidem
1628 5606 1708 5667 ab
1782 5606 2045 5668 eruditis
2119 5607 2556 5684 intelliguntur
2619 5608 2891 5668 Melitius
2949 5613 3012 5667 et
3068 5607 3408 5680 Paulinus,
3486 5607 3594 5686 qui
3654 5605 3741 5668 de

390 5750 505 5827 (58)
533 5749 629 5808 0r.
660 5770 740 5811 Vl.
2074 5755 2188 5833 (59)
2223 5759 2411 5814 Carm.
2446 5757 2520 5813 De
2545 5759 2659 5815 vita
2685 5774 2811 5829 sua,
2844 5774 2993 5813 vers.
3023 5758 3150 5814 680.
