4056 6274
278 414 431 479 1129
1410 412 1699 477 ORATIO
1744 413 1931 477 XXII.
1967 447 2043 461 —
2074 418 2173 477 DE
2223 419 2418 478 PACE
2464 408 2541 478 lI.
3533 410 3688 472 “30

280 548 674 609 Antiocheno
734 546 1102 627 episcopatu
1164 548 1666 620 contendebant,
1744 555 1804 605 et
1863 567 2127 626 quorum
2185 568 2393 620 causa,
2456 568 2577 607 non
2638 548 2853 608 Oriens
2911 546 3139 627 modo,
3198 543 3690 627 sed-universus

280 629 451 689 orbis
528 623 971 688 miserandum
1031 630 1091 686 in
1172 629 1423 686 modum
1501 628 1563 686 in
1640 623 1987 687 contrarias
2061 634 2271 706 partes
2348 629 2770 689 scindebatur.
2834 629 2999 687 Inter
3074 625 3210 685 haec
3284 623 3686 706 dissidiorum

284 708 594 779 incendia,
647 708 885 768 medias
940 714 1150 786 partes
1206 708 1488 785 sequitur
1545 708 1900 785 Gregorius,
1949 726 2022 769 ac
2061 703 2433 769 vehementi
2491 726 2715 788 genere
2772 706 3021 767 dicendi
3078 712 3279 788 utens,
3332 703 3688 788 ablegatam

283 807 504 867 pacem
561 790 707 847 totis
760 784 998 847 viribus
1054 784 1349 847 revocare
1408 784 1687 847 conatur
1714 788 1803 866 (η.
1841 788 1897 868 t)
1940 805 1953 847 :
2011 812 2042 843 «
2074 790 2202 849 Pax
2251 790 2383 862 Dei,
2436 784 2661 868 irquit,
2715 794 2774 847 et
2821 789 2982 848 Deus
3038 786 3229 868 pacis,
3284 802 3406 863 pax
3457 784 3683 856 amica,

292 872 526 928 bonum
589 870 669 928 ab
728 868 1021 928 omnibus
1077 868 1326 945 quidem
1386 868 1748 931 laudatum.
1831 867 1883 927 a'
1932 869 2147 947 paucis
2203 875 2409 929 autem
2470 867 2948 940 censervatum,
3031 867 3280 925 ubinam
3342 882 3455 923 nos
3511 869 3690 923 tanto

277 951 412 1026 jam
473 949 774 1025 temporis
832 948 1037 1026 spatio
1096 949 1454 1025 reliquisti?
1508 949 1769 1017 Quando
1827 948 1905 1007 ad
1966 967 2080 1007 nos
2136 951 2413 1010 reditura
2462 952 2584 1009 es?
2618 974 2649 1005 »
2714 952 2871 1009 Tum
2926 950 2985 1006 in
3049 950 3416 1025 prasentem
3456 961 3689 1026 rerum

283 1024 519 1089 Statum
573 1024 900 1099 invehens,
957 1024 1254 1101 ostendit,
1314 1036 1469 1105 quot
1523 1037 1585 1087 et
1640 1036 1878 1105 quanta
1933 1047 2141 1088 secum
2199 1032 2601 1090 incommoda
2657 1030 2967 1089 discordia
3022 1024 3266 1087 atl'erat.
3324 1024 3692 1083 Christianis

283 1110 619 1188 praecipue,
682 1126 950 1186 quorum
1010 1111 1172 1168 Deus
1230 1108 1503 1167 charitas
1560 1119 1673 1168 est.
1734 1110 2175 1168 Dissidentium
2233 1111 2552 1170 levitatem
2608 1111 2891 1187 increpat
2948 1111 3035 1187 (n.
3096 1108 3184 1183 5),
3245 1106 3529 1188 quatit,
3590 1113 3689 1175 ut,

290 1185 327 1280 ξ
359 1185 669 1280 qui-heri,
707 1185 891 1280 yelut
924 1188 1105 1280 ‘Elias
1161 1194 1271 1247 aut
1314 1190 1590 1280 Joannes
1646 1190 2126 1280 praedicabatur,
2176 1189 2391 1280 hodie,
2444 1200 2536 1280 u_t_
2565 1192 2758 1280 Judas
2786 1185 2924 1280 aut
2960 1185 3240 1264 'Gaiphas
3279 1185 3624 1280 ‘habeatur.
3659 1206 3690 1238 ››

288 1266 522 1330 Deinde
569 1269 646 1329 ad
706 1268 851 1327 ﬁdei
904 1268 1252 1327 doctrinam
1314 1266 1662 1329 orationem
1713 1276 2102 1339 convertens,
2154 1269 2336 1329 docet
2391 1272 2540 1347 quid
2599 1271 2661 1329 in
2719 1270 3004 1329 doctrina
3060 1266 3449 1337 cavendum;
3501 1271 3695 1341 atque

288 1350 547 1426 insuper
602 1348 900 1409 admonet
952 1348 1243 1425 qumdam
1303 1367 1463 1421 esse,
1528 1368 1605 1408 ne
1661 1348 1911 1426 quidem
1969 1350 2226 1410 omnino
2284 1351 2751 1428 investiganda,
2812 1348 3100 1428 quaadam
3161 1356 3392 1428 autem
3430 1352 3691 1428 conten-

289 1424 460 1489 tiosis
519 1428 883 1488 hominibus
938 1424 1372 1508 relinquenda,
1434 1424 1723 1507 quasdam
1786 1447 1957 1501 vero,
2025 1453 2051 1483 α
2108 1448 2232 1489 non
2290 1432 2480 1491 armis
2516 1424 2596 1490 'et
2650 1424 2961 1506 ferro-(ii.
3026 1428 3145 1506 11),
3202 1452 3238 1508 φ),
3289 1424 3397 1485 sed
3453 1424 3695 1508 ratione

285 1510 765 1588 propugnanda.
828 1507 1005 1569 Unde
1065 1504 1246 1569 caute
1298 1504 1764 1589 prudenterque
1823 1509 2060 1586 colligit
2123 1510 2204 1589 (n.
2274 1514 2409 1589 12),
2497 1535 2524 1566 (ι
2576 1528 2791 1570 omnes
2846 1504 3237 1589 superﬂuos
3273 1504 3691 1589 quaestionum

284 1584 881 1729 sutrculosfprqrsus
938 1606 1070 1648 esse
1130 1584 1585 1669 amputandos,
1649 1584 1789 1648 cum
1849 1584 2380 1669 pietatis'regula
2433 1589 2495 1649 in
2551 1595 2686 1651 tuto
2745 1594 2871 1662 est,
2922 1584 2995 1648 'et
3050 1587 3197 1649 ﬁdei
3255 1589 3445 1665 caput
3501 1584 3693 1645 semel

284 1688 345 1729 es
431 1688 581 1729 cons
611 1688 629 1728 1
663 1689 699 1729 tl
735 1686 865 1727 um.
900 1691 930 1722 ))

282 1686 375 1729 BSt
431 1686 699 1729 CODSUUJ
710 1686 839 1728 tum
852 1714 865 1726 .
900 1691 930 1722 ))

362 1749 440 1809 II.
489 1752 622 1808 Non
682 1750 881 1808 multo
940 1754 1099 1825 post,
1161 1750 1319 1809 inita
1367 1748 1499 1825 jam
1562 1766 1736 1827 pace,
1786 1755 1975 1827 atque
2033 1749 2280 1809 Meletio
2338 1754 2398 1809 et
2449 1748 2735 1813 Paulino.
2790 1746 3222 1807 dissidentium
3286 1746 3473 1805 etiam
3538 1744 3700 1804 votis

285 1835 347 1888 et
404 1829 726 1906 suffragio,
789 1830 852 1887 in
911 1830 1301 1889 Antiochena
1357 1832 1501 1889 sede
1558 1826 1901 1900 collocatis,
1963 1847 2037 1889 ea
2091 1830 2250 1907 lege,
2310 1836 2460 1899 «ut,
2512 1830 2710 1888 altero
2769 1827 3277 1888 contendentium
3338 1826 3695 1895 demortuo,

284 1910 445 1967 alter
501 1912 607 1986 qui
665 1916 978 1985 superstes
1033 1916 1232 1982 esset,
1312 1911 1643 1986 episcopus
1700 1912 1779 1968 ab
1836 1910 2129 1969 omnibus
2202 1917 2647 1987 agnosceretur
2704 1910 2849 1987 (60),
2908 1932 2937 1961 »
3015 1910 3275 1967 alteram
3345 1907 3692 1965 orationem

285 1988 506 2047 habuit
561 1989 940 2065 Theologus.
998 1989 1109 2048 Hic
1166 1991 1389 2049 iterum
1454 1989 1622 2067 pacis
1673 1990 2002 2049 utilitatem
2056 1998 2116 2048 et
2163 1990 2417 2049 delicias
2466 1990 2669 2049 obiter
2715 1990 3053 2064 attingens,
3104 1987 3371 2062 insurgit
3425 1987 3695 2067 maxime

288 2069 587 2128 adversus
659 2068 1008 2139 haereticos,
1068 2069 1197 2146 qui,
1256 2070 1515 2128 obtentu
1578 2069 1894 2145 religionis
1952 2076 2012 2129 et
2080 2069 2406 2129 charitatis
2458 2071 2689 2146 specie,
2748 2068 3216 2130 Uatholicorum
3276 2066 3694 2124 dissensiones

285 2149 510 2208 acriter
567 2148 1083 2207 criminabantur.
1141 2151 1262 2207 Eos
1320 2149 1380 2206 in
1444 2149 1866 2209 testimonium
1924 2150 2206 2227 appellat
2261 2159 2321 2209 et
2380 2158 2680 2227 provocat
2737 2157 2949 2208 orator
3009 2148 3155 2225 (61).
3198 2170 3227 2201 ‹‹
3262 2148 3406 2217 Vos,
3459 2146 3687 2227 inquit,

286 2246 658 2289 arcanorum
722 2234 1078 2288 nostrorum
1137 2228 1471 2306 participes
1528 2234 1742 2288 estote.
1807 2230 1899 2288 Ad
1958 2224 2288 2289 consilium
2342 2224 2472 2299 vos,
2531 2228 2719 2288 etiam
2777 2229 2969 2298 exosi,
3022 2224 3320 2287 voeamus
3379 2224 3691 2306 ;arbitris

289 2309 573 2368 hostibus
632 2308 905 2382 utimur,
985 2315 1054 2368 ut
1110 2303 1625 2387 pudore'suﬁ‘usi
1681 2309 1952 2385 victique
2008 2310 2334 2370 recedatis.
2398 2310 2810 2369 Dissensimus
2868 2307 3114 2387 quidem
3174 2305 3358 2387 (62),
3434 2325 3558 2365 non
3620 2303 3696 2387 de

288 2389 559 2460 deitate,
638 2389 743 2447 sed
804 2388 880 2448 de
938 2384 1156 2448 ordine
1212 2394 1273 2447 et
1330 2388 1757 2467 disciplina....
1820 2384 1950 2448 Hoc
2005 2395 2287 2449 nostrum
2347 2396 2619 2450 erratum
2683 2389 2836 2459 fuit,
2885 2384 3089 2466 'quod
3156 2384 3348 2467 nimio
3422 2384 3695 2465 pastoris

293 2487 508 2529 amore
566 2468 773 2528 affecti
828 2487 1080 2534 sumus,
1160 2486 1273 2528 nec
1332 2487 1403 2529 ex
1462 2466 1707 2528 duobus
1764 2468 2004 2530 eximiis
2079 2469 2490 2548 praesulibus,
2567 2474 2707 2528 uter
2779 2468 2976 2545 magis
3035 2466 3421 2548 expetendus
3492 2470 3693 2548 esset,

294 2550 569 2626 reperire
624 2549 977 2626 potuimus,
1038 2549 1448 2627 quoadusque
1501 2550 1562 2607 in
1625 2550 1744 2608 hoc
1801 2545 2242 2621 convenimus,
2304 2556 2375 2609 ut
2432 2556 2765 2627 utrumque
2822 2550 2959 2629 pari
3012 2548 3074 2607 in
3135 2547 3317 2606 laude
3375 2552 3435 2605 et
3493 2545 3695 2606 admi-

293 2630 535 2687 ratione
592 2647 1053 2705 poneremus.»
1110 2631 1293 2689 'l‘ales
1348 2638 1532 2697 sunt,
1594 2649 1751 2707 quas
1812 2631 1909 2689 hic
1967 2630 2150 2689 affert
2208 2632 2580 2707 Gregorius,
2643 2629 3045 2689 dissensionis
3103 2633 3263 2686 413
3324 2644 3572 2695 causa,
3634 2632 3697 2685 et

295 2709 466 2786 pacis
520 2709 932 2789 conditiones.
993 2711 1341 2769 Peccarunt
1396 2710 1673 2787 quidem,
1724 2712 1828 2770 sed
1887 2711 2080 2770 nimio
2138 2718 2380 2770 tantum
2441 2710 2709 2789 pastoris
2766 2727 3002 2769 amore.
3054 2710 3220 2767 Inter
3270 2708 3428 2765 duos
3487 2713 3697 2785 pasto-

293 2808 409 2862 res,
476 2788 613 2868 vita
661 2791 915 2866 pariter,
967 2790 1245 2849 moribus
1302 2796 1365 2849 et
1420 2791 1708 2850 doctrina
1764 2791 2157 2868 conspicuos,
2216 2788 2457 2850 incerti,
2491 2808 2563 2851 ac
2617 2792 3053 2850 dissentientes
3112 2789 3444 2859 haeresunt,
3498 2789 3699 2846 donec

295 2867 543 2929 tandem
580 2867 666 2949 in
724 2868 843 2929 hoc
900 2876 1366 2944 convenerunt,
1446 2879 1515 2929 ut
1573 2872 1709 2949 pari
1770 2867 2104 2947 utrumque
2159 2872 2221 2929 in
2282 2872 2465 2929 laude
2521 2877 2584 2931 et
2655 2870 3071 2930 admiratione
3146 2874 3473 2945 ponerent.
3536 2869 3693 2925 Nam

296 2973 322 3003 α
378 2950 454 3008 de
510 2948 632 3007 ﬁde
668 2957 749 3029 iet
805 2950 1153 3019 divinitate,
1215 2968 1339 3008 una
1397 2957 1531 3009 erat
1582 2948 1869 3011 Omnium
1930 2969 2047 3008 vox
2105 2959 2166 3009 et
2223 2952 2456 3011 labium
2522 2970 2713 3010 unum
2764 2950 2909 3029 (63).
2961 2972 2990 3005 υ
3082 2949 3395 3029 Praeterea
3453 2964 3695 3029 pacem,

295 3047 494 3109 quam,
545 3047 608 3087 se
664 3028 725 3087 in
786 3029 979 3106 priori
1054 3029 1336 3090 oratione
1410 3035 1629 3107 optare
1708 3030 2159 3109 praedicaverat
2228 3032 2626 3104 Theologus,
2705 3026 2874 3089 nunc
2945 3029 3007 3088 in
3084 3026 3698 3109 istaucompositam

294 3108 689 3187 gratulatur,
769 3109 1081 3186 simulque
1140 3106 1469 3169 haereticis
1506 3106 1768 3188 probat,
1850 3117 2088 3170 tantam
2146 3130 2269 3171 non
2327 3111 2515 3170 fuisse
2572 3109 2734 3169 inter
2791 3108 3145 3170 Catholicos
3206 3106 3697 3188 dissensionem,

295 3186 531 3267 quanta
588 3188 736 3269 ipsis
794 3190 1141 3248 videbatur.
1209 3189 1385 3249 Unde
1444 3186 1721 3267 ipsorum
1782 3190 2080 3249 invidiam
2136 3198 2197 3249 et
2255 3190 2634 3269 hypocrisim
2699 3190 3015 3267 exagitat,
3098 3196 3289 3269 atque
3363 3186 3703 3269 confutatis

293 3269 545 3405 illqlriim
606 3268 683 3326 de
739 3269 1043 3327 Trinitate
1100 3269 1438 3341 erroribus,
1472 3266 1611 3348 ’pro
1668 3289 1884 3330 eorum
1945 3270 2144 3330 salute
2200 3266 2487 3329 amanter
2542 3279 2781 3341 exorat,
2834 3266 2897 3331 et
2950 3267 3336 3345 theologicas
3386 3266 3701 3327 orationes

295 3367 375 3405 no
430 3354 648 3405 icetur.

340 3348 648 3408 ollicetur.

340 3369 648 3408 Οιιιοθιιπ.

295 3369 335 3427 p
380 3429 480 3487 IlI.
550 3428 673 3485 Has
729 3428 1045 3485 orationes
1100 3429 1639 3505 Constantinopoli
1698 3430 1985 3501 nabitas,
2062 3430 2226 3489 circa
2283 3430 2552 3488 medium
2614 3448 2846 3489 annum
2908 3430 3061 3499 3'79,
3139 3434 3205 3487 ut
3259 3425 3695 3496 verisimilius,

299 3526 441 3566 cum
500 3508 899 3589 't‘illemontio
946 3508 1067 3586 (64)
1126 3509 1528 3568 arbitramur.
1590 3512 1676 3569 De
1734 3510 1926 3588 priori
1983 3512 2234 3589 quidem
2296 3512 2534 3569 nullum
2596 3516 2688 3568 est
2743 3510 3053 3578 dubium;
3114 3517 3177 3567 et
3224 3508 3462 3568 titulus.
3515 3522 3702 3589 quem

302 3604 571 3668 praeuse
631 3588 839 3646 ferunt
913 3589 1197 3659 codices,
1275 3590 1337 3648 id
1395 3590 1581 3649 etiam
1642 3586 2018 3650 contirmatI
2054 3594 2141 3649 De
2197 3592 2526 3668 posteriori
2587 3608 2732 3649 vero
2794 3590 3167 3648 dissentiunt
3222 3588 3471 3647 eruditi.
3517 3586 3701 3668 Atﬁlias

301 3665 639 3750 siquidem,
706 3667 1563 3750 DilliusetPapebrochius
1622 3672 1745 3750 (65)
1806 3671 2123 3741 Nazianzi,
2190 3665 2487 3748 Gregorio
2542 3680 2719 3747 patre
2776 3671 2984 3728 adhuc
3040 3670 3408 3746 superstite,
3469 3665 3700 3750 dictam

302 3747 757 3807 existimarunt.
822 3748 997 3809 Unde
1058 3749 1119 3807 in
1176 3744 1357 3808 editis
1415 3750 1682 3826 primum
1728 3744 1951 3809 locum
2010 3752 2270 3810 obtinet.
2316 3744 2493 3810 ‘Nihil
2543 3744 2759 3810 tamen
2817 3768 2891 3808 ex
2960 3750 3076 3808 hac
3120 3744 3417 3808 oratione
3490 3744 3702 3821 colligi

301 3834 547 3905 potest,
624 3826 803 3907 quod
850 3846 1064 3887 eorum
1122 3828 1445 3888 sententia":
1518 3830 1744 3889 faveat.
1824 3832 1911 3889 Ac
1986 3832 2188 3907 primo
2243 3832 2519 3906 quidem,
2583 3829 2859 3906 quandiu
2921 3829 3255 3904 Gregorius
3313 3826 3519 3887 senior
3576 3827 3702 3884 Na—

303 3908 610 3965 zianzenae
675 3906 963 3966 l‘icclesize
1021 3925 1233 3967 curam
1295 3908 1521 3985 gessit,
1599 3909 1840 3967 nullum
1900 3906 2176 3986 unquam
2234 3910 2351 3969 fuit
2405 3908 2728 3969 dissidium
2794 3908 2956 3966 inter
3015 3908 3380 3985 Gregorium
3456 3909 3700 3986 patrem

303 3991 365 4045 et
421 3986 785 4066 Gregorium
845 3986 1082 4058 ﬁlium,
1163 4006 1234 4046 ac
1301 3982 1563 4065 proinde
1620 3988 1793 4047 nulla
1851 3982 2373 4049 reconciliationis
2430 3989 2764 4048 necessitas
2822 3987 2970 4063 ﬁngi
3032 3982 3257 4066 potest.
3316 3982 3594 4056 Deinde,
3656 3982 3706 4042 si

304 4065 473 4144 quod
532 4067 767 4145 exstitit
823 4066 987 4125 inter
1040 4072 1377 4144 utrumque
1437 4069 1803 4145 Gregorium
1864 4074 1926 4127 et
1983 4068 2324 4127 monachos
2382 4074 2718 4139 certamen,
2784 4067 2935 4127 illud
3005 4065 3045 4123 ς(
3081 4068 3155 4126 ad
3216 4067 3400 4126 ﬁdem
3451 4086 3510 4137 ι),
3578 4082 3707 4145 non

311 4170 340 4200 «
392 4145 466 4203 ad
528 4144 808 4203 ordinem
868 4154 929 4205 et
986 4146 1378 4225 disciplinam
1440 4148 1608 4226 (66),
1666 4172 1693 4201 ι)
1776 4150 1852 4207 de
1911 4149 2139 4226 quibus
2196 4148 2295 4207 hic
2353 4155 2594 4207 tantum
2656 4148 2900 4225 agitur,
2979 4147 3355 4225 pertinebat.
3414 4144 3705 4226 Nondum

307 4226 495 4283 etiam
550 4226 643 4282 liis
699 4227 1107 4302 temporibus,
1162 4229 1448 4286 Nazianzi
1510 4225 1583 4287 ait
1644 4229 1703 4287 id
1765 4229 2132 4287 temeritatis
2191 4235 2252 4286 et
2308 4229 2683 4306 arrogantiae
2735 4235 3029 4285 venerant
3084 4226 3377 4291 haeretici.
3414 4232 3484 4283 ut
3512 4225 3711 4283 ’l‘heo-

312 4307 455 4381 logo
516 4323 677 4381 opus
735 4307 960 4379 fuerit,
1030 4308 1106 4365 ad
1168 4308 1620 4367 retundendam
1678 4309 1928 4367 illorum
1988 4310 2355 4379 audaciam,
2420 4327 2526 4368 eos
2578 4316 2706 4367 tam
2765 4309 2993 4366 acriter
3048 4314 3299 4383 tamque
3354 4309 3714 4382 frequenter

314 4385 1227 4467 iisdem_d_e_rebusarguere
1285 4395 1345 4446 et
1400 4387 1715 4460 insectari,
1771 4407 1844 4449 ac
1900 4389 2157 4467 insuper
2214 4390 2299 4447 uti
2363 4412 2389 4442 α
2436 4389 2607 4447 duris
2664 4389 3089 4462 solidisque,»
3141 4382 3211 4447 ut
3256 4387 3534 4463 loquitur
3563 4382 3713 4461 (6'1),

315 4490 343 4519 ιι
400 4464 477 4546 de
535 4464 839 4524 Trinitate
897 4465 1478 4544 disputationibus;
1530 4491 1559 4525 ii
1642 4489 1767 4546 quo
1826 4464 2079 4528 nomine
2133 4470 2541 4545 theologicae,
2613 4485 2769 4545 quas
2826 4469 3236 4545 promiserat,
3309 4469 3719 4542 designantur

311 4544 676 4628 orationes._
715 4547 837 4628 Nec
895 4564 1275 4625 quemquam
1339 4554 1610 4628 moveat,
1665 4544 1838 4626 quod
1896 4549 1985 4609 ait
2038 4544 2397 4625 'I‘heologus
2454 4550 2597 4628 (68),
2636 4544 2695 4603 θα
2740 4544 2835 4607 de
2874 4548 3147 4623 benigno
3209 4554 3404 4625 patre,
3439 4546 3719 4628 ejusque

310 4622 682 4707 obsequenti
732 4622 1516 4707 ﬁliofuna'sedentibus,
1578 4622 1991 4707 muluumque
2047 4629 2163 4689 sibi
2220 4622 2659 4689 ornamentum
2720 4622 3149 4697 aﬁ‘erentibus,
3202 4622 3229 4683 ὦ
3290 4625 3457 4703 quod
3507 4624 3720 4684 forsan

310 4704 463 4765 Elia:
540 4705 903 4784 caeterisque
982 4707 1191 4767 fucum
1269 4708 1435 4768 fecit.
1496 4708 1654 4768 lllud
1732 4704 1941 4781 enim',
2019 4715 2089 4769 ut
2165 4729 2240 4769 ex
2317 4708 2497 4767 dictis
2575 4707 2969 4767 manifestum
3031 4716 3164 4780 est,
3247 4708 3325 4765 ad
3387 4712 3721 4784 utrumque

314 4784 681 4867 Gregorium
743 4783 1101 4867 nullatenus
1150 4788 1366 4847 referri
1414 4793 1636 4867 potest.
1695 4790 1934 4862 Merito,
1980 4787 2166 4865 juxta
2214 4788 2707 4861 Tillemontium,
2760 4787 3129 4865 intelligitur
3182 4786 3275 4867 vel
3327 4786 3402 4846 de
3446 4783 3723 4863 quodam

315 4866 640 4947 episcopo.
706 4866 812 4942 qui
858 4865 1306 4947 dissidentium
1370 4865 1654 4946 partibus
1711 4874 2012 4946 praeerat,
2073 4869 2307 4947 quique
2359 4869 2518 4928 forte
2577 4868 2874 4945 Gregorio
2936 4872 3147 4927 nostro
3205 4866 3507 4943 dignitate
3566 4880 3729 4947 prie:

315 4940 547 5028 stabat,
607 4940 792 5022 quem
856 4946 1112 5028 honoris
1168 4940 1388 5019 causa,
1464 4973 1494 5002 «
1552 4940 1793 5026 patrem
1856 4973 1885 5003 »
1966 4940 2267 5028 appellat,
2330 4966 2518 5027 seque
2574 4940 2728 5026 ipse'
2783 4972 2811 5001 ‹‹
2873 4947 3070 5006 ﬁlium
3130 4971 3158 5001 ››
3220 4940 3521 5028 nominat
3562 4940 3585 5015 ξ
3631 4940 3732 5001 vel

318 5026 549 5107 potius.
613 5042 685 5107 ac
743 5027 1157 5095 verisimilius,
1218 5028 1349 5105 ipse
1404 5029 1759 5105 'I‘lieologus
1822 5053 1852 5084 «
1891 5026 2141 5107 pater»
2204 5036 2316 5098 est,
2377 5026 2439 5089 et
2500 5028 2731 5087 «ﬁlii»
2792 5028 3044 5107 nomine
3104 5027 3639 5107 designatunum
3701 5039 3735 5081 θ

321 5104 773 5194 sacerdotibus,
836 5124 1047 5194 quem,
1109 5104 1353 5194 etiamsi
1418 5104 1849 5194 dissidentium
1894 5104 2133 5187 agmen
2192 5108 2736 5186 Constantinopoli
2792 5104 3091 5194 duxisset,
3151 5104 3732 5194 composita_pace,

321 5185 384 5243 in
444 5185 711 5259 gratiam
772 5188 1038 5264 recipit;
1102 5189 1280 5265 cujus
1338 5189 1508 5266 pacis
1564 5194 1635 5248 ut
1691 5190 1879 5248 ﬁdem
1938 5185 2236 5255 facerent.
2302 5208 2571 5257 necesse,
2612 5185 2772 5256 ’fuit,
2836 5196 2904 5247 ut
2961 5188 3148 5247 ambo
3226 5207 3351 5248 una
3424 5186 3734 5252 sederent,

326 5270 579 5354 mutuas
622 5281 849 5354 coram
913 5267 1497 5354 populo_dexteras
1546 5269 1927 5348 jungerent,
1989 5276 2177 5348 atque
2236 5289 2359 5329 una
2415 5269 2625 5328 anima
2683 5275 2744 5327 et
2802 5287 2927 5327 uno
2981 5286 3090 5329 ore
3145 5284 3497 5327 sermonem
3555 5280 3737 5342 sepa-

326 5347 510 5403 ratim
573 5349 835 5422 uterque
892 5348 1353 5425 pronuntiaret.

539 5474 760 5555 §ocrat.
800 5477 899 5533 lib.
933 5497 989 5555 ν,
1021 5496 1070 5537 c.
1102 5482 1156 5536 5.
2167 5483 2283 5552 (65)
2315 5481 2602 5555 Bolland.,
2635 5479 2671 5533 9
2701 5480 2858 5555 Maii,
2894 5498 3025 5555 pag.
3062 5483 3183 5538 403.

542 5545 927 5629 9r._xx1u,_n.
962 5553 1016 5608 3.
2315 5545 2699 5629 Gr._xx1n,_n.
2733 5554 2785 5608 3.

544 5616 715 5709 llud,
745 5616 892 5678 n.'4.
967 5696 981 5709 _

2172 5616 2285 5709 <92)
2320 5616 2698 5709 sitan-14-

418 5690 513 5833 63)
543 5690 641 5744 0r.
672 5707 834 5760 xxm,
868 5711 924 5750 n.
955 5696 1007 5749 4.
2320 5690 2489 5767 Ibid.,
2520 5712 2580 5753 n.
2610 5696 2666 5751 5.

418 5760 491 5831 ‘64
544 5760 707 5817 Tom.
746 5763 839 5833 IX,
872 5771 980 5822 art.
1012 5767 1102 5833 57,
1134 5784 1191 5833 p.
1225 5767 1350 5823 436.

404 5760 513 5833 (64)
544 5760 707 5817 Tom.
746 5763 839 5833 IX,
872 5771 980 5822 art.
1012 5767 1102 5836 57,
1134 5784 1191 5839 p.
1225 5767 1350 5823 436.

646 5890 914 5957 Panos.
962 5894 1074 5959 Gs.
1122 5894 1371 5961 XXXV.
3364 5892 3443 5958 36
