4056 6274
308 446 460 512 1133

1441 444 1730 512 ORATIO
1778 441 1965 511 XXII.
2001 487 2078 495 —
2109 444 2208 511 DE
2253 446 2452 512 PACE
2500 446 2575 512 11.

3557 448 3709 510 1134

308 582 631 653 οἰκουμένης
664 581 810 653 ξένος
843 578 931 635 καὶ
980 582 1262 653 πάροικος.
1316 583 1493 635 Δεινὸν
1529 579 1585 635 δῖε
1618 582 1705 635 καὶ
1754 581 1819 635 τὰ
1866 586 1951 637 νῦν

2090 603 2169 639 )er
2200 590 2385 640 totum
2412 585 2609 639 orbem
2642 584 2900 653 hospites
2926 583 3065 648 sint,
3090 586 3145 636 et
3176 581 3483 653 peregrini.
3510 581 3716 636 Gravia

308 669 561 746 ὁρώμενά
632 691 691 724 τε
763 669 853 724 καὶ
933 670 1272 742 ἀκουόμενα·
1345 668 1598 745 πατρίδες
1678 670 1962 743 ἀνιστάμε-

306 780 390 812 ναι
423 761 559 831 (79),
594 759 685 812 καὶ
738 756 995 833 μυριάδες
1043 758 1359 816 πίπτουσα·.
1411 760 1502 814 καὶ
1552 761 1831 832 κάμνουσα
1885 762 1959 833 γῆ

306 852 423 909 τοῖς
456 845 643 920 α’ίμασι
674 847 764 901 καὶ
814 853 931 909 τοῖς
980 849 1258 921 πτώμασι,
1310 847 1399 902 καὶ
1459 848 1591 909 λαὸς
1625 846 1960 922 ἀλλόγλωσ-

310 958 401 998 σος
434 937 508 997 ὡς
542 936 740 991 οἰκείαν
773 933 1073 1011 διατρὲχων
1107 938 1205 1006 τὴν
1240 936 1554 1013 ἀλλοτρίαν·
1591 936 1652 991 ού
1703 935 1772 990 δι’
1801 938 1959 991 ἀναν-

309 1023 458 1100 δρίαν
517 1029 623 1079 τῶν
682 1026 1123 1101 προμαχομένων
1161 1026 1537 1102 κατηγορείτω
1569 1024 1760 1098 μηδείς
1792 1045 1803 1055 ·
1869 1025 1959 1079 οὖ-

305 1135 390 1168 τοι
449 1113 551 1189 γάρ
584 1113 714 1168 εἷ’σιν
762 1115 813 1168 οἱ
868 1113 1065 1189 μικροῦ
1115 1121 1286 1169 πᾶσαν
1336 1117 1437 1184 τὴν
1493 1115 1817 1187 οἷ’κουμὲνην
1852 1138 1957 1169 πα-

311 1201 743 1278 ραστησάμενοι·
804 1202 951 1258 ἀλλὰ
1001 1201 1088 1257 διὰ
1133 1204 1229 1272 τὴν
1283 1204 1550 1279 ἡμετέραν
1600 1203 1815 1275 κακίαν,
1872 1204 1960 1258 καὶ

306 1294 405 1360 τὴν
457 1290 842 1365 ἐπικρατοῦσαν
892 1294 1028 1347 κατὰ
1074 1299 1175 1362 τῆς
1227 1291 1456 1368 Τριάδος
1506 1289 1770 1350 ἀσέϐειαν.
1808 1294 1964 1347 Δεινὰ

310 1385 497 1447 ταῦτα,
556 1380 644 1433 καὶ
701 1380 839 1455 πέρα
889 1378 1095 1437 δεινῶν,
1141 1380 1232 1442 Τίς
1274 1380 1483 1455 ἀντερεῖ
1529 1386 1635 1435 τῶν
1681 1381 1961 1456 συμφορὰς

309 1466 621 1541 δοκιμάζειν
671 1465 891 1523 εἰδότων
938 1468 987 1541 ἐξ
1040 1467 1113 1523 ὧν
1164 1469 1511 1540 πεπόνθασιν,
1572 1471 1605 1539 ἢ
1656 1469 1963 1541 συμπεπόν-

310 1559 496 1625 θασιν;
529 1555 683 1614 Ἀλλ’
733 1556 887 1611 οὔπω
932 1562 1193 1613 τοσοῦτον
1244 1555 1423 1626 οὐδὲν,
1471 1557 1593 1612 ὅσον
1652 1557 1841 1632 εἰρήνη
1886 1555 1966 1612 δε-

312 1643 611 1721 διωγμένη,
644 1645 734 1701 καὶ
765 1649 800 1715 ἡ
830 1653 933 1715 τῆς
977 1646 1306 1717 Ἐκκλησίας
1356 1646 1645 1722 εὐπρέπεια
1701 1666 1965 1722 περιῃρη-

317 1736 481 1807 μὲνη,
537 1734 625 1789 καὶ
682 1736 744 1789 τὸ
801 1735 1033 1790 παλαιὸν
1074 1736 1290 1809 ἀξιωμα
1338 1734 1817 1806 καταλελυμένον·
1876 1735 1964 1790 καὶ

314 1823 459 1897 παρά
485 1828 742 1878 τοσοῦτον
780 1825 815 1893 ἡ
872 1824 1019 1893 τάξις
1068 1825 1535 1899 ἀντεστραμμένη,
1585 1823 1722 1878 ὣστε
1771 1824 1967 1899 πρότε-

319 1932 409 1988 ρον
447 1913 539 1984 μὲν
572 1911 621 1984 ἐξ
655 1912 714 1966 οὐ
743 1910 883 1966 λαοῦ
914 1910 1071 1980 λαὸς,
1103 1912 1192 1967 καὶ
1226 1912 1277 1982 ἐξ
1309 1912 1408 1966 οὐκ
1438 1908 1621 1975 ἔθνους
1676 1910 1828 1973 ἔθνος
1878 1933 1965 1987 γε-

315 1999 545 2075 γόναμεν
572 2019 582 2030 ·
619 2004 705 2053 νῦν
755 1997 811 2053 δὲ
855 1998 1236 2072 κινδυνεύομεν
1280 2000 1337 2054 ἐκ
1385 2001 1521 2055 λαοῦ
1576 1999 1830 2073 μεγίστου
1879 2000 1969 2054 καὶ

315 2085 520 2155 ἔθνους,
552 2087 628 2150 εἰς
661 2088 721 2141 ού
757 2087 886 2142 λαὸν
918 2088 1083 2142 πάλιν
1131 2089 1219 2142 καὶ
1271 2088 1369 2142 οὐκ
1416 2087 1565 2150 ἔθνος
1626 2088 1965 2150 ἐναλυθέντες

314 2176 577 2252 γενὶσθαι,
611 2176 684 2238 ὡς
716 2178 777 2230 τὸ
808 2176 900 2230 ἀπ’
932 2177 1133 2252 ἀρχῆς,
1158 2175 1248 2231 ὅτε
1281 2176 1379 2230 οὐκ
1407 2178 1574 2252 ἧρξας
1623 2179 1801 2249 ἡμῶν,
1853 2175 1967 2232 οὐδ’

317 2265 395 2327 είς
423 2262 477 2319 ἓν
511 2261 686 2337 ὄνομα
714 2266 804 2318 καὶ
827 2265 1007 2340 τάγμα
1038 2263 1493 2337 συνεληλύθειμεν
1528 2269 1661 2339 (80).

2067 679 2207 727 sunt
2239 675 2500 743 insuper,
2523 690 2649 743 quae
2684 690 2839 727 nunc
2876 677 2933 726 et
2971 688 3289 735 cernimus,
3314 678 3371 725 et
3399 670 3673 724 audimus
3700 687 3712 724 :

2068 764 2266 832 patriae
2314 762 2580 817 funditus
2629 778 2863 830 eversaa,
2897 760 3358 816 innumerabiles
3407 760 3583 831 copia:
3618 776 3716 813 ca-

2070 849 2295 919 dentes,
2356 855 2511 905 terra
2564 851 2848 918 sanguine
2906 856 2961 904 et
3018 850 3399 904 cadaveribus
3460 855 3717 919 gravata,

2069 944 2265 993 extera
2296 941 2454 993 natio
2486 939 2725 994 alteram
2768 940 3061 1008 regionem
3095 938 3250 992 velut
3282 955 3449 992 suam
3483 954 3718 1008 percur-

2071 1043 2210 1081 sans
2242 1043 2307 1081 ac
2340 1027 2660 1098 populans;
2696 1044 2809 1081 non
2841 1044 2969 1081 eam
3004 1027 3316 1097 quisquam
3347 1026 3419 1079 ob
3452 1026 3719 1079 defenso-

2072 1133 2202 1169 rum
2237 1115 2527 1186 ignaviam
2571 1115 2914 1171 criminetur
2948 1132 2960 1169 :
2997 1132 3130 1169 nam
3164 1114 3244 1167 illi
3284 1114 3393 1183 ipsi
3426 1118 3587 1180 sunt,
3618 1112 3720 1183 qui

2072 1204 2409 1259 universum
2442 1222 2588 1275 pene
2608 1211 2895 1263 terrarum
2931 1206 3128 1258 orbem
3158 1203 3308 1257 bello
3335 1208 3509 1273 atque
3539 1202 3720 1257 armis

2072 1294 2468 1363 subegerunt:
2503 1293 2602 1347 sed
2635 1294 2708 1347 ob
2739 1292 3176 1363 improbitatem
3211 1296 3497 1357 nostrain,
3522 1293 3720 1361 vigen-

2072 1386 2306 1452 temque
2329 1382 2609 1436 adversus
2633 1380 2978 1435 Trinitatem
3014 1379 3395 1451 impietatem.
3422 1380 3571 1434 Sunt
3600 1380 3720 1433 haec

2074 1488 2213 1525 sane
2246 1471 2463 1541 gravia,
2488 1476 2544 1525 et
2572 1470 2705 1540 plus
2737 1486 2915 1540 quam
2946 1469 3162 1541 gravia.
3184 1467 3323 1533 Quis
3354 1484 3555 1523 eorum
3588 1467 3721 1521 inﬁ-

2074 1559 2193 1615 cias
2223 1559 2413 1626 iverit,
2447 1560 2548 1629 qui
2582 1576 2649 1613 ex
2679 1558 2790 1623 his,
2826 1575 2950 1629 qua:
2984 1558 3067 1612 vel
3102 1557 3213 1628 ipsi
3252 1557 3430 1627 passi,
3462 1555 3549 1611 vel
3593 1555 3723 1611 aliis

2075 1648 2369 1719 compassi
2412 1653 2571 1713 sunt,
2602 1647 2966 1702 calamitates
3010 1647 3300 1701 aestimare
3332 1645 3585 1701 norunt?
3614 1644 3722 1699 Sed

2077 1736 2222 1791 nihil
2255 1736 2495 1806 perinde
2516 1753 2687 1807 grave
2710 1740 2886 1806 atque
2911 1737 3183 1790 acerbum
3208 1741 3316 1799 est,
3340 1739 3404 1789 ut
3426 1751 3535 1805 pax
3556 1733 3727 1804 pulsa

2075 1831 2131 1880 et
2162 1826 2381 1895 fugata,
2406 1830 2461 1879 et
2483 1825 2739 1879 Ecclesia
2762 1826 2965 1879 decore
2997 1842 3102 1879 suo
3129 1823 3397 1894 spoliata,
3421 1822 3726 1893 priscaque

2077 1913 2331 1984 dignitas
2364 1918 2420 1967 et
2460 1913 2786 1983 amplitudo
2837 1914 3069 1967 sublata
3098 1916 3155 1967 et
3186 1913 3501 1978 exstincta;
3554 1916 3727 1982 atque

2080 2004 2222 2057 adeo
2279 2002 2509 2056 inversa
2558 2002 2781 2055 ordinis
2814 2004 2983 2068 ratio,
3018 2006 3083 2055 ut
3131 2001 3229 2071 qui
3282 2000 3441 2071 prius
3490 2017 3558 2053 ex
3611 2016 3724 2053 non

2077 2092 2289 2162 populo
2321 2090 2596 2161 populus,
2628 2095 2685 2145 et
2714 2107 2782 2144 ex
2827 2107 2941 2143 non
2991 2094 3159 2161 gente
3190 2106 3333 2159 gens
3368 2088 3500 2142 facti
3532 2090 3724 2142 fuera-

2078 2197 2232 2247 mus,
2267 2196 2423 2234 nunc
2469 2180 2527 2233 in
2559 2196 2624 2234 eo
2671 2178 2927 2249 periculo
2960 2194 3281 2243 versemur,
3317 2182 3381 2232 ut
3411 2176 3725 2232 verendum

2078 2269 2175 2336 sit,
2208 2284 2278 2323 ne
2309 2284 2377 2323 ex
2406 2267 2620 2339 populo
2653 2267 2904 2322 maximo
2935 2271 2992 2322 et
3021 2266 3280 2338 gente,in
3307 2283 3420 2321 non
3446 2265 3727 2337 populum

319 2360 376 2411 et
407 2372 521 2409 non
553 2360 787 2426 gentem
839 2356 1193 2426 redigamur,
1226 2361 1401 2426 atque
1442 2357 1499 2410 in
1531 2362 1782 2411 veterem
1831 2355 1997 2410 illum
2049 2362 2270 2412 statum
2320 2358 2650 2425 redeamus,
2684 2357 2742 2411 in
2776 2373 2889 2427 quo
2921 2372 3175 2425 eramus,
3209 2372 3344 2410 cum
3395 2355 3564 2410 nobis
3615 2370 3729 2408 non

320 2444 661 2514 imperares,
694 2448 869 2513 atque
900 2443 957 2497 in
993 2460 1175 2498 unum
1208 2461 1419 2499 nomen
1451 2450 1507 2499 et
1536 2444 1781 2499 classem
1815 2461 1991 2499 unam
2024 2448 2521 2501 convenissemus.

394 2531 463 2586 Γ’.
523 2531 617 2583 Καὶ
670 2524 839 2591 ὄντως
885 2528 1177 2585 κινδυνεύει
1251 2530 1344 2606 ῥᾷν
1418 2531 1551 2585 εἶναι
1633 2529 1962 2607 δυσπραγίαν

322 2617 577 2691 ἐνεγκεῖν,
609 2619 642 2686 ἣ
698 2617 985 2694 εὐπραγίαν
1037 2620 1148 2692 (81)
1200 2616 1592 2683 διασώσασθαι·
1660 2620 1825 2674 ὁπότε
1878 2619 1969 2673 καὶ

321 2710 507 2779 ἡμεῖς,
539 2706 696 2775 ἡνίκα
726 2706 1164 2780 ἐπολεμούμεθα,
1194 2709 1306 2769 τοῖς
1358 2706 1626 2783 διωγμοῖς
1680 2708 1970 2783 ῥωσθέντες

323 2795 411 2849 καὶ
446 2794 816 2869 συναχθέντες,
850 2795 1012 2864 ἡνίκα
1060 2798 1432 2871 συνήχθημεν,
1484 2794 1829 2868 διελύθημεν,
1882 2796 1971 2856 Τίς

322 2884 422 2959 γὰρ
454 2884 553 2937 οὐκ
583 2882 640 2937 ἂν
697 2882 948 2959 ὀδύραιτο
1008 2882 1063 2938 εὖ
1122 2890 1333 2961 φρονῶν
1380 2886 1447 2939 τά
1476 2880 1747 2961 παρόντα;
1784 2884 1882 2945 Τίς
1916 2881 1973 2937 δὲ

326 2971 491 3048 λόγον
551 2972 762 3045 εὑρήσει
809 2977 878 3046 τῇ
930 2979 1185 3048 συμφορᾷ
1247 2974 1684 3047 παρισούμενον;
1763 2975 1970 3047 Λῃστάς

330 3062 423 3134 μὶν
481 3060 794 3135 εἰρηνεύειν,
855 3060 946 3122 οὕς
996 3062 1156 3115 κακία
1214 3061 1485 3131 συνέδησε,
1550 3063 1637 3116 καὶ
1696 3062 1826 3123 τοὺς
1882 3084 1973 3115 τυ-

328 3147 526 3225 ραννίδι
584 3149 1061 3224 συντεταγμένους,
1111 3147 1145 3218 ἤ
1196 3162 1404 3223 κΛοπῃς
1442 3150 1816 3222 κοινωνοὺς,ἢ
1852 3150 1973 3203 στά-

326 3258 481 3303 σεως,
541 3237 877 3309 συνωμότας,
1022 3237 1270 3312 μοιχείας
1319 3238 1731 3314 στλλήπτορας,
1783 3236 1858 3292 ἔτι
1919 3235 1976 3291 δὲ

327 3329 515 3401 χορῶν
577 3327 912 3396 συστήματα,
964 3327 1054 3379 καὶ
1107 3325 1347 3401 σορατῷν
1394 3328 1664 3401 τάγματα,
1709 3326 1797 3380 καὶ
1828 3330 1971 3395 νηῶν

329 3413 681 3487 πληρώματα
738 3416 886 3487 (82)·
950 3413 1020 3467 ἐῶ
1069 3414 1172 3489 γάρ
1233 3411 1406 3488 λέγειν
1462 3413 1702 3490 κλήρους
1760 3414 1808 3487 ἐξ
1862 3413 1978 3468 ἴσου

333 3501 767 3579 διαιρουμένους,
826 3504 914 3557 καὶ
974 3502 1253 3567 πολιτείας
1303 3505 1623 3573 ἀντιθέτους,
1675 3505 1764 3560 καὶ
1797 3502 1979 3559 διαδο·

330 3594 434 3667 χάς
470 3592 822 3669 λειτουργιῶν
853 3593 941 3647 καὶ
972 3593 1159 3668 ἀρχῶν
1192 3596 1325 3667 (83),
1366 3596 1509 3665 τάξει
1550 3594 1843 3667 προϊούσας
1890 3594 1980 3648 καὶ

334 3682 508 3755 νόμῳ,
562 3682 649 3737 καὶ
696 3684 795 3752 τὴν
852 3682 1239 3755 πολυύμνητον
1296 3682 1362 3751 δὴ
1411 3684 1611 3754 ταύτην
1639 3686 1977 3761 σοφιστικὴν,

332 3774 365 3842 ἢ
395 3775 808 3849 γραμματικήν,
835 3772 923 3827 ’ίνα
966 3775 1041 3845 μή
1086 3773 1233 3847 λέγω
1274 3773 1685 3851 φιλοσοσοφίαν,
1736 3775 1858 3848 περὶ
1915 3773 1981 3841 ἥν

334 3865 468 3916 νὲων
519 3860 809 3938 φιλοτιμία
867 3861 1039 3931 λυσσᾷ
1092 3882 1151 3915 τε
1200 3860 1287 3915 καί
1340 3861 1580 3934 μὲμηνε’
1634 3862 1830 3931 ταύτην
1886 3862 1978 3933 μὶν

336 3950 464 4024 όρᾷν
530 3948 696 4022 ὀλίγα
755 3950 850 4021 μὲν
909 3951 1315 4018 στασιάζουσαν,
1372 3950 1438 4003 τὰ
1492 3948 1668 4004 πλείω
1727 3948 1784 4003 δὲ
1840 3950 1984 4022 εἰρη-

335 4038 583 4093 νεύουσαν
612 4056 623 4067 ·
674 4040 823 4109 ἡμᾶς
871 4034 929 4091 δὲ
984 4037 1301 4099 ἀσυνθέτους
1359 4039 1491 4092 εἶναι
1522 4039 1610 4091 καὶ
1639 4034 1983 4105 ἀσυνδέτους,

337 4126 426 4181 καὶ
489 4128 701 4198 μήποτε
761 4123 1010 4179 δύνασθαι
1064 4125 1141 4187 εἷς
1190 4126 1380 4180 ταυτὸν
1415 4124 1615 4198 ἐλθεῖν,
1673 4123 1812 4198 μηδὲ
1866 4147 1985 4180 τινα

340 4215 501 4290 λόγον
561 4221 787 4291 φανῆναι
845 4222 945 4283 τῆς
998 4214 1158 4268 νόσου
1213 4214 1413 4281 ταύτης
1454 4216 1805 4290 θεραπευτὴν,
1860 4213 1984 4269 ἀλλ’

341 4303 520 4377 ὣσπερ
580 4301 772 4363 κακίας
836 4301 1224 4378 μυσταγωγοὺς
1282 4303 1369 4357 καὶ
1432 4302 1633 4375 μύστας
1684 4299 1855 4370 ὄντας,
1890 4304 1989 4357 οὐκ

341 4393 559 4467 ἀρετῆς,
591 4390 776 4446 πολλὰ
812 4392 905 4463 μὶν
939 4393 1207 4446 ποιεῖσθαι
1236 4392 1302 4446 τὰ
1328 4398 1427 4461 τῆς
1469 4390 1795 4453 διαστάσεως
1828 4392 1987 4447 ὑπεκ-

339 4480 609 4553 καύματα,
645 4481 811 4554 μικρὰ
852 4478 930 4547 δὲ,
962 4482 996 4550 ἣ
1035 4477 1297 4553 μηδόλως
1326 4487 1428 4549 τῆς
1464 4479 1721 4550 ὁηονοίας
1772 4478 1989 4558 φροντί-

345 4574 449 4637 ζειν
478 4570 609 4641 (84).
672 4568 853 4623 Καίτοι
910 4568 1119 4623 τούτων
1184 4569 1275 4640 μὲν
1311 4568 1727 4638 στασιαζόντων,
1786 4568 1885 4623 οὐκ
1915 4568 1991 4632 είς

2151 2535 2243 2589 IlI.
2276 2537 2354 2589 Ac
2384 2537 2636 2606 profecto
2682 2533 2912 2590 facilius
2963 2550 3092 2589 esse
3139 2533 3370 2588 videtur
3424 2533 3730 2587 adversam

2080 2623 2377 2678 fortunam
2401 2624 2751 2694 ferre,quem
2777 2624 3096 2679 secundam
3119 2638 3461 2677 conservare
3482 2640 3494 2677 :
3515 2621 3731 2691 quippe

2080 2729 2213 2766 cum
2271 2729 2378 2767 nos
2435 2712 2632 2779 etiam,
2667 2713 2789 2783 qui,
2821 2729 2954 2766 cum
3007 2711 3156 2766 bello
3206 2726 3627 2781 premeremur,
3663 2724 3732 2762 ex

2082 2802 2585 2871 persecutionibus
2642 2803 2821 2855 robur
2879 2800 3380 2871 comparavimus,
3435 2804 3610 2868 atque
3670 2798 3728 2851 in

2084 2907 2266 2944 unum
2318 2889 2541 2944 collecti
2588 2908 2816 2953 sumus,
2847 2889 3045 2954 iiriem,
3082 2894 3461 2958 posteaquam
3507 2886 3731 2941 collecti

2084 2998 2311 3044 sumus,
2346 2980 2710 3032 dit‘ﬂuximus
2764 2996 2830 3032 ac
2883 2978 3093 3049 dilapsi
3128 2996 3352 3032 sumus.
3389 2976 3526 3039 Quis
3574 2974 3729 3029 enim

2086 3069 2257 3122 modo
2290 3085 2442 3121 sanas
2475 3067 2707 3132 mentis,
2744 3073 3085 3137 preesentem
3131 3082 3325 3119 rerum
3358 3070 3579 3119 statum
3615 3079 3729 3116 non

2084 3156 2384 3226 deploret?
2413 3156 2555 3217 Quis
2604 3172 2931 3209 sermonem
2985 3154 3118 3209 huic
3160 3152 3481 3208 calamitati
3534 3167 3732 3223 parem

2088 3244 2346 3299 invenire
2375 3245 2589 3315 queat?
2613 3245 2819 3298 Pacem
2844 3243 3040 3297 colunt
3071 3243 3349 3307 latrones,
3371 3259 3519 3312 quos
3540 3240 3734 3294 scelus

2089 3334 2242 3386 inter
2272 3350 2333 3387 se
2364 3332 2636 3398 devinxit,
2661 3338 2714 3387 et
2745 3334 3072 3403 tyrannidis
3104 3332 3265 3395 socii,
3299 3338 3400 3384 aut
3434 3328 3566 3384 furti
3599 3344 3734 3382 con-

2090 3429 2295 3487 sortes,
2327 3426 2427 3475 aut
2466 3423 2535 3475 ad
2583 3422 2927 3476 seditionem
2974 3421 3286 3491 conjurati,
3318 3425 3419 3473 aut
3465 3415 3736 3471 adulterii

2090 3510 2421 3581 participes,
2473 3516 2648 3581 atque
2697 3510 2936 3580 insuper
2982 3510 3293 3563 chororum
3345 3506 3636 3569 sodalitia,
3679 3508 3738 3559 et

2089 3600 2447 3653 exercituum
2474 3600 2731 3660 ordines,
2752 3607 2807 3652 et
2830 3598 2924 3668 qui
2946 3598 3192 3652 navibus
3216 3597 3539 3661 vehuntur;
3567 3593 3734 3647 mitto

2089 3688 2245 3742 enim
2279 3688 2467 3743 dicere
2506 3688 2871 3742 bmreditates
2918 3704 2985 3741 ex
3033 3704 3199 3757 aequo
3232 3685 3469 3755 divisas,
3503 3687 3560 3737 et
3591 3699 3733 3737 con-

2091 3777 2301 3831 trarias
2333 3776 2391 3829 in
2427 3777 2599 3831 rebus
2632 3775 2879 3847 publicis
2910 3776 3178 3845 gerendis
3211 3774 3484 3836 rationes,
3516 3776 3572 3825 et
3603 3769 3734 3825 civi-

2090 3865 2235 3918 lium
2271 3881 2581 3918 munerum
2636 3864 3055 3931 successiones,
3090 3869 3146 3917 et
3179 3863 3559 3932 magistratus
3610 3860 3733 3928 lege

2091 3958 2267 4023 atque
2295 3952 2497 4006 ordine
2529 3953 2995 4022 progredientes;
3030 3958 3199 4021 atque
3231 3952 3372 4005 adeo
3404 3946 3733 4003 celebratis-

2093 4042 2302 4094 simam
2331 4039 2478 4093 hanc
2495 4040 2851 4111 sophisticen
2876 4048 2974 4094 aut
2995 4038 3438 4111 grammaticen,
3457 4053 3526 4090 ne
3542 4036 3733 4090 dicam

2097 4127 2547 4197 philOSOpbiam,
2593 4128 2651 4181 in
2704 4146 2879 4198 quam
2940 4129 3146 4182 insano
3196 4128 3448 4199 quodam
3513 4126 3737 4195 impetu

2096 4218 2248 4271 4l6
2274 4219 2555 4284 juvenum
2588 4217 2830 4271 ambitio
2864 4217 3021 4285 furit,
3081 4235 3258 4287 quam
3292 4222 3486 4270 tamen
3530 4229 3738 4285 parum

2098 4305 2412 4359 admodum
2461 4305 2722 4359 dissidiis
2770 4308 3071 4377 agitatam,
3119 4306 3238 4360 imo
3298 4309 3363 4358 ut
3420 4303 3741 4374 plurimum

2099 4393 2356 4464 quietam
2398 4398 2454 4448 et
2501 4401 2762 4463 pacatam
2813 4394 3112 4460 videmus;
3165 4411 3271 4447 nos
3331 4398 3525 4446 autem
3585 4388 3744 4444 nullo

2099 4483 2419 4538 concordiis
2472 4484 2680 4538 foedere
2730 4501 2795 4539 ac
2843 4484 3071 4539 vinculo
3103 4480 3446 4552 constringi,
3480 4495 3584 4533 nec
3634 4493 3747 4531 un-

2103 4588 2279 4642 quam
2314 4572 2371 4625 in
2407 4589 2587 4626 unum
2628 4572 2781 4627 coire
2826 4589 3162 4643 possumus,
3188 4588 3293 4627 nec
3324 4569 3472 4624 ratio
3503 4565 3621 4621 ulla
3652 4581 3747 4619 ex-

348 4657 487 4732 μὲγα
514 4660 549 4727 ἡ
584 4658 764 4718 στάσις
794 4656 942 4734 φέρει
963 4675 976 4689 ’
1008 4656 1155 4719 τίνάς
1184 4678 1242 4711 τε
1262 4658 1351 4711 καὶ
1374 4658 1669 4726 στασιάζειν
1695 4659 1728 4725 ἢ
1757 4678 1971 4736 συμφρο

2109 4666 2243 4725 stat,
2270 4676 2395 4730 quae
2427 4644 2561 4715 hdie
2591 4662 2793 4715 morbo
2824 4661 3152 4726 medeatur;
3178 4658 3317 4729 quin
3345 4652 3751 4728 potius,quasi
3836 4642 3841 4646 ’

342 4752 447 4813 νεῖν
476 4747 696 4819 ἄμεινον
719 4766 731 4778 ·
763 4749 860 4807 τὰς
888 4749 988 4821 γὰρ
1023 4745 1109 4800 ἐπὶ
1142 4750 1292 4818 κακῷ
1321 4766 1593 4807 συστασεις
1641 4746 1722 4808 τίς
1755 4746 1812 4801 ἂν
1848 4746 1997 4802 ἐπαι-

344 4836 542 4890 νέσειεν
576 4836 631 4890 εὗ
664 4841 877 4913 φρονῶν
905 4853 918 4903 ;

2107 4749 2249 4817 vitii,
2297 4766 2413 4804 non
2464 4751 2719 4815 virtutis,
2754 4751 3019 4804 doctores
3069 4766 3133 4802 ac
3188 4744 3481 4816 discipuli,
3534 4741 3750 4797 multos

2108 4839 2342 4909 quidem
2394 4838 2696 4893 discordia
2746 4838 3033 4908 igniculos
3085 4836 3456 4907 subjicimus,
3512 4845 3751 4902 parvam

348 4932 568 4988 autem.
600 4926 717 4981 imo
750 4924 972 4981 nullam
1014 4925 1250 4980 omnino
1299 4926 1624 4980 concordia:
1672 4942 1874 4981 curam
1922 4927 2202 4998 gerimus.
2238 4932 2303 4980 Et
2331 4934 2484 4982 certe
2514 4927 2747 4981 illorum
2795 4925 3194 4981 contentiones
3243 4930 3299 4978 et
3343 4922 3589 4977 dissidia
3636 4934 3754 4972 non

351 5013 602 5068 multum
635 5013 991 5068 incommodi
1043 5030 1241 5069 secum
1275 5013 1493 5068 vehunt
1527 5030 1538 5069 ε
1575 5014 1693 5069 imo
1742 5015 1916 5069 etiam
1949 5016 2237 5087 quosdam
2284 5015 2586 5083 dissidere,
2622 5032 2799 5086 quam
2833 5019 2984 5070 inter
3012 5032 3074 5069 se
3106 5012 3435 5068 consentire
3485 5013 3755 5081 prastat;

349 5102 482 5172 quis
513 5102 693 5169 enim,
729 5103 840 5158 nisi
872 5102 1086 5157 mentis
1112 5118 1337 5174 expers,
1371 5103 1429 5157 in
1466 5103 1688 5158 malum
1720 5103 1894 5159 initas
1924 5103 2388 5175 conspirationes
2419 5105 2860 5176 comprobarit?

422 5347 535 5435 (79)
583 5346 981 5435 ἶΛγιστάμεναι,
1029 5348 1222 5405 Schol.
1261 5365 1274 5404 :
1323 5346 1634 5405 Ἀνάστατοι
1693 5349 2002 5425 γενόμεναι,

350 5418 437 5471 καὶ
470 5418 859 5491 πορθούμεναι,

424 5489 1061 5565 (8Ο)Ἐυνεληλύθειμεν.
1096 5492 1189 5547 Sic
1240 5492 1380 5565 Reg.
1413 5492 1514 5560 hu,
1547 5492 1642 5549 Or.
1687 5494 1737 5560 1,
1780 5498 1889 5551 etc.
1940 5496 2001 5551 In

352 5565 419 5617 ed
432 5604 471 5636 τ,
506 5560 972 5636 συνεληλύθαμεν.

424 5634 537 5711 (81.)
567 5631 900 5711 Εύ-πραγίαν.
941 5636 1089 5711 Beg:
1123 5635 1181 5711 b,
1216 5631 1522 5711 εὐπραξίαν.
1559 5637 1696 5708 Reg.
1729 5637 1831 5703 hu,
1865 5658 2000 5711 συμ-

353 5702 489 5781 πραξ
500 5702 596 5781 ίανἶ
608 5780 619 5781 7
634 5702 906 5781 Montem,
937 5702 1182 5781 ἆκκᾶλεῖν
1236 5702 1542 5781 εὐπραξίαν.

427 5778 537 5856 (82)
579 5778 679 5837 Καὶ
734 5776 900 5855 νηῶν
941 5776 1312 5854 πληρώματα.
1339 5776 1394 5829 ἰ(
1440 5778 1749 5838 Classiaris
1797 5780 2006 5839 militi-

2120 5354 2248 5421 bus,
2277 5351 2443 5437 ἴχνει,
2467 5375 2495 5403 ‹‹
2528 5354 2857 5410 vectoribus
2904 5356 3133 5437 plenas.
3159 5378 3185 5405 ››
3231 5355 3537 5429 Signiﬁcat
3582 5356 3758 5410 etiam

2118 5446 2169 5550 ut
2201 5423 2465 5495 publicas
2524 5442 2698 5482 naves
2758 5423 2923 5483 omni
2977 5423 3553 5500 hominum'genere
3610 5443 3757 5483 onu-

2115 5513 2141 5551 Β
2172 5513 2255 5551 as.
2290 5517 2317 5544 ›)

2186 5568 2303 5654 (88)
2335 5565 2573 5652 ’A'pxaiv.
2606 5569 2701 5624 Sic
2754 5570 2892 5642 Reg.
2926 5570 3026 5643 hu,
3060 5572 3153 5626 Or.
3200 5572 3249 5636 1,
3301 5575 3358 5625 et
3406 5569 3661 5625 Combef.
3696 5573 3761 5624 In

2114 5639 2227 5705 ed.,
2259 5639 2453 5711 ἀρχάς.

2185 5681 2674 5789 (8ΙῦΓῘξΞρόντίζειν.
2730 5712 2906 5770 Cois].
2964 5717 2989 5769 1
3052 5713 3234 5783 addit,
3301 5708 3612 5789 βούλεσθαι.
3672 5711 3767 5771 Sio

2113 5782 2295 5841 etiam
2326 5782 2568 5857 Hervag.
