4056 6274
412 348 567 411 1135

1650 344 1711 403 8.
1762 341 2133 404 GREGORII
2182 342 2574 408 THEOLOGI

3660 356 3790 421 N36

478 482 567 537 lV.
603 481 718 537 Nos
750 485 941 537 autem
977 480 1024 534 si
1057 478 1187 551 quis
1220 483 1384 550 roget
1415 495 1427 533 :
1455 478 1743 546 Quidnam
1776 481 1865 531 est
1895 493 2024 546 quo:

2174 562 2181 563 7
2240 478 2305 532 Δ’.
2344 478 2517 550 Ἡμᾶς
2552 476 2608 533 δὲ
2639 479 2687 533 εἴ
2740 501 2823 542 τις
2882 481 3193 555 ἐρωτήσειε,
3251 486 3311 539 Τί
3375 488 3439 542 τὸ
3474 491 3787 563 τιμιώμενον

404 573 594 629 colitis
624 576 799 644 atque
829 571 1125 627 adoratis?
1154 573 1492 640 promptum
1540 573 1629 623 est
1678 567 2047 637 respondere,

405 663 560 736 quod
587 663 666 718 sit
686 662 961 717 charitas.
995 659 1224 714 Etenim
1270 664 1335 712 ut
1364 675 1397 712 a
1426 657 1646 728 Spiritu
1680 661 1880 711 sancto
1913 672 2048 726 pro-

406 755 743 810 nuntiatum
792 759 925 809 est:
965 753 1102 806 Deus
1150 755 1337 805 noster
1380 749 1622 804 Charitas
1669 747 1830 817 est“,
1865 762 2050 817 eoque

403 844 639 899 nomine
668 842 876 914 magis,
909 856 1085 912 quam
1120 838 1322 910 quovis
1356 836 1488 901 alio,
1519 836 1859 891 delectatur.
1884 835 2043 898 Quod

402 933 449 988 si
497 937 771 1004 prmterea
802 948 869 985 ex
902 929 1069 984 nobis
1111 928 1464 992 sciscitatur,
1490 941 1620 995 quas
1653 924 1796 995 legis
1827 940 1892 976 ac
1925 939 2048 992 pro-

401 1021 707 1093 phetarum
770 1035 1003 1074 summa
1053 1016 1234 1070 sit”?
1282 1015 1436 1069 haud
1491 1014 1814 1084 quidquam
1864 1010 2044 1080 aliud,

399 1125 574 1181 quam
599 1108 966 1168 charitatem,
986 1104 1340 1175 evangelista
1368 1118 1472 1157 nos
1498 1101 1849 1173 respondere
1870 1100 2040 1154 sinet.

398 1199 544 1263 Quid
575 1197 754 1269 igitur
783 1197 1017 1251 tandem
1053 1210 1240 1249 causa:
1270 1198 1377 1259 est,
1407 1209 1531 1259 cur,
1564 1190 1662 1262 qui
1695 1190 2040 1244 charitatem

398 1287 665 1354 colimus,
701 1285 920 1339 mutuis
954 1282 1102 1338 odiis
1135 1280 1493 1353 flagramus?
1524 1279 1630 1344 Qui
1681 1293 1908 1349 pacem,
1930 1278 2043 1331 im-

394 1374 680 1449 placabile
701 1378 757 1429 et
785 1371 1134 1444 inexpiabile
1160 1370 1378 1425 bellum
1403 1367 1700 1441 gerimus?
1728 1365 1835 1429 Qui
1857 1381 2043 1435 angu-

393 1463 576 1521 larem
632 1463 905 1535 lapidem,
958 1459 1293 1515 dirimimur
1338 1474 1403 1512 ac
1454 1454 1883 1511 distrahimur?
1934 1453 2040 1517 Qui

393 1558 641 1627 petram,
675 1548 1089 1608 concutimur?
1132 1548 1238 1611 Qui
1294 1548 1503 1611 lucem,
1537 1542 1904 1615 caligamus‘?
1933 1542 2039 1606 Qui

389 1643 663 1707 Verbum,
696 1644 858 1696 tanto
906 1654 1114 1693 sumus
1146 1636 1397 1705 silentio,
1431 1639 1533 1689 aut
1564 1633 1903 1698 stoliditate,
1938 1638 2040 1687 aut

393 1735 630 1802 stupore
679 1732 854 1799 atque
900 1725 1187 1788 vecordia,
1229 1729 1347 1793 aut,
1383 1738 1498 1793 quo
1526 1723 1702 1777 verbo
1748 1726 1899 1789 utar,
1931 1737 2037 1775 nc-

394 1819 535 1889 srio,
570 1818 747 1890 pleni,
783 1820 847 1871 ut
894 1831 1026 1869 cum
1078 1813 1211 1877 cibi,
1244 1816 1302 1867 et
1332 1812 1545 1879 somni,
1575 1816 1633 1864 et
1679 1814 1909 1873 cantus,
1943 1826 2038 1864 re-

393 1923 643 1978 rumque
690 1903 1287 1968 obsccenissimarum,
1321 1904 1387 1954 ut
1435 1898 1619 1964 aiunt,
1653 1897 1890 1952 satietas
1938 1898 2037 1963 sit,

393 1995 800 2065 omniumque,
824 2008 941 2047 non
973 1991 1145 2045 modo
1177 1988 1581 2056 molestarum,
1607 1987 1705 2040 sed
1741 1987 1915 2039 etiam
1942 1987 2041 2054 ju-

392 2083 893 2139 cundissimarum
941 2094 1135 2134 rerum
1178 2077 1456 2132 saturitas
1487 2080 1543 2130 et
1574 2075 1872 2127 fastidium
1906 2080 2037 2128 tan-

390 2173 520 2228 dem
572 2172 892 2237 oboriatur,
927 2173 1255 2237 cunctaque
1305 2165 1458 2219 inter
1502 2180 1565 2218 se
1610 2163 1871 2217 vicissim
1922 2163 2036 2216 im-

389 2268 603 2327 meent,
630 2266 686 2315 et
717 2262 1161 2322 convertantur;
1193 2254 1362 2309 nobis
1390 2258 1582 2307 tamen
1616 2268 1722 2306 nec
1754 2253 1908 2315 finis,
1935 2267 2039 2305 nec

388 2351 599 2405 modus
631 2348 708 2403 sit
738 2348 916 2415 ullus,
949 2351 1074 2401 tum
1108 2343 1565 2407 inferendorum,
1589 2346 1715 2395 tum
1749 2340 2037 2411 accipien-

388 2439 597 2494 dorum
645 2436 977 2500 vulnerum,
1028 2450 1141 2488 non
1200 2432 1274 2487 iis
1328 2432 1628 2493 duntaxat,
1664 2429 1759 2499 qui
1809 2429 2035 2483 diversa

388 2528 667 2595 sentiunt,
702 2530 872 2595 atque
911 2524 969 2577 in
1014 2522 1148 2576 fidei
1181 2520 1447 2575 doctrina
1475 2518 1786 2587 dissident,
1814 2517 2037 2586 (minus

386 2617 543 2673 enim
594 2615 868 2670 acerbum
917 2612 969 2665 id
1025 2614 1196 2675 esset,
1231 2625 1296 2663 ac
1338 2607 1519 2672 zelus,
1555 2622 1646 2661 res
1695 2605 2031 2671 laudabilis,

2163 562 2289 634 ὑμῖν
2348 565 2437 619 καὶ
2495 569 2997 642 προσκυνούμενον;
3077 572 3376 650 πρόχειρον
3456 576 3666 632 εἰπεῖν’
3734 581 3789 634 Ἦ

2158 652 2364 725 ἀγάπη.
2420 659 2473 707 Ὁ
2529 656 2628 731 γὰρ
2686 657 2815 718 Θεὸς
2875 660 3034 731 ἡμῶν
3096 664 3131 731 ἡ
3188 664 3371 737 ἀγάπη
3435 665 3564 723 ἐστί.
3623 668 3786 737 Ῥῆσις

2156 746 2253 795 τοῦ
2311 742 2461 817 ἁγίου
2538 745 2886 818 Πνεύματοςι
2964 749 3053 803 καὶ
3120 755 3282 807 τοῦτο
3355 754 3539 829 χαίρει
3596 755 3787 829 μᾶλλον

2160 830 2395 902 ἀκούων,
2428 833 2461 901 ἣ
2511 854 2562 886 τι
2623 831 2783 907 ἄλλο,
2832 838 2859 890 6
2904 836 3034 899 Θεός
3084 841 3217 913 (85).
3266 841 3326 896 Τί
3378 840 3464 897 δαὶ
3517 844 3681 916 νόμου
3708 846 3788 901 καὶ

2155 924 2450 1009 προφητῶν
2485 922 2815 998 κεφάλαιον;
2852 926 2950 980 οὐκ
2979 926 3118 982 ἄλλο
3149 926 3185 997 ἤ
3214 935 3376 986 τοῦτο
3400 937 3784 1009 συγχωρήσειεν

2155 1008 2267 1079 (86)
2318 1010 2345 1062 ὁ
2388 1008 2777 1084 εὐαγγελιστής
2828 1015 3237 1088 ἀποκρίνασθαι.
3282 1019 3342 1073 Τί
3399 1008 3606 1091 δήποτε
3631 1021 3714 1077 οὗν
3742 1024 3786 1078 οἱ

2152 1102 2250 1164 τῆς
2286 1096 2523 1171 ἀγάπης,
2557 1099 2699 1154 οὕτω
2742 1104 2854 1174 (87)
2908 1105 3169 1177 μισοῦμέν
3218 1128 3277 1162 τε
3323 1109 3413 1163 καὶ
3460 1110 3784 1183 μισούμεθας

2153 1184 2243 1237 καὶ
2275 1186 2325 1239 οἱ
2354 1194 2454 1255 τῆς
2496 1187 2739 1261 εἰρήνης,
2772 1190 3125 1265 πολεμοῦμεν
3160 1196 3439 1266 ἀκήρυκτά
3487 1201 3602 1271 (88)
3626 1221 3683 1254 τε
3706 1202 3787 1257 καὶ

2154 1273 2534 1330 ἀκατάλλακτα
2562 1295 2575 1343 ;
2607 1278 2696 1331 καὶ
2728 1279 2780 1333 οἱ
2829 1280 2924 1333 τοῦ
2980 1281 3393 1358 ἀκρογωνιαίου,
3446 1284 3785 1362 διιστάμεθας

2150 1362 2240 1414 καί
2272 1363 2323 1415 οἱ
2352 1370 2453 1432 τῆς
2482 1365 2701 1438 πέτρας.
2735 1367 3023 1440 σειόμεθα;
3056 1371 3145 1425 καὶ
3178 1373 3230 1426 οἱ
3257 1378 3355 1428 τοῦ
3398 1377 3598 1451 φωτὸς,
3644 1376 3788 1432 ἐσκο-

2148 1449 2411 1541 τίσμεθα;
2442 1453 2531 1507 καὶ
2563 1455 2614 1507 οἱ
2646 1460 2742 1509 τοῦ
2774 1452 2970 1532 Λόγου,
3022 1460 3292 1533 τοσαύτης
3341 1449 3499 1536 ἆσμὲν
3550 1472 3721 1541 σιγῆς,
3751 1468 3782 1536 ἢ

2149 1536 2389 1614 ἀλογίας,
2422 1542 2455 1609 ἢ
2484 1542 2887 1614 παραπληξίας,
2917 1548 2976 1615 ἢ,
3004 1548 3103 1603 οὐκ
3135 1548 3239 1604 οἷδ’
3269 1550 3299 1605 6'
3327 1573 3381 1606 τι
3420 1553 3509 1607 καὶ
3546 1536 3788 1627 ὀνομάσω

2151 1628 2336 1719 μεστοί
2361 1627 2547 1719 ’.ὥστε
2572 1638 2782 1705 τροφῆς
2835 1634 2948 1705 μὲν,
2981 1636 3069 1689 καὶ
3102 1636 3292 1711 ὕπνου,
3325 1641 3414 1694 καὶ
3460 1639 3608 1713 ᾠδῆς
3637 1643 3790 1719 κόρος

2147 1715 2279 1788 ἐστὶ,
2312 1716 2400 1770 καὶ
2431 1723 2536 1771 τῶν
2566 1719 2882 1794 αἰσχίστων,
2917 1724 2992 1785 ὡς
3043 1723 3264 1800 λέγουσι
3291 1746 3305 1759 ·
3356 1730 3445 1783 καὶ
3490 1715 3784 1805 πλησμονὴ

2151 1806 2387 1872 πάντων,
2434 1807 2495 1860 οὐ
2546 1813 2651 1862 τῶν
2697 1809 2952 1885 ἀλγεινῶν
3018 1813 3207 1885 μόνον,
3266 1815 3392 1872 ἀλλ’
3421 1816 3528 1887 ἤδη
3568 1821 3657 1874 καὶ
3684 1825 3786 1876 τῶν

2152 1889 2408 1960 ἡδίστων,
2438 1897 2527 1949 καὶ
2558 1898 2729 1951 πάντα
2759 1899 2834 1961 είς
2867 1898 3092 1971 ἄλληλα
3120 1911 3426 1981 περιχωρεῖ
3452 1928 3511 1962 τε
3556 1909 3646 1963 καὶ
3692 1931 3788 1965 πε-

2150 1981 2487 2070 ριτρέπεται·
2548 1987 2683 2056 ἡμῖν
2740 1984 2786 2040 δ’
2842 1986 3017 2050 οὐδεὶς
3073 1990 3201 2066 ὅρος
3256 1999 3352 2047 τοῦ
3413 1994 3639 2070 βάλλειν
3702 1999 3785 2053 καὶ

2152 2069 2467 2144 βάλλεσθαι,
2501 2072 2561 2127 οὐ
2605 2080 2721 2135 τοῖς
2768 2075 3137 2148 ἑτεροδοξοῦσι
3189 2081 3371 2155 μόνον,
3422 2086 3511 2138 καὶ
3540 2088 3675 2141 κατά
3699 2088 3783 2142 τὸν

2145 2164 2245 2226 τῆς
2304 2159 2540 2250 πίστεως
2597 2160 2763 2238 λόγον
2822 2164 3157 2237 διεστηκόσιν
3213 2172 3397 2243 (ἧττον
3455 2175 3555 2250 γὰρ
3618 2175 3676 2229 ἂν
3722 2179 3783 2244 ἦν

2145 2250 2257 2337 (89)
2291 2246 2561 2322 ἀλγεινὸν,
2594 2252 2683 2306 καὶ
2714 2255 2742 2307 6
2777 2252 2966 2324 ζῆλος,
2998 2255 3270 2332 ἀπολογία
3313 2246 3651 2335 πραγμάτων

2147 2336 2569 2409 ἐπαινουμένων,
2603 2339 2689 2394 ἐὰν
2723 2341 2772 2396 ἐν
2803 2342 2952 2419 ὅροις
2980 2346 3197 2415 ἱστῆται
3221 2349 3355 2421 [91])
3384 2367 3397 2381 ⁸
3429 2348 3539 2421 ἤδη
3598 2350 3654 2406 δὲ
3698 2336 3785 2408 καὶ

2144 2431 2260 2489 τοῖς
2296 2426 2585 2519 ὁμοδόξοις
2618 2435 2750 2505 (92),
2779 2435 2869 2488 καὶ
2899 2436 3037 2508 πρὸς
3065 2437 3194 2500 τοὺς
3238 2438 3453 2509 αὐτοὺς,
3507 2441 3597 2496 καὶ
3657 2444 3783 2519 ὑπὲρ

2142 2521 2251 2606 τῶν
2286 2516 2458 2571 αὐτῶν
2493 2523 2834 2591 στασιάζουσι
2862 2529 3041 2581 (τοῦτο
3073 2526 3177 2601 γὰρ
3232 2529 3294 2582 τὸ
3347 2516 3782 2606 μοχθηρότατον,

2150 2603 2176 2673 ἤ
2213 2602 2596 2662 ὲλεεινότατον.

386 2707 557 2762 modo
588 2705 743 2777 intra
775 2704 918 2757 fines
950 2717 1088 2756 suos
1119 2698 1423 2765 consistat,
1457 2698 1515 2750 id
1548 2698 1908 2765 excusaret;)
1943 2711 2142 2750 verum
2177 2695 2248 2750 iis
2280 2713 2511 2769 quoque
2542 2701 2643 2771 qui
2674 2703 2941 2759 eamdem
2990 2706 3165 2759 fidem
3213 2708 3579 2778 profitentur,
3613 2716 3784 2782 atque

383 2797 665 2851 adversus
696 2793 932 2849 eosdem
965 2796 1022 2845 et
1053 2805 1155 2860 pro
1187 2788 1393 2843 iisdem
1426 2786 1850 2841 conﬂictantur.
1889 2786 2002 2839 Uoc
2032 2787 2187 2840 enim
2235 2785 2377 2841 illud
2410 2793 2499 2843 est
2529 2791 2793 2846 omnium
2838 2792 3367 2865 improbissimum,
3400 2804 3502 2854 aut
3532 2804 3784 2856 maxime

381 2884 803 2939 miserandum.

452 2972 517 3026 V.
553 2971 619 3026 Et
649 2987 777 3041 qua:
811 2968 987 3038 hujus
1008 2965 1089 3020 rei
1119 2981 1297 3019 causa
1326 2963 1452 3018 est?
1482 2961 1830 3017 Dominandi
1865 2978 2029 3016 amor

2316 2961 2415 3051 Καὶ
2444 2963 2505 3017 τὸ
2538 2962 2706 3020 αἷίτιον
2738 2965 2828 3035 τίς
2864 2964 3147 3044 Φιλαρχία
3174 2971 3367 3045 τυχὸν,
3413 2970 3450 3041 ἤ
3501 2972 3784 3051 φιλοχρηο

380 3060 647 3125 fortasse,
675 3058 762 3113 vel
793 3072 967 3127 opum
1002 3054 1314 3124 cupiditas,
1349 3050 1436 3106 vel
1486 3050 1650 3115 livor,
1678 3052 1765 3105 vel
1799 3050 2020 3118 odium,

2141 3049 2324 3137 ματία,
2427 3051 2646 3128 φθόνος,
2678 3051 2713 3123 ἤ
2749 3060 2928 3128 μῖσος,
3029 3058 3293 3133 ὑπεροψία
3342 3062 3476 3133 (93),
3576 3083 3627 3116 τι
3672 3068 3781 3119 τῶν

379 3148 463 3204 vel
499 3147 793 3220 superbia,
817 3144 904 3199 vel
935 3144 1154 3213 aliquid
1189 3141 1655 3211 eorum,.quibus
1689 3156 1761 3194 ne
1786 3155 1884 3195 eos
1906 3140 2027 3209 qui-

380 3237 655 3307 dem,qui
713 3237 891 3290 Deum
948 3232 1174 3286 nullum
1227 3234 1456 3301 putant,
1490 3228 1754 3283 laborare
1793 3230 2023 3299 conspi-

379 3327 590 3381 cimus.
627 3325 773 3378 417
812 3322 1093 3391 Quodque
1132 3320 1344 3373 scitum
1377 3324 1433 3372 et
1462 3316 1721 3387 lepidum
1754 3322 1860 3382 est,
1898 3318 2024 3388 ipsa

377 3411 736 3470 calculorum
768 3410 1017 3464 inversio
1039 3412 1144 3463 est.
1170 3407 1315 3461 Nam
1346 3422 1479 3459 cum
1507 3406 2018 3476 deprehendimur,

374 3501 455 3575 pii
488 3507 662 3571 atque
706 3496 1009 3554 orthodoxi
1060 3512 1289 3559 sumus,
1325 3492 1587 3564 falsoque
1617 3494 1687 3547 ad
1716 3495 2020 3550 veritatem

377 3588 769 3659 confugimus,
794 3595 1075 3656 tanquam
1102 3601 1204 3654 pro
1237 3583 1349 3637 ﬁde
1370 3582 1784 3637 contendentes
1810 3599 1821 3636 :
1850 3584 2021 3653 idque

376 3696 582 3745 unum,
602 3684 667 3733 ut
698 3680 757 3731 in
780 3676 971 3739 malis,
998 3674 1165 3729 laude
1198 3674 1463 3744 dignum,
1487 3673 1603 3725 imo
1632 3676 1805 3742 turpe
1825 3674 2020 3728 admo-

374 3768 513 3823 dum
545 3768 812 3831 facimus,
836 3765 990 3837 quod
1020 3763 1224 3817 vitium
1249 3762 1675 3826 erubescentes,
1702 3762 1772 3815 ad
1796 3761 2016 3831 specio-

371 3857 497 3913 sius
544 3856 965 3924 honestiusque
1014 3867 1249 3917 nomen,
1296 3850 1405 3905 boo
1452 3856 1560 3915 est,
1594 3850 1665 3904 ad
1716 3850 2012 3920 pietatem,

366 3947 714 4001 transimus.
741 3942 997 3998 Attonite
1022 3948 1077 3995 et
1096 3939 1441 4011 versipellis,
1465 3939 1672 3992 dixerit
1694 3939 2010 4009 quispiam,

364 4040 423 4089 et
453 4034 611 4105 pravi
645 4033 826 4098 illius,
862 4048 926 4085 ac
956 4029 1077 4083 vitii
1120 4026 1417 4083 architecti
1452 4027 1818 4098 figmentum,
1847 4028 2009 4098 quis-

360 4123 495 4193 quis
541 4138 624 4189 es,
657 4121 757 4191 qui
807 4121 888 4174 ita
936 4119 1206 4181 afficeris,
1258 4123 1377 4184 aut,
1426 4123 1490 4169 ut
1538 4116 1729 4169 verius
1778 4116 2004 4187 loquar,

354 4210 794 4266 amentissime:
824 4209 915 4263 hic
944 4207 1047 4261 tibi
1084 4206 1356 4260 hesterno
1388 4205 1481 4257 die
1514 4204 1646 4273 pius
1678 4210 1828 4271 erat;
1862 4222 2001 4274 quo-

352 4314 486 4353 nam
522 4298 703 4370 igitur
734 4302 900 4370 pacto
934 4296 1103 4349 hodie
1134 4294 1352 4364 impius
1384 4298 1490 4357 est,
1515 4309 1645 4346 cum
1671 4309 1774 4347 nec
1804 4296 1996 4364 verbo,

2137 3136 2234 3191 ὅσα
2268 3136 2409 3209 μηδὲ
2437 3139 2563 3202 τοὺς
2594 3141 2783 3205 ἀθέους
2817 3145 3032 3219 ὁρῶμεν
3064 3147 3374 3221 πάσχοντας
3400 3168 3412 3180 ’
3465 3150 3554 3204 καὶ
3583 3151 3644 3205 τὸ
3676 3158 3782 3227 χά-

2137 3230 2334 3313 ριεν,ᾼὴ
2392 3249 2499 3283 των
2555 3232 2749 3308 ψήφων
2813 3234 3091 3306 μετάθεσις
3139 3238 3271 3309 (94).
3335 3240 3494 3293 Ὅταν
3534 3238 3780 3313 ἁλῶμεν,

2135 3310 2371 3405 εὐσεϐεῖς
2440 3315 2596 3391 ἐσμεν
2672 3321 2759 3375 καὶ
2835 3320 3137 3398 ὀρθόδοξοι,
3206 3325 3295 3380 καὶ
3373 3310 3780 3405 καταφεύγομεν

2132 3400 2342 3476 ψευδῶς
2394 3404 2480 3460 ἐπὶ
2527 3408 2624 3475 τήν
2677 3408 2958 3482 ἀλήθειαν,
3011 3413 3085 3475 ὡς
3133 3414 3265 3488 ὑπὲρ
3297 3400 3533 3479 πίστεως
3561 3400 3781 3474 στασιά-

2133 3497 2352 3560 ζοντες·
2404 3496 2491 3549 καὶ
2542 3501 2701 3551 τοῦτο
2752 3498 2917 3571 μόνον
2961 3498 3231 3558 ἰπαινετὸν
3286 3508 3573 3578 ποιοῦμεν,
3614 3506 3688 3568 ὡς
3722 3506 3778 3563 ἐν

2128 3587 2342 3653 κακοῖς,
2376 3581 2421 3636 εί
2457 3585 2531 3656 μή
2563 3586 2652 3639 καὶ
2686 3585 2805 3641 λίαν
2837 3587 3087 3664 αἰσχρὸν,
3120 3590 3202 3646 ὅτι
3257 3594 3358 3662 τὴν
3411 3594 3598 3650 κακίαν
3660 3594 3782 3670 ἐρυ-

2130 3674 2403 3756 θριῶντες,
2464 3672 2552 3727 ἐπὶ
2610 3674 2930 3752 σεμνότερον
2982 3673 3155 3751 ὄνομα
3212 3677 3621 3756 μεταϐαίνομεν,
3668 3686 3774 3754 τήν

2127 3753 2395 3814 εὐσέϐειαν
2453 3762 2585 3835 (95).
2645 3760 3013 3840 Ἐμὸρόντητε
3056 3768 3143 3822 καὶ
3176 3770 3489 3843 πολύτροπε
3509 3753 3662 3827 εἷ’ποι
3686 3753 3777 3836 τις

2126 3844 2207 3915 ἃν,
2250 3848 2337 3901 καὶ
2390 3846 2619 3922 πλάσμα
2673 3858 2769 3906 τοῦ
2820 3859 3070 3930 Πονηροῦ
3126 3857 3214 3911 καί
3253 3862 3351 3912 τοῦ
3382 3866 3639 3937 σοφιστοῦ
3671 3870 3777 3932 τῆς

2120 3934 2331 4008 κακίας,
2363 3936 2508 3998 ὅστις
2537 3940 2669 3993 ποτε
2700 3941 2746 3995 εἶ
2776 3942 2803 3995 6
2842 3947 3003 3997 τοῦτο
3035 3945 3287 4019 πάσχων,
3318 3943 3375 4015 ἤ,
3402 3934 3470 4001 τό*
3513 3969 3575 4023 γε
3625 3948 3773 4020 ἀλη-

2120 4023 2365 4111 θέστερον
2415 4025 2603 4098 εἰπεῖν,
2652 4028 3003 4100 ἀνοητότατεσ
3062 4032 3218 4095 οὗτός
3250 4055 3333 4089 σοι
3365 4037 3495 4111 χθὲς
3526 4040 3590 4107 ἤν
3625 4039 3775 4094 εὗσε-

2117 4108 2241 4179 6ης,
2274 4114 2363 4167 καὶ
2394 4120 2508 4177 πῶς
2542 4113 2740 4186 ἀσεϐής
2773 4122 3036 4196 σήμερον,
3083 4120 3251 4194 μηδὲν
3296 4108 3566 4200 προσθεὶς,
3620 4126 3771 4199 μηδὲ

2115 4201 2349 4277 ἀφελῶν,
2386 4206 2524 4275 μήτε
2555 4204 2783 4280 ῥήματι,
2813 4211 2952 4281 μήτε
2999 4213 3275 4286 πράγματι
3334 4216 3467 4287 (96),
3514 4215 3642 4270 ἀλλ’
3671 4216 3768 4271 ἐπὶ

2108 4294 2216 4344 τῶν
2271 4292 2447 4347 αὐτῶν
2504 4293 2823 4368 ἱστάμενος*
2886 4297 2944 4361 ὅς
2997 4300 3217 4355 ἀναπνεῖ
3269 4302 3361 4357 τὸν
3414 4303 3574 4359 αὐτὸν
3605 4306 3765 4379 ἀέρα,

347 4404 452 4442 nec
509 4404 590 4455 re,
650 4386 973 4459 quidquam
1020 4384 1109 4437 vel
1169 4380 1478 4444 addiderit,
1518 4381 1605 4434 vel
1662 4381 1991 4449 detraxerit,

2144 4380 2195 4431 αἱ
2251 4386 2367 4443 τοῖς
2428 4381 2608 4445 αὐτοῖς
2665 4379 2876 4458 ὄμμασι
2930 4383 3265 4461 προσϐλέπει
3319 4394 3437 4463 (97)
3471 4393 3564 4447 τὸν
3593 4394 3763 4450 αὐτὸν

348 4434 451 4442 -νν
510 4434 590 4455 --ι
653 4434 973 4459 τ---η--ςη
1175 4434 1235 4436 νγ
1466 4434 1476 4444 ι
1746 4434 1749 4435 ν

344 4476 445 4531 sed
480 4476 537 4530 in
571 4476 773 4531 eadem
807 4472 940 4527 fidei
992 4469 1282 4527 sententia
1327 4469 1561 4534 hmreat,
1592 4470 1861 4523 eumdem
1896 4487 1988 4524 ae-
2022 4491 2024 4497 ε

2145 4466 2259 4522 λιον
2289 4488 2300 4500 ’
2338 4470 2382 4524 εἰ
2417 4434 2607 4547 βούλει
2648 4434 2726 4542 δὲί,
2749 4434 2831 4537 :6:

341 4579 463 4618 rem
496 4564 741 4628 exhalet,
775 4562 985 4617 iisdem
1036 4557 1219 4614 oculis
1265 4558 1531 4611 eumdem
1564 4556 1747 4631 golem
1798 4558 1989 4629 inspi.

2141 4558 2299 4627 quiq,
2349 4560 2448 4615 οὐκ
2500 4560 2640 4617 ἄλλο
2689 4584 2741 4617 τι
2797 4562 2833 4634 ἤ
2881 4566 3072 4621 ταυτὸν
3124 4567 3507 4644 ἀποκρίνεται;
3574 4556 3763 4627 Ἀλλά

336 4651 495 4707 ciat?
528 4658 659 4720 Aut,
685 4650 733 4707 si
767 4649 970 4714 mavis,
993 4651 1277 4718 tanquam
1309 4646 1380 4700 de
1413 4646 1675 4701 numeris
1697 4652 1797 4701 aut
1826 4663 1986 4703 men-

2141 4645 2181 4699 ιὶ
2239 4649 2438 4724 πὸρνος
2495 4672 2579 4705 σοι
2638 4653 2900 4728 σήμερον,
2960 4656 2987 4710 ὁ
3037 4655 3758 4736 χθὶςἸωσ-ἠφ(προϐαίνει

399 4849 445 4885 ⁸⁴
476 4849 498 4905 Ι
527 4849 696 4905 Joan.
733 4866 807 4917 1v,
843 4848 928 4903 16.
1004 4846 1049 4881 ⁸⁸
1081 4843 1286 4900 Matth.
1320 4860 1459 4915 xxn,
1491 4842 1563 4897 36
1593 4859 1723 4915 sqq.

2152 5032 2546 5111 (9979173399-
2583 5035 2718 5111 Ριθεε
2754 5038 2871 5105 bm.
2905 5036 3132 5111 ῖσεαταιε

2154 5101 2261 5187 έὲἓέ)
2290 5101 2952 5187 ῘρμοδάξφεοέΜρριεδ-ι,
2974 5108 3306 5187 δρορδόξοις.

2290 5174 2599 5257 ιζπεροψίοι.
2635 5178 2804 5257 qusl.
2841 5184 2892 5253 1,
2925 5174 3156 5257 ρπὸψία.

2078 5317 2090 5328 ⁸
2147 5248 2261 5329 (94)
2309 5247 2521 5321 Ψήφων
2580 5247 2887 5329 μετάθεσις.
2935 5247 3371 5329 ῌίο’ᾗοιο11ἱεὶίι
3414 5254 3745 5328 Gregorius

2065 5318 2597 5405 jiidiciargquaeper
2626 5321 2880 5405 calculos
2911 5325 3049 5405 olim
3084 5318 3438 5405 ferebantur.

2436 5382 2726 5465 εὐσέϐειαν,
2759 5394 2852 5450 Or.
2889 5401 2938 5465 1,
2973 5396 3047 5457 εἷς
3083 5398 3180 5465 τήν
3214 5394 3510 5451 εὐσέοειαν.

2141 5461 2255 5544 (96)
2286 5460 2585 5544 Ῥήματι...
2620 5460 3044 5542 πράγματιίΟΓ.
3079 5460 3316 5544 1,’ῥῆμά
3341 5488 3464 5525 τι...
3497 5468 3743 5544 πρᾶγμά

2066 5552 2140 5586 τι.
2166 5532 2319 5605 fles”
2345 5532 2574 5605 γράμμα
2600 5532 2675 5591 τι.

2139 5601 2640 5684 (ςξΖῌΙροσϐλίπει.
2683 5609 2775 5665 Sic
2822 5611 2962 5684 Reg.
3011 5612 3112 5682 hu,
3167 5615 3227 5667 et
3273 5615 3365 5668 0r.
3398 5612 3451 5667 1.
3487 5612 3550 5668 In
3604 5613 3742 5682 ed.,

2062 5668 2384 5750 προϐλὲπὲι.

394 5035 503 5108 (85)
535 5035 799 5103 Ἀκούων,
830 5034 865 5104 ἢ
895 5055 947 5108 τι
973 5030 1134 5108 ἄλλο,
1162 5031 1213 5108 _6
1273 5027 1555 5108 @séc._§_ic
1607 5030 1746 5103 Reg.
1782 5031 1880 5102 hu,
1916 5037 1972 5089 et

319 5100 418 5162 Or;
456 5100 504 5163 1’.
541 5110 599 5163 In
634 5110 750 5173 ed.,
784 5100 993 5162 ἀκούων
1028 5105 1055 5158 6
1087 5102 1235 5169 Θεὸς,
1265 5102 1300 5170 ἢ
1332 5122 1382 5155 τι
1417 5100 1577 5157 ἄλλο.

388 5180 501 5250 (86)
534 5183 977 5255 Συγχωρήσιιεν.
1019 5179 1112 5255 _S_i_c
1159 5193 1266 5231 nos
1316 5192 1448 5255 cum
1493 5176 1740 5255 Mpntac.
1776 5175 1876 5231 Or.
1916 5178 1965 5243 1,

316 5246 718 5325 συγχωρήσειν,
745 5246 943 5325 'prave.
974 5250 1118 5325 Alii,
1137 5246 1488 5325 συγχωρήσει
1516 5248 1694 5325 _EDl'r.

480 5316 685 5389 )Ὀῦτω
716 5316 878 5380 deest
909 5328 967 5379 in
1002 5316 1355 5393 quibusdam
1374 5316 1554 5393 _co_dd.

526 5395 851 5487 LA‘x'rjpuxfa.
879 5387 1037 5487 Reg.-
1058 5394 1156 5446 bm
1190 5387 1511 5487 prmm‘i‘ttit‘,
1544 5387 1655 5487 xii],

401 5459 726 5540 89)Γάρἒ
762 5468 849 5535 ἦν.
879 5459 1000 5522 Sic“
1023 5480 1131 5518 nos
1179 5459 1311 5515 cum
1360 5459 1541 5514 0r.1.
1587 5459 1728 5514 Editi
1784 5462 1958 5517 omit-

304 5538 457 5604 tunt,
492 5536 573 5594 ἂν,
603 5536 768 5596 Ἐοιτ,

372 5598 483 5691 (90)
518 5607 819 5691 ’Δπολογία
865 5603 1223 5684 πραγμάτων.
1258 5601 1533 5667 Montac.,
1577 5598 1628 5653 ἐν
1680 5601 1955 5680 ἀπολογίᾳ

298 5683 523 5757 πρᾶγμα
559 5683 690 5736 τῶν.
