4056 6274
305 425 459 485 1137

1438 422 1731 483 ORATIO
1774 422 1963 483 XXll.
1996 455 2071 467 —
2105 425 2204 483 DE
2251 420 2447 482 PACE
2490 422 2564 483 Il.

3547 416 3702 481 1138

302 554 404 630 γὰρ
434 556 523 610 καὶ
558 556 724 632 μέχρι
753 554 963 610 τούτων
996 556 1032 623 ἡ
1066 549 1195 628 ἔρις,
1229 553 1409 630 ὥσπερ
1439 574 1522 614 τις
1553 550 1687 630 φλὸξ
1719 551 1808 608 διὰ
1849 574 1942 607 κα-

2061 556 2211 612 suris
2233 557 2646 629 interrogatus,
2661 557 2815 612 idem
2840 557 3010 627 plane
3027 552 3414 627 respondeat?
3434 557 3510 607 At
3529 554 3701 608 etiam

308 644 491 716 λάμης
522 642 734 711 θέουσα,
766 643 854 698 καὶ
901 643 968 697 τὰ
1014 640 1203 714 κύκλῳ
1261 635 1803 716 περιλαμϐάνουσα)’
1856 641 1946 695 καὶ

301 729 508 794 Ἰούδας
595 734 854 806 σήμερον,
915 731 949 799 ἢ
1004 730 1259 803 Καϊάφας,
1323 731 1350 784 ὁ
1422 729 1551 804 χθὲς
1627 728 1837 795 Ἠλίας,
1910 728 1945 797 ἥ

303 821 583 889 Ἰωάννης,
730 842 814 882 τις
869 817 1038 880 ἄλλος
1085 824 1194 873 τῶν
1245 819 1381 891 μετά
1428 822 1661 893 Χριστοῦ
1688 816 1947 893 τεταγμέ-

302 931 434 976 νων,
464 909 553 963 καὶ
583 910 682 977 τήν
716 909 880 977 αὐτὴν
917 909 1091 978 ζώνην
1120 908 1529 983 περικειμένων,
1578 906 1667 961 καὶ
1711 906 1774 960 τὸ
1821 906 1949 961 αὐτὸ

303 998 704 1073 ἀμπεχομένων
766 998 920 1076 φαιὸν
979 994 1014 1064 ἤ
1079 995 1246 1069 μὲλαν
1278 991 1592 1072 τριϐώνιον,
1624 994 1655 1049 ὅ
1685 996 1947 1067 σεμνότης

309 1088 427 1162 βίου
472 1082 842 1160 προϐάλλεται
898 1090 1031 1158 (98),
1081 1087 1216 1140 κατά
1260 1106 1321 1160 γε
1356 1085 1448 1139 τὸν
1476 1084 1606 1157 ἐμὸν
1638 1084 1808 1157 νόμον
1857 1084 1946 1139 καὶ

304 1175 469 1250 λόγον
521 1178 653 1248 (99).
706 1175 803 1230 Καὶ
850 1176 911 1229 τὸ
957 1173 1125 1229 καλὸν
1180 1172 1338 1237 ἄνθος
1385 1177 1493 1227 τῶν
1543 1172 1790 1246 ὑψηλῶν,
1846 1175 1945 1241 τήν

299 1264 616 1339 ὠχρότητα,
648 1262 683 1333 ἤ
714 1265 776 1318 τὸ
805 1266 905 1333 τῆς
947 1270 1134 1340 φωνῆς
1187 1259 1438 1317 εὔτακτον
1483 1262 1572 1317 καὶ
1622 1261 1878 1337 ἡσύχιον,
1908 1260 1944 1330 ἤ

297 1353 360 1408 τὰ
393 1358 488 1407 τοῦ
525 1351 852 1427 βαδίσλατος
884 1347 1135 1427 ἐμϐριθὲς
1166 1373 1226 1406 τε
1253 1352 1343 1406 καὶ
1376 1352 1601 1426 ἣμερον,
1660 1352 1789 1425 χθὲς
1850 1350 1944 1422 μὲν

301 1441 647 1520 φιλοσοφίαν,
679 1443 917 1517 σήμερον
969 1439 1026 1495 δὲ
1057 1438 1363 1510 κενοδοξίαν
1406 1438 1943 1515 προσηγορεύσαμενο

299 1533 388 1587 καὶ
415 1532 515 1599 τὴν
549 1530 715 1599 αὐτὴν
747 1531 881 1585 κατά
909 1529 1228 1602 πνευμάτων
1262 1526 1299 1598 ἤ
1331 1528 1503 1584 νόσων
1535 1526 1785 1601 δύναμιν,
1815 1530 1946 1583 ποτε

302 1621 397 1692 μὶν
430 1624 508 1691 τῷ
542 1620 744 1689 Ἰησοῦ,
778 1618 909 1673 ποτὲ
940 1615 997 1673 δὲ
1026 1622 1105 1690 τῷ
1137 1612 1475 1687 Βεελζεϐοὺλ
1506 1618 1943 1692 προσεθήκαμεν,

294 1709 384 1764 καὶ
415 1709 683 1784 χρώμεθα
711 1710 788 1780 (1)
820 1706 1025 1762 τούτων
1051 1707 1112 1762 ού
1145 1704 1326 1777 δικαίᾳ
1355 1706 1584 1779 στάθμῃ,
1614 1709 1684 1780 τῇ
1706 1702 1945 1784 φιλονει-

296 1798 389 1868 κίᾳ
418 1798 507 1853 καὶ
532 1797 612 1869 τῷ
642 1798 820 1869 θυμῷ.

2058 646 2230 701 hodie
2258 646 2610 702 libidinosus
2630 652 2687 701 et
2717 652 3004 701 scortator
3031 645 3137 699 tibi
3168 649 3275 711 est,
3300 642 3400 714 qui
3432 642 3704 697 hesterno

2060 734 2153 788 die
2184 735 2399 805 Joseph
2433 741 2556 790 erat
2577 735 2715 806 (huc
2746 736 2901 789 enim
2934 750 3121 804 usque
3153 732 3446 788 contentio
3470 747 3704 802 progre-

2060 822 2238 888 ditur,
2260 824 2430 895 quasi
2457 823 2695 879 flamma
2716 824 2983 894 quaedam
3010 839 3112 893 per
3135 819 3415 892 stipulam
3440 835 3705 888 currens,

2061 927 2126 965 ac
2158 912 2408 966 ﬁnitima
2454 912 3009 983 comprehenderis);
3059 916 3115 965 et
3160 910 3342 965 Judas
3391 910 3585 972 hodie,
3619 908 3702 962 vel

2058 1000 2332 1071 Caiphae,
2366 1001 2464 1070 qui
2526 1002 2650 1056 heri
2710 1002 2882 1069 Elias,
2923 1007 3025 1055 aut
3071 1000 3348 1069 Joannes,
3397 1004 3498 1052 aut
3553 998 3706 1052 alius

2061 1090 2351 1159 quispiam
2382 1107 2450 1144 ex
2481 1090 2596 1157 his,
2618 1090 2719 1160 qui
2752 1091 2823 1143 ad
2856 1089 3069 1144 Christi
3102 1092 3298 1159 partes
3327 1102 3389 1141 se
3420 1087 3706 1156 adjunxe-

2060 1183 2216 1243 runt,
2250 1184 2305 1232 et
2334 1182 2536 1233 eadem
2584 1196 2729 1233 zona
2778 1177 3020 1233 accincti
3072 1182 3232 1240 sunt,
3256 1181 3431 1246 atque
3479 1175 3705 1238 eodem,

2057 1265 2146 1320 vel
2180 1266 2362 1331 fusco,
2388 1266 2476 1321 vel
2507 1271 2633 1322 atro
2666 1266 2841 1338 pallio
2868 1265 3139 1334 contecti,
3164 1264 3334 1334 quale
3354 1264 3473 1318 vita
3502 1267 3708 1317 sancta

2056 1360 2113 1408 et
2162 1355 2379 1426 gravis,
2414 1371 2544 1409 mea
2594 1356 2829 1425 quidem
2853 1353 2978 1425 lege
3017 1369 3082 1407 ac
3113 1351 3420 1417 sententia,
3454 1356 3704 1421 praeten—

2057 1444 2164 1498 dit.
2200 1443 2349 1509 Quin
2380 1444 2557 1498 etiam
2592 1444 2903 1514 pulchrum
2953 1442 3119 1496 illum
3171 1440 3515 1495 sublimium
3547 1439 3703 1493 viro-

2058 1549 2187 1585 rum
2222 1532 2441 1600 ﬂorem,
2479 1532 2581 1586 hoc
2625 1540 2735 1599 est,
2768 1532 3070 1603 pallorem,
3099 1536 3201 1585 aut
3230 1528 3616 1598 compositam
3645 1534 3705 1582 et

2057 1622 2315 1692 quietam
2359 1621 2636 1692 loquendi
2680 1622 2988 1684 rationem,
3022 1626 3124 1675 aut
3151 1620 3418 1674 incessus
3447 1617 3704 1688 gravita-

2055 1714 2173 1764 tem
2204 1725 2339 1764 cum
2380 1710 2832 1765 mansuetudine
2862 1710 3256 1779 conjunctam,
3286 1706 3411 1761 heri
3441 1704 3704 1776 philoso-

2056 1796 2278 1867 phiam,
2311 1796 2485 1852 hodie
2516 1797 2708 1852 inanis
2747 1797 2941 1869 gloriae
2987 1796 3251 1851 studium
3300 1794 3701 1865 appellamus;

295 1894 470 1959 atque
498 1888 766 1944 eamdem
798 1889 1079 1943 adversus
1111 1885 1298 1942 malos
1328 1884 1573 1956 spiritus
1618 1890 1723 1940 aut
1767 1886 2001 1940 morbos
2032 1886 2370 1955 potentiam,
2405 1903 2559 1941 nunc
2598 1887 2758 1952 Jesu,
2790 1903 2944 1941 nunc
2974 1884 3276 1942 Beelzebul
3327 1883 3702 1953 ascribimus,

292 1982 348 2033 et
377 1976 580 2048 iniqua
610 1993 807 2032 rerum
839 1977 1049 2032 harum
1080 1975 1297 2046 regula,
1328 1974 1436 2030 hoc
1465 1978 1572 2043 est,
1603 1975 1976 2030 contentione
2005 1980 2181 2045 atque
2211 1974 2536 2045 iracundia,
2570 1976 2812 2031 utimur.

374 2065 434 2134 ζ’.
473 2064 573 2121 Καὶ
607 2062 788 2138 ὥσπερ
817 2066 852 2132 ἡ
913 2063 1047 2131 αύτή
1108 2069 1180 2137 γῆ
1229 2059 1424 2131 ἕστηκε
1473 2062 1566 2134 μὲν
1614 2066 1730 2122 τοῖς
1779 2061 1947 2135 ἐρῥω-

2132 2066 2224 2118 νι.
2261 2066 2329 2119 Et
2357 2065 2859 2133 quemadmodum
2909 2065 3112 2119 eadem
3161 2068 3315 2118 terra
3360 2062 3523 2117 sanis
3570 2062 3701 2132 qui-

304 2154 505 2226 μὲνοις,
534 2151 623 2207 καί
690 2152 751 2207 οὐ
799 2152 1114 2220 πεπονθόσι,
1158 2155 1382 2206 κινεῖται
1431 2148 1487 2205 δὲ
1514 2155 1632 2212 τοῖς
1666 2148 1943 2226 ἴλιγγιῶσι

297 2242 388 2297 καὶ
445 2240 949 2315 περιτρεπομένοις,
1006 2245 1103 2295 τοῦ
1144 2244 1252 2295 τῶν
1315 2238 1552 2315 ὀρόντων
1602 2238 1804 2300 πάθους
1858 2239 1945 2293 ἐπὶ

297 2332 360 2387 τὸ
392 2331 672 2406 ὁρώμενον
711 2324 1124 2401 μεταϐαῖνοντος
1151 2349 1163 2360 ·
1206 2327 1253 2382 εἶ
1290 2327 1476 2403 βούλει
1525 2326 1603 2399 δὲ,
1656 2326 1835 2401 ὥσπερ
1881 2328 1945 2382 τὸ

298 2418 428 2472 αὐτὸ
456 2422 564 2473 τῶν
598 2417 794 2472 κιόνων
826 2414 1119 2488 διάστημα,
1150 2416 1340 2473 πλεῖον
1380 2416 1472 2489 μὲν
1514 2420 1628 2477 τοῖς
1676 2416 1945 2491 ἐγγυτέρω

296 2506 387 2560 καὶ
416 2503 762 2581 προσεχέσιν,
790 2503 1012 2560 ἔλαττον
1047 2503 1102 2559 δὲ
1139 2510 1254 2567 τοῖς
1302 2503 1636 2580 πορῥωτέρω
1696 2508 1773 2577 (2)
1829 2504 1947 2581 φαί-

297 2615 463 2664 νεται,
524 2592 893 2667 κλεπτομένου
949 2592 1045 2648 τοῦ
1101 2593 1257 2669 ἀέρος
1313 2597 1393 2665 τῷ
1451 2590 1799 2666 διαστήματι,
1857 2592 1945 2647 καὶ

299 2682 677 2753 συναπτούσης
734 2691 835 2752 τῆς
896 2680 1074 2757 ὄψεως
1129 2683 1196 2738 τά
1250 2681 1575 2758 παχύτερα·
1660 2682 1803 2736 οὕτω
1858 2682 1947 2736 καὶ

299 2773 461 2844 ἡμεῖς
522 2769 723 2847 ῥᾳδίως
782 2771 1167 2845 ἐξαπατώμεθα
1216 2775 1294 2843 (3)
1354 2768 1444 2825 διὰ
1479 2772 1575 2839 τὴν
1605 2768 1826 2847 ἔχθραν,
1859 2771 1947 2825 καὶ

302 2861 427 2933 περὶ
456 2865 567 2915 τῶν
626 2861 799 2916 αὐτῶν
860 2861 920 2916 ού
977 2861 1045 2915 τὰ
1089 2860 1223 2915 αὐτὰ
1267 2862 1368 2934 (4),
1396 2858 1546 2938 φίλοι
1598 2881 1657 2915 τε
1681 2856 1828 2921 ὄντες
1858 2861 1948 2914 καὶ

308 2950 407 3021 μὴ,
438 2968 816 3025 γινώσκομεν·
875 2949 965 3004 καὶ
1014 2954 1321 3025 χειροτονεῖ
1370 2947 1572 3024 ῥᾳδίως
1619 2952 1753 3021 ἡμῖν
1805 2948 1951 3003 πολ-

306 3036 438 3099 λοὺς
476 3039 568 3110 μὶν
604 3039 813 3112 ἁγίους,
846 3036 1094 3098 πολλοὺς
1126 3035 1172 3091 δ’
1196 3037 1387 3101 ἀθέους
1429 3038 1576 3111 παρὰ
1621 3037 1683 3091 τὸ
1734 3036 1875 3099 εἰκὸς
1922 3038 1951 3091 ὁ

303 3127 490 3200 καιρὸς
534 3129 632 3198 (5),
667 3126 878 3198 μᾶλλον
910 3125 967 3180 δὲ
997 3126 1197 3187 πάντας
1243 3125 1494 3187 ἀθλίους·
1548 3125 1610 3179 ού
1663 3126 1825 3197 μόνον
1874 3131 1952 3197 τῷ

303 3217 439 3287 πρὸς
496 3214 734 3285 πονηρὸν
784 3211 1130 3289 παράδειγμα
1171 3215 1248 3286 (6)
1299 3211 1519 3289 βλέπειν
1561 3216 1707 3285 ἡμᾶς
1738 3212 1949 3286 (ἐπειδή

302 3303 599 3379 πρόχειρον
649 3306 726 3375 (7)
766 3305 800 3371 ἡ
859 3302 1021 3357 κακία
1048 3303 1136 3356 καὶ
1183 3299 1316 3376 δίχα
1358 3306 1457 3357 τοῦ
1493 3298 1795 3374 ἕλκοντος),
1826 3302 1951 3357 ἀλλ’

306 3391 389 3446 ὅτι
444 3390 533 3445 καὶ
574 3396 702 3445 πᾶσι
752 3392 926 3445 πάντα
970 3388 1367 3465 συγχωρούμεν
1407 3389 1639 3463 ἑτοίμως
1669 3391 1799 3465 ὑπὲρ
1832 3391 1949 3452 ἑνὸς

302 3484 401 3535 τοῦ
458 3478 851 3553 συμμαίνεσθαι
1048 3478 1143 3533 Καὶ
1185 3478 1447 3554 πρότερον
1496 3479 1589 3551 μὲν
1644 3477 1767 3534 οὐδὲ
1799 3479 1950 3555 ῥῆμα

301 3573 408 3623 τῶν
466 3572 733 3642 περιττῶν
782 3590 833 3622 τι
886 3570 1205 3647 φθέγγεσθαι
1260 3572 1366 3623 τῶν
1401 3566 1694 3623 ἀκινδύνων
1722 3570 1802 3637 ἣν,
1860 3574 1948 3623 νῦν

304 3654 362 3712 δὲ
393 3656 794 3730 λοιδορούμεθα
817 3659 907 3713 καὶ
936 3664 1053 3719 τοῖς
1103 3651 1499 3719 εύσεϐεστάτοις
1524 3677 1536 3690 ·
1570 3658 1660 3712 καὶ
1690 3658 1821 3712 ποτὲ
1855 3661 1947 3728 μὲν

303 3744 417 3802 οὐδ’
449 3748 834 3821 ἀναγινώσκειν
865 3743 964 3817 ἔξω
995 3746 1159 3819 νόμον
1202 3750 1278 3817 (9)
1323 3746 1467 3816 ἐξῆν,
1502 3744 1621 3801 ούδὶ
1648 3746 1951 3821 ὁμολογίας

305 3835 678 3892 ἰπικαλεῖσθαι
734 3835 819 3908 (τὸ
873 3833 931 3889 δὲ
980 3835 1139 3901 ἐστιν,
1193 3834 1270 3897 ὡς
1320 3833 1445 3906 ἐμοὶ
1497 3832 1664 3901 δοκεῖ,
1714 3836 1812 3902 τὴν
1854 3840 1951 3888 τοῦ

306 3920 441 3978 λαοῦ
474 3923 881 3998 συγκατάθεσιν)
911 3942 923 3956 ·
955 3928 1045 3978 νῦν
1080 3921 1137 3978 δὲ
1166 3923 1256 3977 καὶ
1306 3927 1413 3976 τῶν
1461 3922 1784 3998 ἀποῤῥήτων
1832 3929 1949 3985 τοῖς

309 4007 572 4087 βεϐήλοις
628 4012 893 4086 χρώμεθα
949 4009 1275 4080 διαιτηταῖς,
1336 4010 1648 4086 ῥιπτοῦντες
1707 4012 1773 4065 τὰ
1821 4011 1951 4084 ἆγια

302 4106 419 4163 τοῖς
498 4100 642 4167 κυσὶ,
717 4100 807 4154 καὶ
888 4099 1144 4175 βάλοντες
1224 4098 1351 4162 τοὺς
1438 4099 1766 4175 μαργάρίτας
1850 4096 1947 4172 ἔμ-

304 4192 532 4263 προσθεν
583 4194 689 4243 τῶν
748 4189 977 4264 χοίρων.
1034 4189 1110 4246 Οὐ
1158 4190 1321 4261 μόνον
1384 4186 1461 4260 δὲ,
1522 4186 1668 4243 ἀλλά
1712 4188 1802 4242 καὶ
1854 4188 1949 4251 τὰς

304 4280 466 4341 ἀκοὰς
526 4279 698 4333 αὐτῶν
744 4278 1005 4351 tmen“
1063 4284 1182 4340 ταῖς
1239 4279 1354 4333 κατ’
1412 4277 1677 4349 ἀλλήλων
1724 4274 1947 4354 ὕϐρεσι·

305 4368 395 4423 καὶ
431 4365 543 4423 οὐδ’
575 4367 746 4423 ἐκεῖνο
803 4365 1073 4440 δυνάμεθα
1128 4373 1375 4443 συνορᾷν,
1426 4368 1509 4422 ’ὁτι
1559 4367 1659 4422 οὐκ
1713 4367 1949 4446 ἀσφαλὲς

302 4456 475 4512 ’ὁπλον
529 4457 710 4532 ἐχθρῷ
768 4457 1059 4523 πιστεύειν,
1120 4454 1245 4511 οὐδὲ
1304 4460 1549 4529 μισοῦντι
1601 4456 1950 4531 Χριστιανοὺς

300 4546 436 4601 κατά
480 4550 805 4618 Χριστιανοῦ
866 4544 1047 4621 λόγον.
1103 4548 1167 4599 Ὅ
1220 4546 1323 4621 γὰρ
1382 4547 1621 4617 σήμερον
1677 4542 1952 4600 ὠνειδίσα-

308 4656 401 4708 μεν
460 4634 645 4710 αὔριον
707 4633 1137 4705 ώνειδίσθημεν·
1196 4634 1285 4688 καὶ
1346 4634 1511 4688 σαίνει
1560 4634 1623 4688 τὸ
1656 4634 1951 4708 λεγόμενον

304 4724 333 4777 ὁ
365 4723 586 4799 ἐχθρὸς,
638 4722 736 4777 οὐκ
793 4722 878 4777 ὅτι
926 4722 1149 4789 ἐπαινεῖ,
1199 4720 1326 4778 ἀλλ’
1374 4721 1455 4777 ὅτι
1488 4723 1798 4797 θησαυρίζει
1853 4744 1949 4777 πι-

2054 2153 2186 2207 dem
2219 2170 2285 2207 ac
2315 2154 2559 2208 minime
2588 2152 2742 2208 laesis
2773 2154 2886 2207 ﬁxa
2914 2158 2971 2207 et
2998 2151 3226 2207 stabilis
3256 2156 3363 2217 est,
3399 2151 3474 2206 iis
3505 2156 3701 2205 autem

2056 2242 2155 2311 qui
2187 2242 2671 2312 circumaguntur
2700 2258 2765 2295 ac
2788 2242 3068 2312 vertigine
3102 2241 3388 2307 laborant,
3411 2246 3694 2305 movetur,

2057 2330 2335 2385 nimirum
2359 2330 2768 2401 aspicientium
2791 2330 2925 2384 vitio
2946 2331 3017 2383 ad
3045 2346 3165 2384 rem
3191 2335 3485 2400 aspectam
3513 2334 3701 2384 trans-

2055 2431 2227 2474 eunte
2259 2434 2271 2472 :
2307 2424 2407 2473 aut
2437 2419 2484 2473 si
2516 2419 2722 2485 mavis,
2757 2420 3255 2489 quemadmodum
3288 2418 3442 2473 idem
3473 2418 3699 2473 colum-

2057 2524 2266 2562 narum
2317 2508 2687 2562 intervallum
2736 2508 2850 2575 his,
2895 2508 2996 2577 qui
3047 2507 3306 2578 propius,
3362 2508 3576 2577 majus,
3628 2508 3701 2562 iis

2058 2604 2252 2651 autem
2295 2597 2393 2668 qui
2444 2596 2677 2667 longius
2738 2598 2946 2651 remoti
3005 2601 3164 2663 sunt,
3199 2597 3395 2651 minus
3451 2596 3699 2666 videtur,

2059 2702 2189 2741 aere
2219 2701 2428 2756 nempe
2460 2686 2531 2739 ob
2564 2686 2942 2741 interstitium
2967 2685 3125 2739 velut
3153 2690 3441 2756 surrepto,
3466 2701 3532 2740 ac
3552 2685 3703 2747 visu.

2059 2791 2147 2841 ea,
2181 2791 2307 2845 quas
2338 2774 2627 2829 crassiora
2673 2782 2830 2842 sunt,
2862 2779 3274 2839 connectente;
3309 2775 3381 2829 ad
3433 2775 3705 2829 eumdem

2062 2880 2167 2919 nos
2199 2880 2434 2934 quoque
2482 2864 2723 2917 modum
2773 2864 2846 2917 ob
2896 2862 3259 2917 inimicitiam
3293 2862 3459 2918 facile
3490 2864 3709 2934 decipi-

2061 2969 2214 3021 mur,
2241 2969 2347 3007 nec
2380 2954 2449 3006 de
2481 2954 2689 3006 iisdem
2723 2953 2896 3007 rebus
2927 2952 3148 3017 eadem,
3171 2951 3324 3007 418
3358 2957 3624 3007 amantes
3653 2956 3712 3007 et

2063 3058 2179 3097 non
2212 3046 2500 3103 amantes,
2527 3042 2867 3109 judicamus
2898 3057 2909 3095 :
2945 3058 3010 3095 ac
3042 3046 3299 3110 tempus,
3323 3046 3533 3110 praeter
3554 3042 3708 3110 quod

2064 3145 2167 3199 par
2213 3135 2319 3193 est,
2356 3129 2573 3183 multos
2621 3135 2876 3193 sanctos,
2911 3136 2968 3183 et
3014 3129 3232 3183 multos
3287 3130 3489 3183 atbeos
3539 3130 3709 3184 nobis

2063 3218 2226 3272 facile
2256 3218 2543 3288 designat,
2563 3218 2647 3272 vel
2682 3217 2875 3288 potius
2906 3233 3110 3271 omnes
3141 3217 3420 3281 miseros;
3455 3234 3567 3271 non
3600 3217 3707 3271 hoc

2061 3310 2287 3361 tantum
2324 3307 2578 3370 nomine,
2601 3307 2756 3376 quod
2794 3323 2896 3360 nos
2929 3307 3230 3369 intuendo,
3257 3306 3475 3359 malum
3508 3322 3705 3360 exem-

2064 3396 2189 3465 plar
2220 3397 2519 3449 intuentur
2549 3395 3046 3465 (quandoquidem
3097 3395 3155 3448 in
3208 3395 3443 3464 proclivi
3484 3400 3574 3449 est
3624 3396 3702 3448 vi-

2062 3484 2233 3549 tium,
2261 3485 2438 3539 etiam
2480 3484 2643 3538 nullo
2682 3484 2989 3549 trahente),
3014 3484 3112 3538 sed
3144 3484 3318 3538 etiam
3352 3484 3489 3551 quia
3519 3483 3709 3538 liben—

2062 3580 2146 3627 ter
2175 3574 2449 3627 omnibus
2481 3574 2680 3628 omnia
2705 3573 3101 3633 concedimus,
3138 3572 3244 3627 hac
3274 3571 3397 3641 lege
3429 3579 3485 3625 ct
3515 3573 3706 3626 condi-

2062 3662 2242 3729 tione,
2266 3670 2330 3717 ut
2361 3663 2666 3717 nobiscum
2700 3662 3015 3717 insaniant.
3045 3668 3123 3715 Ac
3156 3662 3316 3731 prius
3339 3661 3572 3729 quidem
3605 3678 3709 3716 nec

2061 3767 2559 3821 supervacaneum
2585 3750 2816 3818 aliquod
2842 3750 3077 3804 verbum
3104 3749 3367 3818 proloqui
3387 3750 3430 3783 ⁸⁸
3458 3750 3709 3819 periculo

2062 3840 2314 3903 carebat,
2337 3856 2493 3892 nunc
2523 3844 2713 3892 autem
2742 3837 2917 3891 etiam
2943 3854 3177 3891 summa
3205 3839 3414 3905 pietate
3439 3838 3709 3906 praeditos

2062 3925 2336 3981 conviciis
2363 3927 2827 3994 proscindimus;
2855 3928 3141 3989 imo,cum
3168 3942 3236 3979 ne
3258 3928 3443 3995 legem
3470 3927 3707 3995 quidem

2062 4015 2204 4068 foris
2256 4014 2444 4083 legere
2476 4014 2750 4083 cuiquam
2805 4019 2889 4066 tas
2933 4018 3107 4077 esset,
3143 4029 3247 4067 nec
3288 4014 3706 4077 confessiones,

2061 4102 2168 4156 hoc
2201 4110 2308 4171 est,
2345 4109 2407 4157 ut
2457 4102 2599 4155 mihi
2649 4101 2897 4167 videtur,
2935 4101 3131 4171 populi
3182 4117 3483 4155 assensum
3533 4118 3707 4172 expo-

2061 4208 2240 4255 scere,
2260 4208 2414 4245 nunc
2442 4197 2641 4245 contra
2672 4207 2885 4244 arcana
2906 4206 3139 4259 quoque
3170 4189 3298 4261 ipsa
3328 4193 3705 4260 profanorum

2060 4279 2367 4334 hominum
2424 4280 2665 4334 arbitrio
2718 4280 3133 4348 permittimus,
3166 4278 3396 4332 canibus
3441 4279 3709 4333 videlicet

2058 4379 2248 4425 sancta
2291 4370 2660 4438 proﬁcientes,
2691 4384 2754 4422 ac
2802 4370 3136 4435 margaritas
3165 4378 3293 4422 ante
3341 4383 3526 4437 porcos
3574 4370 3705 4421 mit-

2060 4459 2306 4514 tentes“.
2330 4459 2526 4527 Neque
2550 4458 2605 4511 id
2625 4457 3044 4521 solum,veruiii
3065 4457 3239 4510 etiam
3262 4459 3515 4526 ipsorain
3536 4473 3707 4510 aures

2062 4548 2284 4603 mutuis
2316 4548 2370 4601 in
2404 4564 2509 4600 nos
2542 4547 2701 4614 ipsos
2752 4547 2977 4615 probris
3008 4553 3062 4598 et
3094 4545 3467 4599 contumeliis
3519 4545 3707 4615 pasci-

2061 4653 2230 4692 mus:
2256 4653 2322 4690 ac
2355 4652 2425 4689 ne
2455 4634 2598 4688 illud
2628 4634 2864 4705 quidem
2891 4634 3217 4702 perspicere
3240 4649 3573 4703 possumus,
3598 4633 3707 4687 mi-

2060 4725 2216 4779 nime
2248 4730 2438 4777 tutum
2490 4738 2619 4777 esse
2667 4739 2829 4776 arma
2876 4721 3028 4775 hosti
3080 4722 3465 4785 committere,
3500 4737 3605 4776 nec
3634 4723 3706 4785 ei,

302 4817 472 4887 κρῶς,
515 4809 587 4866 ἵν’
644 4811 694 4867 ἐν
744 4816 920 4887 καιρῷ
965 4811 1057 4865 τὸν
1109 4810 1189 4865 ἰὸν
1238 4809 1402 4885 tam
1444 4811 1579 4867 κατὰ
1604 4815 1701 4867 τοῦ
1730 4810 1946 4867 πιστεύ-

2061 4813 2158 4884 qui
2189 4813 2551 4867 Christianos
2582 4810 2721 4879 odit,
2749 4826 3078 4865 sermonem
3116 4811 3397 4865 adversus
3423 4810 3709 4865 Christia-

303 4920 516 4963 σαντος.

370 5082 413 5118 ⁸⁸
442 5080 648 5137 Matth.
679 5098 782 5152 xu,
812 5081 903 5136 36.
978 5081 1022 5115 ⁸⁷
1052 5080 1258 5138 Matth.
1287 5097 1391 5149 vn,
1420 5082 1477 5137 6.

392 5262 484 5336 98)
516 5254 915 5336 Προξάλλεται.
945 5256 1664 5336 ΜορῐᾶοἾ-περιόάλλεται.

392 5266 484 5332 98)
516 5266 915 5333 Προῦάλλεται.
945 5266 1220 5326 Montac.,
1250 5266 1664 5336 περιὸάλλεται.

371 5266 615 5409 (99)-Κῴ
649 5328 845 5409 λύγονΔ
872 5333 1010 5409 Reg.
1044 5333 1163 5400 bm,
1198 5333 1473 5409 Mon_tac.,
1507 5334 1541 5402 ἦ
1570 5331 1753 5409 λόγον.

396 5405 446 5475 1)
470 5403 767 5478 Χρώμεθα.
812 5403 950 5478 Reg.
981 5404 1102 5478 bu},
1136 5405 1470 5478 χρωμάτων.

372 5420 446 5549 (ἒ)
477 5420 767 5473 Ᾱρωμευα.
814 5420 950 5474 neg.
981 5420 1102 5474 om,
1136 5422 1470 5478 χρωμάτων.
1560 5474 1574 5493 ,
1600 5473 1615 5494 ί

402 5478 449 5552 Δ)
482 5474 852 5552 Πύῤῥωτερωἒ
876 5476 1011 5552 Reg.
1047 5475 1145 5552 hu‘,
1179 5480 1235 5531 et
1394 5474 1687 5552 1,_1rdppw.

396 5545 446 5613 3)
478 5545 913 5619 ’Eﬁanatdipiﬂa.
950 5551 1084 5619 Heg.
1120 5548 1239 5609 bm,
1274 5545 1624 5619 ἐξαπτόμεθα.

396 5552 446 5613 3)
478 5552 913 5618 Ἐξαπατώμῖθα.
950 5552 1084 5617 Reg.
1121 5552 1239 5609 bm,
1274 5552 1624 5619 ἐξαπτόμεθα.

373 5552 450 5703 (4)
485 5621 559 5703 Τξὶ
616 5618 764 5672 αὐτά.
818 5618 989 5703 goisl.
1046 5621 1069 5671 1
1126 5619 1311 5703 addit,
1361 5617 1735 5703 διανοούμεθα.
1789 5621 1946 5703 Idem

301 5688 473 5765 _Coisl.
512 5694 560 5761 l,
594 5708 696 5765 pro
727 5688 1280 5765 ytvtbaxopev,_quud
1320 5708 1497 5765 prope
1526 5688 1813 5765 sequitur,
1843 5692 1946 5750 ha-

300 5762 418 5834 bet,
451 5761 860 5839 γινωσκόμενοι.
901 5762 993 5819 Sic
1043 5761 1219 5821 etiam
1266 5761 1862 5837 legit—Combeﬁsius,
1892 5767 1949 5822 et

2055 5695 2121 5751 In
2136 5686 2267 5759 'e'd.,
2300 5686 2703 5763 συμϐαίνεσθαι,
2730 5714 2755 5739 α

2059 4918 2220 4958 num.
2246 4901 2392 4957 Nam
2426 4901 2581 4972 quod
2613 4900 2785 4955 hodie
2816 4901 3026 4970 probro
3054 4898 3399 4969 objecimus,
3424 4899 3579 4954 idem
3610 4915 3710 4956 no-

2058 5265 2231 5320 vertit
2262 5281 2273 5317 :
2301 5286 2327 5313 ‹‹
2362 5280 2427 5317 ac
2473 5262 2542 5316 de
2589 5262 2797 5315 iisdem
2850 5278 2963 5315 non
3012 5262 3214 5315 eadem
3267 5262 3576 5325 sentimus,
3609 5263 3705 5331 qui

2059 5336 2309 5393 amicine
2341 5338 2549 5403 simus,
2584 5350 2656 5387 an
2688 5331 2908 5387 inimici
2942 5334 3281 5403 prodamus.
3306 5355 3335 5383 »

2131 5410 2204 5475 (5)
2237 5407 2292 5459 Ὀ
2326 5402 2534 5476 καίρός.
2572 5427 2598 5455 ‹‹
2630 5405 2909 5476 Tempus,
2935 5402 2960 5476 ἡ
2993 5403 3191 5476 idest,
3216 5429 3241 5453 ‹‹
3276 5404 3523 5459 occasio.
3554 5426 3579 5452 ››

2130 5471 2203 5553 (6)
2241 5471 2626 5553 [Ιαράδέιγμοιζ
2650 5471 2820 5530 Cois].
2858 5471 2909 5539 1,
2942 5471 3267 5553 ῥπόδειγμα.

2129 5545 2203 5620 (7)
2239 5545 2569 5621 Πρόχειρὸν,
2597 5548 2727 5616 Reg.
2753 5564 2815 5621 _c,
2849 5545 3165 5621 πρόχειρος.

2130 5617 2662 5695 (8)21u‘itglgiv-ealiat.
2708 5619 2800 5674 Sic
2850 5617 3020 5695 COisl.
3054 5617 3106 5673 1.
3160 5622 3241 5673 [tit
3290 5617 3698 5695 legitBillins.

2794 5695 2855 5745 ut
2885 5691 3188 5748 nobiscum
3218 5690 3609 5747 consentiant.
3638 5713 3663 5737 ››

2127 5766 2201 5841 (9)
2235 5760 2435 5837 Νύμον.
2472 5762 2645 5821 Coisl.
2684 5764 2731 5834 1,
2762 5760 2968 5833 νόμων.
