4056 6274
341 361 493 427 1139

1585 367 1648 427 S.
1697 367 1740 426 G
1754 365 2069 427 REGORII
2115 363 2508 426 THEOLOGI

3593 364 3756 426 1140

336 499 428 554 bis
457 501 686 570 postero
718 499 811 554 die
843 498 1175 570 objicietur;
1210 503 1384 570 atque
1413 501 1484 554 ad
1516 499 1598 564 id,
1632 500 1788 571 quod
1825 499 2058 570 dicitur,
2091 500 2278 554 hostis
2329 499 2567 567 arridet,
2601 515 2715 554 non
2767 500 2920 572 quod
2954 499 3176 572 probet,
3211 499 3312 554 sed
3344 499 3498 571 quod
3553 514 3757 554 amaro

338 590 531 641 animo
564 588 860 653 recondat,
899 592 959 641 ut
988 589 1329 656 tempestive
1361 590 1640 643 adversus
1670 605 1801 644 eum
1834 587 2054 660 ipsum,
2085 589 2186 660 qui
2219 587 2597 653 concredidit,
2629 588 2790 642 virus
2822 593 3068 644 evomat.

410 675 528 730 VII.
562 676 704 741 Quid
741 677 861 730 haec
894 679 1342 739 committimus,
1380 679 1612 739 fratres,
1644 682 1700 731 et
1732 677 1986 746 quandiu
2020 681 2072 744 Α

338 764 816 818 committemus?
844 767 1084 830 Quando
1108 768 1176 819 ab
1205 766 1312 820 hac
1334 767 1574 837 crapula
1597 782 1988 837 emergcmus,

338 859 438 906 aut
470 853 614 908 hanc
666 854 967 907 oculorum
1026 856 1234 909 lernam
1269 857 1668 920 detrahemus,
1698 861 1873 925 atque
1919 855 1990 907 ad

337 943 599 995 veritatis
652 942 836 996 lucem
871 944 1305 1014 suspiciemus?
1335 945 1468 1007 Quae
1501 944 1619 997 haec
1650 943 1835 1013 caligo
1867 946 1995 998 est?

341 1029 480 1092 Quis
509 1028 600 1081 hic
633 1035 956 1084 nocturnus
979 1030 1324 1086 conﬂictus?
1347 1033 1480 1095 Quae
1506 1032 1624 1084 haec
1651 1036 1993 1101 tempestas,

342 1117 563 1171 amicos
595 1118 665 1171 ab
711 1118 980 1172 hostibus
1014 1137 1129 1172 non
1165 1121 1612 1175 internoscens?
1641 1125 1753 1173 Cur
1800 1121 1999 1175 vicinis

341 1208 548 1260 nostris
568 1209 920 1277 opprobrium
943 1211 1082 1278 furti
1100 1226 1306 1268 sumus.
1325 1211 1682 1263 subsannatio
1714 1213 1766 1263 et
1794 1209 1998 1263 derisio

345 1295 451 1360 his,
474 1297 649 1365 quiin
672 1298 910 1350 circuitu
940 1306 1126 1350 nostro
1153 1303 1280 1351 sunt
1301 1298 1386 1353 ‘3?
1417 1299 1718 1364 Quodnam
1747 1300 1850 1351 hoc
1878 1303 1997 1351 tam

345 1383 622 1437 obnixum
650 1385 783 1438 mali
811 1386 1114 1439 studium?
1136 1386 1278 1449 Quid
1314 1392 1431 1441 tam
1457 1386 1776 1441 immortali
1805 1386 2000 1440 labore

346 1473 704 1541 fatigamur?
731 1475 867 1544 quid
895 1479 1086 1528 autem
1113 1475 1241 1529 dico
1269 1475 1623 1545 fatigamur?
1644 1475 1762 1528 imo
1782 1491 1848 1528 ex
1874 1475 2001 1544 ipso

346 1561 522 1626 malo,
542 1566 606 1614 ut
637 1561 840 1616 furiosi
877 1563 1084 1627 solent,
1113 1564 1293 1617 robur
1321 1567 1847 1634 comparamus,et,
1870 1579 2001 1616 cum

347 1650 738 1716 absumimur,
761 1652 1125 1722 gaudemus:
1157 1668 1260 1706 nec
1293 1669 1539 1723 usquam
1571 1657 1661 1706 est
1692 1653 1856 1718 ratio,
1895 1667 1998 1705 nec

348 1739 596 1803 amicus,
630 1755 734 1793 nec
766 1740 995 1806 socius;
1031 1758 1135 1794 uec
1177 1743 1442 1795 medicus
1475 1743 1573 1811 qui
1612 1743 1885 1795 morbum
1919 1756 2007 1814 vel

353 1826 799 1882 medicamentis
823 1829 1113 1900 pellat,ve1
1138 1835 1430 1901 amputet;
1453 1846 1557 1884 nec
1580 1829 1892 1900 opitulator
1911 1845 2011 1883 an-

355 1915 538 1985 gelus,
560 1931 665 1970 nec
685 1917 865 1985 Deus;
887 1935 1082 1972 verum
1110 1925 1318 1989 praeter
1334 1920 1466 1981 alia,
1485 1919 1582 1973 Dei
1605 1934 1834 1988 quoque
1853 1918 2009 1972 beni-

2175 678 2242 732 Z'.
2276 675 2336 730 Τί
2365 681 2532 730 ταῦτα
2562 676 2850 749 πάσγομεν
2890 677 2935 729 ὦ
2981 673 3150 746 οὗτοι,
3201 675 3290 730 καὶ
3344 695 3510 750 μεχρι
3564 674 3754 741 τίνος;

2103 764 2239 818 Πότε
2272 763 2327 818 δὲ
2357 772 2455 834 τῆς
2492 765 2657 837 μέθης
2689 764 2991 837 ἐκνήψομεν
3027 767 3161 836 (10),
3203 761 3239 832 ἤ
3289 769 3395 818 τῶν
3449 763 3753 841 ὀφθαλμῶν

2102 855 2198 920 τήν
2235 852 2424 926 λήμην
2455 857 2901 929 περιαιρήσομεν,
2935 853 3024 907 καὶ
3055 854 3189 928 πρὸς
3227 852 3291 906 τὸ
3345 859 3444 920 τῆς
3490 849 3754 921 ἀληθείας

2104 947 2219 1019 φῶς
2250 938 2662 1016 ἀναϐλέψομεν;
2725 941 2864 996 Ποία
2916 941 3246 1013 σκοτόμαινα
3283 945 3486 1008 ταῦτα;
3540 941 3624 1002 τίς
3655 962 3756 994 νυ-

2103 1032 2421 1106 κτομαχίας
2477 1031 2559 1093 τίς
2612 1028 2772 1101 ζάλη,
2824 1029 2998 1108 φίλων
3046 1029 3136 1084 καὶ
3183 1029 3468 1102 πολεμίων
3523 1025 3646 1102 ὄψιν
3696 1029 3760 1082 οὐ

2107 1117 2481 1192 διακρίνουσα;
2543 1118 2693 1173 Διατί
2750 1119 3050 1194 γεγόναμεν
3102 1114 3309 1179 ὄνειδος
3386 1123 3502 1179 τοῖς
3575 1117 3763 1192 γείτο-

2109 1230 2189 1262 σιν
2245 1211 2429 1279 ἡμῶν,
2506 1209 2881 1281 μυκτηρισμὸς
2939 1208 3027 1261 καὶ
3087 1206 3401 1281 χλευασμὸς
3471 1211 3585 1268 τοῖς

2107 1295 2228 1368 κλῳ
2257 1299 2417 1368 ἡμῶν
2447 1316 2459 1362 ;
2489 1297 2578 1358 Τίς
2679 1294 2966 1374 φιλοτιμία
2994 1300 3091 1349 τοῦ
3119 1299 3289 1350 κακοῦ
3315 1313 3328 1362 ;
3379 1293 3544 1358 Πόθεν
3582 1294 3764 1356 οὕτως

2110 1386 2341 1439 ἀθάνατα
2385 1387 2693 1457 κάμνομεν;
2748 1384 2961 1457 μᾶλλον
3013 1383 3070 1438 δὶ
3116 1381 3240 1438 οὐδὲ
3281 1384 3583 1455 κάμνομεν,
3632 1381 3764 1438 ἀλλ’

2113 1473 2394 1548 ἐρῥώμεθα
2449 1478 2526 1543 τῷ
2570 1477 2741 1544 κακῷ,
2787 1471 3122 1544 μαινομένων
3183 1474 3246 1526 τὸ
3290 1471 3480 1544 πάθος,
3511 1473 3601 1525 καὶ
3631 1470 3765 1542 ἡδό-

2118 1564 2251 1634 μεθα
2280 1559 2676 1633 δαπανώμενοι.
2735 1561 2832 1614 Καὶ
2865 1559 3108 1633 οὐδαμοῦ
3154 1560 3338 1636 λόγος,
3391 1559 3451 1614 οὐ
3484 1560 3664 1638 φίλος,
3699 1561 3762 1614 οὐ

2116 1649 2428 1725 σύμμαχος,
2494 1650 2594 1704 οὐκ
2649 1649 2854 1724 ἰατρὸς,
2911 1647 2946 1718 ἤ
2998 1651 3378 1726 φαρμακεύων,
3415 1647 3451 1716 ἤ
3487 1648 3762 1721 ἐκτέμνων

2113 1740 2175 1794 τὸ
2233 1741 2438 1802 πάθος’
2495 1738 2556 1792 ού
2614 1740 2960 1812 παραστάτης
3009 1738 3356 1812 ἅγγελος,οὐ
3387 1737 3555 1799 Θεόςο
3617 1736 3765 1792 ἀλλᾶ

2116 1829 2253 1903 πρὸς
2301 1833 2415 1888 τοῖς
2464 1825 2678 1897 ἄλλοις,
2738 1829 2828 1880 καὶ
2885 1830 2985 1896 τὴν
3044 1832 3140 1881 τοῦ
3187 1831 3320 1882 Θεοῦ
3351 1826 3763 1905 φιλανθρωπίαν

2116 1923 2250 1990 ἡμῖν
2301 1918 2481 1978 αὐτοῖς
2535 1915 2948 1988 ἀπεκλείσαμεν.
3005 1919 3121 1970 Ἵνα
3179 1915 3254 1983 τί,
3307 1916 3489 1992 Κύριε,
3521 1915 3764 1993 ἀφέστη-

3662 1206 3764 1260 κύ-

356 2003 635 2075 gnitatem
659 2007 828 2060 nobis
852 2007 1273 2077 prmelusimus.
1299 2009 1361 2064 Ut
1381 2008 1534 2078 quid,
1558 2009 1810 2075 Domine,
1833 2023 1999 2062 reces-

2119 2027 2214 2068 κας
2295 2005 2599 2081 μακρόθεν;
2677 2005 2766 2059 καὶ
2846 2009 2964 2066 πῶς
3039 2003 3347 2081 ἀποστρέφῃ
3426 2003 3500 2065 είς
3562 2002 3766 2070 τέλος;

353 2095 475 2147 sisti
523 2094 722 2161 longe?
747 2095 1017 2162 Quomodo
1047 2097 1310 2151 averteris
1347 2098 1407 2150 in
1453 2097 1620 2166 ﬁnem
1640 2096 1727 2150 ⁸97
1758 2097 1999 2160 Quando

356 2197 461 2236 nos
489 2181 796 2236 visitabis?
842 2186 1105 2250 Quonam
1139 2184 1260 2238 haec
1309 2184 1770 2256 progredientur,
1795 2191 1852 2238 et
1900 2185 1998 2238 ubi

350 2271 717 2325 consistent?
741 2272 1020 2342 Equidem
1046 2289 1267 2342 vereor,
1289 2289 1360 2327 ne
1383 2289 1640 2345 praesens
1662 2290 1855 2328 rerum
1881 2278 1998 2327 sta-

345 2362 442 2412 tus
464 2359 615 2430 ignis
637 2359 797 2415 illius
818 2360 875 2414 in
895 2362 1324 2432 exspectatione
1347 2363 1519 2433 positi
1544 2362 1741 2416 fumus
1759 2362 1998 2431 quidam

345 2447 442 2512 sit,
477 2463 547 2502 ne
580 2447 671 2502 his
718 2449 1114 2504 Antichristus
1171 2452 1564 2522 superveniat,
1591 2452 1742 2506 419
1777 2467 1843 2504 ac
1892 2467 1999 2504 uo-

345 2539 499 2590 stros
532 2536 732 2606 lapsus
764 2543 820 2592 et
854 2540 1084 2593 morbos
1116 2539 1170 2592 in
1206 2541 1570 2611 principatus
1618 2542 1708 2594 sui
1743 2539 1997 2594 occasio-

349 2639 480 2678 nem
518 2625 777 2696 arripiat.
803 2626 926 2680 Non
960 2629 1114 2682 enim
1150 2645 1346 2694 sanos,
1376 2633 1440 2682 ut
1470 2629 1695 2700 opinor,
1725 2645 1830 2683 nec
1861 2627 1998 2682 cha-

349 2713 520 2767 ritate
553 2718 749 2785 septos
782 2715 1102 2782 adoriatur;
1135 2732 1337 2772 verum
1370 2731 1614 2788 regnum
1646 2717 1704 2770 in
1738 2715 1998 2786 seipsum

350 2801 516 2872 prius
543 2802 720 2856 dividi
747 2808 995 2874 oportet,
1016 2810 1191 2875 atque
1211 2805 1292 2859 ita
1315 2806 1541 2870 fortem,
1563 2820 1713 2870 eam,
1734 2805 1997 2873 inquam,

352 2889 665 2955 rationem,
683 2908 810 2962 quae
843 2893 899 2946 in
925 2893 1093 2947 nobis
1119 2898 1226 2958 est,
1252 2893 1463 2948 tentari
1489 2898 1543 2948 et
1572 2893 1762 2965 ligari,
1785 2910 1852 2948 ac
1872 2899 1996 2948 tum

352 2993 492 3032 vasa
523 2979 694 3052 diripi
722 2981 785 3049 9°,
817 2981 1104 3052 nobisque
1133 2983 1334 3037 eadem
1367 2983 1646 3048 accidere,
1682 2999 1812 3053 qua
1842 2999 1999 3038 nunc

359 3066 506 3122 hosti
544 3073 742 3123 nostro
773 3085 806 3123 a
835 3069 1066 3125 Christo
1097 3071 1356 3125 accidere
1389 3071 1796 3142 perspicimus.

419 3155 566 3212 VIII.
606 3158 820 3213 Idcirco
863 3175 965 3228 ego
1016 3159 1199 3230 ploro,
1232 3160 1313 3214 ait
1340 3160 1625 3214 Jeremias
1657 3161 1713 3214 in
1747 3161 1996 3214 Lamen-

347 3245 669 3299 tationibus
692 3247 755 3314 οι,
788 3251 964 3318 atque
995 3247 1180 3302 oculis
1213 3247 1358 3302 meis
1389 3247 1777 3320 lacrymarum
1814 3251 2000 3304 fontes

347 3333 481 3387 huic
514 3333 827 3389 calamitati
864 3352 1030 3406 pares
1063 3353 1277 3407 quaero,
1308 3353 1372 3391 ac
1400 3338 1693 3407 sapientes
1725 3338 1998 3392 mulieres

2114 2095 2209 2150 Καὶ
2267 2095 2398 2150 πότε
2459 2094 2759 2163 ἐπισκοπὴν
2817 2093 2968 2162 ἡλῶν
3013 2096 3255 2167 ποιήσω
3287 2093 3377 2147 καὶ
3409 2097 3516 2147 ποῦ
3546 2087 3762 2168 προϐή-

2109 2205 2256 2238 σεται
2301 2188 2467 2238 ταῦτα
2515 2182 2604 2238 καὶ
2653 2185 2943 2252 στήσεται;
2996 2179 3220 2236 Δέδοικα
3263 2182 3338 2253 μὴ
3370 2182 3574 2243 καπνὸς
3601 2180 3636 2254 ᾖ
3663 2185 3762 2235 τοῦ

2108 2269 2568 2348 προσδοκωμένου
2599 2270 2768 2346 πυρὸς
2798 2271 2866 2324 τὸ.
2893 2270 3154 2345 παρόντα,
3201 2271 3276 2342 μὴ
3307 2269 3525 2331 τούτοις
3557 2269 3585 2322 ὁ
3642 2270 3760 2322 Ἀν-

2107 2361 2386 2438 τίχριστος
2442 2363 2555 2434 (11)
2603 2359 2818 2433 ἐπιστῇ,
2861 2359 2951 2413 καὶ
2999 2359 3185 2434 καιρὸν
3241 2353 3385 2432 λάϐῃ
3433 2360 3530 2426 τῆς
3565 2358 3758 2412 ἑαυτοῦ

2110 2447 2415 2510 δυναστείας
2471 2449 2538 2502 τὰ
2588 2449 2830 2522 ἡμέτερα
2878 2448 3191 2520 πταίσματά
3245 2467 3305 2502 τε
3346 2447 3436 2501 καὶ
3469 2446 3756 2522 ἀῤῥωστή-

2111 2558 2271 2610 ματα.
2306 2537 2378 2591 Οὐ
2409 2538 2511 2612 γὰρ
2545 2537 2843 2610 ὑγιαίνουσι
2874 2535 3180 2612 προσϐαλεῖ
3217 2539 3327 2609 (12)
3377 2536 3569 2610 τυχὸν,
3631 2533 3761 2589 οὐδέ

2106 2630 2174 2699 τῇ
2207 2627 2388 2701 ἀγάπῃ
2444 2625 2886 2698 πεπυκνωμένοις
2913 2644 2926 2656 °
2987 2624 3135 2680 ἀλλὰ
3185 2623 3269 2680 δεῖ
3301 2631 3619 2701 μερισθῆναι
3656 2625 3757 2692 τήν

2113 2715 2386 2790 βασιλείαν
2438 2715 2517 2791 ἐφ’
2565 2715 2782 2785 ἑαυτὴν,
2841 2714 2954 2769 εἶτα
3009 2721 3365 2790 πειρασθῆναι
3417 2714 3507 2768 καὶ
3538 2710 3756 2782 δεθῆναι

2106 2806 2196 2858 τὸν
2233 2805 2454 2879 ἰσχυρὸν
2497 2803 2548 2858 ἐν
2581 2806 2716 2875 ἡμῖν
2752 2803 3036 2879 λογισμὸν,
3069 2803 3181 2858 εἶτα
3211 2805 3277 2857 τὰ
3308 2801 3470 2872 σκεύη
3525 2802 3756 2877 διαρπα-

2108 2893 2384 2967 γῆναι,καῖ
2413 2897 2579 2948 ταῦτα
2607 2895 2794 2947 παθεῖν
2823 2893 3036 2964 ἡμᾶς,ἄ
3073 2896 3161 2946 νῦν
3195 2893 3411 2970 ὁρῶμεν
3442 2891 3532 2946 τὸν
3566 2889 3762 2967 ἐχθρὸν

2109 2983 2256 3057 παρὰ
2284 2984 2520 3057 Χριστοῦ
2551 2983 2852 3057 πάσχοντα.

2183 3163 2261 3217 Η’.
2296 3162 2390 3215 Διά
2417 3164 2586 3215 ταῦτα
2615 3159 2724 3234 ἐγὼ
2772 3158 2971 3228 κλαίω,
3005 3157 3166 3236 φησῖν
3203 3157 3464 3234 Ἱερεμίας
3518 3156 3570 3211 ἐν
3615 3158 3757 3233 Θρή-

2107 3272 2240 3323 νοις,
2273 3251 2363 3304 καὶ
2399 3253 2545 3319 ζητῶ
2575 3255 2690 3312 τοῖς
2741 3249 3051 3326 ὀφθαλμοῖς
3114 3269 3218 3321 μου
3273 3247 3456 3322 πηγὰς
3513 3244 3759 3322 δακρύων

2108 3338 2373 3414 ἀρκούσας
2420 3342 2498 3409 τῷ
2556 3338 2734 3404 πάθει,
2792 3336 2882 3391 καὶ
2935 3335 3089 3390 καλῶ
3139 3336 3235 3398 τὰς
3294 3335 3485 3412 σοφὰς,
3537 3331 3629 3388 ’ίνα
3664 3332 3756 3386 τὸν

343 3439 503 3488 voco,
541 3429 602 3476 ut.
632 3423 856 3478 luctum
892 3426 1165 3494 excitent,
1200 3431 1301 3480 aut
1332 3432 1486 3480 certe
1518 3428 1823 3496 adjuvant;
1856 3443 1998 3480 ven-

2114 3433 2309 3501 θρῆνον
2356 3425 2705 3500 ἐργάσωνται,
2737 3422 2773 3494 ἤ
2832 3423 3293 3499 συνεργάσωνται³
3354 3422 3444 3477 καὶ
3501 3423 3598 3490 τὴν
3640 3441 3766 3475 κοι²

345 3513 456 3564 tris
488 3513 661 3566 etiam
695 3513 892 3568 dolore
937 3515 1178 3582 stﬁcior,
1215 3520 1269 3568 et
1299 3531 1579 3569 sensuum
1616 3515 1851 3584 organis
1881 3515 1998 3568 vel—

347 3600 512 3666 licor,
543 3617 668 3666 nec,
696 3619 810 3672 quo
844 3603 1015 3656 modo
1047 3604 1376 3672 quibusque
1406 3604 1596 3656 verbis
1629 3602 1883 3656 dolorem
1920 3603 1998 3656 le-

351 3689 531 3751 niam,
565 3689 770 3745 habeo.
806 3692 1025 3745 Idcirco
1056 3698 1250 3746 vetera
1295 3691 1563 3757 silentur,
1599 3707 1744 3744 nova
1776 3691 1997 3743 comico

349 3795 509 3834 more
542 3781 916 3851 sugillantur.
941 3783 1236 3837 Comoedia
1268 3782 1422 3836 enim
1448 3787 1536 3836 est
1567 3781 1835 3835 hostibus
1871 3797 1999 3834 mea

347 3870 649 3940 tragmdia.
677 3870 894 3925 Idcirco
923 3889 1034 3926 non
1069 3887 1274 3940 parum
1309 3869 1582 3925 Ecclesiis
1613 3869 1995 3936 detraximus,

347 3973 413 4012 ac
445 3975 630 4012 scema
658 3961 1060 4028 adjunximus,
1082 3960 1256 4030 idque
1288 3959 1344 4013 in
1374 3959 1715 4030 hujusmodi
1747 3960 1995 4027 civitate,

347 4063 473 4118 quae
505 4047 640 4101 data
672 4063 864 4118 opera,
902 4053 966 4102 ut
1013 4048 1164 4113 aliis,
1200 4048 1280 4102 ita
1309 4048 1522 4103 divinis
1575 4049 1750 4103 rebus
1780 4047 1995 4115 illudit,

346 4151 592 4206 quaeque
627 4138 817 4206 potius
843 4137 1184 4206 praeclarum
1221 4136 1442 4207 aliquid
1473 4141 1529 4191 et
1557 4137 1730 4192 laude
1753 4137 1996 4208 dignum

343 4223 555 4289 riserit,
590 4240 763 4294 quam
813 4230 875 4279 ut
924 4225 1236 4280 ridiculum
1290 4225 1512 4296 aliquid
1567 4243 1681 4282 non
1734 4227 1994 4281 derisum

344 4317 678 4383 praetereat:
710 4320 775 4367 ut
806 4314 946 4368 mihi
984 4316 1198 4369 mirum
1233 4314 1495 4369 futurum
1533 4315 1629 4381 sit,
1657 4315 1703 4368 si
1738 4332 1828 4370 me
1861 4333 2000 4386 quo-

345 4417 478 4472 que,
512 4401 620 4455 hoc
651 4406 738 4456 est
769 4403 1046 4456 advenam
1099 4403 1331 4473 pietatis
1380 4420 1724 4473 praeconem,
1758 4403 1879 4458 hinc
1910 4407 1996 4458 di-

346 4496 594 4558 centem,
629 4507 693 4546 ac
725 4508 838 4544 non
892 4491 1132 4545 ridenda
1165 4490 1383 4559 omnia,
1417 4493 1517 4544 sed
1555 4494 1818 4561 quaedam
1877 4498 1999 4547 stu-

347 4580 508 4633 diose
548 4581 854 4633 tractanda
903 4595 1030 4632 esse
1081 4579 1406 4641 docentem,
1441 4597 1552 4634 non
1605 4580 1815 4634 riserit.
1851 4582 1999 4643 Quid

349 4667 476 4723 dico
507 4667 742 4722 riserit?
774 4667 1046 4733 Mirobor,
1079 4667 1192 4722 nisi
1227 4685 1404 4736 poenae
1435 4668 1610 4722 etiam
1645 4685 1678 4722 a
1708 4685 1800 4722 me
1831 4686 2000 4738 expo-

2108 3515 2228 3568 λίαν
2283 3512 2456 3588 ἀλγῶ,
2509 3513 2596 3566 καὶ
2658 3515 2952 3582 μαιμάσσω
3008 3513 3076 3565 τὰ
3131 3513 3479 3587 αἱσθητήρια,
3538 3511 3626 3564 καὶ
3659 3509 3762 3563 οὐκ

2107 3600 2241 3676 ἔχω,
2273 3606 2391 3661 πῶς
2422 3601 2664 3676 κουφίσω
2695 3600 2756 3652 τὸ
2787 3598 3011 3672 ἀλγοῦν,
3043 3599 3132 3652 καὶ
3188 3599 3296 3652 τίσι
3352 3604 3469 3660 τοῖς
3523 3598 3754 3673 ῥήμασι.

2111 3691 2210 3744 Avi
2239 3694 2403 3742 ταῦτα
2433 3693 2698 3742 σιωπᾶται
2732 3686 2798 3741 τά
2854 3685 3083 3754 παλαιὰ,
3140 3685 3229 3739 καὶ
3284 3683 3637 3757 κωμῳδεῖται
3694 3689 3766 3742 τὰ

2107 3777 2197 3832 νέα
2223 3774 2509 3850 (κωμῳδία
2537 3777 2638 3853 γὰρ
2669 3781 2783 3837 τοῖς
2815 3775 3034 3850 ἐχθροῖς
3065 3777 3100 3844 ἡ
3133 3773 3238 3844 ἐμὴ
3269 3771 3566 3848 τραγῳδία)
3592 3791 3609 3807 ο
3669 3773 3769 3830 διὰ

2104 3864 2264 3922 τοῦτο
2295 3871 2402 3921 τῶν
2437 3865 2770 3935 Ἐκκλησιῶν
2803 3862 3095 3942 ὑφείλομεν
3131 3865 3242 3934 (13)
3270 3862 3368 3916 οὐκ
3401 3860 3608 3938 ὀλίγον,
3668 3864 3764 3918 καὶ

2106 3961 2172 4030 τῇ
2198 3960 2366 4030 σκηνῇ
2398 3957 2812 4031 πράσεθήκαμεν
2835 3973 2847 3985 ·
2883 3953 2973 4008 καὶ
3003 3957 3167 4007 ναῦτα
3195 3951 3246 4008 ἐν
3294 3950 3517 4024 τοιαύτῃ
3575 3951 3762 4016 πόλει,

2107 4045 2142 4114 ἥ
2203 4045 2489 4114 σπουδάζει
2549 4044 2611 4098 τὸ
2667 4045 2734 4098 τά
2792 4047 2902 4097 εεῖα
2959 4041 3191 4111 παίζειν,
3227 4041 3406 4116 ὥσπερ
3456 4061 3505 4095 τι
3549 4039 3759 4113 ἓτερον,

2107 4135 2196 4189 καὶ
2229 4141 2420 4198 θᾶττον
2457 4134 2513 4189 ἂν
2547 4155 2596 4188 τι
2623 4135 2729 4187 τῶν
2763 4130 3164 4204 ἐπαινουμένων
3195 4127 3492 4206 γελάσειεν,
3523 4126 3559 4198 ἤ
3617 4149 3758 4204 παρ-

2112 4222 2213 4279 ίδοι
2269 4246 2320 4278 τι
2376 4229 2481 4278 τῶν
2539 4221 2771 4298 γελοίων
2847 4219 3167 4295 ἀγέλαστον.
3207 4221 3366 4274 Ὥστε
3415 4217 3758 4290 θαυμάσαιμι

2109 4312 2166 4367 ἂν
2201 4315 2312 4387 (12)
2346 4312 2389 4366 εί
2454 4312 2528 4385 μή
2575 4311 2718 4384 κάμὲ
2760 4309 2983 4386 γελάσαι
3037 4310 3276 4383 σήμερον
3325 4307 3416 4360 τὸν
3475 4311 3642 4360 ταῦτα
3675 4304 3761 4360 λέ-

2106 4422 2288 4476 γοντα,
2346 4401 2438 4455 τὸν
2500 4395 2770 4460 εὐσεϐείας
2831 4395 3037 4467 ἔπηλυν
3097 4399 3309 4472 κήρυκα
3361 4396 3492 4465 (15),
3526 4393 3616 4448 καὶ
3680 4397 3757 4466 μὴ

2108 4489 2278 4544 πάντα
2306 4489 2489 4564 γελᾷν,
2523 4487 2656 4542 ἀλΛ’
2705 4486 2844 4543 ἔστιν
2884 4487 2914 4541 ἃ
2941 4487 3030 4540 καὶ
3065 4483 3382 4553 σπουδάζειν
3417 4481 3758 4540 διδάσκοντα.

2111 4579 2208 4635 Καὶ
2255 4578 2306 4631 τί
2364 4583 2523 4650 γεκᾷν
2579 4577 2765 4652 λέγω;
2826 4575 3166 4648 Θαυμαστὸν,
3227 4572 3272 4628 εί
3325 4573 3401 4644 μή
3455 4572 3547 4626 καὶ
3604 4571 3753 4631 δίκας

2110 4666 2486 4738 ἀπαιτηθείην,
2536 4665 2832 4740 εὐεργετεῖν
2893 4660 3246 4737 βουλόμενος.
3297 4665 3530 4715 Τοιαῦτα
3557 4659 3657 4734 γὰρ
3687 4657 3750 4710 τὰ

347 4760 566 4825 tantur,
596 4757 735 4810 dum
772 4757 1048 4825 prodesse
1079 4757 1270 4826 cupio.
1303 4757 1462 4810 Talis
1492 4757 1649 4810 enim
1682 4763 1770 4811 est
1800 4774 1992 4812 rerum

2114 4755 2364 4830 ἡμέτερα,
2393 4755 2468 4816 ὡς
2500 4753 2596 4827 ἐμέ
2634 4774 2694 4829 γε
2751 4753 2813 4807 οὐ
2855 4751 3115 4808 λυποῦσιν
3172 4753 3305 4824 (16),
3363 4749 3474 4805 οὔτ’
3520 4743 3753 4815 Ἐκκλη-

349 4850 680 4900 nostrarum
721 4849 928 4913 status,
965 4849 1025 4899 ut
1056 4861 1159 4898 nec
1193 4845 1333 4898 mihi
1390 4860 1697 4900 maerorem
1733 4846 1994 4915 afferant,

348 4939 450 4988 aut
498 4933 766 4989 Ecclesia;
807 4941 1099 5004 occupatis
1133 4933 1209 5000 (id
1241 4935 1396 5004 quod
1447 4934 1694 4988 fortasse
1741 4935 1997 5006 cuipiam

337 5085 340 5088 ’
417 5066 459 5100 ⁸⁸
493 5067 583 5121 Ps.
621 5084 854 5136 Lxxvm,
889 5067 939 5122 4.
1015 5067 1059 5101 ⁸ο
1088 5071 1183 5124 Ps.
1220 5085 1294 5134 1x,
1325 5068 1422 5136 22;
1457 5085 1724 5139 Lxxxvm,
1759 5068 1847 5124 47.

418 5198 524 5265 (10)
559 5197 918 5285 ’βκνήψομεψ
969 5201 1109 5285 Reg.
1161 5195 1672 5285 bmuéxzﬂﬁwpsv,
1707 5202 1764 5252 et
1805 5198 1888 5253 sic
1936 5199 1997 5254 in

343 5262 442 5339 seq
455 5272 608 5322 uenti
621 5262 750 5342 bus,
784 5262 1225 5342 περιαιρήξωμεν
1237 5313 1248 5334 ,
1267 5262 1698 5342 ’ᾁναξλέψωμεὼ

413 5337 529 5414 (11)
558 5337 949 5414 Ἀντίχριστος.
974 5337 1159 5414 (10181.
1196 5341 1244 5408 1,
1279 5337 1569 5414 ἀντίδικος.

419 5409 895 5534 (12)'p)poasa).ez.
929 5414 1022 5467 Sic
1067 5413 1203 5483 Reg.
1257 5430 1308 5479 ιι,
1359 5419 1416 5467 et
1464 5413 1703 5484 Ilcrvag.
1757 5417 1818 5466 In
1879 5413 1994 5481 ed.,

419 5502 555 5534 οσοα
583 5525 588 5533 ι
619 5503 701 5534 κει.

340 5480 701 5552 προσθάλλει.

418 5557 531 5626 (13)
566 5554 906 5631 ’Υφείλομεερ
961 5553 1239 5631 Sic_lteg.
1296 5555 1406 5622 hu,
1458 5555 1629 5611 Cois].
1685 5556 1743 5625 1,
1796 5555 1889 5610 Or.
1940 5558 1997 5623 2,

349 5624 709 5682 Mend'osc'in
746 5624 833 5683 ed.
869 5627 1018 5698 Par.,
1055 5624 1365 5698 ὀφείλομεν.

419 5646 621 5681 annoso
658 5647 709 5682 in
746 5646 833 5683 cu.
869 5646 1018 5693 ωιτη,
1055 5646 1365 5698 οπειλομεν.

419 5699 528 5768 (14)
561 5699 906 5770 Θαυμάσαιμι
954 5695 1033 5753 ἂν.
1087 5646 1180 5757 ξὶο
1227 5699 1366 5772 Reg.
1417 5699 1518 5770 bu,
1557 5698 1653 5756 ΟΡ.
1696 5699 1748 5767 1,
1799 5701 1856 5755 et
1881 5699 1994 5754 168.

1924 5069 1967 5104 ⁹⁰
1997 5069 2133 5124 Luc.
2165 5087 2244 5135 χι,
2274 5071 2339 5124 21
2375 5085 2505 5140 sqq.

2109 4845 2217 4899 σίαι
2273 4843 2660 4920 κατεχόμεναι;
2709 4841 2738 4897 ὅ
2796 4841 2942 4916 τάχα
2999 4840 3056 4894 ἂν
3105 4861 3189 4902 τις
3229 4840 3392 4894 πάθοί
3421 4842 3526 4893 τῶν
3560 4854 3756 4909 μικρο-

2107 4938 2327 5010 πρεπῶν
2360 4934 2458 5002 τήν
2492 4930 2754 5005 διάνοιαν,
2794 4928 2917 4986 οὔτε
2945 4930 3149 5006 χρυσὸς
3179 4927 3374 4991 ἄλλοις
3425 4927 3582 5004 ῥέων,
3634 4923 3761 4980 οὕτε

2581 5069 2624 5104 ⁸³
2658 5066 2874 5124 Thren.
2911 5083 2949 5133 1,
2985 5067 3051 5120 16
3081 5081 3213 5136 sqq.

2110 5203 2173 5254 In
2211 5201 2326 5264 ed.,
2357 5195 2622 5270 θαυμάσαι
2658 5196 2715 5270 μ’
2742 5194 2823 5251 ἂν.

2180 5273 2289 5342 (15)
2321 5266 2568 5338 Ἔπηλυν
2616 5266 2682 5350 κῆ
2695 5286 2848 5339 ρυκα.
2872 5291 2900 5318 ‹‹
2935 5269 3234 5352 Ad'venam
3266 5266 3511 5394 (pietatis
3543 5279 3761 5334 preco-

2188 5361 2264 5394 m.
2293 5366 2319 5391 ››
2352 5343 2452 5394 His
2484 5342 2674 5394 verbis
2721 5346 2874 5394 recte
2903 5345 3231 5394 coniicitur.
3319 5353 3612 5394 renonum
3665 5351 3761 5390 re-

2109 5339 2319 5397 neinf»
2352 5343 2452 5397 His
2484 5342 2674 5395 verbis
2721 5346 2874 5394 recte
2903 5341 3231 5409 conjicitur,
3266 5339 3612 5410 Gregorium
3665 5351 3761 5410 re-

2109 5430 2245 5468 cens
2277 5410 2837 5479 Constantinopolim
2879 5407 3196 5467 adve‘uisse.
3238 5411 3295 5464 ld
3337 5407 3511 5464 etiam
3545 5407 3762 5462 conﬁr-

2109 5492 2304 5540 matur
2332 5486 2404 5539 iis
2437 5501 2563 5556 quis
2604 5488 2935 5553 sequuntur
2969 5500 2982 5538 :
3011 5506 3037 5531 ‹‹
3072 5482 3340 5538 Ecclesiae
3384 5483 3701 5551 occupatas,
3732 5500 3760 5527 ››

2110 5557 2331 5611 scilicet
2361 5559 2432 5610 ab
2462 5555 2772 5609 haereticis.

2179 5629 2291 5698 (16)
2321 5625 2393 5698 Οὐ
2445 5624 2722 5681 λυποῦσιν.
2772 5625 2866 5681 Sic
2918 5625 3055 5698 Reg.
3099 5623 3200 5693 hu,
3251 5623 3346 5680 0r.
3380 5623 3433 5694 2,
3465 5621 3610 5691 Jes.,
3643 5625 3757 5677 eto.

2107 5697 2283 5758 Deest
2311 5697 2373 5754 οὐ
2404 5699 2462 5758 in
2490 5701 2579 5757 ed.
