4056 6274
332 320 482 380 1141

1471 318 1763 380 ORATIO
1806 319 1992 380 XXll.
2026 351 2103 365 -
2133 317 2235 377 DE
2280 314 2479 377 PACE
2524 312 2600 374 II.

3582 309 3736 372 1M2

329 452 573 527 γλῶσσαι
602 453 859 527 πονηραὶ,
888 453 950 507 τὸ
982 452 1184 507 ἑαυτῶν
1236 456 1512 521 ποιοῦσαι,
1570 449 1821 527 λέγουσαι
1880 471 1965 505 κα·

2091 468 2154 507 οι
2189 450 2284 515 iis,
2308 450 2405 520 qui
2438 446 2816 504 imbecilliore
2836 446 3032 503 animo
3055 451 3213 516 sunt,
3238 446 3497 502 accidere
3519 445 3733 517 queat),

331 543 460 613 κῶς,
492 541 679 610 ἅπαιδή
709 541 896 602 καλῶς
928 541 1027 595 οὐκ
1055 540 1272 613 ἔμαθον.

2089 545 2191 596 aut
2237 556 2447 595 aurum
2496 536 2627 593 aliis
2677 537 2885 605 ﬂuens,
2919 544 3015 591 aut
3059 552 3244 607 pravae
3304 534 3536 608 linguas,
3578 535 3733 605 quod

331 648 504 686 suum
538 638 628 687 est
659 632 956 697 facientes,
990 631 1142 685 male
1170 630 1439 685 videlicet
1467 630 1794 702 loquentes,
1829 631 2106 701 quoniam
2138 630 2285 683 bene
2315 627 2474 698 loqui
2508 642 2623 681 non
2656 625 3011 680 didicerunt.

394 726 465 774 Θ’.
511 718 588 775 Οὐ
640 721 741 794 γὰρ
796 716 941 788 δὲος,
1001 720 1213 789 μήποτε
1269 713 1424 790 τόπῳ
1468 717 1870 795 περιγράφηται
1912 720 1975 773 τὸ

324 813 498 874 Θιῖον,
532 809 566 877 ἢ
600 805 761 861 ὢνιον
792 808 1035 881 γένηται,
1062 805 1137 859 ’ἶν’
1168 805 1298 860 ὅλον
1328 806 1364 880 ᾖ
1407 810 1511 861 τῶν
1563 807 1971 881 εὐπορωτέρων.

329 897 463 968 Έμέ
518 917 576 950 τε
632 895 732 950 οὐκ
777 896 1095 969 ἀμείψουσιν
1150 895 1201 949 οἱ
1252 895 1643 971 εὐφημοῦντες,
1689 893 1726 964 ἤ
1770 893 1974 971 δυσφη-

330 989 554 1055 μοῦντες
606 985 807 1060 (ὥσπερ
854 984 905 1039 οἰ
958 978 1213 1059 βορϐόρῳ
1268 982 1436 1059 μύρον
1481 984 1890 1058 ἀναμιγνύντες,
1941 984 1975 1052 ἢ

328 1074 485 1147 μύρῳ
556 1068 850 1149 βόρϐορον,
901 1072 990 1127 καί
1046 1074 1142 1133 τὰς
1218 1072 1515 1142 ποιότητας
1590 1076 1659 1145 τῇ
1733 1072 1975 1145 ἐπιμιξίᾳ

324 1161 692 1236 συγχέοντες),
717 1160 810 1215 ’ίνα
842 1159 1157 1237 δυσχεράνω
1185 1162 1279 1221 τὰς
1314 1158 1668 1239 βλασφημίας
1723 1162 1798 1223 ὡς
1851 1163 1973 1233 μεθ-

324 1252 634 1323 ιστάμενος.
692 1252 763 1307 Ἦ
822 1248 1009 1304 πολλὰ
1068 1250 1125 1303 ἂν
1193 1245 1493 1304 κατέϐαλον
1543 1252 1807 1325 χρήματα
1853 1256 1970 1311 τοῖς

323 1338 639 1407 ἐπαινέταις,
701 1337 754 1393 εἷ’
808 1360 874 1411 με
934 1337 1135 1412 βελτίω
1195 1343 1313 1399 τοῖς
1370 1338 1604 1400 ἐπαίνοις
1636 1338 1968 1413 εἶργάζοντο.

327 1431 430 1482 Νῦν
468 1424 525 1481 δὲ
555 1426 660 1502 οὐχ
691 1427 833 1481 οὕτω
862 1432 1023 1482 τοῦτο
1057 1426 1193 1502 ἔχει,
1226 1427 1384 1481 πόθεν
1415 1446 1429 1497 ;
1476 1426 1600 1482 ἀλλ’
1651 1426 1784 1502 ὅπερ
1833 1427 1969 1500 εἰμὶ,

320 1520 482 1570 τοῦτο
536 1515 703 1587 μένω,
752 1516 842 1570 καὶ
899 1513 1380 1593 δυσφημούμενος,
1425 1514 1515 1570 καί
1545 1517 1967 1589 θαυμαζόμενος.

2158 719 2246 774 ΙΧ.
2282 718 2479 787 Neque
2524 715 2679 771 enim
2726 713 3105 770 metuendum
3145 717 3253 779 est,
3290 728 3358 768 ne
3406 717 3556 767 Deus
3603 711 3729 767 loco

2084 807 2622 871 circumscribatur,
2654 810 2755 860 aut
2794 804 3015 859 venalis
3060 804 3322 868 exsistat,
3355 808 3418 857 ut
3449 808 3608 857 totus
3638 802 3731 855 di-

2085 898 2299 951 tiorum
2334 897 2431 951 sit.
2467 896 2581 950 Nec
2624 896 2762 949 item
2816 911 2906 947 me
2932 893 3022 947 vel
3071 892 3425 955 laudatores,
3456 890 3545 945 vel
3578 891 3728 945 vitu-

2085 989 2381 1055 peratores
2423 984 2828 1037 immutabunt
2857 981 3374 1053 (quemadmodum
3423 980 3521 1050 qui
3566 997 3728 1035 emno

2084 1078 2472 1143 unguentum,
2509 1078 2609 1126 aut
2657 1077 2953 1141 unguento
3003 1087 3231 1124 casuum
3281 1068 3628 1136 admiscent,
3662 1085 3729 1123 ac

2085 1179 2187 1234 per
2212 1163 2543 1216 mistionem
2571 1160 2881 1231 qualitates
2903 1159 3391 1228 cont'undunt),ut
3414 1158 3727 1213 maledicos

2083 1268 2405 1320 sermones,
2429 1257 2713 1321 tanquam
2746 1267 2780 1305 θ.
2809 1249 3032 1319 meipso
3074 1253 3356 1315 mutatus,
3391 1246 3642 1317 graviter
3670 1252 3729 1302 et

2083 1340 2287 1410 iniquo
2315 1342 2510 1395 animo
2534 1344 2733 1394 teram.
2758 1339 2897 1393 Nam
2922 1337 3138 1392 multas
3160 1338 3416 1407 profecto
3448 1336 3726 1407 pecunias

2081 1428 2488 1483 laudatoribus
2535 1444 2927 1491 numerarem,
2960 1427 3007 1479 si
3042 1442 3133 1480 me
3182 1424 3477 1479 laudando
3526 1423 3725 1479 melio-

2082 1534 2205 1573 rem
2236 1519 2549 1573 efflcerent.
2582 1518 2747 1572 Nunc
2785 1520 2981 1571 autem
3025 1514 3191 1569 aliter
3222 1530 3284 1569 se
3315 1530 3405 1569 res
3435 1514 3589 1569 ‘20
3621 1514 3724 1569 ha-

324 1578 545 1679 Bpo16c'
575 1601 645 1659 δι’
693 1578 881 1666 ἄλλως
929 1578 1158 1678 νήγεται
1196 1578 1320 1677 ’(17)
1361 1578 1573 1679 λόγοις,
1625 1578 1965 1683 φησίν”1ώ6·

2082 1608 2195 1664 bet.
2230 1608 2390 1672 Quod
2422 1608 2577 1662 enim
2627 1623 2781 1675 sum,
2813 1605 2923 1659 hoc
2973 1620 3200 1671 maneo,
3232 1604 3351 1658 sive
3399 1602 3725 1657 maledictis

319 1694 409 1748 καὶ
450 1692 549 1748 ὅσα
596 1692 792 1767 πέτραν
842 1692 1141 1769 περιρρέων
1194 1693 1385 1770 ἀφρὸς,
1434 1694 1468 1761 ἣ
1515 1692 1669 1749 πίτυν
1720 1693 1899 1770 αὖραι,
1932 1692 1968 1763 ἤ

316 1803 436 1836 τινα
476 1786 583 1837 τῶν
632 1779 835 1837 δασὲων
883 1782 973 1836 καὶ
1022 1780 1248 1856 ὑψηλῶν
1278 1801 1290 1813 ·
1340 1786 1575 1836 τοσαῦτα
1629 1784 1683 1837 αἱ
1729 1782 1971 1858 γλῶσσαί

321 1891 389 1943 με
435 1870 801 1946 περιρῥέουσι,
848 1869 936 1925 καὶ
983 1870 1096 1942 ἆμα
1146 1868 1433 1949 φιλοσοφῶ
1477 1892 1529 1925 τι
1578 1876 1796 1926 τοιοῦτο
1836 1873 1971 1946 πρὸς

315 1958 548 2031 ἆμαυτόν
577 1976 590 1989 ·
627 1959 725 2020 ὡς.
758 1958 821 2012 El
862 1959 956 2031 μὶν
997 1955 1199 2030 ψευδής
1253 1959 1281 2012 6
1328 1963 1651 2033 κατηγορῶν
1694 1962 1827 2033 (18),
1873 1961 1972 2015 οὐκ

316 2046 453 2120 tuo?)
488 2047 700 2119 μᾶλλον
731 2048 759 2101 6
792 2046 980 2120 λόγος,
1011 2044 1047 2114 ἤ
1082 2045 1288 2101 ἐκείνου
1315 2048 1379 2101 τὸ
1411 2046 1705 2122 λεγόμενον
1726 2051 1969 2117 ἅπτεται,

316 2135 406 2190 κᾶι
452 2136 549 2208 ἰμὶ
574 2135 797 2207 ὀνόματι
835 2132 1139 2211 βλασφημῇ
1164 2154 1177 2166 ·
1211 2134 1257 2188 εί
1298 2132 1345 2189 δ’
1394 2134 1607 2205 ἀλῆθὴς
1637 2139 1771 2211 (19),
1804 2137 1969 2210 ἐμαυ-

318 2223 400 2278 τὶν
434 2221 645 2295 μᾶλλον
678 2222 712 2291 ἥ
752 2223 844 2277 τὸν
879 2220 1109 2297 λίγοντα
1137 2221 1450 2296 αἰτιάσομαι
1483 2226 1631 2299 (παρ’
1680 2224 1814 2298 ἐμοῦ
1864 2226 1968 2299 γὰρ

319 2312 511 2384 ἐκείνῳ
536 2312 598 2365 τὸ
631 2310 829 2385 λέγειν,
864 2311 962 2366 οὐκ
993 2311 1116 2383 ἐμοὶ
1160 2312 1223 2365 τὸ
1256 2313 1386 2366 εῖναι
1416 2312 1654 2386 τοιούτῳ
1826 2315 1970 2390 παρὰ

309 2405 408 2457 τοῦ
441 2404 737 2476 λὲγοντος)
770 2401 859 2454 καὶ
911 2399 1284 2475 παραδραμὼν
1332 2401 1427 2462 τὰς
1475 2402 1675 2479 φωνὰς,
1708 2403 1784 2464 ὡς
1813 2402 1965 2458 οὐδὲν

315 2486 502 2555 οὔσας,
552 2487 789 2561 ἐμαυτοῦ
833 2490 1159 2563 γενήσομαι,
1210 2493 1373 2544 τοῦτο
1435 2490 1598 2562 μόνον
1640 2491 1815 2545 αὐτῶν
1842 2513 1964 2567 κερ-

318 2575 510 2632 δαίνων
560 2584 659 2647 τῆς
694 2578 1025 2652 μοχθηρίας,
1056 2578 1118 2631 τὸ
1176 2579 1327 2653 βιοῦν
1379 2578 1797 2657 ἀσφαλέστερον.
1848 2580 1969 2656 Τρί-

320 2687 409 2720 τον
444 2663 511 2735 δ’,
544 2665 573 2719 6'
606 2666 694 2720 καὶ
758 2666 1010 2741 μέγιστον
1060 2662 1179 2741 ἔχει
1219 2688 1271 2721 τι
1322 2666 1411 2721 καὶ
1468 2666 1898 2744 μεγαλοπρεπὲς,
1929 2673 1963 2740 ἡ

313 2752 582 2829 λοιδορία,
617 2754 699 2808 ὅτι
740 2756 873 2827 μετά
903 2758 1037 2809 Θεοῦ
1074 2753 1547 2832 βλασφημούμεθα
1570 2774 1583 2788 '
1635 2757 1687 2810 οἱ
1732 2758 1832 2831 γὰρ
1872 2758 1965 2811 αύ-

319 2843 404 2897 τοὶ
435 2842 666 2910 θεότητά
692 2863 751 2897 τε
782 2843 1048 2911 ἀθετοῦσι,
1080 2841 1169 2896 καί
1197 2843 1291 2897 τὸν
1322 2843 1584 2919 θεολόγον
1621 2840 1955 2920 ὑϐρίζουσιν.

2080 1695 2323 1761 alliciar,
2358 1696 2478 1749 sive
2509 1694 2778 1749 laudibus
2818 1694 2877 1748 in
2904 1692 3112 1748 ccelum
3148 1694 3314 1746 ferar.
3349 1693 3509 1747 Home
3536 1695 3724 1747 autem

2077 1786 2280 1838 temere
2308 1785 2484 1839 verbis
2528 1786 2707 1848 natat,
2744 1783 2936 1852 inquit
2960 1782 3072 1836 Job
3094 1780 3174 1846 ⁹²;
3209 1796 3275 1835 ac
3306 1786 3591 1851 quantum
3626 1796 3723 1850 pe-

2078 1877 2229 1927 tram
2255 1888 2484 1942 spuma,
2504 1876 2605 1926 aut
2635 1872 2861 1942 pinum,
2880 1869 2966 1924 vel
2990 1870 3247 1939 aliquam
3274 1868 3449 1923 aliam
3480 1868 3724 1923 densam

2080 1966 2137 2015 et
2167 1978 2462 2031 proceram
2495 1961 2761 2015 arborem
2796 1976 2969 2027 aurae,
2994 1964 3225 2013 tantum
3258 1973 3350 2012 me
3383 1957 3592 2026 lingua:
3622 1956 3727 2011 cir-

2080 2051 2430 2114 cumfluunt,
2464 2048 2757 2117 simulque
2796 2046 3139 2116 hujusmodi
3179 2046 3460 2116 quiddam
3492 2059 3723 2099 mecum

2079 2145 2492 2194 commentor:
2540 2138 2597 2191 Si
2650 2136 2797 2190 falsa
2852 2135 3055 2205 objicit
3104 2140 3428 2201 accusator,
3460 2148 3576 2187 non
3632 2148 3725 2186 me

2079 2230 2289 2299 magis,
2322 2245 2499 2297 quam
2550 2242 2708 2291 eum,
2740 2225 2837 2296 qui
2873 2223 3151 2295 loquitur,
3184 2223 3279 2277 hic
3323 2238 3515 2278 sermo
3548 2220 3721 2277 attin-

2076 2319 2179 2390 git,
2214 2317 2439 2371 etiamsi
2483 2333 2575 2370 me
2606 2314 2953 2369 nominatim
2986 2312 3265 2369 conviciis
3309 2316 3497 2383 petat;
3532 2312 3581 2366 si
3611 2327 3721 2365 au-

2076 2411 2194 2461 tem
2225 2422 2378 2472 vera,
2416 2405 2706 2475 mcipsum
2758 2403 2971 2473 potius,
3005 2417 3183 2472 quam
3214 2417 3371 2466 eum,
3396 2399 3494 2469 qui
3527 2398 3719 2468 loqui-

2075 2501 2191 2559 tur,
2222 2494 2508 2549 accusabo
2550 2494 2604 2563 (a
2654 2509 2744 2547 me
2792 2492 2949 2547 enim
3001 2489 3085 2544 illi
3134 2490 3422 2545 sermonis
3480 2487 3723 2543 materia

2077 2583 2579 2652 subministratur,
2615 2598 2729 2636 non
2775 2587 2968 2635 autem
3004 2579 3162 2634 illius
3202 2595 3396 2633 sermo
3427 2593 3606 2632 causa
3634 2579 3725 2631 est

2075 2689 2180 2728 cur
2212 2672 2346 2727 talis
2392 2673 2549 2740 sim),
2582 2688 2649 2725 ac
2679 2671 2916 2725 vocibus
2966 2668 3292 2739 praeteritis,
3324 2672 3390 2721 ut
3420 2683 3545 2737 qua
3578 2664 3722 2720 nihil

2076 2762 2215 2832 sint,
2250 2762 2363 2815 mei
2396 2762 2579 2831 ipsius
2610 2776 2729 2823 ero,
2755 2760 2863 2813 hoc
2896 2775 3075 2813 unum
3108 2773 3177 2812 ex
3205 2772 3405 2812 eorum
3440 2754 3718 2825 improbi-

2074 2855 2193 2905 tate
2222 2850 2514 2904 commodi
2546 2850 2802 2919 capiens.
2830 2853 2894 2901 ut
2922 2848 3154 2901 cautius
3182 2845 3359 2899 vitam
3392 2844 3718 2897 instituam.

316 2930 518 2985 Οὐκοῦν
572 2931 777 2986 τούτων
834 2929 989 2985 οὐδὲν
1039 2929 1231 3000 δεινὸν,
1279 2932 1374 2986 κᾶν
1410 2934 1461 2986 οἱ
1491 2931 1695 2988 πολλοὶ
1727 2934 1961 3006 νομίζω-

2082 2939 2340 2993 Tertium
2396 2945 2612 3007 autem,
2644 2939 2701 2991 in
2733 2953 2847 3007 quo
2899 2936 3073 2991 etiam
3125 2934 3446 2989 maximum
3501 2930 3723 3002 aliquid

317 3039 436 3075 σιν’
494 3017 619 3074 ἀλλ’
665 3019 748 3073 ὅτι
802 3017 994 3093 μηδείς
1046 3018 1121 3073 ἔτι
1184 3022 1491 3076 πικτεύεται
1558 3023 1747 3084 πιστὸς
1807 3025 1963 3094 εἶναι,

324 3107 467 3182 μηδὲ
508 3110 607 3177 τὴν
657 3108 851 3183 ἀρειήν
903 3109 1131 3183 ἄτεχνος
1161 3112 1270 3182 (21)
1302 3108 1391 3164 καὶ
1421 3113 1625 3180 σκηνῆς
1658 3110 1964 3187 ἐλεύθερος,

322 3195 451 3270 μηδ’
484 3196 544 3251 ἂν
576 3194 783 3274 σφόδρα
811 3197 847 3271 ᾖ
874 3199 972 3264 τὴν
1006 3197 1191 3271 ψυχὴν
1224 3196 1553 3273 ἐρρωμένος,
1601 3200 1691 3254 καὶ
1738 3203 1963 3274 γνήσιος

314 3285 392 3347 εἷς
443 3280 711 3339 εὐσέϐειαν
740 3304 753 3317 ·
811 3284 938 3340 ἀλλ’
987 3286 1014 3339 6
1067 3286 1160 3358 μὲν
1207 3287 1295 3340 καὶ
1346 3292 1585 3364 φανερῶς
1615 3289 1799 3351 κακὸς.
1834 3291 1862 3343 6
1908 3290 1965 3344 δὲ

310 3373 537 3447 πλάσμα
564 3372 653 3429 καί
682 3378 885 3449 χρῶμα
916 3373 1032 3450 ἔχει
1058 3374 1157 3441 τὴν
1190 3374 1501 3445 ἐπιείκειαν,
1530 3374 1623 3432 ’ίνα
1649 3376 1856 3453 κλέπτῃ
1883 3384 1963 3452 τῷ

316 3461 646 3541 φαινομένῳ.

2076 3032 2248 3096 atque
2280 3028 2334 3080 in
2374 3027 2577 3097 primis
2605 3026 2981 3095 magniﬁcum
3012 3024 3187 3078 habet
3218 3023 3338 3077 hzec
3371 3020 3722 3075 maledicen-

2075 3116 2178 3181 tia,
2213 3117 2368 3171 istud
2419 3122 2526 3182 est,
2560 3117 2713 3185 quod
2751 3132 2866 3168 una
2896 3130 3029 3168 cum
3088 3115 3197 3167 Deo
3251 3110 3577 3165 maledictis
3607 3110 3724 3163 im-

2078 3205 2348 3275 petimur.
2386 3205 2562 3259 [idem
2596 3204 2752 3259 enim
2785 3210 2842 3258 et
2871 3203 3146 3256 deitatem
3189 3200 3479 3269 rejiciunt,
3512 3202 3569 3254 et
3598 3199 3724 3252 dei-

2076 3294 2213 3348 tatis
2247 3309 2570 3363 praeconem
2602 3291 2974 3346 contumeliis
3025 3289 3308 3344 afﬁciunt.
3333 3288 3723 3353 Quamobrem

2078 3381 2219 3436 nihil
2253 3383 2464 3436 horum
2496 3398 2670 3453 grave
2707 3386 2815 3445 est,
2852 3380 3082 3434 tametsi
3128 3378 3182 3432 id
3235 3376 3494 3449 plerique
3524 3375 3723 3430 existi-

2077 3477 2272 3537 ment;
2304 3487 2505 3526 verum
2536 3470 2680 3525 illud
2706 3469 3046 3533 molestum,
3069 3467 3223 3538 quod
3252 3466 3369 3536 jam
3398 3481 3568 3519 nemo
3593 3464 3728 3517 ﬁde-

314 3552 386 3608 lis
415 3559 471 3609 et
500 3553 712 3609 virtute
741 3553 1014 3626 simplex,
1045 3559 1219 3627 atque
1249 3572 1283 3611 a
1310 3557 1442 3612 fuco
1472 3560 1529 3612 et
1557 3557 1932 3615 simulatione
1969 3559 2252 3614 immunis
2296 3576 2424 3615 esse
2468 3561 2757 3624 credatur,
2792 3556 3167 3627 quantumvis
3196 3556 3370 3611 etiam
3405 3553 3584 3608 animi
3618 3552 3719 3605 {ir-

316 3643 517 3698 mitate
547 3659 613 3698 ac
643 3644 873 3699 sincera
903 3644 1115 3715 pietate
1154 3645 1432 3716 praeditus
1477 3646 1586 3712 sit;
1620 3648 1723 3703 sed
1753 3648 1905 3703 alius
1935 3648 2171 3720 quidem
2204 3655 2401 3719 aperte
2430 3663 2664 3719 quoque
2714 3647 2906 3702 malus
2936 3652 3043 3712 est,
3077 3645 3231 3700 alius
3261 3660 3394 3698 vero
3427 3659 3529 3713 pro
3560 3642 3719 3695 larva

314 3740 545 3793 tantum
578 3743 636 3793 et
663 3738 856 3794 colore
885 3740 1142 3810 quodam
1174 3756 1401 3795 morum
1436 3741 1774 3797 facilitatem
1808 3742 2002 3811 habet,
2037 3750 2103 3799 ut
2131 3745 2364 3800 virtutis
2396 3744 2587 3814 specie
2620 3743 2801 3797 fallat.

386 3828 441 3881 I'.
475 3826 573 3879 Καὶ
607 3827 658 3879 οἱ
694 3828 787 3899 μὶν
818 3827 880 3880 οὐ
916 3825 1136 3882 δοκοῦσι
1170 3826 1399 3900 μέλανες
1450 3827 1539 3883 διά
1582 3850 1732 3892 τινας
1780 3832 1963 3886 τοιού-

315 3931 481 3975 τους·
545 3910 669 3967 οίιδὶ
719 3912 1017 3990 δυσχενεῖς,
1064 3915 1099 3985 ἥ
1156 3915 1439 3987 δυσιιδιῖς,
1498 3915 1536 3986 ἤ
1592 3916 1865 3994 ἄνανδροι,
1926 3917 1963 3988 ἤ

318 4000 610 4056 ἀκόλαστοι
642 4002 913 4057 πλειόνων
942 4003 1116 4065 οὕτως
1160 4003 1431 4080 ἐχόντων’
1482 4004 1629 4061 ἀλλὰ
1674 4009 1793 4070 καθ’
1849 4008 1965 4062 ἑαυ-

315 4092 408 4145 τὸν
461 4090 687 4152 ἕκαστος
745 4090 999 4166 κρίνεται,
1060 4093 1149 4147 καὶ
1207 4093 1273 4148 οὐ
1325 4098 1619 4163 κοινοῦται,
1677 4094 1801 4151 οὕτε
1856 4102 1961 4152 τῶν

311 4182 627 4255 ψεγομένων
662 4177 837 4251 οὐδὲν,
875 4180 997 4235 οὕτε
1023 4186 1131 4236 τῶν
1162 4180 1589 4255 ἐπαινουμένων.
1621 4184 1691 4238 Τὸ
1750 4182 1807 4239 δὶ
1860 4192 1963 4254 τῆς

2144 3834 2210 3888 Χ.
2246 3837 2312 3888 Et
2342 3840 2497 3887 certe
2528 3850 2642 3887 non
2696 3834 2825 3886 ideo
2877 3834 3075 3887 statim
3124 3846 3329 3886 omnes
3380 3828 3528 3899 nigri
3562 3828 3715 3897 indi-

2073 3929 2300 3987 cantur,
2323 3927 2460 3993 quia
2502 3921 2768 3976 nonnulli
2815 3921 2960 3975 tales
2991 3920 3134 3984 sint,
3167 3935 3270 3973 nec
3303 3917 3587 3988 ignobiles
3619 3920 3721 3970 aut

2074 4013 2383 4079 deformes,
2418 4016 2519 4065 aut
2560 4010 2776 4081 ignavi,
2807 4008 2896 4062 vel
2943 4010 3398 4077 intemperantes
3428 4011 3484 4061 et
3521 4004 3717 4060 libidi-

2074 4101 2220 4161 nosi,
2259 4101 2413 4171 quod
2464 4098 2660 4170 plures
2694 4099 2773 4151 ita
2812 4114 2875 4151 se
2924 4098 3223 4152 habeant:
3256 4112 3457 4150 verum
3506 4111 3609 4164 per
3655 4110 3717 4148 se

2074 4188 2323 4259 quisque
2354 4204 2418 4241 ac
2452 4186 2718 4258 privatim
2766 4187 3128 4257 expenditur,
3162 4202 3266 4239 nec
3305 4200 3507 4237 eorum
3541 4182 3717 4254 quid-

312 4267 503 4329 κακίας
534 4267 609 4328 εἷς
662 4268 861 4329 πάντας
912 4273 1027 4342 (22)
1069 4275 1247 4345 χεῖται
1281 4268 1503 4346 ῥᾳδίως,
1534 4273 1624 4327 καὶ
1653 4274 1808 4343 κοινή
1841 4294 1964 4328 κατ-

2082 4294 2272 4348 quam,
2298 4294 2422 4347 quas
2449 4276 2534 4330 vel
2569 4276 2725 4343 vitio,
2761 4276 2846 4329 vel
2880 4275 3035 4329 laudi
3068 4276 3301 4342 dantur,
3330 4272 3717 4327 communiter

315 4354 510 4431 ηγορία
537 4361 634 4411 τοῦ
665 4358 886 4426 παντὸς,
940 4360 1014 4429 μὴ
1058 4358 1139 4413 ὅτι
1188 4360 1251 4414 τὸ
1279 4364 1385 4414 τῶν
1418 4359 1664 4431 πολλῶν,
1697 4361 1843 4417 ἀλλᾶ
1870 4364 1959 4417 καὶ

311 4445 374 4498 τὸ
402 4449 563 4499 τινῶν
616 4444 839 4519 γίνεται.
894 4447 995 4502 Καὶ
1045 4448 1105 4501 τὸ
1157 4446 1483 4518 δεινότατον,
1526 4452 1607 4505 ὅτι
1644 4452 1719 4523 μὴ
1764 4450 1959 4526 μέχρις

312 4534 473 4603 ἡμῶν
502 4530 717 4586 ’ίσταται
754 4533 939 4605 μόνον,
972 4534 1099 4591 ἀλλ’
1131 4536 1214 4589 ἰπὶ
1242 4537 1304 4590 16
1340 4538 1474 4613 μέγα
1503 4538 1592 4593 καὶ
1625 4539 1818 4611 σεμνὸν
1846 4542 1960 4613 (23)

315 4623 476 4693 ήμῶν
512 4615 773 4676 διαϐαίνει
808 4625 1126 4697 μυστήριον.
1154 4629 1270 4678 Τῶν
1299 4626 1402 4700 γὰρ
1432 4627 1500 4680 τὰ
1554 4625 1794 4701 ἡμέτερα
1840 4647 1959 4702 κρι-

313 4709 539 4777 νόντων,
574 4710 603 4764 ὅ
632 4715 764 4765 πᾶσι
800 4716 997 4783 μικροῦ
1029 4707 1333 4785 συμϐαίνει,
1372 4719 1488 4776 τοῖς
1512 4720 1618 4769 τῶν
1651 4715 1960 4790 ἀλλοτρίων

311 4803 545 4874 κριταῖς,
592 4800 646 4853 οἱ
696 4801 790 4871 μὲν
842 4799 1093 4863 ἐπιεικῶς
1125 4800 1255 4855 εἶσιν
1287 4801 1487 4877 ἥμεροι
1516 4803 1607 4858 καὶ
1660 4802 1964 4882 φιλάνθρω-

308 4907 424 4943 ποι·
459 4889 512 4944 cl
569 4885 628 4944 δὶ
673 4888 763 4944 καὶ
814 4888 934 4944 λίαν
981 4890 1169 4966 πικροὶ
1221 4890 1311 4946 καὶ
1371 4892 1710 4968 ἀγνώμονες.
1761 4894 1828 4951 Ol.
1863 4894 1957 4967 μὶν

378 5057 424 5094 ’³
451 5057 583 5116 Job.
613 5073 729 5131 ινι,
754 5059 810 5116 3.

382 5216 737 5299 (17)]3ροτὸς
798 5216 868 5273 δι’
936 5216 1125 5283 ἄλλως
1186 5223 1960 5299 Δνἰςχιειται.“1ε1ωι›,εἰσΕΙίειε

314 5290 553 5358 exponit
586 5306 599 5344 :
633 5312 659 5341 ‹‹
691 5290 876 5348 Homo
921 5300 1138 5351 temere
1186 5290 1530 5352 laudatoriis
1559 5298 1751 5353 verbis
1798 5299 1963 5354 intu-

314 5358 541 5482 ἓῗῗεέξ,
576 5362 877 5419 attollitur.
905 5389 925 5417 ι
954 5366 1101 5421 Hinc
1150 5367 1325 5424 etiam
1376 5367 1570 5425 Schol.
1604 5369 1799 5437 habet,
1831 5379 1960 5445 θρα-

349 5452 377 5482 υ
536 5471 547 5482 .

349 5452 547 5483 υνεται.

383 5502 879 5588 (1β).Κατηγο“ρῶν.
918 5508 974 5561 In
1012 5507 1389 5588 quibusdam,
1421 5515 1766 5588 κακηγορῶν,
1806 5514 1959 5588 [ἀβ-

310 5576 980 5654 tractatoeraledicus.
1008 5576 1047 5629 ››“
1066 5582 1203 5654 Quae
1250 5576 1420 5639 lectio
1452 5576 1588 5643 vera
1612 5576 1960 5644 Combeﬁsio

311 5644 558 5703 videtur.
596 5645 735 5721 Reg.
770 5649 962 5725 Cypr.,
994 5644 1319 5728 κακήγοροςο

2072 4366 2345 4420 omnibus
2390 4365 2736 4419 attribuitur
2768 4380 2780 4417 :
2815 4364 2908 4416 hic
2940 4368 3139 4417 contra
3170 4363 3373 4415 vitium
3407 4362 3477 4415 ad
3511 4377 3715 4414 omnes

2075 4455 2239 4509 facile
2288 4454 2656 4519 dill'unditur,
2692 4458 2865 4523 atque
2914 4454 2985 4505 ob
3035 4454 3376 4515 multorum,
3410 4447 3494 4503 vel
3540 4448 3713 4502 etiam

2072 4546 2459 4614 quorumdam
2484 4542 2735 4611 culpam,
2762 4544 3069 4594 universus
3091 4540 3231 4593 ordo
3264 4540 3317 4592 in
3347 4538 3624 4592 invidiam
3658 4541 3718 4590 et

2072 4632 2290 4686 crimen
2311 4636 2567 4686 vocatur.
2585 4632 2865 4700 Quodque
2885 4629 3147 4683 omnium
3174 4626 3585 4698 gravissimum
3605 4631 3715 4691 est,

2072 4720 2188 4774 haec
2222 4719 2552 4773 criminatio
2606 4734 2718 4772 non
2753 4718 2811 4771 in
2844 4719 3012 4772 nobis
3042 4722 3273 4770 tantum
3306 4714 3483 4779 sistit,
3513 4729 3714 4768 verum

2071 4808 2144 4863 ad
2190 4824 2469 4875 magnum
2511 4814 2567 4861 et
2606 4807 3003 4861 venerandum
3052 4810 3318 4859 nostrum
3369 4801 3716 4874 mysterium

2068 4897 2301 4952 transit.
2334 4895 2561 4950 Etenim
2591 4908 2659 4949 ex
2692 4894 2784 4961 iis,
2817 4894 2919 4965 qui
2963 4908 3055 4949 res
3102 4896 3336 4948 nostras
3382 4889 3718 4962 expendunt

2072 5227 2272 5367 “(131);
2295 5226 2558 5296 Ἀληθής.
2617 5227 2713 5283 Sic
2769 5227 2909 5299 Reg.
2971 5227 3071 5293 hu,
3127 5232 3183 5283 et
3228 5228 3325 5283 0r.
3378 5229 3428 5282 1.
3480 5228 3541 5282 In
3599 5229 3716 5298 ed.,

2144 5366 2253 5441 (20)
2280 5366 2549 5439 Τοιούτῳ.
2584 5368 2758 5424 Coisl.
2794 5370 2844 5435 1,
2874 5371 3113 5441 τοιούτο.

2141 5439 2253 5514 (2i)
2303 5445 2591 5514 "At-37310;.
2644 5443 2778 5514 ng.
2833 5440 2952 5509 bm,
3004 5439 3272 5513 ἔντεχνος.
3331 5440 3407 5494 Ad
3460 5456 3645 5513 marg.
3700 5456 3714 5495 :

2068 5508 2557 5603 ypinerii-rslvoc'}ul
2595 5508 2987 5603 μηὲξσκηνῆς.

2163 5588 2250 5655 22)
2284 5574 2377 5645 Εἷς
2410 5574 2633 5656 πάντας.
2659 5574 2807 5656 Ἠρεκ
2844 5574 2945 5655 bu,
2978 5588 3034 5639 et
3063 5585 3157 5641 Or.
3196 5585 3253 5656 l,
3280 5581 3353 5643 εἷς
3387 5603 3578 5639 παντα.

2284 5654 2512 5730 Σεμνόν,
2548 5657 2686 5729 Reg.
2720 5648 2821 5725 hil,
2854 5661 2911 5715 et
2931 5648 3038 5714 ὈΓ.
3074 5659 3096 5712 1
3134 5648 3447 5728 σεϐάσμιον.
