4056 6274
325 406 479 467 1145

1455 411 1755 474 ORATIO
1792 414 1977 475 XXll.
2008 448 2085 460 —
2113 417 2215 478 DE
2260 417 2460 478 PACE
2504 417 2582 481 ll.

3576 423 3731 484 1146

325 538 415 592 οὗν
448 540 559 611 (34)
612 538 909 613 ἀκάθαρτος
962 539 1283 615 καθαρότης,
1341 545 1408 616 τῇ
1468 548 1564 598 τοῦ
1601 543 1845 620 ῥήματος
1878 547 1955 602 εὖ·

2084 551 2272 607 adhuc
2305 551 2539 625 longius
2590 555 2813 608 remota
2846 557 3005 620 sunt,
3041 555 3406 622 praeteream,
3438 570 3556 610 non
3590 556 3736 611 mihi

323 627 552 703 πρεπείᾳ
578 627 703 691 τοὺς
732 626 977 690 πολλοὺς
1011 627 1335 699 ὃελεάζουσα
1362 651 1374 663 ο
1410 634 1497 687 καὶ
1529 636 1563 703 ἡ
1597 640 1824 712 Φρυγῶν
1860 640 1972 711 (35)

320 714 480 771 εἰσέτι
537 717 627 772 καὶ
677 714 767 773 νῦν
822 718 1006 790 μανία,
1055 717 1360 775 τελούντων
1406 743 1465 777 τε
1509 723 1599 777 καὶ
1624 724 1968 798 τελουμένων

321 811 524 881 μικροῦ
569 811 689 869 τοῖς
745 812 1003 870 παλαιοῖς
1061 808 1452 884 παραπλήσια⁹
1508 812 1596 867 καὶ
1645 816 1679 883 ἡ
1713 812 1968 871 Γαλατῶν

328 894 484 949 ἄνοια
557 896 672 968 (36)
731 894 1114 951 πλωτούντων
1171 897 1221 952 ἐν
1276 898 1513 962 πολλοῖς
1567 908 1669 971 τῆς
1726 898 1969 967 ἀσεϐείας

324 982 575 1056 ὀνόμασι,
634 985 722 1037 καὶ
769 987 802 1052 ἡ
857 980 1162 1040 Σαϐελλίου
1211 988 1530 1063 συναίρεσις,
1576 991 1665 1045 καὶ
1695 994 1729 1061 ἡ
1759 993 1970 1067 ’Δρείου

324 1068 606 1145 διαίρεσις,
660 1072 749 1127 καὶ
802 1076 838 1142 ἡ
898 1078 1002 1128 τῶν
1063 1080 1155 1128 νῦν
1208 1082 1474 1154 σοφιστῶν
1550 1081 1661 1153 (37)
1736 1080 1970 1137 ἐντεῦθεν

324 1157 714 1235 ῦποδιαίρεσις,
767 1168 1023 1218 τοσοῦτον
1109 1162 1490 1241 διαφερόντων,
1549 1167 1671 1223 ὅσον
1748 1170 1971 1246 γλῶσσα

323 1247 492 1311 λάλος
520 1257 619 1320 τῆς
648 1250 980 1328 ἀργοτέρας;
1044 1252 1202 1308 Ἀλλ’
1232 1251 1310 1309 ἔτι
1341 1255 1429 1311 καί
1460 1259 1626 1331 ἡμεῖς
1654 1259 1790 1333 πρὸς
1821 1263 1969 1333 ἡμᾶς

322 1336 514 1427 αὐτοῦς
566 1337 758 1414 σχεδόν
805 1362 857 1395 τι
908 1338 1294 1419 διαφερόμεθα,
1348 1346 1551 1418 οἱπερὶ
1581 1346 1642 1401 τὸ
1673 1347 1966 1427 κεφάλαιον

323 1424 673 1499 ὑγιαίνοντες,
701 1428 790 1483 καὶ
819 1429 951 1506 ὑπὲρ
980 1435 1087 1486 τῶν
1115 1430 1291 1495 αὐτῶς
1322 1433 1441 1489 καὶν
1471 1436 1579 1511 πρὸ
1622 1436 1748 1499 τοὺς
1778 1436 1970 1501 αὐτοὺς

321 1515 724 1585 στασιάζοντες.

395 1783 491 1838 ΙΓ’.
524 1780 676 1858 Λέγω
736 1780 802 1853 δὴ
862 1786 961 1854 τήν
1019 1782 1251 1863 ’ἔναγχος
1308 1791 1444 1863 ἡμῖν
1487 1790 1848 1849 ἐπαναστᾶσαν
1884 1800 1967 1865 ζυ-

319 1871 592 1946 γομαχίαν
654 1870 951 1950 ἀδελφικὴν
1010 1878 1144 1950 (38),
1196 1878 1246 1950 ἐξ
1303 1879 1374 1948 ἧς
1420 1882 1508 1936 καὶ
1558 1884 1685 1945 Θεὸς
1718 1885 1967 1957 ἀτιμάζε-

318 1979 404 2013 ται
439 1961 575 2033 (39),
607 1960 696 2015 καὶ
758 1958 1060 2036 ἅνθρωπος.
1108 1967 1164 2020 Ὀ
1221 1968 1314 2039 μὲν
1367 1966 1493 2023 οὐδὲ
1522 1972 1800 2043 γεννηθεὶς
1833 1974 1964 2049 ὑπὲρ

319 2048 479 2117 ἡμῶν
536 2046 703 2120 ὅλως,
768 2049 891 2105 οὐδὲ
937 2056 1015 2123 τῷ
1065 2054 1277 2128 σταυρῷ
1325 2057 1739 2128 προσηλωθείςο
1794 2046 1963 2131 δῆλον

321 2131 397 2207 δὲ,
431 2135 512 2191 ὅτι
546 2136 667 2191 οὕτε
697 2141 901 2215 ταφεὶς,
938 2140 1059 2196 οὒτε
1090 2142 1338 2209 ἀναστὰς,
1389 2146 1419 2200 ὅ
1464 2168 1602 2201 τισιν
1653 2144 1801 2219 ἔδοξε
1856 2156 1962 2206 τῶν

316 2228 495 2285 κακῶς
556 2226 965 2303 φιλοχρίστων’
1029 2230 1155 2285 ἀλλ’
1208 2232 1435 2289 ἐνταῦθα
1492 2240 1604 2309 (40)
1666 2238 1828 2310 μόνον
1880 2263 1966 2296 τι-

323 2315 598 2385 μώμενος,
662 2316 723 2369 οὗ
779 2318 841 2371 τὸ
896 2326 994 2388 τῆς
1038 2328 1207 2392 τιμῆς
1258 2323 1448 2395 ἀτιμία
1498 2328 1794 2398 καθέστηκε
1836 2333 1964 2403 (41),

313 2401 402 2455 καὶ
435 2399 523 2456 διὰ
575 2409 735 2459 τοῦτο
782 2405 856 2468 εἰς
909 2405 1004 2462 δύο
1053 2409 1202 2471 υἱοὺς
1248 2412 1594 2487 τεμνόμενος,
1652 2414 1681 2485 ἤ
1728 2419 1965 2474 συντιθὲ-

329 2511 486 2560 μενος
515 2512 527 2524 ⁸
564 2493 591 2546 ὁ
626 2490 682 2547 δὲ
714 2493 775 2547 οὐ
822 2494 1026 2559 τελέως
1073 2496 1656 2575 προσλαμϐανόμενος,
1703 2504 1739 2575 ἤ
1787 2509 1964 2581 τιμώ-

326 2600 507 2651 μενος,
587 2581 730 2636 ἀλλά
802 2588 881 2656 τῷ
959 2586 1195 2662 μεγίστῳ
1269 2591 1809 2666 παραῤῥιπτοόμενος
1876 2597 1965 2652 καὶ

319 2666 764 2740 ἀποξενούμενος,
820 2672 969 2748 εἶ’περ
1028 2674 1275 2752 μέγιστον
1336 2679 1386 2733 ἓν
1456 2682 1743 2755 ἀνθρώπου
1811 2686 1963 2762 φύσει

319 2757 381 2809 τὸ
434 2758 551 2849 κατ’
601 2758 800 2825 εἰκόνα,
848 2762 937 2815 καὶ
990 2766 1023 2832 ἡ
1072 2770 1170 2819 τοῦ
1199 2772 1294 2821 νοῦ
1326 2765 1568 2843 δύναμις.
1602 2774 1801 2848 Ἐχρῆν
1824 2757 1963 2849 -γὰρ,

323 2843 507 2939 ἐπειδὴ
562 2847 753 2919 θεότης
812 2849 1019 2939 ἥνωται
1067 2856 1199 2925 (42),
1252 2854 1567 2929 διαιρεῖσθαι
1754 2843 1962 2939 ἀνθ’ρωέ

322 2932 552 3006 πότητα,
613 2938 702 2990 καὶ
749 2938 873 3011 περὶ
929 2941 1020 2994 τὸν
1079 2947 1203 2997 νοῦν
1255 2946 1587 3015 ἀνοηταίνειν
1619 2949 1746 3011 τοὺς
1784 2949 1963 3006 τᾶλλα

324 3022 527 3099 σοφούς
557 3042 569 3055 ⁸
628 3025 717 3078 καὶ
770 3028 843 3098 μὴ
905 3027 1035 3083 ὅλον
1100 3052 1165 3103 με
1194 3034 1475 3103 σώζεσθαι,
1510 3036 1638 3091 ὅλον
1670 3040 1965 3095 πταίσαντα

316 3111 405 3163 καί
462 3114 847 3187 κατακριθέντα
904 3116 961 3170 ἐκ
1016 3126 1119 3188 τῆς
1173 3126 1269 3175 τοῦ
1347 3124 1779 3197 πρωτοπλάστου
1850 3132 1962 3202 (43)

322 3207 625 3273 παρακοῆς,
671 3203 759 3256 καὶ
818 3209 1031 3273 κλοπῆς
1086 3214 1182 3263 τοῦ
1232 3212 1635 3283 ἀντικειμένου’
1694 3215 1767 3277 ὡς
1801 3215 1956 3270 ἐλατ-

1998 1927 2045 1991 Β

2083 642 2415 697 sufliciebat
2444 658 2657 713 pravus
2676 643 2952 697 adversus
2968 642 3250 715 Spiritum
3270 646 3541 699 sanctum
3566 644 3696 699 Mon
3712 677 3731 687 -

2082 729 2204 783 tani
2237 729 2501 801 spiritus,
2536 734 2593 785 et
2620 730 2822 786 Novati
2852 732 3118 803 audacia,
3152 731 3271 786 sive
3302 731 3534 803 impura
3580 734 3733 789 4‘22

2081 818 2329 891 paritas,
2362 836 2488 890 quae
2539 819 2795 875 nominis
2827 820 3133 877 honestate
3182 820 3614 877 multitudinem
3647 822 3735 877 in-

2080 912 2257 971 escat,
2291 911 2346 962 et
2375 908 2669 981 Phrygum
2702 909 2891 964 adhuc
2910 910 3111 980 vigens
3141 909 3503 967 initiantium
3559 911 3741 967 etini-

2083 996 2362 1051 tiatorum
2398 997 2579 1063 furor,
2608 999 2729 1052 fere
2756 1004 3019 1053 veterum
3052 999 3233 1053 furori
3266 999 3501 1070 similis,
3536 1004 3594 1056 et
3625 1000 3735 1056 Ga-

2081 1084 2686 1159 latarum,impietatis
2719 1087 3057 1142 nominlbus
3089 1088 3731 1158 afﬂuentium,demen-

2083 1173 2182 1241 tia,
2234 1178 2290 1230 et
2341 1175 2578 1231 Sabellii
2628 1176 2968 1245 contractio,
3001 1179 3059 1232 et
3104 1176 3221 1231 Arii
3276 1177 3506 1245 divisio,
3555 1182 3729 1250 atque

2080 1262 2217 1318 hinc
2248 1268 2385 1319 nata
2415 1264 2817 1337 sophistarum
2849 1265 3029 1337 hujus
3060 1266 3341 1339 temporis
3381 1267 3726 1335 subdivisio,

2082 1350 2183 1423 qui
2214 1356 2441 1407 tantum
2472 1354 2544 1408 ab
2564 1353 2702 1425 illis,
2726 1358 3017 1426 quantum
3039 1354 3252 1427 loquax
3272 1355 3477 1429 lingua
3502 1373 3536 1412 a
3564 1358 3734 1413 tarda

2080 1445 2137 1496 et
2166 1440 2357 1510 inerti,
2410 1442 2791 1515 discrepant?
2818 1445 2893 1498 At
2940 1461 3046 1500 nos
3078 1444 3251 1500 etiam
3299 1446 3578 1502 adversus
3625 1463 3732 1504 nos

2076 1528 2238 1602 ipsos
2284 1546 2430 1603 pene
2477 1532 2913 1603 contendimus,
2962 1533 3085 1606 qui,
3133 1537 3365 1590 tantum
3440 1534 3512 1590 ad
3553 1542 3731 1608 caput

2077 1620 2304 1688 attinet,
2337 1620 2486 1676 belle
2531 1621 2812 1692 valemus,
2844 1639 2910 1679 ac
2954 1640 3056 1696 pro
3082 1623 3294 1681 iisdem
3323 1626 3381 1681 et
3434 1625 3717 1682 adversus

2075 1710 2303 1766 eosdem
2338 1711 2767 1769 contendimus.

2149 1800 2294 1855 XIII.
2328 1800 2409 1855 De
2439 1800 2693 1857 fraterno
2722 1800 2822 1859 illo
2873 1802 3136 1872 dissidio,
3168 1804 3320 1875 quod
3355 1820 3542 1877 nuper
3569 1803 3723 1861 inter

2076 1904 2181 1944 nos
2211 1890 2451 1959 exstitit,
2488 1890 2711 1961 loquor,
2754 1909 2821 1947 ex
2850 1909 2966 1963 quo
2995 1896 3053 1949 et
3084 1892 3235 1949 Deus
3267 1898 3324 1948 et
3348 1893 3524 1950 homo
3554 1894 3719 1965 igno-

2078 1977 2258 2032 minia
2290 1978 2629 2034 afficiuntur
2658 1997 2670 2045 ;
2704 1980 2800 2034 ille
2829 1980 3099 2036 videlicet
3132 1998 3233 2036 nec
3267 1998 3369 2053 pro
3403 1982 3571 2039 nobis
3602 1983 3728 2055 qui-

2077 2068 2208 2121 dem
2261 2067 2496 2121 omnino
2527 2068 2780 2138 genitus,
2815 2073 2871 2121 et
2923 2070 3076 2123 cruci
3111 2070 3341 2135 afﬁxus,
3375 2088 3438 2125 ac
3482 2072 3724 2144 proinde

2078 2172 2186 2210 nec
2218 2156 2505 2226 sepultus,
2538 2172 2645 2211 nec
2676 2173 2709 2210 a
2739 2160 2922 2211 morte
2972 2164 3294 2227 revocatus,
3346 2160 3727 2231 quemadmo-

2076 2245 2217 2299 dum
2271 2244 2570 2299 nonnullis
2618 2245 2919 2300 Christum
2982 2253 3328 2319 praapostere
3386 2248 3726 2304 amantibus

2077 2332 2295 2404 placuit
2319 2351 2333 2399 ;
2353 2350 2554 2389 verum
2578 2335 2671 2388 hic
2694 2339 2922 2389 tantum
2947 2336 3289 2401 honoratus,
3325 2337 3422 2391 ubi
3449 2337 3634 2393 honor
3663 2338 3722 2392 in

2077 2423 2328 2477 dedecus
2359 2428 2415 2478 et
2445 2428 2844 2494 contemptum
2878 2424 3290 2493 recidit,atque
3319 2426 3392 2479 ob
3423 2442 3550 2480 eam
3583 2442 3719 2481 cau-

2078 2528 2203 2567 sam
2237 2511 2292 2565 in
2327 2512 2473 2567 duos
2506 2511 2657 2565 ﬁlios
2697 2511 2985 2566 dissectus
3017 2518 3117 2567 aut
3147 2513 3510 2584 compositus
3562 2529 3576 2567 :
3627 2513 3722 2568 hic

2078 2605 2271 2655 autem
2296 2618 2409 2656 non
2434 2601 2684 2673 perfecte
2716 2606 3194 2673 assumptus,aut
3217 2601 3434 2657 honore
3458 2602 3722 2669 affectus,

2076 2691 2172 2744 sed
2211 2692 2466 2745 maxima
2513 2707 2580 2746 ex
2608 2695 2769 2763 parte
2821 2691 3082 2760 adjectus
3120 2696 3175 2745 et
3224 2691 3610 2756 abalienatus,
3644 2689 3723 2745 si-

2076 2778 2312 2849 quidem
2362 2778 2682 2834 maximum
2716 2780 2854 2851 quid
2889 2780 2943 2833 in
2978 2779 3236 2833 hominis
3269 2784 3479 2834 natura
3508 2784 3598 2834 est
3626 2779 3715 2834 di-

2073 2867 2210 2921 vina
2256 2867 2449 2938 imago
2506 2871 2563 2922 et
2619 2868 2835 2923 mentis
2892 2867 3155 2922 facultas.
3187 2869 3501 2938 Oportebat
3556 2866 3715 2922 enim

2072 2955 2314 3022 scilicet,
2350 2960 2732 3027 posteaquam
2764 2955 2949 3011 deitas
2981 2955 3147 3010 unita
3176 2960 3352 3023 esset,
3382 2956 3719 3011 humanita-

2071 3049 2186 3099 tem
2220 3044 2420 3111 dividi,
2456 3060 2519 3097 ac
2551 3044 2702 3098 circa
2745 3051 2999 3099 mentem
3052 3044 3342 3109 homines,
3376 3043 3589 3115 alioqui
3623 3062 3716 3099 sa-

2071 3133 2318 3205 pientes.
2353 3131 2697 3203 insipientes
2726 3132 2987 3197 evadere,
3023 3148 3252 3204 meque,
3286 3133 3385 3205 qui
3432 3138 3593 3188 totus
3623 3150 3717 3189 ce-

2071 3221 2205 3287 cidi,
2240 3224 2417 3290 atque
2471 3222 2542 3275 ob
2601 3219 2775 3291 primi
2832 3220 3088 3276 hominis
3144 3222 3601 3279 inobedientiam
3659 3226 3718 3277 et

313 3290 534 3341 τοῦσθαι
590 3294 668 3359 τῷ
719 3292 811 3363 μὲν
866 3300 981 3364 Θεῷ
1028 3298 1125 3361 τὴν
1173 3300 1355 3373 χάριν,
1391 3303 1523 3371 ἡμῖν
1553 3300 1609 3357 δὲ
1654 3303 1752 3371 τὴν
1787 3326 1955 3376 σωτη-

2075 3309 2285 3363 diaboli
2336 3309 2598 3363 fraudem
2648 3310 3073 3364 condemnatus
3119 3328 3272 3371 sum.
3307 3329 3418 3365 non
3453 3312 3612 3367 omni
3644 3329 3713 3368 ex

316 3375 461 3466 pinv”
488 3376 560 3430 Οὐ
596 3378 760 3449 μόνον
794 3378 870 3451 δὲ,
905 3381 1031 3439 ἀλλ’
1061 3384 1141 3438 ὅτι
1182 3387 1270 3440 καὶ
1303 3388 1431 3463 ὑπὲρ
1466 3392 1761 3466 ἀνθρώπων
1820 3375 1955 3466 ἡμῖν

314 3464 342 3517 ὁ
373 3463 621 3536 πόλεμος
648 3473 764 3530 τοῖς
794 3471 940 3545 παρά
969 3478 1100 3527 Θεοῦ
1141 3478 1521 3550 σεσωσμένοις,
1573 3481 1661 3535 καὶ
1703 3488 1959 3537 τοσοῦτον

310 3552 374 3605 τὸ
403 3555 587 3628 περιὸν
642 3558 776 3627 ἡμῖν
818 3564 916 3612 τοῦ
964 3561 1316 3635 στασιώδους,
1367 3566 1503 3621 ὣστε
1550 3569 1637 3623 καὶ
1684 3576 1798 3631 τοῖς
1848 3576 1953 3625 τῶν

310 3639 495 3734 ἀλλων
532 3641 892 3734 ,φιλοτιμίαις
947 3655 1107 3705 τοῦτο
1164 3652 1492 3728 ἐχρήσαμεν,
1549 3659 1635 3712 καὶ
1683 3659 1814 3733 ὑπὲρ
1846 3664 1957 3734 (44)

308 3727 618 3804 ἀλλοτρίων
655 3731 860 3808 θρόνων
894 3734 1031 3798 ἰδίας
1062 3727 1261 3814 ἔχθρας
1312 3743 1677 3818 ἀναιρούμεθα
1703 3765 1714 3777 ·
1749 3727 1860 3802 δῦον
1891 3727 1958 3803 τά.

313 3817 541 3892 μέγιστα
571 3823 693 3895 περῖ
725 3820 777 3877 ἓν
826 3824 1299 3899 ἐξαμαρτάνοντες,
1351 3817 1563 3887 ἐκείνων
1615 3855 1674 3889 τε
1720 3837 1781 3889 τὸ
1830 3838 1955 3913 φίλ-

307 3925 479 3979 αρχον
542 3909 941 3983 ὑπεκκαίοντες,
997 3915 1085 3968 καὶ
1145 3916 1296 3970 αὐτοὶ
1352 3924 1449 3973 τοῦ
1508 3923 1710 3977 οἰκείου
1748 3909 1953 3988 πάόους

304 3989 528 4068 ἔρεισμα
581 3996 742 4053 τοῦτο
802 3997 1192 4076 λαμϐάνοντες,
1249 4009 1485 4084 καθάπερ
1544 4012 1595 4064 οἱ
1654 4016 1953 4087 κρημνιζό-

307 4104 459 4155 μενοι
489 4089 584 4149 τὰς
616 4088 850 4158 πλησίον
884 4090 1102 4165 πέτρας.
1149 4094 1184 4163 ἤ
1235 4101 1341 4151 τῶν
1393 4100 1609 4172 θάμνων
1655 4102 1749 4163 τὰς
1806 4104 1953 4179 στερ-

307 4170 548 4227 ὁοτὲοας.

304 4192 548 4249 ροτερας.

303 4317 626 4442 ed(34e)ytlii§
674 4318 787 4378 οὖν.
824 4324 917 4380 Sic
966 4326 1059 4382 Or.
1098 4330 1146 4383 1.
1179 4329 1242 4385 In
1291 4337 1429 4402 Reg.
1465 4334 1586 4402 bm,
1617 4332 1703 4402 ἥτ’
1736 4333 1849 4392 οὖν.
1886 4340 1947 4393 In

372 4460 485 4532 (35)
513 4462 612 4544 Καὶ
652 4464 976 4547 ὴ“ξῐ)ρυγῶν,
1021 4474 1130 4525 etc.
1164 4493 1181 4517 α
1220 4473 1289 4527 Et
1340 4474 1704 4547 Phrygum,»
1739 4484 1848 4534 etc.
1884 4480 1945 4535 In

2070 3403 2232 3470 parte
2263 3399 2511 3452 salutem
2565 3399 2865 3469 consequi,
2901 3404 2963 3453 ut
2994 3400 3075 3453 ita
3113 3404 3169 3453 et
3215 3400 3307 3453 Dei
3343 3400 3717 3467 beneﬁcium,

2067 3491 2123 3542 et
2154 3492 2353 3543 nostra
2374 3486 2534 3541 salus
2566 3473 2973 3542 imminuatur.
3006 3489 3088 3543 Ad
3113 3504 3286 3558 quam
3311 3488 3717 3555 indignitatem

2066 3575 2210 3630 illud
2263 3576 2437 3631 etiam
2491 3577 2734 3641 accedit,
2769 3578 2920 3647 quod
2960 3577 3057 3648 qui
3093 3595 3126 3631 a
3152 3578 3267 3632 Deo
3299 3578 3488 3633 salute
3518 3579 3720 3634 donati

2067 3665 2608 3736 sumus,hominum
2634 3681 2809 3719 causa
2839 3665 3053 3720 bellum
3078 3666 3719 3738 gerimus,tantumque

2064 3756 2122 3810 in
2157 3756 2325 3811 nobis
2373 3756 2759 3811 contendendi
2806 3757 3064 3810 studium
3098 3758 3394 3821 exuberat,
3428 3763 3491 3811 ut
3516 3757 3712 3829 ipsum

2066 3860 2297 3915 quoque
2320 3843 2564 3899 aliorum
2590 3844 3014 3899 ambitionibus
3036 3848 3499 3917 commodemus,
3523 3864 3587 3902 ac
3612 3864 3714 3918 pro

2064 3934 2274 3988 alienis
2313 3933 2543 3987 thronis
2577 3933 2839 4002 proprias
2869 3933 3212 3989 inimicitias
3242 3935 3621 4005 accipiamus,
3654 3938 3713 3992 in

2062 4037 2182 4075 una
2210 4038 2271 4074 re
2303 4022 2417 4074 duo
2441 4020 2790 4091 gravissima
2823 4026 3058 4091 peccata
3089 4022 3546 4089 committentes,
3581 4040 3713 4078 cum

2064 4110 2343 4163 nimirum
2377 4114 2435 4163 et
2488 4125 2687 4165 eorum
2737 4109 3118 4165 ambitionem
3169 4111 3627 4178 inﬂammemus,
3663 4118 3720 4167 et

2061 4199 2171 4269 ipsi
2222 4198 2443 4252 vitiosae
2494 4203 2705 4254 nostrae
2755 4199 3083 4255 affectionis
3134 4200 3240 4255 hoc
3290 4200 3712 4257 adminiculum

2132 4339 2248 4411 (39)
2280 4337 2643 4412 Ἀτιμάζεται.
2704 4339 2908 4396 Plures
2958 4342 3137 4414 Regg.
3170 4348 3228 4399 et
3270 4343 3365 4399 Or.
3400 4345 3451 4411 1,
3486 4343 3707 4417 ἀτιμοῦο

2058 4430 2242 4558 fuligo)
2289 4484 2494 4558 Κακῶς,
2534 4478 2904 4558 φιλοχρίστων
2965 4481 3093 4538 ἀλλ’
3152 4483 3394 4553 ἐνταῦθα,
3447 4489 3578 4558 οιοπ
3617 4486 3710 4542 Sic

297 4533 1015 4626 gifegiionelidont‘anus.
1059 4558 1192 4596 suos
1245 4533 1473 4600 errores?
1492 4533 1751 4626 ‘sparsit.
1786 4533 1951 4608 Unde
1984 4557 2027 4621 D
2058 4533 2918 4626 designantur'Apollir’iaristie,
2945 4533 3712 4626 εῇὶῖὀοξιιὲῖιέιὲὗαόὶῖόιῖιὶίῖ

297 4602 733 4689 ejursndi's'cipu‘li
771 4610 1212 4689 {Catapbryges
1248 4638 1268 4663 ιο
1306 4625 1445 4672 sunt
1475 4602 1765 4689 appellati.

364 4674 477 4754 (36)
510 4675 573 4730 Ἡ
608 4674 859 4754 Γαλατῶν
908 4674 1239 4740 ἅνόια.”Ῑ-Ιίῡ
1293 4710 1319 4735 α
1372 4674 1774 4749 Marde'lliantis
1804 4716 1832 4744 »
1867 4694 1943 4749 8i-

292 4746 572 4867 gniﬁcare
604 4748 853 4818 videtur,
883 4754 981 4822 qui
1014 4770 1398 4825 personarum
1432 4746 1773 4820 Trinitatem
1808 4746 1942 4821 cum

337 4816 545 4867 abellm
578 4822 889 4867 negabant-
916 4824 1223 4867 Marnpllnn
1250 4835 1440 4867 αιτιοηη
1476 4839 1597 4867 υκαι
1629 4835 1827 4867 nni“-
1847 4855 1859 4867 .
1886 4844 1941 4867 ηι

337 4816 1223 4903 labelliohnegabant-Marcellus
1249 4835 1441 4903 autem
1476 4816 1943 4903 eratﬁdlata;

292 4885 502 4977 alludit
526 4885 840 4977 Gregorius
870 4898 938 4977 ad
976 4897 1292 4977 haecPauli
1325 4885 1596 4959 verbaad

292 4977 318 5003 ‹‹
351 4957 399 5031 07
424 4957 708 5032 insensati
741 4966 978 5032 Galatae,
1007 4991 1034 5017 »
1065 4974 1173 5023 etc.

357 5031 799 5122 (32,20510’1594.
825 5040 917 5122 Ad
951 5041 1284 5122 marginem
1310 5043 1633 5122 Regjicod.
1665 5048 1741 5103 hu
1772 5052 1937 5122 poni-

284 5099 399 5181 tur,
427 5099 797 5181 navgumav.
824 5109 916 5163 Sic
941 5099 1176 5181 quid‘ém
1205 5113 1357 5169 Elias
1374 5099 1803 5181 ;UBillioau_temr
1815 5099 1937 5178 ἶίὸή

285 5167 495 5261 placet.
520 5167 684 5261 parte
707 5167 1019 5261 Gregorius
1049 5199 1147 5261 eos
1179 5167 1804 5261 intelligit—,qui—panlo

282 5256 394 5339 nus
427 5245 780 5339 dividebant,
810 5245 1007 5339 quam“
1033 5256 1220 5337 Arius.
1248 5245 1558 5339 Nonuen'ir'n
1614 5245 1934 5339 ρεἶδὶαῲἶ-

282 5321 483 5405 ροντων
521 5321 1033 5405 intelliguntur-“ii,
1085 5328 1210 5405 qui
1235 5331 1478 5405 Arianos
1511 5357 1537 5379 ιι
1572 5321 1873 5405 superant:
1905 5361 1931 5387 υ

280 5389 345 5436 ut
389 5389 805 5470 interpretatur
832 5389 1212 5470 _Bi|lius,'sed
1271 5403 1370 5470 qui
1422 5405 1493 5457 ab
1540 5389 1679 5459 eisi:
1708 5389 1931 5462 discre-

277 5460 421 5525 pant
457 5480 482 5504 ››
514 5466 569 5512 et
602 5484 628 5509 «
663 5464 969 5521 dissident.
999 5489 1025 5518 ιι

348 5527 841 5615 (38)Ξ;)γομαχίχν
886 5535 1202 5615 ἀδελνρεκῇν.
1256 5541 1641 5615 lntclligenda
1690 5548 1809 5602 hare
1859 5551 1928 5605 de

274 5601 767 5694 :I‘apollin’ariLQ
819 5627 992 5694 qu‘cm
1034 5601 1265 5694 “mitius
1324 5601 1536 5672 tractat
1568 5601 1925 5694 Gregorius,

274 5672 429 5739 quod
466 5689 599 5730 eum
634 5672 950 5751 aliquando
983 5684 1052 5738 ad
1096 5683 1392 5742 saniorem
1424 5672 1927 5750 ωθηιθῶῗέἆίῐιῖἷ

268 5757 400 5797 rum
434 5756 715 5817 speraret.

2059 4632 2217 4679 stum
2253 4642 2285 4679 a
2315 4625 2627 4698 Catholicis
2660 4627 2742 4698 in_
2764 4628 2911 4682 duos
2956 4625 3107 4684 filios
3140 4629 3339 4695 dividi,
3373 4630 3526 4698 quod
3562 4630 3711 4685 duas

2059 4702 2322 4772 naturas,
2352 4696 2612 4753 divinam
2644 4696 2865 4754 scilicet
2896 4705 2952 4754 et
2980 4699 3325 4771 humanam,
3358 4696 3618 4772 integras
3650 4702 3708 4757 in

2056 4786 2122 4824 eo
2154 4768 2549 4824 admitterent.

2124 4840 2239 4911 (41)
2271 4840 2591 4909 Καθὲστηκε.
2632 4844 2797 4895 Deest
2825 4840 2883 4893 in
2912 4840 3047 4911 Reg.
3086 4842 3202 4906 bm,
3234 4847 3291 4897 et
3318 4842 3415 4898 Or.
3454 4844 3503 4897 1.

2124 4911 2235 4981 (42)
2268 4912 2525 4967 ’Ήνωται.
2586 4912 2740 4967 Elias
2799 4911 3217 4981 interpretatur
3265 4931 3276 4968 :
3316 4937 3336 4963 ι
3392 4914 3561 4968 unita
3618 4919 3708 4969 est

2051 4982 2288 5054 carni.»
2318 4984 2491 5039 Recte
2521 4984 2757 5054 quidem
2813 4983 2950 5036 licet
2987 4982 3155 5039 aliter
3204 4987 3422 5040 sentiat
3470 4982 3698 5040 Billius.

2050 5053 2153 5137 Hic
2205 5055 2361 5110 enim
2412 5053 2726 5137 Gregorius
2774 5054 3030 5137 exagitat
3073 5054 3703 5137 Apollin'aristas,_qui

2049 5126 2306 5200 animam
2349 5144 2383 5180 a
2422 5126 2656 5200 Christo
2703 5130 3071 5200 assumptam
3124 5143 3239 5182 non
3292 5127 3494 5200 fuisse,
3528 5126 3705 5200 atq—ue

2049 5195 2301 5270 yerbum
2349 5199 2559 5253 animae
2606 5198 2759 5252 vices
2809 5195 3176 5270 supplex-isse
3224 5198 3513 5270 volebant,
3548 5195 3703 5270 quod

2047 5268 2376 5343 Theologus
2445 5267 3064 5343 ιιρρϐιίίιίνπερῖτὸν
3142 5273 3265 5323 νοῦν
3344 5267 3703 5342 ἀνοηταίνειν,

2048 5360 2075 5388 ‹‹
2108 5339 2259 5394 circa
2278 5339 2546 5396 mentem
2583 5339 2872 5397 insanire.
2892 5363 2912 5390 ι

2114 5410 2221 5479 (43)
2267 5411 2876 5485 Πρωτοπλάστοολὶθε.
2933 5411 3037 5479 hu,
3089 5412 3184 5468 Or.
3245 5415 3292 5481 1,
3345 5414 3486 5482 198.,
3546 5413 3700 5489 πρώ-

2038 5500 2154 5535 του.

2110 5553 2223 5621 (44)
2257 5552 2353 5605 Καὶ
2389 5553 2540 5628 ὑπερ,
2575 5558 2685 5611 etc.
2718 5554 2821 5609 Hie
2851 5553 3122 5628 designat
3152 5555 3466 5628 Gregorius
3495 5556 3697 5628 Antio-

2040 5623 2285 5751 izaherliam
2332 5623 2553 5697 sedem,
2587 5629 2657 5682 de
2706 5644 2824 5697 qua
2862 5623 3296 5682 contendebant
3324 5627 3594 5683 Meletius
3643 5633 3700 5683 et

2084 5712 2157 5751 au
2188 5714 2342 5751 inus.

2084 5712 2242 5752 8.11111]
2254 5714 2342 5753 US.
