4056 6274
356 333 511 395 1147

1591 344 1657 401 S.
1708 339 2078 400 GREGORII
2123 338 2518 400 THEULOGI

3604 341 3761 400 “id

357 466 736 537 accipiamus,
785 470 1308 539 quemadmodum,
1343 472 1442 543 qui
1501 473 1655 529 423
1706 472 1764 526 in
1826 485 2080 542 praceps
2129 471 2415 537 feruntur,
2465 471 2826 543 prepinquas
2883 473 3080 541 petras
3133 474 3234 526 aut
3290 469 3579 526 firmiores
3637 473 3758 526 fru-

354 555 553 610 trices.

427 644 566 699 XIV.
601 644 817 700 Verum
853 649 1022 702 nobis
1046 649 1237 720 potius
1286 652 1610 706 curandum
1635 654 1776 719 erat,
1806 654 1870 704 ut
1899 666 1996 704 eos

2183 648 2278 704 IA'.
2315 648 2441 701 Δέον
2494 647 2770 709 κάκείνους
2826 651 2999 702 ποιεῖν
3060 644 3149 701 διὰ
3202 654 3302 715 τῆς
3347 646 3547 701 ἑαυτῶν
3583 649 3757 722 ἀπρα-

356 749 457 803 pcr
513 734 768 804 quietem
823 744 1076 792 nostram
1136 739 1548 795 imbecilliores
1606 739 2002 794 redderemus.

354 823 446 876 Sic
469 823 623 877 enim
659 825 871 879 rectius
897 826 1063 896 ipsis,
1098 844 1272 897 quam
1315 846 1417 900 pro
1459 829 1602 899 ipsis
1633 829 2003 894 dimicantes,

355 911 820 968 consuleremus.
856 918 925 968 At
950 933 1103 970 nunc
1122 917 1241 982 alii,
1276 934 1405 972 mea
1425 918 1661 988 quidem
1695 917 2005 981 sententia,

356 1017 636 1070 perquam
672 1004 881 1058 misere
914 1021 975 1059 se
1007 1005 1142 1059 belli
1171 1008 1360 1061 socios
1386 1006 1517 1061 aliis
1547 1008 1898 1077 adjungunt,
1951 1011 2008 1060 et

357 1089 618 1144 vicissim
671 1090 801 1145 belli
835 1094 1023 1147 socios
1074 1095 1389 1165 accipiunt,
1425 1097 1564 1149 adeo
1617 1102 1680 1148 ut
1723 1095 2004 1158 mundus,

360 1194 462 1247 qni
494 1179 772 1233 diuturno
822 1181 1018 1235 labore
1050 1181 1141 1235 vix
1171 1183 1402 1236 tandem
1455 1189 1512 1237 et
1558 1182 1868 1253 paulatim,
1905 1198 2005 1235 nec

362 1267 488 1320 sine
519 1267 839 1322 multorum
883 1271 1170 1340 sanguine
1201 1271 1476 1326 collectus
1508 1272 1714 1340 fuerat,
1748 1272 1806 1325 in
1858 1272 2005 1325 duas

351 1355 478 1424 jam
504 1357 824 1411 contrarias
847 1364 1041 1428 partes
1063 1360 1283 1414 divisus
1309 1360 1421 1414 sit:
1448 1360 1784 1430 quicunque
1811 1368 2004 1414 autem

363 1443 489 1515 paci
523 1447 1130 1518 student,mediosque
1153 1465 1215 1503 se
1238 1450 1604 1517 proﬁtentur,
1637 1450 1706 1502 ab
1741 1450 2005 1519 utrisque

363 1532 513 1587 male
547 1534 924 1598 mulctantur,
957 1541 1158 1606 utpote
1188 1537 1287 1607 qui
1319 1536 1404 1591 vel
1456 1538 1814 1606 contemptui
1865 1537 2002 1603 sint,

361 1619 451 1675 vel
483 1621 659 1676 etiam
691 1623 842 1677 bello
881 1622 1263 1679 lacessantur.
1295 1628 1339 1679 A
1371 1643 1488 1695 qua
1522 1631 1680 1694 parte
1713 1642 1846 1680 cum
1899 1642 2004 1680 nos

363 1727 597 1782 quoque
623 1712 904 1767 hodierno
934 1713 1027 1768 die
1052 1718 1297 1780 stemus,
1331 1714 1430 1785 qui
1480 1715 1598 1769 haec
1630 1714 2002 1784 reprehendi-

364 1815 519 1866 mus,
557 1817 621 1854 ac
643 1807 943 1869 propterea
965 1803 1299 1858 cathedram
1330 1804 1666 1858 certaminis
1689 1810 1746 1857 et
1775 1803 2004 1857 invidiae

362 1885 594 1956 plenam
623 1887 964 1956 accipimus,
985 1888 1138 1942 haud
1164 1890 1498 1943 mirandum
1523 1889 1707 1955 erit,si
1731 1891 1801 1944 ab
1828 1890 2006 1944 utris-

2113 736 2394 811 γμοσόνης
2443 736 2870 809 ἀσθενεστέρους.
2923 736 3078 792 Οὕτω
3129 735 3231 810 γὰρ
3283 736 3341 789 ἂν
3394 734 3607 807 μᾶλλον
3664 737 3757 790 αὐ-

2113 830 2249 892 τοῖς,
2299 827 2333 893 ἢ
2393 831 2762 896 πολεμοῦντες
2815 825 2944 898 ὑπὲρ
2993 824 3164 879 αὐτῶν
3215 825 3599 899 ἐχαριζόμεθα.
3656 830 3758 878 Νῦν

2118 911 2174 967 δὲ
2222 915 2274 968 οἱ
2322 917 2414 986 μὲν
2467 919 2817 988 συμμαχοῦσι
2872 914 2959 968 καὶ
3017 918 3433 988 συμμαχοῦνται
3478 917 3590 986 (45)
3641 913 3758 969 λίαν

2118 1001 2385 1072 ἐλεεινῶς,
2419 1004 2493 1064 ὡς
2523 1007 2651 1076 γοῦν
2684 1003 2805 1074 ἐμοὶ
2839 1000 3024 1057 δοκεῖ·
3061 1001 3197 1056 ὥστε
3235 1003 3322 1056 καὶ
3359 1003 3433 1063 εἰς
3485 1000 3578 1055 δύο
3633 1002 3759 1073 μοί-

2118 1111 2211 1165 ρας
2265 1091 2594 1152 ἀντιπάλους
2650 1090 2758 1160 ἤδη
2815 1092 2906 1145 τὸν
2959 1091 3162 1162 κόσμον
3222 1091 3606 1165 ἀποκριθῆναι,
3671 1092 3760 1144 καὶ

2114 1185 2274 1234 τοῦτο
2325 1180 2415 1234 σὺν
2466 1181 2618 1250 πόνῳ
2673 1180 2849 1255 μόγις,
2893 1179 3147 1234 καὶκατά
3182 1181 3368 1252 μικρὸν
3404 1181 3760 1254 συναχθέντα,

2115 1269 2203 1323 καὶ
2235 1268 2459 1324 πολλῶν
2513 1267 2751 1341 α’ίμασιν.
2801 1271 2964 1325 ’Ὸσον
3015 1266 3072 1321 δὲ
3120 1268 3386 1344 εἰρηνικόν
3435 1289 3494 1322 τε
3541 1269 3630 1321 καὶ
3667 1270 3763 1339 μέ-

2117 1379 2229 1428 σον,
2285 1359 2371 1411 ὑπ’
2420 1358 2741 1434 ἀμφοτέρων
2787 1357 2985 1432 πάσχει
3036 1361 3236 1428 κακῶς,
3300 1359 3335 1426 ἢ
3386 1356 3762 1433 καταφρονού-

2119 1468 2300 1520 μενον,
2334 1447 2368 1515 ἢ
2401 1445 2489 1500 καί
2537 1445 2975 1518 πολεμούμενον.
3023 1448 3118 1499 Ὧν
3163 1446 3251 1500 καὶ
3284 1449 3446 1516 ἡμεῖς
3479 1445 3627 1507 ὅντες
3663 1449 3764 1515 σή-

2120 1556 2279 1608 μερον
2315 1536 2364 1588 οἱ
2389 1540 2555 1589 ταῦτα
2584 1533 3031 1610 κατηγοροῦντες,
3063 1535 3152 1588 καὶ
3186 1533 3275 1589 διὰ
3302 1535 3467 1588 τοῦτο
3496 1536 3596 1603 τήν
3626 1536 3764 1589 καθ-

2116 1622 2269 1700 έδραν
2320 1624 2519 1693 ταύτην
2567 1622 2869 1695 δεξαμενοι,
2916 1626 3016 1692 τὴν
3070 1623 3340 1699 ἐπίμαχον
3389 1625 3478 1677 καὶ
3537 1622 3764 1699 ἐπίφθο-

2114 1732 2251 1767 νον’
2311 1713 2610 1784 Θαυμαστὸν
2674 1710 2851 1778 οὐδὲν,
2913 1712 2957 1766 εἰ
3019 1714 3106 1766 ὑπ’
3180 1712 3502 1789 ἀμφοτέρων
3579 1711 3764 1786 ἐκτρι-

2116 1796 2362 1871 ϐείημεν,
2404 1801 2493 1855 καὶ
2538 1801 2797 1873 σταίημεν
2857 1801 2916 1854 έκ
2969 1805 3064 1854 τοῦ
3104 1802 3269 1872 μέσου
3305 1800 3437 1872 μετὰ
3463 1799 3591 1861 τοὺς
3621 1799 3764 1854 πολ-

2116 1888 2249 1950 λοὺς
2280 1887 2511 1963 ἱδρῶτας
2543 1890 2631 1942 καὶ
2662 1888 2880 1958 πόνους,
2912 1887 2987 1941 τίν’
3016 1888 3233 1962 ἐγγύθεν
3285 1887 3569 1956 ἀλλήλους
3623 1887 3763 1962 βάλ-

363 1991 474 2044 que
505 1981 893 2045 conteramur,
926 1994 991 2031 ac
1024 1982 1153 2044 post
1183 1978 1400 2033 multos
1431 1979 1659 2034 labores
1683 1984 1739 2032 et
1760 1980 2003 2033 sudores

2123 1975 2282 2047 λωσι,
2341 1998 2430 2031 και
2487 1978 2644 2031 παντὶ
2692 1981 2771 2048 τῷ
2818 1979 2995 2049 θυμῷ,
3049 1975 3277 2048 μηδενὸς
3321 1971 3477 2037 ὄντος
3526 1974 3577 2030 έν
3613 1975 3764 2049 μέσῳ

2127 2063 2150 2080 κ
2347 2066 2356 2080 .
2688 2066 2700 2080 .
2847 2065 2866 2080 κ
2897 2066 2909 2080 ,
3188 2071 3225 2080 ...
3268 2069 3289 2079 -
3453 2064 3481 2080 ν
3599 2066 3610 2080 .
3666 2065 3676 2080 ,

362 2063 433 2117 de
484 2064 671 2119 medio
722 2066 1213 2132 submoveamur;
1269 2074 1330 2121 ut
1377 2068 1606 2122 sublato
1658 2067 2004 2122 intermedio

363 2150 582 2222 pariete
636 2157 813 2223 atque
859 2155 1018 2208 omni
1071 2155 1514 2225 impedimento,
1564 2157 1833 2210 cominus
1880 2157 2008 2227 jam

360 2244 534 2310 atque
565 2241 725 2296 omni
758 2241 1089 2297 animorum
1124 2250 1346 2314 impetu
1379 2261 1508 2299 sese
1533 2251 1737 2299 mutuo
1769 2245 2009 2299 convul-

363 2336 588 2385 nerent.
620 2331 927 2386 Enimvero
973 2332 1093 2387 haec
1145 2333 1346 2388 sedare
1378 2338 1554 2403 atque
1602 2335 2007 2404 comprimere,

364 2420 615 2473 maxime
663 2420 898 2491 quidem
950 2422 1045 2475 Uei
1096 2422 1287 2484 fuerit,
1334 2423 1434 2493 qui
1484 2423 1682 2477 omnia
1727 2429 2006 2493 tanquam

362 2507 612 2562 vinculis
672 2509 1030 2578 quibusdam
1085 2510 1485 2580 constringit;
1546 2509 1755 2564 deinde
1812 2513 2006 2564 autem

361 2597 538 2653 etiam
597 2597 905 2652 hominum
960 2614 1181 2667 eorum,
1216 2599 1317 2668 qui
1365 2599 1731 2654 honestatem
1788 2599 2006 2668 colunt,

365 2690 539 2755 atque
569 2687 889 2742 concordia;
937 2688 1157 2742 bonum
1189 2687 1486 2759 cognitum
1535 2694 1592 2742 et
1641 2693 2009 2759 perspectum

366 2773 585 2828 habent
612 2791 624 2840 ;
649 2773 791 2828 illud
814 2775 1048 2843 quidem
1075 2777 1290 2830 bonum
1316 2793 1349 2831 a
1379 2776 1660 2831 Trinitate
1690 2777 2008 2847 exorditur,

364 2863 457 2919 cui
479 2865 622 2919 nihil
654 2881 817 2935 eaque
860 2865 1161 2936 proprium
1211 2871 1320 2933 est,
1354 2882 1420 2920 ac
1451 2871 1670 2920 natura)
1703 2866 1920 2932 unitas,
1954 2869 2011 2920 et

364 2952 424 3006 in
457 2953 651 3023 seipsa
670 2955 978 3009 concordia
998 2973 1011 3020 ;
1032 2956 1202 3025 cujus
1225 2954 1358 3009 boni
1395 2955 1710 3025 participes
1740 2960 1882 3009 sunt
1912 2971 2010 3008 an-

360 3041 491 3110 geli,
541 3048 599 3096 et
644 3043 849 3097 divinas
905 3048 1246 3113 potestates,
1298 3061 1425 3113 quis
1475 3049 1531 3098 et
1580 3060 1717 3098 cum
1766 3044 1903 3110 Deo,
1953 3047 2011 3097 et

357 3147 555 3186 secum
575 3132 815 3202 paciﬁce
838 3149 900 3186 se
918 3138 1129 3203 gerunt
1153 3150 1166 3198 ;
1193 3132 1560 3203 progreditur
1603 3131 1778 3186 etiam
1810 3133 1880 3186 ad
1917 3149 2009 3186 res

357 3235 562 3274 omnes
592 3225 835 3288 creatas,
871 3237 1122 3291 quarum
1153 3226 1563 3276 ornamentum
1590 3221 1648 3274 in
1702 3220 2010 3275 concordia

2123 2063 2567 2140 διατειχίσματος
2614 2066 2702 2120 καὶ
2761 2065 3112 2138 κωλύματος.
3188 2069 3363 2119 Ταῦτα
3420 2064 3511 2118 οὗν
3591 2065 3772 2139 ὁρίσαι

2118 2155 2208 2208 καὶ
2267 2162 2458 2224 στῆσαι
2520 2154 2754 2226 μάλιστα
2815 2155 2908 2227 μὶν
2969 2158 3100 2208 Θεοῦ
3149 2157 3249 2207 τοῦ
3294 2152 3465 2207 πάντα
3524 2150 3771 2207 συνδέον-

2116 2261 2244 2304 τος’
2307 2241 2489 2297 ἔπειτα
2537 2241 2593 2297 δὲ
2648 2242 2736 2296 καὶ
2796 2243 3114 2318 ἀνθρώπων,
3166 2241 3313 2304 ὅσοις
3363 2244 3476 2315 (46)
3505 2243 3568 2296 τὸ
3600 2241 3769 2296 καλὸν

2119 2329 2550 2402 διεσπνύδασται,
2584 2332 2673 2386 καὶ
2703 2331 2765 2386 τὸ
2795 2339 2896 2401 τῆς
2948 2331 3207 2403 ὁμονοίας
3257 2331 3451 2405 ἀγαθὸν
3503 2330 3768 2405 γνωρίζε-

2117 2439 2242 2474 ται·
2299 2421 2403 2474 ἀπὸ
2452 2422 2545 2492 μὲν
2589 2427 2688 2489 τῆς
2734 2417 2962 2492 Τριάδος
3006 2420 3298 2494 ἀρξάμενον
3349 2422 3483 2492 (47),
3514 2422 3580 2487 ἧς
3613 2417 3768 2472 οὐδὲν

2121 2509 2292 2570 οὕτως
2323 2506 2458 2563 ἴδιον
2492 2509 2565 2570 ὡς
2596 2510 2659 2563 τὸ
2714 2508 2769 2563 ἓν
2813 2513 2882 2581 τῇ
2933 2507 3108 2585 φύσει,
3157 2507 3246 2562 καὶ
3293 2509 3428 2580 πρὸς
3473 2509 3665 2576 ἑαυτὴν
3699 2506 3776 2561 εῖ-

2121 2603 2382 2673 ρηναῖον·
2456 2595 2795 2675 μεταληφθὲν
2869 2595 2927 2652 δὲ
2999 2598 3101 2651 ὑπὸ
3153 2601 3261 2651 τῶν
3318 2595 3622 2672 ἀγγελιιιῶν
3677 2596 3768 2650 καὶ

2120 2686 2274 2750 θείων
2312 2684 2608 2758 δυνάμεων,
2639 2685 2694 2740 ατί
2722 2686 2810 2741 καὶ
2845 2687 2979 2760 πρὸς
3023 2686 3149 2741 Θεὸν
3196 2685 3282 2739 καὶ
3328 2687 3463 2760 πρὸς
3513 2683 3766 2754 ἀλλήλας

2119 2775 2408 2850 είρηνικὼς
2448 2772 2664 2850 ἔχουσι’
2725 2774 2990 2850 προελθὸν
3029 2772 3086 2828 δὶ
3118 2776 3228 2848 (48)
3263 2773 3426 2848 μέχρι
3459 2775 3635 2841 πάσης
3663 2779 3766 2841 τῆς

2116 2864 2364 2932 κτίσεως,
2412 2866 2476 2931 ἧς
2534 2863 2742 2936 κόσμος
2798 2865 2858 2918 τὸ
2906 2863 3253 2917 ἀστασίαστον
3284 2882 3296 2894 ⁸
3332 2863 3382 2916 ἐν
3412 2865 3545 2934 ἡμῖν
3577 2860 3633 2916 δὲ
3663 2883 3768 2916 πο-

2119 2951 2500 3024 λιτευσάμενον
2544 2955 2677 3026 (49),
2729 2954 2865 3006 κατά
2916 2952 3010 3024 μὶν
3058 2953 3242 3026 ψυχὴν
3286 2954 3352 3024 τῇ
3403 2955 3509 3004 τῶν
3563 2951 3767 3025 ἀρετῶν

2119 3039 2572 3111 ἀντακολουθήσει
2623 3042 2712 3095 καὶ
2759 3041 3035 3112 κοινωνίᾳ,
3085 3041 3220 3095 κατά
3268 3038 3325 3094 δὲ
3356 3044 3512 3112 σῶμα
3540 3043 3608 3111 τῇ
3653 3042 3765 3092 τῶν

2124 3130 2304 3202 μελῷν
2334 3132 2369 3199 ἢ
2416 3135 2524 3186 τῶν
2574 3130 2862 3206 στοιχείων
2905 3129 3039 3204 πρὸς
3070 3127 3292 3198 ἀλληλα
3323 3127 3650 3201 εὐαρμοστίᾳ
3675 3125 3768 3181 καὶ

2119 3218 2461 3293 συμμετρίᾳ·
2498 3219 2571 3273 ὧν
2603 3220 2664 3273 τὸ
2698 3220 2792 3292 μὶν
2842 3217 3070 3289 κάλλος,
3116 3216 3177 3272 τὸ
3231 3217 3288 3272 δὲ
3335 3216 3512 3292 ὑγίεια
3554 3213 3661 3270 ἔστι
3709 3236 3771 3270 τε

359 3308 538 3364 litum
565 3314 653 3363 est
677 3327 691 3376 ;
715 3311 870 3381 apud
898 3327 1003 3364 nos
1048 3310 1299 3380 denique
1347 3315 1634 3377 versatur,
1666 3309 1856 3380 quoad
1890 3311 2008 3364 ani-

2123 3309 2210 3362 καὶ
2246 3307 2591 3381 ὀνομάζεται.

361 3413 513 3452 mam
549 3397 783 3468 quidem
832 3415 932 3469 per
981 3405 1252 3453 mutuum
1289 3398 1574 3452 virtutum
1606 3398 1948 3453 comitatum
1979 3403 2035 3453 et
2065 3399 2434 3464 societatem;
2469 3399 2658 3469 quoad
2709 3415 2921 3468 corpus
2964 3403 3181 3463 autem,
3217 3414 3319 3468 per
3365 3395 3766 3452 membrorum

359 3489 461 3540 aut
491 3485 912 3541 elementorum
946 3487 1096 3541 inter
1128 3503 1190 3541 se
1215 3485 1674 3542 concinnitatem
1707 3493 1880 3558 atque
1911 3488 2364 3558 proportionem,
2389 3502 2637 3555 quarum
2670 3486 2850 3540 altera
2881 3485 3278 3556 pulchritudo,
3304 3484 3488 3540 altera
3517 3483 3772 3552 sanitas,

358 3579 415 3629 et
443 3579 552 3639 est,
585 3578 641 3630 et
670 3574 1015 3646 appellatur.

429 3659 547 3715 XV.
579 3661 918 3731 Quanquam
971 3664 1166 3716 autem
1199 3660 1344 3715 illud
1399 3677 1632 3732 quoque
1679 3661 2006 3716 Salomonis

358 3750 687 3821 praedicem,
731 3749 853 3820 qui,
888 3754 952 3804 ut
997 3749 1128 3805 aliis
1177 3749 1453 3805 omnibus
1501 3750 1699 3815 rebus,
1733 3751 1813 3805 ita
1859 3749 2008 3805 bello

356 3838 529 3894 etiam
553 3855 618 3894 ac
667 3838 795 3910 paci
843 3843 1078 3910 tempus
1129 3840 1433 3906 statuit”;
1459 3839 1566 3894 hoc
1598 3856 1780 3894 unum
1813 3845 2007 3894 tamen

361 3929 452 3997 adj
467 3928 1220 3999 iciam,utriusquequidem
1238 3929 1318 3982 rei
1332 3933 1445 3983 tem
1458 3945 1566 3999 pus
1579 3928 2008 3983 observandum

359 4033 488 4072 esse
519 4016 1043 4087 (quandoquidem,
1069 4018 1238 4087 juxta
1284 4017 1443 4071 illius
1475 4016 1661 4088 legem
1689 4023 1746 4072 et
1784 4032 2009 4071 sermo-

364 4123 522 4172 nem,
549 4106 790 4162 honeste
821 4105 1111 4161 interdum
1150 4105 1366 4160 bellum
1393 4107 1512 4178 geri
1539 4105 1769 4176 potest),
1803 4121 2008 4174 quam-

361 4195 460 4248 diu
493 4200 686 4249 autem
716 4193 871 4259 licet,
905 4193 1313 4265 propensiores
1345 4196 1412 4250 ad
1451 4211 1650 4264 pacem
1681 4209 1809 4249 esse
1837 4194 2008 4248 debe-

363 4283 632 4350 mus,hoc
662 4284 818 4338 enim
852 4282 1165 4338 sublimius
1190 4292 1279 4338 est
1307 4290 1364 4338 et
1391 4282 2010 4337 divinius.Absurdum

364 4374 580 4442 quippe
643 4373 818 4427 fuerit
876 4372 1229 4438 existimare,
1291 4372 1660 4427 concordiam
1740 4371 2010 4442 privatim

363 4461 601 4531 quidem
654 4461 936 4530 optimam
972 4461 1128 4515 424
1177 4477 1296 4516 rem
1332 4477 1481 4528 esse,
1536 4465 1594 4514 at
1621 4459 1848 4530 publice
1898 4477 2010 4513 non

365 4549 608 4620 perinde
639 4548 837 4604 utilem
873 4555 928 4603 et
959 4549 1319 4603 fructuosam
1353 4564 1365 4602 :
1402 4566 1468 4604 ac
1499 4550 1739 4603 domum
1773 4549 2011 4619 quidem

363 4637 524 4693 illam
557 4641 613 4692 et
643 4637 930 4693 civitatem
965 4639 1182 4710 optime
1211 4637 1682 4708 gubernari,quea
1714 4635 1801 4692 vel
1835 4636 2013 4691 nullis

2189 3660 2291 3714 IE'.
2338 3660 2554 3713 Επαινῶ
2598 3659 2709 3729 (50)
2754 3653 2811 3709 δὲ
2861 3654 3031 3732 ἰγωγε
3074 3654 3164 3710 καὶ
3219 3656 3282 3709 τὸ
3329 3660 3426 3709 τοῦ
3460 3653 3771 3728 Σολομῶν-

2115 3767 2230 3814 τος,
2297 3745 2476 3820 ὥσπερ
2533 3745 2692 3799 παντὶ
2751 3749 3049 3820 πρᾶγματι,
3112 3743 3254 3798 οὕτω
3286 3741 3460 3798 δὲκαὶ
3527 3742 3771 3817 πολέμῳ

2116 3834 2204 3888 καὶ
2248 3834 2434 3909 εἰρήνῃ
2481 3832 2877 3905 νομοθετοῦτος
2935 3832 3145 3906 καιρόν.
3205 3834 3408 3887 Ἐκεῖνο
3465 3834 3771 3906 προσθήσω

2123 3922 2285 3995 μόνον
2318 3923 2640 4000 ἀμφοτέρων
2701 3923 2793 3993 μὶν
2842 3924 2932 3978 τὸν
2992 3921 3177 3998 καιρὸν
3237 3921 3526 3996 τηρητέον,
3574 3918 3767 3990 ἔπειδή

2116 4013 2205 4066 καὶ
2234 4010 2496 4084 πολεμεῖν
2526 4009 2634 4066 ἔστι
2685 4011 2816 4066 ποτὲ
2871 4016 3055 4072 καλῶς
3102 4012 3214 4083 (51)
3259 4010 3392 4064 κατά
3434 4009 3524 4064 τὸν
3561 4008 3770 4063 ἐκείνου

2117 4101 2284 4172 νόμον
2343 4101 2431 4154 καὶ
2491 4098 2659 4174 λόγον
2686 4121 2698 4132 ·
2755 4097 2858 4161 ἕως
2916 4097 2962 4154 δ’
3011 4098 3068 4153 ἂν
3103 4098 3212 4173 ἐξῇ,
3245 4100 3380 4172 πρὸς
3410 4100 3508 4167 τὴν
3544 4098 3766 4172 εἰρήνην

2124 4188 2336 4262 μᾶλλον
2383 4187 2746 4243 ἀποκλιτέον·
2815 4192 2976 4242 τοῦτο
3033 4188 3136 4262 γὰρ
3197 4186 3534 4260 ὑψηλότερόν
3588 4207 3646 4239 τε
3675 4186 3769 4238 καὶ

2121 4276 2539 4353 θεοειδέστερον.
2601 4279 2686 4339 Ὡς
2740 4276 2877 4330 ἔστιν
2935 4274 3158 4348 ἄτοπον,
3228 4273 3337 4346 ἰδίᾳ
3395 4277 3487 4347 μὲν
3548 4273 3767 4350 ἄριστον

2123 4362 2527 4438 ὑπολαμϐάνειν
2590 4368 2650 4419 τὸ
2707 4365 2992 4438 ὁμονοίας,
3062 4363 3300 4438 δημοσίᾳ
3358 4363 3414 4419 δὲ
3475 4365 3550 4436 μὴ
3611 4362 3769 4418 λυσι-

2119 4455 2460 4511 τελέστατον.
2494 4455 2590 4509 Καὶ
2625 4455 2793 4510 οἰκίαν
2840 4455 2934 4527 μὶν
2985 4455 3073 4508 καὶ
3117 4454 3276 4508 πόλιν
3327 4453 3525 4522 ταύτην
3576 4451 3769 4526 ἄριστα

2124 4543 2458 4612 διοικεῖσθαι,
2519 4546 2639 4614 ἣτις
2689 4543 2747 4598 ἂν
2815 4541 2983 4616 μηδὲν
3038 4542 3072 4611 ἦ
3135 4543 3208 4604 ὡς
3245 4541 3509 4617 έλάχιστα
3554 4545 3770 4596 στασιά-

2126 4640 2187 4708 ζῃ
2243 4636 2356 4707 (52)
2413 4634 2548 4708 πρὸς
2609 4634 2821 4701 ἑαυτὴν,
2880 4634 2915 4702 ἠ
2969 4637 3128 4687 τοῦτο
3185 4632 3490 4705 πάσχουσα,
3533 4632 3765 4705 τάχιστα

363 4727 622 4796 omnino,
648 4725 734 4781 vel
759 4733 912 4782 certe
941 4727 1205 4782 minimis
1234 4726 1497 4781 dissidiis
1547 4725 1790 4791 laboret,
1817 4732 1919 4780 aut
1951 4725 1999 4780 si

2127 4720 2311 4796 έπανίῃ
2342 4725 2454 4794 (53)
2483 4722 2572 4776 καὶ
2622 4720 3017 4797 θεραπεύηται·
3069 4725 3148 4792 τῷ
3198 4717 3254 4773 δὲ
3301 4724 3468 4790 κοινῷ
3514 4725 3615 4788 τῆς
3647 4723 3762 4773 Ἐκ-

361 4814 602 4884 laboret,
635 4816 1076 4887 quamprimum
1105 4817 1175 4871 ad
1227 4832 1290 4872 se
1318 4816 1539 4881 redeat,
1592 4815 1911 4885 morboque
1942 4814 2011 4867 li-

431 4957 475 4995 ⁹³
503 4956 689 5014 Eccle.
721 4973 806 5025 ιιι,
837 4957 891 5015 8.

435 5103 548 5170 (45)
577 5101 942 5173 Συμμαχοῦσι
990 5097 1079 5152 καὶ
1102 5100 1569 5173 συμμαχοῦνται.
1620 5096 1846 5173 Billjus,
1875 5118 1898 5149 ε
1933 5097 2015 5152 si-

363 5173 486 5230 mul
529 5169 890 5245 pugnant,iet
937 5171 1116 5227 simul
1157 5169 1600 5245 oppugnantur.
1630 5191 1660 5219 »
1692 5169 1817 5224 Non
1865 5175 2016 5245 recte

364 5241 639 5318 quidem:
661 5244 891 5300 Etenim
935 5245 1094 5299 vocis
1143 5241 1353 5318 Graecae
1385 5242 1505 5297 haec
1535 5247 1626 5318 est
1649 5257 1788 5318 _ve_r_a
1834 5241 2013 5318 notio,

362 5312 689 5392 ἆυμμαχέω,
726 5339 752 5365 ‹‹
804 5331 967 5392 arma
1017 5315 1309 5392 consocio,
1360 5331 1500 5392 sum
1543 5313 1599 5392 in
1649 5312 2013 5392 belli__socie:

361 5385 509 5453 tate;
536 5385 1020 5460 η’ίσυμμαχοῦμαι,
1050 5409 1070 5437 ι
1102 5387 1234 5441 belli
1269 5386 1457 5460 socios
1487 5386 1692 5441 habeo.
1723 5407 1749 5434 ››
1780 5388 1909 5439 Haec
1942 5385 2013 5439 ad

361 5459 800 5516 Antiochenum
827 5459 1085 5514 schisma
1117 5459 1316 5512 referri
1347 5459 1636 5512 videntur.

434 5534 544 5604 (:16)
579 5533 781 5604 Ὅσοις,
817 5530 1176 5604 ἢθεχίῖγριιτ,
1211 5534 1264 5583 et
1298 5530 1395 5604 hu,
1431 5529 1532 5604 οἷς.

580 5600 1094 5684 Ἆρξάμέενονζιῆςιζε.
1128 5603 1324 5673 Cypr.,
1362 5600 1693 5684 ἀρχόμενον.

462 5669 552 5745 48)
585 5669 854 5745 Hgio—5);va
907 5671 982 5729 δέ.
1017 5669 1110 5731 Sic
1169 5669 1273 5730 nos
1330 5669 1471 5730 cum
1514 5669 1658 5744 Reg.
1709 5669 1811 5727 hu.
1861 5669 2016 5727 Editi

2120 4809 2350 4881 κλησίας
2408 4808 2550 4866 ἄλλο
2604 4832 2657 4866 τι
2716 4808 2930 4884 βέλτιον
2989 4810 3122 4864 εἶναι
3179 4808 3268 4863 καὶ
3299 4805 3765 4883 πρεπωδέστερον.

2125 5096 2407 5154 omittunt
2437 5092 2513 5150 δέ.
2544 5096 2703 5150 Enrr.

2198 5170 2307 5293 (39)
2340 5163 2824 5238 Πολιτευσάμενον.
2885 5166 3025 5237 Reg.
3083 5165 3184 5230 hu,
3238 5169 3296 5221 et
3352 5166 3446 5221 Or.
3498 5167 3552 5234 1,
3607 5161 3779 5218 πολι-

2198 5262 2216 5292 ›
2256 5258 2431 5293 μενον.

2125 5258 2247 5293 τευο
2256 5258 2431 5294 μενον.

2197 5260 2431 5311 ›ομενον.

2197 5313 2311 5382 (50)
2344 5309 2769 5382 'ErtuwibLReg.
2797 5308 2906 5382 hu,
2960 5305 3216 5382 ἐπαινῶν.

2197 5377 2310 5451 (51)
2345 5377 2555 5438 Καλῶς.
2590 5377 2762 5435 Deest
2793 5381 2849 5434 in
2888 5381 3021 5450 Reg.
3057 5381 3176 5434 bm.

2200 5449 2305 5519 (52)
2343 5453 2628 5524 Στασιάζῃ.
2665 5452 2803 5524 Reg.
2839 5452 2940 5518 hu,
2973 5449 3031 5505 et
3061 5451 3156 5506 Or.
3192 5452 3241 5524 ᾖ,
3275 5449 3570 5524 στασιά-ζοι.

2197 5526 2307 5594 (53)
2370 5520 2612 5594 Ἐπανίγί.
2667 5520 2777 5577 δῆθ’
2823 5540 2930 5579 nos
2977 5539 3120 5594 cum
3181 5522 3276 5576 0r.
3340 5524 3388 5577 1.
3451 5522 3587 5594 Reg.
3653 5520 3757 5594 bim

2197 5536 2307 5592 (55)
2371 5536 2612 5594 Ἐπανίῃ.
2667 5536 2758 5577 δια
2823 5540 2930 5579 nos
2989 5539 3120 5577 cum
3181 5536 3276 5576 Ul".
3340 5536 3390 5605 1:
3428 5536 3587 5646 Ine?
3655 5536 3783 5612 D’m,

2125 5591 2355 5725 ἒτῖξέιείῃ.
2411 5596 2582 5669 Apud
2640 5596 2912 5664 Montac.,
2971 5593 3230 5666 έπανήκῃ.
3290 5594 3480 5665 Editl,
3569 5611 3783 5652 πανιοι.

2174 5681 2285 5725 DIT.
