4056 6274
322 374 477 435 1149

1473 371 1764 434 ORATIO
1808 371 1994 432 XXII.
2028 401 2107 415 —
2136 370 2236 431 DE
2280 368 2481 429 PACE
2525 369 2603 429 Il.

3566 370 3724 430 1150

320 503 420 559 Καὶ
450 502 608 559 αὐτὸν
664 503 751 576 μὲι
780 499 1026 573 ἕκαστον,
1060 500 1208 566 ὅπως
1261 502 1319 558 ἂν
1378 504 1513 580 πρὸς
1571 502 1758 557 ἑαυτὸν
1818 499 1967 578 εἲρή-

2085 502 2346 570 beretur;
2371 500 2703 574 reipubliem
2725 504 2918 557 autem
2940 497 3345 556 ecclesiasticis
3371 498 3528 557 aliud
3552 502 3690 575 quid
3705 533 3722 544 -

314 593 463 667 νεύῃ,
527 589 845 662 σπουδάζειν
913 592 1127 669 (εἰρήνη
1190 589 1247 647 δὲ
1302 594 1362 648 τὸ
1422 595 1527 666 (54)
1571 598 1688 656 καθ’
1747 589 1964 646 ἕκαστον

320 682 549 758 αἱρετὸν,
598 682 689 737 καὶ
733 684 768 751 ἡ
809 681 945 736 κατὰ
991 686 1099 737 τῶν
1150 686 1337 746 παθῶν
1370 679 1707 752 δισποτεία)’
1742 682 1878 756 πρὸς
1912 677 1969 734 δὲ

315 769 443 833 τοὺς
478 769 683 833 ἄλλους
719 772 793 844 μὴ
827 772 919 826 τὸν
972 771 1130 826 αὐτὸν
1184 770 1482 849 φαίνεσθαι,
1534 769 1662 826 ἀλλ’
1716 772 1966 844 ἡγεῖσθαι

323 858 476 930 δόξαν
536 861 748 933 ἑαυτοῦ,
796 861 893 929 τὴν
952 865 1049 916 τοῦ
1106 860 1336 931 κλησίον
1386 858 1699 918 κατάλυσιν.
1744 859 1845 916 Καὶ
1875 858 1967 914 τὸν

322 948 415 1022 μὲν
476 947 603 1004 Θεὸν
662 948 870 1027 ἀφιέναι
925 953 1036 1023 (55)
1092 948 1332 1005 κελεύειν
1400 951 1491 1004 καὶ
1550 955 1666 1011 τοῖς
1727 948 1967 1025 ἁμαρτά-

315 1059 494 1092 νουσιν
546 1036 621 1099 είς
675 1041 844 1110 ἡμᾶς,
903 1041 978 1112 μὴ
1015 1038 1096 1094 ὅτι
1130 1040 1371 1108 ἑπτάκις,
1402 1038 1549 1095 ἀλλὰ
1576 1039 1667 1093 καί
1696 1036 1970 1101 πολλάκις

315 1131 592 1195 τοσοῦτον,
637 1127 713 1190 ὡς
756 1132 854 1182 τοῦ
903 1127 1116 1205 ἀφιέναι
1160 1128 1222 1182 τὸ
1272 1127 1519 1205 ἀφίεσθαι
1567 1127 1969 1204 προξενοῦντος.

318 1218 465 1288 ἡμᾶς
521 1213 579 1270 δὲ
624 1216 715 1270 καὶ
760 1222 879 1279 τοῖς
928 1214 1079 1271 οὐδὲν
1132 1214 1377 1272 ἀδικοῦσι
1427 1216 1845 1292 προθυμότερον
1874 1214 1972 1270 έπ-

318 1305 586 1379 ηρεάζειν,
632 1303 666 1373 ἤ
717 1306 845 1380 παρ’
894 1304 1080 1361 ἄλλων
1131 1305 1539 1381 εὖεργετεῖσθαι.
1574 1306 1673 1359 Καὶ
1704 1304 1969 1373 τοσαύτην

326 1392 419 1465 μὲν
461 1396 574 1465 (56)
621 1391 813 1448 εἰδέναι
863 1398 981 1457 τοῖς
1027 1394 1408 1468 εὐρηνοποιοῖς
1461 1395 1814 1466 ἀποκειμένην
1870 1414 1971 1466 μα-

321 1480 640 1557 καριότητα,
700 1480 837 1537 ὥστε
891 1482 981 1537 καὶ
1038 1482 1191 1545 υἱοὺς
1269 1487 1403 1538 Θεοῦ
1474 1482 1970 1559 προσαγορεύεσθαι

326 1570 527 1642 μόνους
585 1570 637 1625 ἂν
668 1574 737 1645 τῇ
767 1571 911 1642 τάξει
940 1574 1052 1625 τῶυ
1085 1572 1407 1644 σωζομένων
1451 1574 1601 1645 (57)’
1663 1571 1857 1634 αὐτοὺς
1916 1568 1974 1626 δὲ

318 1658 407 1713 καὶ
439 1657 754 1736 φιλέχθρως
786 1658 1037 1735 ἔχοντας,
1070 1655 1257 1715 ἔπειτα
1292 1657 1497 1724 οἷέσθαι
1537 1660 1627 1715 καὶ
1842 1658 1975 1738 φίλα

320 1747 570 1823 πράττειν
630 1753 765 1821 Θεῷ,
821 1753 902 1820 τῷ
954 1748 1175 1804 παθόντι
1232 1751 1347 1824 (59)
1396 1746 1467 1804 δι’
1516 1752 1686 1823 ἡμᾶς,
1712 1747 1805 1803 ’ίνα
1836 1749 1971 1823 πρὸς

321 1838 507 1892 ἑαυτὸν
564 1836 863 1914 είρηνεύσῃ,
916 1840 1007 1893 καὶ
1056 1838 1332 1914 καταλύσῃ
1386 1838 1479 1893 τὸν
1538 1838 1590 1893 ἐν
1621 1841 1757 1912 ἡμῖν
1803 1835 1970 1892 πόλε-

330 1946 427 1998 μον
440 1969 452 1981 .

2000 1882 2049 1947 Β

2077 606 2256 663 quam
2289 592 2440 646 bono
2472 591 2632 663 pacis
2664 590 2870 646 melius
2904 607 2967 645 ac
3000 588 3391 662 praestabilius
3432 606 3561 647 esse
3595 608 3608 647 :
3669 596 3726 646 et

2076 695 2561 751 unumquemque
2581 679 2841 751 quidem,
2866 682 2932 733 ut
2951 694 3151 734 secum
3176 682 3420 749 pacatus
3442 678 3537 746 sit,
3553 696 3726 735 omne

2079 769 2343 824 studium
2377 767 2653 823 adbibere
2700 768 2835 840 (pax
2866 766 3021 823 enim
3053 766 3197 823 illud
3230 771 3341 833 est,
3374 768 3530 839 quod
3560 768 3725 840 quis-

2078 872 2191 928 que
2224 855 2493 929 privatim
2526 859 2763 929 expetit,
2796 860 2970 928 atque
3012 856 3073 911 in
3116 856 3486 911 turbulentas
3542 857 3727 912 animi

2081 945 2474 1017 permotiones
2529 945 2907 1018 imperium);
2966 961 3102 1017 erga
3154 943 3300 1000 alios
3357 948 3550 1000 autem
3608 963 3723 1001 non

2078 1035 2351 1091 eumdem
2381 1050 2445 1089 se
2476 1035 2748 1106 praebere,
2774 1050 2974 1089 verum
3006 1033 3252 1105 proximi
3284 1034 3725 1105 oppressionem

2079 1124 2322 1196 gloriam
2355 1139 2523 1178 suam
2555 1123 2766 1178 ducere
2799 1139 2812 1178 :
2865 1122 2921 1177 id
2973 1122 3150 1178 etiam
3197 1122 3520 1178 absurdum
3552 1122 3728 1179 fuerit

2080 1213 2435 1282 existimare,
2469 1213 2644 1284 quod,
2678 1227 2812 1268 cum
2844 1212 2995 1267 Deus
3026 1210 3265 1282 quidem
3296 1210 3391 1279 iis,
3424 1228 3458 1267 a
3507 1211 3725 1282 quibus

2080 1302 2199 1358 laesi
2235 1302 2540 1368 fuerimus,
2572 1318 2688 1357 non
2720 1302 2910 1357 solum
2942 1300 3180 1373 septies,
3220 1301 3321 1355 sed
3375 1300 3611 1373 sapius,
3661 1317 3726 1356 ac

2080 1392 2253 1447 toties
2286 1408 2463 1447 noxas
2493 1390 2790 1445 remittere
2824 1389 3053 1460 jubeat,
3100 1390 3257 1460 quod
3312 1388 3580 1443 videlicet
3635 1406 3722 1445 re-

2081 1480 2286 1537 missio
2317 1480 2723 1536 remissionem
2757 1478 3088 1534 conciliet“
3118 1496 3132 1534 :
3179 1477 3347 1533 nobis
3374 1482 3570 1533 autem
3600 1477 3726 1532 lici-

2084 1573 2210 1625 tum
2243 1571 2339 1638 sit,
2370 1586 2469 1625 eos
2512 1570 2710 1634 etiam,
2770 1585 2804 1624 a
2859 1567 3076 1639 quibus
3120 1566 3283 1622 nulla
3310 1566 3481 1623 nobis
3508 1566 3727 1639 injuria

2080 1659 2244 1714 illata
2272 1663 2381 1726 est,
2416 1656 2708 1713 libentiori
2740 1657 2937 1712 animo
2966 1656 3254 1722 divexare,
3284 1671 3459 1727 quam
3492 1656 3562 1711 ab
3596 1655 3727 1712 aliis

2082 1748 2363 1803 beneﬁcio
2410 1747 2561 1803 afﬁci
2597 1764 2611 1803 :
2662 1763 2729 1803 ac
2771 1763 2903 1802 cum
2946 1749 3173 1801 tantam
3206 1744 3442 1816 quidem
3472 1744 3729 1801 beatitu-

2084 1852 2212 1892 nem
2246 1836 2505 1908 paciﬁcis
2535 1835 2894 1892 reconditam
2925 1851 3054 1890 esse
3093 1838 3460 1905 perspectum
3510 1835 3606 1899 sit,
3664 1838 3731 1889 ut

2080 1927 2136 1978 in
2170 1927 2485 1980 electorum
2518 1925 2739 1990 ordine,
2775 1923 2882 1979 soli
2915 1922 3016 1977 ﬁlii
3054 1924 3146 1977 Dei
3180 1928 3461 1978 voccntur
3487 1924 3571 1991 ⁸⁵;
3623 1939 3730 1978 nos

321 2020 536 2081 autem,
568 2017 710 2071 dum
742 2016 1182 2071 inimicitiarum
1217 2023 1275 2072 et
1305 2018 1674 2073 simultatum
1716 2033 1911 2072 amore
1958 2019 2247 2083 tenemur,
2280 2013 2338 2067 in
2372 2030 2438 2068 ea
2466 2018 2659 2067 tamen
2694 2013 2965 2082 opinione
3013 2029 3332 2080 versemur,
3365 2016 3430 2066 ut
3459 2011 3594 2080 Deo,
3628 2011 3730 2084 qui

322 2121 424 2176 pro
459 2104 645 2171 nobis,
680 2109 744 2159 ut
776 2121 881 2160 nos
912 2121 1109 2160 secum
1142 2105 1198 2158 in
1233 2107 1482 2177 gratiam
1537 2107 1858 2171 reduceret,
1892 2103 2229 2173 bellumque
2277 2108 2544 2157 nostrum
2594 2102 2943 2156 intestinum
2989 2101 3407 2172 exstingueret,
3442 2101 3728 2173 supplicio

322 2193 563 2248 affectus
592 2196 698 2258 est,
735 2210 856 2247 rem
888 2193 1136 2264 gratiam
1171 2194 1356 2249 facere
1386 2194 1756 2249 arbitremur.

397 2280 486 2347 Ιζ’·
542 2277 848 2350 Μηδαμῶς,
899 2280 944 2332 ὦ
1000 2280 1153 2356 φίλοι
1211 2281 1300 2333 καὶ
1358 2278 1604 2358 ἀδελφοί,
1656 2282 1801 2336 aii-cu)
1854 2279 1969 2335 δια-

323 2368 598 2439 νοώμεθα.
656 2366 999 2439 Δί’δεσθῶμεν
1051 2369 1111 2422 τὸ
1162 2366 1334 2445 δῶρον
1378 2374 1475 2424 τοῦ
1526 2370 1821 2444 εἰρηνικοῦ,
1868 2370 1967 2438 τὴν

326 2456 570 2531 εἷρήνην,
603 2455 668 2524 ἥν
702 2453 906 2519 ἐνθένδε
936 2457 1109 2511 ἀπιὼν
1140 2456 1341 2534 ἀφῆκεν
1391 2460 1549 2530 ἡμῖν,
1601 2458 1778 2532 ὥσπερ
1828 2456 1969 2512 ἄλλο

326 2564 377 2598 τι
410 2543 675 2618 έξιτήριον
727 2547 858 2616 (60).
918 2548 1049 2601 Ἕνα
1096 2545 1340 2618 πόλεμον
1390 2544 1641 2619 εἰδῶμεν,
1690 2548 1777 2601 τὸν
1837 2548 1972 2602 κατά

322 2638 423 2701 τῆς
496 2632 868 2705 ἀντικειμένης
924 2631 1226 2707 δυνάμεως.
1284 2635 1540 2709 Εἷ¹πωμεν
1600 2633 1824 2713 ἀδελφοὶ
1880 2637 1970 2690 καὶ

322 2727 438 2783 τοῖς
476 2726 719 2794 μισοῦσιν
752 2725 922 2795 ἡμᾶς,
956 2722 1015 2777 ἂν
1046 2721 1145 2799 ἄρα
1186 2720 1473 2799 δέχωνται.
1510 2725 1968 2801 Συγχωρήσωμέν

325 2831 377 2864 τι
416 2809 630 2884 μικρὸν,
681 2809 773 2865 (ἱνα
810 2812 871 2865 τὸ
903 2814 1015 2885 (61)
1050 2817 1233 2884 μεῖζον
1265 2809 1667 2886 ἀντιλάϐωμεν,
1697 2816 1796 2883 τὴν
1830 2813 1971 2885 ὁμόο

328 2919 496 2955 νοιαν.
548 2901 925 2972 Ἠττηθῶμεν,
977 2898 1069 2953 τίνα
1124 2903 1457 2974 νικήσωμεν.
1534 2905 1721 2978 Ὁρᾶτε
1766 2902 1968 2975 νόμους

327 2986 632 3057 ἀθλήσεως,
693 2989 782 3042 καὶ
830 2986 1145 3043 παλαιστῶν
1194 2990 1567 3064 ἀγωνίσματα,
1602 2989 1653 3045 o'i
1697 2996 1776 3063 τῷ
1823 2993 1970 3045 κάτω

322 3078 529 3130 κεῖσθαι
590 3074 861 3139 πολλάκις
924 3082 1109 3132 νικῶσι
1158 3078 1285 3140 τοὺς
1345 3079 1777 3152 ὑπερκειμένους.
1836 3080 1970 3135 Τού-

318 3185 445 3225 τους
489 3164 853 3237 ζηλώσωμεν,
891 3167 965 3238 μὴ
997 3170 1104 3220 τῶν
1156 3165 1493 3240 δαιτυμόνων
1522 3168 1649 3230 τοὺς
1699 3168 1974 3237 ἀπληστο-

320 3250 597 3328 τέρους,ἤ
651 3258 756 3307 τῶν
805 3255 1095 3330 ἐμπόρων·
1148 3257 1221 3309 ὧν
1268 3258 1319 3311 οἱ
1372 3258 1465 3329 μὲν
1521 3257 1771 3333 ἀμέτρως
1803 3258 1971 3335 ἐμφο-

2150 2280 2290 2336 XVI.
2322 2280 2488 2335 Absit
2535 2297 2567 2334 a
2609 2279 2801 2345 nobis,
2834 2296 2864 2333 o
2896 2279 3105 2334 fratres
3136 2282 3193 2333 et
3223 2276 3421 2342 amici,
3453 2276 3573 2332 haec
3604 2277 3729 2333 ani-

2081 2370 2159 2424 mi
2194 2369 2500 2425 sententia.
2530 2369 2754 2424 Pacifici
2787 2368 2947 2423 illius
2982 2384 3222 2437 munus,
3250 2368 3355 2422 boc
3385 2370 3473 2422 est
3504 2383 3727 2437 pacem,

2081 2475 2482 2523 revereamur,
2538 2474 2717 2531 quam
2776 2457 2945 2513 nobis
3003 2457 3140 2511 hinc
3196 2457 3502 2512 discedens
3558 2456 3728 2527 quasi

2081 2548 2237 2603 aliud
2270 2548 2565 2620 quoddam
2598 2546 2857 2619 legatum
2890 2546 3124 2618 reliquit
3152 2546 3215 2599 9‘.
3252 2544 3440 2600 Unum
3474 2544 3583 2600 hoc
3614 2544 3729 2599 bel.

2079 2637 2201 2691 lum
2233 2653 2642 2709 agnoscamus,
2676 2637 2831 2707 quod
2873 2652 3004 2691 cum
3039 2635 3385 2690 adversariis
3426 2633 3727 2705 potestati-

2080 2726 2191 2781 bus
2244 2724 2651 2780 committitur.
2708 2729 2818 2779 Eos
2864 2741 3119 2796 quoque,
3170 2724 3269 2796 qui
3320 2724 3489 2778 nobis
3528 2722 3724 2779 infesti

2080 2819 2239 2881 sunt,
2265 2815 2508 2869 fratrum
2530 2814 2766 2870 nomine
2786 2813 3168 2885 appellemus,
3192 2813 3241 2868 si
3262 2817 3457 2868 tamen
3480 2811 3537 2865 id
3561 2828 3725 2883 aequo

2080 2903 2275 2959 animo
2306 2903 2626 2974 patiantur.
2660 2902 2945 2974 Exiguum
2986 2902 3263 2973 quiddam
3312 2901 3726 2971 concedamus,

2081 2998 2164 3057 ut,
2199 2994 2352 3064 quod
2390 2994 2578 3060 majus
2621 2998 2731 3055 est.
2764 2991 3139 3063 recipiamus,
3174 2991 3452 3045 nimirum
3486 3006 3724 3045 concor-

2081 3082 2259 3136 diam.
2294 3080 2459 3135 Vinci
2492 3097 2599 3135 nos
2630 3081 2918 3149 sinamus,
2953 3085 3016 3134 ut
3045 3079 3369 3135 vincamus.
3390 3078 3597 3134 Videte
3626 3095 3729 3150 pa-

2082 3170 2289 3224 laestra:
2319 3169 2500 3241 leges,
2534 3174 2590 3224 et
2620 3169 2972 3224 athletarum
3007 3168 3348 3236 certamina,
3395 3168 3496 3239 qui
3547 3183 3617 3223 ex
3660 3183 3727 3223 eo

2083 3259 2448 3331 plerumque,
2482 3260 2636 3330 quod
2667 3258 2831 3312 humi
2858 3259 3076 3328 jacent,
3112 3256 3204 3324 iis,
3252 3257 3351 3328 qui
3401 3273 3579 3327 supra
3629 3256 3728 3311 siti

321 3342 574 3418 ρηθέντες
631 3346 738 3396 τῶν
798 3345 1195 3418 πρυκείμένων,
1257 3347 1309 3399 οἱ
1366 3343 1422 3399 δὲ
1469 3348 1568 3414 τὴν
1628 3351 1755 3401 ναῦν
1789 3347 1968 3425 φορτί-

2085 3352 2242 3413 sunt,
2272 3347 2575 3401 victoriam
2618 3351 2976 3417 extorquent.
3023 3347 3139 3400 Hos
3194 3345 3557 3411 aemulemur,
3611 3362 3727 3400 non

318 3452 527 3495 σαντες,
586 3432 773 3485 θᾶττον
838 3431 1141 3507 ἐρῥάγησαν
1188 3434 1277 3487 καὶ
1338 3433 1757 3509 συγκατέδυσαν,
1918 3458 1970 3491 τι

315 3526 416 3587 τῆς
450 3518 753 3589 ἀπληστίας
811 3520 1139 3591 ἀπέλαυσαν,
1182 3520 1272 3577 ’ίνα
1324 3525 1490 3597 μικρά
1541 3522 1861 3598 κερδάνωσι,
1907 3527 1973 3581 τά

325 3606 538 3683 μεγάλα
570 3611 957 3682 ζημιωθέντες.
990 3611 1125 3686 Ἐγὼ
1162 3612 1254 3684 μὲν
1289 3611 1378 3667 οῦν
1410 3618 1577 3668 ταῦτα
1616 3614 1704 3668 καὶ
1741 3615 1854 3689 βοῶ
1883 3615 1973 3669 καὶ

321 3694 784 3774 διαμαρτύρομαι,
814 3701 905 3753 καὶ
937 3702 997 3754 τὸ
1026 3703 1123 3768 τῆς
1171 3707 1387 3778 Γραφῆς
1434 3707 1606 3757 ποιῶν
1655 3702 1716 3757 οὐ
1767 3703 1972 3758 παύσο-

324 3804 462 3858 μαι⁸
521 3788 617 3840 Διὰ
668 3789 809 3841 Σιὼν
863 3788 923 3842 οὐ
980 3791 1354 3861 σιωπήσομαι,
1416 3791 1505 3844 καὶ
1567 3789 1656 3845 διὰ
1706 3793 1973 3866 Ἰερουσα-

312 3872 438 3945 λὴμ
494 3874 593 3928 οὐκ
650 3875 867 3945 ἀνήσω·
933 3877 1024 3931 καὶ
1085 3878 1188 3951 γὰρ
1250 3878 1484 3933 ἐκλείπει
1554 3881 1589 3948 ἡ
1648 3882 1799 3953 ψυχή
1868 3901 1971 3951 μου

312 3960 400 4016 ἰπὶ
428 3967 543 4023 τοῖς
574 3963 1008 4037 ἀναιρουμένοις,
1043 3964 1240 4028 οἵτινες
1289 3966 1351 4021 οὐ
1401 3967 1733 4040 τραυματίαι
1771 3968 1973 4043 μαχαί-

317 4070 435 4123 ρας,
470 4047 596 4105 οὐδὶ
653 4051 979 4126 τραυματίαι
1030 4052 1199 4127 λιμοῦ
1248 4055 1511 4129 γινόμεθα
1561 4058 1693 4129 (62),
1724 4076 1973 4131 τραυμα-

312 4138 423 4193 τίαι
458 4136 514 4193 δὲ
545 4138 860 4217 φιλοδοξίας
889 4142 923 4209 ἢ
960 4142 1257 4220 φιλαρχίας
1284 4163 1295 4174 ·
1330 4144 1405 4205 ὡς
1444 4142 1583 4216 μηδὲ
1613 4145 1671 4199 νὸ
1704 4144 1969 4208 ἐλεεῖσθαι

319 4226 531 4299 μᾶλλον
565 4228 599 4298 ἢ
632 4229 695 4283 τὸ
729 4232 999 4302 μισεῖσθαι
1031 4234 1143 4304 (63)
1176 4227 1490 4304 συμϐαίνειν
1522 4238 1640 4294 τοῖς
1658 4233 1967 4289 πίπτουσιν.

310 4317 494 4387 Ὑμεῖς
528 4315 605 4381 δὲ,
642 4318 689 4372 εἴ
722 4319 816 4389 μὶν
870 4316 1120 4394 δέχοισθε
1149 4320 1279 4382 τοὺς
1324 4320 1491 4393 ἐμοὺς
1542 4320 1759 4396 λόγους,
1807 4326 1968 4376 τοῦτο

314 4402 535 4475 ἄμεινον
587 4406 957 4483 ἀμφοτέροις“
1013 4408 1059 4461 εἴ
1106 4406 1162 4462 δὲ
1211 4406 1522 4463 διαπτύοιτε
1578 4413 1667 4464 καί
1715 4412 1967 4483 ἀποπέμ-

308 4505 524 4562 ποισθε,
558 4500 823 4557 νικῶντος
856 4502 957 4550 τοῦ
989 4498 1190 4559 πάθους
1218 4498 1307 4551 τὸν
1352 4496 1643 4572 λογισμὸν⁹
1695 4498 1818 4570 ἐμοὶ
1873 4500 1966 4571 μὶν

310 4581 507 4643 ἱκανῶς
553 4583 867 4659 ἀφωσίωται
918 4585 1007 4639 καὶ
1037 4588 1104 4640 τά
1134 4587 1270 4659 πρὸς
1312 4587 1460 4653 Θεὸν,
1494 4585 1584 4641 καῗ
1614 4588 1679 4641 τὰ
1709 4588 1846 4662 πρὸς
1876 4587 1966 4641 ἀν-

312 4669 565 4744 θρώπους
592 4690 604 4703 ·
640 4670 792 4726 οὐδὲν
825 4675 947 4749 γὰρ,
999 4673 1176 4746 οἶμαι,
1228 4672 1394 4728 πλέον
1430 4676 1650 4744 ζητήσει
1698 4695 1801 4744 τις,
1842 4672 1969 4729 οὐδὲ

304 4760 411 4810 τῶν
462 4758 665 4835 σφόδρα
713 4759 1000 4836 εἰρηνικῶν
1051 4783 1108 4816 τε
1156 4763 1245 4817 καὶ
1295 4761 1563 4840 φιλοθέων
1593 4785 1603 4796 ·
1640 4764 1796 4835 ὑμεῖς
1829 4760 1876 4816 δ’
1906 4762 1965 4818 ἂν

304 4842 539 4918 εἰδείητε
567 4848 634 4904 τὰ
664 4849 785 4920 ἑξῆς
817 4853 947 4924 (64).
1008 4850 1081 4905 Οὐ
1127 4852 1227 4928 γὰρ
1275 4851 1385 4926 ἐγώ
1428 4873 1479 4907 τι
1522 4854 1820 4928 προσθήσω
1848 4856 1957 4907 τῶν

2081 3436 2549 3508 inexplebiliores
2574 3437 2843 3491 convivas
2867 3440 2968 3490 aut
2991 3439 3360 3497 mercatores,
3384 3434 3481 3505 qui
3516 3434 3726 3505 partim
3796 3464 3797 3467 η

2081 3526 2461 3581 immoderate
2481 3524 2765 3597 appositis
2785 3523 2975 3595 epulis
3004 3522 3366 3595 ingurgitati,
3392 3522 3598 3594 partim
3633 3522 3728 3576 ni-

2082 3613 2218 3670 miis
2249 3616 2541 3670 mercibus
2562 3619 2800 3669 onerata
2830 3629 2993 3678 nave,
3018 3617 3272 3667 ventrem
3308 3611 3502 3681 potius
3532 3611 3727 3665 disru-

2082 3704 2294 3775 perint,
2327 3720 2393 3758 ac
2425 3704 2619 3758 navim
2653 3719 2853 3757 secum
2887 3701 3295 3765 demerserint,
3326 3716 3500 3770 quam
3546 3703 3611 3754 ut
3660 3716 3729 3754 ex

2085 3792 2188 3846 bac
2234 3791 2568 3862 inexplebili
2611 3792 2886 3845 aviditate
2918 3793 3172 3845 fructum
3210 3788 3396 3844 ullum
3428 3788 3725 3860 cmperint,

2081 3880 2319 3934 amissis
2352 3879 2622 3933 maximis
2654 3883 2719 3933 ut
2748 3878 2957 3950 exigua
2986 3883 3311 3933 tuerentur.
3363 3880 3549 3948 Atque
3603 3876 3729 3948 ipse

2080 3968 2313 4038 quidem
2376 3968 2495 4022 haec
2550 3966 2740 4022 clamo
2789 3974 2845 4022 et
2894 3971 3210 4032 contestor,
3263 3983 3389 4031 nec,
3445 3966 3602 4037 quod
3647 3965 3727 4019 ait

2076 4055 2393 4126 Scriptura,
2428 4059 2612 4109 facere
2644 4055 2906 4109 desinam
2942 4071 2955 4110 :
3009 4056 3235 4126 Propter
3280 4055 3411 4109 Sion
3448 4069 3555 4109 non
3582 4061 3725 4107 tace-

2081 4146 2163 4212 bo,
2194 4149 2246 4198 et
2274 4148 2493 4214 propter
2519 4144 2826 4200 Jerusalem
2852 4158 2963 4197 non
3001 4144 3277 4216 quiescam
3306 4144 3368 4197 '7.
3424 4143 3572 4199 425
3628 4144 3725 4197 De-

2077 4237 2194 4306 ﬁcit
2224 4238 2414 4290 anima
2440 4252 2566 4289 mea
2592 4243 2814 4306 promer
2852 4237 3163 4306 interfectos
3190 4235 3256 4302 ⁸⁸,
3307 4251 3456 4306 quos
3487 4234 3725 4305 quidem

2078 4342 2190 4378 non
2224 4325 2455 4395 gladius
2487 4330 2588 4378 aut
2622 4324 2825 4389 fames,
2855 4324 2950 4379 sed
2986 4324 3182 4395 gloria:
3214 4330 3271 4379 et
3302 4323 3531 4395 imperii
3562 4340 3728 4378 amor

2077 4412 2397 4478 saucinvit;
2456 4414 2537 4466 ita
2596 4417 2678 4480 ut,
2726 4411 2825 4483 qui
2868 4413 3106 4478 cadunt,
3140 4430 3253 4466 non
3289 4412 3722 4466 miserationem

2078 4502 2264 4571 magis
2313 4518 2488 4571 quam
2540 4500 2737 4555 odium
2791 4501 2880 4555 sui
2931 4501 3200 4555 excitent.
3254 4501 3369 4554 Vos
3417 4504 3633 4567 autem,
3672 4500 3721 4554 si

2075 4590 2445 4644 sermonibus
2489 4589 2633 4644 meis
2683 4590 3016 4661 parueritis,
3078 4589 3289 4644 melius
3343 4587 3607 4659 utrisque
3664 4587 3721 4642 id

2076 4676 2281 4745 fuerit;
2317 4678 2407 4732 sin
2436 4683 2654 4742 autem,
2678 4678 2884 4732 affectu
2909 4679 3190 4732 rationem
3224 4683 3555 4749 superante,
3583 4694 3719 4732 con-

2075 4767 2420 4821 temnendos
2452 4783 2549 4822 eos
2583 4771 2639 4820 et
2668 4767 3070 4837 repudiandos
3101 4766 3403 4831 duxeritis,
3434 4766 3557 4837 ipse
3590 4766 3723 4837 qui-

2072 4855 2227 4923 dem,
2260 4860 2317 4910 et
2347 4860 2634 4925 quantum
2669 4855 2739 4910 ad
2774 4855 2981 4923 Deum,
3014 4860 3069 4912 et
3101 4860 3384 4927 quantum
3421 4855 3491 4910 ad
3524 4854 3726 4909 homi-

377 4995 422 5030 °‘
452 4993 658 5051 Matth.
690 5012 850 5061 xvm,
880 4997 970 5051 22.
1048 4996 1093 5032 ⁸⁸
1123 4996 1329 5054 Matth.
1360 5014 1416 5069 ν,
1446 4997 1502 5055 9.
1579 4998 1623 5034 ⁸⁸
1651 4998 1819 5055 Joan.
1852 5014 1968 5069 XIV,

2085 5040 2091 5053 .
2167 4999 2209 5034 9"
2243 5000 2357 5055 Isa.
2392 5015 2529 5071 an,
2563 5002 2613 5055 1.
2689 5000 2732 5036 ⁸⁸
2760 5000 2877 5056 Jer.
2910 5016 2985 5071 ιν,
3016 4998 3106 5055 31.

306 5124 739 5255 τοὲὗὶιέῑξίρήνη
800 5126 858 5183 δὲ
909 5127 992 5199 τό,
1044 5135 1153 5187 etc.
1211 5133 1348 5205 Reg.
1408 5132 1511 5199 bu,
1570 5130 1758 5206 εἴρήνη
1818 5128 1875 5186 δὲ
1928 5132 1963 5200 ἡ

382 5272 494 5342 (55)
527 5269 789 5345 Ἀφιὲναι.
842 5271 935 5328 Sic
989 5273 1251 5347 plerique
1308 5276 1477 5330 codd.
1541 5277 1601 5331 In
1659 5275 1775 5343 ed.,
1826 5294 1963 5350 παρ-

312 5340 468 5396 ιέναι.

308 5414 494 5538 ing?)
526 5410 650 5465 Μὲν.
687 5414 779 5467 Sic
830 5413 1007 5486 Regg.
1061 5416 1180 5487 bm,
1223 5417 1326 5483 hu,
1379 5418 1474 5474 Or.
1529 5420 1579 5485 1,
1630 5423 1740 5474 etc.
1797 5422 1962 5474 Deest

381 5556 492 5625 (57)
522 5556 636 5605 Τῶν
678 5554 1023 5626 σωζομένων.
1060 5558 1261 5614 Billius
1297 5576 1363 5612 εί(
1396 5576 1597 5616 eorum
1646 5562 1746 5633 qui
1796 5560 1957 5616 salu-

308 5631 425 5683 tem
459 5632 919 5698 consequuntur.
948 5650 974 5677 ››

378 5701 489 5772 (58)
521 5697 842 5757 Καίζῡεοει
869 5700 925 5757 in
959 5700 1136 5773 Regg.
1170 5700 1292 5773 bm,
1325 5700 1427 5775 hu,
1460 5706 1516 5758 et
1546 5702 1640 5759 Or.
1676 5704 1728 5759 1.

2067 5488 2353 5564 γενόμεθα,
2386 5488 2580 5564 prave.

2144 5133 2258 5276 (59)
2287 5136 2374 5201 Τῷ
2404 5132 2650 5195 παθόντι.
2686 5134 2823 5260 Reg.
2856 5134 2959 5202 hu,
2988 5135 3068 5204 τῷ
3101 5132 3190 5187 καὶ
3220 5131 3468 5189 παθόντι.

2145 5205 2237 5275 (60
2308 5205 2629 5276 Ἐξιτήριον.
2681 5228 2711 5256 ‹‹
2804 5210 3094 5262 xtremum
3151 5206 3423 5261 abeuntis

2145 5205 2257 5276 (60)
2308 5205 2629 5280 Ἐξιτήριον.
2681 5228 2711 5256 ‹‹
2758 5205 3094 5262 Extremum
3151 5206 3423 5261 abeuntis
3476 5206 3717 5261 manda-

2073 5280 2221 5331 tum.
2250 5298 2280 5325 »

2142 5348 2227 5417 (61
2286 5345 2377 5401 Τό.
2411 5347 2583 5403 beest
2612 5347 2672 5402 in
2704 5348 2893 5403 tribus
2927 5348 3126 5419 Regg.,
3160 5352 3215 5403 et
3252 5347 3347 5403 Or.
3382 5347 3433 5401 1.

2143 5348 2255 5491 (62)
2286 5416 2568 5490 Γινόμεθα.
2627 5420 2710 5475 Ita
2762 5419 2940 5491 Regg.
2993 5419 3212 5491 plures,
3262 5423 3319 5475 et
3367 5418 3433 5475 Οι

2143 5416 2250 5492 (62)
2286 5416 2568 5490 Γινόμεθα.
2618 5420 2710 5492 με
2762 5419 2940 5491 Regg.
2993 5416 3212 5492 plures,
3262 5423 3319 5475 et
3367 5418 3463 5475 Or.
3498 5419 3547 5474 1.
3580 5418 3714 5491 Alii,

2138 5491 2353 5560 νόμεθα,
2386 5508 2580 5561 prave.
2616 5491 2770 5545 Em'r.
2998 5491 3011 5492 ί

2138 5563 2251 5634 (63)
2308 5560 2531 5618 Μᾶλλον
2592 5562 2625 5630 ἢ
2693 5561 2754 5614 τὸ
2823 5562 3112 5633 μισεῖσθαι.
3180 5561 3309 5617 Haec
3375 5561 3589 5618 desunt
3652 5562 3711 5617 in

2067 5632 2161 5688 Or.
2197 5632 2243 5687 1;

2139 5704 2252 5777 (64)
2286 5704 2368 5761 Τὰ
2397 5702 2537 5775 ἑξῆς.
2574 5705 2712 5776 Reg.
2746 5704 2850 5774 hu,
2882 5708 2940 5763 et
2968 5704 3063 5763 Or.
3097 5705 3148 5775 1,
3178 5700 3242 5758 τὸ
3268 5700 3413 5774 ἑξῆς.
