4056 6274
301 407 456 474 1ιὸ3

1420 407 1709 474 ORATIO
1755 404 2074 471 XXlll.-——
2106 412 2205 471 DE
2248 411 2444 472 PACE
2493 408 2597 472 IlI.

3548 406 3703 472 1154

300 550 430 616 κῶν,
468 545 536 600 τὰ
580 548 687 600 τῶν
739 540 979 613 πλησίον
1030 532 1311 621 τραύματα
1367 547 1518 619 (76);
1571 542 1679 598 εἴθε
1728 542 1949 604 δικαίως

2075 551 2429 618 ;xaggercnt,
2455 550 2627 618 atque
2652 547 2721 601 ab
2749 544 2955 601 alienis
2981 543 3249 619 lapsibus
3275 545 3707 601 excusationem

299 633 575 709 κρίνοντες
601 632 614 688 l
648 634 744 689 Ἠν
770 631 870 708 γὰρ
904 630 964 685 ἂν
992 653 1043 686 τι
1074 632 1164 688 καὶ
1194 632 1377 709 χολῆς
1426 628 1649 711 ὄφελος,
1678 633 1813 687 κατὰ
1849 633 1947 700 τὴν

300 721 596 798 παροιμίαν
631 723 762 794 (77),
797 720 843 775 εἷ’
892 716 1048 797 φόϐῳ
1093 726 1204 777 τῶυ
1259 720 1470 799 ἐχθρῶν
1524 722 1769 797 ὑπῆρχεν
1818 722 1949 776 εἶναι

304 808 772 888 ἀσφαλεστέρους·
832 814 923 863 νῦν
989 810 1046 864 δὶ
1108 810 1241 883 μετά
1296 817 1393 880 τῆς
1442 807 1664 886 ἔχθρας,
1707 810 1795 864 καὶ
1849 816 1950 879 τῆς

303 896 693 969 ἐπισκοτούσης
745 903 862 960 τοῖς
922 896 1210 973 λογισμοῖς
1262 899 1475 973 κακίας,
1534 899 1619 977 ὑφ’
1668 899 1736 967 ἧς
1769 896 1893 953 οῦδὶ
1923 898 1951 952 ὁ

305 987 471 1064 ψόγος
532 985 648 1062 ἔχει
694 988 757 1042 τὸ
807 983 1138 1057 ἀξιὸπιστον.
1191 992 1302 1042 Ποῦ
1349 988 1527 1042 τοίνυν
1585 992 1638 1041 οῖ
1671 991 1951 1060 μισοῦντες

305 1077 494 1147 ἐπίσης
525 1077 614 1130 καὶ
645 1076 875 1147 θεότητα
903 1076 991 1131 καὶ
1024 1079 1171 1149 ἡμᾶς
1198 1095 1211 1145 ;
1244 1082 1404 1132 τοῦτο
1452 1078 1553 1153 γὰρ
1614 1077 1685 1130 ὦν
1739 1077 1950 1151 πάσχο-

310 1188 401 1239 μεν
434 1166 495 1219 τὸ
525 1163 1129 1242 μεγαλοπρεπέστατον,
1176 1165 1258 1219 ὅτι
1294 1166 1427 1239 μετά
1474 1170 1606 1221 Θεοῦ
1642 1162 1952 1219 κινδυνεύο-

306 1276 421 1328 μεν.
470 1257 581 1311 Ηοῦ
631 1275 763 1309 ποτε
809 1256 945 1327 ἡμῖν
998 1255 1051 1309 oi
1096 1259 1202 1309 τῶν
1234 1252 1383 1310 ἰδίων
1416 1260 1579 1331 πρᾶοι
1610 1254 1810 1330 κριταὶ,
1843 1275 1949 1308 των

305 1342 363 1398 δὲ
412 1341 720 1419 ἀλλοτρίων
770 1338 1011 1419 ἀκριϐεῖς
1058 1342 1347 1415 ἐξετασταὶ,
1393 1342 1484 1397 ⁹ίνα
1530 1343 1794 1398 κάνταῦθα
1825 1342 1953 1416 ψεύ-

306 1430 502 1487 δωνται
534 1433 631 1501 τὴν
665 1428 921 1502 ἀλήθειαν
949 1452 962 1501 ;
1000 1437 1107 1487 Ποῦ
1132 1454 1264 1488 ποτε
1294 1435 1429 1505 ἡμῖν
1461 1433 1513 1487 οἱ
1561 1433 1627 1487 τὰ
1673 1430 1957 1506 τραύματα

310 1520 554 1597 ἔχοντες,
584 1520 673 1575 καὶ
703 1522 834 1582 τοὺς
872 1520 1153 1594 μώλωπας
1188 1518 1536 1590 ὀνειδίζοντες
1561 1541 1574 1590 ;
1610 1522 1663 1575 οἱ
1689 1520 1756 1575 τὰ
1785 1540 1955 1595 προσ-

308 1610 566 1683 κόμματα
625 1606 995 1686 διασύροντες,
1048 1611 1137 1665 καὶ
1194 1612 1262 1665 τά
1318 1612 1588 1684 πτώματα
1644 1609 1797 1665 αὐτοὶ
1853 1610 1955 1664 πά-

309 1717 571 1775 σχοντες;
633 1699 686 1753 οἱ
732 1703 809 1771 τῷ
864 1694 1117 1773 βορϐόρῳ
1163 1697 1660 1776 ἐγκαλινδούμενοι,
1711 1700 1801 1754 καὶ
1840 1700 1953 1761 τοῖς

306 1785 525 1848 σπίλοις
572 1788 732 1860 ἡμῶν
784 1785 1311 1865 ὲπευφραινόμενοι;
1365 1788 1416 1843 οἱ
1464 1794 1583 1850 ταῖς
1632 1785 1813 1850 δοκοῖς
1863 1810 1955 1842 τυ-

306 1873 669 1952 φλώττοντες,
700 1874 791 1929 καὶ
820 1875 886 1930 1i
916 1877 1095 1955 κάρφη
1142 1877 1526 1952 προφέροντες,
1561 1877 1592 1930 ἃ
1625 1878 1762 1949 μήτε
1795 1877 1957 1931 λυπεῖ

308 1963 429 2018 λίαν
500 1963 803 2040 ἐγκείμενοι,
866 1966 1004 2036 μήτε
1060 1963 1303 2040 χαλεπὸν
1364 1966 1823 2034 ἀποπευασθῆναι
1864 1966 1953 2019 καὶ

305 2051 723 2128 ἀποφυσηθῆναι
751 2058 818 2121 τῆ
831 2074 852 2114 ς
885 2047 1083 2126 ὅψεως.

2062 635 2214 689 vitiis
2232 635 2355 689 suis
2379 639 2640 706 qumrant
2661 636 2688 689 ?
2712 635 2945 691 Utinam
2974 633 3502 707 rectejudicarentl
3541 634 3709 689 Esset

2061 724 2217 778 enim
2241 723 2438 795 aliqua
2460 724 2636 780 etiam
2663 724 2800 779 bilis
2825 723 3068 793 utilitas,
3105 728 3167 778 ut
3188 728 3272 778 est
3296 726 3351 777 in
3378 723 3711 795 proverbio.

2062 811 2111 866 si
2143 812 2517 867 inimicorum
2550 816 2708 867 metu
2743 813 3032 867 cautiores
3090 812 3456 867 efﬁceremur
3486 827 3500 866 :
3554 827 3710 866 nunc

2060 906 2253 956 autem
2283 918 2415 955 cum
2450 902 2579 955 odio
2611 904 2668 956 et
2698 902 2878 955 animi
2913 902 3306 973 improbitate,
3344 918 3472 973 quae
3497 900 3712 955 rationi

2061 989 2335 1044 tenebras
2367 990 2637 1051 offundit,
2670 995 2726 1045 et
2757 992 2828 1044 oh
2862 1006 3036 1062 quam
3071 1007 3143 1044 ne
3176 989 3521 1062 vituperatio
3580 989 3710 1061 qui-

2062 1080 2193 1133 dem
2230 1078 2405 1133 ullam
2441 1080 2841 1133 auctoritatem
2876 1079 3006 1134 hab'
3031 1084 3076 1148 t,
3110 1080 3177 1133 ad
3205 1079 3591 1149 judicandum
3616 1095 3713 1134 ac-

2063 1167 2296 1223 cedunt.
2331 1166 2434 1222 Ubi
2470 1172 2606 1222 sunt
2636 1167 2837 1239 igitur,
2871 1166 2969 1239 qui
3004 1168 3370 1223 divinitatem
3412 1166 3626 1239 pariter
3657 1171 3716 1222 et

2064 1274 2170 1311 nos
2202 1256 2450 1311 oderunt
2476 1256 2502 1310 ‘?
2526 1257 2642 1312 Hoc
2673 1258 2826 1312 enim
2861 1274 2928 1311 ex
2958 1258 3255 1323 omnibus,
3282 1273 3407 1328 qna:
3432 1257 3713 1327 patimur,

2065 1345 2536 1401 illustrissimum
2570 1350 2628 1400 et
2672 1345 3326 1418 magnificentissimum
3388 1350 3497 1412 est,
3558 1347 3714 1417 quod

2066 1450 2197 1488 cum
2231 1433 2346 1489 Deo
2379 1433 2801 1506 periclitamur.
2840 1434 2942 1490 Ubi
2976 1439 3134 1503 sunt,
3171 1434 3270 1505 qui
3302 1450 3542 1489 suorum
3576 1434 3712 1505 qui-

2067 1523 2199 1578 dem
2231 1523 2525 1578 mansucti
2557 1527 2612 1578 et
2642 1523 2857 1595 placidi
2882 1523 3114 1592 judices
3172 1528 3329 1591 sunt,
3384 1522 3707 1578 alienorum

2067 1616 2262 1667 autem
2295 1613 2476 1667 severi
2509 1628 2803 1677 censores,
2838 1617 2900 1667 ut
2930 1611 3024 1666 hic
3056 1627 3289 1683 quoque
3316 1611 3512 1666 fucum
3563 1612 3712 1666 veri-

2064 1700 2167 1755 tati
2203 1700 2417 1755 faciant
2442 1699 2470 1754 ?
2493 1700 2599 1755 Ubi
2623 1704 2781 1771 sunt,
2807 1700 2902 1771 qui
2927 1700 3144 1755 vibices
3166 1699 3334 1754 nobis
3357 1700 3566 1771 probro
3588 1716 3717 1755 ver-

2063 1792 2218 1853 tunt,
2251 1804 2385 1842 cum
2417 1787 2528 1860 ipsi
2559 1787 2799 1843 vulnera
2858 1787 3155 1843 habeant?
3200 1788 3307 1852 Qui
3357 1785 3709 1843 offendicula

2068 1882 2268 1931 nostra
2297 1878 2617 1948 exagitant,
2650 1893 2783 1930 cum
2816 1876 3066 1947 turpiter
3124 1875 3237 1946 ipsi
3287 1872 3718 1947 prolabantur?

2070 1927 2267 1931 —--~—w
2657 1927 2783 1930 -—-~-
3042 1927 3055 1929 -
3128 1927 3162 1946 κ.
3196 1927 3236 1929 --
3289 1927 3655 1947 rum—ww

1988 1927 2034 1991 B
2067 1966 2173 2030 Qui
2209 1965 2455 2020 maculis
2489 1966 2702 2020 nostris
2743 1966 3023 2035 gaudent,
3085 1980 3218 2018 cum
3281 1964 3393 2035 ipsi
3446 1965 3503 2019 in
3564 1980 3724 2019 οωηο

2065 2054 2437 2109 volutentur?
2470 2053 2574 2120 Qui
2612 2055 2860 2108 festucas
2893 2053 3063 2108 nobis
3096 2053 3402 2121 objiciunt,
3436 2069 3578 2125 quae
3619 2068 3727 2108 nec

307 2142 630 2198 insidentes
665 2159 942 2215 magnum
977 2144 1236 2199 dolorem
1272 2144 1544 2212 afferunt,
1579 2148 1635 2200 et
1666 2144 1833 2199 facile
1863 2142 2072 2216 depelli
2106 2149 2279 2215 atque
2323 2142 2508 2198 efflari
2540 2144 2610 2198 ab
2642 2142 2826 2199 oculis
2858 2146 3125 2215 possunt,
3160 2158 3294 2197 cum
3336 2142 3570 2197 interim
3601 2142 3719 2214 ipsi

210 2270 213 2273 -
317 2229 572 2286 trabium
606 2230 758 2285 mole
790 2230 1054 2303 oppressi
1084 2231 1340 2303 caligent
1362 2231 1448 2285 ⁸θῖ

389 2322 458 2373 1".
494 2320 658 2392 Δεῦρο
703 2317 998 2392 μετάσχετε
1046 2322 1153 2372 τῶν
1215 2317 1542 2394 ἀπορῥητων
1598 2322 1704 2373 τῶν
1764 2317 1960 2391 ἡμετέ-

319 2423 461 2481 ρων·
495 2403 768 2477 καλοῦμεν
822 2405 962 2478 ὑμᾶς
1013 2405 1089 2468 εἷς
1136 2406 1199 2460 τὸ
1249 2404 1547 2482 συνέδριον,
1579 2408 1667 2461 καὶ
1700 2406 1961 2480 μισούμε-

318 2515 442 2547 νοι·
502 2494 768 2569 χρώμεθα
826 2490 1129 2564 διαιτηταῖς
1184 2500 1300 2557 τοῖς
1350 2495 1588 2571 ἐχθροῖς,
1639 2494 1707 2567 (ὣ
1736 2499 1835 2565 τῆς
1868 2496 1961 2551 αὐ-

312 2579 546 2650 θαδείας,
578 2582 613 2652 ἢ
646 2589 747 2651 τῆς
777 2582 1077 2661 παρῥησίας
1119 2585 1163 2656 !)
1186 2583 1259 2638 'lv'
1290 2585 1562 2656 ἀπέλθητε
1608 2585 1961 2661 ᾗσχυμμένοι

320 2668 411 2724 καί
438 2669 760 2744 ἡττημένοι,
794 2670 868 2745 (τί
904 2672 1111 2728 τούτων
1142 2676 1255 2747 (78)
1314 2671 1740 2749 παραδοξότερον
1769 2680 1806 2744 ;)
1868 2695 1964 2747 μα-

314 2758 495 2821 θόντες
552 2761 711 2832 ἡμῶν
760 2761 856 2829 τὴν
910 2761 1113 2836 ὑγίειαν
1163 2762 1212 2836 ἐξ
1264 2764 1337 2817 ὧν
1388 2762 1839 2839 ἠῤῥωστήσαμεν.
1890 2761 1961 2816 Οῦ

318 2847 421 2923 γὰρ
449 2847 571 2923 περὶ
625 2848 880 2919 θεότητος
932 2847 1321 2926 διηνέχθημεν,
1370 2849 1495 2907 ἀλλ’
1557 2851 1688 2926 ὑπὲρ
1723 2851 1961 2922 εὐταξίας

320 2934 704 3011 ἠγωνισάμεθα
728 2958 740 2970 ·
803 2934 919 2991 οὐδ’
977 2939 1238 3015 ὁποτέραν
1298 2936 1379 2994 δεῖ
1420 2944 1527 2994 τῶν
1560 2935 1815 2995 ἀσεϐειῶν
1852 2944 1964 3013 (79)

318 3023 529 3079 ὲλὲσθαι
568 3023 781 3097 μᾶλλον
813 3022 1329 3104 ἠμφισϐητήσαμεν,
1378 3027 1483 3081 εἷ’τε
1530 3029 1630 3097 τὴν
1681 3034 1964 3105 συναιροῦ-

318 3134 409 3167 σαι
445 3114 591 3185 Θεὸν,
642 3114 675 3182 ἢ
723 3115 824 3184 τήν
873 3114 1195 3188 τέμνουσαν,
1247 3114 1351 3171 εἷ’τε
1381 3119 1494 3189 (80)
1526 3117 1587 3171 τὸ
1620 3122 1838 3191 Πνεῦμα
1871 3118 1968 3190 μό-

314 3223 406 3256 νον
464 3202 571 3256 ἀπὸ
624 3210 723 3272 τῆς
772 3205 957 3273 θεῖκῆς
1002 3203 1211 3274 οὐσίας,
1261 3202 1366 3259 sifts
1410 3205 1500 3259 καὶ
1550 3208 1662 3279 (81)
1710 3208 1800 3262 τὸν
1842 3207 1963 3261 Υἱὸν

316 3291 454 3366 πρὸς
501 3295 578 3363 τῷ
633 3291 926 3365 Πνεῦματι,
974 3293 1073 3361 τὴν
1127 3292 1250 3366 μίαν
1297 3299 1513 3369 μοῖραν,
1543 3295 1577 3363 ἢ
1610 3295 1706 3357 τάς
1738 3292 1833 3349 δύο
1866 3302 1966 3365 τῆς

2144 2321 2240 2376 lII.
2277 2320 2441 2392 Agite
2486 2319 2684 2392 igitur,
2744 2323 2930 2373 estote
2984 2335 3329 2373 arcanorum
3380 2322 3716 2375 nostrorum

2072 2410 2426 2482 participes;
2459 2410 2529 2463 ad
2560 2408 2870 2463 concilium
2906 2425 3028 2476 vos,
3090 2407 3265 2462 etiam
3309 2407 3488 2476 exosi,
3544 2423 3716 2462 voca-

2074 2516 2245 2565 mus;
2279 2498 2513 2553 arbitris
2542 2498 2815 2553 hostibus
2847 2496 3086 2563 utimur,
3118 2496 3173 2567 (o
3206 2495 3499 2568 insignem
3562 2513 3721 2551 arro-

2073 2587 2355 2661 gantiam,
2386 2586 2473 2642 vel
2506 2587 2699 2659 potius
2748 2586 3021 2641 ﬁduciam
3048 2585 3085 2656 l)
3140 2590 3202 2640 ut
3259 2585 3475 2656 pudore
3507 2584 3720 2640 suffusi

2070 2676 2325 2747 victique
2358 2675 2661 2743 recedatis,
2695 2675 2832 2747 (quo
2865 2675 3005 2746 quid
3040 2674 3231 2746 magis
3266 2690 3482 2729 novum
3519 2690 3583 2728 ac
3617 2673 3725 2728 mi—

2075 2783 2200 2819 rum
2235 2765 2374 2837 ﬁngi
2407 2765 2665 2837 potest?)
2708 2764 2941 2835 cognita
2990 2763 3300 2832 nimirum,
3356 2778 3424 2817 ex
3474 2778 3540 2816 eo
3589 2762 3719 2834 ipso

2074 2855 2227 2925 quod
2261 2853 2691 2926 azgrotavimus,
2725 2858 2925 2907 nostra
2956 2852 3224 2907 sanitate.
3258 2851 3382 2905 Non
3441 2850 3597 2905 enim
3647 2851 3719 2905 de

2076 2942 2709 3012 deitatedissensimus,
2734 2942 2833 2996 sed
2857 2941 3077 2996 ordinis
3103 2958 3168 2995 ac
3192 2939 3516 3011 disciplina:
3540 2956 3719 2995 causa

2075 3030 2425 3087 certavimus
2451 3049 2464 3100 ;
2497 3047 2603 3085 nec
2635 3031 2706 3085 de
2736 3047 2801 3085 eo
2834 3030 2988 3084 inter
3018 3047 3122 3083 nos
3152 3029 3448 3084 contentio
3474 3028 3719 3099 exstitit,

2078 3124 2208 3174 utra
2239 3120 2513 3191 impietas
2545 3119 2740 3191 potius
2799 3120 2945 3174 427
3012 3117 3279 3188 eligenda
3334 3122 3509 3183 esset,
3559 3133 3723 3184 eane,

2077 3226 2205 3281 qua:
2237 3209 2417 3263 Deum
2463 3207 2778 3273 contrahit,
2824 3225 2897 3261 an
2957 3206 3052 3260 illa
3110 3223 3237 3277 quae
3294 3205 3383 3260 vel
3441 3206 3725 3276 Spiritum

2078 3302 2346 3353 sanctum
2381 3297 2682 3364 duntaxat,
2713 3295 2801 3350 vel
2837 3294 3049 3351 Filium
3085 3309 3319 3367 quoque
3353 3293 3549 3365 ipsum
3611 3312 3728 3351 una

316 3372 575 3467 ἀσεϐείας.
623 3383 797 3467 Ταῦτα
832 3378 964 3467 (γὰρ,
1016 3380 1089 3442 ὡς
1138 3380 1189 3434 ἐν
1237 3383 1349 3455 (82)
1401 3381 1680 3467 κεφαλαίῳ
1742 3382 1956 3459 περιλα-

2077 3403 2210 3442 cum
2240 3385 2464 3457 Spiritu
2486 3403 2520 3441 a
2546 3385 2741 3439 divina
2763 3384 3019 3440 essentia
3040 3382 3350 3439 distrahit:
3377 3383 3723 3449 alteramne,

316 3462 450 3536 ϐεῖν,
502 3466 569 3521 τά
609 3471 697 3520 νῦν
742 3466 1179 3543 ἀῤῥωστήματαο
1237 3468 1422 3541 ἐπειδή
1471 3466 1754 3535 ἀναϐάσεις
1811 3472 1862 3527 ἐν
1892 3473 1959 3548 τῇ

314 3552 508 3629 καρδίᾳ
562 3554 795 3619 τίθενται
852 3558 986 3631 (83),
1046 3556 1152 3635 οὐχ
1213 3558 1531 3636 ὁμολογίας,
1605 3559 1731 3616 ἀλλ’
1805 3560 1969 3637 ἀρνή-

316 3664 448 3705 σεως
481 3644 591 3714 (84)
625 3664 635 3675 ·
674 3644 797 3701 οὐδὲ
828 3645 1135 3722 θεολογίας,
1162 3646 1308 3703 ἀλλά
1342 3648 1715 3727 βλασφημίας,
1754 3650 1965 3714 Ἀλλος

310 3732 411 3807 γὰρ
444 3730 616 3788 ἄλλου
647 3729 1067 3811 φιλοτιμότερος
1099 3736 1149 3790 ἐν
1179 3741 1258 3807 τῷ
1286 3736 1513 3811 πλούτῳ
1550 3746 1651 3807 τῆς
1699 3738 1963 3807 ἀσεϐείας,

312 3818 492 3896 ὣσπερ
545 3818 869 3893 δεδοικότες,
925 3822 985 3877 οὐ
1023 3825 1085 3877 τὸ
1116 3818 1346 3897 ἀσεϐεῖν,
1382 3812 1527 3881 ἀλλά
1558 3827 1619 3880 τὸ
1654 3826 1846 3903 μέτρια
1874 3828 1964 3882 καὶ

311 3908 504 3980 ἐτέρων
534 3906 1039 3986 φιλανθρωπότερα.

2073 3476 2335 3546 inquam,
2372 3491 2443 3529 an
2478 3470 3129 3545 utramqueimpictatis
3160 3474 3383 3542 partem
3412 3470 3723 3543 amplecte-

2081 3580 2293 3621 remur.
2334 3563 2399 3618 Hi
2430 3564 2608 3629 enim,
2643 3568 2706 3617 ut
2734 3563 2792 3617 in
2817 3578 3025 3634 genere
3055 3562 3269 3630 dicam,
3293 3560 3539 3630 hujusce
3572 3565 3721 3615 tem-

2080 3653 2319 3724 pestatis
2355 3652 2540 3707 morbi
2573 3656 2750 3719 sunt;
2784 3668 2916 3706 cum
2968 3650 3204 3722 quidam
3265 3649 3385 3704 sint
3431 3648 3724 3721 homines,

2078 3742 2175 3814 qui
2212 3741 2583 3796 ascensiones
2615 3741 2671 3794 in
2706 3742 2878 3795 corde
2935 3756 3040 3794 suo
3098 3743 3323 3810 ponunt
3345 3738 3386 3805 9,
3421 3754 3535 3792 non
3594 3755 3728 3793 con-

2076 3830 2371 3893 fessionis,
2418 3829 2516 3882 sed
2576 3827 2993 3897 ahjurationis:
3058 3843 3170 3881 non
3230 3824 3565 3895 theologia,
3621 3826 3724 3881 sed

2075 3916 2473 3989 blasphemiae.
2507 3915 2669 3970 Alius
2700 3915 2853 3970 enim
2885 3914 2996 3970 alio
3028 3916 3083 3969 in
3139 3913 3463 3985 impietatis
3513 3914 3728 3984 cpibus

310 3995 608 4054 liberalior
638 4015 703 4054 ac
733 4000 1026 4071 profusior
1054 4006 1161 4069 est,
1198 4003 1437 4073 perinde
1471 4010 1645 4076 atque
1676 4023 1787 4062 non
1818 4006 1878 4061 id
1911 4009 2196 4073 metuant,
2235 4021 2302 4060 ne
2348 4005 2547 4077 impiis
2576 4004 2871 4060 erroribus
2900 4021 3029 4060 sese
3058 4004 3482 4074 constringant,
3517 4003 3615 4059 sed
3652 4019 3724 4059 nc

311 4085 420 4142 hac
451 4086 511 4142 in
546 4104 605 4143 re
635 4089 1052 4146 moderatiores
1085 4095 1255 4163 atque
1286 4091 1661 4149 humaniores
1693 4096 1830 4161 sint,
1866 4112 2042 4168 quam
2074 4097 2282 4150 caeteri.

384 4175 455 4230 A'.
486 4175 673 4247 Ἡμεῖς
706 4172 752 4229 δ’
786 4176 894 4251 οὐχ
923 4176 1117 4239 οὕτως.
1168 4176 1324 4234 Ἀλλ’
1372 4179 1504 4255 ὑπὲρ
1558 4181 1651 4253 μὶν
1702 4182 1957 4252 θεότητος

308 4266 719 4341 συμφρονοῦμὲν
751 4284 811 4318 τε
839 4265 928 4319 καὶ
960 4261 1352 4341 συμϐαίνομεν,
1388 4269 1493 4345 οὐχ
1538 4272 1698 4338 ἧττον
1745 4272 1778 4340 ἢ
1824 4269 1958 4345 πρὸς

309 4351 499 4420 ἑαυτὴν
545 4353 580 4421 ἡ
630 4351 845 4426 θεότης,
893 4353 937 4408 εί
991 4356 1068 4427 μὴ
1098 4356 1237 4431 μέγα
1265 4360 1426 4411 τοῦτο
1460 4356 1649 4428 εἲπεῖν,
1678 4359 1766 4413 καὶ
1800 4360 1955 4435 γεγό-

305 4461 471 4512 ναμεν
521 4440 714 4516 χεῖλος
762 4438 817 4496 ἓν
871 4442 959 4498 καὶ
1008 4446 1161 4521 φωνή
1220 4444 1337 4517 μία,
1387 4444 1669 4517 ἐναντίως,
1703 4448 1737 4517 ἢ
1785 4450 1836 4503 οἱ
1862 4448 1950 4503 τὸν

2142 4183 2230 4240 IV.
2270 4184 2475 4239 Nostra
2517 4187 2709 4238 autem
2771 4199 2885 4236 non
2944 4182 3143 4235 eadem
3202 4184 3290 4234 est
3347 4180 3514 4236 ratio.
3565 4181 3713 4238 Nam

2067 4273 2222 4343 quod
2257 4272 2324 4325 ad
2361 4271 2720 4325 divinitatem
2757 4269 2985 4340 attinet,
3020 4286 3133 4324 non
3160 4268 3357 4323 minus
3382 4286 3557 4341 quam
3584 4272 3714 4342 ipsa

2066 4378 2264 4415 secum
2300 4360 2594 4424 divinitas,
2631 4360 2741 4413 nisi
2779 4374 3056 4430 magnum
3092 4357 3203 4411 hoc
3227 4358 3387 4411 dictu
3431 4359 3528 4425 sit,
3562 4359 3717 4414 inter

2066 4466 2169 4503 nos
2203 4448 2605 4503 consentimus
2638 4451 2812 4518 atque
2854 4447 3310 4513 concordamus;
3369 4444 3715 4517 labiumque

306 4527 510 4605 πύργον
529 4515 953 4602 οἰκοδομοῦντες
1010 4515 1072 4587 τὰ
1122 4515 1406 4609 πρότερον.
1457 4535 1519 4588 Οἱ
1576 4515 1670 4609 μὶν
1721 4515 1824 4613 γὰρ
1864 4535 1952 4592 ἐπὶ

2075 4553 2246 4592 Jnum
2279 4542 2335 4591 et
2363 4552 2471 4590 vox
2502 4552 2620 4590 una
2658 4551 2867 4589 sumus
2889 4535 2932 4602 ³,
2990 4539 3193 4588 contra
3224 4538 3423 4588 tamen
3448 4539 3619 4605 atque
3652 4534 3713 4601 ii,

305 4621 456 4687 κακῷ
512 4617 905 4695 συνεφρόνουν·
957 4622 1093 4694 ἡμῖν
1145 4618 1203 4675 δὲ
1255 4621 1340 4676 ἐπὶ
1396 4623 1554 4678 παττὶ
1597 4623 1862 4700 βελτίστῳ
1894 4625 1958 4680 τὰ

305 4711 405 4775 τῆς
438 4705 720 4778 ὁμονοίας,
747 4703 819 4761 ’ίν’
850 4707 1197 4783 ὁμόθυμαδὸν
1228 4709 1279 4765 ἐν
1324 4710 1400 4765 ἐνὶ
1440 4711 1667 4785 στόματι
1718 4711 1956 4785 δοξάζω-

311 4816 405 4867 μεν
436 4793 526 4850 τόν
563 4797 792 4872 Πατέρα,
847 4798 937 4852 καὶ
984 4800 1073 4853 τὸν
1126 4801 1272 4867 Υἱὸν,
1322 4799 1412 4855 καὶ
1441 4802 1504 4855 τὸ
1536 4799 1684 4879 ἅγιον
1716 4807 1952 4876 Πνεῦμα,

305 4882 395 4938 καὶ
423 4888 583 4939 τοῦτο
644 4884 876 4961 λιγηται
923 4889 1047 4963 περὶ
1095 4891 1276 4961 ἡμῶν,
1327 4888 1409 4943 ὅτι
1461 4885 1631 4953 ὅντως
1664 4892 1692 4946 ὁ
1741 4894 1868 4955 Θεὸς
1900 4891 1952 4947 ἰν

302 4973 439 5044 ἡμῖν
472 4971 635 5043 ἐστιν,
670 4975 697 5029 ὃ
725 4974 851 5037 τοῦς
875 4977 1122 5039 ἱνοῦντας
1153 4976 1309 5032 αὐτὸν
1354 4980 1461 5050 (85)
1517 4977 1669 5052 ἑνῶν,
1718 4981 1810 5035 καὶ
1870 4978 1956 5036 δο-

374 5072 419 5106 ⁹⁹
446 5073 651 5127 Matth.
684 5090 783 5139 νη,
817 5076 868 5129 4.
950 5078 966 5111 ί
1003 5076 1150 5132 Psal.
1185 5094 1421 5143 Lxxxm,
1444 5080 1497 5133 6.
1576 5080 1597 5114 ²
1628 5079 1768 5135 Gen.
1803 5098 1881 5149 x1,
1915 5082 1964 5135 1.

372 5168 490 5246 (Ἱθ)
516 5168 592 5222 Tal
638 5174 742 5246 τῷν
790 5171 1025 5246 πλησίον
1055 5172 1356 5246 τραύματα.
1392 5174 1662 5246 Ε1188,τᾶ
1692 5180 1797 5230 τῶν
1850 5173 1953 5230 ἀλ-

302 5236 536 5313 λοτρίων
570 5242 857 5312 πτώματα.
887 5236 1097 5302 Plures
1118 5236 1284 5302 codd.
1319 5264 1421 5319 pro
1446 5236 1729 5323 τραῦματα
1753 5249 1954 5322 legunt

302 5309 635 5363 πταίσματα.

302 5329 635 5381 πταισματα.

374 5382 484 5462 (77)
519 5383 659 5436 Κατά
686 5384 785 5462 τὴν
817 5386 1149 5462 παραιμίαν.
1172 5411 1201 5438 ‹‹
1239 5388 1307 5443 Ut
1336 5393 1425 5462 est
1468 5392 1526 5443 in
1571 5392 1895 5462 proverbio.
1924 5414 1951 5440 ››

303 5452 693 5535 1_Usurpatu_r
734 5458 858 5535 hoc
891 5452 1282 5535 proverbium,
1314 5484 1335 5513 ι
1371 5452 1588 5535 inquit.
1614 5462 1792 5535 Elias,
1824 5484 1851 5511 »
1878 5464 1953 5535 de

299 5523 416 5579 illis
437 5523 539 5596 qui
571 5527 705 5601 inde
734 5523 975 5600 capiunt
1000 5523 1335 5601 utilitatem,
1359 5523 1512 5589 unde
1542 5523 1953 5591 utilitas'nulla

297 5598 765 5720 exspectabatur.
792 5598 819 5649 ›;

369 5668 387 5720 (
428 5668 484 5720 8l
522 5666 583 5720 Τί
629 5668 819 5720 τούτωι

296 5666 583 5798 τοξζξᾙί
629 5668 857 5726 τούτωνι
918 5672 1059 5746 Ηθε.
1117 5673 1240 5741 bm,
1296 5677 1420 5733 tres
1469 5674 1655 5746 0011).,
1704 5677 1848 5748 Jes.,
1895 5674 1950 5731 τι

2068 4626 2167 4698 qui
2197 4624 2408 4681 turrim
2442 4623 2579 4679 olim
2612 4625 3007 4679 exstruebant.
3041 4622 3124 4677 Illi
3161 4622 3317 4677 enim
3370 4622 3429 4677 in
3490 4622 3713 4679 malum

2067 4713 2502 4785 conspirabant,
2539 4729 2646 4768 nos
2678 4717 2871 4767 autem
2904 4712 2976 4766 ob
3010 4709 3405 4781 pulcherrima
3462 4727 3713 4783 quaeque

2067 4802 2439 4858 concordiam
2472 4801 2743 4868 colimus,
2776 4806 2841 4855 ut
2870 4799 3181 4855 unanimes
3231 4803 3403 4869 atque
3446 4816 3563 4855 uno
3612 4816 3711 4855 ore

2066 4892 2317 4955 Patrem,
2348 4897 2404 4946 et
2437 4890 2668 4957 Filium,
2700 4895 2751 4945 et
2781 4889 3063 4962 Spiritum
3097 4893 3367 4943 sanctum
3422 4887 3708 4960 gloriﬁce-

2067 4998 2220 5048 mus,
2268 4980 2445 5051 idque
2468 4980 2538 5035 de
2569 4979 2736 5035 nobis
2768 4978 3134 5051 praedicetur,
3167 4978 3320 5048 quod
3353 4992 3485 5033 vere
3512 4976 3569 5032 in
3609 4994 3711 5032 no-

2136 5175 2245 5246 (79)
2276 5176 2389 5226 Τῶν
2418 5166 2697 5246 ἀσεϐειῶν.
2733 5174 3067 5246 Οχοῐιη-τήν
3100 5164 3364 5246 ἀσέϐειαν.

2134 5241 2240 5316 (80)
2274 5246 2515 5317 ’Ἢῃτήν
2543 5244 2870 5317 τέμνουσαν,
2917 5241 3040 5317 sifts,
3089 5248 3198 5298 etc.
3234 5243 3433 5317 Plures
3483 5244 3711 5301 codices

2062 5310 2299 5386 habent,
2323 5310 2761 5387 si'1s'1épvouc'av
2790 5316 2878 5369 καὶ
2908 5310 3223 5385 τέμνουσαν,
3261 5310 3384 5383 εἷ’τε,
3412 5320 3527 5387 etc.

2133 5390 2242 5459 (81)
2277 5384 2398 5440 Ei’re
2427 5384 2538 5443 aut.
2572 5389 2667 5444 Sic
2700 5389 2896 5459 plures
2926 5384 3093 5443 cOdd.
3127 5387 3302 5459 Deest
3332 5384 3421 5439 καί
3452 5388 3511 5441 in
3544 5386 3635 5441 ed.

2131 5458 2239 5532 (8a)
2274 5459 2381 5532 Ἐν.
2415 5465 2585 5515 Deest
2616 5461 2673 5515 in
2702 5458 2846 5532 Reg.
2884 5460 3003 5532 bm,
3030 5463 3094 5532 et
3126 5458 3220 5514 Or.
3258 5458 3307 5511 1.

2131 5527 2243 5600 (83)
2275 5528 2541 5586 Τίθενται.
2578 5527 2850 5597 Μοηῐξιοῖ,
2899 5527 3245 5600 διατίθενται.

2151 5604 2242 5671 84)
2274 5602 2604 5676 ξΑρνήσεως.
2632 5602 2812 5676 βοὶεὶ.
2847 5604 2898 5671 1,
2933 5598 3177 5676 ἄρνησις.

2150 5670 2242 5746 85)
2273 5670 2554 5735 Ἐνοῦντας
2587 5672 2771 5729 αὐτόν.
2804 5670 2977 5746 Deest
2998 5672 3156 5728 αὐτον
3176 5671 3258 5746 _in
3283 5670 3586 5732 nonnullis
3616 5692 3708 5735 co-

2056 5741 2309 5805 dicibns.
2333 5746 2506 5804 Coisl.
2544 5747 2567 5800 1
2602 5746 2800 5818 habet,
2832 5744 3111 5808 αἰνοῦντας
3140 5741 3327 5802 αίνῶν.
