4056 6274
397 437 551 499 “55

1635 435 1698 492 S.
1749 427 2119 493 GREGORII
2164 426 2265 492 ΤΗ
2277 428 2558 495 EOLOGI

3642 430 3798 497 H56

396 572 485 627 bis
517 571 594 626 sit
624 575 772 627 Deus
794 571 834 638 ²,
869 586 965 626 cos
997 586 1029 624 ιι
1061 571 1276 642 quibus
1306 568 1526 635 unitur,
1561 568 1792 633 uuiens,
1824 574 1879 621 et
1915 583 2032 631 eos,

2151 564 2316 637 ξάζων
2351 566 2475 628 τοὺς
2510 564 2848 636 δοξάζοντας·
2883 563 2970 621 καὶ
3027 569 3099 640 μὴ
3154 560 3377 644 λέγηται
3430 565 3613 642 μόνον,
3650 568 3796 623 ἀλλά

394 679 429 717 a
455 661 671 733 quibus
704 659 890 732 gloria
921 660 1194 724 afﬁcitur,
1227 658 1412 732 gloria
1458 657 1719 713 afﬁciens
1741 674 1753 724 ;
1775 672 1878 711 nec
1910 664 2033 711 tan-

392 754 521 805 tum
553 749 922 821 praedicetur,
956 750 1054 803 sed
1087 748 1259 803 etiam
1295 748 1588 803 credatur.
1649 745 1860 800 Verum
1904 744 2034 800 aliis

393 839 465 893 de
494 839 670 893 rebus
699 838 994 893 contentio
1023 836 1176 892 inter
1206 854 1311 891 nos
1344 836 1490 890 fuit:
1549 834 1701 889 male
1748 835 1925 889 etiam
1976 833 2033 887 id

392 927 652 999 quidem,
688 944 802 981 non
834 926 991 981 enim
1051 925 1354 980 inﬁciabor
1402 930 1531 993 (nec
1589 924 1745 978 enim
1805 922 2034 977 diabolo

393 1016 617 1071 aditum
655 1015 841 1070 ullum
873 1019 973 1069 aut
1003 1031 1232 1084 ansam,
1266 1030 1371 1068 nec
1399 1012 1684 1084 improbis
1710 1012 1927 1084 linguis
1973 1010 2035 1064 li-

323 1137 339 1141 »
390 1106 645 1161 centiam
666 1103 793 1159 dari
815 1103 1124 1174 oportuit);
1151 1120 1263 1158 non
1289 1108 1486 1157 tamen
1521 1106 1934 1173 tanta,quanta
1962 1099 2035 1154 iis

391 1194 642 1259 videtur,
674 1194 774 1264 qui
808 1209 900 1248 res
930 1198 1162 1247 nostras
1195 1207 1296 1263 per
1324 1190 1685 1246 calumniam
1742 1189 2034 1244 insectan-

390 1288 507 1339 tur.
535 1282 679 1339 Nam
701 1298 835 1337 cum
860 1280 983 1335 ﬁeri
1002 1298 1112 1336 non
1138 1286 1354 1352 posset,
1380 1280 1516 1350 quin
1567 1278 1791 1349 aliquid
1835 1292 2034 1348 pecca-

392 1388 612 1439 remus,
646 1375 710 1426 ut
754 1370 1043 1437 homines,
1103 1376 1370 1424 nostrum
1428 1368 1535 1423 hoc
1588 1373 1844 1423 erratum
1905 1368 2033 1435 fuit,

393 1462 549 1534 quod
580 1459 761 1515 nimio
794 1459 1045 1531 pastoris
1076 1474 1270 1513 amore
1302 1457 1490 1513 affecti
1522 1474 1751 1524 sumus,
1814 1472 1919 1512 nec
1969 1472 2037 1513 ex

391 1550 622 1606 duobus
653 1547 903 1614 eximiis,
934 1550 1066 1602 uter
1084 1546 1271 1617 magis
1294 1547 1650 1616 expetendus
1674 1550 1851 1612 esset,
1874 1561 2035 1615 repe-

392 1639 506 1694 rire
538 1638 861 1711 potuimus,
897 1636 1281 1707 quoadusque
1311 1634 1370 1688 in
1404 1634 1512 1688 hoc
1542 1634 1941 1699 convenimus,
1975 1638 2038 1688 ut

392 1733 709 1797 utrumque
741 1726 863 1797 pari
896 1725 955 1779 in
986 1723 1160 1779 laude
1182 1728 1238 1778 et
1259 1722 1645 1777 admiratione
1663 1738 2033 1793 poneremus.

392 1814 509 1871 Hoc
543 1822 805 1871 nostrum
840 1814 1060 1869 crimen
1094 1818 1201 1867 est.
1235 1812 1353 1866 Hoc
1399 1811 1651 1876 nomine,
1714 1810 1812 1882 qui
1863 1808 2033 1878 volet,

393 1922 500 1960 nos
533 1904 900 1971 condemnet,
955 1906 1056 1957 aut
1111 1901 1392 1956 absolvat.
1454 1899 1570 1954 Hoc
1630 1899 2030 1954 haereticorum

394 1993 771 2065 praesidiuum
806 1998 914 2046 est.
948 1994 1188 2060 Propter
1219 1989 1326 2043 hoc
1360 1987 1502 2043 nihil
1526 1987 1775 2052 habetis,
1801 1987 2028 2042 etiamsi

395 2082 646 2137 maxime
674 2080 943 2153 cupiatis.
981 2081 1190 2144 Muscas,
1223 2078 1415 2148 inquit
1448 2076 1562 2145 ille,
1622 2093 1747 2131 cum
1808 2079 1867 2131 in
1913 2076 2038 2132 oleo

389 2173 714 2227 moriuntur
742 2186 805 2225 ac
830 2177 1164 2240 putrescunt,
1199 2169 1370 2238 ipsius
1407 2167 1735 2221 suavitatem
1790 2182 2037 2221 corrum-

2143 654 2231 710 xui
2284 654 2623 725 πιστεύηται.
2656 654 2838 711 Ἀλλα
2886 654 2943 711 δὲ.
2994 655 3132 711 ἐστιν
3186 658 3318 733 ὑπὲρ
3373 659 3445 711 ὧν
3500 656 3798 734 διηνέχθη-

2148 762 2263 815 μεν·
2314 747 2491 805 κακῶς
2541 744 2633 815 μὲν
2687 744 2774 797 καὶ
2841 744 2964 820 περὶ
3011 745 3241 816 τούτων,
3300 745 3361 800 οὗ
3409 747 3509 822 γὰρ
3558 747 3791 821 ἀρνήσο-

2149 852 2243 903 μαι
2275 830 2468 907 (ἐχρῆν
2496 832 2598 908 γάρ
2634 829 2904 905 μηδεμίαν
2939 830 3141 888 διδόναι
3171 835 3251 906 τῷ
3280 840 3507 906 πονηρῷ
3554 833 3794 908 πάροδον

2143 922 2177 988 ἣ
2212 915 2387 988 λαϐὴν
2426 924 2558 992 (86),
2598 918 2737 992 μηδὲ
2783 927 2901 984 ταῖς
2952 928 3215 997 πονηραῖς
3261 922 3533 998 γλώσσαις
3583 924 3794 979 ἐλευθε-

2145 1008 2306 1084 ρίαν),
2339 1009 2484 1076 πλήν
2520 1008 2581 1063 οὗ
2613 1014 2893 1081 τοσοῦτον,
2926 1011 3052 1065 ὅσον
3082 1009 3231 1066 δοκεῖ
3277 1018 3393 1073 τοῖς
3440 1014 3505 1067 τὰ
3552 1014 3795 1086 ἡμέτερα

2146 1093 2556 1152 διαϐάλλουσιν
2618 1097 2836 1167 Ἐπειδή
2914 1100 3017 1175 γὰρ
3093 1098 3197 1154 ἔδει
3256 1122 3309 1154 τι
3383 1102 3473 1156 καὶ
3549 1103 3792 1175 ἀμαρτά-

2143 1207 2250 1239 νειν
2290 1188 2421 1259 (87),
2472 1182 2626 1248 ὄντας
2675 1188 3011 1263 ἀνθρώπους,
3059 1189 3220 1243 τοῦτό
3268 1188 3408 1244 ἐστιν
3462 1190 3490 1244 ὃ
3540 1189 3795 1244 ἐπταίσα-

2148 1295 2264 1346 μεν,
2301 1273 2421 1329 λίαν
2464 1274 2852 1353 φιλοποίμενες
2884 1279 2996 1349 (88)
3028 1276 3348 1351 γεγόναμεν,
3379 1279 3467 1333 xui
3517 1278 3616 1333 οὐκ
3663 1277 3792 1353 ἔχο-

2149 1382 2243 1434 μεν
2286 1361 2454 1435 εὑρεῖν
2508 1364 2716 1439 ἀγαθῶν
2764 1361 2859 1419 δύο
2905 1364 2967 1419 τό
3008 1366 3384 1441 αἱρετώτερον,
3420 1362 3521 1428 ἕως
3571 1362 3797 1437 συνέϐη-

2149 1471 2242 1523 μεν
2273 1451 2551 1529 ἀμφότερα
2590 1451 2780 1521 ἐπίσης
2822 1454 3134 1526 θαυμάζειν.
3167 1459 3335 1509 Τοῦτο
3390 1458 3549 1528 ἡμῶν
3596 1456 3659 1510 τὸ
3710 1452 3796 1530 ἔγ-

2144 1536 2354 1610 κλημα·
2390 1540 2513 1613 περὶ
2544 1540 2749 1595 τούτων
2795 1543 2946 1613 ἡμᾶς
2993 1542 3020 1595 6
3074 1541 3416 1616 βουλόμενος
3466 1543 3728 1598 εὐθυνέτω
3758 1546 3792 1612 ἣ

2146 1629 2368 1705 ἀφιέτω·
2423 1632 2583 1683 τοῦτο
2640 1634 2746 1683 τῶν
2800 1630 3084 1705 αἱρετικῶν
3131 1634 3165 1699 ἡ
3218 1630 3503 1709 ἀσφάλεια·
3553 1631 3685 1706 ὑπὲρ
3739 1629 3796 1686 δὶ

2141 1721 2303 1770 τοῦτο
2347 1714 2524 1786 οὐδὲν,
2588 1714 2701 1771 οὐδ’
2751 1716 2811 1771 ἃν
2869 1715 3077 1795 σφόδρα
3137 1717 3429 1792 βούλησθε.
3480 1724 3644 1775 Μυῖαι
3697 1741 3793 1774 σα-

2143 1809 2390 1879 πριοῦσιν
2485 1804 2689 1872 ἔλαιον,
2768 1806 2929 1883 φησὶν
3008 1808 3035 1860 6
3114 1807 3301 1877 εἰπὼν,
3383 1807 3798 1883 ἐννεκρούμεναί

2143 1914 2201 1947 τε
2270 1894 2359 1947 xui
2434 1894 2817 1966 ἐνσηπόμεναιο
2875 1896 2940 1949 τὰ
3005 1893 3061 1949 δὲ
3130 1894 3272 1950 καλά
3321 1897 3348 1950 6
3406 1896 3599 1972 φθόνος
3664 1898 3793 1971 βου-

2144 1982 2364 2052 λήσεται
2444 1985 2558 2056 μὲν,
2620 1982 2680 2038 οὗ
2740 1981 3022 2051 δυνήσεται
3082 1983 3158 2041 δέ.
3213 1986 3431 2040 Πάντων
3481 1987 3582 2061 γὰρ
3636 1986 3791 2061 ἰσχυ-

2148 2073 2392 2147 ρότατον,
2462 2075 2536 2135 ὡς
2630 2079 2709 2146 τῷ
2782 2072 2982 2150 ’Έσδρᾳ
3061 2074 3226 2149 κάμοὶ
3307 2074 3475 2149 δοκεῖ,
3549 2078 3583 2145 ἡ
3652 2075 3793 2146 ἀλή-

2148 2165 2283 2235 Oeta,

388 2279 567 2348 punt‘
600 2293 613 2331 :
649 2275 796 2330 livor
824 2275 1055 2345 quidem
1088 2290 1175 2344 ea,
1208 2290 1338 2344 quae
1370 2276 1527 2327 recta
1558 2277 1717 2341 sunt,
1750 2272 1983 2327 inﬁcere
2011 2270 2181 2342 volet,
2209 2272 2311 2327 sed
2344 2289 2456 2326 non
2491 2271 2719 2341 poterit.
2754 2272 3013 2328 Omnium
3043 2275 3241 2328 etenim
3274 2289 3461 2328 rerum
3488 2275 3793 2343 fortissima

386 2374 466 2421 est
492 2366 709 2429 veritas,
748 2371 813 2419 ut
842 2363 985 2418 mihi
1017 2368 1074 2418 et
1105 2363 1295 2416 Esdro's
1326 2362 1557 2416 videtur
1580 2363 1619 2417 ⁸.

461 2453 613 2510 428
644 2452 710 2507 V.
742 2453 857 2508 Nos
883 2452 1062 2523 igitur
1090 2451 1326 2522 quidem
1358 2450 1604 2505 dissidia
1636 2458 1829 2505 nostra
1878 2448 2031 2503 inter

388 2558 495 2598 nos
526 2541 985 2613 composuimus,
1020 2556 1085 2595 ac
1115 2556 1555 2610 componemus.
1589 2538 1702 2592 Nec
1726 2538 1880 2591 enim
1907 2538 2029 2592 fieri

388 2636 599 2703 potest,
632 2636 697 2685 ut
726 2629 828 2683 lilii
862 2627 1205 2699 parentibus
1235 2629 1432 2698 inique
1454 2629 1555 2697 jus
1587 2630 1804 2689 dicant,
1857 2626 2030 2679 inter-

386 2720 653 2775 veniente
694 2716 1013 2790 praasertim
1045 2717 1340 2771 communi
1403 2716 1708 2781 Trinitate,
1770 2731 1871 2784 pro
1915 2731 2032 2785 qua

392 2808 541 2864 bello
573 2807 933 2879 impetimur,
969 2810 1025 2860 et
1054 2811 1289 2876 propter
1311 2821 1484 2874 quam
1512 2803 1725 2858 bellum
1749 2803 1902 2858 haud
1931 2818 2027 2873 ge-

390 2913 607 2952 remus.
641 2897 757 2967 Ego
791 2894 949 2965 pacis
979 2911 1223 2964 sponsor
1255 2910 1407 2959 sum,
1450 2891 1715 2946 tantillus
1766 2891 2033 2945 videlicet

386 2990 563 3040 tanta:
595 2986 698 3051 rei,
731 2984 1007 3054 quoniam
1044 2992 1193 3036 Ueus
1227 2981 1550 3035 humilibus
1580 2981 1680 3033 dat
1722 2981 1968 3049 gratiam
1987 2980 2031 3046 ⁸,

389 3073 673 3130 sublimes
703 3077 898 3127 autem
932 3087 1117 3142 usque
1147 3070 1218 3124 ad
1251 3075 1467 3124 terram
1500 3069 1830 3141 deprimit7.
1883 3068 2030 3133 Quid

385 3164 552 3217 vobis
581 3161 727 3215 illud
762 3160 1037 3233 proderit,
1061 3176 1093 3213 ο
1116 3175 1459 3213 communes
1491 3160 1669 3212 nostri
1704 3158 2031 3229 pacificato-

387 3252 510 3307 res?
522 3252 925 3305 Pacificatores
948 3264 1202 3319 namque
1220 3247 1843 3319 estis,idquebeneﬁcii
1861 3247 2028 3304 nobis

388 3339 555 3394 inviti
586 3339 882 3393 confertis.
907 3337 1032 3391 Non
1050 3338 1207 3391 enim
1236 3354 1331 3391 vos
1356 3342 1659 3406 propterea
1676 3337 1753 3407 pii
1780 3336 1940 3404 estis,
1973 3338 2022 3392 si

2151 3335 2262 3407 περί
2291 3357 2343 3389 τι
2378 3337 2567 3411 μικρὸν
2597 3338 2630 3406 ἢ
2688 3342 2868 3408 μεῖζον
2914 3340 3075 3409 ἡμεῖς
3114 3340 3224 3411 (93)
3250 3357 3263 3369 ⁶

390 3429 529 3500 quid
556 3444 663 3482 nos
683 3426 880 3496 aliqua
899 3427 957 3479 in
983 3442 1043 3479 re
1061 3424 1144 3479 vel
1170 3441 1346 3496 parva
1363 3423 1449 3479 vel
1473 3440 1682 3495 magna
1703 3441 2029 3495 peccemus;

387 3533 494 3572 nos
526 3515 761 3588 quidem
795 3516 866 3569 ob
896 3514 1101 3567 vitium
1136 3513 1290 3567 haud
1322 3512 1622 3579 laudandi,
1656 3513 1703 3566 si
1738 3514 1875 3583 quid
1901 3531 2029 3586 pec-

389 3621 611 3673 cemus,
641 3621 743 3658 vos
775 3610 967 3657 autem
994 3601 1381 3656 nihilominus
1408 3600 1569 3671 impii
1596 3600 2034 3672 estis,quamvis

391 3710 497 3748 nos
528 3708 836 3765 peccemus
868 3708 881 3753 ;
917 3690 1029 3745 nisi
1062 3689 1236 3743 etiam
1268 3706 1335 3742 eo
1369 3688 1581 3759 magis,
1617 3690 1771 3759 quod
1833 3690 2033 3746 laben-

387 3782 547 3836 tibus
578 3779 909 3835 acerbiores
938 3777 1100 3833 estis.
1135 3779 1322 3846 Atque
1381 3782 1444 3830 ut
1496 3794 1601 3831 nos
1650 3778 1928 3833 omnibus
1974 3778 2033 3833 in

396 3872 571 3925 rebus
605 3868 913 3923 unanimes
945 3882 1072 3921 esse
1106 3864 1498 3937 perspiciatis,
1530 3882 1598 3919 ex
1628 3882 1811 3937 eoque
1835 3883 2035 3939 perpe-

389 3965 553 4013 tuam
613 3958 787 4012 etiam
845 3956 996 4010 hanc
1055 3955 1424 4009 concordiam
1486 3958 1605 4009 fore
1668 3955 2033 4025 intelligetis,

389 4046 625 4101 tametsi
658 4046 837 4115 hujus
868 4045 947 4099 rei
980 4043 1150 4097 fidem
1178 4044 1323 4112 jam,
1361 4048 1423 4095 ut
1452 4042 1678 4113 opinor,
1737 4044 1900 4097 vobis
1946 4059 2033 4112 ea,

391 4151 516 4204 qua:
548 4133 756 4188 videtis
788 4132 1053 4196 fecerint,
1088 4133 1303 4202 probus
1335 4130 1612 4184 nimirum
1644 4147 1709 4185 ac
1750 4131 2037 4202 benignus

393 4229 576 4293 pater,
610 4228 666 4276 et
697 4222 855 4278 ﬁlius
886 4222 1236 4292 obsequens,
1269 4236 1384 4273 una
1413 4220 1703 4284 sedentes,
1740 4224 2037 4274 mutuum-

391 4326 506 4381 que
536 4310 648 4365 sibi
680 4309 827 4382 ipsis
857 4314 1268 4364 ornamentum
1302 4309 1608 4363 afferentes
1635 4332 1647 4373 ;
1681 4308 2033 4379 aquibus,si

392 4399 489 4470 qui
524 4399 582 4453 in
627 4399 789 4454 vobis
843 4397 1251 4453 benevolentiae
1310 4396 1745 4465 concordiaque
1804 4396 2032 4453 fomites

2208 2453 2281 2503 E'.
2316 2448 2398 2503 Τὰ
2429 2448 2522 2519 μὶν
2554 2445 2645 2500 οὖν
2677 2448 2917 2523 ἡμέτερα
2959 2450 3120 2521 ἡμεῖς
3175 2448 3226 2503 ἐν
3279 2452 3413 2520 ἡμῖν
3462 2447 3645 2510 αὐτοῖς
3693 2449 3786 2503 xui

2139 2534 2524 2608 ὁιαλελύμεθα,
2550 2535 2638 2590 καὶ
2667 2534 3049 2610 διαλυσόμεθα.
3084 2539 3155 2591 Οὐ
3188 2539 3291 2613 γάρ
3324 2537 3441 2592 οἷόν
3480 2559 3539 2592 τε
3585 2536 3783 2593 παῖδας

2137 2625 2365 2701 πατράσι
2420 2623 2630 2679 δικάσαι
2693 2630 2870 2687 κακῶς
2920 2629 3055 2699 (89),
3113 2626 3201 2680 καί
3270 2628 3381 2699 ἅμα
3433 2634 3533 2695 τῆς
3593 2634 3785 2696 κοινῆς

2136 2711 2363 2787 Τριάδος
2415 2716 2821 2786 μεσιτευούσης,
2856 2715 2987 2791 ὑπὲρ
3036 2718 3100 2783 ἧς
3149 2713 3563 2789 πολεμούμεθα,
3594 2716 3682 2769 καὶ
3716 2714 3785 2769 δι’

2137 2803 2197 2871 ἣν
2227 2800 2288 2856 οὐ
2318 2801 2728 2874 πολεμήσομεν.
2764 2805 2905 2877 Ἐγὼ
2934 2811 3033 2873 τῆς
3067 2804 3285 2874 εἰρήνης
3331 2805 3598 2880 ἐγγυητὴς
3646 2808 3783 2876 (90),

2140 2891 2168 2944 6
2203 2891 2394 2964 μικρὸς
2426 2895 2521 2945 τοῦ
2564 2892 2826 2945 τοσαύτου
2876 2894 3221 2967 πράγματος,
3282 2891 3468 2961 ἐπειδὴ
3515 2899 3784 2955 ταπεινοῖς

2141 2976 2332 3033 δίδωσι
2386 2981 2546 3055 χάριν
2607 2982 2633 3034 6
2693 2981 2905 3050 Κύριος,
2965 2989 3211 3037 ταπεινοῖ
3268 2980 3314 3036 δ’
3374 2982 3621 3056 ὑψηλοὺς
3674 2980 3785 3043 ἕως

2138 3075 2241 3143 γῆς
2281 3072 2415 3142 (91).
2447 3070 2598 3141 Ὑμῖν
2635 3067 2691 3123 δὲ
2717 3070 2769 3123 τί
2796 3075 2956 3124 τοῦτο
3002 3077 3119 3133 τοῖς
3172 3076 3374 3133 κοινοῖς
3430 3074 3590 3142 ἡμῶν
3636 3068 3787 3124 διαλ-

2141 3155 2402 3225 λακταῖς;
2463 3156 2787 3213 διαλλακταὶ
2846 3160 2948 3235 γάρ
3011 3159 3147 3227 ἐστε,
3207 3160 3294 3214 καὶ
3347 3159 3611 3220 ἀκουσίως

2138 3249 2299 3300 τοῦτο
2357 3246 2660 3321 χαρίζεσθε.
2722 3247 2798 3304 Οὐ
2853 3249 2956 3324 γὰρ
3012 3249 3163 3321 ὑμεῖς
3224 3244 3473 3319 εὐσεϐεῖς,
3532 3248 3576 3302 εἰ
3627 3244 3784 3301 xuxoi

3307 3335 3431 3392 ἀλλ’
3477 3340 3640 3409 ἡμεῖς
3688 3336 3780 3408 μὲν

2140 3424 2239 3477 οὐκ
2294 3423 2561 3478 ἐπαινετοὶ
2609 3432 2708 3494 τῆς
2756 3426 2964 3497 κακίας,
3020 3426 3167 3502 εἷ’περ
3212 3447 3263 3480 τι
3312 3425 3594 3497 πταίομεν,
3630 3425 3781 3497 ὑμεῖς

2142 3510 2199 3567 δὲ
2249 3512 2400 3567 οὐδὲν
2444 3515 2604 3580 ἦττον
2656 3509 2885 3584 ἀσεϐεῖς,
2936 3514 3032 3567 κᾶν
3084 3516 3246 3586 ἡμεῖς
3294 3514 3704 3588 ἀμαρτάνωμεν,
3739 3512 3783 3567 εἷ

2146 3601 2221 3673 μὴ
2253 3600 2341 3654 καὶ
2385 3598 2619 3671 μᾶλλον,
2672 3599 2781 3671 ὅσῳ
2829 3600 2918 3653 καὶ
2968 3601 3268 3655 πταιόντων
3312 3601 3429 3656 ἐστὶ
3481 3601 3783 3677 βαρύτεροι.

2143 3686 2341 3744 Kui'tv’
2394 3684 2571 3755 εἰδῆτε
2625 3688 2690 3741 ca:
2738 3688 2912 3742 πάντα
2957 3688 3398 3765 συμφρονοῦντας
3447 3692 3557 3762 (94)
3615 3692 3782 3761 ἡμᾶς,

2141 3777 2231 3830 καὶ
2265 3774 2351 3829 ad
2401 3776 2749 3830 τούτωναὸτι
2799 3776 2888 3830 καὶ
2938 3777 3017 3831 ἀεὶ
3073 3779 3526 3854 συμφρονήσομεν
3584 3778 3784 3850 μάθητε

2142 3867 2363 3919 πέπεικε
2424 3865 2539 3936 μὶν,
2592 3865 2664 3927 ὡς
2713 3866 2891 3937 οἶμαι,
2941 3865 3121 3921 καὶτὸ
3156 3867 3457 3940 ὁρώμενον,
3489 3868 3669 3940 πατὴρ
3702 3866 3781 3919 εὐ-

2144 3956 2382 4027 γνώμων
2439 3957 2572 4026 (95),
2626 3954 2714 4007 καὶ
2764 3959 2891 4016 παῖς
2944 3956 3219 4025 εὐπειθὴς,
3250 3953 3524 4025 ἀλλήλοις
3559 3957 3780 4030 συγκαθ-

2146 4042 2397 4113 εζόμενοι
2456 4044 2545 4096 καὶ
2594 4044 3041 4117 συμπρέποντεςο
3094 4044 3182 4097 καὶ
3233 4042 3284 4097 εἷ’
3322 4065 3376 4097 τι
3427 4044 3669 4118 ζώπυρον
3732 4042 3779 4096 ἐν

2148 4129 2272 4201 ὑμῖν
2336 4130 2580 4204 ὑπῆρχεν
2626 4130 2833 4191 εὐνοίας
2879 4151 2936 4184 τε
2978 4130 3067 4184 καὶ
3118 4130 3439 4204 συμπνοίας,
3498 4129 3660 4185 τοῦτο
3698 4130 3783 4183 ἀν-

2146 4219 2395 4291 άψαντες,
2452 4219 2679 4272 πειθέτω
2730 4216 2787 4272 δὲ
2833 4219 2922 4273 καὶ
2975 4219 3002 4272 ὀ
3053 4217 3243 4294 λόγος.
3293 4225 3395 4273 T06
3572 4220 3662 4291 μὲν
3692 4218 3780 4272 οὗν

2143 4307 2433 4379 ἀκηκόατε,
2484 4305 2573 4360 xui
2620 4306 2683 4360 τὸ
2733 4311 2912 4379 Θαῦμα
2962 4305 3162 4383 ἕνηχον
3221 4306 3296 4363 ἔτι
3487 4314 3601 4369 ταῖς
3631 4307 3783 4379 ἐμαῖς

2143 4395 2369 4457 ἀκοαῖς·
2421 4395 2510 4449 καὶ
2565 4393 2665 4449 οἶδ’
2714 4396 2796 4449 ὃτι
2853 4402 3034 4469 μεῖζον
3086 4396 3136 4451 ἐν
3185 4398 3311 4470 ὑμῖν
3342 4402 3439 4452 τοῦ
3471 4397 3544 4458 είς
3575 4397 3662 4450 τὸν
3695 4394 3783 4449 ἀὲ-

464 4521 485 4556 ⁸
515 4524 539 4575 Ι
568 4522 698 4578 Cor.
732 4538 847 4588 xw,
880 4522 970 4575 25.
1047 4522 1068 4555 δ
1098 4520 1283 4577 Eccle.
1313 4538 1369 4589 x,
1406 4521 1456 4575 1.
1531 4521 1554 4555 ⁵
1583 4519 1660 4575 ΙΙΙ
1689 4520 1856 4575 Esdr.
1890 4537 1966 4588 1v,
1997 4521 2087 4575 35.
2164 4523 2185 4557 ⁸
2218 4526 2337 4579 Jac.
2375 4540 2451 4589 IV,
2481 4523 2534 4577 6.
2611 4524 2631 4558 ⁷
2662 4523 2814 4579 Psal.
2847 4541 3032 4591 CXLVI,
3061 4526 3116 4579 6.

467 4651 578 4729 (86_)
633 4650 701 4703 Ἦ
768 4644 962 4719 λαϐήν.
1030 4650 1204 4707 Deest
1266 4652 1325 4707 in
1397 4651 1666 4723 pluribus
1725 4651 1924 4722 Regg.,
1983 4655 2034 4707 et

2151 4649 2361 4729 δικάσαι
2394 4654 2610 4729 retulit,
2645 4672 2710 4710 ac
2741 4656 2991 4712 reddidit
3022 4673 3035 4712 :
3062 4678 3086 4708 α
3122 4662 3184 4712 ut
3216 4662 3485 4729 parentes
3518 4654 3652 4709 filiis
3682 4654 3785 4709 ini-

395 4722 491 4777 Or.
532 4723 581 4775 1.

467 4792 580 4863 (87)
610 4790 981 4865 Ἀμαρτάνειν.
1037 4792 1175 4866 Reg.
1226 4792 1329 4861 hu,
1380 4799 1498 4851 tres
1547 4792 1732 4864 Colb.,
1762 4798 1819 4849 et
1857 4792 1952 4848 Or.
1988 4794 2037 4862 1,

397 4861 674 4915 ἁμαρτεῖν.

435 4881 674 4934 μαρτειν.

466 4881 737 5004 (Egit/illm
792 4929 1203 5006 φιλοπῗοίμενες,
1234 4940 1345 4991 etc.
1377 4934 1480 4990 Hic
1526 4939 1722 5006 aperte
1770 4935 2040 4991 videntur

466 4952 579 5004 ius)
610 4952 737 4985 Aiuv
835 4952 1203 5004 ιΛοποιμενες,
1234 4952 1345 4991 etc.
1377 4952 1480 4990 mc
1526 4952 1722 5006 aperte
1770 4952 2040 4991 Videntur

396 5002 749 5085 dissensisse
778 4952 1077 5085 gatholici,
1106 5008 1331 5085 diverso
1358 5012 1675 5085 pastorum
1718 5006 1951 5077 (Meletii
1983 5010 2042 5085 et

397 5074 648 5156 Paulini)
678 5075 886 5156 studio
935 5076 1179 5156 abrepti.
1215 5084 1293 5132 Ex
1340 5074 1570 5133 duobus
1622 5074 1873 5156 namque
1921 5078 2039 5156 exi-

400 5146 535 5200 miis
565 5146 898 5220 pastoribus
946 5146 1200 5220 reperire
1231 5167 1344 5204 non
1378 5155 1644 5220 poterant
1674 5146 1805 5203 uter
1852 5148 2042 5220 magis

399 5217 757 5297 expetendus
782 5217 1156 5297 esset.__Unde
1197 5220 1315 5297 haec
1368 5217 1753 5297 intelligenda
1775 5224 1912 5274 sunt
1942 5217 2040 5297 ge-

400 5287 644 5359 neratim
672 5287 747 5359 de
777 5287 1109 5356 Catholicis,
1141 5290 1239 5359 qui
1269 5291 1376 5345 hac
1407 5291 1477 5345 de
1508 5287 1686 5346 causa
1715 5287 2042 5346 Constanti-

400 5358 591 5429 nopoli
626 5358 1084 5428 dissentiebant;
1130 5358 1245 5415 non
1278 5378 1410 5416 vero
1443 5363 1512 5417 de
1543 5362 1940 5429 Nazianzenis,
1978 5365 2044 5417 ut

400 5427 546 5481 falso
579 5429 945 5497 putatAElias.

471 5494 853 5578 (89):“llui3uq
897 5496 1398 5578 πατράσι-δικάσαι
1460 5506 1662 5578 κακῶς,
1722 5526 1750 5556 ‹‹
1811 5504 1884 5560 Ut
1938 5503 2042 5559 ﬁlii

403 5569 744 5684 gerentibus
776 5570 974 5641 inique
1009 5569 1111 5641 'jus
1144 5572 1358 5628 dicant.
1394 5596 1422 5622 »
1453 5574 1546 5629 Sic
1577 5576 1765 5646 primo
1796 5580 2044 5632 verterat

452 5634 642 5684 1111082
699 5642 795 5684 ςιρά
858 5646 1050 5684 nnctnn
1112 5643 1294 5684 mlinm
1356 5651 1591 5684 unnn‘l’nu
1663 5653 1781 5684 {nm
1842 5653 2039 5684 nnnfnn

452 5634 643 5717 illius;
699 5642 795 5695 sed
858 5634 1056 5712 postea
1112 5643 1296 5698 Eliam
1356 5634 1614 5717 secutus,
1663 5653 1785 5702 tam
1842 5653 2045 5703 contra

405 5707 715 5779 syntaxim,
749 5707 925 5782 quam
976 5718 1178 5772 contra
1224 5731 1347 5772 rem
1384 5707 1610 5793 ipsam,
1650 5720 1723 5775 ad
1769 5724 2042 5795 parentes

2148 4742 2261 4795 que
2285 4728 2386 4794 jus
2416 4726 2631 4780 dicant.
2658 4749 2687 4776 ››

2180 4797 2332 4918 7[((90)
2374 4796 2699 4872 Ἐγγυητής.
2752 4798 2845 4853 Sic
2894 4815 3096 4854 omnes
3154 4799 3321 4855 codd.
3369 4803 3433 4853 In
3484 4798 3597 4866 ed.,
3630 4794 3787 4870 ἐγγυ-

2206 4886 2269 4918 1C.

2147 4886 2269 4926 της.

2190 4904 2329 5024 Ϊῖέυ
2361 4938 2503 4999 Ἕως
2534 4940 2655 5013 γῆς.
2691 4939 2889 4995 Plures
2921 4940 3123 5012 Regg.,
3156 4940 3329 4996 Coisl.
3363 4940 3416 5012 3,
3449 4939 3543 4996 op.
3580 4936 3791 5013 1,3th

2228 5029 2273 5069 ς.

2147 5028 2333 5150 γηῗ92)
2366 5080 2462 5153 Καὶ
2492 5078 2780 5153 ἀκουσίως.
2816 5081 2953 5153 Reg.
2988 5081 3088 5147 hu,
3122 5081 3166 5134 εἰ
3197 5078 3481 5141 ἀκουσίως.

2219 5153 2333 5222 (93)
2363 5152 2575 5224 Ἡμεῖς.
2610 5153 2702 5207 Sic
2748 5152 2952 5224 Reggl,
2983 5171 3035 5221 ιι,
3069 5154 3191 5220 bm,
3223 5153 3326 5223 hu,
3359 5152 3532 5209 Coisl.
3563 5153 3619 5221 2,
3647 5152 3796 5219 Jes.,

2149 5221 2257 5277 etc.
2293 5228 2355 5276 1n
2387 5221 2503 5289 ed.,
2537 5221 2709 5293 ὑμεῖς.

2221 5294 2333 5365 (94)
2403 5297 2871 5371 Συμιρρονοῦντας.
2952 5294 3090 5365 Reg.
3160 5295 3282 5365 bm,
3355 5297 3805 5371 συμφωνοῦντας,

2150 5387 2177 5414 ‹‹
2213 5366 2549 5420 concordes.
2575 5388 2603 5414 ››

2223 5435 2337 5518 (95)
2366 5434 2549 5518 Πατὴρ
2592 5432 2941 5518 εὐγνώμων,.
2982 5440 3091 5518 etc.
3137 5437 3349 5518 _Billius
3390 5454 3480 5518 :«_
3512 5437 3809 5518 candidus

2150 5513 2391 5577 pater,»
2427 5507 2534 5561 etc.
2588 5507 2835 5572 Quinam
2885 5507 2979 5563 hic
3028 5508 3433 5581 designentur,
3467 5509 3525 5564 in
3578 5509 3812 5565 Monito

2152 5577 2372 5631 dictum
2404 5583 2493 5632 est
2526 5596 2581 5632 n.
2619 5580 2669 5632 3.

2193 5593 2372 5631 totum
2404 5593 2493 5633 θεῖ
2526 5596 2581 5632 n.
2619 5593 2669 5633 ὅ.

2220 5649 2337 5797 (96)
2367 5650 2499 5704 T06.
2534 5650 2673 5723 Reg.
2707 5650 2827 5717 bm,
2854 5652 3035 5704 τοῦτο.

2245 5720 2336 5793 97)
2364 5720 2505 5779 Ἔτι.
2540 5721 2678 5796 Reg.
2712 5720 2903 5795 Cypr.,
2932 5719 3035 5775 ἔστί

2245 5720 2336 5793 97)
2364 5720 2505 5779 Ἔτι.
2540 5716 2678 5796 Reg.
2712 5716 2903 5795 cum,
2932 5716 3063 5777 ιστι.
