4056 6274
305 407 457 473 1157
1416 396 1711 464 ORATIO
1753 392 1963 461 XXIII.
1991 435 2067 446 —
2093 396 2196 463 DE
2246 400 2441 466 PACE
2485 404 2592 466 Ill.
3550 407 3709 470 “58

305 567 367 622 ρα
392 542 668 619 χεθὲντος,
713 537 777 594 τὸ
826 534 877 591 ἐν
925 541 1042 599 ταῖς
1103 538 1307 612 ψυχαῖς
1354 534 1744 607 ἀποκείμενον·
1779 536 1977 605 ἡμῶν¹

2093 542 2243 603 rant,
2277 539 2617 595 exsuscitati
2650 544 2833 607 sunt;
2877 545 3075 597 tamen
3126 540 3181 596 id
3238 557 3470 613 quoque
3514 559 3707 598 sermo

301 631 356 688 δὶ
386 630 674 687 ἀκούσεσθε
713 626 905 693 πάλιν,
955 625 1001 681 εί
1042 623 1209 679 πάλιν
1255 627 1470 680 ποθεῖτε
1494 642 1512 661 ο
1556 623 1647 678 καὶ
1680 622 1725 677 εί
1760 624 1835 695 μή
1865 642 1946 694 τῳ

2097 627 2426 683 srsuadeat.
2476 627 2648 683 lllum
2692 630 2928 700 quidem
2956 630 3080 699 jam
3115 630 3409 699 audiistis,
3443 631 3708 703 meisque

298 723 431 797 πρὸς
462 717 735 788 ἀπόδειξιν
786 715 944 770 ἱκανᾶ
978 715 1045 768 τὰ
1075 711 1142 785 δη
1155 712 1500 787 μοσιευθὲντα
1528 710 1825 780 πολλάκις,
1855 710 1947 765 καὶ

2097 714 2301 770 uribus
2333 732 2673 771 sermonum
2703 716 2894 788 ipsius
2922 716 3231 772 admiratio
3261 718 3584 773 etiamnum
3618 720 3707 774 in-

301 812 350 866 οἱ
380 806 698 882 πειρασμοὶ,
746 804 836 859 καὶ
885 804 937 859 οἱ
988 802 1245 875 λιθασμοὶ
1294 804 1429 876 (98),
1483 800 1576 863 οὕς
1623 821 1682 855 τε
1709 797 1818 870 ¹ἥδη
1853 819 1948 854 πε-

2093 808 2229 856 onat
2262 820 2276 857 :
2328 819 2432 858 nec
2464 804 2668 859 dubito
2698 806 2840 874 quin
2887 806 3083 875 majus
3130 805 3273 861 illud
3328 807 3427 874 sit,
3459 809 3613 880 quod
3648 809 3708 863 in

300 899 595 971 πόνθαμεν,
653 894 743 950 καὶ
801 893 882 955 οἷς
926 891 1354 968 ηὑτρεπίσμεθα,
1404 889 1466 945 οὐ
1512 890 1575 944 τὸ
1621 890 1809 943 παθεῖν
1855 893 1951 959 ζη-

2099 892 2276 946 nimis
2297 893 2509 947 vestris
2531 894 2895 949 reconditum
2920 899 3029 963 est,
3054 911 3232 965 quam
3256 898 3409 966 quod
3434 896 3494 951 in
3516 914 3709 953 aerem

308 988 455 1061 μίαν,
499 986 561 1039 τὸ
612 982 669 1038 δὲ
720 984 797 1056 μὴ
847 982 1035 1036 παθεῖν
1066 979 1341 1055 κρίνοντες
1367 997 1380 1011 ’
1412 978 1501 1033 καὶ
1529 977 1776 1049 τοσούτῳ
1810 976 1951 1049 μᾶλο

2093 996 2260 1034 usum
2290 996 2302 1034 :
2336 997 2442 1035 nos
2464 987 2656 1036 autem
2682 999 2890 1037 rursus
2921 983 3194 1046 audietis,
3218 984 3267 1038 si
3300 1001 3503 1040 rursus
3534 1002 3712 1057 expe-

305 1075 419 1149 λον,
477 1073 588 1146 ὅσῳ
635 1076 744 1126 τῶν
816 1071 944 1144 ὑπὲρ
1020 1072 1252 1144 Χριστοῦ
1322 1064 1586 1122 κινδύνων
1659 1066 1952 1142 γεγεύσμε-

2093 1068 2223 1135 itis;
2262 1074 2318 1124 et
2348 1070 2396 1125 si
2429 1072 2521 1124 cui
2556 1072 2816 1124 nondum
2850 1072 2921 1125 ad
2955 1072 3353 1142 probationem
3388 1074 3711 1145 sufficiunt,

307 1168 371 1220 θα
402 1166 536 1237 (99),
568 1163 642 1216 ὧν
674 1160 763 1216 καὶ
794 1178 1000 1230 καρπον
1029 1159 1245 1232 ἄριστον
1291 1156 1655 1232 ἠνεγκάμεθα,
1704 1157 1804 1224 τήν
1856 1158 1954 1209 τοῦ

2093 1174 2191 1226 [usa
2227 1174 2627 1229 smpenumero
2657 1160 2888 1229 publice
2918 1161 3231 1231 pradicata
3259 1168 3420 1228 sunt,
3452 1162 3509 1217 id
3543 1165 3713 1235 perti-

308 1253 447 1308 λαοῦ
474 1248 633 1306 τοῦδε
664 1247 983 1318 συναύξησιν
996 1290 1008 1303 .
1599 1265 1606 1270 ·

2099 1246 2221 1299 iant
2250 1248 2602 1302 tentationes
2634 1248 2745 1301 illae
2776 1264 2842 1303 ac
2873 1248 3279 1319 lapidationes,
3314 1267 3461 1321 quas
3492 1256 3549 1307 et
3587 1254 3712 1322 jam

310 1342 680 1417 pertulimus,
711 1345 770 1396 et
815 1340 1069 1410 perferre
1124 1336 1312 1409 parati
1370 1322 1598 1404 sumus,
1633 1352 1748 1390 non
1807 1334 2158 1389 detrimento
2185 1335 2467 1391 ducentes
2509 1336 2650 1406 pati,
2683 1337 2783 1391 sed
2833 1337 3027 1408 potius
3076 1355 3188 1393 non
3243 1340 3360 1411 pati
3396 1357 3409 1395 :
3442 1341 3619 1412 idque
3648 1358 3715 1398 eo

312 1431 519 1504 magis,
551 1429 707 1501 quod
739 1426 1157 1500 periculorum,
1188 1442 1314 1497 quis
1346 1441 1447 1495 pro
1477 1424 1702 1479 Christo
1733 1423 2078 1494 tolerantur,
2102 1428 2345 1495 gustum
2376 1425 2661 1495 cepimus,
2687 1441 2756 1482 ex
2784 1427 2999 1496 quibus
3028 1427 3204 1483 etiam
3235 1428 3523 1500 optimum
3556 1436 3714 1487 retu-

309 1521 488 1577 limus
519 1520 797 1584 fructum,
829 1531 1040 1587 nempe
1071 1513 1269 1586 populi
1304 1513 1479 1584 hujus
1509 1514 1958 1568 incrementum.

382 1608 443 1676 ζ’.
500 1605 562 1660 Τί
618 1605 711 1658 οὗν
774 1602 1070 1679 βούλεσθε;
1124 1601 1383 1656 Πεπεισθε
1429 1604 1614 1669 τοῦτο,
1672 1599 1762 1655 καὶ
1804 1597 1956 1654 οὐδὲν

2138 1602 2233 1657 VI.
2282 1602 2431 1667 Quid
2476 1602 2657 1675 igitur
2684 1603 2863 1660 vultis
2884 1604 2911 1659 Ἰ
2942 1606 3134 1662 Vosne
3163 1606 3273 1663 hoc
3303 1610 3595 1667 convictos
3626 1616 3715 1669 te-

311 1693 391 1750 δεῖ
438 1692 775 1770 πραγμάτων
824 1693 981 1763 ἡμῖν,
1018 1688 1152 1745 πούδὶ
1200 1688 1481 1765 θεολογίας
1550 1685 1823 1764 δευτέρας,
1869 1687 1959 1742 καὶ

2093 1695 2190 1757 iet,
2220 1695 2279 1745 et
2307 1691 2453 1746 nihil
2485 1709 2632 1763 opus
2663 1697 2770 1760 est,
2804 1697 2869 1748 ut
2904 1710 3008 1749 nos
3040 1695 3149 1751 hac
3178 1697 3250 1752 de
3283 1712 3342 1751 re
3380 1714 3714 1771 gravemur,

313 1781 549 1863 φείδεσθε
596 1784 697 1850 τῆς
748 1780 885 1853 ἐμῆς
944 1778 1235 1849 ἀσθενείας,
1289 1779 1374 1855 ὑφ’
1417 1778 1485 1847 ἧς
1519 1778 1645 1850 ὑμῖν
1678 1777 1767 1831 καὶ
1794 1782 1962 1831 ταῦτα

317 1874 478 1947 μόλις
523 1873 866 1949 φθὲγγομαι;
913 1870 948 1938 ἣ
996 1866 1097 1938 δεῖ,
1146 1869 1383 1942 καθάπερ
1430 1872 1548 1926 ταῖς
1585 1866 1823 1940 βαρείαις
1852 1870 1959 1919 τῶν

2070 1794 2176 1832 nec
2202 1780 2519 1834 secundam
2554 1781 2625 1835 de
2655 1781 2868 1836 deitate
2898 1784 3219 1839 orationem
3254 1785 3596 1855 habeamus,
3620 1806 3720 1845 no-

2073 1873 2324 1937 strmque
2342 1868 2668 1923 inﬁrmitati
2690 1871 2950 1941 parcitis,
2967 1888 3093 1942 quae
3114 1878 3276 1928 tanta
3291 1880 3394 1944 est,
3412 1865 3475 1931 ut
3490 1878 3582 1932 vix
3599 1878 3719 1936 hac

315 1964 512 2030 ἀκοῶν,
563 1958 834 2021 πολλάκις
882 1959 973 2013 τὸν
1026 1957 1183 2011 αὐτὸν
1235 1956 1451 2030 ἐνηχεῖν
1514 1952 1703 2026 λόγον,
1747 1952 1840 2007 ’ίνα
1884 1958 1963 2025 τῷ

2095 1972 2200 2026 psa
2228 1956 2388 2011 vobis
2413 1956 2694 2027 eloquar?
2722 1965 2808 2012 An
2836 1962 3029 2029 potius
3053 1967 3301 2031 oportet,
3319 1970 3475 2019 velut
3494 1967 3720 2037 gravio-

318 2049 565 2123 ἒπιμόνῳ
595 2053 726 2123 γοῦν
756 2054 859 2115 τῆς
881 2052 1086 2124 φωνῆς,
1120 2045 1194 2105 εἰς
1226 2046 1338 2097 ὦτα
1372 2041 1700 2114 λαλήσωμεν
1734 2042 1964 2096 ἀκουόν-

316 2159 464 2207 των;
526 2136 734 2191 δοκεῖτέ
793 2156 887 2208 μοι
943 2136 1034 2188 τὸν
1094 2132 1260 2207 λόγον
1311 2130 1698 2207 προκαλεῖσθαι
1749 2128 1837 2184 διὰ
1865 2131 1965 2200 τῆς

319 2227 575 2302 ἡσυχίας.
612 2224 708 2279 Καὶ
739 2224 843 2298 γὰρ
873 2225 972 2292 τὴν
1008 2223 1219 2290 σιωπὴν
1248 2220 1624 2296 συγκατάθεσιν
1677 2221 1834 2287 εἶναι,
1885 2217 1965 2273 δι-

322 2314 502 2371 δάσκει
532 2313 623 2368 καὶ
652 2316 686 2383 ἡ
717 2311 986 2387 παροιμία
1147 2309 1352 2364 Οὐκοῦν
1378 2306 1593 2379 δέξασθε
1645 2304 1808 2384 λόγον
1860 2308 1963 2379 ἀμ-

322 2402 585 2482 φοτέρων,
635 2400 694 2455 ἐκ
740 2405 865 2474 μιᾶς
914 2403 1101 2474 ψυχῆς
1150 2398 1240 2453 καὶ
1290 2398 1405 2459 ἑνὸς
1436 2397 1727 2469 στόματος.
1760 2398 1965 2472 νΔ-χθο-

327 2515 419 2567 μαι
454 2490 531 2561 δὲ,
563 2490 646 2546 ὅτι
683 2498 758 2563 μή
791 2488 870 2543 ἐκί
898 2509 949 2543 τι
983 2488 1110 2565 δρος
1138 2492 1245 2542 τῶν
1281 2485 1505 2560 ὑψηλῶν
1537 2485 1799 2552 ἀνελθὼν,
1827 2482 1969 2559 μηδὲ

322 2582 506 2660 φωνὴν
567 2574 750 2635 λαϐὼν
794 2585 897 2647 τῆς
941 2576 1227 2649 ἐπιθυμίας
1259 2575 1429 2646 ἀξίαν,
1460 2581 1619 2630 πᾶσιν
1654 2576 1797 2648 ὁμοῦ
1850 2580 1967 2635 τοῖς

323 2674 578 2745 φρονοῦσι
635 2672 815 2729 κακῶς
870 2671 1038 2721 ταῦτα
1093 2667 1421 2743 φθέγγομαι,
1479 2663 1660 2739 ὣσπερ
1719 2662 1770 2718 ἐν
1800 2668 1969 2735 κοινῷ

323 2759 529 2835 θεάτρῳ
572 2762 641 2830 τῇ
701 2756 995 2829 οἰκουμένῃ
1224 2753 1339 2808 Υἱοὶ
1388 2753 1709 2826 ἀνθρώπων,
1740 2749 1845 2814 ἕως
1875 2747 1972 2806 πό-

320 2870 378 2903 τε
429 2844 811 2923 βαρυκάρδιοι;
865 2847 980 2901 ’Ἰνα
1039 2843 1092 2898 τί
1155 2842 1397 2917 ἀγαπᾶτε
1468 2841 1824 2914 ματαιότητα,
1880 2842 1969 2896 καὶ

328 2942 537 3006 ζητεῖτε
584 2933 798 3008 ψεῦδος,
844 2934 905 2987 οὐ
960 2933 1106 3005 μίαν,
1158 2929 1270 2986 οὐδ’
1317 2929 1497 2998 ἀπλήν
1531 2930 1785 3001 θεότητος
1814 2929 1969 3006 φύσιν

330 3027 658 3100 εἰσάγοντες,
709 3021 835 3077 ἀλλ’
883 3019 1011 3090 ἤτοι
1058 3026 1205 3095 τρεῖς
1251 3018 1653 3091 ἀπεξενωμὲνας
1703 3016 1969 3088 ἀλλήλων

329 3116 417 3169 καὶ
451 3111 865 3183 διεσπασμένας,
916 3109 977 3164 οὐ
1027 3109 1331 3180 θαυμαστὸν
1382 3106 1441 3162 δὶ
1487 3107 1677 3175 εἶπεῖν,
1736 3107 1826 3162 καὶ
1870 3127 1971 3179 μα-

2074 2046 2237 2099 ribus
2262 2045 2809 2115 auribus,eumdem
2839 2064 3166 2104 sermonem
3191 2051 3402 2122 saepius
3424 2054 3721 2122 insonare,

2075 2139 2140 2187 ut
2170 2134 2448 2188 diuturna
2469 2134 2674 2189 saltem
2706 2138 2862 2190 vocis
2884 2139 3251 2192 contentione
3276 2140 3332 2194 in
3356 2142 3719 2199 audientium

2076 2238 2247 2277 aures
2276 2222 2511 2277 tandem
2546 2224 2697 2280 429
2731 2224 3044 2295 loquamur
3064 2225 3091 2280 ?
3130 2226 3239 2281 Sed
3275 2244 3367 2283 me
3397 2229 3505 2284 hac
3533 2239 3726 2288 vestra

2076 2311 2271 2381 quiete
2300 2317 2358 2365 et
2388 2311 2619 2366 silentio
2650 2313 2719 2367 ad
2766 2313 3075 2370 dicendum
3129 2314 3374 2372 invitare
3422 2319 3721 2376 videmini.

2077 2399 2224 2455 Nam
2256 2399 2552 2455 silentium
2589 2402 2869 2472 partemia
2911 2418 3146 2475 quoque
3187 2420 3538 2462 consensum
3594 2424 3725 2464 esse

2077 2490 2263 2545 docet.
2298 2489 2547 2545 Proinde
2576 2491 2885 2562 utriusque
2916 2508 3245 2549 sermonem
3277 2510 3346 2549 ex
3377 2513 3495 2551 una
3524 2498 3726 2553 anima

2079 2583 2257 2649 atque
2286 2594 2355 2631 ex
2386 2594 2501 2632 uno
2534 2594 2631 2633 ore
2661 2579 2922 2649 accipite.
2960 2580 3105 2635 Illud
3139 2583 3374 2638 demum
3410 2585 3723 2641 molestum

2080 2670 2190 2735 est,
2245 2667 2398 2737 quod
2450 2665 2589 2733 hac,
2640 2667 2698 2721 in
2755 2668 3067 2723 sublimem
3122 2672 3431 2740 quemdam
3469 2679 3725 2731 montem

2080 2761 2335 2819 evectus,
2360 2771 2675 2826 vocemque
2699 2757 2988 2812 desiderio
3022 2775 3219 2827 parem
3248 2765 3475 2826 nactus,
3500 2764 3569 2817 ad
3602 2780 3726 2819 om-

2083 2859 2186 2897 nes
2206 2860 2307 2898 eos
2328 2844 2527 2907 simul,
2543 2844 2639 2914 qui
2660 2846 2732 2899 de
2754 2845 3029 2917 religione
3048 2847 3198 2902 male
3220 2850 3502 2919 sentiunt,
3519 2851 3577 2905 in
3604 2851 3730 2906 uni-

2080 2949 2247 2987 verso
2278 2934 2440 2997 orbe,
2470 2935 2627 2987 velut
2655 2935 2954 2989 communi
2993 2937 3248 3005 quodam
3295 2939 3544 3005 theatro,
3594 2957 3728 3012 pro-

2084 3020 2242 3092 loqui
2265 3037 2488 3091 nequeo
2514 3039 2525 3073 :
2558 3022 2692 3076 Filii
2722 3023 3027 3092 hominum,
3054 3040 3326 3096 usquequo
3346 3031 3505 3095 gravi
3529 3029 3731 3085 corde?

2088 3110 2150 3165 Ut
2173 3110 2303 3179 quid
2332 3110 2572 3179 diligitis
2601 3112 2921 3168 vanitatem.
2954 3117 3006 3166 et
3029 3115 3280 3183 quaeritis
3307 3117 3656 3171 mendacium
3684 3117 3732 3183 ⁸,

333 3204 564 3275 κομὲνας
597 3196 927 3275 ὑπερϐολαῖς
959 3198 1047 3253 καὶ
1083 3196 1387 3270 ἐλλείψεσιν
1411 3215 1425 3229 ’
1456 3198 1491 3265 ἣ
1541 3197 1664 3270 μίαν
1720 3198 1833 3269 μὲν,
1882 3217 1972 3268 μι-

2093 3199 2226 3253 dum
2260 3214 2372 3252 non
2405 3215 2603 3258 unam.
2656 3216 2760 3254 nec
2809 3200 3136 3272 simplicem
3192 3204 3426 3259 deitatis
3458 3212 3729 3262 naturam

334 3296 616 3363 κροπρεπῆ
652 3286 709 3343 δὲ
734 3308 855 3342 τινα
884 3287 972 3341 καὶ
1017 3287 1228 3353 στενὴν,
1274 3284 1372 3339 οὐκ
1418 3282 1647 3359 ἔχουσαν
1705 3286 1768 3339 τὸ
1820 3285 1981 3359 μεγά-

340 3380 450 3436 λων
486 3379 617 3433 εἴναι
651 3377 847 3451 ἀρχὴν,
881 3375 1061 3450 ὥσπερ
1094 3374 1155 3428 οὐ
1187 3371 1524 3445 δυνηθεῖσαν,
1555 3375 1589 3442 ἢ
1638 3373 1699 3427 οὐ
1747 3372 1979 3443 θελήσα-

338 3490 430 3523 σιν
460 3487 473 3499 ⁸
502 3468 592 3522 καὶ
622 3470 780 3521 τοῦτο
813 3463 1010 3540 διχῶς,
1040 3463 1075 3533 ἥ
1109 3461 1197 3517 διὰ
1225 3463 1440 3540 φθόνον,
1471 3464 1505 3532 ἢ
1548 3460 1635 3517 διὰ
1684 3457 1851 3539 φόϐον
1876 3482 1887 3495 ’
1918 3463 1981 3517 τὸ

346 3558 463 3630 μὶν,
489 3554 581 3611 ’ίνα
622 3556 697 3628 μή
728 3575 779 3608 τι
812 3553 1082 3626 ὁμότιμον
1115 3553 1515 3625 συνεισάγηται,
1563 3552 1627 3607 τὸ
1658 3549 1736 3616 δὲ,
1761 3549 1852 3606 ’ίνα
1905 3552 1980 3624 μὴ

340 3645 534 3720 ἐχθρὸν
563 3643 652 3699 καὶ
688 3642 1042 3719 μαχόμενον;
1094 3642 1279 3696 Καίτοι
1327 3640 1439 3712 ὅσῳ
1479 3640 1807 3717 τιμιώτερον
1854 3638 1985 3703 Θεὸς

336 3736 672 3808 κτισμάτων,
729 3732 976 3804 τοσούτῳ
1030 3728 1598 3805 μεγαλοπρεπέστερον
1650 3734 1719 3803 τῇ
1794 3730 1985 3803 πρώτῃ

334 3823 496 3892 αἰτίᾳ,
530 3822 785 3888 θεότητος
818 3820 953 3873 εἶναι
1004 3820 1205 3893 ἀρχὴν,
1257 3819 1291 3887 ἢ
1342 3818 1696 3889 κτισμάτων·
1752 3817 1843 3871 καὶ
1895 3815 1985 3871 διὰ

331 3909 590 3977 θεότητος
630 3909 800 3979 μέσης
835 3906 1009 3961 ἐλθεῖν
1044 3906 1130 3961 ἐπὶ
1160 3927 1218 3960 τν
1245 3906 1535 3978 κτίσματα,
1586 3906 1619 3973 ἣ
1669 3904 1981 3959 τούναντίον

332 4001 431 4070 (3),
481 3997 689 4051 τούτων
734 3993 902 4050 ἕνεκεν
959 3996 1256 4064 ὑποστῆναι
1301 3994 1551 4065 θεότητα,
1600 3994 1629 4048 ’ὸ
1689 3990 1840 4047 δοκεῖ
1865 3998 1983 4054 τοῖς

336 4083 456 4139 λίαν
490 4083 846 4157 ἰξεταστικοῖς
877 4104 937 4138 τε
961 4083 1054 4138 καὶ
1097 4084 1411 4155 μετεώροις.

2091 3286 2390 3353 inducitis,
2424 3303 2622 3342 verum
2657 3293 2758 3342 aut
2786 3294 2905 3343 tres
2956 3307 2989 3344 a
3034 3306 3096 3345 se
3128 3291 3373 3347 invicem
3406 3294 3627 3350 alienas
3675 3298 3735 3352 et

2091 3375 2424 3445 distractas,
2447 3392 2554 3431 nec
2585 3377 2798 3431 mirum
2832 3379 2880 3432 si
2911 3378 3177 3450 dixerim,
3206 3381 3527 3439 defectibus
3556 3384 3734 3440 etiam

2091 3469 2149 3519 et
2170 3465 2507 3520 excessibus
2530 3471 2888 3536 pugnantes;
2924 3472 3022 3522 aut
3044 3485 3221 3523 unam
3247 3471 3505 3542 quidem,
3530 3474 3628 3529 sed
3654 3474 3736 3543 ie-

2086 3554 2294 3624 junam
2318 3558 2375 3608 et
2398 3559 2732 3626 angustam,
2754 3571 2880 3626 quae
2904 3572 3016 3611 non
3041 3556 3274 3623 habeat,
3299 3564 3364 3614 ut
3386 3576 3738 3629 magnorum

2094 3657 2273 3715 causa
2295 3641 2390 3710 sit,
2413 3640 2654 3710 perinde
2677 3646 2850 3712 atque
2876 3641 2962 3697 vel
2988 3660 3101 3697 non
3126 3646 3397 3714 potuerit,
3420 3645 3506 3700 vel
3538 3647 3739 3703 nolue-

2096 3730 2216 3784 rit:
2270 3730 2448 3799 idque
2495 3730 2717 3799 duplici
2768 3732 2839 3785 de
2887 3747 3086 3795 causa,
3135 3749 3340 3803 nempe
3368 3733 3455 3788 vel
3489 3736 3561 3789 ob
3593 3735 3741 3789 invi-

2095 3818 2274 3873 diam.
2292 3816 2379 3871 vel
2404 3818 2475 3870 ob
2500 3823 2719 3871 metum
2742 3835 2755 3872 :
2778 3817 2921 3873 illud
2944 3819 3203 3889 quidem,
3230 3837 3300 3875 ne
3322 3823 3461 3892 quid
3485 3824 3741 3894 aequale;

2096 3904 2205 3959 hoc
2226 3920 2378 3967 vero,
2404 3920 2475 3957 ne
2495 3905 2630 3973 quid
2668 3905 2967 3960 inimicum
3002 3913 3061 3962 et
3093 3923 3363 3977 pugnans
3386 3910 3746 3965 inducatur?

2096 3992 2318 4061 Itaque,
2347 3998 2566 4063 quanto
2600 3998 2749 4048 Deus
2781 3995 2957 4049 rebus
2988 4000 3222 4050 creatus
3252 3999 3561 4069 antecedit,
3584 4004 3747 4054 tanto

2097 4082 2301 4149 utique
2334 4081 2533 4151 primis
2554 4096 2742 4135 causas
2775 4082 3248 4153 magniﬁcentius
3269 4090 3377 4150 est,
3401 4086 3746 4156 divinitatis,

339 4192 515 4247 quam
550 4191 743 4230 rerum
777 4180 1125 4240 creatarum,
1159 4172 1512 4244 principium
1544 4188 1692 4236 esse,
1725 4188 1791 4227 ac
1831 4188 1935 4243 per
1983 4169 2391 4239 interpositam
2423 4170 2700 4223 deitatem
2733 4170 2802 4224 ad
2839 4187 2930 4225 res
2978 4178 3199 4227 creatas
3228 4175 3444 4243 venire,
3477 4191 3651 4245 quam
3686 4182 3752 4231 ut

340 4270 562 4331 contra,
598 4262 806 4317 harum
840 4278 1037 4326 causa,
1071 4263 1257 4316 deitas
1287 4261 1528 4316 condita
1568 4261 1765 4329 fuerit,
1798 4259 2298 4330 quemadmodum
2345 4256 2699 4312 sublimibus
2730 4258 2881 4329 istis,
2915 4261 3211 4331 nimisque
3242 4261 3312 4316 ad
3345 4262 3749 4334 indagandum

340 4352 648 4424 propensis
681 4350 891 4423 placet.

414 4440 483 4495 Z'.
541 4437 607 4493 Εἰ
668 4438 762 4510 μὶν
821 4436 925 4513 γὰρ
983 4435 1311 4510 ἐμέλλομεν,
1366 4436 1493 4491 Υἱοῦ
1547 4436 1638 4491 καὶ
1672 4434 1977 4509 Ηνεύματος

2170 4434 2291 4489 VII.
2326 4434 2553 4490 Etenim
2588 4434 2638 4489 si
2665 4434 2787 4489 Filii
2816 4442 2873 4490 et
2901 4436 3157 4508 Spiritus
3186 4438 3373 4493 sancti
3405 4439 3752 4509 dignitatem

338 4530 437 4596 τὴν
486 4527 633 4596 ἀξίαν
684 4524 1113 4601 ὁμολογοῦντες,
1166 4528 1200 4594 ἣ
1238 4527 1450 4601 ἄναρχα
1480 4530 1646 4580 ταῦτα
1673 4525 1925 4599 εἰσάγειν,
1956 4525 1977 4576 *ἳ

2101 4524 2465 4586 conﬁtentes.
2490 4540 2589 4579 eos
2610 4523 2694 4579 vel
2731 4524 3001 4596 principii
3023 4532 3287 4596 expertes
3318 4526 3755 4597 induceremus,

340 4616 417 4678 εἷς
450 4616 631 4691 ἑτέραν
682 4616 859 4690 ἀρχὴν
912 4614 1146 4690 ἀνάγειν,
1199 4612 1319 4677 δάος
1368 4612 1428 4669 ἄν
1455 4617 1520 4682 ἦν
1554 4609 1723 4675 ὅντως
1760 4614 1834 4686 μὴ
1870 4613 1977 4666 ἀτι-

2096 4613 2185 4667 vel
2233 4614 2303 4667 ad
2347 4613 2598 4667 alterum
2630 4613 2988 4684 principium
3022 4617 3391 4681 referremus,
3424 4616 3755 4674 timendum

342 4707 521 4779 μασθῇ
582 4705 733 4775 Θεὸς,
789 4705 824 4773 ἣ
878 4701 1191 4776 κινδυνεύσῃ
1247 4704 1373 4776 παρ’
1430 4705 1591 4775 ἡμῶν
1622 4704 1686 4757 τὸ
1727 4702 1987 4758 ἀντίθεον.

339 4794 403 4849 Ei
465 4792 521 4848 δὲ
579 4793 703 4849 ὅσον
766 4792 825 4847 ἂν
881 4791 1091 4867 ἑξαίρῃς
1149 4795 1227 4866 (4)
1272 4792 1363 4846 τὸν
1397 4793 1541 4862 Υἱὸν,
1590 4792 1714 4861 ἣτὸ
1745 4794 1989 4863 Πνεῦμα,

411 4930 432 4965 ⁸
464 4929 618 4984 Psal.
653 4945 729 4997 1v,
762 4929 817 4983 3.

414 5087 528 5160 (98)
586 5086 647 5163 Ol
707 5083 990 5163 λιθασμοί.
1056 5088 1679 5163 ῐιερίᾶὶὺυενηοηηίεἰ
1736 5089 1795 5145 in
1856 5090 2001 5145 urbe

343 5160 994 5235 Constantinopolitana
1024 5160 1240 5234 petitus
1269 5171 1359 5218 est
1388 5162 1733 5235 Gregorius,
1767 5178 1833 5217 ac
1866 5179 1996 5234 pro-

342 5231 479 5305 inde
511 5232 659 5286 hanc
691 5231 1040 5305 Orationem-
1076 5240 1207 5305 post
1237 5256 1265 5283 «
1299 5231 1743 5304 lapidationem.
1767 5254 1796 5281 »
1828 5231 1998 5305 cujus

342 5304 403 5357 in
433 5320 498 5357 ea
532 5304 821 5367 meminit,
852 5304 1112 5360 habitam
1144 5305 1326 5361 fuisse
1355 5311 1622 5363 constare
1654 5305 1842 5361 debet.
1877 5304 1998 5361 Non

342 5391 481 5445 ergo
515 5374 804 5442 Nazianzi,
840 5380 905 5431 ut
932 5376 1140 5432 volunt
1172 5376 1323 5433 Elias
1353 5383 1410 5432 et
1451 5377 1680 5444 Billius,
1711 5376 1811 5433 sed
1849 5381 1998 5432 Con-

343 5444 727 5517 stantinopoli
764 5449 1142 5517 pronuntiata
1175 5453 1284 5504 est.

415 5516 528 5587 (99)
569 5515 925 5590 l‘eyeﬁcrpeﬁa.
988 5520 1125 5593 Reg.
1186 5519 1289 5586 hu,
1347 5519 1445 5576 Gr.
1508 5520 1558 5590 1,
1617 5523 1752 5586 etc.,
1809 5516 1999 5593 γεγεύ-

393 5597 511 5649 εθα.

348 5608 822 5734 μεῗῦᾟαροιμία.
856 5662 950 5718 Sic
982 5662 1352 5734 proverbium
1384 5661 1542 5718 istud
1572 5678 1586 5717 :
1625 5683 1655 5713 «
1688 5660 1797 5729 Qui
1828 5663 2001 5733 tacet,

346 5731 681 5790 consentire
712 5733 963 5793 videtur.
983 5731 1019 5785 '»

2099 4718 2296 4757 revera
2342 4706 2518 4766 esset,
2565 4718 2636 4755 ne
2693 4702 2847 4756 Deus
2897 4708 3239 4775 contemptu
3272 4704 3620 4777 afﬁceretur,
3654 4711 3757 4762 aut

2098 4790 2214 4845 Deo
2246 4790 2606 4845 contrarium
2640 4788 2863 4860 aliquid
2910 4790 3299 4847 inveheretur.
3351 4792 3497 4847 Cum
3557 4801 3755 4852 autem

2181 5088 2252 5160 (2)
2285 5088 2361 5160 Τῇ
2395 5083 2705 5160 οἷκουμένῃ.
2741 5085 2913 5143 Goisl.
2949 5087 3000 5142 3.
3033 5093 3133 5156 τῆς
3165 5085 3506 5159 οἰκουμένης.

2181 5109 2252 5160 (Ζ)
2296 5109 2310 5139 Ι
2395 5109 2705 5160 οικουμενῃ.
2741 5109 2913 5143 υοιδι.
2949 5109 3000 5142 ὖ.
3033 5109 3133 5156 της
3165 5109 3506 5159 οικουμενης.

2177 5162 2250 5231 (3)
2280 5109 2361 5215 ’³Ιῖ
2388 5157 2722 5237 τούταντίον,
2770 5165 2891 5237 etc._
2933 5160 3062 5237 Haec
3111 5167 3255 5227 erat,
3298 5161 3757 5237 juxta__Niceph.

2105 5231 2208 5286 lib.
2238 5248 2363 5293 VIII,
2394 5248 2444 5287 ο.
2477 5232 2532 5298 8,
2556 5230 2838 5302 sacrilega
2866 5232 3215 5287 Arianorum
3248 5230 3373 5302 vox,
3402 5233 3613 5289 Filium
3647 5230 3760 5292 soi-

2107 5303 2240 5357 licet
2289 5309 2525 5373 propter
2573 5319 2679 5357 nos
2729 5304 2944 5357 factum
2992 5302 3080 5357 vel
3129 5310 3387 5359 creatum
3442 5304 3642 5373 fuisse,
3696 5310 3763 5363 ut

2109 5392 2214 5429 nos
2240 5378 2389 5428 Deus
2412 5391 2514 5445 per
2544 5373 2761 5447 ipsum,
2785 5374 2943 5447 velut
2971 5391 3072 5445 per
3091 5376 3549 5447 instrumentum
3574 5377 3759 5447 quod-

2108 5447 2266 5511 dam,
2299 5448 2556 5510 crearet;
2592 5445 2747 5499 unde
2800 5444 2847 5499 si
2899 5444 3047 5501 Deus
3095 5446 3361 5503 homines
3406 5444 3609 5502 creare
3658 5464 3761 5503 no-

2108 5516 2337 5581 luisset,
2366 5534 2478 5570 non
2511 5520 2769 5572 creasset
2801 5516 3036 5571 Filium.

2125 5589 2258 5677 ’(4)
2327 5587 2592 5663 Ἐξαίρῃς.
2665 5588 2844 5661 Regg.
2917 5591 3035 5659 bm,
3105 5589 3207 5659 hu,
3274 5594 3332 5645 et
3396 5588 3493 5645 Or.
3565 5588 3616 5661 1,
3684 5585 3765 5662 15-

2109 5677 2262 5735 αρης-
