4056 6274
365 366 520 426 “59

1601 365 1665 427 S.
1714 359 2085 427 GREGORII
2136 358 2532 428 THEOLOGI

3617 359 3770 428 H60

365 495 797 569 quantumlibet
836 499 1042 553 Filium
1081 507 1176 552 aut
1209 496 1486 570 Spiritum
1522 500 1819 564 extuleris,
1855 517 1996 554 nun-

2126 497 2232 573 οὐχ
2264 497 2395 572 ὑπὲρ
2427 498 2516 551 τὸν
2548 496 2754 571 Πατέρα
2786 499 2992 568 θήσεις,
3039 494 3161 552 οὐδὶ
3210 505 3310 567 τῆς
3360 497 3534 560 αἰτίας
3584 499 3768 570 ἀποξε·

365 603 541 659 quam
575 590 767 642 tamen
801 604 900 643 eos
931 605 1112 658 supra
1140 589 1369 643 Patrem
1402 604 1604 659 ponas,
1639 604 1744 642 nec
1775 606 1808 642 a
1840 604 2016 642 causa

365 692 662 732 removeas
696 692 708 729 :
758 692 958 731 verum
1013 676 1153 731 illuc
1188 677 1520 748 praeclaram
1555 677 2011 748 generationem,

363 770 423 821 et
451 763 862 820 admirabilem
896 767 1324 836 processioncm
1359 765 1592 820 referas.
1629 766 2015 820 Percontabor

364 853 771 931 paululumlex
801 858 876 921 te,
911 854 1011 924 qui
1052 853 1291 924 ingeniti
1343 860 1398 908 ct
1455 854 1715 921 anarchi,
1764 854 1870 908 huc
1902 858 2009 919 est,

363 941 636 1014 principii
667 941 941 1012 expertis,
976 959 1233 996 amorem
1266 949 1566 1014 tantopere
1607 959 1720 1014 prae
1769 949 1824 996 te
1874 941 2010 1006 fers,

363 1037 496 1087 uter
554 1030 790 1086 tandem
855 1030 1037 1085 Deum
1088 1031 1279 1103 magis
1328 1035 1685 1100 contemnat,
1737 1031 1862 1084 isne
1910 1029 2011 1101 qui

359 1119 554 1192 ipsum
587 1117 814 1187 talium,
848 1117 1050 1191 quales
1080 1125 1144 1174 tu
1176 1119 1428 1182 inducis,
1464 1118 1816 1190 principium
1867 1134 2011 1173 con-

365 1208 594 1274 stituat,
627 1224 698 1262 an
731 1206 830 1278 qui
867 1225 977 1262 non
1013 1205 1245 1275 talium,
1296 1209 1396 1263 sed
1451 1212 1661 1263 natura
1718 1211 1774 1262 et
1827 1207 2012 1279 gloria

362 1296 698 1370 aequalium,
721 1300 778 1351 et
801 1296 1004 1367 quales
1029 1297 1295 1352 doctrina
1320 1303 1515 1352 nostra
1539 1297 1848 1368 proﬁtetur
1865 1296 1892 1349 ?
1923 1300 2009 1350 An

364 1403 496 1442 vero
526 1386 633 1440 tibi
665 1385 736 1440 ad
771 1385 1049 1440 honorem
1083 1384 1372 1456 amplum,
1395 1389 1569 1456 atque
1601 1385 1745 1439 adeo
1767 1384 2009 1455 amplis-

363 1475 582 1530 simum
615 1474 747 1545 erit,
782 1474 936 1546 quod
971 1473 1155 1529 ﬁlium
1190 1475 1424 1541 habeas,
1458 1475 1634 1544 idque
1682 1489 1748 1528 eo
1799 1474 2008 1544 magis,

364 1563 409 1618 si
444 1571 672 1636 patrem
702 1563 760 1617 in
794 1563 1070 1618 omnibus
1101 1563 1275 1618 rebus
1305 1564 1533 1632 referat,
1563 1578 1881 1633 verumque
1911 1578 2008 1633 ge-

359 1653 568 1708 nitoris
590 1651 681 1707 sui
713 1651 1097 1707 simulacrum
1129 1658 1310 1723 gerat,
1335 1651 1558 1723 tibique
1579 1650 1867 1706 sexcentis
1890 1667 2008 1705 ser-

355 1744 440 1798 vis
475 1742 763 1812 imperare
815 1741 969 1795 430
1020 1742 1214 1796 minus
1237 1742 1569 1811 jucundum
1603 1741 1864 1795 futurum
1897 1744 2005 1808 est,

2124 586 2330 656 νώσεις,
2372 585 2496 641 ἀλλ’
2531 585 2697 647 ὲκεῖςε
2726 586 2940 660 ἀνάγεις
2969 589 3048 658 (5)
3075 588 3138 640 τὸ
3169 585 3334 641 καλὸν
3375 589 3637 664 γέννημα,
3685 589 3767 643 καί

2962 675 3374 751 προσερήσομαί
3441 698 3498 730 σε
3559 677 3766 753 ὀλίγον,

2125 760 2483 838 φιλαγέννητε
2514 763 2576 816 σὺ
2606 763 2695 816 καὶ
2741 763 3066 840 φιλάναρχε,
3120 765 3346 839 πότερος
3394 766 3522 826 Θεὸς
3567 766 3766 836 ἀτιμά-

2128 857 2204 920 ζει
2239 850 2474 923 μᾶλλον,
2509 852 2536 903 ὁ
2566 850 2829 905 τοιούτων
2863 850 3025 913 τιθεὶς
3057 852 3261 927 ἀρχὴν,
3292 850 3421 906 οἵων
3454 854 3611 914 αὐτὸς
3662 855 3766 908 εἷσ-

2124 675 2220 742 νήν
2269 673 2565 746 θαυμασίαν
2610 672 2844 749 πρόοδον
2877 693 2887 704 ·

2125 940 2286 1015 οἱγεις,
2319 941 2353 1008 ἢ
2383 941 2410 993 ὁ
2467 941 2541 1012 μὴ
2572 936 2858 1010 τοιούτων,
2893 939 3017 994 ἀλλ’
3057 939 3266 1011 ὁμοίων
3313 942 3410 1009 τὴν
3455 942 3633 1018 φύσιν,
3678 943 3764 996 καὶ

2122 1026 2428 1101 ὁμοδόξων,
2459 1029 2547 1083 καὶ
2581 1027 2708 1082 οἷ’ων
2744 1030 2771 1083 ὁ
2802 1030 3066 1102 ἡμέτερος
3105 1028 3358 1103 βούλεται
3390 1029 3588 1106 λόγος;
3637 1031 3765 1086 Ἀλ-

2123 1116 2192 1172 λά
2223 1118 2306 1171 σοὶ
2342 1117 2435 1190 μέν
2476 1117 2554 1179 εἷς
2596 1129 2763 1190 τιμην
2801 1118 2936 1194 μέγα
2964 1120 3054 1171 καὶ
3098 1117 3350 1194 μέγιστον
3404 1120 3431 1173 ὁ
3481 1121 3572 1181 σὸς
3627 1121 3766 1190 υἱὸς,

2120 1206 2208 1260 καὶ
2234 1206 2478 1278 τοσούτῳ
2514 1204 2749 1278 μᾶλλον,
2784 1206 2997 1281 ὅσῳπερ
3051 1205 3108 1260 ἃν
3152 1208 3220 1260 τὰ
3267 1207 3440 1262 πάντα
3487 1210 3764 1283 πατρώζη,

2118 1296 2206 1349 καὶ
2257 1297 2540 1371 χαρακτὴρ
2590 1294 2625 1369 ᾖ
2671 1296 2891 1370 γνήσιος
2922 1299 3018 1348 τοῦ
3044 1298 3422 1370 γεννήσαντος,
3456 1297 3545 1351 καὶ
3577 1297 3677 1352 οὐκ
3708 1301 3764 1352 ἂν

2122 1383 2301 1454 δέξαιο
2337 1385 2542 1460 μυρίων
2577 1380 2928 1459 ἀνδραπόδων
2979 1385 3111 1438 εἶναι
3166 1384 3378 1457 μᾶλλον
3413 1382 3697 1456 δεσπότης,
3728 1384 3764 1455 ἤ

2121 1473 2236 1527 ἰνὸς
2269 1475 2545 1547 γεννήτωρ
2577 1469 2769 1534 παιδός
2792 1491 2805 1502 ·
2836 1476 2914 1544 τῷ
2943 1477 3058 1544 Θεῷ
3090 1469 3146 1526 δὲ
3191 1472 3331 1528 ἄλλο
3379 1495 3430 1528 τι
3488 1480 3696 1546 μεῖζον,
3726 1473 3763 1544 ἤ

2120 1563 2248 1615 Υἳοῦ
2275 1561 2557 1636 τυγχάΛειν
2610 1558 2840 1634 Πατέρα,
2891 1559 2920 1615 ὅ
2958 1563 3244 1637 προσθήκη
3280 1559 3438 1634 δόξης
3464 1561 3626 1633 ἐστὶν,
3658 1564 3766 1639 οὐχ

2121 1650 2416 1727 ὑφαίρεσις,
2476 1649 2551 1711 ὡς
2634 1647 2690 1704 δέ
2761 1648 2850 1704 καὶ
2925 1645 3205 1725 προϐολέα
3279 1651 3631 1724 Πνεύματος;
3693 1655 3764 1709 Ἦ

2119 1739 2355 1813 ἀγνοεῖς,
2417 1737 2498 1792 ὅτι
2550 1737 2611 1791 σὺ
2660 1738 2752 1809 μέν
2808 1740 3118 1810 κτισμάτων
3167 1739 3336 1803 τιθεὶς
3383 1740 3584 1815 ἀρχὴν,
3616 1740 3764 1816 λέγω

357 1845 534 1902 quam
570 1829 748 1884 unius
779 1827 883 1883 filii
917 1836 1214 1899 parcntem
1246 1847 1376 1885 esse
1409 1846 1421 1883 :
1467 1833 1578 1883 Deo
1611 1833 1804 1883 autem
1838 1829 1996 1899 quid-

2119 1823 2184 1894 δὴ
2235 1828 2364 1880 Υἶοῦ
2411 1825 2499 1880 καὶ
2549 1825 2885 1898 Πνεύματος,
2939 1826 3061 1879 οὔτε
3105 1827 3204 1894 τὴν
3253 1827 3431 1902 ἀρχὴν
3462 1833 3626 1900 τιμᾷς
3660 1831 3764 1902 (6)’

357 1920 510 1989 piam
536 1919 728 1990 majus
751 1934 813 1971 ac
838 1918 1229 1989 praestabilius
1260 1919 1386 1984 erit,
1413 1934 1590 1989 quam
1623 1917 1744 1972 Filii
1776 1917 2000 1972 Patrem

356 2025 504 2078 esse,
538 2008 690 2079 quod
723 2009 958 2080 quidem
993 2007 1188 2080 gloriae
1229 2008 1484 2062 accessio
1516 2011 1624 2070 est,
1659 2023 1774 2061 non
1805 2007 2002 2061 deces-

354 2097 463 2163 sio,
490 2097 990 2169 quemadmodum
1021 2104 1079 2152 et
1106 2096 1360 2168 Spiritus
1394 2097 1802 2167 productorem
1835 2093 2004 2150 esse?

352 2189 438 2240 An
471 2192 525 2240 te
555 2184 696 2239 illud
729 2183 903 2258 fugit,
929 2201 1063 2240 cum
1096 2185 1305 2251 Deum,
1330 2183 1478 2251 Filii,
1502 2202 1567 2239 ac
1600 2183 1871 2254 Spiritus,
1906 2200 2000 2239 ve-

351 2274 442 2328 lut
459 2279 880 2345 creaturarum,
898 2274 1249 2346 principium
1269 2273 1503 2339 statuis,
1519 2290 1622 2328 nec
1647 2273 1996 2344 principium

349 2363 453 2417 abs
485 2368 540 2417 te
571 2361 868 2430 honorari,
903 2367 960 2416 et
989 2379 1118 2433 qua:
1147 2379 1214 2416 ex
1254 2379 1320 2417 eo
1362 2366 1624 2425 manant,
1680 2361 2001 2432 ignominia

346 2450 501 2506 affici
523 2450 551 2505 7
585 2450 755 2518 Illud,
789 2451 929 2522 quia
959 2450 1182 2520 vilium,
1214 2457 1272 2504 et
1301 2452 1665 2522 exiguarum,
1689 2467 1754 2504 ac
1785 2449 1998 2505 deitate

349 2539 726 2610 indignorum
760 2539 1112 2610 principium
1142 2540 1450 2594 constituis
1477 2557 1489 2606 ;
1523 2539 1662 2605 haec,
1695 2540 1833 2610 quia
1863 2546 1996 2608 par-

346 2644 437 2698 va,
483 2643 590 2682 nec
638 2635 830 2683 creata
877 2632 1132 2694 tantum,
1176 2630 1274 2682 sed
1319 2629 1583 2682 omnium
1615 2627 1810 2692 etiam,
1867 2644 1995 2698 quae

2112 1916 2200 1969 καὶ
2233 1915 2512 1986 ἀτιμάζεις
2541 1917 2608 1969 τὰ
2638 1913 2687 1983 ἐξ
2723 1915 2886 1983 αὐτῆς
2916 1934 2928 1983 ;
2963 1917 3067 1983 Τὴν
3105 1915 3222 1987 μέν,
3259 1914 3340 1969 ὅτι
3393 1921 3602 1992 μικρῶν
3651 1917 3763 1971 εἷσ-

2113 2005 2262 2079 ἀγεις
2314 2004 2517 2079 ἀρχὴν,
2563 2003 2652 2057 καὶ
2701 2003 2926 2072 ἀναξίων
2977 2004 3232 2073 θεότητος
3263 2026 3274 2038 ·
3320 2006 3386 2058 τά
3437 2002 3511 2073 δὲ,
3546 2005 3627 2060 ὅτι
3667 2029 3763 2078 μι-

2108 2093 2231 2165 κρὰ,
2263 2093 2350 2146 καὶ
2407 2093 2482 2165 μὴ
2535 2091 2802 2164 κτίσματα
2857 2091 3044 2164 μόνον,
3087 2091 3234 2147 ἀλλὰ
3279 2092 3368 2146 καὶ
3401 2095 3613 2149 πάντων
3646 2116 3758 2150 κτι-

2109 2183 2327 2255 σμάτων
2378 2186 2552 2242 ποιεῖς
2596 2180 2892 2255 ἀτιμότερα
2919 2200 2930 2212 ·
2986 2178 3038 2234 εἷ’
3073 2203 3132 2256 γε
3177 2180 3383 2236 τούτων
3416 2183 3586 2237 ἕνεκεν
3649 2184 3754 2238 ὑπ-

2108 2270 2258 2343 έστη,
2289 2271 2376 2324 καὶ
2405 2270 2536 2324 ποτε
2567 2268 2744 2340 ὥσπερ
2775 2263 2970 2345 ὄργανα
2997 2269 3216 2345 τεχνίτῃ
3260 2271 3367 2346 πρὸ
3408 2275 3515 2325 τῶν
3565 2292 3754 2348 τεχνι-

2105 2364 2212 2414 τῶν
2247 2363 2320 2433 (7)
2346 2359 2606 2434 πρότερον
2638 2358 2740 2413 οὐκ
2771 2354 2913 2426 ὄντα,
2947 2355 3060 2413 οὐδ’
3104 2357 3163 2412 ἂν
3218 2357 3407 2421 ἄλλως
3462 2361 3749 2435 γενόμενα,

2107 2448 2152 2502 εἰ
2189 2451 2261 2520 μή
2294 2471 2345 2503 τι
2378 2449 2553 2502 κτίσαι
2587 2445 2652 2502 δι’
2683 2447 2855 2501 αὐτῶν
2891 2443 3164 2518 ἐϐουλήθη
3200 2451 3350 2515 Θεὸς,
3400 2449 3474 2512 ὡς
3527 2450 3624 2504 σύκ
3655 2451 3751 2526 ἀρ-

2104 2542 2327 2599 κοῦντος
2357 2542 2453 2592 τοῦ
2489 2535 2798 2612 βούλεσθαι.
2832 2543 2937 2590 Πᾶν
2971 2536 3072 2612 γὰρ
3106 2536 3136 2592 ὅ
3163 2558 3308 2599 τινος
3337 2534 3530 2606 ἕνεκεν,
3566 2538 3756 2612 ἀτιμό-

2103 2647 2256 2700 τερον
2288 2625 2490 2681 έκείνου
2523 2627 2589 2680 δι’
2621 2624 2651 2680 ὅ
2679 2627 2982 2702 γεγένηται.

345 2722 536 2773 creata
566 2722 726 2783 sunt,
760 2717 1263 2788 contemptissima
1293 2724 1349 2771 et
1389 2716 1785 2788 abjectissima
1815 2716 1959 2771 facis
1990 2733 2004 2771 :
2037 2717 2329 2788 siquidem
2381 2717 2588 2771 horum
2639 2734 2835 2785 causa,
2868 2721 2926 2772 et
2959 2717 3274 2788 aliquando
3305 2718 3540 2773 condita
3589 2722 3751 2788 sunt,

347 2823 461 2861 non
494 2822 662 2861 secus
702 2816 768 2860 ac
807 2806 1198 2860 instrumenta
1245 2807 1316 2860 ab
1366 2805 1608 2869 artifice,
1643 2822 1773 2876 quae
1819 2809 1953 2859 ante
2001 2807 2253 2861 artiﬁces
2305 2824 2418 2861 non
2463 2810 2649 2870 erant,
2683 2823 2786 2861 nec
2836 2805 2980 2860 alias
3027 2806 3409 2870 exstitissent,
3443 2808 3556 2860 nisi
3605 2807 3751 2878 quid

339 2911 542 2950 eorum
573 2911 746 2965 opera
775 2894 928 2949 Deus
968 2913 1164 2949 creare
1194 2895 1488 2961 voluisset,
1525 2895 1765 2964 perinde
1796 2893 2060 2950 videlicet
2089 2911 2153 2949 ac
2186 2896 2453 2950 voluntas
2504 2895 2629 2966 ipsa
2674 2912 3046 2966 nequaquam
3105 2897 3418 2951 sulliceret.
3453 2895 3753 2966 Quidquid

343 2983 502 3039 enim
535 2981 785 3053 alicujus
815 2983 896 3038 rei
928 2999 1105 3038 causa
1137 2984 1352 3037 factum
1385 2987 1493 3050 est,
1526 2983 1807 3054 abjectius
1837 2986 1928 3037 est
1957 3000 2044 3053 eo,
2077 2991 2313 3055 propter
2343 2984 2496 3054 quod
2529 2983 2747 3038 factum
2777 2988 2884 3039 est.

418 3073 532 3127 VII.
565 3073 638 3126 At
682 3088 788 3143 ego
843 3072 1075 3127 deitatis
1127 3071 1500 3143 principium,
1560 3071 1842 3142 temporis
1898 3088 1992 3126 ex-

2176 3072 2254 3125 H'.
2307 3070 2446 3145 Ἐγὼ
2499 3067 2556 3124 δὲ
2603 3070 2857 3140 θεότητος
2908 3071 3084 3146 ἀρχὴν
3119 3073 3196 3143 (8)
3227 3069 3457 3144 εἰσάγων
3487 3069 3748 3146 ἄχρονον,

349 3177 502 3232 pars,
564 3159 977 3232 inseparabile,
1027 3167 1202 3232 atque
1250 3159 1546 3214 inﬁnitum
1601 3166 1886 3224 statuens,
1937 3163 1995 3215 et

349 3248 724 3322 principium,
773 3253 830 3303 et
877 3265 964 3318 ea,
1005 3267 1130 3316 quae
1171 3265 1203 3303 a
1251 3249 1538 3320 principio
1571 3254 1833 3314 manant,
1868 3247 1993 3320 pari

348 3337 568 3394 honore
599 3353 922 3409 prosequor
958 3353 971 3391 :
1023 3337 1188 3405 illud,
1238 3338 1377 3408 quia
1423 3338 1630 3392 talium
1661 3343 1750 3391 est
1781 3337 1994 3408 princi-

350 3427 536 3496 pium,
574 3426 712 3492 hasc,
746 3427 884 3497 quia
909 3426 1010 3482 tali
1055 3429 1246 3497 modo,
1279 3433 1337 3482 et
1367 3427 1522 3494 talia,
1555 3433 1612 3482 et
1640 3445 1707 3481 ex
1736 3426 1856 3497 tali,
1890 3443 1994 3481 nec

345 3520 626 3586 tempore,
663 3531 763 3569 nec
799 3520 1026 3579 natura,
1062 3529 1164 3569 nec
1194 3515 1355 3570 cultu
1387 3521 1443 3570 et
1472 3515 1842 3570 veneratione
1872 3516 1993 3570 dis-

342 3605 544 3671 tincta,
594 3620 775 3658 unum
831 3603 1061 3658 divisim
1113 3603 1473 3670 exsistentia,
1522 3609 1578 3658 et
1633 3604 1992 3672 conjunctim

343 3690 531 3746 divisa
583 3690 763 3761 (dictu
795 3690 931 3746 licet
962 3691 1218 3761 mirum),
1275 3709 1388 3746 non
1423 3693 1620 3747 minus
1649 3693 1722 3747 ob
1756 3691 1992 3747 relatio-

343 3797 502 3845 nem,
556 3797 732 3850 quam
785 3779 938 3835 inter
985 3797 1047 3835 se
1095 3780 1332 3848 habent,
1376 3780 1689 3847 laudanda,
1733 3798 1908 3851 quam
1941 3781 1990 3836 si

344 3869 809 3939 unumquodque
840 3886 943 3940 per
973 3885 1034 3923 se
1067 3868 1338 3940 privatim
1373 3874 1672 3939 acceptum
1720 3875 1775 3923 et
1820 3869 1991 3924 intel-

344 3956 557 4012 lectum
591 3963 746 4013 esset
781 3974 793 4012 :
842 3958 1154 4028 perfectam
1188 3975 1256 4011 ex
1285 3958 1473 4012 tribus
1507 3959 1774 4028 perfectis
1807 3959 1993 4013 Trini-

343 4051 544 4112 tatem,
590 4049 815 4103 unitate
863 4049 1097 4120 quidem
1149 4049 1221 4104 ob
1271 4049 1506 4102 divitias
1555 4054 1730 4113 mota,
1765 4049 1990 4104 binario

343 4141 538 4191 autem
571 4141 869 4208 superato,
905 4144 1207 4210 propterea
1239 4137 1393 4208 quod
1441 4136 1626 4192 deitas
1657 4153 1834 4209 supra
1867 4154 1987 4192 ma-

337 4223 542 4279 teriam
577 4229 635 4279 et
667 4227 916 4281 formam
951 4224 1046 4292 sit,
1077 4242 1144 4280 ex
1177 4225 1394 4295 quibus
1424 4242 1664 4296 corpora
1697 4231 1987 4296 constant,

332 4313 612 4368 Trinitate
645 4330 779 4368 vero
815 4322 1054 4385 propter
1100 4313 1508 4384 perfectionem
1559 4315 1798 4368 deﬁnita
1847 4316 1988 4383 (haec

333 4400 489 4456 enim
521 4401 709 4472 prima
735 4402 941 4457 binarii
969 4403 1449 4472 compositionem
1479 4407 1759 4474 superat),
1794 4409 1855 4457 ut
1885 4421 1988 4458 nec

336 4490 522 4545 deitas
555 4498 811 4561 angusta
842 4496 1096 4557 maneat,
1128 4506 1234 4546 nec
1267 4490 1325 4545 in
1372 4491 1672 4546 inﬁnitum
1703 4491 1987 4547 diffunda-

412 4723 490 4800 (ᾧ)
523 4724 790 4800 Ἀνάγεις.
825 4726 1003 4798 Regg.
1053 4726 1173 4794 bm,
1205 4725 1306 4792 hu,
1341 4725 1512 4781 Coisl.
1552 4727 1599 4796 l,
1633 4726 1727 4780 Or.
1766 4731 1813 4794 1,
1845 4726 1988 4799 Jes.,

337 4793 648 4868 aveham}!
667 4793 1004 4868 Ideprom—eg.
1028 4819 1054 4847 n

412 4869 526 4953 (6)“
547 4863 680 4953 (ξῦτε
896 4868 1075 4953 ἀρχήν
1140 4868 1474 4953 τιμᾷς.ῃΞίο
1537 4867 1986 4953 plu‘res'negg”

337 4938 456 5064 gpo
487 4938 688 5079 080,231.,
719 4948 775 4995 et
805 4941 900 4996 Or.
935 4938 1081 4996 ll'ln
1129 4943 1222 4994 ed.
1254 4938 1465 5010 legitur
1490 4938 1590 5006 τὴν
1623 4938 1823 5013 ἀρχήν,
1857 4938 1989 4996 ante

403 5028 485 5079 γω
595 5051 607 5064 .

431 5051 1029 5156 ἧῆἇνιτῶνηΡυιοῐ
1085 5079 1471 5156 Gombefisius
1530 5082 1985 5156 emendandum,

337 5151 624 5234 τεχνικῶν.
657 5155 748 5208 Sic
769 5154 1014 5234 Avidetut:
1056 5153 1230 5209 etiam
1281 5151 1493 5234 legi-sse
1543 5151 1985 5234 Leuvenklaius,

337 5223 436 5294 qui
489 5241 590 5294 pro
624 5248 650 5274 ‹‹
685 5231 818 5281 ante
865 5227 1140 5295 artiﬁces,
1168 5246 1194 5273 ι)
1239 5223 1428 5277 reddit
1461 5238 1526 5277 :«
1580 5229 1713 5278 ante
1764 5242 1854 5281 res
1905 5223 1988 5280 fa-

339 5302 808 5446 misiliam,
843 5367 1044 5446 ἀρχήν,
1068 5370 1174 5446 ets.-
1206 5366 1350 5446 (ἒμω
1400 5363 1988 5446 βξθὲφτὶιλειΡιιιεθφ

337 5435 590 5520 appellat
611 5461 637 5488 «
673 5435 1038 5512 principium
1061 5436 1316 5504 deitatis,
1345 5458 1371 5484 »
1406 5435 1461 5489 id
1495 5435 1582 5491 est
1613 5438 1741 5493 Filii
1772 5444 1829 5495 et
1859 5440 1988 5512 Spi-

337 5512 487 5562 ritus
519 5511 725 5578 sancti,
750 5529 856 5566 vox
887 5511 988 5566 illa
1017 5509 1218 5579 ἀρχήν,
1245 5524 1360 5563 non
1388 5507 1458 5561 de
1487 5512 1766 5579 tempore,
1793 5511 1892 5566 sed
1917 5512 1988 5567 de

336 5525 487 5562 mus
519 5525 725 5578 sancti,
750 5529 856 5566 vox
887 5525 988 5566 illa
1017 5525 1218 5582 άοχην,
1245 5525 1360 5563 non
1388 5525 1458 5561 ae
1487 5525 1766 5580 tempore,
1793 5525 1892 5566 sed
1917 5525 1984 5567 de

334 5588 626 5663 causaest
651 5583 1006 5663 accipienda,
1030 5565 1460 5663 Nam,_ut‘saspe
1479 5581 1602 5663 jam
1627 5582 1849 5663 dictum
1877 5589 1984 5653 est,

337 5668 455 5727 non
487 5652 684 5709 minus
717 5649 1002 5727 principio
1034 5656 1232 5727 carent
1271 5649 1460 5727 Filius
1481 5657 1538 5705 et
1567 5652 1818 5723 Spiritus
1847 5649 1986 5711 san-1

334 5725 489 5789 ctus,
509 5737 686 5797 quam
709 5721 973 5798 Pater-[si
1003 5726 1076 5782 ad
1102 5729 1339 5801 tempus
1369 5721 1674 5781 referatur.
1693 5729 1802 5785 Sed
1836 5728 1886 5784 si
1916 5727 1990 5784 de

2102 3158 2189 3213 xui
2250 3159 2582 3234 ἀχώριστον,
2631 3159 2718 3212 καὶ
2770 3158 3042 3233 ἀόριστον,
3091 3161 3191 3229 τήν
3240 3180 3297 3212 τε
3344 3159 3520 3234 ἀρχὴν
3575 3163 3748 3230 τιμῶ,

2101 3247 2188 3303 καὶ
2235 3250 2302 3303 τά
2346 3247 2403 3302 έκ
2449 3255 2548 3317 τῆς
2598 3247 2776 3323 ἀρχῆς
2821 3247 3009 3317 ἐπίσης
3037 3267 3049 3280 ·
3090 3249 3189 3316 τήν
3223 3249 3339 3320 μέν,
3370 3247 3451 3302 δτι
3481 3247 3746 3302 τοιούτων

2101 3337 2249 3412 ἀρχὴ
2277 3355 2289 3368 -
2320 3337 2386 3391 τὰ
2410 3334 2486 3408 δὲ,
2521 3336 2601 3391 ὅτι
2654 3337 2824 3398 οὕτως
2855 3336 2944 3390 καὶ
2974 3341 3215 3403 τοιαῦτα,
3247 3336 3334 3390 καὶ
3369 3335 3427 3390 ἐκ
3457 3339 3534 3409 (9)
3563 3335 3748 3390 τοιού,

2099 3446 2217 3494 του,
2275 3428 2412 3498 μήτε
2459 3430 2537 3497 τῷ
2586 3425 2737 3493 ποτὶ,
2791 3427 2927 3497 μήτε
2977 3429 3044 3497 τῇ
3086 3425 3259 3502 φύσει,
3297 3427 3536 3496 μήτετῷ
3567 3428 3749 3496 σεπτῷ

2103 3511 2491 3590 διειργόμεναο
2537 3513 2590 3567 ἓν
2637 3509 2763 3567 ὄντα
2811 3511 3176 3586 διῃρημένως,
3244 3511 3333 3567 καί
3394 3510 3751 3584 διαιρούμενα

2101 3602 2484 3675 συνημμένως,
2521 3601 2565 3655 εἰ
2596 3601 2682 3654 καὶ
2715 3598 3014 3672 παράδοξον
3045 3605 3205 3654 τοῦτο
3237 3599 3404 3655 εἰπεῖν
3432 3621 3442 3632 ·
3491 3601 3599 3675 οὐχ
3647 3603 3750 3669 ἧτ-

2100 3711 2189 3744 τον
2219 3691 2463 3744 ἐπαινετὰ
2499 3696 2598 3758 τῆς
2630 3690 2765 3764 πρὸς
2816 3687 3036 3758 ἄλληλα
3081 3690 3338 3764 σχέσεως,
3386 3691 3419 3756 ἢ
3463 3691 3578 3743 καθ’
3625 3690 3750 3743 ἑαυ-

2098 3781 2160 3833 τὸ
2187 3776 2407 3832 ἕκαστον
2466 3777 2760 3850 νοοῦμινόν
2809 3799 2868 3832 τε
2916 3777 3004 3832 καὶ
3053 3772 3492 3849 λαμϐανόμενον.
3542 3776 3751 3853 Τριάδα

2099 3867 2308 3922 τελείαν
2369 3867 2428 3921 ἐκ
2473 3868 2695 3922 τελείων
2745 3873 2932 3942 τριῶν,
2989 3864 3220 3939 μονάδος
3275 3866 3367 3937 μέν
3431 3867 3751 3936 κινηθείσης

2101 3955 2190 4010 διά
2217 3957 2278 4010 τὸ
2318 3954 2603 4028 πλούσιον,
2656 3954 2848 4017 δυάδος
2901 3953 2957 4010 δέ
3006 3951 3394 4031 ὑπερϐαθείσης
3445 3956 3555 4029 (10)
3588 3956 3748 4031 (ὑπὲρ

2099 4047 2201 4120 γάρ
2231 4047 2330 4113 τήν
2371 4044 2506 4115 ὕλην
2553 4045 2641 4100 καί
2683 4046 2745 4099 τὸ
2794 4043 2983 4113 εἶδος),
3015 4045 3065 4114 ἐξ
3096 4045 3167 4098 ὧν
3200 4045 3265 4097 τά
3298 4045 3544 4117 σώματα,
3577 4046 3747 4117 Τριά-

2101 4133 2191 4196 δος
2243 4132 2299 4188 δέ
2352 4134 2658 4210 ὁρισθείσης
2705 4131 2790 4187 διὰ
2839 4133 2899 4187 τὸ
2948 4133 3180 4205 τέλειον,
3214 4133 3405 4209 πρώτη
3439 4133 3542 4208 γὰρ
3576 4132 3746 4208 ὑπερ-

2099 4219 2268 4278 ϐαίνει
2303 4220 2497 4284 δυάδος
2527 4220 2907 4290 σύνθεσιν,’ίνα
2952 4223 3090 4293 μήτε
3138 4223 3292 4290 στενή
3349 4225 3480 4295 μένῃ
3535 4223 3568 4284 ἡ
3621 4222 3745 4284 θεό-

2097 4333 2216 4382 της,
2248 4314 2386 4383 μήτε
2416 4311 2490 4372 εἰς
2524 4310 2741 4386 ἄπειρον
2774 4311 2989 4386 χέηται.
3021 4311 3091 4364 Τὸ
3126 4310 3219 4382 μέν
3252 4310 3356 4385 γὰρ
3389 4307 3745 4386 ἀφιλότιμον,

2022 4440 2067 4504 D
2096 4402 2158 4456 τὸ
2191 4399 2249 4455 δέ
2297 4397 2546 4454 ἄτακτον·
2595 4400 2683 4453 καὶ
2713 4400 2775 4453 τὸ
2809 4399 2901 4471 μὶν
2936 4397 3228 4456 Ἰουδαῖκὸν
3260 4402 3560 4470 παντελῶς,
3595 4397 3654 4451 τὸ
3690 4395 3749 4452 δὲ

2101 4487 2218 4504 In“
2369 4489 2383 4504 \
2527 4488 2540 4504 ἱ
2649 4486 2667 4504 ‘
2700 4487 2747 4504 In

2100 4487 2420 4560 Ἑλληνικὸν
2453 4488 2543 4542 καὶ
2572 4486 2861 4542 πολύθεον.

2099 4742 2276 4781 causa
2303 4724 2545 4797 quaestio
2577 4725 2670 4790 sit,
2697 4725 2865 4781 Pater
2893 4729 2983 4781 est
3031 4724 3410 4797 principium,
3436 4740 3535 4779 seu
3584 4723 3750 4794 origo

2100 4797 2222 4852 Filii
2259 4802 2314 4850 et
2342 4796 2595 4867 Spiritus
2619 4799 2838 4861 sancti;
2864 4796 3042 4868 atque
3061 4804 3121 4851 ut
3148 4796 3327 4852 trium
3358 4812 3746 4867 personarum

2099 4872 2483 4940 proprietates
2513 4867 2973 4940 distinguantur,
3002 4870 3165 4924 Pater
3197 4873 3286 4923 est
3315 4890 3342 4918 (ι
3376 4867 3697 4940 ingenitus,
3719 4888 3747 4916 »

2101 4938 2282 4996 Filius
2309 4962 2336 4989 ‹‹
2359 4939 2650 5012 genitus,»
2675 4938 2729 4994 et
2756 4941 3010 5012 Spiritus
3043 4947 3281 5012 sanctus
3305 4961 3332 4989 ‹‹
3366 4938 3746 5012 procedens.»

2099 5010 2382 5066 Caeterum
2417 5017 2479 5083 ut
2511 5011 2667 5066 nulla
2697 5012 2775 5066 sit
2802 5010 2876 5066 de
2906 5011 3180 5083 Gregorio
3212 5016 3409 5065 nostro
3441 5010 3651 5083 hagde
3687 5024 3748 5083 re

2099 5083 2378 5155 suspicio,
2409 5082 2541 5155 vide
2573 5100 2654 5155 or.
2689 5100 2784 5148 xx,
2819 5101 2874 5136 n.
2907 5085 2962 5150 7,
2995 5077 3062 5138 ad
3098 5083 3218 5138 hazc
3247 5083 3458 5137 verba:
3493 5079 3613 5134 Ἐὰν
3651 5077 3749 5151 μὶν

2099 5153 2172 5215 ὡς
2204 5150 2372 5208 ἆῖτιον
2402 5152 2492 5206 τὸν
2523 5153 2750 5222 Πατέρα,
2781 5158 2890 5210 etc.

2171 5228 2243 5297 (9)
2277 5224 2378 5280 Καὶ
2412 5224 2486 5276 ἐκ.
2522 5225 2615 5281 Sic
2647 5221 2821 5297 Regg.
2873 5226 2995 5295 bm,
3040 5226 3145 5293 hu,
3184 5224 3357 5281 Coisl.
3393 5225 3442 5292 1,
3476 5227 3531 5278 et
3564 5221 3657 5277 Or.
3700 5222 3749 5276 1,

2097 5297 2269 5353 Deest
2297 5293 2384 5349 καί
2415 5297 2472 5349 in
2505 5297 2612 5350 ed.r

2182 5312 2269 5352 881
2297 5316 2384 5349 και
2415 5313 2472 5349 Ill
2505 5312 2612 5350 80.1

2230 5318 2241 5328 -
2297 5317 2384 5349 και
2415 5317 2472 5349 in
2582 5317 2612 5349 ,ι

2149 5317 2281 5441 e(3:01)
2314 5317 2606 5448 Auu'e‘o:%i:
2637 5359 3050 5448 ὑπερϐαρείσης,
3078 5373 3187 5448 etc.
3223 5365 3518 5448 (f‘pinar‘io
3548 5367 3752 5447 autem

2098 5434 2391 5512 superato.
2425 5461 2449 5486 η
2481 5437 2644 5512 Pera
2695 5434 2992 5495 binarium'
3035 5434 3064 5490 }~
3115 5439 3385 5509 intelligit
3433 5434 3758 5507 Gregorius

2099 5534 2127 5561 «
2161 5509 2466 5566 materiam
2499 5516 2569 5582 et,
2592 5509 2836 5567 formam
2874 5534 2901 5561 »
2933 5512 3147 5582 quibus
3179 5526 3423 5582 corpora
3452 5512 3754 5582 constant.

2099 5582 2259 5638 Unde
2290 5582 2349 5654 in
2381 5581 2608 5654 naturis
2639 5578 2966 5654 corporeis—
2985 5584 3257 5654 perfectio
3283 5578 3402 5654 sita
3429 5579 3662 5634 videtur
3691 5578 3760 5634 in

2097 5654 2207 5712 hoc
2245 5653 2496 5728 binario,
2528 5657 2592 5708 ut
2640 5653 2798 5728 patet
2839 5656 2898 5710 in
2930 5653 3221 5728 creatione
3267 5653 3593 5728 primorum
3645 5665 3756 5724 pa-

2098 5732 2352 5797 rentum,
2387 5725 2490 5800 qui
2521 5726 2758 5802 perfecti
2789 5726 2965 5785 creati
2995 5731 3156 5785 sunt.
