4056 6274
246 348 389 419 1161

1349 343 1642 412 ORATIO
1685 336 1896 410 XXIII.
1925 380 1995 391 —
2028 340 2129 406 DE
2178 342 2372 407 PACE
2418 340 2527 407 IIl.

3493 343 3649 405 1162

242 495 356 546 tur.
384 488 531 545 Illud
563 488 717 545 enim
751 502 991 560 parcum
1022 490 1080 542 et
1099 486 1396 558 jejunum,
1420 484 1531 541 hoc
1560 482 1907 549 confusum;
1940 478 2085 534 illud
2113 478 2425 535 Iudaicum
2455 494 2721 551 prorsus,
2742 478 2853 535 hoc
2884 473 3206 544 ethnicum,
3230 493 3295 534 ac
3328 476 3650 536 multorum

240 579 480 634 deorum
512 576 739 632 cultum
772 574 1061 630 redoleas.

305 665 377 722 ϐ’.
404 668 604 718 Σκοπῶ
643 659 701 717 δὲ
753 662 988 731 κάκεῖνο,
1052 660 1142 716 καὶ
1181 657 1319 722 ’ίσως
1372 660 1471 716 οὐκ
1518 654 1877 728 ἀπαιδεύτως,

2063 656 2153 711 ΙΧ.
2187 657 2339 721 Quin
2370 656 2479 713 hoc
2511 672 2768 729 quoque,
2800 671 2906 712 nec
2936 655 3148 711 inscite
3194 656 3445 712 fortasse
3474 659 3651 729 atque

239 752 359 809 οὐδὲ
389 753 640 826 ἀμαθῶς,
698 750 846 806 ἀλλὰ
885 750 975 805 καὶ
1026 748 1146 804 λίαν
1208 749 1646 822 ἐπεσκεμμένως,
1679 746 1761 801 ὅτι
1794 745 1878 800 σοὶ

240 844 328 916 μὲν
361 838 607 902 κίνδυνος
660 838 785 894 οὐδὲ
838 841 913 901 εἷς
962 840 1219 912 γεννητὸν
1270 838 1542 912 εὶσάγοντι
1588 838 1680 891 τὸν
1736 833 1878 891 Υὶόν.

236 930 309 988 Ού
340 931 442 1006 γὰρ
482 931 557 1003 μὴ
589 928 732 1001 πάθῃ
759 949 811 982 τι
843 932 1047 1002 γεννῶν
1082 928 1109 981 ὁ
1136 926 1431 1001 ἀγέννητος
1478 930 1586 981 τῶν
1639 944 1883 996 σωματι-

236 1024 339 1074 κῶν
367 1039 426 1073 τε
454 1017 544 1072 καὶ
572 1016 796 1089 ὑλικῶν,
830 1014 911 1069 ὅτι
948 1013 1089 1089 μηδε
1121 1020 1300 1088 σῶμα,
1346 1014 1437 1069 καὶ
1467 1018 1626 1068 τοῦτο
1670 1014 1726 1066 αἱ
1773 1033 1885 1067 κοι-

237 1108 321 1161 ταὶ
386 1106 510 1182 περὶ
570 1110 703 1161 Θεοῦ
758 1108 1182 1181 παραχωροῦσιν
1243 1101 1566 1175 ὑπολήψεις.
1624 1103 1784 1155 Ὥστε
1830 1098 1881 1154 τί

238 1191 550 1274 φοϐνύμεθα
607 1189 778 1271 φόϐον
840 1191 901 1248 οὗ
954 1194 1029 1266 μὴ
1080 1190 1190 1246 ἔστι
1240 1187 1431 1269 φόϐος,
1462 1184 1879 1261 κποὶάσεϐοῦμεν

237 1282 506 1353 διακενῆς,
539 1282 569 1338 8
599 1281 665 1352 δὴ
701 1282 955 1356 λέγεται;
1004 1283 1160 1354 Ἐμοὶ
1210 1278 1268 1336 δὲ
1311 1278 1554 1341 κίνδυνος
1600 1280 1882 1351 ζημιωθῆ-

235 1394 321 1427 ναι
372 1371 623 1442 θεότητα,
672 1369 718 1426 εἷ
765 1371 827 1425 τὸ
884 1369 1087 1441 κτίσμα
1167 1366 1610 1445 παραδεχοίμην.
1660 1366 1732 1421 Ού
1780 1366 1881 1442 γὰρ

235 1462 359 1523 Θεὸς
412 1462 475 1515 τὸ
524 1458 865 1533 κτιζύμενον,
916 1457 1041 1514 οὐδὲ
1084 1456 1398 1513 δεσποτικὸν
1443 1457 1508 1511 τὸ
1552 1452 1881 1528 ὁμόδουλον,

234 1550 326 1605 κᾶν
352 1551 418 1604 τὰ
440 1552 632 1623 πρῶτα
661 1546 888 1625 φέρηται
920 1544 1173 1609 δουλείας
1202 1545 1291 1601 καὶ
1322 1545 1565 1612 κτίσεως,
1602 1544 1690 1598 καὶ
1720 1547 1881 1598 τοῦτο

239 1639 395 1712 μόνον
448 1636 962 1715 φιλανθρωπεύηται
996 1630 1374 1711 ὑϐριζόμενον.
1401 1635 1458 1687 'O
1488 1634 1588 1709 γὰρ
1613 1639 1712 1701 τῆς
1739 1631 1883 1709 ὀφει-

236 1726 473 1801 λομένης
503 1726 813 1801 ἀποστερῶν
839 1732 1031 1797 τιμῆς,
1063 1723 1125 1778 ού
1160 1723 1373 1797 μᾶλλον
1396 1727 1532 1795 τιμᾷ
1559 1722 1639 1792 τῷ
1667 1719 1884 1794 διδομέ-

234 1838 333 1888 νῳ,
362 1814 398 1885 ἥ
432 1816 678 1888 ἀτιμάζει
699 1818 779 1886 τῷ
808 1812 1194 1891 ἀφαιρουμένῳ
1224 1815 1360 1885 (11),
1392 1811 1489 1867 κᾶν
1520 1809 1884 1885 προσποίησιν

237 1899 336 1978 ἔχῃ
384 1906 497 1977 (12)
527 1906 696 1976 τιμῆς
726 1903 788 1957 τὸ
819 1901 1110 1977 γενόμενον
1148 1904 1278 1975 (13).

1991 745 2284 817 imperite,
2317 746 2418 801 sed
2441 761 2725 817 perquam
2758 745 2934 800 etiam
2972 744 3292 815 prudenter
3313 750 3370 800 et
3395 744 3652 801 circum-

1993 838 2190 905 specte
2223 850 2452 888 mecum
2485 838 2713 905 reputo,
2729 832 2837 888 tibi
2868 833 3104 904 quidem
3137 831 3282 888 nihil
3314 832 3558 905 periculi
3584 850 3653 889 ex

1993 939 2059 978 eo
2092 922 2416 989 imminere,
2469 923 2514 978 si
2571 922 2780 977 Filium
2830 923 3093 994 genitum
3143 923 3485 979 asserueris.
3523 922 3649 980 Non

1993 1012 2150 1066 enim
2203 1011 2520 1067 verendum
2553 1014 2662 1078 est,
2716 1028 2787 1065 ne
2820 1010 3119 1082 ingenitus
3169 1009 3391 1083 aliquid
3422 1027 3645 1082 eorum,

1993 1117 2120 1171 quas
2170 1101 2514 1171 corporibus
2546 1117 2612 1155 ac
2663 1099 2917 1155 materiai
2975 1100 3348 1167 conveniunt,
3382 1099 3443 1155 in
3492 1102 3643 1156 48‘!

1992 1190 2284 1261 gignendo
2317 1191 2595 1261 patiatur,
2628 1205 2761 1244 cum
2796 1205 2868 1245 ne
2899 1206 3112 1261 corpus
3157 1189 3397 1261 quidem
3431 1190 3528 1257 sit,
3561 1190 3649 1245 id-

1993 1295 2107 1351 que
2136 1280 2223 1333 vel
2254 1295 2599 1334 communes
2622 1277 2764 1349 ipsa:
2796 1278 2866 1333 de
2886 1277 2999 1333 Deo
3030 1278 3298 1335 notiones
3329 1277 3496 1334 facile
3518 1295 3652 1335 con-

1992 1369 2230 1423 cedunt.
2274 1367 2481 1437 Quare,
2513 1368 2656 1439 quid
2693 1366 2863 1422 nobis
2911 1368 3179 1422 timorem
3215 1366 3519 1440 ﬁngimus,
3549 1368 3657 1437 ubi

1992 1474 2110 1512 non
2142 1461 2232 1512 est
2260 1456 2456 1527 timor,
2488 1473 2556 1511 ac
2603 1454 2730 1511 sine
2759 1472 2956 1527 causa,
2994 1460 3059 1511 ut
3104 1454 3278 1528 vulgo
3320 1454 3436 1512 dici
3483 1456 3653 1525 solet,

1991 1544 2160 1617 impii
2190 1562 2400 1601 sumus
2420 1545 2448 1599 ‘I
2479 1546 2546 1600 At
2573 1561 2707 1600 vero
2738 1543 2884 1599 mihi
2914 1544 3243 1616 periculum
3286 1549 3396 1613 est,
3430 1562 3503 1602 ne
3531 1546 3654 1602 dei-

1992 1634 2131 1690 tatis
2152 1634 2448 1704 jacturam
2480 1632 2712 1702 faciam,
2746 1633 2795 1689 si
2826 1637 3155 1689 creaturam
3195 1633 3507 1690 admisero.
3539 1634 3655 1692 Nec

1992 1723 2174 1790 enim,
2206 1722 2307 1794 qui
2355 1725 2605 1789 creatur,
2648 1722 2804 1779 Deus
2845 1726 2976 1791 est;
3008 1738 3113 1779 nec
3165 1723 3264 1794 qui
3313 1739 3650 1794 conservus,

1992 1812 2301 1879 Dominus,
2333 1811 2658 1882 quamlibet
2705 1810 2926 1883 alioqui
2976 1811 3200 1883 primas
3247 1811 3401 1868 inter
3455 1829 3653 1870 servos

1992 1905 2049 1956 et
2079 1916 2172 1955 res
2219 1904 2445 1956 creatas
2476 1900 2643 1969 ferat,
2681 1903 2855 1972 atque
2903 1900 3013 1956 hac
3062 1917 3180 1956 una
3228 1917 3290 1957 re
3333 1900 3392 1956 in
3443 1905 3652 1958 contu-

242 1994 415 2050 melia
445 1994 766 2049 humanius
809 1993 1108 2062 aliquanto
1157 1996 1457 2046 tractetur.
1482 1991 1627 2046 Nam
1662 1989 1761 2061 qui
1794 2005 1929 2045 eum
1980 1989 2173 2045 debito
2221 1989 2442 2045 honore
2492 1989 2744 2054 fraudat,
2779 2006 2892 2044 non
2943 1989 3133 2061 magis
3190 1989 3411 2061 ipsum,
3441 2007 3545 2062 per
3591 1990 3650 2047 id

241 2083 393 2153 quod
446 2082 676 2147 tribuit,
708 2082 927 2137 honore
974 2080 1174 2147 afﬁcit,
1208 2096 1382 2149 quam
1418 2096 1519 2150 per
1548 2079 1626 2147 id,
1663 2080 1815 2150 quod
1861 2078 2054 2150 eripit,
2091 2077 2476 2149 ignominiam
2525 2078 2577 2133 ei
2625 2077 2831 2148 inurit,
2863 2082 3163 2149 utcunque
3192 2094 3284 2134 res
3315 2095 3382 2135 ea
3411 2078 3651 2137 honoris

239 2172 491 2244 speciem
520 2177 578 2226 et
607 2171 913 2225 obtentum
943 2169 1172 2223 habeat.

309 2261 362 2316 l'.
396 2258 493 2313 Καὶ
545 2253 600 2312 εἷ’
650 2278 737 2311 σοι
778 2254 1068 2311 πλάττεται
1127 2252 1271 2324 πάθη
1305 2254 1427 2332 περὶ
1478 2256 1577 2324 τὴν
1609 2256 1879 2329 γέννησιν,

2058 2255 2125 2310 Χ.
2178 2256 2340 2323 Quod
2386 2255 2436 2311 si
2488 2255 2790 2328 passiones
2838 2254 2993 2311 circa
3044 2256 3482 2328 generationem
3540 2256 3647 2313 tibi

234 2347 401 2420 κάμοὶ
449 2344 573 2422 περὶ
623 2347 722 2414 τὴν
770 2344 979 2399 κτίσιν·
1035 2341 1161 2399 οὐδὲ
1204 2344 1308 2419 γὰρ
1338 2344 1400 2399 τὸ
1430 2342 1885 2417 κτιζόμενον(14)

234 2438 449 2497 ἀπαθῶς
504 2433 626 2489 οἴδα
674 2428 1015 2506 κτιζόμενον.
1075 2432 1140 2491 Ei
1196 2430 1253 2488 δὲ
1297 2434 1372 2507 μὴ
1404 2434 1720 2509 γεγέννηται
1752 2434 1888 2488 κατὰ

234 2526 290 2579 σὲ
319 2525 432 2597 (15)
469 2520 611 2595 μηδὲ
659 2518 865 2577 ἴκτισαι
913 2521 1049 2576 κατὰ
1091 2522 1184 2577 τὸν
1217 2519 1398 2591 ἀληθῆ
1432 2520 1595 2597 λόγον
1630 2523 1762 2595 (16),
1798 2517 1885 2576 δέ·

237 2612 317 2682 ξαι
347 2616 444 2666 τοῦ
476 2609 644 2687 λόγου
676 2632 759 2665 σοι
788 2611 851 2665 τὸ
882 2609 1225 2683 λειπόμενον,
1265 2611 1294 2664 ὁ
1328 2614 1525 2684 μικροῦ
1554 2611 1616 2665 τὸ
1640 2608 1759 2665 Ἱσον
1796 2609 1885 2666 λέ-

235 2721 347 2774 γειν
377 2698 603 2773 τολμῶν
638 2697 727 2754 διὰ
752 2702 849 2769 τῆς
880 2700 1255 2775 προσηγορίας
1286 2704 1384 2754 τοῦ
1413 2698 1707 2772 κτίσματος
1750 2702 1884 2771 (17).

242 2788 339 2843 Σοὶ
375 2788 468 2861 μὲν
502 2789 592 2843 οὖν
626 2785 779 2843 οὐδὲν
822 2788 1262 2864 ἀνεπιχείρητον,
1296 2785 1421 2842 οὐδὲ
1461 2786 1775 2861 ἀτόλμητον
1808 2791 1887 2859 τῷ

240 2882 389 2949 κακῷ
443 2873 713 2953 βραϐευτῇ
772 2876 861 2930 καὶ
920 2875 1175 2947 διαιτητῇ
1218 2884 1323 2946 τῆς
1350 2876 1642 2947 Θεότητος·
1695 2876 1886 2952 οὐγὰρ

250 2966 397 3041 εἶχες
447 2965 634 3027 ἄλλως
685 2963 1013 3037 εὐδοκιμεῖν,
1058 2965 1093 3034 ἥ
1148 2964 1353 3038 μακρὰν
1411 2960 1695 3020 ἰκϐἀλλιην
1759 2966 1884 3020 Θεὸν

250 3052 578 3125 δεσποτείας,
625 3052 805 3128 ὥσπερ
838 3053 1054 3109 ἐνταῦθα
1102 3054 1155 3108 οἱ
1205 3054 1510 3126 τυραννικοὶ
1539 3053 1630 3108 τὸν
1662 3053 1886 3129 τρόπον,

250 3145 338 3198 καὶ
396 3142 769 3199 πλεονεκτικοὶ
816 3142 942 3205 τοὺς
990 3142 1420 3217 ἀσθενεστέρους.
1480 3144 1618 3219 Ἐγὼ
1665 3140 1721 3197 δὲ
1763 3143 1886 3214 μίαν

247 3234 452 3310 φωνὴν,
478 3233 577 3300 τήν
610 3231 775 3300 αὐτὴν
804 3231 891 3285 καὶ
943 3231 1203 3303 σύντομον
1253 3230 1575 3308 φθέγξομαι.
1623 3230 1783 3307 Τριὰς
1813 3231 1887 3294 ὡς

247 3320 470 3391 ἀληθῶς
502 3323 536 3389 ἡ
583 3320 767 3395 Τριὰς,
808 3318 1054 3397 ἀδελφοί.
1113 3320 1273 3395 Τριὰς
1321 3317 1398 3384 δὲ,
1445 3320 1506 3374 ού
1557 3319 1889 3395 πραγμάτων

244 3410 441 3465 ἀνίσων
470 3412 583 3483 (18)
626 3409 998 3484 ἀπαρίθμησις
1048 3408 1102 3479 (ἦ
1154 3408 1206 3463 τί
1254 3407 1481 3479 κωλύει,
1522 3409 1612 3463 καὶ
1673 3405 1887 3480 δεκάδα,

246 3498 335 3552 καὶ
367 3495 711 3569 ἕκατοντάδα,
742 3498 831 3552 καὶ
890 3495 1123 3574 μυριάδα
1172 3497 1456 3571 ὀνομάζειν
1514 3499 1646 3571 μετὰ
1697 3497 1888 3553 τοσού-

242 3607 351 3642 των
385 3588 801 3661 συντιθεμὲνην;
837 3585 1023 3642 πολλὰ
1052 3588 1152 3663 γὰρ
1202 3590 1268 3642 τὰ
1322 3587 1696 3661 ἀριθμούμενα
1752 3589 1890 3666 (19),

245 3675 334 3729 καὶ
394 3674 569 3731 πλείω
625 3675 874 3749 τούτων),
931 3675 1055 3732 ἀλλ’
1082 3674 1217 3731 ’ίσων
1250 3676 1338 3730 καὶ
1370 3677 1653 3749 ὁμοτίμων
1688 3677 1893 3749 σύλλη-

244 3768 355 3839 ψις,
394 3765 619 3836 ἐνούσης
651 3772 748 3834 τῆς
776 3765 1157 3839 προσηγορίας
1187 3766 1253 3818 τὰ
1282 3765 1537 3836 ἡνωμένα
1568 3765 1628 3819 ἐκ
1663 3764 1892 3842 φύσεως,

244 3853 334 3907 καὶ
366 3852 466 3906 οὐκ
517 3853 692 3922 ἐώσης
740 3849 1091 3921 σκεδασθῆναι
1146 3852 1361 3928 ἀριθμῷ
1411 3850 1662 3925 λυομένῳ
1713 3854 1781 3907 τὰ
1815 3854 1889 3926 μή

247 3939 507 4013 λυόμενα.

1995 2344 2191 2417 ﬁngis,
2233 2360 2340 2416 ego
2386 2360 2620 2416 quoque
2676 2343 2828 2399 idem
2887 2343 3045 2399 circa
3099 2345 3454 2401 creationem
3503 2344 3650 2402 mihi

1996 2434 2238 2505 ﬁngam.
2272 2431 2418 2487 Nam
2467 2449 2540 2488 ne
2587 2433 2644 2487 id
2698 2432 2959 2504 quidem,
3012 2433 3170 2505 quod
3218 2438 3471 2504 creatur,
3504 2434 3651 2492 citra

1997 2520 2332 2593 passionem
2381 2524 2631 2576 creatur.
2684 2520 2843 2587 Quod
2899 2521 2949 2576 si
3000 2537 3106 2577 nec
3155 2521 3390 2594 genitus
3440 2526 3552 2592 est,
3584 2527 3651 2580 ut

2000 2609 2124 2682 ipse
2154 2609 2357 2678 sentis,
2391 2625 2496 2665 nec
2527 2614 2782 2679 creatus,
2815 2610 2972 2682 quod
3022 2611 3236 2667 veritas
3263 2610 3458 2679 sentit,
3491 2612 3648 2684 quod

1996 2698 2101 2753 tibi
2135 2697 2429 2770 reliquum
2461 2703 2569 2763 est,
2602 2698 2820 2769 accipe,
2855 2698 2957 2769 qui
2992 2715 3094 2771 per
3122 2704 3398 2755 creaturae
3435 2717 3648 2757 nomen

1999 2805 2065 2844 eo
2096 2804 2241 2859 pene
2272 2788 2527 2843 audaciae
2569 2789 2925 2859 prorumpis,
2957 2792 3022 2843 ut
3051 2787 3207 2843 idem
3260 2788 3442 2844 dicas.
3473 2791 3552 2844 Ac
3584 2794 3648 2844 tu

1998 2878 2259 2948 quidem,
2294 2876 2445 2931 male
2492 2877 2729 2932 deitatis
2767 2877 2952 2947 judex
2998 2880 3174 2948 atque
3220 2878 3458 2946 arbiter,
3501 2877 3647 2934 nihil

1999 2967 2349 3021 intentatum
2399 2964 2702 3037 relinquis,
2735 2964 2879 3020 nihil
2928 2981 3044 3020 non
3073 2966 3287 3034 audes;
3322 2984 3437 3022 non
3487 2966 3646 3023 enim

1999 3054 2114 3109 alia
2142 3054 2364 3109 ratione
2394 3070 2604 3109 nomen
2637 3059 2805 3109 tuum
2838 3053 3133 3111 illustrare
3179 3059 3434 3127 poteras,
3467 3072 3646 3128 quam

1998 3144 2143 3207 si,ut
2164 3142 2262 3215 qui
2285 3142 2606 3212 tyrannicis
2633 3147 2771 3198 sunt
2798 3144 3080 3212 moribus,
3112 3148 3289 3216 atque
3319 3146 3391 3200 ad
3425 3144 3646 3202 alienas

1998 3231 2305 3289 facultates
2354 3230 2684 3303 eripiendas
2732 3232 3027 3303 propensi,
3060 3232 3409 3289 inﬁrmiores
3457 3233 3645 3289 homi-

1998 3338 2123 3389 nes,
2156 3322 2357 3376 eodem
2389 3326 2452 3375 tu
2502 3337 2734 3392 quoque
2766 3321 2937 3375 modo
2974 3322 3154 3377 Deum
3208 3322 3280 3377 ab
3315 3321 3559 3394 imperio
3590 3326 3648 3378 et

1998 3409 2395 3467 dominatione
2423 3408 2621 3480 procul
2654 3410 3050 3465 eubmoveres.
3072 3410 3189 3482 Ego
3218 3417 3439 3478 contra,
3470 3427 3647 3467 unam

1997 3515 2216 3567 vocem,
2249 3514 2497 3569 eamque
2524 3499 2753 3555 brevem
2786 3503 2844 3555 et
2888 3499 3384 3571 compendiosum,
3438 3500 3646 3568 habeo,

2004 3587 2261 3643 Trinitas
2292 3603 2421 3643 vere
2469 3587 2726 3644 Trinitas
2756 3594 2865 3657 est,
2901 3590 3127 3646 fratres.
3174 3589 3432 3646 Trinitas
3481 3604 3651 3661 porro

2010 3695 2124 3732 non
2155 3676 2532 3747 inmqualium
2568 3693 2760 3733 rerum
2789 3677 3151 3735 enumeratio
3181 3682 3270 3734 est
3298 3676 3461 3749 (quid
3494 3676 3651 3733 enim

2001 3764 2220 3835 alioqui
2254 3765 2576 3836 prohibeat,
2610 3765 2772 3836 quin,
2805 3772 2863 3822 et
2892 3766 3193 3833 decadem,
3215 3770 3273 3821 et
3302 3764 3649 3834 centuriam,

2000 3872 2067 3909 ac
2099 3853 2419 3924 myriadem
2451 3853 2911 3921 nominemus,si
2942 3871 3077 3911 cum
3108 3858 3192 3910 tot
3222 3854 3484 3911 numeris
3500 3870 3658 3910 com-

2003 3942 2301 4013 ponatur?
2332 3940 2514 3996 Multa
2543 3941 2780 4014 quippe,
2808 3943 3110 4014 multoque
3140 3942 3234 3999 his
3264 3942 3432 4014 plura
3459 3942 3518 3999 in
3551 3959 3659 3999 nu-

245 4046 474 4085 merum
507 4030 773 4101 cadunt);
807 4030 907 4086 sed
942 4031 1251 4101 aequalium
1284 4035 1340 4086 et
1371 4030 1590 4087 honore
1622 4032 1851 4102 parium
1899 4030 2244 4103 complexio,
2275 4046 2408 4085 cum
2442 4028 2667 4086 scilicet
2697 4047 2907 4087 nomen
2938 4046 3025 4099 ea,
3058 4047 3188 4103 quae
3237 4035 3446 4088 natura
3493 4033 3659 4089 unita

248 4123 409 4186 sunt,
442 4123 771 4185 connectat,
805 4135 929 4186 nec,
964 4137 1092 4191 quas
1122 4120 1473 4175 solutionem
1506 4121 1795 4189 nesciunt,
1830 4121 2120 4177 deﬂuente
2151 4134 2396 4174 numero
2427 4118 2704 4191 dissipari
2734 4120 2908 4175 sinat.

316 4212 417 4283 ΙΔῘ.
451 4205 609 4263 Οὕτω
641 4210 966 4283 φρονοῦμεν,
997 4207 1086 4261 καὶ
1118 4206 1293 4269 οὕτως
1316 4205 1537 4282 ἔχομεν,
1572 4206 1710 4262 ὥστε
1740 4207 1891 4271 ὅπως

247 4284 344 4356 μὶν
380 4282 495 4361 ἔχει
527 4282 836 4359 ταῦτα
879 4286 1014 4362 πρὸς
1062 4285 1285 4357 ἄλληλα
1315 4285 1555 4362 σχέσεώς
1583 4308 1642 4342 τε
1671 4287 1760 4342 καὶ
1798 4289 1891 4343 τά·

248 4373 401 4444 εεως,
433 4373 569 4447 αὐτῇ
605 4373 742 4448 μόνῃ
769 4377 839 4448 τῇ
864 4373 1050 4447 Τριάδι
1082 4381 1383 4452 συγχωρεῖν
1434 4373 1631 4431 εἰδέναι
1662 4375 1752 4431 καὶ
1810 4376 1891 4439 οἶς

243 4460 306 4516 ἂν
334 4464 369 4531 ἡ
402 4462 569 4537 Τριὰς
600 4460 930 4538 ἀποκαλύψῃ
957 4463 1403 4541 κεκαθαρμένοις,
1434 4462 1470 4533 ἤ
1497 4470 1612 4537 νῦν,
1659 4463 1695 4535 ἥ
1743 4465 1893 4521 ὕστε-

245 4570 339 4625 ρον
368 4570 381 4584 ⁸
434 4550 589 4606 αὐτοὶ
642 4548 702 4606 δὲ
761 4551 884 4625 μίαν
916 4551 1007 4608 xui
1030 4554 1129 4623 τήν
1162 4552 1327 4623 αὐτὴν
1361 4550 1554 4609 εἰδέναι
1586 4554 1741 4632 φύσιν
1775 4555 1893 4611 θεό-

241 4660 433 4709 τητος,
494 4638 739 4716 ἀνάρχῳ,
795 4641 886 4696 καὶ
936 4645 1205 4717 γεννήσει,
1249 4641 1339 4697 καὶ
1378 4641 1603 4719 προόδῳ
1633 4650 1894 4720 γνωριζο-

247 4728 442 4801 μένην,
496 4728 573 4791 ὡς
626 4732 704 4801 νῷ
755 4733 836 4803 τῷ
893 4728 944 4785 έν
994 4733 1156 4805 ἡμῖν,
1185 4730 1275 4785 καὶ
1306 4728 1477 4808 λόγῳ,
1507 4731 1596 4787 καὶ
1626 4732 1894 4808 πνεύματι

317 4934 432 5007 (11)
488 4937 925 5013 Ἀφαιρουμένῳ,
981 4938 1161 5013 Rogg.
1219 4939 1341 5009 bm,
1400 4939 1506 5009 hu,
1565 4938 1903 5018 ὑφαίρουμέ-

243 5026 431 5222 έέἶξῖ)
464 5075 629 5151 "Exn.
675 5078 768 5135 Sic
817 5080 996 5154 R888.
1028 5082 1152 5154 bm,
1183 5081 1288 5153 hu,
1321 5085 1379 5138 et
1426 5082 1522 5139 Or.
1577 5085 1627 5139 1.
1673 5085 1737 5141 In
1786 5087 1903 5159 ed.,

322 5218 438 5361 (13)
466 5216 540 5305 Τό
578 5216 880 5342 γινόμενον,
914 5222 1087 5278 Cois].
1122 5224 1173 5287 1.
1202 5221 1265 5276 τὸ
1297 5219 1605 5296 διδόμενον.

349 5289 412 5342 14
470 5284 580 5345 υυδ
668 5290 771 5361 γὰρ
828 5291 891 5346 τὸ
943 5292 1285 5361 κτιζόμενον.
1336 5297 1642 5353 Combeﬁsi

281 5284 435 5374 “(Mi
470 5284 634 5374 υῦδὲ,
668 5284 891 5374 γὲιρ,τὸ
943 5284 1723 5374 κτιζόμενονηϐοᾲώεῆεἱυε
1780 5317 1905 5356 var-

250 5360 423 5439 tit':§«
460 5376 549 5439 ne”
578 5360 636 5416 id
671 5360 907 5439 quidem
963 5360 1117 5439 quod
1167 5371 1344 5439 creat,
1376 5368 1523 5423 citra
1572 5370 1905 5439 passionem

248 5436 482 5514 creat.»
514 5435 802 5491 Craterum
852 5437 910 5491 id
961 5435 1151 5494 Fusius
1199 5438 1259 5493 in
1306 5438 1403 5494 Or.
1433 5456 1506 5495 xx
1538 5435 1612 5497 De
1659 5442 1909 5515 dogmate

248 5502 597 5560 explicatur.

350 5573 786 5653 Lalfsyévintut
808 5576 954 5653 xu1&_
973 5576 1047 5653 σέξ
1078 5578 1173 5653 Sic
1203 5580 1373 5653 codd.
1406 5582 1493 5638 Ita
1523 5580 1665 5653 legit
1693 5601 1760 5641 ac
1788 5602 1910 5644 ver-

246 5645 328 5704 ιίι
356 5645 589 5706 Billius.
621 5646 796 5706 Deest
830 5648 968 5704 κατὰ
997 5647 1054 5704 σέ
1080 5650 1141 5708 in
1172 5651 1266 5709 ed.

575 5773 839 5839 Panos.
887 5778 998 5841 Gn.
1044 5778 1287 5841 XXXV.

2075 4208 2166 4263 Xl.
2200 4207 2293 4263 Sic
2323 4207 2724 4276 sentimus,sic
2755 4208 2950 4264 animo
2979 4208 3170 4264 affecti
3201 4226 3428 4279 sumus,
3460 4209 3546 4266 ita
3572 4213 3661 4267 ta-

2001 4314 2159 4365 men,
2191 4300 2276 4367 ut,
2335 4312 2514 4367 quam
2576 4296 2917 4353 relationem
2973 4302 3152 4370 atque
3208 4298 3477 4354 ordinem
3536 4299 3658 4355 hanc

2003 4385 2154 4441 inter
2208 4401 2269 4442 se
2326 4384 2599 4457 habeant,
2631 4385 2900 4442 Trinitati
2959 4386 3072 4457 ipsi
3129 4386 3259 4455 soli,
3290 4404 3357 4443 ac
3414 4392 3663 4459 purgata

2003 4480 2198 4530 mente
2240 4474 2603 4543 hominibus,
2634 4475 2872 4545 quibus,
2905 4475 2992 4531 vel
3040 4474 3100 4531 in
3155 4476 3263 4532 hac
3315 4476 3452 4544 vita,
3482 4475 3570 4533 vel
3601 4476 3663 4531 in

2003 4567 2303 4634 posterum
2356 4562 2616 4619 Trinitas
2664 4564 2723 4618 id
2773 4564 3127 4635 patefecerit,
3163 4565 3521 4622 noscendum
3570 4580 3660 4622 re-

2002 4651 2362 4724 linquamus.
2396 4651 2513 4707 Nos
2566 4656 2761 4708 autem
2794 4669 2973 4708 unam
3022 4658 3080 4709 et
3108 4654 3376 4711 eamdem
3425 4654 3663 4710 deitatis

2006 4747 2278 4797 naturam
2326 4745 2653 4808 teneamus,
2708 4758 2835 4814 quas
2888 4759 2957 4798 ex
3005 4743 3275 4816 principii
3322 4749 3576 4816 experte,
3608 4744 3669 4800 et

2085 4948 2199 5021 (16)
2229 4946 2375 5023 [fatu
2403 4946 2491 5023 τὸν
2540 4947 2727 5023 ἀΛηθῆ
2774 4945 2958 5023 Λόγον.
3008 4950 3099 5006 Sio
3148 4954 3286 5023 Reg.
3337 4949 3439 5023 bu,
3491 4948 3664 5007 Coisl.

2017 5020 2372 5101 1,,οῐομΗωο
2404 5020 2620 5076 desunt
2664 5020 2725 5075 iu
2757 5020 2919 5087 edit,
2954 5020 3287 5093 quamvis'a
3315 5021 3483 5079 Billio
3531 5023 3664 5080 red-

2013 5094 2198 5232 “(in
2230 5158 2557 5235 Kr‘tcputoc.
2590 5160 2766 5235 Coisl,
2800 5162 2824 5217 1
2875 5162 3056 5233 addit,
3089 5161 3173 5217 ὁτι
3227 5158 3368 5235 μηδὶ
3414 5158 3544 5217 εἷ’δει
3594 5159 3669 5217 lvi

2014 5230 2485 5305 κατασκευάζεται,
2534 5255 2562 5283 ‹‹
2616 5233 2771 5306 quod
2830 5249 2936 5289 nec
2996 5230 3094 5289 uni
3154 5230 3350 5292 formes
3409 5235 3668 5293 instrua-

2013 5310 2203 5444 tuiig)
2232 5370 2481 5429 Ἀνίσων.
2514 5374 2723 5444 Billius
2755 5391 2767 5429 :
2801 5398 2829 5425 ‹‹
2862 5375 3243 5433 diversarum.
3272 5398 3301 5426 ››

2114 5377 2203 5444 18)
2232 5377 2481 5429 Ἀνισων.
2514 5377 2723 5429 Billius
2755 5391 2767 5429 :
2801 5398 2829 5425 ‹‹
2862 5377 3243 5433 diversarum.
3272 5398 3301 5426 ››

2088 5377 2201 5527 (19)
2238 5445 2326 5527 re.
2349 5442 2747 5527 ἀριθμούμενα.
2778 5448 2870 5502 Sic
2899 5447 3078 5521 Regg.
3114 5451 3234 5518 bm,
3268 5449 3370 5520 hu,
3401 5452 3458 5505 et
3485 5447 3581 5506 0r.
3617 5447 3671 5504 1.

2016 5517 2190 5575 Deest
2217 5518 2284 5571 τά
2314 5517 2371 5572 in
2389 5517 2542 5573 'edit.
2600 5517 2604 5519 ⁷
2988 5517 3052 5521 ’⁷
3221 5517 3227 5518 “
3354 5517 3363 5520 ⁷

2088 5592 2204 5664 (20)
2231 5589 2414 5665 Ἔχει.
2448 5590 2535 5646 Ita
2563 5592 2705 5663 Reg.
2736 5588 2840 5663 hu,
2872 5592 2930 5648 et
2960 5591 3056 5648 Or.
3091 5592 3141 5647 1.
3172 5590 3305 5663 Alii,
3337 5586 3461 5667 ἔχῃ.

3265 5789 3341 5856 31
