4056 6274
476 362 630 427 1163

1713 366 1777 430 S.
1826 368 2195 432 GREGOBII
2243 368 2637 436 THEOLOGI

3721 383 3845 450 1164

472 501 859 572 generatione,
907 505 962 558 et
1010 500 1379 573 processione
1425 503 1783 574 agnoscitur,
1840 505 2102 575 quemad‘

2234 501 2379 573 (ὅσον
2411 503 2615 559 εἰκάσαι
2660 512 2777 568 τοῖς
2826 508 3106 578 αἰσθητοῖς
3155 511 3221 564 τὰ
3271 512 3457 583 νοητὰ,
3504 516 3593 568 καὶ
3635 523 3739 580 τοῖς
3769 541 3850 591 μι-

471 591 711 646 modum
741 591 797 645 id
850 591 1003 662 quod
1039 590 1205 646 nobis
1252 591 1424 658 inest,
1467 597 1680 659 mente,
1731 608 2019 658 sermone,
2055 609 2120 646 ac

471 681 681 753 Spiritu
715 681 868 737 432
901 679 1248 752 intelligitur
1278 680 1585 752 (quantum
1619 681 1855 752 quidem
1887 698 1952 735 ex
1986 698 2118 737 sen-

466 769 759 840 sibilibus,
793 786 881 838 ea,
913 787 1040 841 qua;
1090 770 1284 824 animo
1317 774 1373 824 et
1416 771 1638 824 ratione
1686 769 2115 842 intelliguntur,

463 864 639 931 atque
671 875 737 915 ex
769 859 960 931 parvis
995 858 1248 913 maxima
1279 857 1564 926 coniicere
1595 875 2119 929 possumus,quan-

461 948 777 1019 doquidem
832 947 991 1003 nulla
1024 947 1211 1018 imago
1260 948 1561 1002 veritatem
1615 947 1848 1018 assequi
1881 949 2114 1019 potest),

460 1036 648 1109 ipsam
701 1054 899 1092 secum
933 1036 1300 1103 concordem,
1353 1052 1583 1106 semper
1633 1037 1924 1103 eamdem,
1960 1052 2113 1091 sem-

460 1143 564 1199 per
617 1127 952 1198 perfectam,
1014 1124 1338 1198 qualitatis,
1406 1126 1774 1195 quantitatis,
1834 1125 2117 1196 temporis

461 1221 776 1287 expertem,
809 1215 1172 1277 'increatam,
1214 1218 1388 1284 atque
1435 1212 1749 1281 ejusmodi,
1802 1217 1865 1267 ut
1914 1230 2016 1268 nec
2065 1214 2117 1268 ei

459 1305 786 1377 quidquam
836 1320 1098 1375 unquam
1146 1303 1416 1368 del'uerit,
1467 1318 1571 1356 nec
1615 1302 1954 1357 defuturum
2015 1302 2110 1369 sit,

458 1392 1132 1466 incomprehensibilem,
1166 1408 1470 1462 nunquam
1503 1408 1565 1446 se
1596 1391 1983 1457 deserentem,
2008 1407 2115 1445 nec

459 1483 823 1539 deserturam
848 1499 862 1538 :
885 1482 1127 1552 vitasﬁet
1153 1480 1355 1550 vitam,
1379 1479 1608 1533 lumina
1632 1482 1687 1534 et
1716 1478 1939 1545 lumen,
1963 1479 2115 1534 bona

458 1575 517 1628 et
544 1572 787 1641 bonum,
821 1570 1038 1643 glorias
1068 1573 1125 1624 et
1152 1569 1422 1641 gloriam,
1454 1583 1655 1623 verum
1705 1572 1762 1623 et
1788 1568 2110 1633 veritatem,

460 1678 527 1718 ac
557 1660 831 1733 spiritum
860 1658 1144 1727 veritatis,
1176 1662 1378 1713 sancta
1409 1660 1465 1712 et
1492 1657 1806 1729 ipsammet
1835 1657 2111 1713 sanctita-

457 1756 577 1808 tem
608 1771 619 1807 :
658 1754 837 1807 Deum
870 1749 1402 1822 unumquodque,si
1435 1749 1748 1820 separatim
1781 1749 2111 1805 considere-

459 1846 575 1907 tur,
631 1845 821 1896 mente
869 1838 1156 1906 videlicet,
1188 1855 1255 1893 ea
1304 1856 1430 1910 quae
1480 1838 1738 1909 separari
1790 1843 2108 1909 nequeunt,

465 1888 575 1907 "-‘v
631 1888 820 1896 ’κν-’σν
881 1888 1156 1906 ἠ’-υτ*-ι
1192 1888 1255 1893 ν*-
1308 1888 1426 1910 1—"
1481 1888 1738 1909 "r"—'"-
1790 1888 2108 1909 "'1“"‘"'1

458 1934 768 2002 separante
798 1948 811 1985 :
839 1933 1017 1983 Deum
1050 1945 1257 1983 rursus
1288 1926 1406 1981 haec
1438 1927 1632 1994 tria,si
1668 1927 1904 1997 quidem
1938 1922 2115 1981 simul
2145 1888 2191 1951 Β

456 2019 966 2090 intelligantur,0b
998 2018 1271 2072 eumdem
1306 2021 1529 2070 motum
1560 2019 1616 2070 et
1648 2016 1912 2069 eamdem
1942 2020 2106 2069 natu-

456 2125 581 2163 ram
618 2125 631 2161 :
666 2123 793 2162 eam
846 2108 1129 2161 rationem
1179 2105 1515 2169 habentem,
1551 2108 1615 2157 ut
1664 2120 1769 2157 nec
1824 2121 1999 2174 supra
2049 2120 2109 2158 se

458 2197 782 2268 quidquam
817 2195 1134 2266 reliquerit,
1167 2199 1267 2249 aut
1307 2192 1462 2247 aliud
1498 2193 1823 2263 quidquam
1876 2209 2110 2262 supera-

458 2287 569 2354 rit;
606 2285 749 2340 nihil
783 2284 935 2339 enim
970 2288 1131 2339 erat:
1169 2299 1273 2337 nec
1303 2299 1509 2337 rursus
1540 2281 1861 2352 quidquam
1897 2285 2028 2351 post
2049 2296 2110 2335 se

456 2375 729 2430 relictura
761 2377 863 2429 aut
908 2376 1259 2444 superatura
1286 2371 1364 2426 sit
1397 2396 1410 2437 ς
1443 2369 1587 2425 nihil
1637 2369 1791 2425 enim
1844 2370 2105 2424 futurum

455 2470 545 2519 est
576 2481 589 2531 ;
625 2480 729 2518 nec
760 2462 1011 2533 denique
1043 2476 1241 2516 secum
1294 2459 1509 2529 aliquid
1542 2457 1761 2529 aequale
1793 2458 2105 2526 admittat;

456 2550 601 2608 nihil
635 2550 791 2606 enim
823 2554 911 2605 est
941 2566 1009 2603 ex
1039 2548 1313 2603 omnibus
1345 2548 1520 2603 rebus
1553 2546 1784 2612 creatis,
1818 2550 1875 2600 et
1901 2546 2104 2616 servis,

456 2646 512 2695 et
544 2639 1051 2713 participantibus,
1086 2654 1152 2692 ac
1181 2634 1661 2707 circumscriptis,
1695 2636 1849 2705 quod
1882 2634 2103 2689 increa-

456 2737 576 2785 tam
626 2729 812 2795 illam,
867 2733 924 2783 et
975 2727 1297 2794 dominam,
1332 2728 1387 2779 et
1443 2723 1876 2795 participatam,
1933 2729 2106 2793 atque

456 2814 747 2874 inﬁnitam
797 2825 1065 2873 naturam
1106 2818 1475 2884 assequatur.
1508 2812 1726 2867 Verum
1776 2812 1888 2867 alia
1934 2812 2104 2882 longo

2228 598 2381 666 κροῖς
2410 597 2476 646 τὰ
2505 600 2753 669 μέγιστα,
2791 596 2991 666 ἐπειδὴ·
3012 596 3257 673 μηδεμία
3306 601 3462 657 εἰκὼν
3515 605 3689 680 φθάνει
3736 610 3849 678 πρὸς

2225 682 2324 749 τὴν
2382 680 2683 756 ἀληθειαν),
2744 683 2908 754 αὐτὴν
2960 687 3122 761 ἑαυτῇ
3182 685 3599 765 συμϐαίνουσαν,
3649 694 3722 749 ἀεὶ
3761 700 3845 767 τὴν

2227 767 2413 837 αὐτὴν,
2469 771 2547 824 ἀεὶ
2598 771 2829 842 τελείαν,
2891 776 3101 845 ἄποιον,
3166 779 3388 847 ἅποσον,
3436 778 3689 856 ἄχρονον,
3720 783 3846 840 ἄκτι-

2228 876 2373 946 στον,
2437 856 2834 932 ἀπερίληπτον,
2909 860 3105 918 οὔποτε
3151 863 3436 921 λείπουσαν
3489 871 3602 943 (21)
3657 872 3847 946 ἑαυτῆς,

2227 941 2349 998 οὔτε
2383 946 2668 1019 λείψουσαν
2698 970 2709 982 ο
2747 953 2885 1017 ζωὰς
2918 952 3004 1006 καὶ
3035 954 3202 1026 ζωήν,
3239 960 3393 1033 φῶτα
3421 941 3509 1012 καὶ
3559 941 3689 1036 φῶς,
3736 941 3851 1037 alia;

2226 1033 2291 1096 θα
2342 1033 2429 1088 καὶ
2479 1034 2699 1111 ἀγαθὸν,
2747 1035 2899 1108 δόξας
2950 1042 3037 1095 καὶ
3088 1039 3265 1113 δόξαν,
3316 1033 3579 1115 ἀληθινὸν.
3618 1033 3851 1122 καὶάλη-

2225 1133 2389 1191 θειαν,
2424 1124 2511 1177 καὶ
2558 1131 2771 1198 πνεῦμα
2811 1129 2909 1196 τῆς
2960 1129 3237 1200 ἀληθείας,
3298 1135 3427 1208 ἅγια
3473 1136 3561 1190 καὶ
3594 1137 3853 1213 αὐτοαγιό-

2221 1232 2359 1281 τητα
2383 1231 2395 1243 ·
2431 1214 2558 1267 Θεὸν
2589 1211 2832 1284 ἕκαστον,
2866 1216 2924 1271 ἃν
2960 1227 3227 1294 θεωρῆται
3265 1221 3452 1293 μόνον,
3478 1229 3578 1278 τοῖ’)
3617 1231 3705 1279 νοῦ
3748 1211 3850 1301 γω-

2225 1301 2470 1376 ρίζοντος
2501 1304 2566 1356 τὰ
2595 1303 2914 1380 ἀχώριστα*
2966 1309 3091 1366 Θεὸν
3143 1311 3207 1363 τὰ
3252 1312 3396 1384 τρία,
3447 1320 3560 1384 μετ’
3606 1314 3852 1386 ἀλλήλων

2222 1388 2486 1481 νοούμενα
2537 1396 2614 1462 τῷ
2669 1399 2848 1466 ταυτῴ
2894 1403 2992 1464 τῆς
3039 1400 3303 1468 κινήσεως
3351 1401 3441 1455 καὶ
3489 1409 3588 1471 τῆς
3622 1406 3850 1481 φύσεως’

2223 1476 2344 1533 οὕτε
2367 1479 2497 1555 ὑπὲρ
2530 1480 2722 1550 ἑαυτήν
2753 1503 2804 1536 τι
2849 1484 3275 1556 καταλιποῦσαν,
3409 1476 3706 1567 ὑπερϐᾶσαν
3757 1494 3857 1550 ἄλ-

2223 1563 2289 1618 λο
2318 1586 2403 1619 τι·
2438 1567 2498 1620 οὐ
2530 1569 2633 1643 γὰρ
2666 1571 2727 1637 ἦν
2756 1588 2768 1602 ⁸
2815 1568 2938 1626 οὔτε
2990 1575 3105 1645 μεθ’
3163 1577 3356 1647 ἑαυτήν
3405 1599 3456 1632 τι
3512 1563 3852 1656 καταλείψου-

2222 1675 2314 1708 σαν
2363 1658 2496 1725 (22),
2653 1654 3139 1734 ὑπερϐησομένην·
3203 1664 3301 1719 οὐκ
3358 1664 3501 1722 ἔσται
3559 1669 3693 1745 γάρ·
3741 1654 3854 1727 οὕτε

2225 1744 2340 1836 μεθ’
2392 1743 2585 1836 ἑαυτῆς
2642 1767 2691 1800 τι
2761 1747 3219 1825 παραδεχομὲνην
3281 1743 3588 1829 ὁμότιμονέ
3632 1743 3710 1813 Ἵού
3757 1760 3853 1836 γὰρ

2221 1832 2510 1910 ἐφικνεῖταί
2579 1857 2631 1888 τι
2698 1840 2805 1890 τῶν
2854 1845 3107 1906 κτιστῶν,
3156 1841 3246 1895 καὶ
3298 1840 3533 1914 δούλων,
3592 1847 3679 1901 καὶ
3737 1832 3856 1920 μετ’·

2228 1922 2485 1997 εχόντων,
2536 1924 2623 1977 καὶ
2682 1933 3062 2003 περιγραπτῶν
3094 1937 3192 1999 τῆς
3228 1932 3499 2007 ἀκτίστου,
3530 1936 3619 1990 καὶ
3678 1935 3856 1993 δεσπο-

2225 2019 2402 2079 τικῆς,
2437 2013 2525 2065 καὶ
2569 2013 2977 2086 μεταληπτικῆς
3030 2020 3163 2092 (23),
3212 2021 3301 2075 καὶ
3355 2022 3581 2099 ἀπείρου
3635 2026 3854 2103 φύσεως.

2218 2100 2291 2153 Τὰ
2337 2102 2430 2173 μὲν
2480 2102 2581 2177 γὰρ
2631 2103 2803 2173 πάντη
2856 2105 3066 2181 πόρρω,
3096 2109 3164 2162 τὰ
3195 2106 3252 2163 δὲ
3282 2117 3463 2173 ποσῶς
3493 2100 3855 2184 πλησιάζοντα

2218 2190 2305 2243 καὶ
2336 2188 2708 2259 πλησιάσοντα
2733 2210 2744 2222 ·
2796 2194 2885 2247 καὶ
2937 2200 3102 2250 τοῦτο
3142 2196 3203 2251 οὗ
3237 2199 3411 2276 φύσει,
3445 2201 3591 2257 ἀλλὰ
3633 2209 3859 2276 μεταλή-

2218 2282 2328 2351 ψει,
2385 2279 2475 2333 καὶ
2533 2281 2751 2351 πηνίκα,
2804 2283 2926 2336 ὃταν
2976 2287 3038 2338 τὸ
3089 2283 3377 2343 δουλεῦσαι
3426 2294 3538 2365 (24)
3568 2292 3747 2355 καλῶς
3794 2300 3857 2365 τῇ

2216 2365 2423 2438 Τριάδι,
2455 2369 2585 2444 ὑπὲρ
2616 2372 2714 2438 τὴν
2741 2368 2985 2427 δουλείαν
3020 2374 3240 2449 γένηται
3269 2396 3281 2408 ·
3317 2377 3465 2453 εἷ’περ
3594 2356 3859 2439 καὶτοῦτο

2219 2456 2345 2545 αὐτὸ
2398 2460 2448 2545 ἠᾼ
2486 2457 2761 2535 ἐλευθερία
2819 2462 2909 2514 ’καὶ
2971 2465 3005 2530 ἡ
3056 2462 3303 2538 βασιλεία
3358 2469 3495 2542 (25),
3552 2471 3613 2524 τὸ
3663 2476 3861 2545 γνῶναι

2216 2544 2397 2608 καλῶς
2435 2543 2766 2624 δεφποτείαν,
2802 2547 2945 2603 ἀλλὰ
2980 2553 3054 2623 μῆ
3090 2554 3274 2629 φύρειν
3322 2556 3387 2609 τὰ
3436 2543 3714 2629 διεστῶτα,
3769 2566 3861 2616 νοῦ

2214 2636 2578 2704 ταπεινότητι.
2616 2637 2711 2699 Οἷς
2763 2634 2819 2691 δὲ
2861 2639 2923 2693 τὸ
2974 2636 3258 2697 δουλεῦσαι
3318 2643 3596 2716 τοσοῧτον,
3651 2648 3861 2722 πηλίκη

2212 2724 2416 2777 τούτων
2452 2727 2485 2792 ἡ
2513 2722 2828 2794 ὃεσποτεία;
2863 2728 2951 2781 καὶ
2985 2729 3028 2783 εἰ
3061 2731 3122 2785 τὸ
3152 2737 3349 2807 γνῶναι
3386 2736 3720 2812 μακαριότης
3750 2742 3866 2813 (26)

2214 2807 2452 2879 πηλίκον
2487 2812 2548 2865 τὸ
2577 2813 2976 2887 γινωσκόμενον
3004 2835 3017 2885 ;

456 2925 698 2979 prorsus
729 2907 801 2961 ab
831 2923 897 2960 ea
928 2903 1233 2959 intervallo
1279 2902 1519 2967 distant,
1555 2900 1668 2955 alia
1717 2900 1954 2971 pr0pius
1989 2901 2421 2970 quodammodo
2473 2903 2542 2955 ad
2594 2920 2719 2958 eam
2771 2906 3077 2971 accedunt,
3110 2914 3285 2979 atque
3336 2928 3645 2969 accessura
3694 2919 3871 2970 sunt:

454 2998 632 3067 idque
664 3012 776 3050 non
811 2996 859 3048 vi
898 2999 1138 3058 naturae,
1173 2992 1273 3046 sed
1305 2990 1525 3061 gratias,
1559 3005 1768 3059 nempe
1799 3006 1928 3042 cum
1962 2990 2214 3043 servitus
2244 2989 2507 3043 'I‘rinitati
2553 2996 2703 3046 recte
2737 2994 3201 3067 praestita,supra
3232 3000 3570 3058 servitutem
3604 3019 3877 3059 assurre-

460 3086 608 3140 xerit
640 3101 653 3140 :
688 3083 800 3138 nisi
832 3089 1023 3137 tamen
1055 3081 1164 3135 hoc
1197 3095 1429 3150 quoque
1458 3078 1654 3149 ipsum
1689 3077 1928 3132 libertas
1959 3082 2014 3131 et
2046 3092 2285 3145 regnum
2308 3082 2415 3139 est,
2450 3078 2910 3136 dominationem
2945 3088 3120 3154 probe
3151 3103 3595 3159 agnoscere,nec
3626 3108 3712 3160 ea,
3740 3109 3873 3163 quas

454 3177 607 3230 inter
636 3190 697 3229 se
727 3172 1001 3228 distincta
1031 3175 1186 3239 sunt,
1221 3184 1322 3239 per
1353 3167 1529 3222 animi
1562 3166 1945 3238 abjectionem
1978 3166 2331 3220 confundere
2363 3182 2429 3220 ac
2468 3166 2835 3235 permiscere.
2876 3172 3044 3227 Porro
3087 3177 3303 3245 quibus
3336 3183 3589 3246 tantum,
3625 3186 3875 3251 tamque

456 3263 845 3319 honorificum
874 3265 964 3316 est
994 3258 1286 3323 serviisse,
1320 3260 1540 3329 quanta
1568 3255 1803 3310 tandem
1837 3254 2046 3309 horum
2079 3254 2401 3309 dominatio
2448 3258 2742 3311 censenda
2784 3260 2920 3314 est?
2954 3262 3019 3316 Et
3050 3278 3181 3317 cum
3215 3266 3469 3337 cognitio
3519 3268 3647 3339 ipsa
3694 3270 3889 3325 beati-

463 3352 606 3407 tudo
638 3352 738 3417 sit,
771 3354 1084 3422 quantum,
1118 3363 1332 3420 quaeso,
1363 3346 1505 3401 illud
1538 3348 1645 3413 est,
1680 3344 1832 3414 quod
1865 3343 2280 3415 cognoscitur?

535 3439 651 3495 ΧΗ.
687 3439 803 3495 Hoc
851 3438 1021 3494 nobis
1053 3452 1330 3508 maguum
1378 3434 1524 3488 illud
1575 3431 1916 3504 mysterium
1951 3431 2109 3500 vult;
2145 3432 2187 3498 C

461 3528 569 3585 hoc
605 3532 805 3584 nostra
836 3528 894 3581 in
924 3527 1247 3595 Patrem,et
1278 3523 1512 3592 Filium,
1542 3528 1598 3578 et
1630 3522 1911 3593 Spiritum
1945 3538 2109 3576 sanc-

456 3622 605 3687 tum,
660 3634 724 3671 ac
772 3632 1083 3671 commune
1132 3630 1366 3679 nomen,
1427 3612 1571 3666 ﬁdes
1619 3617 1674 3665 et
1724 3610 2103 3681 regeneratio,

453 3705 659 3761 atheia:
718 3704 1006 3775 abjuratio
1064 3710 1120 3757 et
1161 3702 1395 3756 deitatis
1453 3698 1757 3754 confessio.
1793 3699 1936 3753 Nam
1997 3700 2105 3754 hoc

448 3810 761 3849 commune
793 3792 936 3847 illud
971 3808 1181 3847 nomen
1214 3795 1321 3845 est.
1356 3788 1634 3852 Quocirca
1664 3789 1841 3840 trium
1878 3787 2101 3858 aliquid

446 3887 839 3946 contemnere,
899 3885 1000 3935 aut
1060 3895 1360 3949 separare,
1423 3876 1849 3931 confessionem
1911 3875 2099 3944 ipsam

443 3975 812 4026 contemnere
860 3974 973 4034 est,
1018 3968 1125 4021 hoc
1175 3972 1280 4033 est,
1317 3964 1839 4036 regenerationem,
1892 3963 2096 4017 divini-

442 4063 644 4126 tatem,
677 4056 1123 4123 deiﬁcationem,
1158 4071 1343 4126 spem.
1382 4053 1582 4107 Videte
1615 4051 1813 4123 qualia
1845 4050 2098 4121 Spiritus

445 4147 637 4215 nobis,
669 4164 798 4203 cum
832 4146 1011 4201 Deum
1046 4146 1237 4216 ipsum
1268 4143 1678 4215 przedicamus,
1701 4139 1980 4211 largiatur
2003 4157 2015 4207 ;
2041 4144 2098 4195 et

441 4237 659 4307 quibus
690 4236 863 4291 rebus
893 4253 999 4291 nos
1031 4233 1291 4299 mulctet,
1317 4248 1447 4285 cum
1479 4230 1777 4301 spernitur
1815 4246 1880 4283 ac
1914 4228 2096 4298 rejici-

441 4332 552 4380 tur.
589 4326 751 4381 Mitto
784 4325 939 4380 enim
971 4324 1162 4378 dicere
1208 4326 1487 4375 terrorem
1519 4324 1692 4389 atque
1736 4319 1889 4373 433
1922 4316 2092 4383 iram,

438 4416 609 4484 cujus
642 4414 819 4469 mina:
849 4429 962 4469 non
993 4413 1052 4467 in
1108 4410 1381 4477 cultores,
1417 4409 1515 4464 sed
1550 4408 1607 4461 in
1660 4411 2091 4477 contemptores

436 4504 844 4560 intenduntur.
862 4512 1051 4575 Atque
1083 4502 1203 4556 haec
1233 4501 1402 4556 nobis
1434 4500 1503 4554 ad
1535 4517 1636 4553 vos
1671 4498 1936 4563 breviter,
1973 4515 2087 4552 non

432 4593 793 4666 disputandi,
844 4594 943 4649 sed
996 4592 1241 4647 docendi
1298 4590 1509 4652 modo,
1544 4604 1657 4641 non
1705 4586 2086 4649 Aristotelico,

427 4683 528 4738 sed
580 4682 928 4754 piscatorio;
974 4697 1087 4735 non
1141 4679 1404 4750 improbe
1455 4692 1519 4730 ac
1567 4675 1929 4741 veteratcrie,
1982 4676 2082 4729 sed

2298 3430 2399 3485 IB'.
2435 3434 2602 3485 Τοῦτο
2634 3434 2768 3504 ἡμῖν
2819 3434 2880 3487 τὸ
2919 3435 3056 3511 μέγα
3096 3442 3393 3516 μυστήριον
3426 3441 3679 3517 βούλεται
3714 3461 3728 3474 ·
3760 3442 3895 3498 τοῦ-

2219 3537 2301 3585 το,
2336 3518 2369 3586 ἡ
2423 3518 2497 3579 εἰς
2556 3519 2784 3595 Πατέρα,
2836 3522 2923 3575 καὶ
2978 3526 3123 3591 Υἱὸν,
3176 3528 3263 3581 καὶ
3314 3531 3466 3604 ἅγιον
3512 3537 3757 3605 Πνεῦμα,
3790 3534 3891 3588 καὶ

2215 3607 2278 3660 τὸ
2335 3607 2516 3660 κοινὸν
2576 3603 2772 3679 ὄνομα,
2822 3609 2999 3673 πίστις
3057 3613 3145 3667 καὶ
3213 3617 3588 3693 ἀναγέννησις,
3646 3620 3885 3697 ἄρνησις

2216 3692 2390 3786 ἀθείας
2608 3695 2697 3749 καὶ
2756 3694 3031 3773 ὁμολογία
3078 3701 3355 3771 θεότητος.
3429 3712 3596 3763 Τοῦτο
3655 3692 3764 3786 γὰρ
3813 3714 3882 3766 τὸ

2212 3783 2388 3836 κοινὸν
2450 3778 2642 3855 ὄνομα.
2705 3787 2865 3840 ’Ὥστε
2918 3787 2979 3842 τὸ
3035 3790 3309 3861 ἀτιμάζειν
3358 3815 3408 3847 τι
3459 3801 3566 3849 τῶν
3626 3778 3803 3873 τριῶν
3842 3800 3879 3871 ἤ

2211 3872 2490 3945 χωρίζειν,
2525 3872 2804 3945 ἀτιμάζειν
2854 3874 2961 3929 ἐστὶ
3009 3880 3107 3945 τὴν
3156 3878 3475 3957 ὁμολογίαν,
3527 3886 3588 3939 τὸ
3637 3872 3735 3958 μὲν
3768 3890 3877 3956 τὴν

2210 3960 2578 4035 ἀναγέννησιν,
2626 3963 2689 4015 τὸ
2742 3961 2796 4016 δὲ
2834 3966 2931 4031 τὴν
2986 3968 3214 4037 Οεὸτητα
3239 3990 3249 4000 ·
3283 3971 3344 4025 τὸ
3383 3972 3475 4044 μὲν
3508 3975 3605 4041 τὴν
3642 3977 3883 4045 Οέιυσιν,

2206 4049 2267 4100 τὸ
2324 4045 2381 4102 δὲ
2431 4051 2530 4117 τὴν
2592 4048 2805 4107 ἐλπίδα.
2866 4054 3051 4128 Ὁρᾶτε
3109 4058 3195 4109 οἷα
3253 4059 3535 4133 χαρίζεται
3605 4066 3746 4134 ἡμῖν
3819 4068 3887 4120 τὸ

2207 4136 2424 4208 Πνεῦμα
2472 4137 2920 4214 Θεολογούμενον,
2972 4142 3057 4197 καῖ
3110 4145 3199 4199 οἵα
3234 4152 3428 4221 ζημιοῖ
3476 4150 3887 4223 ἀθετούμενον.

2207 4226 2311 4279 Ἐῶ
2343 4226 2444 4301 γὰρ
2480 4226 2652 4301 λέγειν
2683 4229 2774 4282 τὸν
2805 4225 2995 4303 φόϐον,
3047 4233 3134 4286 καὶ
3183 4235 3280 4302 τήν
3334 4236 3724 4310 ἠπειλημένην
3787 4243 3889 4318 ὀρ-

2203 4315 2330 4388 γὴν,
2363 4314 2425 4367 οὐ
2448 4320 2564 4375 τοῖ..
2594 4321 2848 4388 τιμῶσιν,
2900 4317 3046 4374 ἀ)λᾶ
3087 4327 3204 4383 τοῖς
3253 4323 3628 4397 ἀτιμάζουσιν.
3686 4314 3883 4386 Ταῦτα

2202 4403 2274 4465 ὡς
2307 4402 2357 4457 ἐν
2395 4403 2627 4493 βραχέσι
2656 4405 3093 4493 πεφιλοσόφηται
3127 4413 3263 4487 πρὸς
3299 4414 3437 4486 ὑμᾶς
3644 4415 3879 4493 δογμα-

2197 4496 2389 4557 τικῶς,
2448 4489 2578 4546 ἀλλ’
2632 4492 2731 4548 οὐκ
2777 4494 3141 4572 ἀντιλογικῶς
3173 4519 3185 4531 ⁸
3222 4501 3569 4573 ἁλιευτικῶς,
3597 4489 3742 4561 ἀλλ’⁷
3769 4489 3880 4564 οὐκ

2200 4578 2689 4653 Ἀριστοτελικῶς·
2724 4592 3132 4659 πνευματικῶς,
3179 4589 3306 4645 ἀλλ’
3359 4591 3420 4646 οὐ
3469 4614 3878 4670 κακοπραγμο-

2194 4672 2357 4728 νικῶς
2380 4687 2391 4698 ’
2427 4666 2914 4737 ἐκκλησιαστικῶς,
2947 4672 3073 4728 ἀλλ’
3123 4674 3223 4729 οὐκ
3279 4677 3549 4754 ἀγοραίως
3575 4701 3587 4713 ·
3653 4666 3873 4759 ῶφ-εήλίο

426 4771 847 4843 spiritualiter;
879 4787 993 4825 non
1044 4768 1524 4834 circumforanee,
1560 4765 1659 4819 sed
1712 4764 2080 4819 concionato-

2218 4778 2332 4827 ιως,
2394 4756 2518 4811 ἀλλ’
2576 4757 2675 4812 οὐκ
2703 4756 3080 4824 ἐπιδεικτικῶς
3104 4784 3116 4795 ·
3147 4762 3235 4818 ’ἱνα
3263 4772 3433 4841 γνῶτε
3461 4769 3522 4822 τὸ
3554 4769 3690 4825 αὐτὸ
3720 4756 3863 4846 φρο-

2254 4850 2279 4859 ~
2450 4848 2462 4862 .
2526 4851 2552 4860 η
2672 4846 2685 4862 .
2792 4849 2835 4862 η,
2896 4852 2908 4862 ,
2976 4855 3002 4862 _
3091 4849 3113 4862 ,λ
3389 4860 3409 4862 Α,
3670 4860 3678 4862 ᾗ

422 4860 507 4916 rie
537 4865 591 4915 et
623 4859 1054 4926 ecclesiastice;
1090 4875 1203 4913 non
1236 4857 1308 4911 ad
1342 4852 1815 4919 ostentationem,
1836 4853 1934 4907 sed
1970 4853 2080 4906 uti-

2223 4850 2412 4905 οὗντας
2439 4848 2608 4917 ἡμᾶς,
2641 4846 2691 4899 οἱ
2718 4849 2835 4901 καθ’
2885 4852 3043 4922 ἡμῶν
3087 4849 3150 4922 δη
3165 4860 3558 4931 μηγοροῦντεε,
3590 4860 3685 4912 καὶ
3754 4882 3869 4915 πα-

2220 5063 2229 5074 ,
2258 4991 2367 5060 (26)
2505 4990 2567 5043 τὸ
2607 4996 2805 5075 γνῶναι
2843 4997 3199 5075 μακαριότης,
3233 5006 3342 5057 etc.
3376 5003 3599 5059 Alludit
3629 5005 3873 5073 Grego-

2186 5063 2309 5118 rius
2342 5065 2409 5136 ad
2447 5062 2567 5116 haec
2597 5062 2852 5120 Ιοεωηὶέ
2871 5062 3043 5124 verba
3076 5062 3213 5136 xvnl,
3246 5075 3279 5127 3
3311 5093 3322 5128 :
3350 5097 3375 5123 ‹‹
3413 5075 3543 5131 Hec
3595 5085 3689 5132 est
3741 5062 3873 5135 Eli-

2183 5139 2301 5189 tem
2337 5135 2451 5218 vita
2483 5142 2714 5201 aaterna,
2747 5143 2815 5218 ut.
2840 5150 3278 5218 cognoscantte
3310 5146 3499 5218 solum
3533 5148 3725 5204 Deum
3768 5168 3883 5207 ve-

2184 5211 2424 5293 rummet
2456 5221 2629 5274 quem
2686 5211 2895 5293 misisti
2943 5212 3143 5293 .iesum
3198 5216 3517 5293 Christum,
3547 5242 3573 5267 ››
3609 5220 3670 5274 in
3730 5240 3877 5293 qua

2180 5278 2510 5362 cognitione
2541 5278 2811 5362 consistit
2857 5289 3009 5339 certe
3052 5303 3187 5341 vera
3240 5278 3558 5351 beatitudo.
3592 5308 3734 5362 quas
3756 5278 3773 5293 ³
3802 5296 3873 5349 in

2178 5355 2394 5403 aeterna
2426 5352 2541 5400 vita
2571 5352 2874 5417 reperitur.

2179 5491 2188 5500 ι
2249 5419 2370 5500 (‘3.7)‘
2408 5420 2669 5500 ’ίᾼρνησις
2695 5418 3009 5500 “liticine”;
3063 5429 3368 5499 Abjuratio
3420 5431 3652 5499 athe-ias,
3709 5451 3842 5491 seu

2175 5483 2515 5561 impietatis,
2547 5483 2847 5561 guarDeus
2877 5483 3170 5554 militum:
3256 5483 3282 5485 “
3344 5483 3360 5486 ‘
3709 5483 3875 5507 “'“’

2244 5557 2357 5643 (28)
2408 5557 2855 5643 Πειριλοσόφιηται
2902 5568 3038 5643 πρὸς
3090 5570 3251 5642 ὑμᾶς,
3314 5573 3444 5630 Haec
3502 5573 3741 5633 desunt
3806 5579 3883 5636 in

2171 5632 2311 5711 Reg.
2344 5632 2466 5700 bm,
2494 5632 2551 5690 et
2582 5633 2677 5691 Or.
2701 5632 2761 5695 ’1ζ

495 5006 604 5076 (⁸21)
641 5001 853 5061 Οὗποτε
886 5002 1196 5068 λείπουσαν,
1230 5005 1338 5056 etc.
1373 5024 1401 5051 ‹‹
1434 5002 1568 5065 Quae
1611 4997 1724 5052 sibi
1769 5014 2074 5068 nunquam

424 5075 628 5145 defuit,
662 5095 767 5134 nec
798 5078 1068 5133 defutura
1100 5080 1205 5131 est.
1239 5096 1265 5122 υ

495 5138 1094 5221 (22)’Καταλείψουσαν.
1128 5148 1219 5221 Sic
1261 5144 1398 5221 Reg.
1432 5141 1532 5205 hu,
1567 5144 1625 5221 et
1650 5138 1747 5221 pr.
1786 5140 1835 5193 1.
1869 5139 1960 5194 Sic
1991 5139 2070 5193 le-

420 5208 509 5292 git:
537 5208 600 5275 et,
624 5208 908 5292 expressit
940 5217 1258 5292 Billiusaln
1290 5208 1404 5292 edi,
1437 5208 1886 5292 καταλείπουσαν.

491 5282 1216 5374 (ἓβλμὲταληπτικῆςκεὶο
1242 5284 1527 5374 ⁸ριοςίιῃιιῖξδ
1573 5283 1740 5374 codd.
1793 5283 1930 5353 Reg.
1966 5282 2065 5374 bu,

416 5351 596 5420 Cois];
618 5368 672 5429 2,
706 5368 801 5420 Ur.
839 5351 897 5431 ’1,
948 5351 1322 5434 μεταληπτῆς.
1362 5351 1446 5410 ΙΠῨ
1476 5355 1604 5410 Par.
1657 5354 1773 5417 ed.,
1830 5351 2067 5423 μεταλυ-

413 5440 631 5503 πτικῆς,
670 5436 1012 5506 [mendose].

408 5570 439 5629 λ
476 5491 697 5591 ¹(24),Τὸ
751 5491 1059 5561 δουλεῦσαι.
1119 5503 1257 5573 Reg.
1317 5499 1418 5566 hu,
1468 5501 1524 5551 et
1572 5496 1667 5550 Or.
1706 5497 1753 5562 1,
1802 5498 1879 5565 τῷ
1938 5491 2062 5548 δου-

448 5594 620 5629 suo-ac-

448 5594 620 5634 ιυσαι.

445 5651 590 5776 cl(i5)
642 5647 738 5707 Καὶ
790 5650 825 5725 ἡ
881 5645 1147 5729 βασιλεία.
1200 5643 1294 5701 Sic
1351 5639 1485 5715 Reg.
1546 5638 1645 5694 hu.
1705 5640 1877 5696 Deest
1917 5639 1950 5711 ἡ
1996 5637 2057 5693 in

487 5735 501 5774 1
539 5762 551 5776 .

410 5725 551 5782 edit.
