4056 6274
422 324 538 390 116

1535 323 1825 387 ORATIO
1870 323 2190 384 XXlll.—
2230 324 2331 383 DE
2375 322 2575 383 PACE
2619 318 2727 383 III.

3679 319 3836 381 1166

416 458 818 533 νηγυρίζοντες,
869 458 959 512 καὶ
1008 462 1169 512 τοῦτο
1223 457 1381 528 μόνον
1435 458 1812 529 ὁμονοοῦντες,
1860 452 1915 507 ἓν
1976 452 2072 524 ἐμ-

2197 454 2321 509 Iiter
2350 454 2506 509 diota
2532 454 2649 509 sint
2682 472 2694 519 ;
2728 455 2907 525 utqui
2930 456 3236 509 adversum
3257 470 3363 509 nos
3394 452 3702 509 conciones
3724 453 3836 509 ba-

417 547 767 620 πνεομένους,
843 544 893 601 ἕν
975 548 1267 607 πνέοντας·
1347 546 1436 600 καὶ
1517 547 1615 617 μὴ,
1707 544 1943 615 καθάπερ
2022 541 2073 595 οἳ

420 635 814 707 λιμώττοντες,
893 635 1315 710 σπερμολογῆτε
1387 634 1454 689 τὰ
1530 632 1696 707 μικρὰ
1764 634 1948 703 ἡμῶν,
1998 626 2073 684 εἷ’-

418 746 476 779 τε
529 724 841 796 πταίσματα
907 724 1018 797 χρή
1081 722 1284 798 λέγειν,
1346 720 1450 776 εἴτε
1522 721 1611 775 καὶ
1668 720 1928 795 παίγνια·
1999 718 2072 778 ὡς

531 831 539 843 ·
591 821 688 882 τῆς
741 814 906 887 ἄκρας
963 809 1408 883 κακοδαιμονίας,
1466 811 1543 882 μή
1611 809 1662 863 ἐν
1720 815 1836 869 τοῖς
1915 805 2074 868 ἰδίοις

417 904 509 977 ἶσχ
635 907 657 931 τ
695 903 777 955 (τὸ
825 898 1059 977 ἅσφαλὶς
1111 898 1284 975 ἔχειν,
1341 898 1465 954 ἀλλ’
1520 898 1570 953 ἐν
1600 904 1718 959 τοῖς
1750 897 1945 971 δτὲρων
1982 916 2074 948 σα-

420 994 570 1064 θροῖς
606 993 739 1064 (29)'

498 1258 592 1312 II".
628 1253 768 1312 Ἰδοὺ
820 1253 993 1325 δεξιὰς
1046 1252 1265 1327 δίδομεν
1316 1251 1593 1323 ἀλλήλοις
1654 1252 1707 1307 ἐν
1738 1256 1857 1312 ταῖς
1890 1249 2077 1323 ὑμετέ-

432 1366 548 1419 ραις
583 1341 788 1417 ὄψεσιν.
820 1341 957 1397 Ἰδοὺ
1004 1350 1103 1411 τῆς
1148 1340 1377 1418 Τριάδος
1423 1342 1488 1395 τὰ
1539 1339 1686 1416 ἔργα,
1734 1347 1834 1409 τῆς
1867 1339 2076 1411 ὁμοίως

418 1437 553 1506 ἡμῖν
617 1431 979 1505 δοξαζομένης
1035 1452 1093 1486 τε
1170 1430 1258 1485 καί
1334 1429 1831 1506 προσκυνουμένης.
1907 1432 2076 1481 Τοῦτο

426 1523 566 1595 ὑμᾶς
602 1520 1005 1597 χρηστοτὲρους
1043 1523 1264 1589 ποιήσει
1297 1522 1410 1592 (30)
1463 1519 1551 1573 καὶ
1600 1515 2073 1592 ὀρθοδοξοτέρους.

420 1617 506 1673 Ὠς
566 1608 764 1688 ὄφελόν
820 1631 882 1685 γε
936 1609 1024 1663 καὶ
1085 1608 1499 1680 ἀκουσθείημεν,
1570 1608 1660 1661 καὶ
1716 1605 1923 1681 γένοιτο
1976 1607 2074 1675 τήν

424 1700 635 1774 ἡμέραν
688 1699 911 1769 ταύτην,
965 1697 1172 1773 ἡμέραν
1224 1696 1465 1771 γενέσθαι
1516 1694 1749 1765 κλητὴν,
1784 1695 1959 1769 ἁγίαν,
1999 1695 2074 1766 μὴ

424 1787 751 1862 ἀντιλογίας,
804 1786 930 1841 ἀλλ’
981 1786 1339 1861 εὐρυχωρίας·
1398 1787 1472 1857 μὴ
1520 1788 1825 1860 πειρασμοῦ
1862 1782 2077 1855 μνημό-
2107 1822 2155 1886 Β

424 1896 602 1947 συνον,
638 1876 762 1930 ἀλλ’
788 1876 979 1950 ἱορτήν
1010 1874 1290 1929 ἐπινίκιον·
1319 1872 1409 1927 ἵνα
1440 1875 1500 1927 τὸ
1549 1876 1697 1943 ἡμᾶς
1748 1877 2075 1949 συμφρονεῖν

423 1963 721 2033 ἀλληλοις,
768 1965 856 2017 καὶ
912 1968 1107 2036 μικροῦ
1157 1968 1326 2015 πᾶσαν
1378 1963 1475 2028 τήν
1510 1960 1860 2032 οἰκουμένην,
1916 1962 1983 2028 ἧς
2013 1960 2080 2014 τὰ

428 2054 519 2127 μὲν
574 2054 736 2127 ὑγιῶς
789 2054 924 2126 εἶχε,
978 2053 1043 2105 τὰ
1092 2049 1149 2104 δὲ
1195 2056 1286 2104 νῦν
1338 2046 1576 2104 ἀπέλαϐε
1623 2052 1721 2117 τὴν
1757 2049 1982 2124 ὑγίειαν,
2012 2051 2079 2103 τὰ

426 2140 483 2196 δί
532 2142 787 2215 ὑγιαίνειν
841 2140 1090 2214 ἄρχεται,
1148 2144 1313 2193 τοῦτο
1363 2140 1451 2192 καὶ
1496 2139 1621 2210 ὑμῖν
1657 2136 1829 2192 αἴτιον
1861 2140 2080 2213 γένηται

429 2249 574 2295 σωτη
586 2227 723 2301 ρίας,
808 2227 896 2279 καὶ
971 2227 1029 2279 ἀν
1038 2224 1293 2279 απλάσεω
1302 2247 1343 2286 ς.

430 2315 802 2389 προσκυνητή,
834 2314 923 2367 καὶ
960 2313 1307 2387 μακρόθυμει
1351 2313 1701 2387 μακρόουμος
1750 2315 1853 2389 γὰρ
1902 2316 1936 2382 ἡ
1994 2311 2083 2367 ἐπὶ

434 2408 690 2457 τοσοῦτον
741 2403 1085 2477 ἀνασχομένη
1144 2406 1250 2456 τῶν
1306 2403 1363 2456 σὶ
1416 2403 1745 2474 τεμνόντων.
1804 2405 1869 2456 Ὠ
1898 2405 2081 2478 Τριὰς,

435 2494 502 2560 ἧς
549 2491 653 2566 ἐγὼ
700 2492 1065 2562 κατηξιώθην,
1117 2491 1205 2545 καὶ
1258 2492 1461 2566 λάτρης
1494 2494 1649 2557 εἶναι,
1682 2491 1770 2545 καὶ
1803 2494 1968 2565 κῆρυξ
2026 2491 2086 2545 ἐκ

439 2580 693 2641 πλείονος
753 2581 1146 2655 ἀνυπόκριτοςί
1206 2581 1272 2633 Ὢ
1329 2582 1488 2655 Τριὰς
1546 2583 1580 2650 ἡ
1632 2580 1761 2634 πᾶσί
1811 2582 2086 2654 (31)ποτε

439 2670 891 2745 γνωσθησομένη,
940 2675 1055 2730 τοῖς
1109 2669 1201 2741 μὲν
1233 2668 1303 2742 τῇ
1337 2667 1629 2742 ἐλλάμψει,
1661 2674 1778 2731 τοῖς
1809 2667 1865 2724 δὲ
1894 2669 1963 2743 τῇ
1991 2691 2084 2724 κο-

442 2758 625 2813 λάσειέ
688 2760 883 2833 Δέχοιο
941 2758 1029 2812 καὶ
1087 2756 1311 2819 τούτους
1367 2760 1763 2833 προσκυνητὰς,
1823 2758 1951 2820 τοὺς
1992 2763 2083 2813 νῦν

442 2843 717 2921 ὑϐριστάς
796 2847 885 2901 καὶ
968 2844 1174 2919 μηδένα
1252 2849 1684 2921 ζημιωθείημεν,
1757 2846 1924 2920 μηδὲν
1979 2853 2087 2903 τῶν

440 2935 763 3009 ἐλαχίστων,
794 2934 889 2989 κᾶν
924 2933 1019 3007 ἐμὲ
1048 2957 1098 2989 τι
1143 2939 1486 3007 ζημιωθῆναι
1521 2934 1631 2990 δέοι
1664 2939 1775 3009 (32)
1833 2939 1932 3005 τῆς
1982 2939 2084 3011 χά-

444 3043 618 3099 ριτος·
662 3023 723 3077 οὑ
753 3026 853 3099 γὰρ
879 3022 1074 3095 τολμῶ
1104 3029 1360 3079 τοσοῦτον
1394 3024 1518 3079 ὅσον
1548 3027 1575 3079 ὁ
1608 3024 1940 3087 Ἀπόστολος
1972 3028 2085 3099 (33)

440 3113 779 3190 φθέγξασθαι.

1430 2227 1496 2278 Ὦ
1571 2226 1731 2300 Τριὰς
1790 2226 1929 2301 ἁγία,
1990 2225 2079 2279 καὶ

2186 543 2357 609 betis,
2390 549 2447 598 et
2474 543 2533 597 in
2568 542 2816 615 publicis
2848 543 3231 598 conventibus
3259 557 3362 597 vos
3391 541 3552 614 ipsos
3573 541 3835 611 jactatis,

2186 637 2361 703 atque
2393 632 2450 685 in
2484 632 2592 687 hoc
2642 650 2756 685 uno
2803 632 3117 687 concordes
3163 631 3329 698 estis,
3381 646 3485 686 nos
3518 629 3673 684 idem
3704 646 3840 686 sen-

2185 722 2317 787 tire,
2353 721 2554 775 eodem
2591 721 2761 776 modo
2801 720 3102 791 inspirari,
3138 721 3293 775 idem
3345 719 3569 791 spirare
3616 718 3837 773 intelli-

2186 812 2375 881 getis;
2425 826 2549 877 nec,
2604 816 2668 864 ut
2715 809 2817 880 qui
2872 811 3024 865 fame
3073 816 3440 879 premuntur,
3485 808 3695 879 exigua
3736 824 3838 863 no-

2186 904 2327 962 stra,
2362 898 2481 953 sive
2512 903 2771 970 peccata,
2805 899 2923 954 sive
2971 898 3197 953 ludicra
3228 898 3478 953 dicenda
3530 900 3688 965 sunt,
3723 894 3841 953 col-

2187 987 2382 1059 ligatis
2412 992 2585 1058 atque
2618 988 2675 1040 in
2708 986 2917 1059 vulgus
2965 988 3277 1060 spargatis.
3310 988 3594 1042 Extrema;
3626 986 3841 1057 quippe

2184 1074 2432 1130 miseriae
2463 1080 2575 1141 est,
2608 1092 2724 1131 non
2755 1076 3007 1147 propriis
3037 1076 3281 1144 viribus,
3312 1076 3413 1131 sed
3446 1073 3698 1130 aliorum
3724 1075 3839 1131 im-

2189 1163 2507 1219 becillitate
2538 1164 2643 1219 niti
2675 1169 2851 1236 atque
2880 1165 3192 1219 confidere.

2256 1252 2399 1306 XIII.
2433 1254 2515 1307 En
2549 1257 2786 1307 mutuas
2827 1254 3083 1323 dextras,
3135 1252 3607 1325 inspectantibus
3655 1251 3838 1318 vobis,

2178 1340 2511 1414 jungimus.
2548 1342 2624 1396 En
2661 1342 2801 1413 quid
2833 1342 3112 1406 Trinitas,
3141 1358 3320 1412 quam
3355 1357 3460 1397 nos
3491 1357 3655 1412 aeque
3684 1340 3839 1396 cele-

2186 1430 2430 1486 bramus
2461 1434 2518 1486 et
2549 1430 3165 1499 adoramus,etl‘ecerit.
3186 1430 3302 1486 Hoc
3332 1446 3433 1485 vos
3467 1428 3838 1501 benigniores

2188 1518 2520 1590 rectiusque
2552 1520 2621 1574 de
2652 1519 2932 1591 religione
2962 1520 3279 1574 sentientes
3309 1518 3543 1574 efﬁciet.
3600 1517 3837 1574 Utinam

2188 1624 2328 1663 sane
2360 1608 2766 1671 exaudiamur,
2799 1612 2975 1680 atque
3006 1607 3101 1662 hic
3131 1607 3278 1675 dies,
3312 1606 3412 1679 qui
3440 1610 3681 1662 vocatur
3708 1623 3842 1662 san-

2187 1701 2339 1761 ctus,
2374 1698 2472 1751 fiat
2502 1698 2647 1761 dies,
2670 1714 2783 1751 non
2817 1696 3427 1766 contradictionis,sed
3458 1695 3792 1751 latitudinis
3819 1713 3834 1763 ;

2188 1802 2298 1840 non
2334 1785 2675 1841 tentationis
2708 1789 3181 1851 monumentum,
3236 1785 3337 1840 sed
3365 1783 3722 1855 triumphale
3752 1786 3838 1840 fe-

2189 1879 2341 1929 stum
2370 1892 2383 1941 ;
2417 1879 2481 1927 ut
2513 1879 2719 1929 mutua
2757 1879 2959 1929 nostra
2989 1874 3315 1944 concordia,
3368 1871 3665 1945 totiusque
3692 1888 3837 1945 pene

2189 1969 2473 2019 terrarum
2507 1964 2685 2033 orbis,
2719 1964 2818 2033 qui
2867 1963 3081 2034 partim
3122 1964 3248 2035 jam
3299 1967 3432 2019 ante
3478 1979 3663 2025 sanus
3692 1969 3835 2030 erat,

2191 2051 2401 2122 partim
2434 2052 2744 2105 sanitatem
2778 2068 2933 2106 nunc
2966 2052 3202 2123 recepit,
3228 2052 3441 2122 partim
3494 2068 3675 2106 sanus
3706 2066 3837 2107 esse

2189 2140 2419 2211 incipit,
2449 2140 2613 2195 vobis
2644 2156 2878 2211 quoque
2910 2140 3118 2196 salutis
3166 2145 3346 2211 atque
3393 2140 3836 2195 instaurationis

2191 2245 2368 2283 causa
2399 2229 2492 2283 sit.
2527 2228 2570 2283 Ο
2604 2232 2824 2296 sancta,
2886 2232 2943 2282 et
2991 2230 3310 2298 adoranda,
3370 2232 3427 2284 et
3483 2228 3837 2301 longanimis

2192 2316 2485 2372 Trinitas!
2518 2316 2870 2389 longanimis
2901 2317 3055 2372 enim
3088 2333 3169 2386 es,
3204 2333 3330 2389 quae
3363 2334 3484 2385 eos,
3539 2334 3573 2373 a
3620 2318 3838 2389 quibus

2192 2406 2497 2475 scinderis,
2540 2405 2744 2461 tandiu
2777 2406 3011 2461 toleras.
3042 2409 3089 2461 Ο
3124 2406 3403 2471 Trinitas,
3435 2404 3605 2475 cujus
3636 2410 3837 2476 ego,ut

2192 2494 2380 2550 cultor
2408 2511 2473 2549 ac
2507 2495 2770 2550 sincerus
2801 2512 2985 2567 praeco
3016 2496 3587 2567 essemjampridem
3618 2496 3837 2569 dignus

2194 2583 2429 2639 habitus
2460 2600 2589 2637 sum
2621 2583 2631 2637 l
2669 2584 2712 2639 Ο
2760 2584 3017 2641 Trinitas
3048 2586 3322 2640 omnibus
3350 2584 3687 2656 aliquando,
3747 2585 3836 2641 vel

2194 2689 2295 2744 per
2322 2672 2837 2744 illuminationem,
2867 2673 2953 2728 vel
3006 2690 3107 2745 per
3155 2691 3384 2746 poenam
3422 2674 3831 2746 agnoscenda!

2194 2761 2426 2817 Utinam
2475 2762 2577 2816 hos
2609 2779 2861 2833 quoque,
2894 2763 2995 2833 qui
3027 2780 3181 2817 nunc
3213 2762 3584 2818 contumeliis
3617 2766 3670 2818 te
3703 2763 3836 2817 affi-

2196 2852 2374 2917 ciunt,
2400 2852 2732 2906 adoratores
2762 2852 3035 2922 accipias,
3068 2868 3173 2907 nec
3230 2868 3609 2922 quemquam,
3664 2868 3734 2907 ne
3764 2868 3834 2907 ex

2198 2938 2455 2992 minimis
2487 2938 2723 3008 quidem
2758 2938 3215 3005 amittamus,vel
3238 2939 3415 2994 etiam
3444 2940 3493 2994 si
3521 2938 3665 2993 mihi
3699 2956 3831 3011 pro-

2196 3030 2392 3097 pterea
2422 3026 2620 3097 aliqua
2650 3027 2846 3097 gratiae
2860 3027 3095 3096 jactura
3123 3026 3388 3084 facienda
3412 3028 3515 3081 sit:
3535 3044 3647 3084 non
3679 3027 3835 3083 enim

2194 3120 2423 3169 tantum
2458 3115 2648 3169 dicere
2678 3116 2883 3185 audeo,
2917 3120 3202 3186 quantum
3236 3115 3547 3188 Apostolus
3580 3117 3622 3171 θ.

510 3205 606 3257 ῐΔ’.
641 3200 797 3257 Ἀλλ’
853 3200 914 3255 οὑ
964 3204 1129 3254 ταῦτα
1177 3198 1308 3278 φίλα
1359 3201 1527 3273 ὑμῖν;
1570 3204 1928 3278 σπαράσσεται
1961 3200 2017 3257 δὶ
2047 3206 2081 3273 ἡ

2267 3203 2405 3257 XIV.
2440 3203 2586 3266 Quid
2613 3202 2640 3257 ?
2672 3208 2801 3257 Haec
2820 3204 2984 3259 vobis
3017 3205 3214 3260 minus
3244 3210 3411 3276 grata
3439 3209 3599 3273 sunt,
3631 3222 3697 3261 ac
3729 3205 3835 3260 lin-

436 3289 679 3363 γλῶσσα,
734 3289 823 3343 καὶ
882 3288 1063 3343 ὠδίνει
1120 3292 1217 3357 τὴν
1268 3290 1615 3367 ἀντίρῥησιν;
1668 3292 1942 3365 Ὀψόμεθα
1993 3293 2080 3346 καὶ

436 3380 633 3448 ταύτην
680 3381 829 3449 ποτὶ,
890 3379 923 3446 ἢ
984 3380 1067 3439 οἷς
1111 3376 1322 3449 μᾶλλον
1384 3382 1543 3450 ἡμῶν
1606 3381 1787 3455 σχολὴ
1820 3382 2078 3456 περίεστι·

435 3468 755 3544 γνωσόμεθα
810 3468 898 3521 καὶ
942 3469 1007 3521 τὰ
1054 3468 1241 3540 κομψᾶ
1291 3469 1441 3540 ὑμῶν
1491 3473 1819 3542 γεννήματα,
1861 3472 1894 3538 ἢ
1929 3470 2084 3542 ἐξαμ-

441 3553 728 3629 ϐλώματα,
788 3554 1002 3611 ἐπειδὰν
1058 3557 1125 3609 τὰ
1181 3556 1262 3610 ὠὰ
1317 3562 1422 3611 τῶν
1464 3556 1700 3613 ἀσπίδων
1735 3558 1988 3634 ῥήξαντες
2045 3560 2081 3627 ἢ

441 3645 818 3721 συντρίψαντες
866 3645 1020 3719 λόγῳ
1072 3643 1296 3718 σκληρῷ
1341 3646 1429 3700 καὶ
1461 3646 1752 3720 ἀντίτόπῳ,
1787 3646 1941 3724 οὔρια
1972 3651 2085 3721 (34)

441 3737 529 3789 καὶ
562 3737 814 3807 ἀνεμιαῖα
862 3740 1026 3788 ταῦτα
1079 3734 1399 3808 ἐλέγξωμεν,
1450 3737 1537 3789 καὶ
1568 3736 1660 3789 τόν
1690 3736 1740 3791 ἂν
1772 3737 1954 3798 αὐτοῖς
1982 3740 2084 3806 τῆς

444 3820 684 3885 ἀσεϐείας
728 3824 1100 3896 κρυπτόμενον
1144 3820 1453 3895 βασιλίσκον
1512 3823 1587 3884 εἷς
1649 3825 1807 3895 μέσον
1862 3826 2087 3899 ἀγάγω-

447 3934 539 3982 μεν
572 3915 703 3983 (35)·
760 3912 803 3964 εἷ
851 3911 941 3964 καὶ
997 3907 1334 3983 βασιλίσκον,
1366 3908 1511 3965 ἀλλὰ
1540 3912 1727 3987 νεκρόν
1760 3934 1816 3966 τε
1845 3914 1931 3967 καὶ
1968 3915 2085 3968 ἀτε-

445 3998 539 4067 λῆ,
592 4000 680 4053 καὶ
734 3999 1007 4068 ἀκίνητον,
1049 4004 1165 4058 ταῖς
1196 3996 1381 4051 ὠδῖσιν
1412 3999 1816 4071 ἱναποθανόντα,
1850 4002 1936 4055 καὶ
1965 4002 2090 4077 πρὶν

442 4090 767 4162 γεννηθῆναι
815 4087 911 4141 οὑκ
962 4084 1087 4141 ὄντα
1136 4090 1269 4160 (36),
1321 4089 1437 4141 καθ’
1482 4090 1619 4160 ὑμᾶς
1671 4089 1858 4160 εἰπεῖν,
1899 4091 1987 4143 ἳνα
2035 4112 2089 4144 τι

450 4178 641 4251 μικρὸν
677 4177 800 4248 ὑμῖν
831 4176 917 4230 καῖ
950 4176 1295 4251 χαρίσωμαι·
1352 4176 1411 4230 οὑ
1448 4175 1659 4248 μᾶλλον
1715 4179 1941 4251 μισητὸν
1988 4186 2088 4247 τῆς

446 4265 796 4338 συλλήψεως,
825 4267 859 4334 ἢ
895 4264 1124 4320 ἐλεεινὸν
1169 4272 1267 4334 τῆς
1317 4263 1675 4337 ἆμθλώσεως.
1727 4273 1894 4321 Τοῦτο
1929 4266 2089 4323 δώσει

443 4356 601 4423 ἡμῖν,
654 4351 756 4407 οἷδ’
801 4353 905 4427 ὅτι,
961 4356 988 4409 ὁ
1040 4351 1163 4415 δοὺς
1222 4354 1309 4408 ἐπὶ
1360 4352 1556 4409 ἀσπίδα
1620 4356 1708 4409 καὶ
1778 4356 2091 4431 βασιλίσκον

446 4436 757 4512 ἐπιϐαίνειν,
805 4443 893 4496 καὶ
955 4448 1268 4517 περιπατεῖν
1319 4442 1497 4497 ἐπάνω
1557 4442 1729 4519 ὄφεων
1789 4466 1878 4499 και
1928 4466 2089 4520 σκορ-

445 4532 606 4584 πίων·
671 4530 728 4592 ὅς
775 4532 864 4585 καὶ
916 4534 1189 4605 συντρίψει
1245 4532 1335 4586 τὸν
1401 4538 1635 4587 Σατανᾶν
1693 4532 1743 4587 ἐν
1771 4534 1927 4609 τάχει
1985 4534 2090 4589 ὑπὸ

447 4618 571 4679 τοὺς
601 4617 773 4681 πόδας
804 4622 986 4692 ἡμῶν,
1039 4618 1144 4674 εἷ’τε
1188 4621 1262 4682 ὡς
1320 4621 1593 4695 ἀστραπὴν
1638 4620 1695 4675 ἐκ
1722 4626 1820 4675 τοῦ
1868 4620 2094 4697 οὐρανοῦ

450 4708 680 4762 πεσόντα
713 4705 800 4762 διὰ
828 4710 924 4777 τὴν
970 4708 1203 4763 παλαιὰν
1256 4707 1641 4783 λαμπρότητα,
1694 4708 1799 4765 εἶ’τε
1847 4711 1922 4772 ὡς
1974 4705 2094 4788 ὅφιν

450 4796 714 4872 φεύγοντα
765 4794 853 4851 διὰ
903 4798 1000 4865 τὴν
1050 4796 1271 4872 ὕστερον
1304 4794 1657 4867 σκολιότητα,
1687 4798 1776 4852 καὶ
1804 4800 1902 4867 τήν
1933 4798 2010 4860 εἷς
2037 4800 2099 4853 τὸ

450 4888 733 4963 χαμερπές
795 4884 1177 4958 μεταποίησιν,
1231 4883 1323 4939 ’ίνα
1398 4885 1589 4959 μικρόν
1644 4908 1697 4940 τι
1752 4892 1859 4942 τῶν
1919 4891 2098 4942 κακῶν

2191 3309 2307 3364 gua
2337 3291 2754 3362 distorquetur,
2787 3297 2843 3347 et
2871 3293 3330 3348 confutationem
3354 3293 3650 3365 parturit?
3678 3294 3838 3348 Hanc

2192 3398 2426 3453 quoque
2457 3379 2770 3451 aliquando
2802 3380 3153 3445 videbimus,
3187 3398 3319 3436 cum
3350 3382 3515 3437 vobis
3548 3381 3678 3453 plus
3709 3381 3836 3451 otii,

2192 3486 2370 3541 quam
2403 3469 2593 3535 nobis,
2629 3473 2898 3540 suppetat
2932 3486 2944 3535 ;
2980 3485 3045 3523 ac
3070 3469 3295 3541 lepidos
3328 3474 3386 3525 et
3415 3470 3707 3541 elegantes
3736 3486 3837 3525 ve-

2192 3564 2346 3614 stros
2379 3559 2552 3627 fetus,
2586 3559 2702 3612 imo
2734 3558 2973 3613 abortus
3004 3574 3447 3629 cognoscemus,
3478 3575 3613 3614 cum
3646 3559 3835 3630 ruptis

2193 3648 2465 3719 aspidum
2497 3647 2643 3713 ovis,
2674 3652 2776 3701 aut
2796 3647 2943 3701 dura
2972 3652 3028 3701 et
3057 3648 3245 3703 solida
3277 3648 3672 3720 disputatione
3702 3664 3836 3703 con-

2194 3737 2416 3802 fractis,
2449 3736 2611 3790 irrita
2638 3752 2706 3790 ea
2745 3742 2803 3790 et
2844 3738 2999 3791 434
3046 3738 3290 3791 evanida
3334 3752 3463 3792 esse
3508 3740 3704 3808 aperte
3733 3737 3831 3791 de-

2196 3824 2944 3890 monstraverimus,abditu
2956 3840 3129 3895 mque
3150 3824 3208 3878 in
3230 3824 3375 3896 ipsis
3398 3824 3716 3896 impietatis
3737 3826 3835 3880 ba-

2196 3913 2460 3967 siliscum
2494 3912 2552 3965 in
2576 3911 2835 3966 medium
2860 3912 3278 3983 protulerimus
3303 3930 3317 3980 ;
3352 3913 3690 3969 basiliscum
3713 3912 3841 3984 qui-

2197 4002 2330 4056 dem
2364 4000 2557 4066 illum,
2583 4004 2853 4054 caeterum
2888 4005 3211 4068 mortuum,
3240 4007 3298 4056 et
3335 4001 3741 4073 imperfectum
3771 4018 3837 4057 ac

2200 4094 2358 4143 motu
2394 4093 2708 4158 carentem,
2742 4089 3004 4160 ipsisque
3036 4094 3239 4161 partus
3267 4090 3567 4146 doloribus
3599 4092 3841 4146 immor-

2199 4183 2391 4243 tuum,
2426 4194 2512 4244 ac,
2549 4178 2890 4248 priusquam
2944 4179 3243 4250 gignatur,
3288 4196 3403 4235 non
3463 4179 3842 4235 exsistentem

2200 4266 2363 4337 (libet
2393 4267 2548 4321 enim
2575 4267 2768 4321 verbis
2802 4268 3013 4323 vestris
3071 4268 3178 4333 uti,
3230 4273 3295 4323 ut
3349 4268 3614 4323 nonnihil
3647 4270 3845 4342 gratias

2200 4356 2353 4426 apud
2384 4372 2484 4409 vos
2514 4355 2753 4426 ineam),
2785 4357 2857 4410 ob
2887 4358 3328 4429 conceptionem
3357 4374 3471 4413 non
3505 4358 3704 4413 minus
3734 4359 3843 4413 de-

2202 4444 2557 4511 testabilem,
2592 4460 2766 4513 quam
2807 4446 2878 4500 ob
2928 4446 3195 4501 abortum
3258 4446 3671 4502 miserabilem.
3729 4447 3847 4502 Hoc

2126 4556 2171 4620 Β
2203 4533 2392 4599 nobis,
2429 4532 2569 4586 mibi
2604 4533 2841 4605 credite,
2871 4535 3116 4591 daturus
3154 4539 3243 4591 est
3273 4534 3391 4605 ille,
3439 4534 3539 4606 qui
3590 4538 3847 4607 potesta-

2207 4632 2319 4677 tem
2344 4621 2512 4677 nobis
2534 4622 2695 4676 dedit
2718 4639 2894 4693 super
2916 4625 3175 4694 aspidem
3198 4629 3255 4679 et
3274 4622 3615 4679 basiliscum
3641 4623 3846 4679 ambu-

2209 4712 2389 4771 landi.
2422 4714 2479 4764 et
2509 4710 2767 4765 calcandi
2804 4728 2981 4783 supra
3012 4717 3312 4784 serpentes
3342 4717 3399 4768 et
3427 4713 3762 4784 scorpiones
3784 4712 3847 4778 ¹⁰ς

2211 4801 2308 4871 qui
2341 4800 2515 4854 etiam
2550 4800 2851 4867 Satanam,
2882 4801 2965 4856 vel
3030 4805 3309 4873 tanquam
3370 4802 3564 4871 fulgur
3617 4817 3650 4857 e
3707 4800 3850 4857 ccslo

2210 4888 2445 4960 lapsum
2474 4891 2542 4954 ιι,
2575 4888 2648 4943 ob
2682 4888 2989 4959 antiquum
3023 4890 3416 4961 splendorem,
3441 4889 3527 4947 vel
3561 4889 3853 4963 serpentis

520 5014 541 5048 °
572 5014 733 5069 Rom.
772 5030 850 5079 ix,
881 5014 936 5068 3.
1016 5013 1059 5047 ¹⁰
1090 5011 1239 5068 Psal.
1273 5028 1365 5081 xc,
1398 5012 1494 5079 13;
1530 5012 1666 5068 Luc.
1700 5030 1757 5081 x,
1792 5014 1877 5068 19.
1958 5018 2001 5051 η
2036 5014 2175 5069 Luc.
2207 5031 2261 5081 x,
2299 5014 2385 5067 18.

542 5136 632 5207 29)
666 5136 914 5207 Σαθροῖς.
949 5135 1121 5191 Coisl.
1157 5137 1210 5201 1,
1242 5139 1522 5207 σταθμοῖς.

543 5208 633 5279 30)
660 5208 899 5274 ΙΙοιήσει.
942 5208 1303 5279 Reg.Cypr.,
1335 5208 1581 5277 ποιήσοι.

545 5278 631 5345 31)
668 5282 821 5332 Ilios.
855 5279 1001 5343 Jes.,
1032 5278 1229 5346 πάντη.

669 5347 809 5402 Δέοι.
843 5352 1124 5421 Combel‘.,
1158 5346 1269 5421 δὲῃ.

676 5421 840 5476 ’Όσον
892 5422 919 5473 ὁ
968 5419 1337 5495 ξᾼπὸστολοῇ
1370 5419 1598 5475 Alludit
1636 5420 1740 5495 hic
1788 5422 2102 5495 Gregorius

456 5490 546 5571 ad.
578 5490 697 5545 haec
747 5494 1006 5575 Apostoli
1056 5494 1249 5575 verba,
1306 5491 1471 5545 Rom.
1504 5508 1581 5575 135,
1628 5493 1767 5575 3ςα
1817 5490 2102 5575 Optabam

455 5561 611 5645 enim
644 5579 750 5645 ego
800 5561 926 5645 ipse
959 5565 1270 5621 anathema
1299 5579 1427 5619 esse
1457 5580 1490 5619 a
1519 5563 1748 5621 Christo
1778 5561 1884 5639 pro
1916 5567 2106 5624 fratri-

459 5633 571 5691 bus
602 5633 771 5704 meis,
796 5633 843 5688 n'
861 5641 968 5694 eto.

521 5136 537 5348 ἓ

2418 5130 2604 5213 ρῦρια.
2637 5137 2896 5213 Coilei,
2929 5137 3140 5213 οὐραῖα..

2300 5208 2390 5341 ἓὲξ
2421 5208 3551 5341 35.111511i§e§at§?;o%2m‘.'siﬁ”§§§

2301 5277 2389 5341 36)
2424 5277 2538 5333 Οὐκ
2567 5277 2709 5335 ὄντα.
2735 5281 2838 5335 Ηίο
2868 5277 3031 5338 notat
3051 5277 3394 5351 vocem,sei1
3426 5277 3856 5351 blasphemiam

2212 5352 2584 5424 Arianorum,
2614 5352 2710 5421 qui
2744 5352 2815 5407 de
2848 5353 2990 5410 Filio
3021 5355 3291 5409 dicebant
3313 5371 3365 5409 ια
3395 5354 3517 5408 Non
3550 5356 3676 5424 erat
3704 5354 3860 5424 priu-

2212 5439 2419 5493 squam
2450 5417 2807 5493 gigneretur,
2832 5429 2932 5479 aut
2960 5431 3316 5482 nasceretur.
3337 5448 3363 5474 n
3388 5428 3575 5491 Quare
3606 5417 3863 5479 οὐχ’ὅντα

2213 5495 2443 5548 videtur
2472 5494 2554 5547 sic
2595 5495 2955 5552 reddendum
2988 5515 3001 5555 :
3028 5520 3057 5549 «
3093 5516 3208 5555 non
3258 5498 3658 5555 exsistentem.
3684 5517 3713 5545 ››
3746 5495 3861 5555 Bil-

2215 5566 2331 5624 lius
2366 5583 2436 5621 ια
2467 5566 2841 5624 exstinctum.
2876 5589 2899 5624 ι

2278 5138 2293 5351 ἓ
