4056 6274
252 345 405 404 1167
1484 344 1547 403 S.
1599 341 1854 401 GREGO

2056 341 2408 403 'HEOLOGI
3508 352 3658 412 1168

251 478 437 533 instar
469 476 811 548 fugientem,
843 475 915 530 ob
948 475 1328 546 posteriorem
1385 474 1807 545 obliquitatem,
1843 493 1853 525 ι

2057 471 2450 546 ναπνεύσωμεν,
2501 472 2883 550 ἀποδρασάσης
2933 477 3045 551 (37)
3104 474 3386 539 παντελῶς
3439 476 3659 551 ὀδύνης,

249 566 724 621 immutationem
756 565 816 618 in
848 581 981 619 eum
1014 569 1328 636 statum,ut
1352 565 1476 634 jam
1511 564 1673 617 humi
1711 581 1846 633 repa

2060 561 2096 613 ιὶ
2136 560 2340 631 λύπης,
2371 564 2458 617 καὶ
2491 569 2815 640 στεναγμοῦ,
2845 570 2931 620 νῦν
2964 587 3022 619 τε
3042 566 3128 620 καὶ
3157 567 3400 642 ὕστερον,
3425 567 3475 622 ἐν
3508 574 3662 642 Χρισ-

244 657 352 709 sub
383 655 632 726 pedibus
662 654 880 709 nostris
907 654 1063 708 brevi
1091 659 1352 708 conteret.
1381 671 1393 721 ;
1427 657 1536 707 uta
1560 651 1730 706 malis
1754 669 1846 722 par

2060 654 2087 720 ᾗ)
2120 650 2296 719 Ἰησοῦ
2327 652 2404 721 τῷ
2438 653 2617 724 Κυρίῳ
2649 655 2835 726 ἡμῶν,
2868 655 2911 725 ᾧ
2944 656 2978 723 ἠ
3033 652 3160 725 δόξα
3204 655 3294 709 καὶ
3342 657 3404 709 τὸ
3471 657 3662 732 κράτος

242 741 431 797 lulum
463 742 707 815 quidam
741 741 1118 812 respiramus,
1153 743 1350 813 fugato
1399 758 1642 812 prorsus
1675 740 1844 795 dolori

1675 740 1890 807 dolore,
2010 738 2085 798 εἷς
2118 737 2244 799 τοὺς
2276 738 2472 802 αἶ’ὧνας
2503 746 2609 794 τῶν
2645 742 2855 796 αἰώνων
2889 745 3020 817 (38).
3050 744 3249 817 ’Δμήν.

243 836 300 886 et
331 848 596 903 mmrore,
631 847 696 886 ac
726 830 969 903 gemitu,
1003 848 1160 886 nunc
1191 837 1248 885 et
1290 831 1347 885 in
1380 836 1704 901 posterum,
1739 829 1798 883 in
1830 828 2060 884 Christo
2091 829 2229 884 Jesu
2276 831 2519 886 Domino
2569 839 2791 903 nostro,
2824 833 2916 889 cui
2947 833 3134 905 gloria
3163 839 3219 890 et
3248 834 3573 906 imperium
3605 837 3657 890 in

241 919 453 976 saecula
482 919 852 975 saeculorum.
887 927 1091 974 Amen.

310 1035 423 1121 (37)
471 1031 902 1110 ’Δποδρασάσης.
965 1035 1058 1092 Sic
1114 1034 1290 1091 Coisl.
1349 1037 1398 1091 1.
1462 1036 1524 1090 In
1583 1035 1698 1106 ed.,
1755 1032 1894 1087 ἀπο-

2075 1033 2188 1104 (38)
2217 1033 2318 1121 ’Καὶ
2347 1032 2408 1121 ῖὸ
2436 1035 2844 1121 κρξτᾳςι...λτῶν
2891 1036 3120 1121 αξῴνων.
3156 1038 3286 1121 ῌφο
3334 1039 3549 1095 desunt
3594 1040 3649 1096 in

240 1101 466 1178 epam.
647 1101 656 1110 '
839 1101 848 1104 '
1682 1101 1693 1106 '

1682 1101 1693 1106 ’
2003 1101 2181 1177 Regg.
2216 1107 2334 1173 bm,
2370 1101 2674 1175 hu,'Coisl.
2710 1110 2759 1178 1,
2791 1114 2848 1165 et
2878 1112 3068 1165 tribus
3099 1111 3257 1166 Colb.

910 1317 1060 1372 4³⁵
1124 1324 1683 1413 MONlTUM
1739 1324 1851 1410 1N
1910 1324 2604 1414 ORATIUNEM
2659 1328 2989 1413 XXIV.

315 1559 361 1619 l.
409 1561 765 1637 Antequam
823 1555 904 1617 ad
961 1554 1151 1637 hujus
1209 1554 1528 1637 orationis
1565 1558 2011 1637 argumentum
2061 1553 2496 1637 deveniamus,
2537 1555 3044 1637 rexpendendum
3106 1555 3286 1616 nobis
3341 1565 3456 1625 est,
3517 1558 3662 1634 quis

232 1637 316 1698 sit
373 1639 480 1700 ille
534 1632 922 1718 cyprianus,
1001 1632 1181 1714 cujus
1237 1636 1456 1718 laudes
1514 1632 1803 1718 hicutam
1863 1633 2219 1718 magnifice
2255 1632 2664 1718 prosequitur
2713 1636 3068 1718 Gregorius.
3131 1632 3657 1718 Iﬂonimediocris

235 1719 404 1778 enim
467 1713 752 1779 versatur
810 1717 929 1776 hac
986 1713 1187 1776 deire
1252 1717 1413 1774 inter
1492 1713 1771 1773 eruditos
1838 1714 2284 1774 controversia.
2365 1715 2485 1773 Alii
2557 1733 2671 1792 pro
2747 1716 3062 1794 Cypriano
3133 1715 3654 1793 Garthaginensi,

233 1799 342 1858 alii
417 1819 532 1878 pro
588 1796 981 1858 Antiocheno
1040 1797 1362 1878 militant;
1444 1802 1505 1852 et
1575 1797 2215 1878 perquamarduum
2274 1796 2640 1878 videtu_r_in
2699 1802 2876 1878 tanta
2924 1797 3301 1878 _opinionum
3359 1800 3660 1878 varietate

235 1873 776 1938 inter-discordes
833 1895 1054 1955 pacem
1113 1876 1536 1957 constituere._
1574 1874 1819 1933 Etenim
1861 1873 1928 1957 _si
1989 1875 2354 1957 attendatur
2410 1875 2489 1934 ad
2546 1873 2683 1934 haec
2739 1873 3044 1953 'l‘heologi
3103 1877 3296 1937 verba
3353 1877 3449 1957 (ι).
3513 1877 3587 1957 6)
3642 1897 3655 1938 :

236 1983 264 2013 α
328 1959 440 2018 Hic
497 1953 889 2037 Cyprianus,
969 1974 1270 2034 magnum
1331 1954 1649 2032 quondam
1710 1953 2368 2037 Carthaginensium,_
2415 1974 2580 2037 nunc
2638 1961 2847 2015 autem
2907 1959 3100 2016 totius
3156 1957 3325 2016 orbis
3363 1953 3653 2029 nomen,

233 2045 380 2109 etc.,
435 2061 467 2092 »
527 2035 607 2097 et“
644 2038 795 2097 alibi
852 2037 938 2114 (ι).
1002 2041 1101 2115 12)
1153 2056 1166 2097 :
1235 2057 1264 2092 «
1322 2037 1541 2094 Pastor
1596 2041 1940 2092 creatur....
2004 2037 2220 2110 Neque
2274 2035 2440 2094 enim
2499 2035 2976 2112 Carthaginensi
3033 2044 3276 2096 tantum
3337 2038 3650 2106 Ecclesiae,

235 2138 351 2178 nec
411 2119 659 2190 Africae,
721 2117 799 2177 ab
857 2135 952 2189 eo,
1011 2124 1073 2176 et
1129 2122 1385 2193 propter
1443 2134 1585 2173 eum
1641 2115 1829 2173 etiam
1889 2132 2054 2194 nunc
2112 2115 2298 2174 clarae
2357 2124 2418 2174 et
2469 2115 2700 2175 celebri
2758 2117 3119 2194 praeficitur,
3169 2135 3382 2175 verum
3435 2119 3648 2189 etiam,

235 2206 381 2269 etc.,
419 2219 447 2254 ι)
514 2198 828 2257 videbitur
883 2215 1035 2256 sane
1080 2197 1470 2272 'l‘heologum
1523 2194 1816 2272 Cypriani
1870 2193 2383 2270 Carthaginensis
2433 2214 2660 2255 nomen
2712 2193 3028 2256 celebrare
3075 2196 3366 2256 voluisse.
3419 2198 3652 2257 Verum

234 2277 538 2338 orationis
595 2277 785 2337 series
841 2278 1024 2354 plura
1080 2277 1358 2347 exhibet,
1420 2293 1561 2353 quae
1619 2275 1764 2334 huic
1819 2275 2132 2351 Cypriano
2194 2276 2555 2334 nullatenus
2611 2295 2955 2353 congruere
3012 2278 3272 2355 possint,
3326 2277 3453 2337 imo
3512 2295 3653 2355 quas

233 2365 608 2435 repugnent.
686 2358 1115 2418 Dicendumne
1193 2358 1384 2430 igitur
1461 2373 1699 2414 errasse
1776 2355 2192 2430 Gregorium,
2277 2355 2582 2435 aeduos
2664 2358 3012 2435 Cyprianos
3085 2357 3508 2416 confudisse?
3587 2357 3653 2416 Id

231 2434 677 2499 animadvertit
731 2437 950 2497 Billius
1004 2437 1160 2514 (39)
1214 2454 1226 2506 ;
1308 2443 1370 2494 et
1427 2443 1494 2493 ut
1551 2436 1916 2510 Gregorium
1975 2443 2259 2493 nostrum
2322 2434 2400 2494 ab
2460 2453 2671 2494 errore
2728 2434 2838 2496 aut
2897 2439 3216 2497 memoriae
3273 2437 3458 2515 lapsu
3517 2437 3656 2496 vin-

229 2519 433 2590 dicet,
511 2517 834 2594 geminum
888 2517 1270 2595 Cyprianum
1327 2515 1704 2596 carthagine
1762 2522 1978 2596 natum
2039 2516 2266 2591 tingit;
2329 2533 2443 2573 nec
2499 2515 2843 2577 absurdum
2906 2525 3085 2593 putat
3141 2518 3299 2577 duos
3357 2518 3655 2596 ejusdem

231 2599 505 2658 nominis
583 2600 786 2669 viros,
866 2594 946 2656 in,
985 2594 1224 2656 eadem
1303 2594 1456 2653 urbe
1530 2602 1754 2675 natos,
1838 2594 2081 2653 diverso
2142 2606 2423 2670 tempore
2481 2596 2765 2656 eamdem
2825 2598 3035 2656 sedem
3099 2594 3470 2675 occupasse.
3532 2597 3660 2657 Sed

230 2678 496 2739 subinde
553 2679 826 2750 fatetur,
902 2677 1112 2753 quod,
1198 2699 1228 2733 α
1281 2675 1454 2735 velut
1525 2674 1586 2732 in
1659 2675 1938 2750 gemellis
1991 2675 2287 2732 fratribus
2345 2675 2705 2751 interdum,
2786 2678 3004 2737 formae
3063 2674 3476 2737 similitudine
3533 2677 3645 2737 de-

229 2759 432 2837 cepti,
517 2757 785 2818 alterum
859 2775 974 2833 pro
1053 2754 1664 2837 altero__accipimus
1704 2772 1730 2837 _;
1811 2754 1900 2837 ita
1957 2755 2290 2837 Gregorius
2347 2755 2409 2813 in
2469 2756 3054 2837 duobusﬂejusdem
3116 2758 3387 2817 nominis
3445 2756 3641 2830 viris,

232 2833 716 2917 multarumque
760 2837 1056 2917 virtutum
1114 2833 1969 2917 similitudineconjunctis,
2047 2834 2464 2917 Antiocheno
2500 2833 2818 2895 nonnulla
2879 2837 3213 2910 tribuerit,
3290 2856 3431 2915 quae
3488 2838 3638 2897 Car-

233 2914 616 2996 thaginensf
643 2916 1120 2977 conveniebant.
1172 2938 1202 2970 »
1281 2915 1454 2996 Idem
1530 2914 1918 2996 difﬁcultatis
1993 2915 2195 2974 nodus
2269 2915 2374 2996 diu
2451 2915 2758 2974 incertum
2839 2918 3040 2976 tenuit
3095 2914 3410 2977 eruditum
3471 2919 3643 2977 Oxo-

233 2994 511 3058 niensem
569 2999 864 3076 Cypriani
921 2995 1429 3076 Carthaginensis
1485 2996 1785 3054 editorem
1829 2994 1999 3076 (40);
2064 2996 2170 3053 sed
2230 2995 2416 3052 aliam
2476 2996 2624 3053 nodi
2680 2997 2957 3055 solvendi
3021 2998 3182 3056 viam
3244 2997 3637 3074 aggreditur.

234 3078 443 3138 Fellus
501 3074 794 3156 namque,
853 3077 1019 3154 pari,
1079 3096 1153 3136 ac
1207 3075 1453 3143 Billius,
1514 3093 1664 3150 erga
1721 3074 2088 3150 Gregorium
2147 3082 2428 3156 nostrum
2490 3077 2888 3136 veneratione
2945 3078 3200 3150 ductus,
3265 3097 3342 3136 ne
3401 3077 3464 3136 in
3522 3078 3645 3136 hac

240 3177 308 3218 re
364 3154 727 3236 culparetur
779 3158 1173 3232 'l‘he010gus,
1235 3156 1487 3214 unicum
1541 3156 1849 3236 duntaxat
1905 3155 2189 3236 agnoscit
2241 3154 2661 3236 Cyprianum,
2720 3176 2989 3234 eumque
3041 3159 3645 3235 Carthaginensem,

237 3239 344 3299 sed
423 3233 564 3316 qua:
640 3239 716 3298 de
789 3237 1176 3297 Antiocheno
1249 3238 1579 3305 feruntur,
1655 3235 1817 3293 inter
1882 3233 2141 3316 fabulas
2215 3240 2522 3316 numerat.
2586 3234 2745 3305 Quin
2804 3233 2990 3296 etiam
3050 3233 3646 3314 aperte—declarat,

237 3313 603 3395 Gregorium
659 3323 790 3377 tam
850 3317 1189 3377 oscitanter
1239 3334 1447 3375 errare
1518 3333 1643 3373 non
1720 3313 2035 3391 potuisse,
2119 3321 2187 3373 ut
2241 3314 2607 3392 episcopum
2660 3313 3119 3376 Antiochenum
3178 3335 3323 3377 cum
3377 3318 3648 3378 Cartha-

234 3399 479 3479 ginensi
533 3398 966 3458 confunderet.

319 3481 393 3540 ll.
459 3480 687 3538 Verum
763 3483 1098 3554 supersunt
1171 3473 1593 3533 vetustissima
1672 3476 2081 3554 monumenta
2150 3472 2378 3549 quibus
2453 3473 2658 3554 plane,
2699 3474 3169 3535 demonstratur
3219 3476 3651 3554 Cyprianum,

237 3559 588 3618 Antiochia
642 3559 704 3616 in
762 3552 1087 3616 Phoenicia
1137 3554 1523 3632 episcopum,
1583 3571 1800 3611 verum
1860 3552 2188 3634 exstitisse.
2253 3553 2740 3634 Constat‘enim
2789 3556 2955 3630 apud
3013 3552 3656 3634 eruditos—Cypriani

237 3639 612 3699 Antiochem
671 3649 732 3697 et
779 3639 1039 3697 Justinae
1099 3631 1196 3693 res
1254 3644 1458 3710 gestas
1512 3634 1718 3693 statim
1785 3639 1924 3708 post
1978 3632 2226 3712 illorum
2291 3631 2660 3712 martyrium
2719 3633 2907 3692 fuisse
2956 3631 3660 3712 conscriptastxstat

238 3719 584 3779 etiamnum
645 3737 804 3795 opus
881 3718 944 3774 in
1001 3723 1125 3773 tres
1200 3721 1410 3790 partes
1487 3733 1624 3795 seni
1675 3713 1866 3770 libros
1931 3711 2248 3795 divis-ruma
2302 3711 2522 3795 Prima
2577 3730 2722 3788 pars
2802 3713 3148 3795 mirabilem
3223 3715 3515 3792 Cypriani
3593 3723 3662 3774 et

241 3800 507 3860 Justiua:
567 3790 1034 3859 conversionem
1092 3795 1547 3871 complectitur.
1609 3794 1678 3852 1n
1737 3792 2011 3851 secunda
2067 3790 2417 3867 Cyprianus
2467 3791 2612 3850 vitae
2671 3810 2798 3850 suae
2871 3812 2943 3853 ac
3012 3790 3339 3853 criminum
3401 3795 3657 3853 confes-

241 3881 505 3952 sionem,
558 3898 802 3938 necnon
859 3885 920 3936 et
977 3876 1362 3952 magicarum
1417 3873 1644 3932 artium
1705 3871 1924 3931 seriem
1984 3871 2160 3930 texit.
2215 3874 2283 3952 In
2339 3871 2518 3930 tertia
2571 3873 2840 3948 denique
2901 3875 3224 3951 utriusque
3281 3875 3656 3951 martyrium

241 3960 640 4018 describitur.
704 3956 901 4031 Hujus
957 3951 1164 4034 operis
1213 3955 1488 4014 secunda
1542 3971 1726 4034 pars,
1799 3953 2216 4034 jam_Latine
2273 3951 2335 4009 in
2395 3952 2737 4010 Bodleiana
2795 3954 3180 4014 bibliotheca
3240 3962 3534 4032 reperta,
3622 3973 3662 4013 a

244 4040 414 4099 Fello
473 4041 678 4098 fuerat
732 4030 1018 4097 UXoniee'
1048 4053 1276 4094 excusa
1333 4053 1498 4092 anno
1547 4030 1735 4091 1700.
1798 4030 2088 4091 Geminas
2149 4047 2294 4088 vero
2354 4039 2587 4110 partes,
2648 4050 2873 4108 nempe
2929 4034 3197 4110 primam
3257 4030 3329 4093 eti
3375 4034 3656 4106 tertiam,

250 4138 392 4196 quae
442 4118 720 4178 nondum
773 4116 1157 4196 prodierant,
1193 4114 1255 4172 in
1310 4121 1551 4196 vetusto
1601 4113 1812 4196 codice
1852 4117 1923 4196 _b‘.
1956 4110 2239 4196 Audoeni
2283 4109 2805 4196 llpthomagensis
2851 4109 3037 4172 etiam
3087 4114 3655 4196 Latinerepertas,

246 4190 576 4258 ediderunt
633 4200 693 4257 in
754 4190 866 4256 suo
925 4195 1362 4257 Anecdotorum
1421 4194 1687 4251 thesauro
1745 4192 1870 4267 (41)
1943 4191 2168 4249 eruditi
2228 4190 2620 4265 antiquitatis
2676 4192 3075 4263 indagatores
3131 4194 3327 4253 nostri
3383 4190 3658 4254 domnus

248 4281 611 4338 Edmundus
671 4283 832 4336 436
892 4277 1169 4336 Martene
1227 4280 1287 4331 et
1342 4274 1609 4331 domnus
1669 4273 1925 4331 Ursinus
1981 4271 2261 4351 Durand.
2321 4271 2536 4330 addita
2593 4273 2866 4331 secunda
2925 4283 3125 4349 parte,
3185 4293 3327 4351 quae
3376 4273 3509 4351 jam
3569 4274 3654 4334 ab

245 4359 579 4419 Uxoniensi
633 4359 870 4418 editore
929 4354 1298 4435 pervulgata
1347 4354 1570 4435 fuerat.
1630 4351 1986 4435 Primitivus
2044 4350 2294 4435 quidem
2357 4351 2575 4435 primae
2628 4361 2686 4410 et
2747 4354 2946 4412 tertiae
2997 4350 3216 4431 partis,
3243 4350 3452 4413 textus
3498 4353 3661 4413 desi-

243 4439 520 4499 deratur.
583 4439 872 4498 Secunda
929 4431 1078 4495 vero
1139 4453 1304 4510 pars,
1359 4431 1653 4510 Cypriani
1713 4431 1945 4488 scilicet
2002 4431 2327 4499 confessio,
2383 4432 2462 4489 ad
2520 4451 2631 4489 nos
2687 4450 2885 4508 usque
2941 4435 3151 4493 Graece
3205 4435 3450 4510 integra
3505 4452 3657 4510 per-

242 4521 437 4579 venit.
501 4523 670 4578 l-lanc
727 4515 1150 4594 suppeditavit
1208 4513 1595 4594 bibliotheca
1646 4511 2025 4594 Colbqeltina.
2083 4511 2202 4569 Sed
2258 4516 2850 4594 _postquam_vetus
2923 4513 3356 4590 interpretatio
3430 4514 3658 4573 Latina

243 4618 280 4658 a
339 4598 510 4660 Fello
568 4599 760 4671 edita,
805 4590 950 4657 cum
1012 4598 1223 4655 Graeco
1281 4600 1451 4651 textu
1517 4592 1630 4649 fuit
1689 4591 1939 4659 collata,
1993 4597 2085 4649 tot
2116 4590 2430 4671 tantisque
2490 4591 2681 4651 naavis
2736 4609 2807 4650 ac
2863 4595 3182 4653 erroribus
3233 4601 3468 4653 scatere
3518 4594 3658 4653 visa

241 4686 374 4751 est,
456 4686 526 4738 ut
580 4669 831 4738 necesse
887 4678 1074 4735 fuerit
1129 4692 1354 4732 novam
1429 4671 1617 4748 huius
1674 4673 1878 4747 operis
1934 4669 2512 4751 interpretationem
2574 4672 2790 4731 Latine
2849 4673 3053 4733 edere.
3114 4676 3293 4733 Hunc
3367 4673 3655 4732 laborem

244 4750 518 4836 sussepit
573 4759 645 4816 D.
696 4758 1072 4817 Prudentius
1129 4756 1392 4821 Maran;
1457 4759 1518 4811 et
1566 4752 1861 4836 Cypriani
1909 4750 2284 4836 Antiocheni
2340 4751 2803 4836 confessionem
2848 4771 2885 4810 a
2943 4773 3005 4812 se
3059 4753 3292 4836 Latine,
3335 4753 3654 4836 redditam

243 4829 526 4917 vulgavit
581 4857 721 4898 cum
784 4841 998 4899 Graeco
1057 4840 1229 4895 textu
1288 4850 1454 4892 anno
1513 4835 1689 4902 1727,
1750 4831 1827 4890 ad
1896 4829 2129 4889 calcem
2190 4849 2366 4889 novae
2424 4832 2713 4891 editionis
2769 4835 3042 4910 Operum
3100 4833 3298 4893 sancti
3353 4834 3655 4912 Cypriani

240 4919 768 4981 Carthaginensis.

320 4938 468 4979 .rtna
519 4938 768 4979 mensis.

320 5001 426 5061 ΙΙΙ.
473 4938 791 5059 8Praeterea
846 4996 1124 5057 Eudocia
1179 4998 1497 5069 Augusta,
1573 4989 1910 5050 Theodosii
1958 4988 2228 5066 junioris
2285 5008 2482 5062 uxor,
2559 4989 2814 5050 heroico
2872 4992 3187 5062 carmine,
3265 4998 3422 5052 teste
3478 4992 3652 5052 Pho-

242 5080 326 5140 tio
377 5080 526 5158 (42),
578 5081 777 5139 tribus
831 5079 1045 5138 itidem
1078 5074 1298 5158 libris,
1351 5079 1413 5131 et
1470 5070 1689 5158 eodem
1744 5069 1968 5158 ordine
2025 5089 2234 5158 quem.
2270 5071 2455 5129 modo
2517 5070 2866 5158 retulimus,
2916 5073 3214 5158 Cypriani
3271 5081 3332 5158 et
3385 5072 3652 5158 Justinus

238 5149 434 5231 Acta,
481 5149 640 5218 'non
700 5160 778 5218 ad
849 5159 1000 5217 artis
1073 5153 1434 5220 licentiam,
1517 5151 1622 5209 sed
1683 5150 1758 5207 ad
1824 5150 2096 5231 historia:
2156 5149 2384 5219 fidem,
2466 5149 2853 5226 conscripsit.
2916 5153 3250 5229 Gregorius
3306 5153 3440 5230 ipse
3495 5153 3654 5211 citat

238 5229 532 5319 Cypriani
591 5242 1067 5308 confessionem,
1115 5235 1488 5319 etﬂeadem,
1552 5249 1624 5289 ac
1685 5229 1988 5299 Eudocia,
2049 5233 2126 5288 de
2168 5230 2288 5319 _i_|l_o
2347 5236 2908 5319 commemorat.‘«
2954 5229 3384 5319 Quis_ergo,’»
3439 5232 3654 5309 inquit

236 5309 748 5382 DZ-Prudentius
826 5319 1043 5378 Maran
1105 5312 1247 5393 (43),
1337 5335 1367 5366 «
1428 5329 1576 5393 eum,
1649 5328 1970 5393 nunquam
2048 5310 2354 5368 exstitisse
2412 5309 3004 5393 s_i_bi_p_ers_uadeat,
3086 5314 3162 5372 de
3219 5332 3345 5390 quo
3398 5318 3654 5393 exstant

234 5407 645 5463 monumenta
692 5401 859 5459 illius
907 5387 1227 5476 temporis,
1282 5411 1407 5470 quo
1457 5391 1681 5449 vixisse
1729 5390 1976 5461 dicitur,
2040 5407 2198 5467 pene
2247 5387 2572 5465 aaqualia?
2629 5389 2881 5449 Fabula:
2929 5391 2991 5450 in
3044 5387 3300 5452 remotis
3348 5391 3650 5452 aetatibus

306 5536 422 5606 (39)
453 5537 686 5603 Argum.
717 5534 775 5589 in
808 5533 961 5588 hanc
992 5536 1136 5588 orat.
1746 5597 1754 5606 .
2065 5523 2176 5667 (42)
2209 5521 2345 5601 Cod.
2377 5537 2637 5602 cnxxxrv,
2671 5538 2726 5593 p.
2763 5523 2885 5578 416.

306 5606 417 5667 (40)
451 5605 590 5662 Fell.
617 5611 797 5663 Oxon.
833 5608 1002 5667 Cypr.
1036 5605 1152 5667 ed.,
1185 5604 1226 5658 t.
1259 5599 1327 5667 ΙΙ,
1363 5617 1418 5667 p.
1454 5597 1577 5667 196,
1609 5595 1794 5651 Monzt.
2090 5595 2177 5663 43)
2216 5593 2340 5649 Vita
2373 5591 2562 5665 Cypra,
2595 5609 2655 5648 1n
2685 5611 2834 5650 nova
2861 5612 2885 5651 ε

451 5591 1002 5737 ξθὶὲίθχοηίϐῗξρν.
1036 5605 1152 5674 ed.,
1185 5604 1226 5658 t.
1259 5599 1327 5674 II,
1363 5617 1418 5674 p.
1454 5597 1577 5667 196,
1609 5595 1794 5651 Monit.
2065 5591 2177 5667 (43)
2216 5592 2340 5649 Vita
2373 5591 2562 5665 Cypra,
2595 5593 2655 5648 in
2673 5591 2834 5650 “nova
2861 5595 2951 5651 ed.
2985 5613 3043 5670 p.
3076 5613 3312 5654 xxxvm.

505 5717 520 5733 .
637 5720 650 5751 ,
683 5694 741 5754 p.
920 5719 933 5735 .

335 5675 423 5752 41)
455 5675 520 5735 'r.
554 5676 650 5751 IIl,
683 5694 741 5754 p.
775 5675 933 5736 1618;
