4056 6274
436 451 593 515 1169
1281 449 1574 511 ORATIO
1617 450 2038 513 XXIV.—IN
2083 452 2402 513 LAUDEM
2453 454 2518 512 S.
2568 452 2962 515 CYPHIANI.
3695 450 3852 510 H70

434 584 711 646 latebras
768 588 1108 663 quaerunt;
1170 602 1283 643 nec
1342 583 1673 665 quisquam
1736 590 1861 644 tam
1922 584 2133 665 inepte
2192 585 2510 657 mentitur,
2561 590 2633 646 ut
2688 604 2829 665 quae
2886 603 3069 645 nemo
3122 583 3349 644 vidisse
3397 601 3462 643 se
3509 584 3852 665 aut_audi-

433 666 597 725 visse
658 662 965 740 meminit,
1028 683 1101 725 ea
1161 684 1361 743 nuper
1418 665 1479 723 in
1540 664 1887 724 clarissima
1944 664 2079 724 luce
2135 670 2198 724 et
2249 667 2528 726 omnium
2589 662 2787 727 oculis
2843 666 3121 726 evenisse
3174 666 3395 742 ﬁngat.
3428 686 3458 717 »
3523 662 3644 724 Sed
3698 663 3849 723 dum

434 747 669 806 fatetur
727 745 820 804 vir
875 745 1179 816 eruditus,
1230 745 1447 821 negari
1503 764 1625 803 non
1689 763 1867 823 posse
1924 744 2233 825 exstitisse
2290 746 2673 825 Cyprianum
2730 747 3214 819 Antiochenam,
3269 744 3583 825 detinetur
3638 748 3848 825 tamen

437 825 778 904 quominus
835 826 1230 885 assentiatur.
1295 835 1425 906 tum
1490 826 1810 906 Gregorio,
1870 830 2005 906 tum
2063 824 2465 887 Tillemontio
2522 836 2583 887 et
2638 827 2798 899 aliis,
2856 828 2965 906 qui
3020 826 3469 886 confessionem
3528 824 3710 884 istam
3754 824 3849 906 _ab

434 907 573 984 ipso
635 910 909 983 martyre
966 907 1261 982 scriptam
1322 905 1780 985 existimarunt.
1860 904 2047 965 Plura
2098 907 2332 979 refert,
2410 926 2551 985 quae
2608 904 2891 985 profecto
2945 907 3317 968 sententiam
3380 924 3557 964 suam
3618 904 3846 964 conﬁr-

436 1003 609 1047 mare
666 985 977 1044 videntur.
1042 988 1197 1045 Nam
1255 985 1560 1045 confessio
1616 984 1757 1060 ista,
1820 994 2049 1063 praeter
2104 984 2728 1065 quosdam’mag’icaa
2788 988 2935 1045 artis
2994 989 3252 1047 effectus
3304 985 3584 1046 fabulam
3660 984 3845 1044 redo-

437 1066 1165 1146 lentes,rcomplectitur
1209 1067 1408 1146 etiam
1467 1065 1722 1143 longam
1779 1066 2165 1142 magicarum
2225 1067 2453 1126 artium
2514 1068 3027 1146 descriptionem,
3091 1074 3151 1126 et
3210 1066 3551 1146 exquisitas
3605 1082 3679 1123 ac
3736 1065 3846 1124 fri~

434 1147 613 1225 gidas
668 1145 743 1206 de
786 1145 1064 1225 singulis
1119 1145 1406 1205 vitiorum
1465 1146 1680 1205 formis
1737 1146 2077 1223 ambages,
2156 1164 2296 1223 qua:
2354 1149 2667 1207 curiosum
2728 1145 2946 1225 magis
3015 1148 3296 1207 animum
3355 1164 3547 1224 quam
3604 1146 3848 1223 peccati

434 1224 651 1287 dolore
710 1224 1002 1285 affectum
1056 1225 1359 1285 indicant.
1420 1226 1543 1285 Sed
1594 1226 1883 1303 quamvis
1939 1226 2183 1286 dubitet
2240 1235 2450 1286 utrum
2514 1229 2571 1286 id
2633 1247 2791 1302 opus
2850 1224 2930 1286 sit
2985 1246 3127 1287 vere
3184 1226 3492 1306 genuinus
3550 1226 3845 1304 Cypriani

434 1307 616 1374 fetus,
669 1312 849 1383 putat
904 1312 1113 1366 tamen
1162 1306 1328 1365 illius
1375 1306 1846 1366 conversionem
1896 1306 2124 1366 fabulis
2173 1325 2298 1367 non
2347 1326 2479 1367 esse
2530 1308 2985 1377 ascribendam,
3041 1305 3280 1375 nec,'si
3328 1306 3470 1384 quis
3519 1305 3843 1383 egregium

433 1386 601 1446 istud
664 1385 956 1464 martyris
1014 1386 1248 1445 factum
1296 1386 1576 1462 elegerit,
1630 1387 1694 1445 in
1753 1404 1879 1465 quo
1927 1388 2212 1446 ornando
2261 1392 2323 1446 et
2368 1388 2810 1464 ampliﬁcando
2859 1389 3234 1455 elaboraret,
3285 1386 3517 1446 idcirco
3570 1386 3843 1446 historiae

435 1484 748 1526 summam
807 1466 868 1525 in
922 1467 1339 1545 suspicionem
1398 1467 1794 1540 vocandam;
1856 1485 1999 1526 cum
2076 1467 2420 1543 praesertim
2493 1468 2761 1545 scriptor
2824 1467 2930 1527 ille
2988 1471 3076 1526 uti
3134 1467 3409 1545 potuerit
3466 1466 3840 1544 antiquiori-

434 1545 553 1606 bus
610 1546 1052 1622 monumentis,
1113 1565 1253 1624 quee
1317 1547 1672 1625 «Cypriani
1732 1552 1794 1607 et
1846 1546 2109 1608 Justinae
2168 1551 2410 1618 Acta,»
2475 1554 2542 1606 ut
2597 1549 2823 1625 legitur
2878 1548 2992 1607 sub
3051 1548 3239 1608 tinem
3298 1545 3494 1606 libelli
3549 1546 3625 1605 de
3686 1545 3845 1606 utri-

435 1643 635 1706 usque
693 1625 1007 1706 passione,
1068 1648 1098 1681 «
1148 1626 1229 1686 ab
1286 1626 1462 1687 initio
1521 1644 1718 1705 usque
1772 1626 1836 1685 in
1896 1627 2085 1687 ﬁnem
2147 1628 2379 1706 scripta
2437 1629 2868 1687 continebant.
2922 1650 2950 1683 »

516 1705 621 1767 IV.
686 1706 791 1765 His
863 1705 1057 1785 igitur
1125 1706 1547 1767 monumentis
1612 1703 1839 1785 cuique
1906 1713 2194 1768 constare
2253 1703 2438 1767 debet
2494 1726 2638 1767 vere
2694 1708 3002 1767 exstitisse
3057 1708 3441 1786 Cyprianum
3498 1703 3839 1786 Antioche-

436 1803 615 1848 num.
672 1787 875 1846 Tanta
908 1784 992 1847 et
1047 1790 1173 1846 tam
1230 1788 1561 1865 perspicua
1618 1784 1753 1847 hac”
1792 1787 1871 1847 de
1927 1806 1993 1847 re
2050 1793 2386 1865 supersunt
2440 1789 2837 1858 testimonia,
2915 1794 2985 1847 ut
3042 1784 3116 1848 ea
3152 1784 3264 1847 ivir
3336 1786 3613 1864 prudens
3668 1784 3841 1844 nullo

440 1867 629 1946 modo
683 1865 939 1945 rejicere
996 1867 1212 1944 possit.
1272 1868 1452 1927 Unde
1508 1866 1769 1938 eruditi,
1832 1885 1905 1927 ac
1962 1870 2276 1946 pracipue
2331 1868 2765 1929 Tillemontius
2818 1867 2970 1946 (44)
3028 1873 3089 1927 et
3145 1870 3216 1927 D.
3276 1865 3651 1946 Prudentius
3706 1865 3839 1925 Ma-

435 1964 549 2007 rau
598 1945 749 2025 (45),
798 1953 1052 2007 censent
1100 1947 1258 2006 duos
1306 1947 1782 2024 distinguendos
1827 1945 1977 2007 esse
2017 1949 2379 2025 Cyprianos,
2434 1949 2699 2007 alterum
2750 1945 3329 2025 Carthaginensem,
3380 1945 3842 2005 Antiochenum

437 2026 754 2097 alterum;
817 2044 1085 2103 quorum
1143 2028 1381 2105 primus
1440 2027 1693 2104 quidem
1754 2026 2124 2104 martyrium
2179 2028 2556 2105 Carthagine
2614 2028 2825 2099 subiit,
2883 2047 3050 2087 anno
3108 2028 3247 2098 258,
3316 2025 3558 2085 decimo
3617 2032 3842 2086 octavo

434 2106 750 2168 Kalendas
804 2106 1089 2167 Octobris
1164 2106 1280 2166 sub
1348 2107 1680 2167 Valeriano
1737 2111 1799 2165 et
1856 2107 2136 2167 Gallieno
2213 2108 2642 2186 principibus;
2724 2108 2883 2166 alter
2936 2126 3085 2167 vero
3161 2106 3580 2176 Nicomediae,
3664 2110 3841 2165 sexto

436 2188 647 2266 Nonas
700 2186 985 2266 Octobris
1018 2187 1191 2266 anni
1249 2188 1406 2259 304,
1478 2187 1593 2246 sub
1650 2186 2034 2247 Diocletiano
2092 2194 2154 2246 et
2210 2189 2589 2247 Maximiano
2643 2187 3169 2266 imperatoribus,
3249 2199 3318 2245 ut
3378 2191 3642 2245 testatur
3712 2186 3843 2245 Eu-

433 2265 637 2338 docia,
694 2265 794 2324 cui
848 2266 964 2325 hac
1012 2265 1074 2325 in
1124 2285 1212 2335 re,
1267 2272 1335 2325 ut
1380 2268 1671 2326 observat
1716 2266 2175 2336 Tillemontius,
2221 2269 2423 2344 maior
2468 2269 2731 2327 debetur
2780 2268 2952 2337 fides,
3008 2285 3198 2345 quam
3251 2266 3549 2343 Gregorio
3598 2271 3838 2332 nostro,

432 2345 540 2424 qui
601 2368 630 2400 «
678 2346 794 2427 sub
850 2345 1035 2427 Decio
1089 2370 1114 2401 ι)
1176 2346 1557 2423 Cyprianum
1617 2347 1933 2407 exsulasse
1988 2348 2204 2407 scribit
2262 2349 2348 2427 (η.
2411 2350 2529 2426 14),
2592 2348 2855 2426 Insuper
2912 2346 3398 2419 Antiochenum,
3456 2351 3676 2427 utpote
3736 2346 3843 2427 qui

430 2429 594 2506 esset
648 2425 1067 2485 Orientalibus
1127 2428 1367 2499 notior,
1428 2434 1490 2486 et
1540 2427 1822 2504 Gregorii
1874 2425 2279 2506 temporibus.
2317 2428 2618 2497 vicinior,
2680 2425 2759 2487 in,
2804 2429 2920 2487 hac
2984 2428 3269 2487 oratione
3328 2426 3654 2486 laudatum
3710 2425 3841 2484 exi-

430 2504 807 2576 stimamus;
860 2511 1015 2565 431
1054 2512 1242 2584 atque
1290 2524 1432 2567 cum
1479 2507 1881 2567 Tillemontio
1931 2504 2109 2568 et‘D.
2145 2508 2483 2568 Prudentio
2534 2507 2749 2567 Maran
2801 2508 3084 2568 modeste
3137 2508 3406 2567 fatemur
3458 2508 3556 2566 hic
3604 2523 3844 2566 errasse

430 2585 819 2666 Gregorium,
873 2587 980 2663 qui
1041 2587 1221 2664 plura
1276 2586 1689 2660 Antiocheno,
1740 2606 1881 2665 quas
1939 2588 2019 2647 ad
2076 2588 2629 2666 Carthaginensem
2688 2589 3080 2666 spectabant,
3140 2589 3229 2647 ita
3284 2587 3589 2655 retulerit,
3645 2592 3711 2666 ut
3767 2604 3845 2644 ex

428 2664 674 2725 duobus
727 2666 1052 2745 Cyprianis
1109 2685 1302 2726 unum
1360 2666 1724 2729 efformasse
1762 2664 2089 2728 ivideatur.
2142 2670 2275 2739 Quo
2318 2664 2544 2729 autem
2606 2664 2787 2739 pacto
2844 2669 2906 2729 in
2966 2668 3135 2728 hunc
3192 2685 3468 2727 errorem
3530 2665 3841 2734 inciderit,

432 2746 591 2828 mira
639 2747 1107 2828 res_est;nisi
1165 2748 1344 2818 forte,
1400 2754 1471 2807 ut
1524 2748 1612 2807 ait
1668 2750 1739 2807 D.
1800 2750 2174 2808 Prudentius
2236 2749 2448 2809 Maran
2507 2749 2672 2828 (46),
2762 2772 2793 2803 ‹‹
2841 2749 2975 2809 haec
3031 2747 3212 2807 nobis
3270 2746 3844 2828 illiusexcusandi

432 2824 591 2885 ratio
649 2825 1045 2887 verisimilior
1103 2828 1411 2901 videatur,
1463 2846 1689 2906 nempe
1747 2845 1887 2887 cum
1938 2829 2025 2888 eis
2071 2846 2287 2887 recens
2334 2824 2675 2889 admodum
2725 2847 2866 2888 cum
2917 2828 2991 2888 iis
3040 2846 3199 2906 quos
3246 2826 3843 2906 alloquiturinter-

429 2906 678 2986 celeret
733 2907 1159 2977 consuetudo,
1220 2917 1282 2967 et
1338 2912 1482 2985 post
1536 2905 1777 2986 aliquot
1832 2908 2074 2968 dierum
2134 2927 2450 2968 sucessum
2508 2916 2923 2985 attemperate
2982 2905 3076 2967 ad,
3117 2908 3324 2986 ipsum
3383 2907 3546 2967 diem
3612 2905 3838 2986 festum

431 2985 744 3124 reditissetl,
778 2993 875 3123 but
927 2986 1060 3066 ipse
1119 2993 1408 3064 testatur,
1470 2985 1951 3066 satis’proclive
2008 2988 2125 3048 fuit
2177 2988 2241 3046 in
2300 2994 2430 3049 tam
2489 2989 2770 3066 angustis
2825 2989 2903 3047 ad
2966 3006 3061 3047 res
3121 2985 3413 3047 accurate
3469 2985 3844 3046 ediscendas

434 3082 654 3124 snaus
736 3084 773 3124 a
820 3066 839 3124 i
893 3072 956 3124 et
1012 3085 1312 3124 errare.»

434 3064 654 3127 snatiis
711 3064 839 3125 labi
893 3064 973 3126 et'
1012 3085 1245 3127 errare.
1283 3089 1312 3123 »

514 3083 654 3125 atus
711 3083 839 3125 tam
893 3083 956 3126 et
1012 3085 1312 3127 errare.»

468 3083 584 3204 pV.
655 3143 965 3206 Caeterum
1027 3146 1126 3207 hic
1181 3165 1355 3208 error
1409 3145 1566 3206 nihil
1622 3146 1700 3205 de
1755 3145 1933 3206 istius
1991 3147 2294 3207 orationis
2352 3147 2538 3206 laude
2598 3146 2891 3206 detrahit.
2952 3148 3021 3206 In
3082 3165 3156 3205 ea
3210 3145 3379 3221 viget
3438 3143 3544 3203 illa
3604 3143 3840 3221 ingenii

430 3221 523 3305 vis
599 3229 661 3283 et
734 3226 1065 3297 facundia,
1145 3246 1285 3305 quae
1357 3226 1423 3286 in
1497 3226 1739 3287 caeteris
1812 3227 2202 3287 orationibus
2261 3228 2614 3305 suspicitur.
2675 3227 2969 3304 Cypriani
3026 3245 3100 3285 ac
3155 3227 3420 3287 Justime
3480 3242 3576 3283 res
3633 3229 3843 3305 gestas

432 3303 658 3385 mirum
714 3306 779 3364 in
838 3307 1091 3367 modum
1151 3303 1406 3366 exhibet
1460 3325 1534 3367 ac
1591 3307 1993 3385 prosequitur
2062 3317 2277 3367 orator
2328 3303 2456 3374 ;_et
2504 3303 2862 3366 auditorum
2922 3313 3160 3366 mentes
3211 3306 3293 3367 ad
3346 3305 3605 3385 illorum,
3656 3304 3845 3385 simul

427 3383 907 3445 admirationem
966 3393 1027 3447 et
1081 3387 1495 3448 imitationem
1556 3383 1879 3464 provocat.
1928 3388 2218 3448 Notanda
2272 3406 2524 3465 quoque
2582 3395 2673 3447 est
2730 3388 2838 3446 illa
2898 3387 3201 3465 praeclara
3256 3386 3544 3454 Iustinae,
3596 3384 3657 3443 in
3708 3384 3844 3458 ipso

433 3465 799 3547 tentationis
856 3467 1237 3539 discrimine,
1298 3468 1378 3527 ad
1434 3467 1767 3546 Deiparam
1825 3467 2142 3546 Virginem
2200 3468 2513 3528 invocatio
2573 3468 2657 3547 (n.
2725 3468 2844 3547 ll),
2922 3486 3071 3545 qua,
3137 3490 3167 3522 «
3218 3472 3288 3526 ut
3342 3467 3530 3543 Virgo
3588 3465 3841 3547 pericli-

438 3546 597 3605 tanti
672 3546 893 3624 virgini
971 3566 1155 3625 opem
1214 3549 1444 3619 ferret,
1506 3544 1566 3604 »ἡ
1621 3548 1865 3608 orabat.
1926 3544 2161 3608 Nullibi
2217 3549 2424 3618 enim,
2499 3544 2724 3627 quarto
2782 3544 3019 3607 scilicet
3074 3547 3345 3615 saeculo,
3429 3552 3575 3627 tam_
3615 3544 3843 3603 diserto

438 3629 693 3704 tamque
747 3624 1075 3706 perspicue
1128 3648 1318 3706 quam
1366 3628 1432 3688 in
1488 3627 1609 3687 ista
1659 3629 1963 3702 oratione,
2014 3628 2215 3689 beatae
2268 3624 2536 3705 virginis
2573 3629 2783 3689 Mariae
2834 3628 3136 3688 auxilium
3186 3646 3258 3686 ac
3317 3624 3621 3706 protectio
3669 3642 3843 3706 com-

439 3705 792 3787 mendatur.
856 3705 1165 3768 Fatentes’
1204 3708 1594 3768 adversarios
1651 3708 1979 3768 habemus.
2039 3709 2311 3769 Clericus
2387 3710 2558 3787 ipse,
2644 3712 2746 3786 qui
2828 3726 2995 3786 saepe
3069 3706 3436 3787 Gregorium
3512 3705 3843 3787 rhetoricae

440 3785 603 3865 plus
655 3804 838 3864 aequo
910 3788 1242 3847 indulsisse
1314 3793 1693 3865 conquestus
1764 3795 1904 3859 est,
1990 3788 2069 3847 ad
2148 3785 2429 3848 solitum_
2479 3807 2601 3846 non
2676 3806 2863 3847 ausus
2922 3785 3277 3864 confugere
3352 3785 3840 3865 diverticulum,

440 3865 529 3945 ait
584 3863 802 3942 (47),:
894 3890 923 3921 «
985 3868 1171 3926 Nulla
1227 3866 1328 3926 hic
1384 3863 1474 3945 in_
1508 3867 1713 3925 verbis
1773 3868 2081 3945 Gregorii,
2150 3868 2254 3926 ubi
2315 3868 2695 3945 Cyprianum
2754 3868 3035 3940 invocat,
3096 3863 3156 3925 et
3202 3864 3473 3945 Justinus
3534 3864 3594 3923 in
3652 3863 3845 3923 Maria

438 3942 792 4005 invocanda
847 3945 1122 4005 studium
1176 3944 1505 4024 exprimit,
1564 3946 1768 4015 nulla,
1827 3942 2123 4024 inquam,
2185 3942 2511 4005 rhetoricas
2569 3946 2801 4021 ﬁgura,
2862 3946 3028 4004 nulla
3092 3944 3257 4004 fictio
3315 3950 3438 4024 est,
3473 3950 3716 4024 contra
3771 3961 3845 4003 ac

436 4024 681 4161 putavit
735 4043 898 4085 unus
952 4043 986 4084 e
1043 4022 1301 4100 nostris,
1364 4025 1605 4085 Caveus
1661 4022 1934 4087 nomine.
1988 4048 2017 4080 »
2096 4026 2229 4097 Quo
2285 4033 2495 4085 autem
2551 4043 2747 4096 anno,
2810 4044 3012 4101 quove
3068 4025 3130 4083 in
3189 4024 3325 4084 loco
3385 4022 3601 4083 habita
3658 4024 3846 4083 fuerit

486 4120 573 4161 aee
632 4106 877 4161 oratio.
951 4106 1171 4161 facile.
1247 4112 1382 4161 tum
1440 4123 1516 4161 ex
1573 4105 1832 4161 diversis
1888 4104 2123 4161 titulis.
2199 4113 2331 4161 tum
2389 4125 2466 4161 ex
2522 4104 2825 4161 orationis
2880 4105 3038 4161 serie
3095 4105 3389 4161 colligere
3443 4109 3559 4161 est.
3621 4103 3843 4161 Mirum

486 4120 573 4162 aee
632 4106 877 4176 oratio,
951 4106 1171 4177 facile,
1247 4112 1382 4165 tum
1440 4123 1516 4165 ex
1573 4105 1832 4166 diversis
1888 4104 2124 4179 titulis,
2199 4113 2331 4165 tum
2389 4125 2466 4166 ex
2522 4104 2825 4165 orationis
2880 4105 3038 4166 serie
3095 4105 3389 4180 colligere
3443 4109 3559 4164 est.
3621 4103 3843 4163 Mirum

431 4201 579 4242 sane
643 4184 892 4245 videtur
949 4186 1227 4246 Nicetam
1286 4184 1575 4246 Nazianzi
1632 4185 1865 4247 dictam
1927 4186 2336 4246 existimasse.
2397 4188 2653 4245 Constat
2708 4185 2873 4245 enim
2932 4185 3303 4263 Gregorium
3377 4204 3406 4241 α
3456 4183 3724 4263 brevem
3767 4201 3841 4243 ac

430 4269 815 4348 recentem_»
878 4283 1019 4325 cum
1072 4266 1167 4337 iis,
1230 4284 1389 4343 quos
1438 4266 1811 4348 alloquitur,
1879 4289 1909 4348 (ς
1953 4284 2025 4327 co

2242 4267 2466 4327 ldinem
2515 4290 2544 4321 υ
2608 4266 2924 4348 habuisse,
2990 4261 3222 4348 βρᾷχεῖα
3252 4271 3526 4348 συνήθξια,
3588 4270 3657 4323 ut
3709 4261 3844 4348 ipse

433 4342 715 4425 loquitur
764 4345 861 4425 (n.
920 4348 1033 4424 2),
1094 4364 1169 4407 ac
1226 4342 1489 4425 proinde
1546 4342 1949 4407 Nazianzenis
2001 4347 2360 4408 nullatenus
2422 4346 2753 4407 convenire
2811 4342 3036 4419 posse.
3076 4342 3144 4406 Id
3200 4363 3350 4404 vero
3403 4344 3845 4403 Constantino-

434 4362 715 4482 ioquuur
764 4362 861 4425 in.
920 4362 1033 4424 2),
1094 4364 1169 4407 ac
1226 4362 1489 4425 prclnue
1546 4362 1949 4407 nazianzems
2001 4362 2360 4408 nullatenus
2422 4365 2753 4407 convenire
2811 4364 3016 4419 posse.
3078 4362 3144 4406 lu
3200 4363 3350 4404 vero
3403 4362 3842 4403 uonstanuno-

434 4441 515 4502 po
545 4424 731 4484 itanis
785 4426 1072 4505 apprime
1128 4427 1439 4503 congruit.
1501 4427 1735 4488 Deinde
1791 4427 2151 4505 Theologus
2209 4428 2371 4487 hanc
2429 4427 2782 4487 orationem
2838 4431 3021 4486 vocat
3080 4425 3165 4505 (n.
3232 4425 3330 4505 19)
3370 4447 3430 4505 Α‹‹
3471 4441 3842 4505 sermonum

432 4522 688 4599 quorum
768 4504 1196 4599 primitias”).
1240 4514 1336 4599 ut_
1381 4507 1782 4599 signific_et_a
1837 4526 1902 4568 se
1957 4502 2107 4599 tunc
2172 4510 2443 4586 primum
2505 4513 2789 4567 sanctum
2846 4502 3186 4599 martyrem
3235 4502 3510 4598 laudari.
3570 4503 3840 4565 Conclu-

431 4583 709 4645 dendum
766 4583 960 4662 igitur
1014 4583 1561 4667 Constantinopoli
1617 4587 1901 4650 habitam
1958 4583 2193 4663 fuisse;
2230 4594 2312 4663 et,
2376 4593 2685 4667 quantum
2741 4605 2818 4647 ex
2873 4583 3056 4647 dictis
3108 4584 3418 4664 conjicere
3482 4600 3843 4664 possumus,

431 4681 644 4726 mense
697 4665 951 4727 Octobri
1009 4667 1159 4727 anni
1218 4669 1360 4727 3'19.

430 4681 644 4726 mense
697 4666 951 4727 Octobri
1009 4667 1159 4727 anni
1218 4669 1360 4729 3'19.

504 4794 620 4938 (44)
649 4794 713 4853 Τ.
747 4795 814 4852 ν.
848 4813 906 4869 p.
939 4798 1045 4852 329
1074 4802 1131 4853 et
1157 4798 1284 4852 719.

530 4868 599 4922 45
654 4868 714 4924 In
747 4885 894 4925 nova
922 4870 1014 4924 ed.
1050 4871 1217 4938 Cypr.
1244 4868 1441 4925 Carth.
1476 4884 1533 4938 p.
1566 4885 1757 4925 xxxvu
1786 4874 1843 4926 et
1871 4886 2083 4929 cxxxn.

2269 4801 2382 4870 (46)
2418 4802 2548 4857 Vita
2587 4800 2875 4873 Cypriani,
2992 4812 3229 4854 xxxvm.

1627 4885 1757 4925 :xvu
1786 4874 1843 4926 et
1871 4886 2083 4929 cxxxn.
2266 4871 2379 4938 (47)
2416 4872 2557 4928 Bibl.
2593 4873 2747 4928 univ.
2780 4876 2823 4927 t.
2856 4871 2902 4927 X
2956 4870 3055 4938 ΙΙΙ,
3087 4887 3145 4938 p.
3180 4869 3229 4925 1E

530 4868 616 4937 45)
654 4868 714 4924 In
747 4868 894 4925 nova
922 4870 1014 4924 ed.
1050 4871 1217 4943 Cypr.
1244 4868 1441 4925 Carth.
1476 4884 1533 4940 p.
1566 4885 1757 4925 xxxvu
1786 4874 1843 4926 et
1871 4886 2083 4929 cxxxn.

1698 4886 1757 4925 ru
1786 4874 1843 4926 et
1871 4886 2083 4929 cxxxn.
2266 4868 2379 4944 (47)
2416 4872 2557 4928 Bibl.
2593 4868 2747 4928 u'riiv.
2780 4876 2823 4927 t.
2856 4868 3055 4942 XVIII,
3087 4887 3145 4943 p.
3180 4869 3300 4925 121.

918 5100 1321 5198 ΛΟΓΟΣ
1383 5074 1602 5196 KA‘.

2557 5078 3019 5174 ORATIO
3089 5074 3394 5170 XXIV
3432 5088 3485 5167 ⁸.

433 5232 536 5313 Εἷς·
604 5232 694 5313 τὶν
770 5233 924 5313 ἄγιρν
1182 5235 1553 5313 ἱερομάρτρρα
1627 5237 1956 5313 Κυπριανὸνμ,

2249 5257 2261 5295 ι
2293 5238 2515 5313 laudem
2545 5239 2599 5293 S.
2634 5240 2896 5313 martyris
2931 5237 3200 5313 Cypriani
3210 5251 3372 5313 ἵἐιιηι
3399 5232 3665 5313 postridie
3695 5233 3851 5289 illius

511 5303 681 5381 ἀγροῦ
759 5303 893 5378 μέτὰ
968 5303 1099 5381 μζίακὶ
1165 5303 1263 5379 τῆξ
1307 5303 1317 5310 ’
1361 5303 1545 5381 ante;
1632 5303 1841 5385 ἡμιραν
1927 5303 2089 5365 {navi

514 5378 772 5446 ἥκοντος.

2339 5312 2598 5367 solemnis
2626 5303 2904 5367 mimériaz
2932 5303 3070 5365 rure
3101 5309 3353 5364 redimet
3394 5303 3703 5375 Gregorius.

515 5466 593 5519 A'.
630 5469 839 5538 Μικροῦ
888 5468 1189 5542 Κυπριανὸς
1239 5466 1486 5545 διέφυγεν
1536 5468 1720 5542 ἡμᾶς·
1774 5466 1819 5522 ὥ
1858 5474 1962 5539 τῆς
1994 5474 2090 5540 ζη-

2270 5476 2315 5525 Ι.
2348 5471 2671 5543 Cyprianus
2697 5472 2813 5527 fere
2841 5487 2945 5525 nos
2967 5469 3199 5540 effugit:
3224 5484 3256 5523 o
3288 5466 3494 5539 ingens
3524 5464 3807 5521 damnum
3831 5467 3849 5503 ι

512 5573 619 5649 (48)
652 5570 744 5649 Ei:
772 5572 863 5649 τεὸν
897 5572 1069 5649 ἃγιον,
1104 5583 1212 5649 etc.
1244 5575 1456 5649 Varius
1486 5575 1545 5649 in
1576 5577 1753 5649 variis
1791 5577 2091 5634 codicibus

2249 5573 2575 5649 άρςωραηέξ
2626 5574 2792 5649 ᾆγροῦ
2850 5573 3102 5649 emerita,
3144 5570 3277 5649 μετᾲ
3326 5570 3425 5649 τὴν
3486 5566 3695 5649 ἡμέριακέ
3755 5571 3851 5635 τῆς

439 5638 656 5720 legitur
685 5644 866 5716 hujus
905 5638 1183 5720 orationis
1233 5646 1459 5720 titulus.
1495 5648 1554 5720 In
1588 5648 1727 5720 Reg.
1762 5666 1795 5703 a
1827 5666 1840 5705 :
1874 5649 1967 5710 Εἷς
1998 5649 2041 5703 τὲ

2205 5638 2411 5720 iustae.
2432 5638 2773 5720 Alterﬁég.
2806 5648 2947 5703 230?
2981 5664 2994 5701 :
3029 5638 3642 5720 A'éyocAe-nnaicptoqvxdi
3668 5638 3752 5720 ἐγ.

443 5712 597 5804 ἂγῖιον
659 5712 985 5804 Κυτέριανὸν,
1012 5719 1075 5804 Ιἐξ
1123 5718 1293 5804 expc?)
1343 5712 1823 5804 ξπανήέῳν..ᾘθε.
1858 5722 1949 5804 d‘:

2243 5718 2539 5804 ,(‘alAlias
2570 5712 2764 5804 XVIII,
2798 5720 2934 5804 Quae
2977 5712 3273 5804 aute‘mAZI
3303 5712 3446 5782 erat,
3481 5729 3639 5770 nunc
3666 5712 3756 5767 34.
3784 5740 3845 5751 -

449 5787 696 5863 μάρτυρα
748 5787 1079 5868 Κυπριανόνξ
1318 5789 1397 5864 ph
1443 5806 1460 5851 :
1501 5787 1606 5856 Εἰς
1654 5787 1954 5870 Κυπριανὸν
2001 5793 2051 5849 τε

1654 5787 1954 5870 Κυπριανὸν
2001 5793 2093 5849 τὸν
2201 5787 2412 5850 Habita
2442 5807 2641 5847 mense
2670 5790 2901 5847 Octobri
2931 5788 3068 5845 anni
3098 5788 3223 5843 379.
