4056 6274
231 477 378 539 11⁸71

1468 472 1531 533 S.
1583 473 1952 534 GREGORII
1997 474 2385 536 THEOLOGI

3484 485 3642 543 “72

231 612 408 682 idque
437 627 539 667 vos
570 608 729 682 passi
755 608 920 666 estis.
974 608 1072 680 qui
1107 624 1241 664 eum
1301 607 1565 663 omnium
1628 606 1876 662 maxime

1999 604 2159 677 μίαςί
2208 607 2295 660 καὶ
2350 608 2503 679 ὑμεῖς
2552 607 2867 684 ἠνέσχεσθε,
2916 610 2968 665 ot
3019 609 3229 666 πάντων
3285 609 3497 685 μᾶλλον
3544 615 3637 669 τὸν

232 700 552 770 suspicitis,
588 700 920 769 annuisque
970 698 1292 753 honoribus
1342 712 1407 751 ac
1461 694 1708 767 publicis
1743 712 1877 751 con-

230 790 500 845 ventibus
527 788 853 845 celebratis.
889 788 1041 844 438
1074 786 1418 859 Cyprianus,
1470 784 1733 855 inquam,
1783 801 1879 839 cu-

226 878 440 949 jus,vel
469 878 699 933 etiamsi
721 877 938 949 alioqui
962 876 1270 933 oblivionis
1295 875 1430 928 vitio
1454 873 1877 940 laboraremus,

235 968 579 1022 meminisse
612 973 804 1022 tamen
837 982 1072 1021 necesse
1102 965 1329 1030 fuerat;
1364 963 1654 1033 siquidem
1674 961 1877 1033 Optimi

236 1055 611 1125 potissimum
641 1053 749 1107 viri
784 1054 1068 1108 memoria
1097 1051 1325 1107 colendi
1359 1055 1517 1119 sunt,
1551 1050 1877 1121 iique,quo-

237 1160 369 1197 rum
405 1143 741 1197 meminisse
764 1158 878 1196 non
898 1141 1070 1196 modo
1102 1141 1265 1212 pium
1290 1139 1502 1206 est,sed
1527 1139 1705 1193 etiam
1740 1138 1880 1192 utile

238 1249 303 1287 ac
336 1234 724 1287 fructuosum.
760 1234 974 1285 Verum
1030 1229 1137 1284 hoc
1170 1228 1430 1284 debitum
1491 1244 1625 1281 cum
1688 1227 1882 1281 fenore

239 1320 632 1377 dissolvamus
659 1338 673 1388 ;
705 1320 755 1375 si
786 1324 982 1375 tamen
1016 1335 1185 1391 pares
1216 1318 1299 1372 rei
1359 1316 1664 1371 facultates
1702 1315 1878 1371 babe-

239 1427 394 1478 mus,
428 1425 493 1464 ao
524 1426 638 1466 non
671 1426 866 1464 rerum
915 1408 1181 1463 omnium
1212 1411 1469 1478 egestate
1526 1410 1584 1460 et
1638 1403 1884 1475 penuria

239 1499 667 1555 conﬂictamur.
700 1499 861 1564 Quod
887 1497 935 1553 si
986 1497 1159 1552 etiam
1220 1495 1537 1550 admodum
1596 1510 1883 1565 pauperes

237 1587 627 1652 inveniamur,
660 1603 776 1641 non
808 1585 1033 1650 dubito,
1066 1585 1207 1656 quin
1237 1584 1322 1639 vir
1358 1583 1476 1653 ille,
1512 1585 1658 1637 utin
1691 1582 1878 1637 omni-

238 1679 351 1733 bus
382 1677 559 1733 rebus
588 1675 770 1731 animi
803 1673 1212 1745 magnitudine
1252 1689 1319 1727 ac
1351 1671 1640 1726 modestia
1671 1671 1880 1741 praedi-

240 1771 359 1834 tus,
391 1772 518 1820 tum
550 1768 760 1820 nostrae
794 1780 989 1831 morae,
1022 1770 1149 1816 tum
1181 1760 1409 1831 inopiae,
1458 1759 1625 1815 facile
1682 1760 1761 1815 sit
1789 1776 1883 1815 ve-

244 1855 403 1910 niam
434 1855 720 1921 daturus;
752 1852 925 1907 modo
957 1852 1063 1906 hoc
1094 1850 1331 1905 nomine
1360 1848 1580 1921 gratias
1615 1851 1724 1905 Deo
1756 1867 1886 1921 aga-

245 1943 562 2014 mus,quod
596 1941 880 1997 memoria
910 1940 1099 2011 ipsius
1128 1956 1195 1994 ex
1223 1938 1438 1995 animis
1469 1938 1685 1993 nostris
1708 1938 1887 1993 haud-

245 2048 543 2105 quaquam
574 2030 863 2101 effugerit.
903 2033 1049 2083 Vere
1086 2028 1305 2099 gratias
1356 2032 1469 2081 Deo
1502 2043 1747 2098 agamus
1782 2045 1794 2082 :
1827 2028 1885 2082 id

237 2122 392 2178 enim
425 2136 653 2191 aequum
685 2124 811 2187 est;
845 2123 1019 2189 atque
1050 2122 1114 2172 ut
1142 2116 1279 2171 hinc
1309 2116 1541 2171 initium
1575 2116 1884 2186 ducamus,

236 2226 415 2282 quam
447 2208 775 2273 commode,
828 2205 1203 2278 pulchrisque
1252 2204 1349 2260 Dei
1409 2205 1726 2272 mensuris,
1784 2204 1885 2276 qui

1988 691 2154 767 ἄνδρα
2183 696 2568 766 θαυμάζοντες,
2601 696 2691 750 καὶ
2722 703 2839 758 ταῖς
2875 695 2944 752 δι’
2991 695 3140 760 ἔτους
3186 704 3453 772 τιμῶντες
3503 700 3640 755 ἐκεῖ-

1987 803 2073 836 νον
2118 789 2303 855 τιμαῖς
2350 805 2408 838 τε
2456 784 2544 837 καὶ
2586 785 2959 861 πανηγύρεσιί
3024 789 3326 860 Κυπριανὸς
3361 793 3490 857 (49),
3553 789 3637 857 οὗ,

1987 872 2075 925 καὶ
2132 876 2247 933 τοῖς
2294 870 2474 926 τᾶλλα
2527 872 2881 946 ἐπιλήσμοσι,
2951 883 3254 947 μεμνῆσθαι
3314 882 3419 930 τῶν
3484 879 3643 954 ἀναγ-

1988 960 2188 1015 καίων·
2254 959 2400 1037 εἴπερ
2450 966 2554 1015 τῶν
2630 962 2859 1036 ἀρίστων
2924 962 3157 1037 μάλιστα
3214 967 3632 1037 μνημονευτέον,

1986 1049 2077 1102 καὶ
2109 1050 2180 1103 ὧν
2238 1051 2300 1103 τὸ
2349 1052 2651 1122 μεμνῆσθαι
2692 1050 2837 1106 ὅσιόν
2886 1073 2945 1107 τε
2993 1053 3132 1124 ὁμοῦ
3177 1054 3265 1107 καὶ
3327 1053 3632 1130 ὠφέλιμον.

1989 1136 2145 1193 Ἀλλ’
2176 1135 2466 1211 ἀποδῶμεν
2497 1138 2586 1192 σῦν
2618 1140 2765 1211 τόκῳ
2796 1140 2856 1194 τὸ
2888 1140 3071 1216 χρέος,
3128 1141 3184 1195 ἂν
3238 1142 3340 1217 ἄρα
3381 1150 3639 1198 τοσοῦτον

1990 1226 2339 1301 εὐποροῦντες
2368 1230 2479 1300 (50)
2512 1232 2784 1305 φανῶμεν,
2818 1228 2962 1283 ἀλλὰ
2997 1232 3070 1303 μή
3114 1230 3285 1284 πάντα
3349 1233 3493 1302 ὦμεν
3554 1233 3637 1287 ἐν·

1991 1313 2129 1377 δεεῖς
2158 1337 2215 1370 τε
2244 1317 2332 1370 καὶ
2364 1316 2608 1387 πένητες.
2641 1323 2739 1371 ⁹¹Αν
2799 1316 2855 1372 δὶ
2911 1319 2999 1372 καὶ
3052 1318 3169 1373 λίαν
3232 1319 3473 1389 πένητες.
3535 1320 3641 1376 οἶδ’

1991 1402 2071 1458 ὅτι
2106 1405 2466 1478 συγγνώσεται
2499 1408 2633 1476 ἡμῖν
2662 1406 2751 1459 καὶ
2780 1413 2878 1470 τῆς
2934 1408 3301 1481 ὑπερημερίας
3354 1412 3487 1482 (51),
3550 1411 3639 1464 καὶ

1988 1500 2086 1561 τῆς
2116 1494 2320 1563 πενίας,
2354 1493 2467 1548 ἐπεὶ
2516 1495 2604 1549 καὶ
2635 1502 2807 1549 πᾶντα
2862 1494 3253 1573 μεγαλόψυχος
3310 1500 3336 1552 ὁ
3370 1498 3506 1574 ἀνὴρ
3546 1500 3638 1554 καὶ

1991 1579 2287 1659 φιλόσοφος
2312 1601 2324 1614 ’
2363 1582 2523 1653 μόνον
2560 1582 2640 1650 ἂν,
2675 1582 2758 1637 ὅτι
2795 1586 2871 1656 μὴ
2906 1583 3149 1662 διέφυγεν
3200 1589 3370 1658 ἡμᾶς,
3422 1588 3645 1663 εὐχαρι-

1992 1673 2299 1745 στήσωμεν.
2351 1672 2849 1747 Εὐχαριστήσωμεν
3061 1672 3154 1728 δέ’
3198 1675 3287 1729 καί
3334 1677 3435 1752 γὰρ
3470 1676 3639 1749 ἄξιον.

1992 1761 2241 1835 Ἀρκτὲον
2295 1758 2351 1814 δὲ
2398 1759 2593 1833 οὕτως,
2639 1764 2712 1822 ώς
2763 1762 2837 1823 είς
2883 1762 3051 1817 καλὸν
3102 1764 3226 1835 ὑμῖν
3274 1763 3643 1838 ἐπανήκομεν,

1994 1850 2084 1904 καὶ
2130 1848 2322 1911 καλοῖς
2377 1849 2594 1924 μέτροις
2646 1855 2802 1907 Θεοῦ.
2852 1856 2947 1905 τοῦ
2996 1851 3169 1906 πάντα
3218 1853 3269 1907 ἐν
3300 1857 3519 1927 σταθμῴ
3548 1857 3643 1909 καὶ

2000 1939 2182 2013 μέτρῳ
2232 1936 2569 2013 διορίζοντός
2618 1959 2675 1992 τε
2722 1939 2811 1993 καὶ
2860 1936 3242 2007 διευθύνοντος,
3286 1942 3343 1996 ἐκ
3372 1950 3473 2011 τῆς
3506 1945 3641 2011 ἡσυ-

1998 2026 2123 2103 χίας
2170 2025 2256 2081 ἰπὶ
2302 2027 2392 2081 τὸν
2440 2026 2625 2101 λόγον,
2686 2027 2743 2081 ἐκ
2791 2035 2891 2097 τῆς
2937 2031 3351 2106 φιλομάρτυοος
3384 2034 3497 2103 (53)
3555 2031 3646 2086 ἰπὶ

2000 2114 2296 2191 μάρτυρας,
2331 2117 2389 2170 ἰκ
2418 2122 2517 2184 τῆς
2561 2124 2875 2189 σωματικῆς
2921 2118 3152 2180 ἀνέσεως
3197 2118 3283 2173 ἐπὶ
3329 2120 3427 2188 τὴν
3490 2141 3648 2175 πνευ-

2000 2225 2104 2277 ματ
2114 2205 2228 2272 ικήν
2262 2203 2489 2259 ἑστίασιν
2500 2246 2513 2259 .

234 2298 433 2355 omnia
474 2314 607 2353 cum
665 2297 922 2369 pondere
978 2300 1034 2350 et
1090 2311 1368 2350 mensura
1421 2294 1731 2349 constituit
1762 2310 1826 2349 ac
1859 2295 2199 2351 moderatur
2220 2297 2281 2365 ι’,
2314 2296 2382 2351 ad
2436 2312 2536 2350 vos
2594 2295 2896 2367 rediimus,
2954 2314 2986 2352 a
3034 2296 3263 2354 silentio
3320 2303 3377 2353 et
3435 2298 3645 2354 solitu-

233 2388 368 2443 dine
426 2386 498 2443 ad
558 2401 911 2451 sermonem,
945 2401 979 2440 a
1009 2389 1335 2456 martyrum
1392 2383 1655 2439 studiosa
1699 2384 1770 2439 ad
1820 2389 2125 2457 martyres,
2160 2402 2195 2441 a
2242 2402 2516 2456 corporea
2566 2384 2918 2442 relaxatione
2975 2388 3047 2442 ad
3107 2387 3440 2458 spirituales
3496 2405 3645 2461 epu-

229 2476 375 2621 lasIi.
409 2564 896 2620 Desiderabamus
928 2578 1052 2633 vos,
1084 2578 1117 2618 ο
1165 2560 1291 2628 ﬁlii,
1322 2565 1379 2616 et
1435 2560 1559 2632 pari
1608 2560 1879 2617 desiderii

230 2655 439 2710 affectu
472 2669 505 2707 a
534 2652 700 2707 vobis
721 2650 1137 2722 expetebamur
1162 2674 1176 2718 ;
1209 2649 1267 2704 id
1289 2648 1448 2704 enim
1471 2649 1616 2703 mihi
1638 2666 1879 2720 persua-

229 2743 359 2798 deo.
392 2740 597 2796 Videte
630 2739 856 2811 paterni
886 2739 1066 2795 animi
1091 2739 1440 2805 candorem;
1477 2755 1612 2793 nam
1638 2743 1694 2793 et
1723 2739 1879 2809 quod

236 2847 432 2886 meum
461 2833 549 2885 est
580 2846 773 2895 narro,
808 2834 864 2883 et
891 2832 1083 2883 vestro
1116 2844 1254 2898 erga
1304 2844 1396 2882 me
1427 2826 1657 2882 aﬂ‘ectui
1713 2828 1876 2882 testi-

230 2921 495 2974 monium
532 2919 780 2989 praebeo,
807 2922 981 2989 atque
1013 2915 1298 2971 hactenus
1329 2917 1480 2971 inter
1510 2933 1614 2971 nos
1646 2917 1876 2987 disjun-

228 3008 326 3073 cti,
360 3013 426 3063 ut
458 3006 814 3061 desiderium
845 3009 1111 3060 nostrum
1136 3004 1412 3075 utrinque
1444 3020 1778 3076 agnoscere,
1811 3022 1876 3059 ac

226 3097 356 3169 ipsa
389 3096 649 3151 locorum
680 3094 961 3150 distantia
978 3092 1765 3165 etintervallo,quemadmod
1778 3111 1874 3148 um

230 3186 485 3257 pictores
518 3182 769 3253 tabulas,
802 3182 1099 3254 explorare
1132 3199 1461 3254 possemus,
1497 3198 1701 3237 rursus
1734 3199 1876 3237 con-

231 3276 521 3330 venimus.
556 3275 741 3338 Quam
797 3288 1048 3343 magnus
1082 3272 1374 3327 memorias
1434 3272 1614 3326 fomes
1648 3277 1754 3339 est,
1790 3271 1875 3327 vel

227 3363 421 3419 brevis
470 3362 790 3417 amicorum
852 3360 1220 3415 familiaritas
1274 3366 1332 3415 et
1389 3362 1770 3429 consuetudo,
1804 3360 1874 3415 iis

230 3451 434 3521 utique
466 3449 564 3521 qui
595 3449 859 3503 moribus
908 3453 1047 3503 sunt
1101 3449 1169 3503 ad
1229 3449 1547 3503 amandum
1582 3450 1873 3520 propensi,

232 3540 450 3611 quique
480 3537 581 3593 Dei
608 3553 744 3608 erga
774 3552 958 3607 genus
989 3536 1316 3591 humanum
1349 3554 1607 3592 amorem
1640 3536 1875 3593 imitan-

230 3626 367 3683 turl
402 3627 614 3692 Quidni
646 3630 1006 3691 autem,cum
1038 3624 1384 3695 Christi,qui
1416 3631 1651 3696 propter
1674 3643 1779 3681 nos
1803 3627 1872 3682 ad

231 3716 482 3772 formam
520 3731 705 3787 usque
758 3712 1028 3769 servilem
1079 3714 1340 3783 seipsum
1386 3714 1723 3784 exinanivit,
1756 3721 1812 3771 et
1844 3734 1877 3771 a

227 3804 564 3862 ccelestibus
594 3803 818 3859 alienos
838 3810 895 3858 et
922 3802 1260 3875 peregrinos
1303 3803 1374 3858 ad
1408 3820 1470 3859 se
1500 3802 1752 3875 collegit,
1786 3805 1873 3859 di-

227 3894 482 3967 scipulos
514 3910 620 3948 nos
653 3893 1051 3965 proﬁteamur,
1084 3890 1313 3963 quidni,
1355 3891 1618 3964 inquam,
1670 3899 1873 3949 mutuo

2060 2561 2136 2617 B'.
2182 2562 2501 2633 Εποθοῦμεν
2564 2561 2721 2634 ὑμᾶς,
2765 2562 2810 2614 ὦ
2870 2561 3042 2632 τέκνα,
3101 2562 3191 2616 καὶ
3251 2562 3645 2635 ἀντεπεθούμε-

1990 2651 2055 2703 θα
2108 2654 2223 2710 τοῖς
2282 2649 2418 2712 ἴσοις
2470 2650 2687 2726 μέτροις
2740 2652 2893 2723 (54)’
2957 2650 3215 2723 πείθομαι
3276 2650 3394 2726 γάρ.
3457 2658 3645 2725 Ὀρᾶτε

1988 2738 2192 2812 πατρὸς
2224 2737 2644 2813 εὐγνωμοσύνην
2673 2758 2685 2770 ·
2717 2738 2807 2792 καὶ
2853 2738 2915 2793 τὸ
2965 2738 3200 2809 ἐμαυτοῦ
3250 2738 3419 2814 λέγω,
3452 2740 3543 2794 καὶ
3575 2741 3642 2794 τὸ

1991 2827 2246 2901 ὑμέτερον
2283 2831 2559 2901 μαρτυρῶ,
2612 2828 2699 2881 καὶ
2726 2831 2983 2881 τοσοῦτον
3029 2825 3430 2904 διαζευχθέντες
3460 2828 3639 2899 ἀκλή-

1989 2915 2124 2983 λωο,
2159 2914 2281 2969 ὅσον
2314 2916 2403 2969 τὸν
2449 2915 2618 2978 πόθον
2674 2916 2931 2990 γνωρίσαι
2957 2918 3043 2971 καὶ
3079 2914 3368 2989 δοκιμάσαι
3396 2922 3464 2991 τῇ
3498 2918 3639 2971 ἀπο-

1988 3004 2189 3073 στάσει,
2221 3006 2455 3077 καθαπερ
2489 3007 2539 3058 οἱ
2574 3006 2850 3083 ζωγράφοι
2894 3008 3006 3079 (55)
3054 3007 3179 3067 τοὺς
3227 3007 3475 3073 πίνακας,
3527 3006 3637 3060 πά-

1989 3092 2073 3148 λιν
2108 3092 2469 3166 συνήλθομεν.
2521 3095 2607 3154 Ὠς
2660 3094 2798 3168 μέγα
2848 3097 3071 3167 μνήμης
3124 3094 3300 3170 ἐμπύρ
3319 3116 3454 3167 ευμα
3502 3098 3638 3167 (56),

1985 3182 2073 3237 καὶ
2119 3184 2351 3258 βραχεῖα
2393 3184 2647 3253 συνήθεια
2695 3182 2868 3260 φίλων
2915 3187 3045 3257 (57),
3096 3191 3212 3245 τοῖς
3259 3205 3317 3238 τε
3364 3185 3635 3259 ἀγαπητιο

1984 3277 2101 3333 κοῖς
2132 3272 2223 3325 τὸν
2254 3271 2477 3345 τρόπον,
2508 3272 2597 3325 καὶ
2619 3277 2752 3326 Θεοῦ
2787 3272 3147 3345 μιμουμένοις
3180 3272 3586 3350 φιλανθρωπίαν
3613 3276 3624 3328 Ι

1906 3343 1947 3410 C
1987 3365 2110 3422 Πῶς
2144 3358 2200 3415 δί
2232 3343 2330 3415 οὐκ
2356 3358 2687 3434 ἐμέλλομεν,
2721 3343 2795 3414 ot
2829 3343 3060 3436 Χριστοῦ
3114 3343 3389 3434 μαθηταὶ,
3416 3366 3512 3417 τοῦ
3545 3382 3636 3416 κε-

1985 3450 2242 3511 νωθέντος
2277 3447 2345 3503 δι’
2374 3452 2521 3521 ἡμᾶς
2566 3448 2728 3523 μέχρι
2769 3446 2969 3503 δούλου
3024 3456 3260 3525 μορφῆς,
3310 3449 3399 3503 καὶ
3451 3449 3635 3519 ξένους

1986 3532 2142 3599 ὄντας
2167 3542 2273 3592 τῶν
2329 3537 2586 3611 οὐρανίων
2636 3537 2769 3609 πρὸς
2819 3536 3003 3590 ἑαυτὸν
3055 3537 3465 3612 συναγαγόντος,
3510 3537 3639 3600 ἀνθ-

1986 3627 2186 3699 ἑξεσθαῖ
2234 3646 2289 3679 τε
2336 3626 2423 3679 καὶ
2472 3623 2803 3700 περιέξεσθαι
2851 3622 3141 3693 ἀλλήλων,
3212 3626 3300 3678 καὶ
3368 3628 3632 3699 τηρήσειν

1981 3718 2082 3784 τὴν
2113 3710 2338 3783 ἑνότητα
2364 3718 2460 3768 τοῦ
2490 3713 2796 3786 πνεύματος
2822 3712 2871 3768 ἐν
2900 3718 2979 3785 τῷ
3020 3710 3298 3786 συνδεσμῷ
3338 3716 3437 3781 τῆς
3485 3713 3639 3788 εἰρή-

1983 3824 2102 3873 νης,
2132 3806 2165 3871 ἢ
2218 3803 2387 3876 νόμου
2430 3803 2517 3857 καὶ
2564 3805 2860 3880 προφητῶν
2910 3801 3019 3856 ἔστι
3062 3804 3382 3877 μυστήριον,
3415 3799 3510 3856 ε’ίτ’
3542 3802 3639 3856 οὗν

1982 3896 2093 3966 (58)
2123 3891 2441 3971 κεφάλαιον.

233 3999 452 4054 amoris
484 3998 790 4069 complexu
821 3996 973 4052 inter
1005 4013 1110 4052 nos
1142 3997 1517 4065 haereremus,
1551 3998 1910 4070 spiritusque
1940 4000 2225 4055 unitatem
2269 4000 2329 4055 in
2358 3998 2590 4055 vinculo
2621 3998 2783 4071 pacis
2808 3999 2873 4068 1³,
2905 4016 3028 4068 quas
3062 3997 3206 4070 legis
3236 4001 3293 4052 et
3322 3994 3644 4069 propheta-

230 4104 362 4143 rum
394 4087 763 4159 mysterium,
794 4103 898 4142 seu
930 4092 1105 4158 caput
1135 4092 1243 4157 est,
1276 4103 1644 4143 servaremus
1664 4088 1691 4143 *Ι

304 4177 403 4232 Ill.
437 4176 567 4231 Jam
602 4176 783 4246 igitur
810 4175 919 4231 hoc
950 4192 1134 4231 unum
1168 4181 1225 4231 et
1244 4176 1502 4248 primum
1526 4177 1874 4233 beneficium

237 4264 549 4329 habemus,
583 4264 737 4334 quod
772 4264 882 4335 ipsi
932 4280 1110 4335 quam
1161 4263 1461 4321 celerrime
1519 4266 1591 4320 ad
1641 4272 1879 4322 mutuos

231 4352 537 4422 amplexus
566 4353 951 4407 accurrimus.
984 4353 1181 4424 Neque
1220 4354 1377 4409 enim
1433 4352 1592 4409 zelus
1651 4372 1875 4410 moram

2059 4178 2128 4234 Γ’.
2160 4180 2254 4231 Ἕν
2293 4177 2386 4249 μὶν
2435 4174 2500 4244 δὴ
2546 4181 2708 4231 τοῦτο
2751 4178 2848 4244 τῆς
2901 4174 3203 4250 εὐεργεσίας
3247 4172 3336 4227 καὶ
3393 4177 3638 4249 πρῶτονν

1983 4265 2045 4319 τὸ
2078 4266 2151 4327 ὡς
2182 4265 2415 4341 τάχιστοι
2456 4264 2825 4339 προσδραμεῖν
2876 4263 3149 4334 ἀλλήλοις
3192 4264 3282 4317 καὶ
3313 4261 3641 4337 περιπτύξα-

1987 4356 2128 4410 σθαι.
2163 4353 2303 4411 Οὐδὶ
2332 4356 2434 4429 γὰρ
2466 4358 2616 4432 φάρει
2644 4355 2744 4423 τὴν
2777 4348 3052 4420 ἀναϐοΛήν
3092 4353 3119 4405 ὁ
3155 4349 3322 4420 ζῆλος
3348 4370 3359 4382 ⁸
3395 4349 3483 4404 καὶ
3520 4350 3638 4424 βίος

223 4441 483 4513 patitur;
517 4442 817 4513 totiusque
850 4442 976 4496 vitae
1035 4441 1222 4497 instar
1259 4446 1348 4499 est
1396 4442 1573 4499 unius
1631 4443 1871 4499 dieculae

1999 4442 2112 4506 ίλος
2141 4446 2321 4517 ἡμέρα
2356 4444 2453 4517 μία
2480 4429 2596 4506 τοῖς
2630 4439 2783 4516 πόθῳ
2827 4444 3145 4515 κάμνουσιν.
3194 4440 3447 4514 Δεύτερον
3498 4436 3573 4508 δὲ,
3610 4438 3639 4492 ὃ

294 4586 339 4622 ¹²
374 4586 509 4658 Sap.
542 4602 620 4658 χι,
650 4587 740 4642 21.
819 4585 862 4621 ¹⁸
893 4586 1106 4659 Ephes.
1137 4603 1213 4656 IV,
1240 4588 1293 4644 3.

225 4728 606 4805 xmptantxec‘
627 4727 700 4789 εἷς
728 4727 876 4805 τοὺς-
899 4729 1084 4805 ἁγίους
1121 4730 1423 4805 Κυπριανόν
1454 4731 1544 4805 καὶ
1580 4732 1870 4802 Ἰουστίνην

226 4797 353 4882 τοῦς
413 4797 744 4882 φιλοσόφους
793 4800 881 4855 καὶ
936 4797 1252 4882 μάρτυραςξ
1283 4828 1311 4854 ‹‹
1364 4804 1559 4861 Oratio
1586 4797 1877 4882 funebris

229 4879 284 4948 et
314 4874 659 4948 pan‘egyrica
701 4874 758 4927 in
810 4874 1043 4930 sanctos
1076 4876 1425 4948 Cyprianum
1475 4883 1531 4931 et
1577 4877 1875 4931 Justinam

228 4945 611 5020 philosOph_os
658 4951 713 4999 et
764 4951 1064 5020 martyres.
1092 4945 1321 5003 »Ῥω-,ι
1356 4946 1454 5020 ,Εἰς
1495 4948 1554 5000 τὸ
1596 4948 1743 5020 ἅγιον
1780 4955 1878 5020 Κυε

224 5014 475 5087 πριανόνζ
503 5016 819 5091 Nicetasin
858 5014 1161 5091 Comment.
1186 5037 1205 5074 :
1232 5018 1377 5071 Μετὰ
1407 5022 1535 5091 γοῦν
1559 5014 1697 5091 *μίαν
1731 5018 1873 5091 ἡμέ-

226 5105 319 5161 ραν
368 5092 470 5175 τῆς
524 5089 621 5173 τοῦ
687 5087 958 5212 μάρτυρος
1019 5090 1245 5160 μνήμης
1307 5087 1874 5163 παραγενόμενος,’τὸ

226 5157 392 5212 παοὸν
428 5176 502 5212 εις
552 5157 708 5211 αυτὸν
780 5160 1023 5212 γκώμιον
1076 5158 1395 5212 thetin-nos.
1433 5163 1773 5212 «Postridie
1804 5162 1873 5212 il-

224 5155 502 5241 παρὸν-εἷς
552 5155 708 5211 αὐτὸν
754 5155 1027 5241 ἰγκῶμιον
1076 5155 1395 5237 ἐξεφώνησεξ
1433 5155 1773 5241 <<'_Postrid_ie
1804 5162 1873 5216 il-

222 5230 337 5285 lius
387 5230 521 5296 diei,
556 5246 669 5300 quo
730 5230 999 5303 martyris
1061 5230 1533 5289 conimemoratio
1591 5234 1869 5288 celebrari

223 5302 650 5376 solebat,_rure_
676 5302 959 5373 reversus,
995 5303 1144 5359 hanc
1176 5305 1234 5359 in
1266 5305 1451 5376 ipsius
1479 5306 1707 5360 laudem
1742 5322 1869 5360 ora-

219 5375 440 5428 tionem
475 5372 700 5427 habuit.
729 5397 751 5425 ι

292 5445 403 5517 (49)
434 5438 760 5516 Κυπριανός.
799 5444 891 5500 Sic
923 5446 1061 5517 Reg.
1096 5446 1196 5517 ph,
1229 5447 1399 5503 Coisl.
1432 5452 1486 5519 2,
1520 5452 1626 5503 etc.
1663 5447 1724 5502 In
1754 5448 1867 5515 ed.,

224 5514 552 5570 Κυπριανόν.

274 5535 378 5570 οπο
389 5535 463 5569 ιαν
473 5535 552 5570 ον.

296 5534 843 5667 (Ξὲῗέἒζτορο-ὒντες..
872 5587 965 5667 _Si_c
1016 5588 1193 5667 Regg.
1248 5590 1513 5667 brnhph,
1546 5589 1721 5667 Cois].
1758 5591 1779 5643 1
1816 5599 1870 5667 et

225 5657 280 5723 2,
314 5660 440 5712 Bas.
478 5659 557 5711 lta
587 5657 760 5713 etiam
796 5659 1025 5713 videtur
1066 5657 1274 5730 legisse
1305 5657 1526 5716 Dillius.
1568 5664 1626 5715 In
1659 5663 1746 5715 ed.
1785 5660 1866 5713 εὐ-

228 5746 572 5801 φρενουντες·

298 5799 412 5868 (51)
438 5796 831 5873 Υπερημιρίας.
866 5822 894 5851 (ε
927 5803 1491 5862 Proci-astinatiouis.
1523 5827 1549 5853 ››

2057 4738 2167 4806 (52)
2203 4733 2725 4808 Εὐχαιριονιτήσωμενἶ
2755 4734 2925 4789 Deest
2954 4733 3011 4787 in
3056 4730 3324 4808 pluribus
3355 4730 3524 4808 codd.

2214 4805 2655 4881 Φιλόμᾴρτυρος.
2710 4806 2869 4881 Piam
2930 4805 3247 4876 quamdam
3308 4806 3637 4856 matronam

1986 4880 2311 4947 intelligere
2339 4878 2569 4947 videtur
2594 4878 2921 4947 Gregorius.

2055 4942 2322 5021 (54)“Τοῖς
2357 4945 2490 5009 ἷ’σοις
2526 4942 2928 5022 μέτροιξηΗᾶξῠ
2958 4947 3171 5001 desunt
3208 4943 3477 5022 i_n_Regg.
3512 4942 3635 5009 bm,

1985 5016 2085 5093 ph‘,
2124 5016 2271 5086 Pun,
2306 5016 2645 5093 (ueterisque
2678 5020 2933 5093 melioris
2965 5023 3110 5093 notae
3144 5016 3310 5093 codd.

2057 5082 2166 5161 (55)
2202 5082 2447 5164 Καθάπερ
2496 5082 2565 5145 οῖ’
2608 5090 2904 5165 ζωγρᾴφοι.
2946 5109 2965 5135 α
3006 5087 3392 5165 υιηρίοιοιιοε,
3428 5082 3639 5165 inquit

1983 5155 2229 5221 Nil-etas.
2267 5182 2334 5218 ex
2370 5155 2671 5218 intervallo
2700 5155 2931 5217 tabulas
2986 5155 3197 5213 melius
3247 5155 3634 5227 perspiciunt,

1981 5242 2152 5304 atque
2185 5237 2538 5307 expendunt,
2564 5251 2739 5304 quam
2774 5235 2821 5288 si
2856 5232 3092 5307 propius
3124 5226 3464 5283 intueantur
3497 5226 3634 5307 :‘sic

1982 5301 2225 5361 mutuus
2258 5301 2420 5362 amor
2468 5301 2830 5375 seiunctione
2858 5301 3091 5367 melius,
3126 5317 3301 5370 quam
3351 5301 3632 5369 perpetua

1980 5380 2107 5431 vita:
2140 5378 2561 5433 consuetudine
2591 5378 2939 5448 exploratur.
2971 5398 2998 5425 ››

2052 5448 2567 5532 (56).Ἒμπύρευμα.
2603 5439 2818 5520 Regius
2861 5452 3051 5520 Cypr.,
3091 5439 3431 5515 ἐμπόρευμα,
3471 5462 3491 5489 ι
3528 5456 3631 5495 ne-

1980 5528 2456 5718 ggg'clitiiuguihﬁﬂsza
2504 5587 2702 5666 φίλων.
2736 5591 2827 5645 Sic
2868 5590 3004 5661 Reg.
3039 5604 3090 5641 8..
3126 5587 3293 5640 Deest
3341 5577 3515 5656 φίλων
3568 5581 3631 5637 in

1980 5680 2008 5718 Β
2058 5707 2069 5717 .

1978 5680 2069 5718 θα.

2048 5737 2157 5807 (58)
2190 5735 2517 5807 Μυστήριον,
2546 5730 2640 5807 εἶτ’
2671 5733 2781 5788 οὖν.
2807 5732 2943 5807 ilice
2982 5731 3197 5807 desunt
3244 5726 3303 5807 in
3353 5722 3533 5797 Regg.
3569 5741 3627 5797 a,

1979 5823 2030 5875 c,
2056 5802 2120 5879 'd,
2142 5802 2274 5880 'bm,
2306 5802 2479 5866 Co'isl.
2503 5802 2562 5878 2,
2593 5802 2688 5862 Or.
2727 5807 2773 5877 t,
2807 5804 2957 5875 Par.,
2986 5803 3191 5869 Oxon.,
3223 5802 3331 5854 etc.
