4056 6274
342 367 499 425 1173

1204 364 1496 425 ORATIO
1543 363 1856 423 XXIV.—
1893 363 1968 422 ΙΝ
2013 362 2342 423 LAUDEM
2386 362 2445 421 S.
2497 363 2895 423 CYPltIANl.

3602 369 3757 430 Hi4

340 494 428 551 καῖ
466 493 742 569 μέγιστον,
774 493 836 548 τὸ
872 496 947 567 μη
977 493 1202 548 κατόπιν
1232 496 1343 566 (59)
1376 495 1569 568 ἑορτῆς
1598 489 1983 568 δραμεῖν,μηδῖ

2109 494 2367 567 spatium
2399 494 2685 553 desiderio
2709 495 3131 555 laborantibus.
3155 498 3415 556 Alterum
3438 502 3549 569 est,
3580 500 3757 574 idque

338 583 624 659 μαρτύρων
709 582 1089 658 μυσταγωγίας
1160 582 1577 658 ἀπολειφθῆναι,
1637 582 1870 649 καὶτῆς
1930 580 1981 635 ἐν

332 676 510 728 τεῦθεν
565 671 924 745 ἐγγινομένης
976 673 1110 742 ἡμῖν
1159 678 1367 747 τρυφῆς
1418 690 1475 725 τε
1521 670 1609 724 καὶ
1655 668 1985 743 ἀναψύξεως.

341 762 484 835 Ἐγὼ
516 762 619 834 γὰρ
648 760 828 815 τᾶλλα
861 760 953 831 μὲν
989 758 1256 832 ὁμολογῶ
1302 759 1501 821 παντὸς
1547 758 1679 812 εἶναι
1729 758 1987 822 νωθέστε-

338 870 466 923 ρος’
499 849 588 903 καὶ
643 848 816 902 πάντα
858 848 1023 902 πόθον
1076 848 1461 919 ἀπεσεισάμην,
1509 846 1598 923 ἀφ’
1655 844 1717 900 οῦ
1772 851 1988 920 Χριστῷ

335 939 721 1010 συνεταξάμην,
778 939 869 991 καὶ
922 935 1073 990 οὐδὲν
1136 938 1277 1010 αἱρεῖ
1336 957 1402 1009 με
1455 940 1562 990 τῶν
1621 934 1721 989 ὅσα
1786 935 1989 1011 τερπνὰ

335 1034 453 1089 τοῖς
485 1026 675 1088 ἄλλοις
726 1027 813 1080 καὶ
861 1024 1328 1102 περισπούδαστα*
1379 1023 1439 1078 οὐ
1482 1023 1723 1085 πλοῦτος
1769 1025 1796 1077 ὁ
1839 1024 1986 1078 κάτω

336 1116 634 1191 συρόμενος
683 1115 771 1169 καὶ
828 1113 1313 1190 περιτρεπόμενος,
1376 1112 1435 1166 οὐ
1488 1113 1719 1186 γαστρὸς
1769 1110 1982 1182 ἡδοναὶ,

334 1206 422 1259 καὶ
473 1204 638 1281 κόρος
687 1205 866 1279 πατὴρ
921 1198 1151 1279 ὕϐρεως,
1210 1201 1309 1257 οὐκ
1359 1200 1514 1269 ἐσθὴς
1560 1199 1777 1274 μαλακή
1811 1202 1986 1255 τεκαὶ

329 1292 707 1369 περιρρέουσα,
768 1291 829 1346 οῦ
889 1290 1058 1354 λίθων
1122 1288 1390 1365 διαύγειαι
1448 1289 1537 1344 καὶ
1594 1290 1834 1365 χάριτες,
1888 1289 1987 1343 οὐκ

325 1382 463 1450 ἀκοή
499 1379 855 1455 γοητεύουσά,
884 1380 983 1435 οὐκ
1012 1374 1277 1456 ὄσφρησις
1309 1377 1702 1447 ὶκθηλύνουσα,
1758 1379 1820 1432 οὑ
1852 1378 1983 1454 κρό-

326 1492 413 1525 τοι
448 1467 639 1541 δήμων
696 1470 785 1523 καὶ
833 1467 1069 1543 θεάτρων
1125 1468 1488 1539 ἐκμαίνοντες,
1534 1467 1606 1519 ὧν
1652 1465 1822 1521 πάλαι
1869 1472 1985 1528 τοῖς

334 1558 693 1634 βουλομένοις
744 1560 1264 1632 παρεχωρήσαμεν·
1327 1555 1436 1630 οὐχ
1492 1554 1590 1609 ὅσα
1634 1558 1732 1624 τῆς
1760 1556 1983 1630 πρώτης

326 1648 563 1721 γεύσεως
597 1649 710 1719 (60)
739 1650 925 1718 ἡμῶν,
960 1645 1011 1715 ἐξ
1052 1648 1119 1713 ἧς
1167 1642 1561 1717 ἀπολώλαμεν,
1612 1640 1800 1718 ἔκγονα
1824 1663 1835 1674 ·
1886 1643 1984 1699 ἀλ-

328 1735 399 1791 λὰ
428 1735 517 1790 καὶ
550 1733 769 1802 πολλὴν
809 1734 1055 1804 εὐήθειαν
1089 1735 1485 1808 καταγινώσκω
1513 1737 1621 1787 τῶν
1672 1738 1983 1806 κρατεῖσθαι

328 1825 544 1886 τούτοις
591 1823 961 1899 ἀνεχομένων,
1013 1823 1101 1877 καὶ
1149 1824 1211 1876 τὸ
1258 1830 1357 1891 τῆς
1408 1826 1593 1896 ψυχῆς
1624 1821 1834 1896 εὐγενὶς
1868 1820 1981 1876 δια-

334 1914 567 1991 φθείρειν
601 1917 667 1986 τῇ
699 1912 819 1986 περὶ
852 1917 1018 1967 ταῦτα
1072 1910 1487 1986 μικροπρεπείᾳ,
1537 1908 1627 1964 καὶ
1678 1911 1750 1971 ὡς
1798 1909 1990 1964 ἑστῶσι

342 2003 775 2076 προστιθεμένων
856 2007 972 2062 τοῖς
1052 2000 1358 2077 φεύγουσιν.
1438 1997 1678 2053 Ἐκείνου
1756 1997 1812 2052 δὲ
1869 1999 1985 2054 λίαν

338 2090 631 2160 ἀπλήστως
666 2088 780 2164 ἔχω
810 2089 899 2142 καὶ
956 2087 1308 2163 περιέχομαι,
1342 2088 1430 2141 καὶ
1460 2092 1557 2141 τοῦ
1587 2087 1792 2149 πάθους
1824 2086 1988 2159 ἐμαυ-

330 2180 422 2235 τὸν
476 2177 821 2253 ἀποδέχομαι
848 2197 859 2209 ’
917 2175 1202 2251 μαρτύρων
1249 2181 1435 2249 τιμαῖς
1480 2175 1865 2251 ἐπιτέρπομαι,
1898 2176 1987 2230 καὶ

337 2268 587 2337 ἀθλητῶν
642 2265 861 2338 α’ίμασιν
925 2264 1342 2340 ἐπαγάλλομαι·
1398 2262 1485 2320 καί
1544 2261 1729 2319 ἄλλων
1784 2265 1877 2337 μὲν
1937 2266 1987 2319 oi

336 2357 499 2411 ἆθλοι
554 2356 642 2410 καὶ
689 2357 751 2409 τὸ
804 2360 1041 2429 κρατεῖν,
1095 2354 1218 2426 ἐμοὶ
1251 2352 1307 2408 δὲ
1337 2354 1388 2407 oi
1419 2352 1688 2431 στέφανοι.
1721 2358 1985 2407 Τοσοῦτον

337 2446 677 2520 προαρπάζω
709 2446 807 2512 τὴν
839 2444 1127 2515 εὐκοσμίαν
1159 2445 1292 2516 (61),
1324 2442 1413 2497 καὶ
1460 2442 1633 2505 οὕτως
1682 2442 1986 2514 οἷκειοῦμαι

338 2535 406 2590 τὰ
434 2534 833 2609 κατορθώματα
860 2534 871 2588 l

2018 1871 2065 1934 B

2098 584 2443 653 maximum,
2469 586 2622 656 quod
2649 602 2763 641 non
2790 591 2919 657 post
2952 586 3164 642 festum
3197 590 3576 657 accessimus,
3600 591 3753 646 489

2097 673 2426 745 seriusque,
2447 690 2622 745 quam
2646 680 2709 729 ut
2726 681 3046 747 martyrum
3071 677 3252 733 sacris
3274 680 3556 734 interesse
3578 695 3756 751 quea-

2097 779 2251 829 mus,
2303 779 2488 832 eoque
2544 764 2971 820 oblectamento
3028 766 3328 838 animique
3380 768 3754 835 jucunditate

2096 850 2231 918 frui,
2259 867 2384 920 quae
2417 852 2551 905 hinc
2583 853 2752 907 nobis
2780 862 3170 924 comparetur.
3200 855 3339 908 Nam
3374 856 3597 911 caeteris
3630 856 3755 927 qni-

2096 940 2225 994 dem
2261 941 2317 992 in
2351 944 2525 994 rebus
2559 957 2652 994 me
2696 943 2903 1010 quovis
2951 943 3188 997 homine
3236 943 3566 1013 segniorem
3622 960 3752 1000 esse

2097 1044 2211 1081 non
2269 1026 2529 1094 inﬁcior;
2580 1046 2811 1084 omnem
2845 1030 2997 1084 enim
3033 1031 3412 1101 cupiditatem
3445 1032 3652 1102 abjeci,
3685 1049 3754 1089 ex

2096 1132 2210 1186 quo
2235 1115 2465 1169 Christo
2500 1133 2710 1171 nomen
2745 1118 2896 1186 dedi,
2922 1135 3112 1191 neque
3144 1136 3210 1174 ex
3241 1120 3518 1176 omnibus
3550 1122 3748 1189 rebus,

2097 1220 2222 1275 quae
2275 1203 2407 1259 aliis
2428 1205 2707 1274 jucunda:
2739 1211 2915 1278 atque
2944 1209 3276 1279 expetendae
3308 1208 3491 1263 videri
3537 1208 3749 1280 solent,

2097 1290 2215 1347 ulla
2245 1297 2481 1359 teneor;
2518 1310 2628 1348 non
2664 1294 2875 1365 opibus
2907 1312 3034 1366 qua:
3068 1296 3231 1351 ﬂuxae
3255 1300 3311 1351 et
3331 1297 3560 1353 caducas
3588 1304 3747 1367 sunt,

2094 1396 2158 1435 ac
2191 1398 2428 1435 sursum
2461 1383 2854 1454 deorsumque
2891 1385 3218 1453 volvuntur,
3257 1402 3369 1441 non
3402 1388 3619 1442 ventris
3648 1403 3749 1443 vo-

2094 1469 2442 1541 luptatibus,
2477 1488 2585 1525 non
2609 1471 2934 1540 saturitate,
2960 1489 3085 1543 qua
3108 1472 3411 1528 libidinem
3435 1474 3604 1546 parit,
3631 1492 3746 1532 non

2094 1562 2252 1613 veste
2275 1558 2437 1615 molli
2458 1565 2513 1613 et
2535 1559 2862 1627 ditﬂuente,
2890 1577 3003 1615 non
3039 1576 3407 1632 gemmarum
3439 1562 3749 1634 splendore

2095 1653 2152 1701 et
2181 1646 2389 1717 gratia,
2425 1664 2537 1701 non
2590 1649 2795 1703 auditu
2847 1650 3173 1721 praestigias
3224 1652 3580 1721 oti'undente,
3633 1669 3749 1709 non

2095 1733 2307 1790 olfactu
2360 1736 2625 1790 animum
2676 1737 3069 1806 eti‘eminante,
3103 1754 3216 1793 non
3252 1738 3407 1809 vulgi
3440 1755 3505 1793 ac
3537 1740 3750 1795 theatri

2098 1823 2428 1894 plausibus,
2463 1824 2560 1895 qui
2594 1826 2846 1880 furorem
2882 1826 3155 1895 excitant,
3203 1842 3350 1898 quos
3392 1828 3751 1899 jampridem

2098 1913 2190 1981 iis,
2225 1913 2321 1983 qui
2356 1914 2483 1981 ejus
2516 1917 2592 1967 rei
2626 1914 2913 1968 desiderio
2945 1914 3303 1980 afﬁciuntur,
3336 1915 3491 1971 haud
3542 1933 3751 1989 grava-

2096 2001 2197 2055 tim
2248 2000 2617 2071 reliquimus,
2672 2020 2786 2056 non
2818 2003 3069 2075 denique
3096 2004 3187 2058 his
3220 2005 3495 2061 omnibus
3526 2022 3654 2077 quae
3684 2022 3752 2061 ex

2097 2090 2286 2162 primo
2320 2089 2417 2144 illo
2449 2094 2646 2161 gustu,
2675 2092 2774 2162 qui
2810 2092 2977 2147 nobis
3009 2092 3311 2148 interitum
3343 2094 3558 2162 attulit,
3576 2095 3752 2166 origi-

2100 2196 2229 2233 nem
2264 2184 2566 2234 traxerunt
2602 2198 2613 2234 :
2650 2180 2790 2251 quin
2826 2181 3019 2251 potius
3049 2198 3260 2253 magna
3292 2198 3389 2238 eos
3419 2182 3479 2238 in
3520 2182 3752 2238 stolidi-

2096 2271 2214 2321 tate
2240 2267 2459 2321 versari
2490 2267 2780 2335 existimo,
2816 2274 2913 2339 qui
2947 2269 3019 2323 ab
3053 2269 3390 2340 bujusmodi
3422 2272 3596 2326 rebus
3628 2288 3756 2327 sese

2098 2355 2245 2409 vinci
2279 2355 2606 2426 patiuntur,
2633 2373 2698 2411 ac
2733 2356 2827 2411 vili
2863 2364 2920 2412 et
2949 2359 3185 2413 sordido
3218 2358 3370 2413 circa
3400 2376 3499 2414 eas
3558 2360 3753 2414 studio

2098 2443 2466 2499 nobilitatem
2498 2446 2706 2499 animae
2729 2445 3321 2519 inﬁciunt,ﬂuxisque
3338 2455 3393 2501 et
3424 2449 3751 2519 fugacibus;

2098 2533 2269 2602 quasi
2319 2534 2496 2588 certis
2546 2538 2603 2587 et
2650 2534 2983 2601 stabilibus,
3020 2539 3175 2590 totos
3206 2552 3267 2590 se
3298 2537 3597 2591 addicunt.
3635 2541 3750 2592 Hu-

338 2625 441 2695 jus
472 2638 604 2679 vero
637 2622 716 2677 rei
760 2621 1093 2693 inexplebili
1143 2620 1399 2692 quadam
1449 2618 1722 2675 aviditate
1768 2622 1989 2689 teneor,
2024 2636 2127 2674 nec
2177 2621 2247 2674 ab
2296 2636 2363 2675 ea
2411 2637 2669 2691 unquam
2723 2621 2915 2676 divelli
2968 2639 3230 2694 possum,
3267 2623 3526 2695 mihique
3573 2624 3751 2680 etiam

339 2711 495 2766 hunc
529 2710 797 2765 affectum
829 2709 1026 2764 inesse
1071 2708 1235 2764 facile
1283 2707 1502 2779 patior;
1552 2712 1872 2778 martyrum
1920 2706 2243 2763 honoribus
2293 2708 2570 2772 oblector,
2602 2709 2867 2780 pugilum
2918 2712 3225 2767 cruoribus
3277 2712 3540 2781 exsulto;
3574 2719 3751 2785 atque

340 2799 591 2856 aliorum
624 2798 860 2870 quidem
894 2798 1213 2854 certamina
1254 2801 1311 2852 et
1356 2796 1608 2851 victoria)
1639 2801 1799 2864 sunt,
1832 2812 2058 2851 corona:
2091 2801 2285 2851 autem
2320 2811 2480 2852 meae.
2516 2797 2712 2869 Usque
2759 2813 2824 2853 eo
2873 2798 3120 2870 gloriam
3170 2798 3321 2855 hanc
3369 2801 3661 2873 praeripio,
3691 2805 3751 2858 et

336 2904 540 2944 eorum
570 2888 801 2960 egregia
836 2887 1091 2942 facinora
1123 2903 1251 2941 mea
1279 2901 1407 2941 esse
1436 2885 1587 2939 duco
1614 2884 1627 2937 ι

412 2984 482 3032 Δ’.
510 2982 642 3029 nam
693 2976 787 3047 μὶν
839 2972 904 3043 δή
961 2974 1188 3050 μάρτυσι
1229 2972 1677 3048 πανηγυριστέον,
1709 2971 1799 3025 καὶ
1829 2976 1985 3026 πᾶσιν
2021 2976 2064 3041 C

343 3064 620 3120 ἀνοικτέον
669 3063 904 3136 ἑτοίμως
953 3064 1041 3116 καὶ
1091 3059 1364 3137 γλῶσσαν,
1412 3061 1501 3115 καὶ
1534 3061 1722 3130 ἀκοήν,
1753 3060 1841 3114 καὶ
1873 3058 1988 3114 διά-

337 3175 512 3217 νοιαν,
571 3153 659 3207 καὶ
716 3151 971 3228 λέγοντάς
1030 3173 1080 3204 τι
1138 3149 1434 3225 προθύμως
1483 3149 1607 3225 περὶ
1666 3148 1839 3204 αὐτῶν
1898 3148 1986 3203 καὶ

336 3241 656 3307 ἀκούοντας,
713 3241 802 3295 καὶ
852 3242 1024 3294 πάντα
1073 3239 1281 3295 ἐλάττω
1337 3237 1657 3311 νομίζοντας
1710 3244 1808 3306 τῆς
1856 3236 1988 3292 ἐκεί-

335 3353 441 3385 νων
503 3329 809 3399 ἀθλήσεως.
872 3328 966 3383 Καὶ
1010 3330 1111 3404 γὰρ
1162 3328 1334 3389 οὕτως
1382 3325 1519 3401 ἔχει,
1552 3324 1776 3382 πολλῶν
1811 3323 1982 3381 ὄντων

339 3421 474 3490 ἡμῖν
526 3418 602 3479 εἷς
652 3415 874 3492 ὁδηγίαν
925 3421 1023 3471 τοῦ
1079 3415 1389 3491 κρείττονος
1444 3416 1580 3488 (62),
1632 3415 1721 3468 καὶ
1762 3412 1986 3469 πολλῶν

333 3512 441 3561 τῶν
499 3508 635 3579 πρὸς
695 3506 888 3580 ἀρετὴν
941 3503 1347 3578 παιδευμάτων,
1400 3499 1566 3580 λόγου
1616 3507 1749 3577 (63),
1788 3503 1983 3576 νόμου,

335 3600 658 3673 προφητῶν,
721 3594 1062 3666 ἀποστόλων,
1122 3594 1296 3649 αὐτῶν
1351 3597 1459 3648 τῶν
1522 3597 1757 3669 Χριστοῦ
1809 3594 1983 3663 παθη-

337 3684 540 3756 μάτων,
570 3688 667 3738 τοῦ
698 3685 919 3755 πρώτου
962 3684 1232 3758 μάρτυρος
1282 3682 1368 3736 ἐπὶ
1415 3683 1504 3735 τὸν
1556 3680 1782 3756 σταυρὸν
1830 3680 1983 3736 ἀνελ-

332 3773 539 3841 Θόντος,
572 3773 713 3844 κάμέ
745 3772 1155 3847 συναγαγόντος,
1197 3768 1289 3824 ἵνα
1317 3768 1653 3844 προσηλώσῃ
1694 3771 1792 3837 τὴν
1843 3770 1980 3840 ἐμὴν

330 3860 616 3935 ἁμαρτίαν,
675 3860 764 3914 καὶ
820 3860 912 3913 τὸν
965 3855 1084 3935 ὅφιν
1148 3853 1504 3933 θριαμϐεύοῃ,
1562 3856 1649 3910 καί
1700 3858 1763 3910 τὸ
1822 3856 1980 3926 ξύλον

326 3948 543 4022 ἁγιάσῃ,
592 3948 682 4002 καὶ
728 3949 828 4016 τὴν
880 3946 1083 4016 ἡδονὴν
1132 3947 1347 4020 νικήσῃ,
1398 3945 1487 4000 καὶ
1531 3946 1623 3999 τὸν
1655 3941 1831 4017 Ἀδὰμ
1862 3946 1983 3999 ἀνα-

326 4038 493 4111 σώσῃ,
544 4037 632 4091 καὶ
682 4037 778 4104 τὴν
826 4035 1006 4089 εἷ’κόνα
1053 4039 1317 4089 πεσοῦσαν
1366 4033 1789 4102 ἆνακαλέσηται·
1850 4054 1977 4088 τοσ-

327 4124 500 4179 ούτων
551 4121 719 4179 ὄντων
771 4127 904 4195 ἡμῖν
954 4124 1044 4178 καὶ
1074 4123 1361 4193 τοιούτων,
1395 4120 1549 4177 οὐδὲν
1583 4118 1806 4176 ἔλαττον
1841 4124 1975 4194 ἡμῖν

326 4214 400 4275 εἷς
454 4212 825 4287 παιδαγωγίαν
885 4216 997 4286 (64)
1075 4212 1126 4265 οἶ
1198 4212 1485 4286 μάρτυρες,
1544 4209 1977 4282 ὁλοκαυτώματα

326 4300 543 4377 λογικὰ,
577 4301 789 4374 θύματα
844 4300 1047 4369 τέλεια,
1104 4301 1409 4377 προσφοραῖ
1468 4297 1671 4367 δεκταὶ,
1710 4305 1809 4368 τῆς
1842 4297 1976 4367 ἀλη-

323 4391 466 4452 θείας
510 4390 855 4466 κηρύγματα,
903 4394 1000 4444 τοῦ
1047 4386 1278 4463 ψεύδους
1328 4386 1752 4460 στηλιτεύματα,
1796 4386 1973 4460 νόμου

323 4479 744 4553 συμπλήρωσις,
776 4484 872 4534 τοῦ
903 4500 965 4554 γε
995 4482 1377 4551 πνευματικῶς
1418 4479 1728 4549 νοουμένου,
1758 4474 1973 4545 πλάνης

322 4568 634 4636 κατάλυσις,
696 4568 881 4631 κακίας
944 4566 1209 4644 διωγμὸς,
1254 4566 1519 4641 ἁμαρτίας
1570 4565 1972 4639 κατακλυσμὸς,

320 4657 528 4731 κόσμου
560 4656 845 4733 καθάρσιον
862 4702 872 4714 .

393 4837 467 4892 Ε’.
503 4833 665 4890 Σὺδέ
727 4856 841 4907 μοι,
904 4833 1193 4908 Κυπριανὲ,
1254 4831 1315 4886 τό
1365 4832 1697 4905 τιμιώτατόν
1757 4852 1849 4904 μοι
1881 4829 1971 4885 καὶ

319 4929 546 4999 πρᾶγμα
575 4924 662 4978 καὶ
694 4919 887 4996 ὄνομα,
920 4921 1086 4977 πλέον
1119 4921 1153 4990 ἢ
1179 4921 1316 4976 κατὰ
1342 4919 1468 4983 τοὺς
1517 4918 1720 4981 ἄλλους
1769 4919 1973 4995 μάρτυ-

324 5032 418 5089 ρας
473 5012 691 5090 (φθόνος
734 5013 838 5087 γὰρ
897 5008 1073 5072 οὐδεὶς
1128 5010 1274 5085 παρὰ
1327 5008 1614 5086 μαρτύρων
1664 5008 1971 5083 μάρτυσιν)’

396 5256 505 5325 (59)
535 5254 603 5307 Τὸ
640 5255 712 5325 μὴ
746 5251 992 5321 κατόπιν,
1025 5258 1134 5309 etc.
1173 5253 1289 5309 Hoc
1327 5252 1633 5325 proverbio
1676 5254 1975 5321 notantur,

325 5326 423 5398 qui
456 5328 645 5398 serius
675 5326 744 5380 ad
779 5325 1187 5398 remgaliquam
1224 5329 1560 5381 occurrunt.

394 5399 509 5466 (60)
543 5396 802 5456 Γεύσεως.
835 5397 992 5452 Colb.
1025 5399 1075 5461 1,
1104 5394 1355 5469 ῥεύσεως,
1381 5420 1408 5447 (ι
1437 5398 1628 5467 prima
1658 5394 1977 5469 finitionem

328 5470 606 5524 nimirum
642 5474 873 5540 peccato
897 5467 1185 5539 originali,
1215 5484 1282 5523 ex
1304 5485 1419 5539 quo
1448 5473 1534 5524 tot
1566 5467 1717 5523 mala
1741 5468 1976 5538 ﬂuxere,

330 5541 620 5612 terrisque
651 5541 985 5612 incubuere.

396 5608 872 5685 (61)“Εὐκοσμίαν.
933 5613 1111 5685 Regg.
1172 5626 1225 5677 a,
1276 5626 1330 5681 ο,
1377 5611 1435 5677 d,
1488 5609 1609 5681 bm,
1668 5608 1976 5667 duodecim

396 5625 508 5685 (61)
551 5625 872 5685 Ευκοσμιαν.
933 5625 1052 5682 lteg
1100 5650 1111 5662 .
1172 5626 1187 5664 ξ

330 5684 515 5755 Colb.,
548 5685 643 5743 Or.
679 5688 730 5758 1,
761 5689 894 5758 etc.,
927 5625 1187 5755 εὐδοξίαν.

2176 2974 2271 3030 IV.
2312 2974 2585 3030 Omnium
2618 2976 2856 3046 quidem
2892 2981 3214 3049 martyrum
3266 2979 3549 3033 memoria
3598 2978 3747 3034 cele-

2100 3063 2322 3117 branda
2374 3068 2480 3129 est,
2530 3064 2944 3133 omnibusque,
2994 3071 3051 3120 et
3098 3064 3331 3136 linguae,
3383 3071 3439 3121 et
3468 3084 3661 3137 aures,
3693 3073 3750 3123 et

2100 3158 2323 3207 mentes
2356 3158 2624 3223 prompte
2654 3152 2999 3221 aperiendae,
3033 3158 3097 3208 ut
3128 3155 3197 3208 de
3235 3171 3435 3209 eorum
3472 3155 3748 3211 laudibus

2098 3240 2345 3295 libenter
2392 3242 2611 3311 aliquid
2663 3240 2922 3296 dicamus
2965 3248 3024 3296 et
3070 3242 3402 3307 audiamus,
3435 3244 3748 3312 omniaque

2097 3328 2211 3383 alia
2240 3345 2440 3384 eorum
2477 3329 2895 3383 certaminibus
2927 3330 3200 3386 inferiora
3230 3347 3358 3387 esse
3379 3348 3746 3389 censeamus.

2095 3417 2219 3472 Non
2252 3434 2382 3472 cum
2418 3418 2601 3471 multa
2633 3435 2735 3471 nos
2764 3418 2831 3471 ad
2870 3418 3125 3473 melioris
3172 3420 3301 3475 vita:
3345 3422 3605 3476 studium
3640 3423 3747 3476 du-

2096 3510 2250 3574 cant,
2311 3511 2489 3576 atque
2548 3506 2616 3559 ad
2652 3506 2921 3560 virtutem
2945 3507 3235 3575 erudiant,
3274 3509 3439 3573 ratio,
3472 3508 3582 3576 lex,
3618 3526 3746 3581 pro-

2096 3595 2303 3665 phetae,
2334 3594 2603 3665 apostoli,
2636 3594 2847 3648 Christi
2892 3595 3205 3661 cruciatus,
3226 3597 3745 3669 Christi,inquam,

2094 3683 2269 3754 primi
2300 3684 2593 3755 martyris.
2630 3684 2727 3754 qui
2762 3700 2993 3738 crucem
3020 3686 3380 3754 conscendit,
3418 3703 3622 3757 meque
3656 3704 3747 3743 se-

2094 3788 2225 3826 cum
2258 3773 2445 3837 duxit,
2484 3778 2544 3825 ut
2577 3778 2877 3842 peccatum
2912 3788 3106 3827 meum
3144 3774 3425 3845 affigeret,
3448 3781 3503 3829 et
3532 3778 3602 3832 de
3634 3794 3750 3833 ser-

2094 3863 2263 3929 pente
2294 3858 2703 3929 tnumpharet,
2736 3862 2793 3911 et
2823 3858 3192 3914 sanctitatem
3226 3860 3383 3930 ligno
3414 3863 3663 3928 alierret,
3694 3868 3751 3919 et

2091 3945 2447 4017 voluptatem
2497 3947 2772 4011 vinceret,
2804 3952 2861 4000 et
2893 3947 3177 4001 Adamum
3214 3950 3412 4018 prima:
3445 3950 3749 4006 incolumi-

2089 4036 2193 4088 tati
2230 4035 2581 4100 restitueret,
2615 4050 2681 4088 ac
2733 4034 3065 4104 prolapsam
3124 4034 3443 4108 imaginem
3503 4038 3751 4111 erigeret

2090 4128 2263 4193 atque
2288 4124 2668 4177 instauraret:
2686 4138 2820 4176 cum
2844 4127 2951 4187 tot,
2968 4123 3210 4192 inquam
3231 4128 3511 4196 tantaque
3532 4126 3747 4181 habea-

2087 4228 2245 4277 mus,
2280 4228 2391 4265 non
2427 4211 2626 4265 minus
2656 4216 2851 4265 tamen
2886 4216 2957 4265 ad
2989 4212 3162 4266 vitam
3225 4218 3376 4267 recte
3432 4214 3746 4271 instituen-

2085 4302 2218 4355 dam
2284 4300 2453 4354 nobis
2497 4298 2774 4353 utilitatis
2803 4299 3057 4355 afferunt
3087 4304 3390 4373 martyres,
3426 4302 3548 4357 haec
3580 4305 3745 4359 boio-

2086 4396 2285 4443 causta
2316 4388 2540 4443 ratione
2600 4388 2866 4459 praedita,
2926 4388 3172 4443 victimae
3236 4391 3523 4461 perfectas,
3584 4393 3746 4450 obla-

2033 4472 2037 4477 ”
2082 4480 2269 4533 tiones
2332 4479 2445 4532 Deo
2502 4482 2681 4549 grata
2738 4481 2793 4531 et
2836 4481 3105 4549 acceptae,
3137 4478 3397 4534 veritatis
3430 4483 3740 4552 praeconia,

2081 4566 2373 4623 mendacii
2407 4568 2561 4622 440
2592 4567 3037 4638 proscissiones,
3069 4566 3236 4639 legis,
3270 4583 3397 4638 quae
3455 4569 3742 4640 spirituali

2082 4656 2255 4711 modo
2314 4655 2682 4726 intelligitur,
2717 4654 2984 4726 expletio,
3017 4655 3231 4711 erroris
3261 4658 3584 4729 oppressio,
3614 4658 3742 4715 vitii

2081 4745 2407 4805 insectatio,
2438 4745 2659 4813 peccati
2690 4744 2999 4807 diluvium,
3035 4745 3241 4799 mundi
3270 4745 3562 4803 lustratio.

2152 4833 2215 4887 V.
2250 4833 2397 4887 Tum
2434 4838 2495 4887 tu
2534 4831 2699 4898 mihi,
2727 4832 3031 4904 Cypriane,
3066 4835 3123 4887 et
3153 4850 3214 4889 re
3246 4838 3304 4889 et
3332 4835 3571 4890 nomine
3598 4836 3740 4892 cha-

2082 4920 2337 4991 rissime,
2370 4937 2548 4991 supra
2579 4927 2814 4976 caeteros
2867 4926 3154 4993 martyres
3213 4920 3597 4982 celebrandas
3650 4942 3741 4983 oc-

2081 5010 2273 5067 curris
2329 5010 2457 5081 (nec
2483 5009 2640 5064 enim
2675 5010 2989 5066 verendum
3021 5014 3130 5081 est,
3164 5027 3236 5067 ne
3266 5017 3552 5086 martyres
3582 5030 3739 5072 mar-

2159 5254 2266 5322 (62)
2302 5252 2391 5311 Εἷς
2448 5248 2671 5326 ὁδηγίαν
2730 5254 2825 5326 τοῦ
2877 5250 3208 5326 κρείττονος.
3244 5274 3273 5304 (ι
3313 5254 3448 5317 Quae
3501 5272 3608 5312 nos
3663 5258 3735 5313 ad

2087 5323 2268 5379 Deum
2304 5323 2600 5397 vitamque
2636 5323 2929 5379 meliorem
2966 5325 3254 5380 ducant.»
3290 5327 3613 5397 Utrumque
3644 5346 3736 5384 so-

2088 5402 2188 5450 nat
2220 5413 2324 5449 vox
2355 5392 2570 5467 οδηγία.

2159 5468 2272 5538 (63)
2307 5464 2501 5540 Λόγου.
2538 5468 2707 5540 Deest
2734 5466 2793 5520 in
2824 5465 3002 5540 Oxon.

2161 5534 2275 5609 (64)
2320 5534 2717 5610 Ιῐαιδαγωγίαν.
2756 5560 2782 5587 ι(
2818 5539 2900 5593 Ad
2950 5537 3462 5607 institutionem,»
3514 5540 3737 5599 scilicet

2086 5612 2209 5665 tam
2243 5611 2374 5666 ﬁdei
2407 5628 2585 5682 quam
2619 5626 2868 5666 morum.
