4056 6274
346 337 500 399 H75

1593 339 1656 399 S.
1706 340 2076 401 GREGORII
2122 339 2514 402 THEOLOGI

3603 342 3764 406 1176

345 471 571 543 tyribus
602 467 942 539 invideant),
975 471 1144 540 atque
1175 471 1233 523 et
1282 469 1496 526 virtute
1551 475 1656 526 tua
1711 474 1992 543 majorem

2111 471 2201 525 καὶ
2233 475 2327 525 σοῦ
2379 470 2743 550 διαφερόντως
2790 469 3036 544 ἤττημαί
3081 493 3141 527 τε
3188 479 3289 542 τῆς
3318 473 3536 549 ἀρετῆς,
3567 473 3656 529 καὶ
3686 480 3760 548 τῇ

343 560 403 614 in
437 559 673 614 modum
707 558 950 628 afficior,
974 562 1030 612 et
1061 559 1339 613 memoria
1369 576 1614 631 recreor,
1637 579 1701 616 ac
1727 579 1839 632 prae
1863 579 1998 634 gau-

343 648 438 703 dio
470 647 634 716 quasi
669 647 1004 719 lymphatus
1037 648 1208 717 feror,
1241 653 1298 702 et
1328 649 1761 720 quodammodo
1795 652 1853 704 in
1902 668 1997 707 eo-

343 738 475 792 dem
510 741 700 791 tecum
735 735 1012 806 martyrio
1034 738 1784 811 versor,dimicationisque
1806 740 1999 795 socius

342 831 399 882 et
430 826 722 898 particeps
755 842 909 892 sum,
943 842 1008 879 ac
1037 829 1194 880 totus
1226 827 1295 880 ad
1329 831 1384 882 te
1415 831 1650 884 transeo
1684 847 1696 882 :
1731 831 1848 884 sive
1905 846 1997 884 me

342 915 448 970 tibi
508 915 774 970 doctrina
825 918 881 969 et
911 913 1244 984 eloquentia
1275 916 1563 983 conciliet,
1596 935 1712 988 qua
1739 923 1800 973 tu
1834 923 1996 973 tanto

342 1001 599 1074 reliquos
633 1002 908 1058 mortales
940 1003 1227 1073 anteibas,
1255 1009 1474 1074 quanto
1506 1007 1727 1061 ratione
1760 1007 1998 1078 praedita

346 1093 539 1147 brutis
574 1092 972 1146 animantibus
996 1095 1275 1162 praestant
1305 1093 1391 1163 (ﬁt
1421 1094 1599 1160 enim,
1633 1096 1830 1150 nescio
1881 1112 1996 1166 quo

343 1185 762 1254 pacto,ut,non
796 1181 991 1235 minus
1020 1181 1173 1234 inter
1202 1182 1440 1253 eos,qui
1474 1184 1654 1238 studii
1689 1185 1992 1254 cujusdam

343 1275 517 1342 atque
575 1269 828 1325 instituti
887 1269 1122 1324 nomine
1177 1271 1330 1325 inter
1377 1288 1439 1326 se
1469 1273 1787 1342 conjuncti,
1820 1289 1994 1343 quam

342 1359 442 1431 qui
473 1359 780 1414 afﬁnitatis
810 1362 865 1413 et
891 1360 1423 1430 consanguinitatis
1454 1360 1686 1416 vinculo
1731 1362 1884 1416 inter
1935 1379 1997 1417 se

341 1448 590 1504 devincti
649 1451 806 1514 sunt,
869 1464 1035 1502 amor
1077 1448 1416 1521 coalescat);
1453 1450 1562 1504 sivi
1593 1451 1649 1504 id
1682 1452 1995 1521 repentinis

338 1542 396 1594 et
426 1537 760 1592 admirabili
793 1536 1104 1592 mutationi
1135 1541 1275 1604 tuae,
1299 1554 1427 1609 quae
1459 1538 1573 1592 vim
1607 1556 1840 1594 omnem
1873 1557 1996 1595 ora-

338 1627 517 1682 tionis
547 1627 789 1694 excedit,
824 1625 1102 1696 omnique
1133 1625 1397 1697 exemplo
1455 1628 1826 1698 praestantior
1882 1633 1994 1695 est,

337 1715 625 1786 assignari
677 1714 904 1770 debeat.
940 1714 1085 1768 Nam
1119 1713 1203 1768 sol
1238 1714 1412 1770 etiam
1446 1721 1578 1786 post
1609 1717 1846 1783 nubem,
1881 1733 1998 1788 qua

337 1804 503 1875 prius
534 1802 1295 1871 obducebatur,jucundior
1326 1801 1631 1871 illucescit;
1653 1807 1711 1858 et
1739 1821 1839 1858 ver
1867 1809 1998 1876 post

2111 563 2300 634 μνήμῃ
2329 562 2681 637 κουφίζομαι,
2714 561 2802 615 καὶ
2836 560 3015 636 ὥσπερ
3062 559 3244 623 ἔνθους
3289 562 3374 639 ὑφ’
3416 559 3618 632 ἡδονῆς
3667 564 3760 637 γί-

2105 671 2287 722 νομαι,
2320 649 2408 704 καί
2438 671 2557 704 τινα
2606 649 2807 725 τρόπον
2850 649 3061 722 σῦνειμί
3107 671 3164 704 τε
3209 655 3278 723 τῇ
3333 651 3620 726 μαρτυρίᾳ,
3666 652 3760 706 καὶ

2105 743 2346 793 κοινωνῶ
2374 746 2472 808 τῆς
2507 736 2812 808 ἀθλήσεως,
2843 739 2930 792 καὶ
2973 739 3104 800 ὃλος
3157 741 3269 812 (65)
3317 740 3454 814 πρὸς
3512 741 3570 794 at
3633 761 3763 812 μετ-

2108 827 2395 899 ανίσταμαι
2420 846 2433 858 '
2471 829 2615 903 τάχα
2650 829 2743 900 μὲν
2778 825 2866 880 διὰ
2893 828 2991 895 τὴν
3024 832 3130 882 τῶν
3158 827 3335 903 λόγων
3370 827 3765 899 οἰκείωσιν,οῒς

2105 921 2362 971 τοσοῦτον
2407 921 2514 971 τῶν
2574 915 2759 971 ἀλλων
2812 915 3071 990 ἐκράτεις,
3120 915 3242 971 ὅσον
3292 917 3359 970 τὰ
3406 915 3611 990 λογικά
3658 925 3767 986 τῆς

2105 1005 2313 1080 ἀλόγου
2358 1005 2566 1082 φύσεως
2619 1005 3040 1080 (συνεισέρχεται
3105 1007 3230 1079 γάρ,
3283 1004 3382 1058 οὐκ
3425 1003 3526 1059 οἷδ’
3577 1004 3761 1075 ὅπως,

2107 1091 2331 1171 φίλτρον
2358 1100 2473 1154 τοῖς
2503 1095 2638 1147 κατά
2665 1116 2718 1148 τι
2777 1091 3222 1165 συναπτομένοις,
3273 1093 3381 1167 οὐχ
3429 1096 3591 1161 ἧττον
3643 1099 3769 1154 τοῖς

2105 1181 2326 1244 λοιποῖς
2372 1184 2706 1257 πράγμασιν,
2756 1181 2790 1249 ἢ
2838 1187 2955 1243 τοῖς
2986 1181 3110 1256 περὶ
3134 1181 3445 1256 ἀγχιστείαν
3478 1180 3763 1254 αἵματος)-

2102 1273 2248 1345 τάχα
2296 1269 2353 1325 δὲ
2401 1269 2489 1325 διὰ
2533 1271 2596 1325 τὸ
2642 1277 2741 1340 τῆς
2798 1265 3110 1342 μεταϐολῆς
3160 1270 3350 1345 ἀθρόον
3382 1272 3554 1324 τεκαὶ
3589 1272 3768 1346 παρά-

2107 1357 2281 1429 δοξον,
2316 1360 2345 1414 ὅ
2374 1365 2615 1435 κρεῖττον
2792 1358 2961 1432 λόγου
2993 1359 3082 1413 καὶ
3115 1358 3573 1434 παραδείγματος.
3609 1361 3767 1414 Ἐπεὶ

2104 1447 2277 1523 γλυκὺ
2312 1449 2405 1522 μὲν
2456 1447 2613 1517 ἣλιος
2666 1449 2799 1521 μετὰ
2826 1447 3005 1526 νέφος,
3040 1449 3085 1519 ᾧ
3113 1447 3250 1508 τέως
3276 1447 3716 1503 συνεκαλύπτετο
3751 1468 3764 1481 ⁸

2104 1536 2329 1613 γλύκιον
2390 1535 2446 1592 δὲ
2501 1539 2563 1592 τὸ
2622 1533 2737 1612 ἔαρ,
2795 1536 2876 1591 ὅτι
2940 1537 3074 1609 μετᾶ
3126 1541 3403 1612 ’χειμῶνος
3433 1540 3762 1614 κατήφειανο

2105 1624 2274 1696 ἡδίων
2312 1623 2368 1680 δὲ
2401 1625 2666 1699 μειδιῶσα
2703 1624 2944 1700 γαλήνη,
2993 1625 3083 1680 καὶ
3134 1625 3375 1680 Θάλασσα
3421 1625 3762 1699 ἡπλωμένη,

2103 1716 2193 1770 καὶ
2226 1721 2342 1777 ταῖς
2365 1715 2550 1776 ἀκταῖς
2591 1714 2998 1788 προσπαίζουσα
3030 1714 3163 1788 μετᾶ
3190 1713 3509 1787 πνευμάτων
3548 1715 3760 1784 στάσιν,

2105 1804 2194 1858 καὶ
2228 1801 2488 1858 ὠδίνοντα
2517 1806 2631 1877 (67)
2659 1803 2896 1876 κύματα.

337 1890 550 1946 hiemis
579 1889 879 1946 tristitiam
912 1888 1144 1945 dulcius
1173 1893 1295 1958 est;
1329 1891 1560 1946 suavior
1588 1891 1760 1946 etiam
1795 1898 2037 1964 apparet
2068 1893 2265 1949 ridens
2289 1894 2709 1965 tranquillitas,
2739 1899 2797 1949 et
2823 1908 3143 1965 expansum
3177 1909 3242 1948 ac
3273 1897 3546 1964 pacatum
3575 1909 3767 1956 mare,

338 1996 496 2046 cum,
529 1983 662 2050 post
690 1983 988 2034 ventorum
1020 1979 1368 2049 tumultum,
1397 1983 1452 2036 et
1479 1983 1874 2036 tumescentes
1906 1986 2138 2050 ﬂuctus,
2167 1981 2465 2038 littoribus
2497 1983 2725 2038 alludit.

400 2068 496 2123 VI.
533 2068 632 2123 Hic
657 2067 1002 2139 Cyprianus,
1034 2085 1066 2123 ο
1096 2068 1203 2122 viri
1234 2073 1324 2136 (ut
1374 2073 1430 2123 et
1486 2068 1586 2139 qui
1646 2068 1856 2136 nostis,
1917 2087 1985 2126 ex

2168 2071 2227 2138 ζ’.
2262 2070 2430 2131 Οὗτος
2461 2071 2783 2145 Κυπριανὸς,
2818 2070 2863 2123 ὧ
2895 2065 3078 2144 ἄνδρες
3118 2066 3225 2138 (⁴ίνα
3272 2069 3324 2122 οἱ
3376 2070 3468 2141 μὲν
3521 2067 3757 2137 εἰδότες,

330 2156 460 2228 ipsa
489 2157 1049 2212 commemoratione
1081 2158 1364 2228 majorem
1395 2158 1756 2229 voluptatem
1789 2159 1985 2230 capia-

331 2245 430 2314 tis,
463 2250 517 2300 et
549 2244 647 2317 qui
680 2245 982 2317 ignoratis,
1010 2245 1316 2301 historiam
1349 2247 1614 2301 omnium
1651 2253 1986 2304 nostrarum

334 2333 1147 2406 pulcherrimam,commune
1179 2335 1646 2390 Christianorum
1680 2338 1879 2406 decus,
1901 2343 1987 2393 at-

330 2440 440 2494 que
461 2428 873 2478 ornamentum
900 2423 1182 2494 discetis),
1208 2424 1324 2491 hic,
1349 2424 1614 2496 inquam,
1640 2427 1985 2499 Cyprianus,

332 2527 614 2583 magnum
646 2513 943 2583 quondam
974 2513 1546 2586 Carthaginensium,
1582 2532 1737 2570 nunc
1792 2520 1985 2572 autem

329 2601 511 2657 totius
543 2601 701 2656 orbis
733 2618 966 2670 nomen,
987 2602 1198 2673 opibus
1231 2603 1608 2674 conspicuus,
1631 2605 1889 2674 potentia
1919 2605 1988 2660 il-

331 2689 783 2762 lustris,genere
815 2689 1007 2746 clarus
1038 2692 1356 2762 (siquidem
1377 2692 1698 2747 maximum
1719 2693 1990 2748 nobilita-

332 2779 409 2834 tis
439 2783 852 2850 argumentum
885 2783 994 2845 est,
1011 2790 1338 2835 senatorem
1363 2797 1510 2848 esse,
1531 2781 1990 2853 primariamque

333 2867 394 2921 in
427 2883 492 2922 eo
523 2867 725 2922 ordine
751 2869 950 2923 sedem
981 2869 1284 2939 oblinere),
1306 2869 1412 2925 ﬂos
1442 2870 1994 2940 juventutis,elabo-

338 2959 531 3011 ratum
584 2961 802 3012 naturae
861 2974 1030 3029 opus,
1091 2958 1365 3012 doctrinae
1421 2958 1808 3030 principatus,
1869 2966 1988 3014 tam

333 3044 774 3117 philosophicas,
795 3063 973 3118 quam
1006 3047 1265 3117 cujusvis
1297 3048 1538 3102 alterius
1569 3048 1796 3119 generis
1823 3048 1992 3102 disci-

335 3133 528 3206 plinae,
560 3134 734 3206 idque
767 3151 1119 3207 quacunque
1151 3139 1314 3206 parte
1345 3151 1442 3191 eas
1475 3142 1738 3208 spectare
1797 3136 1989 3192 volue-

335 3223 439 3290 ris;
463 3224 606 3278 adeo
662 3229 727 3278 ut
759 3224 816 3279 in
849 3229 1010 3295 eo,et
1038 3223 1333 3279 variarum
1366 3226 1582 3281 artium
1609 3227 1865 3299 cognitio
1891 3228 1995 3280 mi-

334 3313 576 3368 rabilior
605 3318 781 3382 esset,
802 3331 977 3385 quam
1009 3314 1380 3388 singularum
1411 3321 1612 3372 exacta
1654 3322 1710 3372 et
1741 3318 1993 3387 perfecta

335 3402 604 3467 scientia,
634 3407 691 3458 et
721 3420 928 3459 sursus
960 3403 1328 3476 singularum
1359 3406 1648 3478 exquisita
1687 3411 1744 3460 et
1801 3407 1992 3462 modis

2098 2156 2287 2228 ἡδίους
2320 2158 2548 2232 γένησθε
2597 2162 2704 2230 (68)
2748 2162 2816 2232 τῇ
2851 2159 3177 2230 ὑπομνήσει,
3240 2159 3290 2212 οἱ
3325 2155 3382 2212 δὲ
3411 2159 3759 2234 ἀγνοοῦντες,

2102 2246 2310 2320 μάθητε
2337 2249 2400 2302 τὸ
2424 2247 2718 2303 κάλλιστον
2750 2252 2858 2302 τῶν
2890 2248 3172 2322 ἡμετέρων
3226 2244 3610 2322 διηγημάτων,
3659 2248 3754 2302 καὶ

2096 2338 2194 2405 τὴν
2225 2337 2412 2404 κοινὴν
2448 2340 2780 2412 Χριστιανῶν
2816 2336 3176 2414 φιλοτιμίαν),
3223 2336 3377 2397 οὗτος
3423 2335 3645 2404 ἐκεῖνος,
3695 2337 3759 2390 τὸ

2102 2427 2236 2502 μέγα
2281 2428 2411 2480 ποτὲ
2457 2424 2847 2501 Καρχηδονίων
2900 2421 3090 2496 ὄνομα,
3142 2429 3232 2478 νῦν
3279 2422 3336 2478 δὲ
3365 2431 3464 2494 τῆς
3498 2423 3757 2498 οἰκουμέ-

2095 2536 2194 2584 νης
2255 2514 2488 2584 ἀπάσης,
2549 2516 2576 2568 ὁ
2633 2513 2860 2586 πλούτῳ
2909 2514 3234 2590 περιφανὴς,
3294 2514 3382 2567 καὶ
3466 2512 3754 2584 δυναστείᾳ

2097 2598 2483 2678 περίϐλεπτος,
2516 2602 2605 2657 καὶ
2657 2602 2797 2678 γένει
2846 2622 3124 2678 γνωριμος
3171 2597 3249 2674 (εἷ’
3270 2622 3329 2676 γε
3365 2603 3617 2676 μέγιστον
3674 2602 3756 2664 εἷς

2098 2691 2364 2766 εὐγενείας
2389 2689 2681 2764 ἀπόδειξιν,
2734 2689 3042 2766 συγκλήτου
3097 2689 3300 2764 βουλῆς
3353 2691 3604 2762 μετουσία
3661 2691 3756 2745 καὶ

2097 2779 2402 2856 προεδρία),
2449 2781 2512 2835 τὸ
2574 2787 2672 2849 τῆς
2720 2779 2974 2850 νεότητος
3027 2777 3207 2847 ἄνθος,
3264 2779 3326 2832 τὸ
3385 2786 3482 2847 τῆς
3532 2779 3750 2857 φύσεως

2099 2869 2322 2944 ἄγαλμα
2377 2871 2509 2942 (69),
2558 2868 2620 2923 τὸ
2672 2872 2777 2922 τῶν
2837 2867 3015 2944 λόγων
3059 2866 3279 2942 κράτος,
3329 2871 3435 2922 τῶν
3498 2889 3555 2921 τε
3609 2870 3751 2923 κατά

2100 2956 2450 3035 φιλοσοφίαν,
2502 2956 2590 3011 καὶ
2623 2956 2738 3011 ὅσοι
2769 2964 2869 3025 τῆς
2901 2954 3079 3025 ἄλλης
3112 2954 3462 3024 παιδεύσεως,
3495 2959 3583 3011 καὶ
3619 2956 3751 3011 τού-

2097 3069 2203 3103 των
2238 3043 2265 3101 ὅ
2303 3046 2491 3123 βούλει
2527 3046 2710 3122 μέροςο
2755 3047 2829 3108 ὡς
2867 3045 3078 3120 μᾶλλον
3117 3047 3209 3118 μὶν
3241 3046 3302 3100 τὸ
3335 3045 3586 3101 ποικίλον
3618 3047 3652 3115 ἢ
3691 3047 3758 3100 τὸ

2101 3135 2261 3212 ἄκρον
2295 3137 2346 3190 ἐν
2381 3137 2586 3208 ἑκάστῳ
2618 3137 2998 3208 θαυμάζεσθαι,
3035 3135 3246 3207 μᾶλλον
3279 3132 3336 3189 δὶ
3366 3136 3425 3188 τὸ
3457 3133 3750 3207 εὐδόκιμον

2101 3226 2152 3281 ἰν
2187 3227 2394 3297 ἑκάστῳ
2425 3232 2524 3294 τῆς
2555 3225 2676 3299 περὶ
2707 3224 2878 3278 πάντα
2906 3223 3250 3296 πολυμαθίας
3289 3225 3423 3298 (70)"
3449 3222 3609 3292 ἢ,’ίνα
3639 3221 3753 3278 διέ-

2101 3314 2183 3370 λω
2215 3316 2560 3392 σαφέστερον,
2590 3318 2697 3368 τῶν
2736 3315 2828 3387 μὲν
2855 3318 2934 3385 τῷ
2964 3312 3348 3385 ποικίλῳ,τῶν
3383 3310 3440 3366 δὲ
3467 3318 3545 3384 τῷ
3576 3314 3750 3388 ἄκρῳ,

2102 3403 2212 3458 ἔστι
2245 3402 2302 3458 Si
2333 3401 2405 3457 ὧν
2436 3404 2788 3481 ἀμφοτέροις,
2819 3408 2948 3456 πᾶσι
2980 3400 3036 3455 δὲ
3066 3400 3278 3455 πάντων
3321 3400 3551 3477 ἐκράτει.

333 3490 611 3547 omnibus
645 3491 915 3547 absoluta
947 3493 1235 3564 perceptio
1267 3493 1400 3564 plus
1431 3495 1836 3550 admirationis
1867 3495 2126 3563 haberet,
2159 3511 2337 3567 quam
2369 3494 2660 3548 variarum
2702 3493 2919 3547 artium
2950 3490 3190 3546 collecta
3220 3492 3464 3547 scientia
3493 3507 3506 3545 :
3539 3491 3648 3557 vel,
3684 3497 3750 3546 ut

334 3580 609 3652 apertiori
641 3580 1016 3637 distinctione
1063 3582 1185 3638 haec
1232 3583 1536 3654 explicem,
1570 3584 1716 3639 alios
1771 3584 2104 3657 multiplici,
2137 3583 2283 3639 alios
2334 3582 2623 3655 profunda
2665 3597 2861 3637 rerum
2917 3580 3267 3652 cognitione,
3300 3580 3447 3636 alios
3497 3585 3755 3654 utraque

340 3667 533 3736 laude,
562 3685 766 3724 omnes
798 3674 992 3724 autem
1023 3669 1262 3725 omnino
1294 3676 1616 3742 superaret.

407 3776 556 3830 441
593 3775 714 3830 VII.
746 3777 823 3831 Ac
854 3776 1244 3832 eruditionem
1276 3777 1513 3848 quidem
1546 3776 1680 3833 libri
1711 3778 1823 3850 ipsi
1868 3783 1988 3833 tes-
2020 3786 2062 3852 (ξ

335 3867 558 3935 tantur,
585 3881 728 3935 quos
759 3864 856 3920 ille
887 3865 1218 3936 complures
1250 3870 1306 3922 et
1336 3866 1662 3923 luculentos
1692 3884 1794 3939 pro
1827 3867 1996 3923 nobis

338 3953 704 4024 conscripsit,
764 3959 1146 4027 posteaquam
1208 3955 1335 4023 Dei,
1392 3957 1492 4028 qui
1523 3957 1722 4011 omnia
1752 3956 1908 4020 facit,
1939 3959 1995 4010 et

339 4044 534 4096 mutat
566 4044 635 4109 ¹⁴,
670 4043 1052 4116 benignitate,
1087 4044 1412 4100 doctrinam
1447 4061 1614 4100 suam
1663 4045 1722 4098 in
1782 4044 1993 4098 melius

338 4129 662 4202 transtulit,
682 4137 856 4203 atque
888 4132 1270 4188 stoliditatem
1302 4133 1512 4188 rationi
1545 4133 1814 4204 subjecit.
1837 4134 1994 4196 Quaa-

340 4234 474 4272 nam
502 4224 697 4274 autem
730 4220 866 4276 hinc
901 4221 1039 4276 mihi
1078 4222 1202 4291 jam
1262 4223 1478 4276 dicenti
1540 4223 1686 4277 ratio
1742 4222 1995 4276 tenenda

341 4304 436 4374 sit,
470 4310 527 4362 et
558 4323 672 4377 quo
706 4325 798 4364 me
827 4315 1072 4376 vertam,
1108 4310 1281 4382 plane
1311 4311 1570 4366 incertus
1602 4328 1754 4366 sum.
1779 4309 1995 4365 Vereor

340 4395 519 4460 enim,
543 4412 615 4450 ne
646 4398 823 4453 nimis
855 4398 1097 4470 longum
1130 4415 1195 4454 ac
1243 4415 1486 4471 prorsus
1519 4399 1993 4469 intempestivum

339 4497 670 4540 sermonem
729 4487 999 4553 habeam,
1027 4487 1076 4542 si
1109 4487 1380 4561 Cypriani
1411 4489 1611 4543 omnia
1636 4503 1993 4543 commemo-

340 4572 524 4626 randa
553 4589 900 4646 suscepero;
932 4580 988 4630 et
1017 4592 1244 4644 rursus,
1277 4593 1349 4633 ne
1406 4577 1659 4632 maximo
1714 4593 1832 4641 eos,
1894 4575 1994 4646 qui

341 4658 578 4728 adsunt,
635 4662 983 4719 detrimento
1039 4664 1339 4734 mulctem,
1387 4667 1438 4722 si
1469 4666 1611 4738 quid
1643 4663 1992 4738 praeteriero.

343 4747 412 4803 Ut
436 4747 617 4820 igitur
647 4751 908 4808 medium
939 4755 1278 4824 quemdam,
1309 4755 1463 4812 inter
1492 4755 1775 4827 temporis
1805 4754 1992 4810 brevi-

412 4881 455 4916 “
480 4883 659 4939 Amos
689 4901 744 4951 v,
780 4885 836 4941 8.

407 5022 516 5097 (65)
547 5022 731 5097 ξὈλος.
764 5026 828 5081 In
861 5027 1179 5097 nonnullis,
1214 5027 1381 5092 ὅλως.

405 5093 518 5175 (66)
547 5096 611 5147 "0
637 5099 898 5169 κρεῖττον.
938 5099 1031 5154 Sic
1065 5093 1242 5173 Regg.
1272 5120 1324 5169 a,
1350 5119 1400 5159 ο.
1424 5104 1486 5172 d,
1508 5103 1609 5175 ph,
1634 5107 1741 5159 etc.
1775 5103 1836 5158 In
1869 5103 1985 5171 ed.,

331 5162 616 5236 κρείττωνἼ

329 5234 511 5358 γέῗῐ)
544 5234 838 5292 Ὠδίνοντα.
893 5240 1185 5312 Interpres
1241 5242 1472 5299 videtur
1520 5244 1758 5317 legisse,
1813 5240 1984 5296 οίδαί-

394 5326 418 5354 ν
497 5349 510 5358 .

394 5326 510 5361 ντα.

405 5377 520 5519 (68)
553 5375 794 5447 Γένησθε.
832 5380 1030 5449 Savil.,
1063 5379 1320 5456 γένοισθε.

426 5448 496 5501 69
545 5451 652 5516 Τῆς
683 5449 891 5519 φύσεως
941 5449 1180 5519 ἄγαλμα.
1213 5455 1320 5509 Ver

426 5448 515 5519 69)
545 5449 891 5530 Τῆς-φύσεως
941 5448 1538 5530 ἄγαλμακνοιιῐιοουίο.
1589 5456 1792 5530 lingua
1842 5457 1985 5512 dici-

338 5528 470 5570 mus
504 5535 516 5571 :
545 5542 572 5570 u
605 5521 1053 5578 Chmf-d'muv're
1086 5521 1155 5579 de
1186 5524 1242 5579 la
1272 5532 1496 5583 nature.
1525 5551 1552 5578 »

411 5589 521 5670 (7p)
561 5590 1104 5670 .Πολυμαθίας.-8ίϐ
1130 5665 1144 5670 Α
1171 5595 1367 5670 plures
1433 5600 1601 5654 codd.
1671 5601 1732 5654 ln
1804 5601 1980 5670 Regg.

341 5665 393 5720 ο,
444 5657 511 5722 (Ι,
561 5657 682 5730 bm,
740 5657 840 5736 ph,
898 5657 1288 5738 πολυμαθίίας.
1346 5668 1409 5726 In
1468 5671 1582 5740 ed.,
1632 5657 1979 5746 φιλομαθῖἆῖ,

2172 3780 2239 3832 Z'.
2276 3777 2397 3831 Τῶν
2461 3774 2554 3846 μὲν
2612 3770 2702 3828 οὖν
2757 3771 2935 3848 λόγων
2992 3771 3080 3826 καὶ
3135 3773 3188 3827 οἱ
3245 3771 3398 3847 λόγοι
3463 3791 3752 3846 μαρτυρες,

2109 3863 2208 3925 οὓς
2234 3861 2479 3923 πολλοὺς
2529 3863 2617 3916 καὶ
2670 3859 2959 3936 λαμπροὺς
3011 3860 3207 3922 ἐκεῖνος
3240 3860 3369 3932 ὑπὲρ
3397 3863 3556 3932 ἡμῶν
3604 3880 3758 3914 κατε-

2103 3947 2326 4027 ϐάλετο,
2358 3950 2543 4021 ἐπειδή
2605 3973 2667 4026 γε
2720 3953 3012 4026 μετήνεγκε
3061 3954 3193 4004 Θεοῦ
3243 3948 3623 4027 φιλανθρωπιᾳ
3651 3951 3752 4016 τήν

2102 4039 2403 4113 παίδευσιν,
2469 4045 2566 4094 τοῦ
2624 4043 2911 4100 ποιοῦντος
2955 4040 3021 4092 τὰ
3067 4038 3239 4092 πάντα
3282 4039 3369 4092 καὶ
3427 4037 3752 4110 μετασκευά-

2106 4135 2310 4199 ζοντος,
2343 4131 2480 4205 πρὸς
2509 4127 2571 4183 τδ
2609 4128 2820 4204 βέλτιον
2852 4129 2984 4200 (71),
3035 4127 3230 4198 καὶτῷ
3281 4125 3435 4199 λόγῳ
3483 4127 3579 4194 τήν
3617 4125 3751 4179 ἀλο-

2102 4219 2224 4294 γίαν
2258 4219 2539 4274 ὐπέκλινεν
2565 4237 2577 4250 ·
2629 4217 2691 4271 τὸ
2742 4215 2799 4271 δὶ
2847 4216 3105 4281 ἐντεῦθεν,
3160 4216 3258 4270 οὐκ
3289 4214 3390 4269 οἷδ’
3424 4214 3571 4275 ὅπως
3602 4215 3751 4288 χρή·-

2102 4329 2285 4382 σωμαι
2315 4311 2449 4380 (72),
2499 4311 2576 4378 τῷ
2631 4305 2785 4380 λόγῳ
2832 4305 2921 4359 καὶ
2953 4305 3033 4359 τίς
3080 4306 3343 4379 γένωμαι·
3394 4308 3510 4365 πῶς
3543 4303 3634 4374 μεν
3673 4303 3748 4374 μή

2107 4398 2311 4470 μακρὸν
2348 4395 2608 4451 άποτείνω
2640 4393 2824 4468 λόγον,
2878 4393 2965 4448 καὶ
3015 4392 3295 4455 παντελῶς
3348 4391 3445 4465 ἔξω
3494 4395 3589 4445 τοῦ
3632 4411 3754 4444 και-

2106 4491 2224 4562 ροῦ,
2257 4485 2468 4539 πάντων
2495 4488 2599 4538 τῶν
2634 4486 2940 4557 Κυπριανοῦ
2978 4482 3344 4555 μεμνημένος·
3397 4483 3516 4541 πῶς
3567 4476 3623 4533 δὲ
3673 4479 3749 4550 μὴ

2101 4574 2168 4628 τὰ
2215 4575 2441 4648 μέγιστα
2491 4573 2757 4646 ζημιώσω
2803 4572 2928 4632 τοὺς
2975 4569 3244 4646 παρόντας
3290 4573 3406 4630 τοῖς
3459 4566 3754 4638 σιωπωμέ-

2101 4682 2239 4724 νοις.
2300 4665 2395 4716 "lv‘
2446 4659 2535 4715 οὖν
2574 4659 2740 4733 μέσην
2797 4655 2999 4733 βαδίσω
3029 4662 3125 4713 τοῦ
3155 4661 3366 4730 καιροῦ,
3401 4654 3489 4710 καὶ
3518 4658 3618 4710 τοῦ
3647 4652 3748 4707 πό-

2104 4751 2199 4805 θου
2225 4754 2328 4805 τῶν
2359 4745 2688 4819 ἀκουόντων,
2739 4747 2885 4802 οὓτω
2946 4767 3037 4820 μοι
3089 4744 3236 4800 δοκεῖ
3283 4742 3542 4813 ποιητέον
3597 4743 3747 4796 εἶναι’

2099 5051 2127 5079 ‹‹
2162 5029 2422 5101 discendi
2455 5026 2770 5101 cupiditas.
2799 5045 2821 5076 ι
3028 5095 3063 5101 _
3154 5099 3159 5101 _
3203 5095 3215 5101 _
3421 5092 3432 5101 _
3634 5089 3672 5101 ,,

2171 5101 2282 5170 (71)
2326 5100 2466 5172 Πρὸς
2523 5089 2584 5172 τὸ
2645 5095 2882 5172 βέλτιον.
2944 5116 2970 5148 ι
3027 5095 3360 5172 Ποοιιιίῑιοω
3418 5092 3480 5172 in
3539 5089 3750 5172 melius

2099 5163 2425 5226 transtulit.
2451 5194 2479 5223 »
2504 5171 2593 5224 Sic
2617 5163 2958 5223 vertendum
2983 5167 3411 5221 existimamus.
3435 5163 3565 5218 Haec
3593 5163 3750 5216 enim

2096 5245 2270 5297 verba
2302 5243 2608 5298 referimus
2639 5240 2710 5293 ad
2766 5237 3080 5310 μετήνεγκε,
3115 5238 3267 5310 quod
3303 5235 3575 5310 superius
3607 5232 3753 5304 legi-

2096 5319 2210 5369 tur.
2259 5314 2462 5370 Billius
2511 5317 2709 5368 autem
2757 5306 2824 5364 ea
2874 5306 3050 5363 refert
3106 5306 3177 5364 ad
3239 5306 3750 5379 μετασκευάζοντος,

2142 5385 2366 5439 uamvis
2399 5386 2457 5439 in
2490 5382 2771 5455 propheta
2800 5383 2977 5435 Amos
3023 5396 3137 5434 non
3169 5376 3502 5449 occurrant,
3531 5381 3589 5432 et
3618 5376 3749 5431 red-

2139 5457 2202 5519 it,
2237 5479 2262 5503 ‹‹
2301 5453 2566 5525 atquein
2598 5453 2808 5509 melius
2842 5457 3182 5525 commutat.
3210 5474 3236 5500 ››

2167 5521 2638 5601 (72))(ρήσωμαι.
2707 5526 2886 5596 Regg.
2949 5523 3005 5591 d,
3065 5522 3163 5594 ph,
3224 5527 3281 5578 et
3342 5521 3438 5578 0r.
3499 5521 3549 5589 1,
3609 5536 3750 5592 κρη-

2094 5617 2280 5669 σομαι,
