4056 6274
303 402 457 464 H77

1168 404 1456 465 ORATIO
1500 404 1719 466 XXIV.
1755 438 1833 449 —
1863 404 1943 466 IN
1988 406 2312 469 LAUDEM
2358 409 2422 466 S.
2470 400 2866 466 CYPHIANI.

3557 399 3715 462 1178

298 532 365 586 τὰ
399 531 492 603 μὲν
526 528 671 586 ἄλλα
714 535 962 606 παρεῖναι
1006 536 1125 593 τοῖς
1172 529 1395 605 είδόσιν,
1449 530 1777 588 ἐκδιδάσκειν
1821 532 1940 595 τοὺς

2064 540 2245 592 tatem
2276 540 2333 593 et
2360 536 2696 592 auditorum
2731 533 3141 606 cupiditatem,
3186 546 3425 587 cursum
3452 532 3705 593 teneam,

296 619 647 694 ἀγνοοῦντας,
698 618 845 693 εἴπερ
906 618 1008 674 ε’ίσί
1059 640 1223 689 τινες,
1275 620 1353 674 ἵν’
1408 622 1706 700 ἀμφότεροι
1747 621 1940 698 εὐεργει

2075 625 2194 679 haec
2228 625 2373 680 mihi
2415 626 2672 680 ineunda
2722 624 2865 679 ratio
2897 624 3173 677 videtur:
3217 626 3426 677 caetera
3472 619 3708 691 quidem

294 712 493 764 τῶνται
545 707 773 780 ὁμοίως,
822 708 911 763 καὶ
960 709 1011 762 οἱ
1067 706 1409 771 διδάσκοντες
1452 712 1519 765 τὰ
1568 710 1813 777 ἐκείνου,
1862 711 1953 765 καὶ

296 797 349 851 οἱ
412 798 767 869 μανθάνοντες
823 794 1036 867 εξέπειδὴ
1095 798 1183 852 καὶ
1241 799 1303 852 τὸ
1367 802 1670 871 μεμνῆσθαι
1719 804 1815 854 τοῦ
1859 800 1949 853 ἀν-

296 883 445 960 δρὸς,
508 885 795 961 ἁγιασμὸς,
857 885 945 940 καὶ
1007 885 1250 961 λὲγιστον
1306 887 1379 948 εἰς
1436 887 1778 961 παράκλησιν
1830 888 1950 964 ἀρε-

291 980 391 1042 τῆς
423 975 451 1027 6
479 972 692 1047 λόγος)·
730 974 847 1035 ἑνὸς
881 971 938 1030 δὲ
968 975 1002 1043 ἢ
1038 972 1131 1029 δύο
1181 980 1287 1029 τῶν
1322 974 1527 1031 ἐκείνου
1571 974 1660 1031 διὰ
1697 977 1946 1053 βραχέων

297 1062 726 1134 ἐπιμνησθῆναι,
758 1063 844 1117 καὶ
876 1063 1083 1118 τούτων
1126 1062 1225 1118 ὅσα
1277 1062 1416 1137 μηδὲ
1451 1063 1779 1139 βουλομένῳ
1809 1085 1946 1141 παρ-

299 1149 473 1205 ελθεῖν
507 1148 753 1209 δυνατόν,

2063 715 2385 770 scientibus
2417 714 2841 784 relinquam,ut
2868 712 2960 779 iis,
2986 711 3088 781 qui
3111 728 3177 765 ea
3206 711 3498 781 ignorant,
3531 709 3580 764 si
3611 709 3711 780 qui

2062 808 2259 857 tamen
2298 802 2442 858 tales
2473 807 2949 872 sunt,exponant,
2974 806 3149 871 atque
3179 816 3248 855 ex
3289 815 3358 855 ea
3387 814 3447 853 re
3478 798 3711 869 utrique

2062 908 2262 963 parem
2297 892 2610 949 utilitatem
2653 891 2906 963 capiant,
2967 894 3094 945 tum
3128 890 3227 961 qui
3276 887 3435 942 illius
3463 888 3711 943 virtutes

2060 980 2293 1046 docent,
2324 986 2451 1035 tum
2486 980 2584 1052 qui
2637 980 2953 1034 addiscunt
3003 976 3499 1049 (quandoquidem
3531 975 3710 1046 hujus

2059 1085 2294 1141 quoquc
2322 1069 2433 1124 viri
2463 1070 2549 1125 vel
2582 1068 2707 1125 sola
2735 1067 3056 1123 recordatio
3109 1065 3417 1121 sanctitate
3448 1066 3707 1121 animam

2059 1157 2294 1225 imbuit,
2329 1157 2768 1229 maximumque
2809 1156 3038 1228 pondus
3067 1155 3139 1211 ad
3189 1154 3562 1210 excitandum
3593 1153 3706 1209 vir-

302 1241 446 1297 tutis
478 1242 741 1297 studium
775 1241 950 1297 habet
982 1242 1218 1315 oratio);
1250 1259 1357 1315 ego
1394 1260 1528 1299 vero
1559 1261 1628 1299 ex
1675 1244 1833 1300 illius
1877 1245 2052 1302 rebus
2082 1263 2266 1302 unum
2302 1252 2402 1302 aut
2429 1246 2678 1302 alterum
2727 1246 2976 1301 breviter
3020 1260 3329 1316 exponam,
3360 1260 3487 1316 quas
3534 1242 3707 1300 etiam

310 1329 490 1398 hujus
519 1328 746 1401 generis
778 1335 937 1395 sunt,
970 1335 1033 1385 ut
1062 1347 1148 1397 ea,
1187 1348 1256 1387 ne
1288 1332 1336 1386 si
1369 1335 1621 1388 maxime
1652 1334 1888 1405 quidem
1919 1333 2111 1403 velim,
2146 1336 2437 1406 prasterire
2468 1352 2697 1408 queam.

372 1417 451 1472 H'.
488 1418 890 1489 Μνησθήσομαι
930 1415 988 1472 δὶ
1035 1423 1131 1472 τοῦ
1180 1420 1448 1495 προτέρου
1504 1419 1644 1493 βίου,
1692 1420 1779 1475 καὶ
1825 1420 1947 1490 ἥτις

2128 1424 2274 1480 VIII.
2308 1424 2508 1480 Dicam
2543 1441 2731 1496 porro,
2765 1440 2892 1495 quas
2924 1422 3136 1495 prioris
3167 1421 3355 1493 ipsius
3401 1420 3530 1476 vitae
3562 1420 3709 1477 ratio

300 1503 449 1577 αὖτῷ
476 1504 662 1581 γὲγονε
705 1505 978 1578 σωτηρίας
1030 1504 1177 1579 ὁδὸς,
1212 1506 1301 1562 καὶ
1351 1508 1430 1569 τίς
1477 1510 1511 1577 ἡ
1542 1507 1762 1579 κλῆσις,
1793 1508 1881 1564 καὶ
1912 1512 1940 1579 ἦ

2059 1512 2255 1579 fuerit,
2286 1530 2414 1584 quas
2446 1513 2654 1569 salutis
2683 1513 2794 1579 via,
2829 1529 2955 1584 quas
2982 1512 3229 1579 vocatio,
3264 1526 3391 1582 quin
3419 1510 3479 1565 in
3511 1509 3710 1566 melio-

301 1592 439 1669 πρὸς
493 1593 557 1648 τὸ
611 1598 856 1670 κρεῖττον
921 1596 1233 1667 μετάθεσις.
1291 1602 1496 1651 Ἐκεῖνο
1560 1598 1653 1669 μὲν
1708 1619 1771 1672 γε
1830 1598 1940 1653 λίαν

2059 1617 2180 1657 rem
2206 1604 2331 1657 vita
2360 1607 2581 1658 statum
2614 1602 2879 1657 mutatio.
2931 1600 3215 1672 Equidem
3259 1616 3358 1656 eos
3389 1600 3705 1655 admodum

298 1682 512 1757 ἀγεννὲς
569 1682 658 1736 καὶ
726 1684 1093 1759 μικρόψυχον,
1141 1682 1341 1739 οἷέσθαι
1390 1681 1802 1755 καθυϐηίζεσθαι
1857 1688 1940 1742 τὸν

2061 1689 2252 1759 ignavi
2283 1696 2459 1763 atque
2489 1691 2699 1762 abjecti
2733 1689 2918 1745 animi
2948 1706 3077 1746 esse
3099 1688 3391 1756 existimo,
3425 1688 3527 1760 qui
3550 1704 3710 1743 mar-

296 1768 548 1840 ἆθλητήν
580 1774 648 1845 τῇ
686 1774 874 1845 μνήμῃ
913 1776 1018 1827 τῶν
1072 1773 1422 1850 παιοτέρων.
1473 1775 1623 1829 Ἐπεὶ
1673 1774 1815 1829 οὕτω
1862 1776 1940 1829 καῖ

2062 1780 2194 1852 tyri,
2227 1797 2422 1836 rerum
2455 1781 2655 1836 minus
2685 1779 3069 1835 laudabilium
3121 1778 3702 1843 commemoratione,

298 1858 516 1921 Παῦλος
575 1862 711 1933 ἡμῖν
766 1860 865 1915 οὐκ
922 1860 1202 1924 ἐπαινετὸς
1236 1863 1263 1915 ὁ
1298 1861 1492 1937 μέγας,
1539 1862 1628 1917 καὶ
1679 1866 1940 1925 Ματθαῖος

2060 1869 2474 1924 centumeliam
2506 1869 2707 1925 inferri
2737 1869 3119 1923 arbitrantur.
3138 1867 3255 1923 Hac
3288 1866 3445 1921 enim
3477 1865 3703 1921 ratione

298 1947 328 2001 6
356 1946 607 2017 τελώνης
656 1948 707 2003 ἰν
754 1954 871 2011 τοῖς
922 1950 1217 2017 κακίστοις,
1267 1950 1356 2005 καὶ
1412 1952 1718 2027 Κυπριανὸς
1764 1952 1946 2011 αὐτός·

299 2036 329 2091 6
367 2036 460 2109 μὲν
491 2040 596 2090 τῶν
628 2038 907 2112 προτέρων
937 2038 1128 2093 ἑαυτοῦ
1161 2036 1422 2113 διωγμῶν
1462 2040 1838 2113 μεμνημένος,
1859 2041 1950 2096 καί

295 2130 399 2194 τῆς
456 2130 553 2179 τοῦ
614 2126 786 2196 ζήλου
847 2127 1208 2199 μεταθέσεως,
1262 2125 1335 2181 ’ἶν’
1394 2126 1453 2182 ἰκ
1505 2126 1600 2183 τοῦ
1656 2128 1949 2205 παραλλή-

297 2212 403 2268 λου
451 2216 563 2287 (73)
626 2212 836 2286 μΞιλλον
899 2211 1097 2287 δοζᾶσῃ
1152 2215 1243 2270 τὸν
1306 2215 1613 2291 εὐεργέτην·
1674 2219 1702 2272 6
1757 2216 1813 2272 δὲ
1854 2216 1947 2273 τὸν

296 2300 554 2371 Τελώνην
615 2301 788 2375 ἑαυτῷ
843 2303 1150 2379 προστιθεὶς
1212 2303 1263 2359 ἐν
1315 2308 1382 2378 τῇ
1431 2309 1534 2359 τῶν
1568 2311 1824 2377 μαθητῶν
1856 2306 1951 2361 ἀπ’

299 2391 616 2465 αριθμήσει,
650 2390 829 2465 ὥσπερ
861 2389 1002 2447 ἄλλο
1047 2414 1101 2447 τι
1130 2397 1237 2447 τῶν
1279 2393 1477 2466 τιμίων
1510 2393 1799 2467 ἆπίο-ημον·
1834 2397 1862 2450 6
1894 2393 1951 2451 δὲ

298 2477 392 2533 καὶ
444 2484 637 2555 μακρῷ
692 2477 844 2556 λόγῳ
885 2478 1218 2547 στηλιτεύων
1274 2483 1373 2551 τὴν
1433 2484 1698 2559 προτέραν
1759 2484 1949 2540 ἑαυτοῦ

296 2568 513 2637 κακίαν,
560 2568 652 2624 ’ίνα
706 2570 797 2625 καὶ
852 2575 1013 2626 τοῦτο
1073 2577 1189 2644 Θεῷ
1246 2577 1661 2652 καρποφορήσῃ,
1720 2578 1818 2645 τήν
1875 2576 1952 2647 ἐξ·

300 2657 607 2732 αγόρευσιν,
641 2658 729 2713 καὶ
760 2658 995 2722 πολλοῖς
1028 2657 1153 2723 ὁδὸς
1186 2661 1406 2735 γένηται
1436 2669 1537 2732 τῆς
1582 2663 1950 2740 χρηστοτέρας

300 2743 529 2809 ἐλπίδος
577 2751 684 2802 τῶν
734 2748 838 2804 ἀπὸ
882 2749 1070 2812 κακίας
1116 2749 1568 2829 ἐπιστρεφόντων.
1627 2752 1716 2815 Τίς
1776 2752 1867 2808 οὖν
1911 2756 1946 2824 ἡ

296 2842 481 2915 κακία,
542 2844 631 2899 καὶ
690 2851 959 2915 σκοπεῖτε,
1020 2846 1121 2917 ὅση
1180 2846 1269 2902 καὶ
1327 2846 1496 2919 ἡλίκη
1554 2849 1616 2903 τὸ
1676 2849 1943 2925 μὲγεθος’

300 2931 587 3004 Δαιμόνων
639 2934 705 3002 ἦν
757 2936 1109 3008 θεραπευτής,
1166 2936 1194 2989 6
1246 2939 1480 3009 Χριστοῦ
1514 2939 1761 3010 μαθητὴς
1794 2938 1945 2994 ὕστε-

300 3039 421 3094 ρον-
472 3021 560 3074 καὶ
602 3018 839 3092 διώκτης
883 3023 1231 3099 πικρότατος,
1264 3024 1292 3078 6
1336 3026 1499 3100 μὲγας
1546 3032 1647 3095 τῆς
1687 3027 1948 3097 ἀληθείας

292 3107 630 3183 ἀγωνιστής
682 3112 769 3167 καὶ
826 3110 977 3185 λόγῳ
1021 3114 1110 3167 καὶ
1158 3109 1304 3188 ἔργῳ
1346 3112 1626 3189 ταράσσων
1677 3116 1776 3184 τήν
1808 3118 1946 3189 ἠμε-

296 3196 457 3274 τὲραν
513 3196 659 3291 δδὸν,
721 3198 810 3254 διὰ
863 3202 925 3254 τὸ
983 3200 1034 3255 ἐν
1096 3202 1426 3278 ἀμφοτέροις
1485 3202 1701 3278 κράτος,
1751 3203 1944 3281 ὀκρά-
1976 3224 2019 3291 C

298 3306 481 3348 τιστος
514 3287 791 3364 ἀμφότερα
843 3291 976 3361 μετᾶ
1014 3294 1175 3344 τοῦτο
1227 3292 1588 3366 Χριστιανοῖς.
1638 3294 1803 3350 ’Όσον
1845 3315 1942 3350 κα-

293 3375 392 3429 κὸν
450 3374 540 3428 καὶ
596 3375 817 3451 γοητεία
870 3377 1085 3439 τούτοις
1141 3379 1538 3453 προστιθεμένη
1576 3424 1590 3451 ,
1648 3385 1755 3435 τῶν
1810 3381 1944 3437 ὲκεί-

296 3482 393 3515 νου
453 3465 562 3536 (74)
635 3464 698 3517 τὸ
773 3466 1249 3540 γνωριμώτατονί
1303 3466 1413 3539 ὅσῳ
1489 3466 1789 3545 δεινότερον
1856 3469 1947 3526 καί

294 3549 573 3620 ἀπληστία
603 3553 874 3625 σώματος,
906 3555 940 3623 ἣ
969 3555 1059 3609 καὶ
1100 3555 1227 3619 τοὺς
1276 3554 1456 3612 τᾶλλα
1504 3558 1704 3634 σοφοὺς
1758 3558 1947 3632 ἰκμαί-

289 3658 399 3694 νιιν
459 3636 709 3711 δύναται,
766 3656 856 3697 και
914 3650 1101 3721 χεῖρον
1163 3652 1377 3722 φρονεῖν
1442 3647 1720 3722 βιάζεται,
1781 3649 1945 3713 καθά-

289 3747 392 3805 περ
451 3724 712 3805 ὖϐριστής
769 3730 983 3799 πῶλος,
1033 3735 1124 3788 τὸν
1168 3734 1433 3808 λογισμὸν
1486 3737 1943 3811 συναρπάζουσαῙ

2059 1971 2166 2011 nec
2197 1974 2445 2029 magnus
2476 1959 2601 2029 ipse
2635 1957 2849 2012 Paulus
2880 1956 3113 2012 laudem
3136 1959 3448 2021 mereatur,
3480 1958 3537 2010 et
3557 1954 3707 2010 Mat-

2056 2043 2246 2101 thaaus
2276 2046 2627 2116 publicanus
2658 2046 2716 2100 in
2772 2045 3362 2101 sceleratissimorum
3394 2043 3705 2098 hominum

2060 2150 2303 2193 numero
2345 2134 2650 2189 habendus
2681 2134 2875 2203 fuerit,
2909 2150 2974 2188 ac
3001 2137 3202 2188 noster
3248 2132 3424 2187 etiam
3463 2130 3705 2204 Cypria-

2063 2244 2195 2283 nus.
2230 2225 2328 2280 Ille
2357 2224 2591 2296 quidem
2624 2222 3004 2295 pristinarum
3038 2238 3282 2276 suarum
3342 2220 3702 2292 persecutio-

2060 2331 2225 2379 num,
2257 2317 2314 2368 et
2343 2311 2552 2367 mutati
2582 2311 2687 2366 zeli
2711 2311 3065 2366 mentionem
3096 2310 3234 2365 facit
3266 2309 3403 2375 “,ut
3429 2308 3704 2365 videlicet

2059 2420 2129 2460 ex
2179 2401 2487 2473 utriusque
2537 2399 2845 2455 collatione
2888 2399 2983 2455 Dei
3025 2397 3471 2454 beneﬁcentiam
3512 2398 3701 2471 magis

2059 2491 2421 2549 concelebret
2451 2506 2465 2545 :
2500 2489 2646 2544 alter
2674 2504 2807 2544 vero
2839 2489 2897 2543 in
2929 2487 3351 2560 discipulorum
3392 2503 3699 2543 enumera-

2057 2582 2214 2637 tione
2243 2580 2357 2636 sibi
2401 2579 2515 2651 ipsi
2573 2579 2872 2634 Publicam'
2925 2582 3404 2649 cognomentum,
3463 2575 3703 2648 perinde

2058 2674 2233 2742 atque
2262 2669 2421 2725 aliud
2461 2667 2756 2740 quoddam
2810 2666 3133 2721 nobilitatis
3182 2665 3416 2737 insigne
3444 2668 3501 2721 et
3530 2681 3698 2721 orna-

2058 2763 2348 2825 mentum,
2380 2756 2645 2829 adjungit
2676 2757 2719 2791 ¹⁸
2747 2773 2760 2823 ;
2793 2755 2888 2811 hic
2919 2754 3169 2826 denique
3221 2753 3540 2825 superioris
3569 2753 3700 2808 vitae

2056 2847 2481 2920 turpitudinem
2512 2846 2687 2918 longa
2728 2844 2987 2901 oratione
3038 2843 3385 2916 proseindit,
3419 2846 3484 2897 ut
3513 2842 3703 2914 ipsam

2057 2952 2288 3009 quoque
2320 2935 2605 2991 scelerum
2639 2933 3065 2989 confessionem
3115 2931 3231 2987 Deo
3284 2930 3546 2986 muneris
3577 2928 3702 2986 loco

2056 3026 2282 3090 olferat,
2314 3040 2379 3077 ac
2411 3022 2611 3078 multis
2643 3038 2870 3087 eorum,
2901 3020 3003 3092 qui
3032 3022 3103 3076 ab
3136 3020 3403 3093 improba
3432 3023 3489 3075 et
3536 3018 3702 3090 ﬂagi-

2056 3115 2208 3170 tiosa
2234 3112 2462 3167 vivendi
2497 3110 2719 3166 ratione
2752 3110 3015 3164 animum
3050 3113 3338 3176 revocant,
3386 3108 3458 3163 ad
3493 3107 3704 3164 melius

2057 3202 2412 3275 sperandum
2444 3199 2537 3254 via
2565 3198 2937 3264 existat.0uas
2969 3196 3326 3268 igiturillius
3355 3195 3705 3269 improbitas

2060 3291 2252 3360 fuerit,
2286 3303 2581 3361 quamque
2614 3303 2829 3359 magna
2857 3290 2915 3341 et
2944 3285 3161 3356 gravis,
3192 3286 3495 3357 expendite
3528 3301 3541 3341 :
3577 3285 3701 3340 Das-

2056 3396 2301 3436 menum
2332 3377 2523 3434 cultor
2552 3380 2698 3441 erat,
2733 3376 2835 3447 qui
2882 3374 3096 3430 Christi
3145 3379 3349 3446 postea
3379 3373 3705 3445 discipulus

2059 3470 2169 3526 fuit
2200 3487 2214 3536 ;
2244 3472 2302 3524 et
2330 3470 2669 3539 persecutor
2698 3464 3136 3532 acerbissimus,
3188 3464 3288 3535 qui
3321 3468 3523 3535 postea
3552 3464 3704 3520 442

2059 3574 2313 3631 magnus
2341 3554 2603 3612 veritatis
2633 3557 3035 3627 propugnator
3063 3553 3317 3621 exstitit;
3359 3558 3416 3609 et
3445 3553 3620 3608 verbo
3650 3556 3707 3609 et

2056 3663 2250 3720 opere,
2285 3648 2487 3717 utpote
2539 3644 2597 3699 in
2647 3650 2891 3714 utroque
2940 3642 3188 3715 pollens,
3236 3642 3392 3697 viam
3443 3646 3705 3698 nostram

2059 3736 2350 3802 turbabat,
2383 3733 2483 3805 qui
2515 3738 2717 3805 postea
2747 3736 2996 3803 utraque
3028 3746 3088 3787 re
3119 3729 3516 3802 peregregiam
3547 3730 3706 3786 Chri-

290 3818 499 3875 stianis
530 3837 767 3892 operam
800 3822 978 3877 dedit.
1010 3824 1141 3878 Jam
1173 3828 1431 3894 quantus
1464 3839 1532 3879 ex
1561 3830 1684 3881 arte
1733 3828 1981 3899 magica,
2015 3845 2047 3882 a
2077 3842 2193 3898 qua
2224 3822 2596 3895 potissimum
2630 3822 2701 3874 ad
2732 3820 3035 3875 hominum
3081 3819 3296 3873 famam
3343 3824 3705 3891 pervenerat,

293 3906 427 3960 huic
460 3905 613 3963 malo
638 3908 914 3963 cumulus
944 3910 1285 3965 accedebat!
1324 3916 1612 3981 quantum
1643 3911 1779 3968 item
1814 3913 1935 3969 haec
1969 3912 2219 3969 crimina
2247 3910 2624 3981 exaggerabat
2649 3908 2907 3979 corporis
2939 3906 3394 3978 intemperantia
3418 3911 3475 3962 et
3504 3906 3704 3975 libido,

288 4010 417 4065 quae
451 3999 671 4051 tantam
703 3997 814 4052 vim
850 3996 1044 4064 habet,
1079 4004 1143 4053 ut
1174 4001 1523 4071 quandoque
1569 4001 1863 4072 sapientes
1913 4002 2089 4057 etiam
2118 4000 2276 4055 viros
2310 3998 2504 4053 furore
2556 3996 2791 4063 efﬁciat,
2823 3996 3199 4067 deteriusque
3249 3993 3465 4051 sentire
3514 3998 3705 4069 cogat,

286 4082 523 4153 equulei
557 4083 872 4155 petulantia
903 4090 960 4139 et
992 4086 1262 4142 indomiti
1298 4104 1476 4153 more,
1509 4090 1794 4144 rationem
1826 4105 2029 4145 secum
2061 4086 2382 4160 arripiensl

358 4176 429 4224 8'.
464 4172 619 4227 ’Ἡκει
652 4168 709 4225 δὲ
760 4174 895 4240 ἡμῖν
946 4172 1027 4227 ἐπ’
1076 4173 1205 4228 αὐτὸ
1252 4175 1316 4228 τὸ
1363 4174 1656 4253 κεφάλαιον
1691 4177 1718 4229 6
1752 4172 1935 4252 λόγος.

286 4257 387 4311 Καὶ
445 4259 521 4330 μὴ
553 4260 688 4333 πρὸς
735 4260 803 4315 τὰ
848 4262 1039 4334 πρῶτά
1082 4283 1165 4323 τις
1228 4263 1365 4336 ὁρῶν
1421 4270 1766 4339 Κυπριανοῦ,
1814 4271 1933 4328 ταῖς

280 4343 507 4416 ἡδοναῖς
550 4347 764 4419 ὶφιέτω²
823 4354 940 4411 τοῖς
997 4348 1052 4405 δὲ
1107 4349 1441 4414 τελευταίοις
1491 4353 1930 4430 σωφρονιζέσθω.

282 4437 553 4511 Παρθένος
576 4456 658 4499 τις
705 4437 771 4506 ἦν
819 4440 927 4511 (75)
977 4442 1083 4493 τῶν
1138 4439 1493 4516 εὐπατρίδων,
1541 4442 1629 4497 καὶ
1660 4442 1926 4516 κοσμίων.

358 4576 403 4612 ¹⁸
434 4577 455 4632 Ι
487 4575 641 4633 Tim.
674 4592 714 4644 ι,
748 4578 835 4633 13.
915 4580 959 4616 ¹⁶
990 4579 1196 4636 Matth.
1229 4598 1285 4651 x,
1316 4582 1370 4638 3.

2122 4180 2217 4232 lX.
2258 4176 2336 4230 Ad
2371 4176 2571 4246 ipsum
2602 4178 2795 4228 autem
2820 4174 2947 4243 jam
2980 4172 3118 4228 mali
3159 4176 3335 4245 caput
3388 4188 3449 4229 se
3480 4172 3703 4229 confert

2047 4266 2251 4321 oratio.
2286 4264 2402 4319 Nec
2431 4279 2567 4317 vero
2616 4262 2933 4334 quisquam
2982 4262 3204 4333 primas
3252 4262 3382 4316 vitai
3429 4261 3700 4334 Cypriani

2044 4359 2240 4427 partes
2268 4351 2932 4423 intuens,voluptatibus
2962 4350 3297 4423 indulgeat;
3329 4368 3531 4406 verum
3563 4350 3701 4405 ulti-

2041 4443 2155 4498 mis
2187 4443 2259 4498 ad
2290 4440 2637 4515 pudicitiam
2672 4443 2988 4495 revozetur.
3042 4438 3210 4511 Virgo
3256 4439 3522 4511 quaedam
3554 4442 3696 4506 erat,

316 4729 463 4819 J73)
498 4725 891 4819 Ηοξρειὲῇήᾉουο
937 4731 1029 4787 Sic
1071 4732 1249 4805 Ress-
1283 4734 1405 4804 bm,
1438 4734 1537 4807 ph.
1570 4736 1635 4792 In
1666 4737 1759 4793 ed.
1792 4737 1939 4793 divi-

2058 4731 2155 4790 Βων
2216 4734 2305 4788 καὶ
2351 4729 3066 4819 κὶοσμῶνκκεῦπριπὴςιμὲν
3113 4731 3215 4819 τὴν
3255 4727 3398 4819 ὥραὶν
3445 4732 3544 4785 τοῦ
3588 4730 3696 4819 σιξ)-

276 4798 419 4868 lim,
449 4798 592 4873 mp"
609 4798 884 4873 ein-ﬁcu.

349 4874 465 4941 (74)
492 4870 608 4925 Τῶν
669 4870 895 4941 ἐκείνου,
956 4878 1067 4930 etc.
1125 4876 1513 4932 Combeﬂsius
1571 4877 1656 4933 sic
1707 4880 1933 4935 vertit:

273 4963 305 4991 «
340 4947 451 4999 Ars
481 4945 730 5015 magica,
762 4962 877 5016 qua
907 4946 1160 5002 maxime
1196 4947 1255 5001 in
1306 4948 1575 5004 notitiam
1630 4948 1935 5006 hominum

267 5020 532 5089 venerat,
566 5021 785 5089 quanto
836 5016 897 5089 in
936 5019 1068 5089 ejus
1116 5018 1287 5074 malis
1335 5020 1456 5075 haec
1506 5020 1726 5089 primas
1772 5026 1932 5077 tene-

269 5084 469 5164 hat?»
500 5084 800 5164 Improbat
850 5084 1397 5164 interpretationem
1450 5084 1619 5156 Billii,
1671 5091 1770 5163 qui
1821 5090 1933 5164 ὅσῳ

269 5152 574 5246 δεινότερον
594 5152 975 5246 jungit'cum
1007 5152 1131 5246 Ἰ]ξεὶ
1170 5162 1535 5246 verbisque
1583 5152 1930 5246 sequuntur,

266 5225 361 5300 καὶ
421 5225 699 5297 ἀπληστία
720 5225 1031 5300 ’σώματος.
1076 5231 1135 5287 Si
1193 5225 1541 5289 admittatur
1597 5225 1930 5291 Co'mbelisii

264 5299 717 5427 intergretatio,
777 5299 861 5356 sic
930 5301 1021 5357 his
1090 5302 1663 5377 interpunctionibus
1718 5306 1930 5362 distin-

264 5386 421 5427 Ruen
469 5388 502 5427 a
540 5372 650 5427 erit
696 5371 930 5427 nhrasis
962 5390 976 5427 :
1010 5376 1125 5427 Τῶν
1159 5372 1363 5427 ἰκείνου
1392 5376 1455 5427 τὸ
1483 5376 1929 5427 γνωριμώτατον-

311 5371 502 5451 nenda
540 5372 650 5451 erit
695 5371 976 5451 phrasis:
1010 5376 1125 5451 Τῶν
1159 5371 1363 5429 tite-(von
1392 5376 1455 5430 τὸ
1483 5376 1930 5451 γνωριμώτατον,

302 5462 384 5518 σῳ
415 5439 713 5518 δεινότερον
743 5460 756 5509 ;
786 5441 1151 5518 ἠ-ἆπληστία,
1183 5453 1290 5503 etc.
1326 5466 1389 5503 :«
1426 5439 1549 5514 Qua
1581 5439 1704 5504 arte
1738 5455 1794 5504 et
1825 5439 1927 5504 no;

269 5515 741 5599 uomet-quanto
772 5515 842 5599 ad
868 5516 1064 5571 scelus
1093 5518 1450 5575 immanior?
1479 5520 1563 5575 Ad
1597 5520 1716 5575 hinc
1748 5521 1927 5577 libido

264 5588 649 5655 insatiabilis,
675 5608 702 5636 ››
733 5592 843 5641 etc.

342 5658 461 5744 (75).
490 5656 756 5741 Hapﬁtvoc
794 5675 877 5716 τις
966 5678 992 5710 ν
1048 5663 1157 5714 etc.
1191 5660 1256 5715 In
1306 5660 1633 5747 Coisl.1_et
1681 5663 1863 5718 Herva
1909 5706 1922 5719 .

352 5772 366 5784 .
414 5746 499 5784 Blc
546 5730 785 5784 additur
816 5747 830 5784 :
862 5655 1072 5784 Κάᾳλλιι
1102 5724 1484 5784 πιοίόλιπσιοε-
1515 5751 1624 5784 των
1668 5679 1922 5784 ιῦπατοῗ-

342 5679 461 5744 UO).
490 5679 756 5741 υαρυιγος
794 5679 877 5716 τις
925 5679 992 5784 1R:
1048 5679 1157 5714 οιο.
1191 5679 1256 5715 ιιι
1306 5679 1479 5717 ueisi.
1514 5679 1539 5717 1
1574 5679 1633 5718 et
1681 5679 1863 5718 uerva
1909 5706 1922 5719 .

264 5730 366 5790 ed.
414 5746 499 5790 διο
546 5730 785 5791 additur
816 5747 830 5787 :
862 5727 946 5787 Κά
987 5700 1072 5786 λιι
1102 5724 1486 5808 περίϐλεπτος,
1515 5735 1624 5791 τῶν
1668 5679 1925 5813 cenam?-

2093 4826 2242 4889 ατος,
2306 4801 2529 4889 ζηλωτή
2599 4801 2657 4889 δὲ
2692 4801 2835 4889 ,τὸνν
2862 4801 3096 4889 τρόπον’
3154 4804 3262 4889 τῂν,
3305 4801 3418 4878 ’γὰρ
3480 4803 3694 4889 μορῗήν

2048 4828 2242 4932 ἓατος,
2306 4828 2529 4874 ςηΛωτη
2599 4828 2657 4857 οε
2711 4828 2835 4887 τον..
2862 4828 3096 4878 τροπον-
3154 4828 3255 4871 την
3318 4828 3418 4878 γαρ
3480 4828 3694 4889 μορῗην

2083 4878 2356 4953 ξιὲραστος
2405 4878 2492 4953 ἦν,
2534 4873 3102 4953 καλψυχης-ἆρετὴν
3150 4872 3492 4953 ἀξιάγαοκιτοςζ
3519 4878 3697 4928 Ταυτα

2082 4942 2213 5027 ἄρ’ἡ
2247 4942 2897 5027 φήμη’ξ’ξήγγεέλε.ἓ’καῖ
2944 4942 3295 5027 ἑδνζνεακλίίξῖλ
3348 4942 3691 5027 ιεέπληῖτεῖδι

2082 4970 2145 5024 αρ
2179 4970 2213 5019 η
2247 4970 2318 5027 φη
2375 4970 2407 5018 η
2455 4970 2505 5002 οι
2552 4970 2775 5023 γγεΑΛε,
2804 4970 2897 5000 και
2944 4970 3036 5000 τον
3086 4970 3295 5000 νεανιαν
3348 4970 3685 5015 ιςεπΑητ-τεν,

2044 4970 2255 5096 δρῶντα
2290 4970 2383 5096 uti
2414 4970 2620 5096 κᾴλῐλος
2654 5017 2901 5096 ἐξαίσιον,
2942 5013 3296 5096 ἀκούοντα-δί
3325 5016 3524 5091 τρόπον
3559 5014 3685 5096 tyd-

2046 5089 2595 5165 μιλλονξίΔκούετε,
2641 5089 2919 5164 παρθένοι,
2971 5096 3121 5165 etc._:
3150 5089 3383 5165 «_Vir_go
3418 5089 3696 5165 quedam

2041 5160 2166 5221 erat
2223 5160 2775 5236 pulchritudine_et
2828 5177 3040 5236 genere
3098 5160 3371 5232 insignis,
3416 5162 3694 5236 ingenua,

2042 5230 2340 5319 praastanti
2375 5235 2637 5317 corporis
2680 5230 2884 5302 forma,
2916 5234 2989 5287 ob
3020 5230 3252 5287 morum
3288 5230 3693 5313 excellentiam

2040 5308 2371 5363 imitatione
2409 5307 2605 5378 digna.
2658 5305 2863 5378 Forma
2912 5320 3167 5378 namque
3197 5308 3339 5378 erat
3377 5302 3693 5378 amabilis,

2040 5380 2221 5435 animi
2253 5383 2449 5434 autem
2474 5373 2693 5433 virtute
2726 5376 2897 5448 longe
2927 5373 3347 5448 admirabilior.
3377 5373 3522 5448 Haec
3541 5374 3696 5448 fama

2040 5452 2371 5506 nuntiabat.
2404 5450 2722 5504 Confestim
2763 5444 3034 5519 juvenem
3084 5446 3392 5509 sauciavit,
3425 5444 3524 5515 qui
3577 5445 3693 5519 for-

2039 5539 2195 5577 mam
2228 5521 2374 5577 nulli
2408 5538 2605 5594 parem
2657 5517 3322 5594 conspiciebat;_verum
3353 5532 3487 5594 eum
3538 5517 3691 5594 pari-

2035 5595 2147 5649 bus
2178 5587 2552 5664 conjunétam
2601 5587 2867 5648 moribus
2916 5591 3212 5648 audiebat.
3247 5588 3481 5658 Audite,
3510 5587 3691 5663 virgi-

2036 5682 2163 5734 nes,
2186 5687 2214 5717 »
2247 5670 2361 5723 etc.
