4056 6274
362 399 520 460 H79

1601 398 1666 459 S.
1716 398 2086 459 GREGORII
2135 400 2528 462 THEOLOGI

3614 410 3776 471 1180

360 532 608 603 patricio
640 547 848 604 genere
879 531 1420 603 nata,honestisque
1453 531 1709 587 mrribus
1744 531 2003 603 praedita.

2126 530 2389 601 Ἀκούετε,
2446 534 2722 609 παρθένοι,
2783 535 2870 589 καὶ
2933 534 3333 612 συναγάλλεσθε
3364 584 3377 610 ,
3443 537 3657 611 μᾶλλον
3718 538 3777 595 δὲ

357 620 591 686 Audite,
647 621 924 692 virgines.
982 638 1048 675 ac
1091 621 1268 675 simul
1315 620 1621 687 exsultate,
1680 621 1798 675 imo
1828 621 2002 676 etiam

359 726 722 781 quaecunque
754 710 1095 780 pudicitiam
1134 710 1189 764 in
1224 710 1683 777 matrimonio,et
1714 709 2004 782 pudicitiae

364 805 630 855 amantes
652 799 871 853 colitis:
897 816 1029 853 nam
1057 799 1321 871 utrisque
1344 801 1641 854 communi
1664 804 2005 855 ornamento

360 892 445 943 est
476 888 590 943 ista
620 888 898 942 narratio.
938 887 1115 958 Virgo
1164 887 1281 941 haec
1314 889 1498 942 forma
1545 893 1670 942 erat
1722 904 2004 958 perquam

354 976 581 1031 liberali
615 981 671 1031 et
700 978 952 1047 egregia.
997 977 1239 1031 Accinat
1272 976 1409 1030 huic
1442 976 1746 1030 nobiscum
1780 976 1955 1030 David
1991 992 2004 1030 :

365 1066 553 1121 Omnis
594 1067 771 1135 gloria
818 1067 958 1135 ﬁlias
1010 1068 1153 1133 regis
1184 1067 1249 1120 ab
1300 1068 1449 1120 intus
1496 1066 1559 1134 1",
1615 1066 1747 1119 Vera
1795 1064 2007 1119 Christi

360 1172 597 1226 sponsa,
630 1154 1008 1226 pulchritudo
1045 1155 1365 1221 recondita,
1417 1155 1546 1209 viva
1576 1158 1792 1220 statua,
1826 1154 2009 1209 dona-

360 1244 512 1299 rium
544 1243 863 1315 sacrilegas
896 1260 1107 1298 manus
1141 1260 1255 1298 non
1288 1247 1576 1311 metuens,
1612 1244 1811 1297 fanum
1844 1242 2010 1297 inac-

362 1349 616 1398 cessum,
670 1332 876 1387 hortus
934 1331 1268 1400 conclusus,
1330 1332 1458 1386 fons
1514 1331 1780 1403 signatus
1840 1330 1885 1366 1⁸
1922 1331 2012 1402 (ut

365 1421 637 1477 Salomon
670 1437 901 1493 quoque
931 1421 1148 1491 aliquid
1194 1421 1304 1491 ipsi
1340 1422 1608 1492 accinat),
1641 1421 1749 1475 soli
1782 1420 2010 1476 Christo

365 1514 615 1565 servata.
648 1513 891 1581 Magnus
922 1509 1264 1582 Cyprianus,
1323 1510 1496 1572 unde,
1530 1513 1586 1563 et
1643 1525 1758 1580 quo
1815 1510 2009 1579 modo,

365 1599 517 1653 haud
548 1598 688 1667 scio,
740 1598 918 1669 hujus
948 1598 1191 1669 virginis
1240 1598 1396 1652 omni
1430 1614 1497 1652 ex
1545 1603 1706 1668 parte
1753 1602 1913 1663 tutas,
1945 1614 2011 1653 ac

364 1704 597 1742 morum
630 1688 910 1760 gravitate
949 1687 1201 1759 praeditas
1235 1703 1431 1741 amore
1490 1691 1692 1758 captus
1724 1691 1829 1741 est.
1864 1687 2009 1741 Nam

358 1793 635 1849 procaces
682 1780 739 1832 et
786 1776 937 1830 avidi
987 1774 1159 1845 oculi,
1213 1793 1279 1830 ea
1310 1776 1509 1846 etiam,
1542 1792 1668 1846 quae
1727 1776 2010 1848 attingere

358 1866 522 1921 nefas
576 1868 683 1931 est,
754 1863 1071 1936 attingunt,
1130 1880 1413 1935 organum
1478 1881 1686 1936 nempe
1743 1865 2007 1920 omnium
2044 1902 2089 1966 Β

358 1954 868 2026 promptissimum
922 1958 1098 2024 atque
1149 1952 1579 2009 avidissimum.
1630 1953 1744 2007 Nec
1776 1957 2008 2007 tantum

360 2047 565 2114 captus
594 2047 700 2107 est,
736 2043 835 2097 sed
870 2043 999 2112 ejus
1050 2058 1284 2113 quoque
1338 2042 1678 2112 pudicitiam
1727 2042 2007 2098 tentabat.

359 2132 402 2188 Ο
434 2131 793 2204 singularem
827 2131 1218 2199 stultitiam,si
1244 2131 1484 2202 quidem
1508 2132 1767 2185 futurum
1804 2148 2007 2203 spera-

356 2222 477 2291 bat,
512 2225 577 2275 ut
606 2237 733 2276 eam
767 2220 1061 2292 diriperet,
1095 2220 1184 2275 vel
1219 2220 1437 2292 potius,
1468 2237 1500 2275 ο
1525 2221 1818 2290 ingentem
1850 2220 2009 2276 illius

359 2310 811 2381 impudentiam,
845 2310 945 2381 qui
1000 2326 1091 2365 res
1141 2309 1481 2380 bujusmodi
1531 2310 1804 2376 audebat,
1838 2314 2009 2381 atque

360 2400 431 2454 ad
463 2399 798 2454 audendum
832 2397 1207 2470 impellebat!
1248 2398 1345 2452 [lle
1374 2398 1543 2453 etiam
1577 2398 1637 2453 in
1670 2399 2007 2471 paradisum

362 2490 643 2544 adversus
674 2505 831 2557 eum,
891 2488 990 2559 qui
1025 2488 1251 2558 primus
1298 2488 1527 2543 efﬁctus
1577 2492 1684 2558 est,
1736 2488 1807 2542 ab
1840 2488 2007 2542 initio

359 2577 594 2647 irrepsit
626 2578 668 2611 ¹⁰
703 2593 714 2629 :
750 2580 807 2631 et
838 2576 1068 2631 medius
1099 2576 1253 2630 inter
1283 2576 1519 2649 angelos
1544 2576 1913 2643 stat,Jobum
1937 2578 2007 2632 ad

362 2666 686 2721 cruciatum
721 2665 1073 2737 desposcens
1106 2666 1151 2707 ²ο
1183 2681 1197 2719 :
1233 2681 1298 2720 ac
1347 2670 1639 2737 postremo
1692 2666 2006 2721 Dominum

365 2753 584 2826 ipsum,
617 2754 714 2824 qui
746 2770 880 2808 eum
932 2770 1323 2826 oppressurus
1354 2759 1411 2809 et
1464 2760 1649 2809 morte
1693 2755 2008 2810 att'ecturus

363 2847 507 2913 erat,
541 2842 756 2898 adoriri
790 2860 900 2897 non
929 2842 1491 2914 dubitat,eique,qui
1525 2843 1671 2898 nulli
1701 2842 2008 2899 tentationi

362 2932 650 2988 obnoxius
684 2936 790 3001 est,
839 2932 1221 2987 tentationem
1281 2933 1549 2988 admovet
1604 2934 1647 2969 ²¹
1704 2933 2007 3005 (quoniam

2113 617 2200 674 καί
2249 625 2352 673 τῶν
2416 622 2516 676 ὑπὸ
2577 622 2736 697 ζυγὸν
2798 623 2917 679 ὅσαι
2976 626 3251 703 σώφρονές
3298 648 3356 681 τε
3384 629 3474 682 καὶ
3525 627 3774 706 φιλοσώ-

2115 728 2307 784 φρονες
2339 712 2473 781 (76)·
2508 711 2687 765 κοινὸν
2738 713 2841 787 γὰρ
2899 714 3231 791 ἀμφοτέραις
3281 714 3654 789 καλλώπισμα
3708 719 3769 772 τὸ

2117 794 2385 871 διήγημα.
2442 799 2539 851 Καὶ
2598 801 2632 867 ἠ
2694 800 2958 875 παρθένος
3018 802 3163 871 καλή
3220 808 3300 874 τῷ
3355 801 3483 858 εἷ’δει
3539 801 3767 881 σφόδρα·

2117 883 2433 960 προσᾳδὲτω
2479 886 2646 961 ταύτῃ
2703 890 2821 961 μεθ’
2868 893 3027 962 ἡμῶν
3062 893 3089 945 6
3120 894 3263 954 θεῖος
3315 887 3503 962 Δαϐὶδ,
3554 900 3703 949 Πᾶσα
3732 897 3767 964 ἡ

2120 971 2290 1046 δόξα,
2346 972 2517 1051 λέγων
2556 1020 2569 1045 ,
2627 984 2726 1046 τῆς
2785 980 3045 1056 θυγατρὸς
3118 985 3214 1035 τοῦ
3297 979 3562 1056 βασιλέως
3634 982 3771 1038 ἔσω-

2121 1074 2204 1126 θεν
2241 1109 2254 1133 ,
2314 1063 2499 1138 νύμφη
2561 1067 2795 1140 Χριστοῦ
2871 1068 3117 1143 γνησία,
3177 1068 3385 1133 γάλλος
3456 1070 3714 1125 ἀπόθετον
3753 1117 3768 1141 ,

2120 1149 2341 1227 ἄγαλμα
2388 1149 2662 1229 ἔμψυχον,
2712 1156 2965 1229 ἀνάθημα
3024 1157 3245 1231 ἄσυλον,
3303 1160 3530 1232 τέμενος
3587 1160 3772 1215 ἀνεπί-

2119 1235 2281 1295 ϐατον
2319 1286 2332 1309 ,
2392 1245 2568 1311 κῆπος
2639 1242 3023 1316 κεκλεισμένος
3056 1291 3073 1317 ,
3130 1248 3285 1322 πηγή
3367 1246 3770 1325 ἐσφραγισμένη

2119 1328 2458 1405 (προσᾳδέτω
2512 1330 2615 1407 γάρ
2662 1353 2715 1386 τι
2745 1332 2833 1387 καὶ
2869 1332 3182 1408 Σολομὼν),
3238 1335 3392 1408 μόνῳ
3421 1339 3638 1412 Χριστῷ
3666 1360 3773 1406 τη-

2121 1418 2383 1494 ρουμένη.
2423 1420 2634 1489 Ταύτης
2668 1421 2694 1474 ὁ
2730 1421 2893 1497 μέγας
2949 1420 3074 1491 ἤλω
3133 1424 3457 1499 Κυπριανὸς,
3518 1425 3617 1479 οὐκ
3673 1423 3778 1479 οἷδ’

2120 1507 2239 1571 ὅθεν
2266 1508 2353 1563 καὶ
2387 1507 2558 1578 ὅπως,
2592 1516 2691 1578 τῆς
2723 1511 2889 1565 πάντα
2920 1512 3196 1590 ἀσφαλοῦς
3234 1513 3323 1567 καὶ
3355 1513 3589 1586 κοσμίας
3640 1517 3777 1588 (77).

2121 1596 2368 1651 Ψαύουσι
2397 1598 2497 1674 γὰρ
2532 1597 2811 1676 ὀφθαλμοὶ
2860 1597 3047 1675 λίχνοι
3078 1601 3167 1655 καὶ
3209 1605 3317 1656 τῶν
3365 1603 3677 1675 ἀψαύστων,
3708 1604 3775 1658 τὸ

2121 1682 2548 1763 προχειρότατον
2583 1687 2827 1763 ὀργάνων
2890 1690 3002 1762 (78)
3050 1688 3140 1742 καὶ
3172 1689 3605 1759 ἀπληστότατον.
3674 1693 3775 1747 Καὶ

2120 1774 2226 1849 οὐχ
2254 1773 2379 1843 ἥλω
2414 1774 2600 1847 μόνον,
2634 1773 2780 1831 ἀλλὰ
2823 1776 2913 1830 καὶ
2955 1775 3165 1853 ἐπείρα.
3198 1784 3261 1831 Ὢ
3288 1785 3390 1848 τῆς
3423 1779 3693 1851 εὐηθείας,
3730 1781 3777 1834 εἰ

2118 1863 2319 1934 ταύτην
2383 1863 2635 1935 συλήσειν
2680 1862 2903 1937 ἤλπιζε,
2957 1865 3169 1939 μᾶλλον
3230 1864 3287 1922 δὲ
3332 1874 3432 1937 τῆς
3490 1869 3777 1944 ἀναισχυν-

2117 1953 2233 2015 τίας
2292 1957 2387 2007 τοῦ
2443 1953 2508 2007 τὰ
2563 1958 2790 2009 τοιαῦτα
2837 1953 3162 2028 τολμῶντός
3191 1976 3249 2010 τε
3280 1956 3368 2009 καὶ
3407 1956 3619 2030 τολμᾷν
3653 1957 3773 2013 πεί-

2120 2044 2345 2104 θοντοςῘ
2399 2044 2635 2104 Ἐκεῖνος
2691 2043 2780 2097 καὶ
2827 2043 2903 2106 εἷς
2944 2045 3034 2098 τὸν
3083 2042 3409 2120 παράδεισον
3452 2046 3545 2100 ἀπ’
3590 2047 3773 2123 ἀρχῆς

2117 2129 2321 2207 παρέδυ
2351 2135 2460 2203 (79)
2493 2131 2627 2186 κατά
2672 2136 2769 2186 τοῦ
2818 2134 3037 2208 πρώτου
3088 2133 3430 2206 πλάσματος·
3481 2136 3570 2188 καὶ
3612 2136 3776 2208 μέσος

2118 2218 2365 2295 ἀγγέλων
2406 2218 2618 2275 θίσταται
2662 2221 2754 2275 τὸν
2809 2217 2934 2277 Ἰὼϐ
2984 2221 3299 2292 ἐξαιτήσωνο
3332 2222 3421 2278 καὶ
3468 2224 3530 2278 τὸ
3576 2223 3774 2279 τελευ-

2119 2315 2290 2376 ταῖον,
2322 2310 2437 2363 κατ’
2486 2309 2652 2364 αὐτοῦ
2695 2308 2880 2382 τολμᾷ
2931 2315 3027 2364 τοῦ
3073 2312 3365 2385 Δεσπότου,
3394 2316 3491 2366 τοῦ
3537 2311 3777 2367 καταλύ-

2122 2420 2309 2460 σοντος
2370 2401 2483 2473 (80)
2540 2398 2698 2452 αὐτὸν
2756 2400 2846 2453 καὶ
2909 2401 3312 2463 θανατώσοντος
3345 2443 3359 2468 ,
3415 2400 3505 2455 καὶ
3581 2406 3775 2475 πεῖραν

2118 2487 2379 2563 προσάγει
2424 2492 2502 2560 τῷ
2549 2487 2858 2563 ἀπειράστῳ
2908 2486 3115 2560 (ἐπειδὴ
3151 2487 3398 2564 δεύτερον
3456 2486 3635 2562 Ἀδὰμ
3666 2487 3778 2544 εἶδε

2116 2581 2213 2631 τοῦ
2269 2580 2403 2631 Θεοῦ
2459 2576 2522 2629 τὸ
2579 2576 2951 2654 φαινόμενον),
3010 2578 3086 2638 ὡς
3144 2577 3233 2632 καὶ
3284 2582 3475 2632 τοῦτον
3531 2599 3780 2633 καταπα-

2119 2662 2342 2722 λαίσων.
2378 2664 2590 2739 Ἥγνόει
2624 2667 2749 2741 γὰρ,
2783 2664 2867 2720 ὅτι
2914 2672 3282 2742 περιπεσεῖται
3329 2666 3565 2740 θεότητι,
3600 2687 3777 2743 προσο

2118 2752 2341 2830 δραμών
2374 2754 2777 2830 ἀνθρωπότητι.
2813 2754 2881 2811 Τί
2930 2752 3020 2809 οὖν
3072 2756 3401 2829 θαυμαστὸν,
3454 2755 3498 2810 εἰ
3546 2756 3635 2809 καὶ
3679 2753 3773 2810 διὰ

2118 2847 2431 2919 Κυπριανοῦ
2460 2850 2708 2918 πειρᾶται
2757 2850 2857 2912 τῆς
2908 2842 3060 2920 ἅγίας
3105 2846 3220 2918 (81)
3267 2848 3473 2921 ψυχῆς,
3526 2844 3616 2899 καὶ
3667 2849 3775 2899 τοῦ

2120 2930 2389 3009 ἀνεπάφου
2421 2933 2673 3005 σώματος
2701 2950 2715 3001 ;

364 3020 636 3090 alterum,
669 3020 729 3075 in
777 3026 1014 3076 externa
1071 3021 1173 3076 Dei
1236 3022 1397 3092 facie,
1431 3023 1584 3077 44s
1634 3023 1924 3077 Adamum
1975 3022 2251 3094 videbat),
2284 3023 2451 3094 quasi
2499 3024 2692 3094 ipsum
2743 3039 2977 3095 quoque
3025 3028 3429 3095 superaturus.
3463 3020 3779 3080 Nesciebat

362 3110 518 3166 enim
553 3112 671 3166 fore
702 3115 765 3165 ut
796 3110 1222 3166 humanitatem
1276 3126 1608 3183 aggressus,
1643 3113 1701 3166 in
1734 3111 2093 3167 divinitatem
2134 3112 2435 3167 incideret.
2470 3112 2614 3177 Quid
2665 3112 2849 3185 igitur
2901 3113 3137 3181 mirum,
3172 3113 3222 3168 si
3270 3114 3397 3185 ipse
3442 3114 3620 3169 etiam
3667 3130 3777 3185 per

358 3200 711 3272 Cyprianum
744 3203 1002 3255 sanctam
1037 3200 1317 3267 animam,
1349 3205 1524 3271 atque
1552 3201 1835 3256 intactum
1868 3217 2079 3273 corpus
2110 3200 2490 3273 aggreditur?

437 3289 501 3343 Χ.
558 3291 837 3343 Caeterum
900 3292 1023 3361 ipse
1081 3289 1316 3360 quidem
1362 3305 1490 3344 eam
1538 3289 1910 3355 sollicitabat,
1943 3307 2009 3345 ac
2039 3293 2081 3358 C

366 3394 470 3451 pro
502 3377 727 3444 lenone,
759 3394 872 3433 non
892 3377 1084 3433 vetula
1113 3378 1365 3450 quadam
1422 3378 1765 3434 muliercula
1795 3380 1865 3434 ad
1898 3378 2007 3434 hu-

361 3465 628 3537 jusmodi
661 3481 752 3520 res
773 3465 1109 3531 idonea,sed
1135 3466 1395 3520 damone
1417 3467 1673 3537 quodam
1695 3481 2005 3537 corporum

365 3571 431 3609 ac
460 3553 781 3626 voluptatis
813 3560 1068 3621 amante,
1092 3554 1297 3609 utitur.
1335 3553 1599 3610 Rebelles
1632 3554 1924 3625 siquidem
1955 3559 2011 3609 et

370 3643 577 3699 invidae
601 3646 920 3715 potestates
936 3642 1004 3697 ad
1026 3643 1486 3714 obeundahujus
1508 3643 1737 3716 generis
1754 3644 2013 3699 ministe-

365 3732 452 3788 ria
484 3732 697 3789 celeres
728 3748 855 3787 esse
886 3730 1095 3802 solent,
1121 3731 1339 3788 multos
1373 3732 1653 3788 nimirum
1676 3733 1857 3789 ruinae
1893 3750 2010 3788 suae

369 3822 559 3877 socios
589 3827 935 3892 quaerentes.
987 3821 1171 3891 Hujus
1221 3838 1392 3894 porro
1444 3822 1711 3878 lenocinii
1766 3838 2009 3889 merces,

364 3912 612 3967 victimae
646 3919 693 3966 et
728 3910 1013 3966 libamina
1056 3916 1241 3977 erant,
1293 3911 1548 3967 afﬁnitas
1603 3928 1689 3982 ea,
1741 3928 1866 3982 quae
1909 3928 2014 3982 per

369 4001 716 4071 sanguinem
752 4005 809 4055 et
843 3999 1261 4056 sacriﬁciorum
1314 4000 1573 4056 nidorem
1607 4018 1739 4055 cum
1772 4018 1837 4056 eo
1871 4016 2011 4056 con—

367 4089 641 4144 trahitur.
675 4090 875 4144 Talem
907 4089 1063 4145 enim
1095 4090 1168 4145 iis
1216 4090 1542 4144 mercedem
1578 4090 1750 4161 pendi
1782 4095 2011 4162 oporte-

371 4177 600 4249 bat,qui
630 4178 970 4247 bujusmodi
999 4178 1278 4233 beneficia
1307 4178 1789 4233 contulissent...“
1820 4179 2015 4251 puella

369 4266 547 4323 simul
580 4272 752 4338 atque
781 4267 1000 4322 malum
1032 4267 1341 4339 persensit,
1365 4272 1424 4322 et
1453 4267 1698 4322 insidias
1729 4267 2014 4323 intellexit

368 4357 548 4429 (purae
587 4357 801 4412 etenim
858 4373 923 4411 ac
967 4356 1173 4410 divinae
1223 4356 1429 4411 animae
1496 4357 1711 4412 diaboli
1770 4357 2013 4413 technas

369 4446 669 4503 celerrime
700 4445 1164 4517 deprehendunt,
1200 4446 1526 4516 quamlibet
1579 4446 1798 4518 alioqui
1829 4448 2011 4504 versi-

367 4535 539 4608 pellis
573 4534 668 4590 ille
698 4538 794 4602 sit,
856 4538 1027 4605 atque
1060 4535 1117 4588 in
1175 4535 1484 4590 conatibus
1542 4536 1667 4590 suis
1718 4537 1916 4591 varius
1948 4553 2013 4591 ac

366 4623 718 4696 multiplex),
748 4623 889 4694 quid
925 4624 1080 4693 facit,
1115 4629 1171 4678 et
1201 4625 1339 4694 quid
1376 4625 1657 4679 adversus
1687 4625 1808 4678 vitii
1842 4626 2011 4696 opifi-

365 4727 492 4769 cem
524 4711 765 4767 molitur
785 4712 813 4766 ‘I
840 4713 1167 4784 Desperatis
1189 4714 1462 4768 omnibus
1480 4712 1609 4768 aliis
1641 4714 2015 4784 remediis,ad

365 4800 551 4875 D_eum
583 4801 865 4872 confugit,
900 4806 1072 4873 atque
1102 4802 1384 4857 adversus
1415 4802 1818 4858 detestabilem
1850 4819 2015 4858 amo-

366 4906 488 4946 rem
526 4907 808 4961 sponsum
834 4907 1009 4946 suum
1038 4895 1347 4962 patronum
1372 4906 1438 4944 ac
1461 4891 1823 4946 defensorem
1849 4909 2017 4947 assu-

2197 3293 2248 3345 I’.
2285 3286 2438 3357 Ηλήν
2472 3288 2499 3342 6
2534 3289 2629 3361 μὶν
2680 3287 2887 3365 ἐπείρα,
2920 3286 3010 3343 καὶ
3062 3292 3379 3363 προαγωγῷ
3428 3295 3652 3363 χρῆται,
3707 3289 3772 3343 ού

2118 3377 2322 3452 γυναίῳ
2375 3376 2477 3432 τινὶ
2534 3375 2755 3450 παλαιῷ
2810 3381 2916 3432 τῶν
2976 3378 3111 3451 πρὸς
3170 3382 3339 3432 ταῦτα
3393 3374 3717 3447 ἐπιτηδείων
3756 3423 3770 3450 ,

2120 3463 2265 3521 ἀλλὰ
2315 3464 2588 3539 δαιμόνων
2633 3464 2739 3520 τινί
2783 3470 2890 3521 τῶν
2941 3466 3346 3541 φιλοσωμάτων
3397 3465 3486 3520 καὶ
3537 3463 3781 3543 φιληδό-

2117 3575 2246 3609 νων·
2281 3552 2467 3623 ἐπειδή
2510 3559 2727 3628 ταχεῖαι
2765 3554 2901 3627 πρὸς
2945 3554 3045 3622 τήν
3090 3558 3195 3607 τῶν
3248 3554 3510 3609 τοιούτων
3565 3554 3780 3628 ὑπηρε-

2121 3641 2236 3697 σίαν
2266 3645 2319 3698 αἱ
2359 3642 2710 3698 ἀποστατικαὶ
2761 3639 3014 3714 δυνάμεις
3064 3641 3150 3695 καὶ
3201 3640 3472 3719 φθονεραῗ,
3522 3640 3780 3706 πολλοὺς

2119 3732 2417 3795 κοινωνοὺς
2450 3736 2704 3801 ζητοῦσαι
2753 3735 2849 3785 τοῦ
2897 3731 3214 3803 πτώματος.
3248 3729 3349 3787 Καὶ
3379 3731 3406 3785 6
3456 3733 3645 3804 μισθὸς
3676 3738 3778 3801 τῆς

2120 3821 2487 3898 προαγωγίας,
2547 3821 2724 3875 θυσίαι
2778 3842 2837 3875 τε
2891 3820 2980 3875 καὶ
3035 3822 3145 3894 (82)
3205 3817 3453 3889 σπονδαὶ,
3483 3820 3573 3875 καὶ
3626 3823 3660 3891 ἡ
3706 3819 3779 3876 δι’

2120 3912 2366 3984 αἱμάτων
2417 3910 2505 3966 καὶ
2554 3910 2774 3981 κνίσσης
2832 3908 3121 3971 οἰ⁴ιιιείωσις⁸
3178 3907 3463 3972 τοιούτους
3511 3908 3616 3986 γὰρ
3667 3906 3778 3965 ἔδει

2126 4001 2350 4074 μισθοὺς
2400 4003 2535 4056 εἷναι
2592 4006 2710 4063 τοῖς
2766 4000 2834 4054 τὰ
2874 4003 3097 4054 τοιαῦτα
3154 3999 3565 4074 χαριζομένοις.
3607 4004 3666 4053 Ἦ
3718 3996 3780 4053 δὲ

2122 4090 2198 4152 ὡς
2229 4087 2423 4163 ᾔσθετο
2462 4094 2558 4145 τοῦ
2605 4092 2798 4161 κακοῦ,
2848 4086 2937 4143 καί
2983 4088 3081 4156 τὴν
3129 4081 3433 4155 ἐπιϐουλὴν
3483 4087 3619 4162 ἐγνω
3654 4092 3779 4158 (τα-

2122 4178 2347 4255 χύτεραι
2402 4179 2504 4254 γὰρ
2558 4179 2613 4233 αἱ
2669 4177 2899 4253 καθαραὶ
2952 4175 3126 4252 ψυχαὶ
3182 4176 3272 4230 καὶ
3330 4173 3586 4237 θεοειδεῖς
3635 4177 3780 4250 πρὸς

2122 4270 2291 4342 θήραν
2328 4273 2425 4323 τοῦ
2470 4267 2838 4344 ἐνεργοῦντος,
2892 4265 2987 4321 κᾶν
3040 4265 3121 4321 ὅτι
3176 4264 3412 4339 μάλιστα
3461 4266 3781 4338 σοφιστικὸς

2121 4356 2158 4432 ᾗ
2200 4357 2289 4412 καὶ
2348 4356 2600 4419 ποικίλος
2654 4359 2753 4426 τὴν
2811 4355 3198 4431 ἐπιχείρησιν),
3252 4355 3306 4409 τί
3368 4358 3535 4422 ποιεῖ,
3584 4354 3673 4409 καὶ
3724 4354 3781 4408 τί

2122 4446 2499 4522 ἀντιτεχνᾶται
2557 4447 2637 4518 τῷ
2695 4443 3017 4520 δημιουργῷ
3081 4450 3180 4513 τῆς
3233 4443 3423 4505 κακίας
3480 4461 3495 4512 ;
3553 4442 3779 4499 Πάντων

2124 4536 2433 4610 ἀπογνοῦσα
2489 4538 2596 4590 τῶν
2657 4532 2867 4601 ἄλλων,
2932 4532 3018 4587 ἐπὶ
3071 4533 3161 4587 τὸν
3222 4531 3351 4587 Θεὸν
3406 4532 3779 4610 καταφεύγει,

2125 4623 2214 4678 καὶ
2248 4623 2553 4699 προστάτην
2585 4628 2821 4677 ποιεῖται
2874 4621 3010 4676 κατὰ
3055 4625 3152 4676 τοῦ
3208 4625 3441 4694 μισητοῦ
3462 4620 3632 4675 πόθου
3662 4625 3783 4695 (83)

2125 4715 2216 4769 τὸν
2250 4715 2442 4783 ἑαυνῆς
2483 4713 2738 4790 νυμφίον,
2783 4714 2843 4775 ὃς
2896 4713 2985 4767 καὶ
3037 4711 3318 4767 Σωσάνναν
3371 4710 3649 4788 ἐρῥύσατο,
3686 4713 3780 4766 καὶ

2129 4802 2331 4859 Θέκλαν
2388 4800 2638 4858 διέσωσεν
2671 4822 2684 4835 ⁶
2745 4803 2844 4871 τὴν
2908 4801 3002 4874 μὲν
3057 4800 3163 4856 ἀπὸ
3211 4805 3418 4874 πικρῶν
3476 4794 3779 4876 πρεσϐυτί-

2130 4912 2235 4969 ρων
2272 4894 2404 4967 (84),
2463 4894 2563 4963 τήν
2624 4890 2681 4947 δὲ
2739 4891 2845 4947 ἀπὸ
2873 4889 3133 4967 τυράννου
3193 4896 3529 4967 μνηστῆρος,
3560 4889 3651 4944 καὶ
3681 4911 3781 4945 τυ-

436 5089 479 5125 ¹⁷
510 5087 660 5144 Psal.
693 5106 843 5160 XLIV,
881 5089 965 5144 14.
1046 5089 1088 5126 ιθ
1118 5087 1285 5144 Cant.
1318 5104 1393 5159 ιν,
1428 5091 1513 5145 12.
1595 5090 1640 5126 ¹⁰
1670 5090 1812 5147 Gen.
1846 5107 1930 5162 ιιι,
1963 5092 2011 5146 4.

2126 5091 2272 5148 ’Job
2303 5109 2342 5164 1,
2372 5094 2408 5147 6
2440 5109 2571 5165 sqq.
2648 5090 2692 5128 ³⁸
2723 5089 2932 5148 Matth.
2966 5107 3044 5157 Iv,
3077 5091 3103 5147 1
3138 5106 3269 5162 sqq.

576 5308 643 5381 Te
675 5302 763 5381 xui
796 5303 1227 5381 cpiApGu'Jcppovcc.
1261 5303 1400 5381 ‘Haec
1446 5305 1659 5362 desunt
1688 5306 1748 5363 in
1780 5306 1919 5379 Reg.
1953 5307 2012 5362 d.

435 5374 548 5447 (77)
582 5374 845 5448 Κοσμῖαέ.
881 5374 1108 5447 Reg.'d,
1139 5375 1358 5447 ταμίας.

438 5443 550 5520 (78)
586 5443 875 5522 Ὀργάνων.
933 5443 1071 5520 Βῖθε.
1095 5443 1154 5515 ’0,
1186 5443 1291 5501 τῶν
1347 5445 1614 5522 ὀργάνων.
1648 5450 1800 5515 Palu,
1852 5443 2015 5524 ὄργα-

366 5538 479 5575 νον.

583 5587 807 5681 ρῃαῆἐδυ.
844 5592 980 5681 Reg.
1018 5608 1065 5645 ο.
1096 5586 1291 5681 εἷσέδμ.

440 5659 553 5729 (80)
597 5659 707 5716 Τοῦ
754 5659 1169 5722 καταλύσοντος.
1220 5664 1315 5720 Sie
1363 5666 1497 5734 Reg.
1552 5663 1671 5735 bm,
1719 5667 1776 5721 et
1820 5664 1917 5720 Or.
1961 5665 2012 5719 1.

369 5734 541 5789 Deest
566 5736 661 5786 τοῦ
692 5735 752 5791 in
782 5736 921 5793 edit.

2194 5306 2307 5378 (81)
2336 5304 2545 5378 ’Δγί-ας.
2579 5305 2719 5377 Reg.
2740 5320 2806 5378 _c,
2838 5303 3019 5378 addit,
3052 5300 3281 5378 ἐκείνης.

2196 5370 2307 5449 (82)
2338 5370 2525 5449 Θυσίαι
2565 5395 2624 5449 τε
2660 5370 2769 5449 καί,
2803 5380 2910 5432 etc.
2947 5370 3125 5448 Regg.
3159 5370 3513 5449 ει,’‹1,ηθυσίαι
3545 5370 3785 5449 σπονδαὶ

2125 5445 2468 5520 δι”αῖμάτων
2494 5446 2582 5502 καὶ
2631 5468 2689 5501 κν
2702 5446 2932 5520 ίσσης,λ‹‹
2964 5445 3097 5520 qua
3128 5445 3435 5502 cruoribus
3464 5450 3521 5501 et
3549 5447 3785 5503 sacriﬁ-

2125 5518 2347 5577 ciorum
2382 5521 2583 5576 nidore
2613 5521 2679 5575 ﬁt
2710 5518 3056 5576 conciliatio.
3089 5539 3115 5565 ››

2195 5593 2305 5662 (83)
2339 5590 2534 5647 Πύθου.
2571 5592 2664 5649 Sic
2695 5594 2873 5664 Regg.
2900 5608 2953 5659 a,
2986 5607 3034 5660 ο,
3068 5589 3126 5660 d,
3159 5588 3279 5656 bm,
3304 5587 3404 5659 ph,
3435 5587 3583 5657 Jes.,
3607 5588 3785 5644 Com-

2124 5665 2262 5729 bef.,
2295 5669 2405 5720 etc.
2441 5666 2503 5720 In
2534 5665 2649 5732 ed.,
2685 5663 2871 5719 πόθον.

2194 5726 2305 5810 (84)
2346 5736 2481 5794 ’Δπὸ
2534 5726 2743 5815 πικρῶν
2799 5726 3196 5811 πρεσϐυτέρων.
3247 5728 3378 5787 Bill.
3408 5745 3472 5786 :«
3521 5747 3554 5788 ο
3604 5731 3785 5791 salvis
