4056 6274
164 397 319 460 1181

1029 386 1318 450 ORATIO
1362 383 1679 445 XXIV.—
1706 380 1786 440 IN
1829 379 2157 442 LAUDEM
2204 382 2268 442 S.
2316 383 2712 446 CYPRIANI.

3422 388 3578 448 1182

164 525 570 606 ραννικωτὲρας
634 520 836 596 μητρός
889 521 1020 593 (85).
1071 516 1199 571 Τίνα
1253 518 1515 606 τοῦτου,
1557 511 1812 606 Χριστὸν,

1937 511 2062 580 mit,
2095 511 2190 582 qui
2222 517 2280 568 et
2307 514 2634 572 Susannam
2681 518 2889 575 mortis
2922 518 3180 592 periculo
3210 518 3494 588 liberavit,
3526 524 3582 575 et

162 599 222 679 δς
280 617 372 670 καὶ
422 613 720 686 πνεύμασιν
771 610 1016 682 ἐπιτιμᾷ,
1061 607 1149 660 καὶ
1197 604 1437 681 κουφίζει
1493 599 1818 676 βαπτιζομέ-

160 726 310 771 νους,
344 703 436 757 καὶ
468 700 678 770 πεζεῦει
709 698 968 773 πέλαγος,
999 697 1085 750 καὶ
1120 695 1360 768 λεγεῶνα
1388 689 1707 763 πνευμάτων
1737 693 1816 760 τῷ

166 797 319 869 βυθῷ
381 789 605 846 δίδωσι·
661 788 749 842 καὶ
810 787 987 862 ῥύεται
1051 785 1142 856 μὲν
1205 783 1254 836 ἐν
1330 781 1537 836 λάκκου
1612 776 1815 832 δίκαιον

164 865 359 937 λὲουσι
392 880 718 953 προτεθέντα
753 876 938 952 βορὰν,
969 873 1055 928 καὶ
1087 877 1286 948 χειρῶν
1319 870 1524 924 ἐκτάσει
1554 869 1666 941 (80)
1689 865 1816 928 τοὺς

165 973 341 1042 θῆρας
375 971 667 1038 νικήσαντα
693 987 703 999 ·
736 966 912 1041 ῥύεται
948 961 1005 1017 δε
1055 963 1157 1016 ὑπὸ
1208 962 1408 1029 κήτους
1451 955 1818 1019 καταποθὲντα

157 1057 377 1134 φυγάδα
402 1059 712 1133 προοήτην,
741 1055 834 1109 κάν
867 1058 982 1114 τοῖς
1012 1049 1351 1124 σπλάγχνοις
1373 1049 1472 1116 τὴν
1492 1047 1667 1100 πίστιν
1702 1043 1816 1098 δια-

161 1131 481 1219 σωσαμενον
513 1131 534 1178 ’Π
559 1145 716 1212 σώζει
746 1141 801 1198 δὲ
835 1140 1149 1216 Ἀσσυρίους
1175 1141 1285 1211 (87)
1317 1137 1368 1190 ἐν
1399 1134 1565 1214 φλογὶ
1597 1131 1815 1203 παῖδας,

158 1234 388 1311 ἀγγέλῳ
418 1236 515 1302 τὴν
548 1235 716 1308 πυρὰν
751 1230 1075 1305 καταψύξεις,
1107 1228 1195 1282 καί
1228 1232 1342 1288 τοῖς
1375 1225 1517 1302 τρισὶ
1549 1223 1817 1299 παραζευ-

161 1327 254 1395 ξας
283 1325 377 1378 τὸν
416 1323 685 1397 τέταρτον.

1927 600 2198 655 Theclam
2228 604 2512 671 servavit;
2547 605 2705 660 illam
2761 624 2795 662 a
2843 608 3009 663 saevis
3036 607 3392 674 senioribus,
3427 608 3578 664 hanc

1928 707 1960 743 a
1992 695 2237 761 tyranno
2269 690 2455 760 ipsius
2491 711 2680 763 proco,
2723 702 2778 750 et
2828 713 2862 750 a
2909 703 3093 752 matre
3139 697 3328 752 adhuc
3359 698 3573 752 crude-

1926 778 2077 833 liori.
2112 779 2290 842 Quem
2327 783 2562 836 tandem
2596 783 2751 838 hunc
2773 785 3103 856 sponsum?
3127 786 3446 854 Christum,
3469 786 3572 858 qui

1926 872 1983 921 et
2012 868 2255 939 spiritus
2283 869 2564 941 increpat,
2599 878 2652 926 et
2684 889 2802 943 eos,
2835 874 2934 943 qui
2977 880 3336 947 mergantur,
3369 873 3568 932 suble-

1926 960 2019 1010 vat
2051 957 2116 1025 22,
2151 961 2207 1012 et
2238 957 2482 1028 pedibus
2532 977 2692 1016 mare
2741 968 3009 1034 peragrat
3059 965 3124 1034 ’³,
3157 968 3213 1019 et
3251 963 3566 1035 spirituum

1926 1044 2211 1117 legionem
2245 1047 2303 1100 in
2338 1049 2690 1118 profundum
2727 1051 2907 1106 mittit
2935 1053 2996 1118 ³⁸,
3021 1054 3238 1125 quippe
3269 1053 3571 1124 etjustum

1925 1134 2112 1188 virum
2147 1152 2177 1189 e
2207 1135 2332 1190 lacu
2364 1138 2555 1209 eripit,
2590 1137 2856 1195 leonibus
2879 1141 2936 1195 in
2965 1157 3155 1196 escam
3188 1142 3481 1212 objectum
3504 1141 3574 1209 9",

1927 1240 1992 1278 ac
2034 1241 2135 1295 per
2185 1241 2468 1280 manuum
2514 1229 2911 1285 extensionem
2955 1229 3258 1286 victoriam
3319 1231 3391 1286 de
3436 1229 3575 1286 feris

1927 1317 2329 1381 consecutum,
2362 1319 2418 1369 et
2449 1316 2760 1388 fugitivum
2794 1318 3133 1390 prophetam
3166 1335 3200 1373 θ.
3242 1323 3367 1375 ceto
3404 1335 3572 1374 vora-

161 1420 317 1480 tum,
352 1415 411 1469 in
444 1413 704 1485 ipsisque
735 1410 1057 1466 visceribus
1106 1409 1279 1462 fidem
1327 1406 1614 1477 integram
1670 1406 2019 1466 servantem,
2056 1401 2264 1456 liberat
2284 1403 2350 1467 2⁸,
2382 1408 2440 1458 et
2470 1405 2526 1458 in
2559 1406 2796 1476 Assyria
2846 1423 3058 1479 pueros
3111 1408 3261 1463 inter
3309 1407 3577 1464 ﬂammas

157 1504 498 1560 incolumes
529 1508 738 1566 servat,
771 1500 1007 1554 ﬂamma
1039 1498 1315 1551 nimirum
1351 1512 1453 1566 per
1482 1491 1758 1565 angelum
1793 1490 2148 1562 refrigerata,
2182 1507 2248 1546 ac
2275 1497 2481 1562 quarto
2511 1494 2701 1550 tribus
2733 1495 2850 1551 illis
2878 1497 3151 1567 adjuncto
3172 1497 3236 1552 ³⁷.

235 1593 344 1646 ἸΔ’.
378 1595 554 1644 Ταῦτα
611 1590 699 1642 καὶ
759 1586 932 1641 πλείω
991 1583 1196 1638 τούτων
1254 1580 1676 1658 ἐπιφημίζουσα,
1729 1578 1818 1632 καὶ

162 1679 262 1746 τήν
341 1678 639 1754 Παρθενονε
699 1675 908 1748 Μαρίαν
986 1675 1096 1747 (88)
1165 1671 1476 1725 ἱκετεύουσα
1550 1669 1822 1744 βοηθῆσαι

165 1767 422 1840 παρθένῳ
483 1763 878 1837 κινδυνευούσῃ,
935 1763 997 1817 τὸ
1052 1768 1151 1830 τῆς
1201 1758 1450 1828 νηστείας
1491 1756 1579 1811 καὶ
1611 1776 1822 1832 χαμευ-

164 1855 282 1918 νίας
340 1851 716 1933 προϐάλλεται
773 1853 1092 1930 φάρμακον·
1155 1851 1294 1921 ὁμοῦ
1359 1848 1452 1919 μὲν
1505 1846 1567 1899 τὸ
1617 1844 1823 1906 κάλλος

2000 1577 2087 1633 XI.
2125 1579 2274 1647 Haec,
2308 1585 2484 1652 atque
2515 1581 2605 1637 his
2637 1583 2807 1655 plura
2855 1600 3346 1653 commemorans,
3381 1584 3579 1656 Virgi-

1931 1683 2184 1740 nemque
2214 1668 2455 1724 Mariam
2488 1671 2734 1743 supplex
2765 1673 3098 1742 obsecrans,
3135 1677 3198 1729 ut
3227 1673 3582 1746 periclitanti

1931 1756 2142 1828 virgini
2165 1774 2332 1828 opem
2367 1758 2769 1831 ferret,jejunii
2792 1767 2848 1817 et
2878 1761 3236 1818 chameuniae
3257 1761 3575 1834 pharmace

1935 1862 2062 1900 sese
2093 1847 2457 1914 communit;
2490 1853 2612 1904 tum
2639 1851 2969 1920 quidem,ut
2991 1851 3188 1907 formae
3212 1855 3573 1908 venustatem

171 1946 515 2018 μαραίνουσα
556 1944 628 2005 ὡς
674 1937 988 2011 ἐπίϐουλον,
1037 1939 1108 1992 ’ἶν’
1159 1937 1441 2009 ὑποσπάσῃ
1483 1941 1582 2003 τῆς
1615 1933 1820 2011 φλογὸς

1937 1939 2210 2006 tanquam
2266 1936 2632 2003 insidiosam,
2679 1940 3040 2008 obscuraret,
3090 1941 3286 2012 sicque
3327 1941 3578 1996 ﬂamma

163 2035 266 2103 τήν
311 2035 479 2104 ὓλην,
508 2033 596 2088 καὶ
647 2029 924 2102 δαπανήσῃ
977 2029 1041 2082 τὸ
1089 2032 1196 2081 τῶν
1248 2027 1429 2079 παθῶν
1467 2022 1822 2094 ὑπέκκαυμα·

167 2124 314 2195 ὁμοῦ
350 2122 410 2178 δὲ
455 2123 548 2177 τὸν
581 2121 707 2176 Θεὸν
735 2118 1029 2190 ἱλεουμὲνη
1066 2114 1153 2170 διὰ
1180 2121 1278 2183 τῆς
1311 2114 1544 2173 πίστεως
1593 2109 1682 2166 καί
1713 2113 1826 2183 (89)

166 2209 256 2266 διὰ
282 2221 388 2282 τῆς
420 2211 792 2269 ταπεινώσεως
817 2227 830 2240 ·
869 2205 1046 2261 οὐδενὶ
1090 2206 1190 2281 γὰρ
1243 2203 1385 2258 οὕτω
1434 2207 1540 2256 τῶν
1589 2203 1825 2271 πάντων,

163 2301 240 2362 ὡς
293 2299 654 2368 κακοπαθείᾳ,
708 2295 1052 2370 θεραπεύεται
1099 2294 1226 2355 Θεὸς
1281 2295 1414 2365 (90),
1466 2291 1554 2345 καὶ
1605 2287 1824 2365 δάκρυσι

161 2388 226 2441 τὸ
277 2386 668 2464 φιλάνθρωπον
731 2381 1084 2439 ἀντιδίδοται.
1155 2384 1377 2443 Ποθεῖτε
1427 2379 1495 2431 τὰ
1525 2378 1670 2447 ἑξῆς,
1724 2373 1826 2430 οἷδ’

165 2475 274 2547 ὅτι,
324 2481 426 2533 τοῦ
477 2475 839 2551 διηγήματος.
895 2473 1188 2546 ’Δγωνιᾶτε
1239 2468 1341 2542 γὰρ
1395 2467 1525 2540 ὑπὲρ
1558 2468 1656 2534 τῆς
1686 2485 1826 2539 παρ-

160 2565 342 2634 θὲνου,
405 2564 494 2619 καὶ
549 2568 649 2618 τοῦ
699 2562 924 2638 ἐραστοῦ
970 2557 1026 2614 δὲ
1069 2558 1179 2633 οὐχ
1220 2557 1410 2626 ἧττον,
1446 2557 1520 2629 μή
1555 2556 1629 2616 εἷς
1664 2554 1822 2608 κακὸν

165 2655 503 2732 ἀμφοτέροις
536 2654 563 2707 6
594 2653 760 2715 πόθος
796 2650 1000 2720 ἔληξεν.
1046 2645 1228 2702 Ἀλλᾶ
1277 2648 1537 2722 θαρσεῖτε.
1592 2643 1827 2704 Πίστεως

163 2745 270 2817 γὰρ
305 2746 332 2798 6
379 2744 544 2805 πόθος
594 2742 848 2815 πρόξενος
895 2739 1135 2815 γίνεται·
1201 2737 1290 2791 καὶ
1340 2733 1602 2810 παρθένον
1656 2733 1828 2803 ἑαυτῷ

170 2833 489 2904 μνηστεῦων
551 2833 578 2885 6
652 2830 898 2905 ἐραστής,
973 2827 1076 2881 ὑπὸ
1140 2829 1372 2900 Χριστοῦ
1436 2821 1824 2896 μνηστεύεται·

164 2920 257 2973 καί
302 2925 338 2991 ἡ
375 2922 489 2994 ,μὲν
537 2924 644 2973 τῶν
695 2918 877 2980 πόθων
929 2918 1040 2988 (91)
1089 2912 1223 2990 φλὸξ
1261 2907 1668 2982 ἀποσϐέννυται,
1699 2913 1734 2979 ἠ
1771 2907 1829 2963 δὲ

165 3011 267 3077 τῆς
301 3007 562 3079 ἀληθείας
614 3006 924 3060 ἀνάπτεται.
984 3008 1106 3063 Πῶς
1149 3002 1236 3055 καὶ
1289 3001 1407 3055 τίνα
1437 2997 1637 3071 τρὸπον
1665 3020 1678 3068 ;
1711 3001 1826 3054 Ἐν-

172 3101 345 3153 ταῦθα
393 3119 482 3168 μοι
529 3097 590 3151 τὸ
640 3100 737 3150 τοῦ
790 3098 902 3167 (92)
952 3090 1298 3166 διηγήματος
1341 3087 1582 3158 ἥδιστον.
1627 3093 1762 3158 Νικᾷ
1791 3092 1825 3158 ἡ

172 3187 458 3261 παρθένος,
514 3189 717 3238 νικᾶται
779 3185 805 3236 6
858 3180 1088 3253 δαίμων.
1139 3181 1194 3232 Ὁ
1242 3178 1534 3253 πειραστὴς
1583 3177 1828 3249 πρόσεισι

174 3279 255 3345 τῷ
317 3276 536 3351 ἐραστῇ,
595 3270 925 3343 καταμηνῦει
985 3270 1082 3336 τήν
1141 3271 1343 3337 ἧτταν·
1405 3273 1826 3343 περιφρονεῐται.

174 3362 527 3439 Δυσχεραίνει
601 3368 700 3429 τῆς
781 3357 1114 3432 ὑπεροψίας·
1187 3356 1438 3430 ἀμύνεται
1503 3357 1594 3410 τὸν
1665 3356 1822 3431 ὑπερ-

169 3452 369 3521 όπτην.
425 3453 488 3506 Ἠ
538 3447 714 3523 ἄμυνα
764 3446 818 3502 δὲ
867 3447 991 3515 τίς;
1030 3446 1120 3508 Εἷς
1153 3445 1309 3500 αὐτὸν
1345 3445 1683 3514 εἷσοικίζεται
1713 3446 1824 3519 (93)

166 3540 260 3594 τὸν
293 3541 429 3601 τὲως
461 3539 810 3615 θεραπευτὴν,
853 3537 941 3590 ’ίνα
989 3541 1139 3607 κακῷ
1185 3536 1248 3590 τὸ
1293 3536 1454 3589 κακὸν
1503 3534 1822 3610 ἐκκρουσθῇ,

169 3629 261 3682 καὶ
295 3627 465 3683 λύσσα
523 3627 726 3698 λύσσης
776 3625 916 3700 ’ίαμα
972 3625 1209 3701 γένηται.
1273 3631 1378 3692 Τῆς
1427 3625 1694 3698 παρθένου
1731 3624 1824 3696 μὲν

173 3718 560 3794 ἀποκρούεται,
594 3716 832 3790 καθάπερ
879 3737 930 3769 τι
985 3713 1291 3788 μηχάνημα
1341 3712 1561 3786 τείχους
1617 3712 1824 3786 ὀχυροῦ

168 3806 260 3858 καὶ
293 3805 560 3882 γενναίου,
623 3804 792 3877 λόγου
844 3802 1016 3878 φυγὰς
1072 3800 1160 3854 καὶ
1223 3799 1493 3869 δεήσεως·
1554 3803 1633 3870 τῷ
1689 3799 1823 3871 πέμ-

173 3896 336 3966 ψαντι
372 3891 428 3947 δὲ
483 3889 866 3967 προσπαλαίει,
929 3889 996 3962 (ὥ
1045 3893 1140 3942 τοῦ
1190 3888 1463 3960 θαύματος
1491 3889 1528 3960 ί)
1572 3888 1706 3964 πρὸς
1735 3889 1826 3941 τὸν

177 3983 419 4056 βαλόντα
461 3981 624 4036 πάλιν
687 3979 1058 4056 ἄναστραιρεὶς,
1106 3977 1196 4032 καῗ
1248 3976 1581 4053 συμπνίγων,
1643 3971 1824 4051 ὥσπερ

168 4073 295 4126 τινὰ
329 4071 508 4126 Σαοὺλ
541 4069 808 4145 δεύτερον.

1940 2025 2242 2079 materiam
2279 2026 2669 2097 subtraheret,
2702 2045 2767 2082 ac
2815 2028 3044 2083 libidini
3098 2029 3391 2084 formitem
3427 2033 3585 2085 444

1935 2112 2270 2168 absumeret
2297 2131 2309 2182 ;
2342 2118 2467 2168 tum
2499 2131 2632 2171 vero
2667 2120 2727 2170 ut
2757 2133 2860 2188 per
2889 2117 3063 2172 ﬁdem
3097 2121 3154 2172 et
3184 2117 3581 2173 humilitatem

1935 2201 2252 2273 propitium
2302 2202 2414 2257 sibi
2461 2207 2640 2258 Deum
2674 2205 2956 2261 redderet.
2995 2205 3192 2278 Neque
3238 2206 3393 2261 enim
3430 2207 3583 2262 Deus

1937 2289 2050 2345 ulla
2081 2306 2140 2345 re
2170 2289 2428 2362 perinde,
2460 2295 2633 2364 atque
2665 2292 2994 2348 voluntaria
3038 2294 3296 2366 corporis
3326 2293 3577 2350 afflicta-

1933 2378 2112 2444 tione,
2145 2379 2510 2449 conciliatur,
2542 2381 2932 2454 lacrymisque
2976 2381 3379 2439 misericordia
3406 2382 3576 2439 vicis-

1935 2469 2047 2524 sim
2080 2468 2318 2540 rependi
2350 2469 2516 2526 solet.
2550 2469 2673 2526 Non
2703 2475 2791 2526 est
2821 2471 2975 2543 apud
3009 2488 3101 2527 rue
3133 2471 3402 2539 dubium,
3435 2471 3578 2543 quin

1935 2556 2219 2628 reliquam
2251 2557 2429 2629 hujus
2461 2558 2718 2614 historiae
2750 2563 2972 2631 partem
3006 2560 3170 2615 avide
3210 2559 3580 2632 exspectetis.

1935 2646 2264 2718 Trepidatis
2293 2664 2567 2719 namque,
2599 2654 2657 2704 et
2687 2648 2840 2703 anxii
2872 2650 3012 2704 estis
3061 2666 3164 2722 pro
3195 2649 3436 2722 virgine,
3472 2665 3578 2705 nec

1936 2737 2133 2790 minus
2163 2753 2266 2807 pro
2299 2736 2484 2807 ipsius
2515 2743 2772 2806 amante,
2801 2754 2873 2792 ne
2904 2737 3168 2810 utrisque
3197 2739 3422 2794 malum
3454 2742 3579 2793 tan~

1935 2825 2068 2879 dem
2099 2828 2156 2878 et
2191 2825 2482 2880 funestum
2518 2825 2691 2881 finem
2725 2825 2819 2880 hic
2849 2843 3015 2881 amor
3045 2825 3332 2883 habuerit.
3364 2827 3580 2882 Verum

1935 2912 2086 2967 bono
2119 2913 2314 2968 animo
2345 2919 2550 2978 estote,
2587 2914 2776 2969 Fidem
2828 2915 2986 2970 enim
3039 2915 3132 2971 hic
3181 2932 3346 2971 amor
3387 2915 3579 2971 conci-

1937 3001 2042 3056 liat
2087 3020 2098 3056 :
2155 3019 2220 3056 ac
2269 3003 2410 3057 dum
2465 3019 2674 3074 procus
2723 3003 2966 3075 virginis
3016 3004 3249 3077 nuptias
3295 3004 3500 3071 ambit,
3547 3021 3580 3060 a

1936 3091 2164 3146 Christo
2196 3091 2319 3162 ipse
2341 3092 2754 3162 despondetur,
2784 3097 2978 3164 atque,
3002 3094 3286 3148 exstincta
3315 3091 3580 3148 libidinis

1938 3179 2198 3245 ﬂamma,
2249 3179 2511 3234 veritatis
2559 3181 2732 3235 ardor
2777 3180 3080 3236 excitatur.
3131 3183 3254 3247 Quo
3305 3185 3472 3252 pacto
3519 3182 3576 3237 id

1944 3268 2237 3334 acciderit,
2262 3268 2562 3339 quaeritis?
2582 3269 2821 3340 Hicjam
2848 3270 2900 3324 in
2917 3271 3358 3340 jucundissima
3387 3288 3583 3326 narra-

1945 3357 2118 3412 tionis
2150 3362 2310 3429 parte
2341 3374 2556 3413 versor.
2587 3357 2761 3431 Virgo
2789 3363 3047 3431 superat,
3079 3360 3303 3415 daemon
3335 3375 3584 3432 supera-

1933 3449 2049 3501 tur.
2081 3447 2355 3502 Tentator
2386 3447 2454 3501 ad
2505 3453 2799 3504 amantem
2850 3449 3095 3518 accedit,
3145 3465 3324 3521 seque
3377 3465 3586 3505 succu-

1933 3535 2133 3591 buisse
2171 3535 2409 3592 indicat.
2462 3537 2664 3609 Itaque
2713 3538 2785 3593 ab
2834 3553 2900 3593 eo
2949 3537 3363 3593 contemnitur.
3397 3537 3582 3601 Quam

1935 3640 2056 3679 rem
2115 3624 2353 3697 indigne
2410 3626 2648 3697 ferens,
2728 3631 3188 3699 contemptorem
3254 3626 3585 3682 ulciscitur.

1933 3713 2208 3777 Quanam
2240 3721 2432 3770 autem
2464 3714 2582 3769 haec
2641 3713 2786 3770 ultio
2835 3716 2968 3772 est?
3018 3721 3079 3770 In
3130 3733 3264 3771 eum
3296 3716 3515 3787 ipsum,
3549 3732 3584 3771 a

1935 3819 2049 3873 quo
2101 3806 2234 3857 ante
2277 3803 2596 3868 colebatur,
2645 3803 2966 3876 immigrat,
3019 3808 3082 3860 ut
3154 3805 3375 3860 malum
3424 3804 3581 3858 malo

1933 3891 2357 3956 extruderctur,
2390 3907 2454 3946 ac
2503 3891 2682 3947 furori
2731 3893 2890 3948 furor
2941 3893 3292 3948 medicinam
3327 3892 3579 3948 afferret.

1933 3981 1978 4034 Α
2007 3980 2230 4051 virgine
2259 3980 2516 4051 quidem,
2553 3998 2666 4036 non
2718 3998 2887 4037 secus
2943 3999 3008 4037 ac
3053 3980 3260 4037 beilica
3309 3981 3580 4054 quaedam

1935 4069 2208 4123 machina
2238 4088 2270 4122 ιι
2299 4069 2468 4124 ﬁrmo
2490 4074 2546 4124 et
2563 4070 2757 4125 valido
2781 4069 3585 4144 muro,repellitur,sermone

167 4162 454 4217 nimirum
485 4168 542 4216 et
574 4160 842 4233 precibus
876 4160 1142 4229 fugatus;
1177 4173 1306 4212 cum
1340 4173 1404 4211 eo
1437 4161 1650 4226 autem,
1685 4173 1718 4210 a
1749 4172 1864 4226 quo
1918 4157 2137 4212 missus
2171 4158 2376 4224 fuerat,
2409 4157 2776 4213 colluctatur.
2809 4159 2852 4214 O
2885 4176 3006 4214 rem
3048 4160 3258 4214 miram
3309 4163 3366 4214 et
3415 4158 3585 4214 inau-

169 4250 391 4306 ditam!
426 4251 510 4305 Ad
543 4266 700 4316 eum,
732 4266 765 4304 a
795 4265 909 4318 quo
942 4247 1038 4302 teli
1073 4247 1384 4317 cujusdam
1418 4247 1602 4301 instar
1622 4247 1818 4316 jactus
1851 4247 2058 4315 fuerat,
2091 4247 2283 4314 rediit,
2314 4247 2647 4319 ipsumque,
2675 4247 2833 4304 velut
2866 4249 3114 4306 alterum
3145 4248 3402 4314 Saulem,
3437 4265 3586 4320 prae-

166 4340 400 4396 focabat
425 4341 489 4392 ’3.

237 4427 336 4482 IB'.
398 4425 458 4480 Τί
516 4423 606 4479 οὖν
655 4424 681 4478 6
741 4425 922 4500 ἄφρων
988 4421 1217 4498 ἐραστὴς
1276 4420 1363 4476 καὶ
1421 4422 1651 4499 σώφρων
1705 4421 1815 4476 ἐπί-

1992 4424 2110 4478 XII.
2145 4423 2288 4488 Quid
2323 4423 2416 4479 hic
2447 4425 2625 4497 igitur
2657 4426 2898 4482 demens
2929 4425 3028 4482 ille
3059 4429 3304 4492 amator,
3339 4430 3396 4480 et
3443 4442 3581 4496 pru-

168 4511 423 4584 ληπτος;
457 4519 618 4584 Ζητεῖ
660 4517 756 4567 τοῦ
788 4511 952 4566 κακοῦ
990 4511 1088 4579 τὴν
1125 4509 1295 4579 Λύσιν,
1330 4510 1583 4585 εὑρίσκει·
1645 4509 1816 4584 εὐμή-

241 4623 288 4657 ²²
320 4622 526 4679 Matth.
555 4638 674 4676 xvn
706 4621 806 4689 t7;
839 4621 976 4675 Luc.
1011 4635 1132 4685 VIII,
1164 4620 1254 4673 24.

163 4694 210 4728 ’⁷
245 4694 390 4750 Dan.
426 4711 512 4760 ιιι,
542 4694 612 4748 33
641 4709 772 4763 sqq.
851 4692 895 4726 ²⁸
927 4692 949 4747 Ι
981 4691 1119 4762 Reg.
1151 4706 1267 4760 xv1,
1300 4691 1384 4744 14.

164 4802 590 4873 presbyteris.»
617 4801 806 4858 Minus
837 4799 1074 4873 quidem
1109 4802 1281 4865 recte,
1304 4814 1436 4873 cum
1467 4795 1663 4852 Daniel
1697 4797 1822 4868 ipse

163 4887 288 4944 χιιι,
324 4869 410 4942 4⁷1,
444 4892 563 4941 eos,
601 4891 715 4929 non
741 4897 767 4924 «
802 4869 1193 4944 presbyteros,
1223 4893 1242 4918 ιι
1281 4869 1383 4924 sed
1416 4892 1443 4919 ‹‹
1471 4885 1641 4924 senes
1665 4891 1692 4918 ››
1725 4885 1821 4940 ap-

208 4942 365 4998 ellet.

168 4959 365 5088 lieégt).
387 5013 478 5068 Καὶ
510 5013 970 5088 τυραννικωτέρας
1026 5009 1253 5088 μη-τρρ-ς.
1303 5012 1395 5066 Sic
1443 5015 1581 5088 Qeg.
1616 5028 1668 5088 ει,
1703 5014 1820 5088 tri-33

237 5056 350 5086 \W,
387 5056 478 5068 η...
522 5056 970 5088 .-ρ-...ηωητηη
1026 5056 1253 5085 μνία..
1303 5056 1394 5066 .,.-
1443 5056 1581 5082 -.νδ
1617 5056 1648 5066 ..
1706 5056 1818 5092 πῖ-

163 5085 349 5153 Colb.,
402 5088 672 5157 Hervag.,
723 5087 902 5142 Oxon.
957 5085 1110 5155 apud
1167 5084 1415 5157 Montac.
1458 5084 1590 5157 Quae
1622 5056 1818 5157 iectio

165 5159 390 5234 optima
435 5154 682 5225 videtur,
717 5154 1037 5234 omnesque
1080 5156 1264 5234 nodos
1296 5154 1587 5234 expendit.
1622 5154 1818 5234 I‘jeque

166 5225 323 5300 enim
374 5247 404 5284 a
451 5253 478 5280 «
522 5234 703 5300 patre,
733 5253 752 5278 ιι
789 5229 887 5284 sed
921 5225 959 5282 a
984 5252 1009 5277 ‹‹
1046 5231 1229 5300 matre
1262 5249 1290 5276 »
1323 5225 1586 5300 vexatam
1637 5225 1819 5300 fuisse

165 5299 444 5356 Theclam
471 5294 757 5355 narratur.
784 5303 847 5355 In
871 5297 1089 5373 ed.,xzi
1110 5296 1568 5373 τυραννικωτὲρου
1590 5294 1815 5367 πατρός,

167 5393 194 5419 ‹‹
231 5377 476 5460 ett/patre
508 5373 693 5460 magis
725 5371 1046 5460 tyrannica
1077 5393 1103 5460 ir)

237 5437 349 5514 (86)
382 5437 856 5514 Χειρῶνῖκτάσει.
904 5443 1040 5512 Reg.
1077 5442 1272 5514 Cypr.,_
1319 5441 1498 5512 θηρῶν
1552 5437 1814 5508 ἐκστάσει,

169 5511 561 5586 (ιίάθιιιιιιιιυω
614 5521 869 5586 stupore.
902 5537 929 5562 »
961 5511 1096 5586 Allar-c
1144 5512 1335 5586 lecti_o,
1381 5511 1513 5586 licet
1563 5527 1710 5586 nova
1741 5514 1818 5586 Aet

168 5585 507 5656 singularis,
543 5581 747 5641 melior
792 5584 970 5640 videri
1024 5588 1230 5654 potest.
1262 5583 1465 5648 Daniel
1515 5583 1671 5636 enim
1725 5581 1814 5635 di-

166 5655 389 5714 cendus
437 5664 526 5713 est
568 5658 776 5714 vicisse
821 5657 1040 5721 leones,
1072 5671 1187 5710 non
1221 5677 1249 5705 ‹‹
1284 5670 1567 5724 manuum
1619 5657 1814 5708 exten-

168 5730 347 5801 tione,
375 5753 403 5782 »
435 5731 606 5803 cujus
639 5729 802 5788 nulla
838 5729 904 5786 ιιι
946 5727 1191 5798 mentio,
1222 5749 1249 5778 (ι
1284 5726 1519 5784 incussa
1545 5724 1816 5783 leonibus

1329 4619 1374 4653 ³³
1407 4619 1610 4674 Matth.
1643 4635 1760 4685 xw,
1791 4619 1882 4676 25.

1928 4512 2072 4568 dens
2103 4511 2440 4584 arreptitius
2459 4512 2486 4567 ‘?
2509 4513 2643 4568 Mali
2667 4512 3073 4585 depulsionem
3105 4512 3395 4584 quaarit,et
3419 4512 3579 4568 inve-

1959 4619 2007 4654 “
2044 4619 2220 4674 Marc.
2253 4635 2308 4687 v,
2344 4620 2427 4675 13.
2507 4619 2552 4654 ³⁸
2577 4619 2723 4677 Dan.
2754 4637 2868 4686 XIV,
2901 4621 2990 4675 30.
3067 4620 3112 4655 ³⁸
3141 4620 3273 4676 Jon.
3301 4635 3362 4686 ιι,
3383 4621 3419 4674 2
3447 4636 3589 4692 sqq-

1930 4800 2271 4853 reverentia.
2301 4818 2328 4844 ››

2146 4867 2485 4942 Ἀσσυρίους.
2537 4869 2884 4942 Ιιοεθῐιᾶιιῐιι
2923 4868 3135 4942 potius,
3167 4862 3470 4942 Ἑϐραίους.
3517 4869 3582 4942 Hi

1929 4941 2144 4995 etenim
2191 4939 2362 5013 pueri,
2407 4956 2538 5013 vere
2585 4939 2640 4994 in
2691 4939 2938 5013 Assyria
2977 4957 3012 4996 a
3058 4939 3294 4996 ﬂamma
3351 4939 3580 4997 liberati

1929 5016 2100 5078 sunt;
2134 5013 2232 5066 sed
2267 5011 2488 5066 Hebraei
2519 5016 2706 5067 erant.

2021 5083 2110 5156 88)
2142 5079 2368 5156 Μαρίαν.
2402 5083 2546 5156 Vide
2577 5083 2865 5156 monitum
2897 5099 2956 5156 ιι)
2988 5082 3047 5156 5__.

2021 5084 2110 5152 88)
2142 5084 2368 5156 Μαρίαν.
2402 5084 2546 5138 Vide
2577 5084 2865 5138 monitum
2897 5099 2956 5137 n.
2988 5084 3047 5136 5.

2141 5153 2250 5235 Aic‘c_
2264 5160 2363 5223 τῆς
2389 5153 2621 5216 πίστεως
2652 5153 2763 5210 καί.
2797 5155 2890 5211 Sic
2923 5151 3085 5210 Colb.
3114 5152 3283 5208 codd.
3316 5157 3448 5209 Hac
3479 5153 3577 5210 de-

1927 5226 2485 5370 su(thO)nK:genaﬁeiq
2534 5295 2877 5370 θεραπεύεται
2929 5291 3079 5356 Θεός.
3135 5294 3313 5366 Regg.
3359 5311 3412 5363 a,
3459 5295 3578 5364 bm,

1930 5369 2026 5424 nh.
2060 5366 2374 5424 κακοπαθία.
2413 5369 2481 5424 Et
2512 5369 2690 5424 Rege.
2724 5387 2776 5424 a.
2813 5387 2862 5424 c.
2896 5368 2952 5424 d.
2987 5365 3114 5424 Θεὸς
3150 5363 3518 5424 θεραπεύεται.

1927 5375 2026 5441 ph,
2060 5375 2374 5438 κακοπαθίᾳ.
2414 5375 2481 5424 Et
2512 5375 2690 5441 Regg.
2724 5387 2776 5438 a,
2813 5387 2862 5436 c,
2896 5375 2952 5437 d,
2987 5375 3114 5427 Θεὸς
3150 5375 3518 5441 θεραπεύεται.

1999 5441 2106 5505 (91)
2138 5439 2347 5503 Μόθων.
2383 5441 2447 5496 In
2479 5439 2798 5505 nonnullis,
2829 5439 3036 5495 παθῶν.

2015 5442 2078 5494 91
2138 5441 2347 5503 Μόθων.
2383 5441 2447 5496 In
2479 5441 2798 5505 nonnullis,
2829 5441 3036 5495 παθῶν.

2137 5510 2213 5594 Τρ
2242 5515 2359 5568 τοῦ.
2394 5511 2487 5568 Sic
2517 5513 2695 5585 Regg.
2729 5529 2779 5580 c,
2814 5515 2871 5582 d,
2903 5513 3026 5578 bm,
3053 5509 3149 5566 Or.
3183 5509 3234 5575 1,
3267 5513 3374 5565 etc.
3401 5508 3576 5564 Deest

1922 5579 2106 5728 ῗόῖὲἓ)
2127 5584 2311 5728 (xii-16v
2340 5651 2701 5728 είσοικίζεται.
2737 5655 2830 5710 Sic
2862 5655 3039 5728 Regg.
3073 5668 3124 5721 c,
3159 5653 3217 5722 d,
3249 5650 3348 5726 ph,
3381 5651 3479 5707 Or.
3518 5652 3566 5714 1,

1925 5724 2136 5797 ln'ed.,
2170 5725 2354 5781 ἑαυτὸν
2386 5724 2747 5796 εἷσοικίζεται.
