4056 6274
517 440 674 501 1183

1756 443 1820 502 S.
1870 442 2237 503 GREGORII
2283 443 2386 502 TH
2399 442 2680 503 EOLOGI

3767 443 3899 502 1184

514 570 622 626 nit.
661 571 1001 644 ingeniosus
1032 573 1187 627 enim
1219 589 1283 628 ac
1317 571 1500 628 solers
1531 589 1658 630 esse
1692 573 1859 643 solet,
1888 574 2160 646 quisquis

2286 591 2438 647 (ανον
2493 573 2593 648 γὰρ
2651 572 2788 627 ἅπαν
2842 572 2904 626 τὸ
2959 569 3302 642 πιεζόμενον.
3348 569 3437 631 Τίς
3496 571 3531 638 ἡ
3567 560 3901 636 λύσις;Ἐπῖ

519 662 823 733 premitur.
875 663 1148 725 Quaenam
1197 667 1390 716 autem
1436 663 1762 734 depellendi
1825 663 1961 719 mali
2017 664 2164 719 ratio

518 749 677 805 fuit?
706 751 788 805 Ad
820 749 1065 804 Justinae
1125 750 1328 815 Deum,
1373 753 1894 822 quemadmodum,
1924 753 2059 807 Saul
2091 754 2160 807 ad

526 839 757 895 Davidis
789 839 1073 894 citharam
1099 840 1423 911 fidiumque
1449 840 1653 912 pulsus
1675 842 1739 908 εν,
1765 842 2061 913 confugit:
2092 842 2162 897 ad

521 927 700 998 hujus
735 927 1029 982 Pastorem
1082 945 1143 983 se
1202 930 1460 996 confert;
1513 935 1708 1001 atque,
1744 936 1808 985 ut
1837 948 2033 986 amore
2065 947 2166 1003 per

521 1021 818 1087 acceptam
871 1016 1125 1089 plagam.
1181 1017 1264 1071 ita
1307 1017 1459 1072 malo
1511 1019 1716 1088 spiritu
1768 1036 1869 1091 per
1898 1020 2072 1075 ﬁdem
2105 1021 2164 1074 in

521 1105 818 1160 Christum
865 1110 1168 1177 purgatur,
1233 1123 1607 1179 amoremque
1663 1113 2005 1163 commutat.
2055 1109 2163 1164 Diu

517 1199 716 1249 tamen
776 1195 1086 1266 episcopus
1138 1195 1248 1267 ipsi
1303 1196 1476 1250 ﬁdem
1541 1196 1859 1267 abrogavit,
1912 1214 2164 1268 eumque

519 1281 755 1353 repulit.
813 1283 1161 1339 Incredibile
1208 1285 1387 1350 enim,
1443 1301 1510 1339 ac
1561 1285 1826 1340 miraculi
1875 1286 2064 1342 simile
2111 1287 2163 1342 ei

516 1371 847 1440 videbatur,
879 1373 1228 1444 Cyprianum
1261 1372 1576 1443 aliquando
1609 1374 1762 1428 inter
1805 1373 2166 1429 Christianos

517 1461 930 1517 ascribendum
953 1477 1101 1523 esse,
1125 1462 1354 1516 etiamsi
1379 1479 1581 1516 omnes
1604 1462 1872 1517 homines
1897 1464 1965 1518 ad
1992 1465 2166 1518 ﬁdem

515 1549 902 1622 pervenirent.
927 1551 997 1604 At
1029 1567 1223 1605 revera
1245 1555 1509 1606 mutatus
1533 1556 1677 1618 erat,
1698 1556 1753 1606 et
1785 1553 2164 1623 perspicuum

517 1638 862 1694 mutationis
893 1644 1307 1707 argumentum
1341 1641 1478 1694 edit.
1509 1640 1764 1710 Magicos
1796 1642 1951 1695 enim
1984 1641 2166 1696 libros

522 1724 753 1798 publice
788 1726 1077 1796 proponit,
1106 1742 1171 1780 ac
1195 1727 1264 1781 de
1297 1727 1455 1797 pravi
1482 1727 1740 1782 thesauri
1767 1729 2168 1785 imbecillitate

515 1813 884 1885 triumphum
919 1815 1038 1887 agit
1070 1831 1083 1870 :
1110 1816 1425 1870 amentiam
1459 1817 2073 1889 prmdicat,ingentem
2100 1837 2168 1876 ex

518 1902 637 1958 illis
667 1903 968 1958 ﬂammam
1000 1905 1231 1970 excitat,
1264 1909 1321 1959 et
1363 1905 1703 1961 diuturnam
1753 1907 2165 1980 imposturam,

520 2007 647 2062 quae
681 2007 754 2046 ne
788 1991 888 2046 uni
921 1992 1158 2062 quidem
1193 1991 1386 2048 carnis
1416 1993 1664 2048 flammae
1697 2010 1865 2066 opem
1900 1997 2048 2052 475
2084 1997 2168 2051 af-

521 2081 670 2135 ferre
700 2084 988 2151 potuerat,
1023 2081 1156 2152 igne
1201 2081 1458 2137 absumit
1487 2099 1499 2138 :
1535 2100 1567 2136 a
1612 2084 1976 2139 daemonibus
2011 2101 2170 2141 sece-

522 2169 627 2234 dit,
653 2168 770 2223 Deo
794 2170 1156 2241 adjungitur.
1182 2170 1225 2225 Ο
1250 2171 1557 2225 miriﬁcum
1583 2172 1775 2243 graliae
1806 2175 2125 2243 potentiam
2154 2175 2166 2230 l

525 2258 634 2314 Per
663 2257 998 2329 improbum
1030 2275 1286 2314 amorem
1309 2276 1375 2314 ac
1401 2261 1697 2330 spiritum,
1726 2262 1902 2316 Deum
1931 2262 2169 2331 invenit,

521 2349 579 2400 et
608 2362 772 2400 sacra
815 2347 966 2401 sacri
1019 2346 1211 2419 gregis
1259 2349 1382 2403 ovis
1429 2349 1702 2419 efﬁcitur,
1746 2354 1922 2421 atque
1971 2351 2172 2417 etiam,

523 2434 1020 2505 quemadmodum
1075 2453 1107 2489 a
1155 2437 1408 2507 quodam
1441 2438 1658 2510 arcepi,
1692 2439 1962 2505 mdituus,
1995 2439 2173 2512 idque

528 2522 730 2578 multis
767 2540 999 2594 quoque
1021 2524 1291 2594 precibus
1316 2525 1385 2580 ab
1409 2543 1476 2580 eo
1498 2527 1799 2594 adhibitis,
1825 2533 1888 2582 ut
1918 2529 1987 2582 ad
2017 2530 2172 2600 prio-

526 2610 608 2666 ris
639 2612 975 2682 arrogantiae
1009 2613 1414 2684 purgationem
1446 2614 1837 2671 humilitatem
1861 2624 2172 2674 exerceret.

527 2698 732 2754 Pastor
781 2700 992 2756 deinde
1046 2706 1294 2769 creatur,
1330 2720 1395 2757 ac
1453 2709 1752 2775 pastorum
1812 2707 2070 2777 optimus
2121 2712 2178 2762 et

525 2788 1000 2859 probatissimus.
1032 2790 1231 2862 Neque
1262 2791 1416 2846 enim
1461 2793 1899 2865 Carthaginensi
1947 2800 2175 2851 tantum

527 2875 816 2944 Ecclesiae,
851 2892 957 2933 nec
985 2878 1210 2945 Africae,
1244 2880 1314 2934 ab
1348 2895 1434 2948 eo,
1469 2885 1526 2935 et
1567 2887 1802 2954 propter
1830 2899 1964 2938 eum
1997 2884 2174 2939 etiam

529 2981 688 3020 nunc
746 2965 913 3020 clarae
971 2971 1027 3021 et
1084 2967 1315 3032 celebri,
1371 2970 1703 3041 praeﬁcitur,
1737 2988 1939 3026 verum
1996 2974 2173 3028 etiam

2273 662 2362 714 τὸν
2418 667 2517 729 τῆς
2592 661 2859 736 παρθένου
2930 659 3252 736 καταφεύγει
3315 658 3466 730 Θεὸν,
3525 657 3707 732 ὥσπερ
3747 657 3902 712 Σαοὺλ

2275 749 2360 803 ἐπὶ
2392 751 2489 818 τήν
2523 750 2740 825 κινύραν
2771 752 2882 821 (94)
2928 753 3025 802 τοῦ
3058 743 3223 802 Δαϐὶδ
3253 748 3342 801 καὶ
3375 747 3440 800 τὰ
3468 746 3781 819 κρούσματα
3812 751 3901 820 (95)

2274 838 2516 911 πρόσεισι
2547 844 2625 910 τῷ
2655 838 2856 908 ταύτης
2890 838 3116 910 Ποίμένι
3161 839 3273 909 (96)
3299 857 3311 868 ·
3364 836 3693 911 καθαίρεται,
3743 836 3898 912 ὥσπερ

2273 931 2368 981 τοῦ
2400 927 2570 990 πόθου
2603 925 2692 981 διὰ
2720 934 2819 996 τῆς
2850 927 3096 1001 πληγῆς,
3129 926 3272 979 οὓτω
3319 930 3415 979 τοῦ
3464 929 3711 997 πονηροῦ
3757 926 3898 980 πνεύ-

2280 1036 2448 1086 ματος
2481 1013 2567 1070 διὰ
2613 1014 2714 1089 τῇς
2773 1015 2848 1076 εἰς
2897 1014 3124 1089 Χριστὸν
3157 1013 3389 1074 πίστεως
3416 1032 3427 1044 ⁶
3467 1012 3798 1085 μετατίθεται
3822 1016 3904 1068 τὸν

2275 1103 2441 1158 πόθον
2463 1123 2476 1135 ·
2539 1103 2626 1158 ἰπὶ
2674 1102 2818 1158 πολὺ
2852 1103 2946 1175 μὲν
2983 1101 3381 1174 ἀπιστούμενος
3410 1101 3499 1156 καὶ
3530 1101 3900 1174 ἀποπεμπόμε-

2275 1212 2386 1254 νος·
2448 1194 2536 1246 καὶ
2588 1194 2688 1268 γὰρ
2742 1190 2915 1246 ἰδόκει
2964 1191 3027 1245 τὸ
3077 1197 3300 1266 πρᾶγμα
3348 1194 3454 1244 τῶν
3504 1189 3740 1244 ἀπίστων
3789 1191 3901 1244 εἶναι

2275 1281 2364 1336 καὶ
2420 1281 2757 1354 θαυμασίων,
2807 1280 3109 1356 Κυπριανὸν
3164 1279 3216 1334 έν
3287 1285 3635 1354 Χριστιανοῖς
3691 1278 3901 1354 ἀριθμη-

2277 1370 2434 1440 θῆναί
2467 1391 2621 1437 ποτε,
2654 1369 2700 1424 εἴ
2745 1370 2835 1425 καὶ
2884 1368 3078 1430 πάντες
3128 1370 3404 1444 ἅνθρωποι
3432 1387 3448 1402 ο
3494 1367 3822 1440 μετατίθεται
3866 1366 3904 1422 δ’

2277 1459 2392 1530 οὗν,
2451 1459 2539 1513 καὶ
2598 1460 2709 1531 (97)
2781 1454 3053 1527 ἀπόδειξις
3130 1464 3231 1525 τῆς
3304 1453 3616 1529 μεταϐολῆς
3674 1456 3902 1530 ἐναργής.

2277 1548 2571 1621 Προτίθησι
2607 1545 2848 1618 δημοσίᾳ
2874 1547 2970 1608 τὰς
3000 1546 3260 1621 γοητικὰς
3292 1540 3520 1620 βίϐλους
3547 1564 3559 1576 ·
3614 1539 3901 1619 θριαμϐεύει

2276 1641 2371 1691 τοῦ
2401 1641 2646 1707 πονηροῦ
2694 1638 2966 1710 θησαυροῦ
3012 1637 3111 1703 τὴν
3163 1635 3430 1688 ἀσθένειαν
3460 1653 3472 1666 ·
3527 1634 3779 1707 κηρύσσει
3823 1635 3900 1700 τήν

2277 1722 2483 1794 ἄνοιαν,
2534 1723 2789 1798 λαμπρὰν
2849 1723 2899 1794 ἐξ
2954 1724 3130 1778 αὐτῶν
3187 1721 3324 1798 αἶ’ρει
3379 1725 3480 1791 τήν
3536 1722 3739 1800 φλόγα,
3791 1743 3902 1795 πυρ-

2279 1812 2487 1885 δαπανᾷ
2537 1816 2634 1882 τήν
2697 1815 2903 1890 μακράν
2963 1812 3195 1882 ἀπάτην,
3250 1812 3285 1880 ἢ
3350 1817 3447 1885 μιᾷ
3508 1811 3677 1889 φλογὶ
3737 1812 3902 1885 σαρκὸς

2280 1903 2377 1958 οὐκ
2421 1903 2690 1976 ἐπήμυνεν
2719 1923 2732 1936 ·
2791 1902 3074 1980 ἀφίσταται
3130 1903 3237 1956 τῶν
3286 1898 3588 1973 δαιμόνων,
3639 1900 3901 1955 οἰκειοῦται

2281 1999 2414 2065 Θεῷ.
2471 1995 2536 2047 ’Ὠ
2591 1999 2695 2061 τῆς
2737 1993 3002 2068 χάριτοςί
3053 1992 3194 2060 Ὂση
3246 1990 3374 2045 Θεὸν
3423 1989 3658 2065 εὑρίσκει
3707 1992 3902 2060 πονηρῷ

2279 2083 2431 2155 πόθῳ
2460 2081 2548 2137 καὶ
2601 2081 2894 2154 πνεύματι,
2938 2074 3211 2155 πρόϐατον
3261 2079 3404 2154 ἱερὸν
3455 2085 3557 2148 τῆς
3599 2080 3744 2154 ἱερᾶς
3789 2077 3901 2152 γίνε-

2278 2193 2363 2226 ται
2413 2170 2679 2244 ποίμνης,
2729 2170 2802 2231 ὡς
2847 2168 2904 2224 δὶ
2951 2168 3056 2245 ἐγώ
3097 2189 3244 2229 τινος
3294 2165 3526 2236 ἤκουσα,
3593 2167 3684 2221 καὶ
3738 2165 3905 2220 νεωχὸ-

2282 2281 2373 2336 ρος
2407 2263 2541 2333 (98),
2576 2258 2760 2315 πολλὰ
2790 2256 3024 2329 δεηθεὶς,
3050 2255 3143 2312 ’ἶνα
3190 2255 3538 2334 φιλοσοφήσῃ
3580 2257 3644 2311 τὸ
3689 2255 3906 2310 ταπεινὸν

2282 2349 2359 2411 εἷς
2393 2351 2649 2423 κάθαρσιν
2679 2355 2779 2416 τῆς
2819 2347 3083 2423 προτέρας
3133 2345 3472 2414 ἄλαζονείας.
3519 2347 3655 2400 Εἶτα
3707 2345 3908 2416 ποιμὴν,

2281 2438 2369 2493 καὶ
2401 2438 2677 2510 ποιμένων
2711 2439 2739 2491 ὁ
2770 2434 3054 2511 κράτιστός
3077 2456 3134 2489 τε
3166 2437 3280 2508 (99)
3310 2433 3398 2489 καὶ
3432 2431 3825 2506 δοκιμώτατος.
3850 2431 3912 2488 Οὐ

2282 2528 2385 2604 γὰρ
2417 2535 2517 2596 τῆς
2550 2523 2942 2602 Καρχηδονίων
2965 2523 3350 2601 προκαθέζεται
3387 2523 3553 2596 μόνον
3588 2521 3911 2592 Ἐκκλησίας,

2283 2615 2409 2671 οὐδὲ
2435 2624 2536 2686 τῆς
2568 2615 2617 2686 ἐξ
2649 2614 2854 2670 ἐκείνου
2901 2614 2990 2668 καὶ
3042 2611 3112 2667 δι’
3159 2612 3360 2667 ἐκεῖνον
3403 2607 3738 2688 περιϐοήτου
3775 2609 3911 2685 μέχρι

2282 2710 2372 2759 νῦν
2405 2707 2482 2779 (1)
2515 2706 2800 2783 Ἀφρικῆς,
2834 2701 2979 2759 ἀλλὰ
3006 2703 3096 2757 καὶ
3118 2704 3411 2772 πάσηςτῆς
3437 2701 3713 2777 ἑσπερίου,
3747 2697 3912 2775 σχεδὸν

2286 2792 2342 2849 δὶ
2373 2795 2461 2848 καὶ
2502 2801 2600 2862 τῆς
2648 2793 2783 2866 ἑῴας
2833 2795 2911 2864 (2)
2961 2791 3149 2862 αὐτῆς,
3190 2790 3370 2844 νοτίου
3401 2793 3476 2862 (3)
3503 2811 3563 2844 τε
3590 2789 3682 2844 καὶ
3719 2787 3910 2864 βορείου

2285 2883 2515 2953 λήξεως,
2549 2881 2627 2958 ἐφ’
2659 2881 2757 2936 ὅσα
2813 2880 3020 2942 ἐκεῖνος
3067 2880 3205 2949 ἦΛθε
3251 2883 3332 2951 τῷ
3375 2878 3634 2952 θαύματι.
3671 2877 3823 2936 Οὕτω
3851 2877 3912 2948 (4)

2287 2972 2589 3046 Κυπριανὸς
2621 2968 2887 3046 ἡμέτερος
2919 2969 3147 3044 γίνεται.

528 3053 788 3108 occiduis
819 3056 1095 3111 omnibus
1128 3057 1485 3129 regionibus,
1521 3075 1585 3114 ac
1617 3075 1793 3133 prope
1825 3060 2000 3117 etiam
2034 3061 2300 3118 orientali
2348 3061 2532 3125 omni,
2565 3067 2741 3133 atque
2784 3060 3026 3115 australi
3055 3063 3112 3114 et
3148 3056 3593 3130 septentrionali
3625 3074 3759 3124 ore,
3791 3070 3910 3127 quo-

530 3157 762 3214 cunque
792 3143 952 3200 illius
982 3145 1138 3199 fama
1167 3150 1224 3201 et
1253 3147 1562 3203 admiratio
1597 3157 1909 3221 pervagata
1936 3155 2044 3206 est.
2077 3151 2170 3206 Sic
2199 3151 2520 3224 Cyprianus
2553 3155 2750 3206 noster
2777 3149 3049 3205 efﬁcitur.

602 3229 751 3285 Xlll.
785 3231 913 3286 Haec
947 3233 1249 3303 signorum
1283 3240 1337 3289 et
1373 3237 1770 3308 prodigiorum
1803 3239 1955 3294 Deus
1987 3240 2125 3295 facit
2158 3257 2171 3296 :

2356 3240 2454 3294 ll".
2514 3237 2689 3291 Ταῦτά
2745 3239 2773 3292 ὁ
2831 3241 2939 3291 τῶν
2998 3233 3238 3307 σημείων
3298 3233 3388 3288 καὶ
3424 3237 3532 3288 τῶν
3563 3235 3644 3306 (5)
3699 3231 3910 3308 τεράτων

535 3318 678 3386 hac,
710 3319 976 3390 inquam,
1009 3320 1126 3390 ille,
1177 3324 1274 3393 qui
1321 3323 1665 3396 Josephum,
1693 3326 1896 3398 iniquo
1928 3328 2172 3382 fratrum

537 3407 755 3463 scelere
783 3409 1105 3475 venditum,
1139 3410 1199 3465 in
1245 3411 1553 3484 Egyptum
1608 3415 1775 3469 duxit
1823 3417 1889 3484 ³ο,
1921 3421 1978 3471 et
2009 3417 2068 3471 in
2102 3418 2179 3472 fe-

529 3495 692 3551 mina
719 3497 1038 3568 exploravit
1080 3499 1148 3568 3',
1182 3504 1238 3553 et
1286 3501 1562 3556 frumenti
1611 3503 1916 3574 largitione
1965 3505 2181 3560 nobili-

527 3583 694 3648 tavit,
755 3589 811 3639 et
869 3585 926 3640 in
988 3587 1351 3643 somniat-um
1401 3591 1644 3645 scientia
1692 3593 1961 3661 erudivit,
2012 3602 2072 3648 ut
2122 3595 2178 3648 in

532 3675 728 3728 extera
784 3673 1018 3744 regione
1078 3676 1250 3731 ﬁdem
1309 3682 1364 3732 et
1423 3679 1828 3735 auctoritatem
1870 3681 2180 3749 obtineret,

532 3765 708 3832 atque
764 3779 798 3817 a
857 3762 1157 3820 Pharaone
1206 3765 1426 3821 honore
1499 3768 1849 3837 afﬁceretur,
1902 3775 2183 3843 paterque

531 3850 921 3906 maximarum
972 3852 1204 3908 illarum
1257 3857 1559 3927 c0piarum
1610 3857 1772 3913 ﬁeret
1827 3860 1892 3925 ³³,
1948 3863 2185 3931 propter

541 3955 687 4011 quas
713 3941 994 4013 Egyptus
1022 3943 1315 3998 cruciatur
1338 3945 1404 4009 3’,
1435 3962 1595 4002 mare
1626 3948 1915 4002 scinditur
1943 3948 2184 4019 3‘,panis

537 4027 726 4083 instar
756 4029 985 4100 pluvias,
1006 4031 1273 4088 funditur
1301 4034 1366 4100 ³³,
1389 4034 1527 4090 solis
1553 4053 1761 4091 cursus
1793 4037 2094 4092 inhibetur
2117 4038 2182 4108 ³⁸,

530 4117 823 4188 promissa
857 4123 1013 4174 terra
1055 4138 1156 4192 per
1206 4126 1421 4178 sortem
1477 4125 1855 4180 distribuitur
1883 4127 1946 4179 ³⁷.
1981 4125 2187 4181 Divina

532 4205 690 4260 enim
711 4208 998 4278 sapientia
1017 4226 1365 4281 magnarum
1382 4229 1574 4267 rerum
1597 4214 1977 4270 fundamenta
2001 4215 2186 4270 multo

531 4299 669 4349 ante
691 4295 908 4364 jacere,
941 4315 1008 4353 ac
1051 4300 1346 4355 contraria
1397 4317 1496 4371 per
1547 4304 1841 4358 contraria
1874 4322 2188 4376 procurare

532 4383 710 4450 novit,
744 4389 806 4439 ut
862 4387 1143 4457 majorem
1194 4389 1284 4443 sui
1337 4391 1784 4447 admirationem
1837 4392 2187 4449 mortalibus

2287 3325 2439 3388 Θεός·
2497 3331 2685 3393 ταῦτα,
2746 3327 2773 3380 ό
2820 3325 2912 3379 τὸν
2970 3325 3175 3402 Ἰωσὴφ
3238 3323 3452 3398 ἀγαγὼν
3522 3322 3599 3384 εἷς
3674 3320 3915 3397 Αῗλίυπτον

2294 3412 2459 3468 ὢνιον
2493 3412 2860 3491 διὰλᾶδελφῶν
2894 3412 3170 3487 ἐπηρείας,
3205 3411 3292 3466 καὶ
3343 3411 3393 3465 ἐν
3443 3411 3658 3487 γυναικὶ
3712 3407 3913 3478 δοκιμά-

2293 3525 2408 3574 σας,
2458 3503 2547 3556 καὶ
2598 3502 2647 3556 ἐν
2685 3499 2962 3572 σιτοδοσίᾳ
3010 3504 3085 3574 (6)
3138 3499 3384 3570 δοξάσας,
3433 3498 3524 3554 καί
3575 3499 3627 3553 ἐν
3679 3496 3912 3553 ἰνυπνίοις

2292 3592 2513 3668 σοφίσας
2561 3593 2661 3663 (7),
2711 3587 2783 3642 ἵν’
2829 3589 2916 3643 ἰπὶ
2962 3590 3116 3659 ξένης
3163 3591 3445 3660 πιστευθῇ,
3473 3589 3564 3642 καὶ
3606 3590 3716 3643 ὑπὸ
3747 3584 3914 3660 Φαραὼ

2287 3681 2521 3753 τιμηθῇ,
2567 3679 2658 3732 καὶ
2705 3678 2886 3752 πατὴρ
2936 3677 3161 3752 γένηται
3203 3674 3428 3731 πολλῶν
3465 3675 3752 3751 μυριάδων
3783 3673 3840 3730 δι’
3867 3672 3910 3730 ἃς

2292 3767 2569 3843 Αἴγυπτος
2662 3765 3020 3839 βασανίζεται,
3098 3763 3338 3829 θάλασσα
3411 3763 3699 3837 τέμνεται,
3781 3765 3908 3836 ἄρτος

2295 3857 2466 3924 ὕεται,
2495 3856 2660 3926 ἥλιος
2687 3854 2922 3926 τίσταται,
2955 3862 3023 3932 γῆ
3058 3855 3154 3924 ἑῆς
3207 3852 3532 3929 ἐπαγγελίας
3579 3851 3909 3930 κληροδοτεῖ-

2294 3968 2404 4004 ται.
2448 3945 2577 4003 Οἵδε
2607 3948 2710 4022 γὰρ
2759 3941 3038 4021 πόρρωθεν
3079 3937 3512 3999 καταϐάλλεσθαι
3541 3947 3658 3998 τῶν
3695 3938 3910 4016 μεγάλων

2292 4036 2629 4113 πραγμάτων
2694 4037 2729 4104 ἡ
2801 4034 2964 4112 σοφία
3035 4034 3131 4095 τὰς
3192 4033 3489 4103 ὑποθέσεις,
3543 4032 3637 4086 καὶ
3693 4030 3777 4086 διὰ
3822 4031 3905 4083 τῶν

2294 4112 2546 4181 ἐναντίων
2601 4127 2675 4197 (8)
2717 4125 2785 4177 τὰ
2825 4121 3036 4177 ἐναντία
3090 4121 3518 4193 οἰκονομεῖσθαι,
3562 4117 3662 4175 ’ίνα
3685 4118 3769 4175 καὶ
3801 4112 3909 4188 μᾶλ-

2295 4213 2390 4270 λον
2427 4213 2788 4286 θαυμάζηται.
2842 4212 3094 4287 ’Δπόχρη
3148 4213 3222 4284 (9)
3254 4211 3344 4264 καὶ
3373 4215 3538 4264 ταῦτα
3567 4214 3680 4264 τῶν
3707 4212 3796 4264 τοῦ
3823 4207 3905 4278 (10)

2297 4307 2606 4375 Κυπριανοῦ
2654 4300 2838 4356 καλῶν
2891 4301 2967 4363 είς
3023 4301 3218 4376 μέτρον
3257 4297 3526 4376 εὐφημίπς
3556 4297 3905 4359 τελειωτάτης.

2296 4397 2401 4446 Νῦν
2462 4390 2519 4446 δὲ
2563 4392 2796 4446 τοσαῦτά
2852 4390 2961 4445 ἰστι
3031 4390 3100 4444 τὰ
3159 4388 3462 4462 λειπόμενα
3534 4389 3626 4441 καὶ
3699 4388 3903 4445 τοιαῦτα,

604 4499 650 4535 ¹⁹
679 4499 700 4556 Ῑ
733 4500 882 4582 Reg;
904 4518 1018 4582 ιρι,
1218 4505 1264 4540 ³ο
1286 4505 1435 4582 _G_en.
1468 4524 1699 4582 xxxvii,
1725 4510 1807 4582 287
1840 4525 1972 4582 sqq.
2049 4510 2093 4545 ³¹
2126 4509 2268 4566 Gen.
2301 4526 2494 4578 xxxrx,
2523 4511 2560 4564 7
2589 4526 2721 4582 sqq.
2797 4508 2844 4544 ”
2873 4512 3177 4582 Gen._xu,
3230 4507 3299 4561 40
3345 4522 3476 4582 sqq.
3551 4505 3597 4541 ⁸³
3631 4505 3800 4562 Exod.
3827 4514 3901 4563 ι’ῐῐ,

531 4570 602 4626 17
631 4587 765 4643 sqq.
820 4570 889 4610 '3‘
920 4574 1091 4630 Exod.
1129 4592 1245 4645 XIV,
1278 4578 1342 4632 21
1383 4595 1510 4651 sqq.
1587 4580 1634 4615 ⁸⁸
1664 4570 1839 4637 Exod.
1875 4570 1993 4649 in,
2027 4582 2094 4636 14
2123 4599 2256 4654 sqq.
2333 4583 2378 4618 ³⁸
2406 4570 2525 4637 los.
2554 4599 2610 4649 x,
2642 4570 2715 4637 '12
2741 4596 2874 4654 sqq.
2949 4579 2993 4615 ⁸⁷
3021 4579 3143 4636 Jos.
3166 4570 3300 4645 ixm,
3336 4579 3361 4632 1
3395 4570 3565 4650 seqq.

603 4685 718 4758 (94)
745 4683 1004 4771 ᾕινύραν.
1035 4710 1063 4740 ‹‹
1096 4691 1416 4750 Citharam.
1447 4717 1467 4743 ι
1505 4695 1598 4751 Sic
1646 4712 1849 4754 omnes
1901 4696 2070 4752 codd.
2115 4697 2173 4751 In

2288 4693 2442 4750 Οὕτω
2499 4695 2672 4771 πρὸςΔ
2707 4693 2939 4768 Χριστὸν
3001 4689 3358 4771 μετατίθεται..
3409 4714 3439 4771 (ξ
3488 4691 3583 4771 Sic
3643 4692 3715 4748 ad
3765 4684 3894 4771 Chri-

531 4757 923 4832 611251949019-

603 4828 714 4918 (95)
747 4828 1093 4905 Κρούσματα.
1145 4833 1322 4906 Regg.
1357 4852 1410 4903 a,
1445 4836 1504 4906 d,
1536 4837 1706 4894 Coisl.
1744 4841 1794 4906 1,
1841 4839 1992 4907 Par.,
2043 4843 2178 4910 etc.,

532 4919 999 5060 ffiélgfiio'g‘pa}.
1037 4997 1064 5059 «ς
1086 4977 1366 5060 Pastori,-
1404 4978 1681 5036 nimirum
1706 5002 1734 5031 ‹‹
1759 4983 2036 5039 Anthimo
2065 4985 2179 5038 An-

534 5043 1115 5121 tiochenae_Ecclesis;-.
1145 5049 1438 5121 episcopo.
1470 5074 1490 5103 ι

604 5115 711 5197 (9ξ1)
745 5114 842 5169 Καί
879 5120 1044 5174 Deest
1091 5120 1149 5174 in
1178 5114 1378 5193 'Regg'.
1414 5139 1466 5193 a,
1499 5122 1620 5188 bm,
1653 5122 1753 5194 ph.
1785 5123 1968 5196 Ait|in
2002 5125 2097 5181 0r.
2128 5126 2178 5197 1,

532 5183 620 5238 καὶ
653 5183 710 5253 ἡ.

601 5257 712 5328 (98)
743 5256 1053 5333 Νεωκόρος.
1087 5284 1116 5311 ‹‹
1151 5261 1416 5318 Minister
1460 5263 1742 5335 templum
1796 5281 2066 5326 everrens
2115 5284 2180 5324 ac

534 5343 880 5402 repurgans.
906 5351 933 5402 ii

607 5399 1114 5492 (9?)"Qi>tpa'f'tatci¢
1154 5422 1232 5492 τε,
1273 5409 1381 5492 etc.
1416 5404 1749 5492 Regg.hbm,
1783 5408 1881 5492 ph,
1913 5409 2090 5467 Coisl.
2126 5413 2178 5478 2,

537 5470 719 5549 Οῐξηί,
758 5470 905 5549 Par.,
940 5471 970 5526 8
996 5493 1046 5526 τι
1077 5475 1361 5549 κράτιστόν
1392 5496 1450 5549 τε
1481 5470 1571 5530 κῖίῖ
1605 5470 2002 5549 δοκιμῶτατον.

711 5542 893 5633 ﬁt)th
1076 5542 1214 5633 RI'eg.
1249 5549 1307 5633 (ξ,
1347 5546 1510 5623 μέχρι
1544 5553 1637 5603 τοῦ
1677 5542 1790 5607 νῦν,

611 5619 683 5689 (2)
711 5617 898 5689 Ἑῴᾲς.
934 5619 1071 5689 Reg.
1109 5617 1226 5683 bm,
1265 5617 1359 5674 ἓωζ

608 5687 686 5828 (3)
721 5687 937 5743 Νοτίου.
973 5687 1147 5774 Régg.
1187 5692 1314 5774 bm,
1343 5691 1441 5763 ph,
1474 5691 1710 5750 νοσείου.

635 5757 664 5810 4
716 5755 890 5817 Οὕτω.
935 5761 1000 5818 In
1047 5778 1168 5820 ima
1216 5779 1394 5822 unius
1439 5763 1596 5824 Colb.
1651 5782 1710 5828 pa

635 5755 686 5828 4)
716 5755 890 5817 Οὕτω.
935 5761 1000 5818 In
1047 5755 1168 5820 i'n'ia
1216 5755 1394 5822 unius
1427 5755 1596 5824 Colb.
1649 5764 1866 5839 pagina
1917 5766 2182 5842 legitur:

2291 4772 2446 4823 stum
2479 4760 2866 4836 transfertur;
2899 4788 2929 4818 »
2962 4760 3064 4822 seu
3109 4766 3187 4821 sit
3229 4764 3390 4820 varia
3419 4763 3611 4830 lectio,
3649 4780 3747 4820 seu
3777 4760 3896 4834 glos-

2290 4856 2722 4996 Βῗξὲῖῖἰαξτῶν.
2772 4909 2867 4967 Sic
2915 4909 3093 4981 Regg.
3145 4907 3266 4978 bm,
3318 4906 3394 4979 ph
3428 4910 3486 4963 οι
3513 4906 3611 4963 Οιι,
3670 4906 3720 4962 ί,
3766 4899 3902 4959 Deest

2289 4985 2396 5036 τῶν
2430 4983 2489 5037 in
2521 4982 2612 5037 ed.

2327 5047 2776 5138 .(6)211:08wiq.
2809 5050 2948 5123 Reg.
2999 5067 3035 5106 θ.
3082 5053 3138 5107 et
3182 5049 3328 5121 Jes.,
3370 5043 3630 5120 σιτοδείᾳ,
3683 5068 3711 5099 ‹‹
3755 5055 3904 5120 penu-

2295 5143 2445 5268 ω(θῖ
2471 5195 2557 5268 Ἑν
2618 5191 2880 5253 ὶνυπνίοις
2912 5189 3199 5268 ,σοφίσαςκ
3231 5191 3477 5268 BilliusL:
3505 5212 3534 5240 «
3567 5205 3671 5268 per
3714 5189 3906 5265 insotn-

2292 5263 2463 5324 niajn
2494 5266 2617 5320 Non
2653 5270 2824 5321 recte.
2857 5263 2962 5337 Hic
3009 5263 3302 5337 siquidem
3353 5263 3550 5337 agitur
3580 5263 3652 5318 de
3681 5263 3906 5334 somniq-

2291 5357 2423 5395 rum
2464 5336 2730 5403 scientia,
2761 5353 2879 5408 qua
2906 5335 3122 5408 Joseph
3171 5335 3415 5391 edoctus
3459 5339 3570 5400 est,
3603 5337 3669 5389 ut
3713 5337 3908 5388 somnia

2292 5428 2400 5467 sua
2431 5407 2798 5480 intelligeret,
2829 5413 2887 5464 et
2918 5407 3170 5480 aliorum
3197 5408 3699 5480 interpretaretur.

2363 5484 2441 5552 (8)
2473 5479 2569 5533 Διά
2613 5471 2720 5532 τῶν
2772 5471 3045 5546 ἐναντίων,
3076 5484 3185 5534 etc.
3223 5471 3384 5552 {Pe}
3431 5476 3791 5552 contraria,_»
3817 5471 3904 5552 efo-

2290 5541 2382 5608 Sic
2413 5541 2628 5622 .losepn
2670 5569 2772 5624 per
2801 5541 3138 5608 servitutem
3173 5555 3228 5606 et
3258 5550 3642 5622 ignominiam
3692 5547 3759 5604 ad
3804 5541 3903 5614 glo-

2295 5625 2440 5680 riam
2471 5625 2753 5680 pervenit.

2386 5697 2444 5771 ει
2473 5692 2754 5771 Ἀπάχρη.
2786 5692 3206 5771 619889.19“?-

2386 5700 2439 5766 9)
2475 5700 2754 5771 Ἀπόχρη.
2786 5700 3001 5762 Gloss.,
3033 5700 3066 5746 ά
3102 5700 3206 5749 κεῖ.

2363 5700 2479 5843 (10)
2505 5771 2620 5825 Τῶν
2649 5771 2793 5826 τοῦ..
2824 5767 2918 5826 Sic
2947 5711 3116 5829 Coisi.
3151 5765 3202 5823 1.
3235 5763 3411 5824 Deest
3437 5764 3544 5820 τῶν
3575 5763 3636 5821 in
3664 5761 3752 5820 ed.
