4056 6274
133 322 296 384 1185

996 316 1293 379 ORATIO
1336 308 1758 378 ΧΧιν.-1Ν
1802 308 2129 375 LAUDEM
2174 314 2242 374 S.
2288 312 2693 375 CYPRIANI.

3395 315 3555 376 1186

132 454 273 510 ὥστε
303 453 349 509 εί
379 452 469 508 καὶ
505 446 673 526 μηδὲν
719 448 868 522 αὐτῷ
921 453 1027 504 τῶν
1079 448 1491 523 προειρημένων
1542 446 1786 520 ὑπῆρχεν

1906 446 2126 502 excitet.
2177 445 2491 501 Sufﬁciunt
2539 445 2775 516 quidem
2830 444 2953 501 haec
3001 456 3230 517 quoque
3278 440 3552 518 Cypriani

130 545 208 606 εἰς
270 542 511 610 ἔπαινον,
561 540 796 616 ἐξαρκεῖν
852 543 968 600 τοῖς
1012 536 1134 608 ὶξῆς
1182 541 1328 607 νικᾷν
1380 536 1637 596 ἃπαντας.
1671 534 1787 588 Ἰνα

127 634 233 709 γὰρ
263 633 331 686 τὰ
362 630 413 686 έν
446 629 594 703 μέσῳ
636 628 906 701 συντέμω,
960 627 1059 695 τὴν
1113 630 1221 680 τῶν
1270 625 1578 701 χρημάτων
1627 642 1785 697 περι-

132 721 419 800 φρόνησιν,
448 721 546 788 τὴν
577 722 676 773 τοῦ
704 717 876 794 τύφου
907 715 1225 784 κατάλυσιν,
1254 716 1354 783 τὴν
1392 716 1491 767 τοῦ
1534 712 1786 784 σώματος

130 807 506 885 παιδαγωγίαν
550 807 640 862 καὶ
687 805 1030 882 καθαρότητα
1090 807 1199 858 τῶν
1264 803 1542 878 προτέρων
1596 800 1783 876 ὁρμῶν

134 898 454 969 ἀντίπαλον,
511 896 575 951 τὸ
623 893 746 970 περὶ
795 896 896 963 τὴν
948 892 1144 962 ἰσθῆτα
1192 890 1491 970 φιλόσοφον
1546 891 1680 962 (11),
1722 888 1786 942 τὸ

133 988 260 1063 περὶ
289 988 386 1048 τὰς
420 983 673 1055 ἐντεύξεις
708 981 922 1057 ὑψηλόν
951 1002 1010 1036 τε
1039 982 1180 1054 ὁμοῦ
1227 980 1319 1035 καὶ
1369 976 1783 1055 φιλάνθρωπον,

133 1076 214 1138 ὡς
270 1072 382 1129 ἴσον
428 1076 544 1147 (12)
586 1073 810 1149 ἀπέχειν
861 1068 1129 1133 εὐτελείας
1175 1070 1266 1125 καὶ
1334 1065 1638 1129 αὐθαδείας’
1688 1067 1784 1128 τὰς

133 1162 454 1240 χαμευνίας,
502 1161 598 1223 τὰς
627 1158 947 1236 ἀγρυπνίας,
979 1158 1040 1221 ὅς
1069 1160 1205 1233 (13),
1254 1156 1433 1213 καίτοι
1463 1160 1568 1211 τῶν
1599 1153 1784 1210 τοιού·

132 1273 244 1307 των
306 1250 586 1324 ὀψιμαθὴς
646 1248 743 1319 ὥν,
800 1248 937 1303 κατὰ
986 1246 1131 1302 πολὺ
1202 1250 1308 1301 τῶν
1366 1242 1786 1322 προειληφότων

132 1340 385 1417 έκράτειο
441 1340 541 1409 τὴν
590 1337 715 1410 περὶ
767 1336 972 1412 λόγους
1019 1334 1362 1415 φιλοτιμίαν,
1424 1332 1475 1405 ἐξ
1532 1334 1606 1387 ὦν
1650 1334 1783 1401 ἦθος

133 1431 274 1485 ἅπαν
306 1425 604 1498 ἐπαίδευσε,
650 1425 741 1481 καὶ
791 1422 1083 1501 δογμάτων
1130 1420 1479 1479 ἀπαιδευσίαν
1531 1421 1782 1498 έκάθηρε,

131 1518 224 1574 καὶ
274 1515 483 1592 ἀνδρῶν
548 1515 698 1592 βίους
760 1513 1049 1587 ἐκόσμησε,
1108 1512 1198 1568 καὶ
1254 1515 1353 1581 τῆς
1407 1512 1645 1588 ἀρχικῆς
1691 1509 1783 1565 καὶ

142 1605 437 1683 βασιλικῆς
465 1602 694 1681 Τριάδος
734 1604 833 1673 τὴν
881 1602 1111 1673 θεότητα
1168 1601 1537 1675 τεμνομένην,
1583 1595 1695 1654 ἔστι
1724 1595 1783 1654 8t

135 1696 222 1772 ὑφ’
278 1695 351 1749 ὧν
400 1693 492 1749 καὶ
550 1690 1036 1771 συναλειφομένην,
1098 1690 1175 1753 εἰς
1230 1691 1293 1745 τὸ
1344 1688 1575 1765 ἀρχαῖον
1622 1687 1780 1743 ἐπαν-

131 1788 353 1860 ήγαγεν,
387 1783 440 1839 έν
472 1781 623 1860 ὅροις
658 1782 844 1856 μείνας
874 1775 1126 1843 εὐσεϐοῦς
1148 1780 1393 1841 ένώσεώς
1423 1799 1481 1834 τε
1509 1777 1597 1832 καὶ
1630 1797 1783 1831 συνα-

1819 1826 1866 1891 Β

1895 533 2104 589 decora
2135 533 2207 588 ad
2240 549 2449 589 omnes
2479 533 2919 605 perfectissime
2949 533 3310 589 laudationis
3344 551 3551 591 nume-

1895 638 1992 678 ros
2020 621 2357 695 explendos.
2391 622 2557 677 Nunc
2607 626 2802 677 autem
2836 627 2921 677 tot
2969 626 3248 694 tantaque
3294 622 3439 678 mihi
3471 622 3555 679 di-

1895 712 2082 767 cenda
2111 717 2432 783 supersunt
2456 716 2521 767 ut
2548 711 2723 766 etiam
2759 711 2807 766 si
2839 710 2985 766 nihil
3008 728 3369 783 eorum,quaa
3391 712 3555 784 prius

1893 806 2352 857 commemorata
2382 806 2543 866 sunt,
2576 799 2689 871 ipsi
2722 800 2793 855 ad
2828 800 3062 855 laudem
3097 801 3554 872 suppeteret,his

1892 894 2115 957 tamen,
2164 906 2295 961 quae
2343 893 2695 961 sequuntur,
2746 906 2950 945 omnes
2999 905 3277 961 superare
3331 898 3548 962 posset.

1893 977 2063 1048 Nam,
2084 983 2149 1033 ut
2178 977 2373 1034 media
2403 978 2683 1043 incidam,
2709 978 3093 1049 pecuniarum
3126 984 3550 1051 contemptum,

1892 1065 2081 1122 fastus
2108 1066 2903 1138 compressionem,corporis
2935 1067 3322 1122 frenationem
3354 1072 3412 1123 et
3443 1085 3548 1140 pu-

1893 1156 2126 1211 ritatem
2157 1172 2292 1211 cum
2323 1155 2617 1227 prioribus
2649 1153 3070 1227 cupiditatibus
3101 1156 3553 1228 pugnantem,in

1892 1244 2116 1299 vestitu
2150 1243 2606 1316 philosophiam,
2641 1244 2699 1298 in
2750 1244 3164 1315 congressibus
3212 1244 3556 1317 gravitatem

1892 1348 2028 1389 cum
2058 1332 2427 1389 humanitate
2456 1333 2855 1404 conjunctam,
2882 1332 3007 1405 pari
3040 1331 3344 1389 intervallo
3366 1350 3401 1389 a
3431 1332 3555 1389 vili-

1891 1425 2011 1477 tate
2042 1425 2217 1492 atque
2246 1420 2582 1493 arrogantia
2622 1425 2927 1488 remotam,
2962 1420 3345 1477 chameuniae
3390 1426 3448 1477 et
3476 1421 3556 1478 vi-

1890 1509 2306 1582 gilias,quibus
2337 1509 2676 1580 homo,1icet
2695 1510 2795 1580 huj
2807 1509 3037 1565 usmodi
3060 1527 3255 1565 rerum
3287 1509 3554 1568 studium

1890 1615 2020 1655 sero
2051 1598 2378 1671 ingressus,
2408 1616 2508 1655 eos
2532 1603 2747 1669 tamen,
2775 1598 2877 1671 qui
2909 1598 3131 1671 priores
3160 1598 3270 1655 hoc
3300 1598 3427 1655 vita
3458 1616 3556 1673 ge~

1892 1687 2005 1744 nus
2035 1687 2288 1759 amplexi
2318 1689 2573 1755 fuerant,
2594 1687 2848 1743 multum
2879 1686 3163 1758 facileque
3193 1689 3347 1744 446
3374 1706 3552 1762 supe—

1893 1778 2061 1833 rabat
2078 1794 2092 1845 ;
2112 1782 2172 1832 ut
2184 1776 2361 1833 etiam
2377 1776 2653 1831 doctrinas
2668 1776 2894 1847 capiam
2910 1781 2968 1832 et
2984 1778 3307 1833 ubertatem
3322 1776 3525 1835 sileam
3540 1822 3556 1849 ,

139 1875 473 1951 ριθμήσεως’
504 1872 594 1926 ἳνα
622 1876 788 1926 ταῦτα
826 1868 1034 1925 ωνέλω
1091 1866 1181 1923 διὰ
1225 1870 1324 1936 τήν
1384 1866 1665 1944 ἀμετρίαν,
1716 1869 1786 1940 τῇ

1906 1882 2016 1938 qua
2070 1871 2128 1920 et
2184 1864 2451 1920 omnium
2511 1881 2702 1921 mores
2760 1865 3055 1933 instruxit,
3099 1871 3157 1920 et
3211 1866 3555 1938 dogmatum

136 1967 235 2017 τοῦ
271 1961 393 2038 βίου
426 1961 717 2016 καταλύσει
749 1957 1139 2034 συγκαταλύσω
1166 1958 1259 2012 τὸν
1290 1956 1474 2033 λόγον.

1899 1954 2191 2009 inscitiam
2251 1952 2515 2020 sustulit,
2547 1958 2604 2009 et
2657 1953 2948 2008 clarorum
3005 1953 3311 2009 hominum
3371 1955 3554 2012 vitam

140 2052 459 2118 exornavit,
490 2056 547 2106 et
598 2050 881 2122 principis
929 2066 996 2105 ac
1044 2048 1211 2121 regias
1261 2045 1560 2103 Trinitatis
1616 2042 2003 2111 divinitatem,
2037 2059 2213 2113 quam
2272 2041 2539 2097 nonnulli
2597 2040 2960 2109 scindebant,
2994 2041 3261 2097 nonnulli
3319 2060 3556 2101 rursum

143 2141 587 2207 contrahebant,
620 2139 693 2194 ad
722 2143 973 2194 veterem
1026 2141 1245 2192 statum
1278 2134 1525 2205 reduxit,
1558 2134 1664 2206 pia
1694 2132 1965 2188 videlicet
2011 2130 2247 2187 unionis
2277 2135 2334 2186 et
2362 2130 2901 2187 connumerationis
2946 2129 3164 2185 finibus
3210 2148 3339 2187 sese
3368 2133 3555 2187 conti-

144 2245 290 2284 nens
324 2244 337 2285 :
373 2233 438 2282 ut
466 2227 611 2295 haec,
641 2226 905 2299 inquam,
940 2224 1158 2296 omnia,
1192 2241 1264 2279 ne
1295 2225 1533 2280 modum
1568 2223 1752 2279 oratio
1781 2220 2040 2287 excedat,
2068 2219 2430 2290 contraham,
2465 2236 2581 2273 una
2612 2234 2745 2274 cum
2776 2217 2901 2273 vitae
2934 2217 3121 2290 ipsius
3153 2218 3287 2287 line,
3317 2218 3554 2276 dicendi

145 2318 320 2371 ﬁnem
355 2316 584 2371 faciam.

213 2405 311 2461 IA'.
346 2401 626 2475 Ἐμαίνετο
686 2402 804 2457 καθ’
861 2403 1022 2474 ἡμῶν
1070 2398 1253 2462 Δέκιος
1312 2402 1447 2473 (14),
1494 2398 1583 2454 καὶ
1614 2398 1785 2461 πάσας

142 2490 288 2554 ἰδέας
346 2490 622 2547 κολάσεων
669 2488 895 2561 ἒπενόει,
956 2488 1045 2544 καὶ
1100 2490 1169 2544 τὰ
1211 2490 1304 2561 μὶν
1332 2485 1440 2558 ἤδη
1475 2494 1653 2563 παρῆν
1679 2491 1789 2541 τῶν

142 2579 355 2653 δεινῶν,
402 2580 471 2635 τὰ
518 2577 575 2634 δὲ
622 2576 852 2653 ἔμελλεν
879 2596 893 2610 ·
938 2576 1053 2633 ἷ¹σον
1104 2576 1163 2634 δὲ
1204 2578 1483 2654 ἀγώνισμα
1528 2580 1787 2649 ποιεῖται,

142 2670 233 2725 καὶ
289 2668 642 2745 Χριστιανοὺς
690 2668 856 2736 ἑλεῖν,
903 2668 992 2723 καὶ
1048 2666 1176 2729 τοὺς
1225 2668 1329 2742 ηρὸ
1359 2667 1522 2721 αὐτοῦ
1554 2662 1787 2726 διώκτας

146 2753 494 2834 ὑπερϐαλεῖν,
558 2756 768 2831 μᾶλλον
824 2755 902 2826 δὲ,
959 2756 995 2825 ἢ
1053 2753 1411 2832 Χριστιανοὺς
1466 2754 1691 2824 πάντας,
1750 2750 1785 2822 ἤ

148 2847 453 2922 Κυπριανόν
489 2846 652 2919 μόνον
704 2843 845 2901 ἑλεῖν
891 2865 952 2899 τε
996 2844 1083 2899 καὶ
1128 2844 1591 2919 παραστήσασθαι.
1641 2844 1790 2913 ’Ὀσῳ

146 2936 247 3010 γὰρ
307 2930 549 3006 εὐσεϐείᾳ
602 2954 661 2989 τε
710 2934 799 2988 καὶ
858 2930 983 3005 δόξῃ
1040 2930 1307 3010 διαφέρειν
1360 2932 1450 2986 τὸν
1484 2929 1650 3006 ἄνδρα
1680 2928 1790 3006 ἐγί-

148 3045 342 3096 νωσκε,
398 3024 644 3096 τοσούτῳ
700 3025 812 3097 (15)
864 3022 954 3077 καὶ
1002 3023 1101 3090 τήν
1149 3022 1304 3092 νίκην
1352 3023 1520 3093 ἑαυὶῷ
1560 3040 1793 3097 περιφα-

148 3114 393 3188 νεστέραν
458 3114 601 3190 ἑώρα
654 3112 744 3167 καὶ
803 3110 1207 3188 λαμπροτέραν,
1269 3112 1313 3167 εἰ
1369 3111 1563 3166 τούτου
1590 3112 1792 3186 κρατή-

152 3221 310 3257 σειεν.
357 3201 611 3256 Ἐκείνως
671 3202 782 3273 (16)
847 3201 941 3273 μὶν
987 3202 1091 3275 γὰρ
1123 3203 1453 3275 Χριστιανῶν
1486 3197 1650 3270 μόνον
1681 3200 1790 3271 (17)

146 3288 410 3364 ὑπάρχειν
465 3294 699 3364 κρατεῖν,
761 3287 905 3342 οὕτω
963 3285 1020 3342 δὲ
1076 3288 1165 3342 καὶ
1218 3286 1540 3364 φιλοσοφίας
1600 3285 1789 3361 αὐτῆς,

145 3377 236 3432 καὶ
293 3375 495 3452 λόγων.
556 3376 654 3431 Καὶ
714 3376 811 3444 τὴν
868 3374 1120 3451 γλῶσσαν
1179 3373 1448 3451 περιελεῖν
1498 3374 1790 3451 πρότορον,

148 3467 264 3521 εἶτα
315 3465 559 3542 ἀφώνους
609 3466 903 3541 ἀπαγαγεῖν
951 3466 1062 3539 (18)
1110 3465 1200 3519 καὶ
1248 3462 1487 3539 ἀλόγους
1532 3462 1658 3525 τοὺς
1704 3462 1792 3518 ὑπ’

149 3553 359 3625 έκείνης
396 3553 792 3631 ἐρειδομένους,
850 3554 1073 3629 ἀρίστης
1133 3555 1265 3609 εἶναι
1315 3553 1639 3630 στρατηγίας
1672 3550 1793 3607 ένό-

156 3647 326 3714 μιζεν·
361 3642 461 3697 οὐκ
492 3642 673 3718 ὀρθὼσ
713 3644 832 3715 μὶν,
882 3640 1009 3697 οὐδὲ
1057 3638 1286 3705 εὐσεϐῶς
1330 3648 1497 3698 ταῦτα
1546 3639 1793 3697 διανοού-

157 3750 337 3801 μενος,
396 3729 458 3785 οὐ
510 3733 617 3804 μὴν
666 3732 997 3786 παντάπασιν
1044 3730 1372 3805 ἀλογίστως,
1422 3731 1558 3805 πρός
1606 3751 1667 3805 γε
1692 3732 1792 3799 τήν

153 3819 348 3873 ἑαυτοῦ
383 3819 645 3893 βούλησιν
678 3820 769 3874 καὶ
800 3818 1159 3894 έπιχείρησιν·
1196 3817 1361 3888 ἔδειξε
1392 3816 1449 3873 δὲ
1493 3819 1557 3873 τὸ
1615 3816 1794 3894 ἔργον.

151 3904 376 3973 Ἐπειδὴ
432 3907 536 3980 γὰρ
596 3907 799 3960 ἅπασαν
859 3902 1178 3982 προσϐολήν
1226 3927 1285 3961 τε
1340 3907 1431 3961 καὶ
1479 3910 1669 3980 πεῖραν
1713 3905 1799 3959 ἀν-

154 3993 354 4070 δρικῶς
412 4014 471 4048 τε
525 3993 614 4049 καὶ
671 3994 929 4069 γενναίως
987 3994 1427 4068 ἀποσεισάμενος,
1487 3994 1668 4070 ὥσπερ
1713 4014 1797 4056 τις

155 4083 324 4159 πέτρα
396 4082 663 4158 παράλιος
738 4085 852 4159 (19)
923 4085 1177 4156 κυμάτων
1246 4081 1567 4160 έπιδρομᾶς,
1640 4081 1798 4145 τέλος

156 4169 365 4247 έξορίαν
419 4171 507 4226 ὑπ’
555 4171 718 4226 αὐτοῦ
766 4172 1180 4247 κατακρίνεται·
1232 4171 1295 4226 οὐ
1340 4173 1403 4227 τὸ
1448 4173 1564 4227 καθ’
1612 4171 1798 4227 ἑαυτὸν

1966 2396 2107 2453 XIV.
2142 2397 2393 2452 Furebat
2446 2395 2725 2451 adversus
2785 2411 2891 2450 nos
2950 2392 3181 2460 Decius,
3234 2394 3553 2466 omniaque

1896 2492 2321 2542 tormentorum
2371 2501 2586 2556 genera
2644 2484 3047 2556 conquirebat,
3081 2500 3146 2539 ao
3205 2483 3555 2555 gravissima

1896 2593 2139 2647 qumque
2170 2573 2459 2647 supplicia
2488 2573 2702 2645 partim
2725 2574 2852 2644 jam
2885 2573 3191 2643 inferebat,
3233 2572 3445 2645 partim
3475 2573 3558 2629 in-

1896 2667 2197 2730 tentabat;
2232 2662 2354 2735 pari
2386 2663 2563 2717 etiam
2608 2663 2977 2718 contentione
3004 2660 3064 2716 in
3108 2667 3421 2734 utrumque
3450 2661 3554 2718 ho-

1898 2769 2030 2807 rum
2063 2753 2461 2819 incumbebat,
2496 2758 2559 2805 ut
2595 2757 2654 2806 et
2684 2750 3045 2806 Christianos
3094 2751 3470 2824 opprimeret,
3500 2754 3558 2807 et

1901 2842 2123 2913 priores
2154 2857 2357 2897 omnes
2408 2844 2809 2912 persecutores
2838 2839 3181 2896 crudelitate
3229 2844 3554 2912 superaret,

1898 2929 2018 2986 imo
2034 2930 2322 3002 potius,ut
2339 2929 2425 2985 vel
2452 2928 2814 2984 Christianos
2839 2945 3065 2999 omnes,
3081 2928 3164 2984 vel
3201 2928 3554 3001 Cyprianum

1904 3036 2086 3074 unum
2110 3019 2381 3086 vinceret,
2414 3024 2590 3090 atque
2612 3018 2668 3071 in
2692 3022 3038 3089 potestatem
3062 3017 3368 3089 redigeret.
3402 3017 3548 3074 Nam

1900 3114 2120 3180 quanto
2150 3108 2316 3162 illum
2347 3107 2556 3179 pietate
2585 3111 2642 3162 et
2670 3105 2857 3178 gloria
2887 3106 3130 3176 reliquis
3155 3110 3429 3176 praestare
3461 3106 3549 3160 in-

1901 3197 2221 3270 telligebat,
2249 3201 2410 3251 tanto
2439 3213 2671 3267 quoque
2720 3194 3023 3250 clariorem
3067 3198 3126 3249 et
3174 3194 3554 3250 illustriorem

1902 3286 2015 3341 sibi
2045 3284 2346 3341 victoriam
2379 3286 2498 3339 fore
2530 3283 2933 3357 perspiciebat,
2972 3284 3021 3338 si
3051 3299 3186 3339 eum
3222 3284 3551 3339 devicisset.

1903 3373 2003 3430 Illo
2057 3374 2214 3429 enim
2270 3374 2443 3429 modo
2500 3374 2742 3444 putabat
2798 3388 2861 3428 se
2916 3372 3192 3444 perlicere
3248 3389 3441 3444 posse,
3493 3377 3562 3428 ut

1900 3462 2265 3519 Christianos
2292 3463 2584 3529 vinceret;
2618 3463 2725 3517 hac
2756 3466 2949 3518 autem
2997 3460 3240 3531 ratione,
3271 3466 3333 3516 ut
3363 3460 3555 3533 philo-

1902 3550 2172 3624 sophiam
2198 3567 2434 3624 quoque
2465 3551 2654 3622 ipsam
2686 3554 2742 3606 et
2770 3551 3097 3606 doctrinam
3129 3550 3553 3623 exstingueret-

1908 3641 2086 3697 Porro
2110 3640 2373 3713 linguam
2405 3641 2569 3713 prius
2600 3646 2922 3711 amputare,
2948 3646 3125 3710 atque
3153 3640 3236 3695 ita
3266 3646 3464 3695 mutos
3502 3643 3559 3695 et

1903 3730 2167 3801 elingues
2220 3747 2342 3796 eos,
2388 3730 2490 3799 qui
2539 3730 2611 3783 ab
2662 3744 2732 3783 ea
2782 3728 3194 3793 fulciebantur,
3246 3728 3556 3796 abducere,

1905 3817 2406 3890 praestantissimae
2425 3817 2731 3885 cujusdam
2753 3815 3022 3871 militaris
3040 3816 3266 3871 astutiae
3284 3832 3412 3871 esse
3428 3833 3559 3873 cen-

1906 3907 2104 3973 sebat;
2136 3923 2252 3960 non
2283 3911 2437 3959 recte
2468 3904 2705 3976 quidem
2732 3904 2827 3959 ille
2857 3921 2962 3959 nec
2994 3904 3085 3975 pie
3116 3904 3236 3959 hac
3268 3903 3553 3976 cogitans,

1908 4011 2022 4051 non
2053 3999 2247 4049 tamen
2277 3993 2516 4049 omnino
2548 3997 2764 4048 temere
2793 3996 2849 4048 et
2888 3992 3234 4061 inconsulte,
3269 3996 3554 4064 quantum

1907 4083 2142 4154 quidem
2174 4084 2246 4137 ad
2276 4082 2466 4152 ipsius
2493 4081 2803 4136 consilium
2834 4085 2892 4136 et
2922 4087 3195 4137 conatum
3247 4082 3559 4151 attinebat,

1910 4171 2409 4244 quemadmodum
2458 4186 2550 4225 res
2580 4170 2709 4241 ipsa
2746 4170 3075 4226 declaravit.
3108 4169 3255 4226 Nam
3305 4186 3464 4237 cum,
3498 4175 3563 4227 ut

158 4259 391 4335 ἔστερξεν
444 4262 471 4315 ὁ
524 4258 804 4337 γεννάδας,
856 4258 980 4316 οὐδὶ
1035 4260 1219 4337 ἠγάπα
1274 4260 1606 4334 σωζόμενος’
1676 4259 1790 4315 οὐδὶ

1910 4259 2189 4331 scopulus
2218 4258 2459 4329 quidam
2504 4259 2871 4313 incursantes
2918 4257 3155 4328 ﬂuctus,
3187 4260 3271 4314 sic
3311 4258 3409 4314 ille
3450 4259 3562 4315 im-

156 4350 449 4428 ἀσφάλειαν
496 4351 576 4421 τῷ
624 4351 835 4423 σώματι
885 4348 1097 4422 μᾶλλον
1145 4350 1244 4417 τὴν
1284 4349 1503 4423 ἀτιμίαν
1537 4344 1802 4423 ἐνόμιζεν,

1915 4354 2083 4420 potus
2113 4365 2317 4403 omnes
2342 4351 2401 4402 et
2428 4346 2691 4402 assultus
2734 4363 2946 4417 magno
2978 4351 3333 4418 strenueque
3362 4348 3562 4404 animo

158 4439 192 4507 ἣ
250 4442 435 4513 ψυχῆς
502 4436 746 4492 κίνδυνον
805 4439 903 4507 τὴν
970 4437 1226 4513 ἡσυχίαν,
1279 4435 1368 4492 καί
1424 4440 1487 4493 τὸ
1542 4444 1790 4515 περιορᾷι

1913 4436 2335 4509 propulsasset,
2369 4452 2437 4491 ac
2488 4435 2723 4491 tandem
2756 4434 2829 4489 ab
2876 4450 2942 4490 eo
2986 4434 3043 4488 in
3096 4434 3367 4490 exsilium
3398 4440 3565 4491 actus

155 4527 286 4590 τοὺς
334 4524 539 4588 ἄλλους
585 4532 661 4598 τῷ
706 4531 879 4600 καιρῷ
1061 4524 1489 4599 κινδυνεύοντας,
1522 4526 1621 4581 οὐκ
1649 4522 1790 4589 ὄντος

1913 4525 2556 4597 esset,haudquaquam
2594 4524 2650 4578 in
2683 4523 2908 4594 privata
2936 4522 3125 4579 salute
3154 4540 3265 4579 sua
3294 4523 3380 4578 vir
3400 4539 3568 4594 egre-

157 4620 256 4671 τοῖι
288 4610 791 4690 παιδοτριϐοὖντος,
841 4615 930 4669 καὶ
980 4616 1119 4688 πρὸς
1169 4615 1260 4670 τὸν
1303 4614 1488 4690 ἀγῶνα
1518 4614 1790 4692 θαρῥύνονι

1917 4615 2050 4687 gius
2079 4613 2508 4685 acquiesoebat,
2543 4616 2645 4667 aut
2663 4611 2934 4683 praeclare
2961 4628 3159 4668 secum
3183 4611 3278 4684 agi
3299 4612 3565 4683 putabat,

155 4724 272 4765 τος.
319 4703 395 4761 Οὐ
443 4704 547 4781 γὰρ
600 4706 791 4779 μικρὸν
838 4701 1091 4759 δύνασθαι
1128 4704 1218 4758 καὶ
1252 4701 1419 4779 λόγον
1449 4704 1525 4767 εἷς
1556 4702 1790 4782 ἀνδρείαι

1916 4703 2073 4775 quod
2105 4702 2223 4757 vita
2250 4700 2364 4773 ipsi
2390 4706 2588 4772 erepta
2618 4718 2732 4756 non
2780 4700 3007 4771 fuisset,
3041 4716 3146 4757 nec
3194 4699 3569 4759 securitatem

156 4795 476 4868 προσθήκην
533 4798 649 4854 τοῖς
709 4790 1104 4865 ἀποδυομένοις
1157 4793 1293 4868 πρὸς
1356 4793 1422 4848 τὸ
1476 4800 1577 4864 τῆς
1608 4792 1790 4871 ἀρετῆς

1916 4791 2178 4864 corporis
2210 4789 2403 4863 potius
2424 4789 2575 4845 banc
2594 4789 3000 4862 ignominiam,
3030 4806 3209 4860 quam
3232 4789 3438 4845 animai
3464 4806 3572 4863 pe-

164 4877 399 4935 στάδιοψ

378 5059 912 5139 φιλέαοφοῃῃϐρὶεἰ.
947 5064 1000 5139 1,
1029 5060 1351 5139 φιλότιμον.

262 5130 347 5203 12)
378 5133 465 5193 Ὠς
490 5130 631 5188 Ἰσον.
668 5135 761 5189 Sic:
795 5136 914 5189 Duo
945 5130 1118 5191 Coisl.
1156 5130 1362 5201 ln‘ed.,
1394 5132 1470 5195 ὡς
1494 5130 1652 5189 ἵσων.

235 5063 251 5200 ί

238 5205 351 5275 (13)
371 5206 487 5279 Ὣς..
515 5205 781 5279 Fortasse
803 5206 1110 5279 legendum
1132 5207 1228 5276 sit,
1251 5206 1355 5272 αἷς,
1381 5223 1589 5279 nempe
1610 5224 1818 5279 χαμευ-

165 5273 785 5349 νίαιςῄκαῖ-ἀγρυπνίαις.
818 5273 976 5332 Et)".

1919 4879 2171 4937 riculum
2219 4878 2727 4950 interpretabatur,
2760 4877 2813 4935 si
2858 4879 2976 4934 otio
3006 4882 3065 4934 et
3110 4877 3343 4935 silentio
3372 4876 3572 4934 indul-

1921 5078 2045 5118 cem
2105 5060 2289 5131 Colb.,
2356 5059 2530 5116 Coisl.
2600 5060 2654 5128 1,
2716 5060 2868 5129 Par.,
2938 5066 3046 5116 etc.
3117 5059 3183 5118 In
3248 5059 3367 5127 ed.,
3429 5056 3572 5113 έκεῖ-

1922 5152 2107 5274 νεν(17)
2140 5199 2343 5274 Μόνον.
2378 5201 2558 5274 Regg.
2591 5218 2645 5271 8.,
2678 5218 2708 5258 ο
2737 5205 2795 5257 et
2822 5202 2918 5257 Or.
2953 5202 3004 5267 1,
3028 5199 3228 5272 μόνων.

2021 5276 2107 5341 18)
2140 5272 2635 5347 Ἀπαγαγεῐνζέἱο
2691 5275 2810 5328 fere
2865 5290 3069 5329 omnes
3126 5273 3293 5330 codd.
3343 5274 3405 5329 In
3453 5272 3571 5343 ed.,

239 5347 353 5417 (14)
385 5343 591 5407 Δέκιος.
625 5348 747 5403 Non
781 5349 892 5403 sub
942 5349 1131 5414 Decio,
1165 5349 1266 5405 sed
1298 5349 1409 5404 sub
1457 5347 1790 5404 Diocletiani

1926 5343 2286 5418 ἅπαναγαγεῖν

169 5420 229 5493 et
260 5418 612 5493 Maximiano
642 5436 853 5493 passus
877 5424 967 5476 est
984 5419 1327 5493 Cyprianus,
1351 5436 1505 5476 anno
1525 5420 1650 5475 304.
1673 5419 1819 5476 Vide

164 5489 452 5555 lenitum,
488 5507 544 5544 n.
580 5492 629 5545 4.

266 5562 330 5616 15
379 5558 664 5632 Τοσούτῳ.
700 5565 837 5634 Reg.
872 5561 970 5634 ph.
1011 5566 1069 5619 et
1094 5561 1269 5619 Coisl.
1303 5563 1354 5632 1,
1382 5564 1635 5617 τοσοῦτο.

238 5561 353 5711 (16)
392 5630 666 5697 Έκείνως.
712 5633 809 5690 Sic
853 5636 1033 5709 Regg.
1082 5650 1137 5707 a,
1186 5650 1237 5707 ο,
1289 5635 1348 5691 d.
1396 5634 1517 5705 bm,
1563 5633 1635 5711 ph

265 5630 353 5711 16)
392 5630 666 5697 Έκείνωζ.
712 5630 810 5690 Sic
853 5630 1033 5709 Regg.
1082 5650 1137 5707 a,
1186 5650 1237 5707 ο,
1289 5630 1348 5691 d.
1396 5634 1517 5705 bm,
1563 5633 1665 5711 ph,
1716 5634 1817 5693 de-

2024 5411 2121 5489 19)
2146 5411 2615 5489 1]”αράλιος.-Ηθε.
2642 5429 2693 5470 c.
2727 5414 2909 5480 addit,
2940 5411 3178 5489 πολλάς.

2024 5420 2091 5473 19
2146 5420 2439 5489 Παράλιος.
2475 5420 2615 5487 Reg.
2642 5429 2693 5470 c.
2727 5420 2909 5480 addit,
2940 5420 3178 5476 πολλάς.

1998 5420 2113 5560 (20)
2142 5490 2343 5560 Καιρῷ.
2381 5508 2409 5560 _«
2440 5487 2727 5560 Tempore
2759 5486 3200 5560 persecutionis,
3225 5508 3255 5536 ››
3287 5501 3421 5543 cum
3453 5483 3571 5544 soi-

1925 5557 2063 5619 licet
2090 5557 2148 5616 in
2179 5557 2542 5618 Christianos
2573 5557 2799 5618 saeviret
2828 5557 3166 5637 imperator.
