4056 6274
567 313 720 376 “37
1804 304 1868 364 S.
1917 301 2291 364 GREGORII
2336 299 2728 370 THEOLOGI
3796 317 3916 379 “33

563 453 743 520 geret,
775 463 1094 518 eorumque
1125 441 1375 500 salutem
1413 441 1750 513 ncgligeret,
1786 439 1884 510 qui
1916 437 2262 509 gravissimo
2294 442 2553 509 tempore
2585 439 3087 509 periclitabantur,
3121 447 3184 497 ut
3216 443 3314 514 qui
3348 445 3641 500 neminem
3673 447 3910 506 haberent:

563 537 665 609 qui
695 537 855 608 ipsos
886 536 956 591 ad
989 538 1282 590 certamen
1314 532 1592 594 erudiret,
1627 528 1960 599 animisque
2005 527 2361 582 obﬁrmaret.
2395 526 2508 582 Nec
2559 528 2736 597 enim,
2772 530 2840 584 ad
2877 532 3211 602 augendum
3242 533 3422 588 animi
3474 536 3670 605 robur,
3701 536 3803 594 leve
3828 558 3916 597 mo.

564 631 828 682 mentum
860 625 932 681 iis
966 624 1132 681 affert
1163 623 1367 689 oratio,
1401 621 1500 692 qui
1535 620 1605 675 ad
1633 617 1866 674 virtutis
1899 615 2156 671 stadium
2188 616 2594 687 accinguntur.

633 715 749 770 XV.
800 714 1050 769 Proinde
1103 711 1372 784 quamvis
1419 723 1659 780 corpore
1709 707 1959 770 abesset,
2002 704 2210 775 spiritu

2401 705 2498 758 IE'.
2531 704 2627 758 Διά
2655 709 2814 760 τοῦτο
2845 710 2923 777 τῷ
2965 708 3178 779 σώματι
3234 709 3326 781 μὶν
3374 709 3539 780 ἀπῆν,
3590 713 3667 783 τῷ
3710 714 3916 787 πνεύματι

563 809 760 860 tamen
793 803 1013 868 aderat,
1045 802 1104 856 in
1158 800 1481 870 eodemque
1511 813 1645 852 cum
1703 795 1812 861 his,
1845 793 1941 865 qui
1993 809 2165 865 pugn:

2328 788 2384 845 δὲ
2432 795 2630 867 παρῆν,
2683 792 2771 847 καὶ
2828 801 2942 857 τοῖς
3002 795 3223 851 ἀθλοῦσι
3286 801 3711 875 συνηγωνίζετο·
3755 804 3827 856 καὶ

560 894 722 960 bant,
755 891 1072 948 certamine
1101 890 1444 947 versabatur
1475 905 1486 942 :
1523 889 1579 942 et
1611 885 1828 954 quibus
1859 883 2061 954 lingua
2092 898 2162 952 op

2326 878 2550 954 γλώσσῃ
2586 881 2680 953 μὲν
2715 883 2934 956 βοηθεῖν
2969 884 3066 939 οὐκ
3113 887 3284 961 εἶχεν,
3341 889 3531 963 βοηθεῖ
3579 887 3635 944 δὲ
3672 890 3741 962 τῷ
3780 896 3917 968 γράπι-

557 981 732 1038 tulari
765 998 881 1037 non
913 985 1162 1052 poterat,
1196 978 1404 1034 iisdem
1429 978 1575 1032 447
1607 992 1706 1046 per
1728 973 1951 1027 litteras
1977 987 2156 1026 succu

2330 990 2478 1041 ματι.
2531 975 2650 1032 Πῶς
2697 974 2847 1046 (2|);
2908 973 3205 1044 ’Δλείπτης
3259 977 3547 1053 ὑπερόριος
3597 977 3796 1054 γίνεται,
3824 984 3916 1042 τοὺς

557 1073 742 1128 rebat.
776 1073 898 1137 Quo
920 1073 1089 1142 pacto
1113 1069 1140 1123 ‘I
1164 1067 1413 1139 Aliptem
1445 1065 1624 1132 enim,
1654 1061 1888 1118 tametsi
1919 1061 1978 1114 in
2013 1058 2152 1115 exsil

2325 1059 2753 1146 προτρεπτικοὺς
2837 1065 3205 1139 συγγράφων,
3289 1066 3380 1120 καὶ
3459 1065 3796 1146 λογογραφῶν
3845 1073 3915 1138 τὴν

560 1159 809 1234 positus,
843 1174 970 1214 sese
1003 1161 1256 1230 praestat,
1291 1151 1710 1210 cohortatorias
1759 1148 2048 1206 orationes
2079 1165 2162 1202 οοι

2327 1143 2615 1220 εὐσέϐειαν,
2671 1148 2760 1202 καὶ
2819 1150 3044 1214 πλείους
3103 1152 3302 1215 ἐκεῖνος
3352 1157 3466 1228 (22)
3523 1143 3720 1231 σχεδὸν.
3761 1157 3919 1230 ἑξέπι-

559 1249 844 1314 seribens,
875 1247 1274 1320 pietatemque
1305 1243 1632 1299 litterarum
1667 1238 2064 1295 monumentis
2085 1254 2161 1308 ριν

2328 1235 2538 1291 στολῶν
2571 1243 2806 1293 ποιεῖται
2985 1243 3258 1318 μάρτυρας
3321 1243 3508 1316 μόνος,
3568 1245 3601 1314 ἥ
3652 1248 3821 1308 πάντες
3861 1245 3915 1301 δι’

563 1338 710 1394 dens
734 1355 747 1405 ;
771 1353 837 1391 ac
859 1336 1056 1408 plures
1085 1333 1506 1406 propemodum
1539 1330 1701 1386 solus
1724 1329 1850 1400 ipse
1882 1344 1982 1398 per
2001 1327 2165 1397 epistl

2328 1327 2528 1380 ἑαυτῶν
2606 1329 2658 1381 οἱ
2731 1329 2991 1404 παρόντες
3059 1337 3176 1394 τοῖς
3253 1333 3373 1388 τότε
3444 1335 3721 1407 κάμνουσι.
3779 1336 3915 1390 “silit:

560 1426 650 1482 las
680 1427 750 1482 ad
783 1425 1156 1481 subeundum
1193 1420 1540 1493 martyrium
1572 1418 2004 1488 indueit,quam
2026 1419 2162 1470 caete

2324 1415 2446 1490 γὰρ,
2503 1416 2576 1487 μή
2638 1415 2889 1491 πατρίδα,
2954 1420 3028 1491 μὴ
3089 1419 3265 1494 γένος,
3347 1423 3421 1494 μή
3498 1423 3812 1498 περιουσίαν,
3863 1425 3917 1496 μή

560 1532 664 1588 per
693 1532 756 1570 se
783 1529 1007 1579 omnes,
1042 1513 1144 1584 qui
1178 1517 1304 1567 tum
1338 1508 1756 1564 dimicantibus
1789 1510 1997 1577 praesto
2029 1521 2162 1559 eran

2328 1500 2655 1572 δυναστείαν,
2716 1508 2792 1578 μὴ
2853 1503 2993 1561 ἀλλο
3048 1530 3100 1563 τι
3147 1514 3254 1564 τῶν
3305 1510 3483 1587 χαμαὶ
3535 1514 3802 1586 κειμένων,
3849 1507 3920 1585 ἔμ-

557 1604 847 1660 Admonet
897 1601 1076 1668 enim,
1127 1617 1200 1656 ne
1244 1598 1522 1671 patriam,
1555 1614 1626 1651 ne
1675 1612 1881 1667 genus,
1919 1610 1988 1648 ne
2037 1593 2159 1646 ἴδοι]

2326 1593 2552 1668 προσθεν
2607 1591 2747 1668 ἄγειν
2807 1602 2905 1664 τῆς
2956 1595 3213 1666 ἀληθείας
3273 1601 3408 1672 (24),
3455 1601 3545 1654 καὶ
3604 1605 3707 1655 τῶν
3768 1600 3920 1654 ἐκεῖθεν

555 1698 708 1749 tates
755 1697 813 1747 et
861 1691 1082 1762 copias,
1113 1707 1186 1744 ne
1234 1705 1372 1759 opes
1427 1693 1483 1741 et
1532 1685 1876 1758 potentiam,
1909 1685 2011 1737 aut
2057 1680 2157 1736 alii

2326 1682 2697 1754 ἀποκειμένων
2779 1682 2958 1748 ἄθλων
3035 1693 3134 1755 τῆς
3215 1688 3432 1762 ἀρετῆς,
3499 1694 3616 1752 τοῖς
3687 1690 3803 1764 ὑπὲρ
3849 1693 3916 1743 τοῦ

557 1781 860 1854 quidpiam
894 1797 1118 1844 eorum,
1152 1795 1279 1849 quae
1311 1775 1476 1830 humi
1508 1779 1690 1830 strata
1721 1778 1779 1828 et
1806 1773 2023 1828 caduca
2056 1788 2159 1825 sun

2325 1769 2496 1826 καλοῦ
2533 1769 2919 1829 κινδυνεύουσι.
2981 1774 3078 1827 Καὶ
3133 1775 3335 1845 ταύτην
3396 1779 3531 1831 εἶναι
3591 1783 3916 1854 πραγματειῶν

553 1870 786 1926 veritati
843 1868 1213 1940 praemiisque
1244 1865 1382 1935 illis,
1417 1882 1541 1936 quae
1585 1863 1817 1917 virtutis
1866 1877 2041 1916 causa
2073 1875 2155 1930 pel

2324 1860 2420 1927 τὴν
2481 1860 2704 1935 ἀρίστην
2736 1863 2870 1934 (25),
2932 1863 3162 1935 αἳματος
3226 1863 3417 1940 ὀλίγου
3475 1866 3745 1941 βασιλείαν
3795 1866 3914 1940 οὖρα-

560 1959 756 2015 culum
790 1957 1140 2012 adeuntibus
1175 1955 1232 2008 in
1284 1953 1424 2009 ccelo
1457 1951 1756 2007 recondita
1785 1955 1942 2015 sunt,
1977 1952 2162 2019 antepc

2326 1954 2426 2001 νῶν
2505 1948 2834 2019 ὠνήσασθαι,
2894 1951 2982 2004 καὶ
3044 1950 3202 2022 δόξης
3262 1951 3546 2024 ἀιδιότητα
3621 1961 3723 2009 τῶν
3791 1976 3914 2029 προς-

558 2064 792 2104 namus.
814 2051 974 2100 Hanc
998 2045 1153 2099 enim
1179 2041 1632 2115 negotiationem
1656 2040 1918 2094 omnium
1940 2043 2160 2108 prastat

2325 2037 2524 2111 χαίρων
2585 2035 2890 2093 ἀντιλαϐεῖν
2964 2042 3196 2116 ἀγαθῶν,
3275 2043 3408 2097 Μίαν
3487 2045 3580 2116 μὲν
3658 2045 3750 2119 γάρ
3818 2045 3914 2097 εἶναι

557 2137 850 2193 tissimam
884 2151 1032 2203 esse,
1058 2150 1174 2205 qua
1204 2132 1397 2203 exigui
1431 2129 1739 2201 sanguinis
1771 2127 1953 2198 pretio
1982 2125 2159 2180 coeies

2322 2124 2553 2200 πατρίδα
2607 2132 2722 2188 τοῖς
2782 2127 3040 2201 ὑψηλοῖς,
3097 2132 3194 2198 τὴν
3240 2133 3539 2204 νοουμένην
3585 2131 3919 2208 Ἰερουσαλῆμ,

557 2241 803 2299 regnum
829 2223 1134 2293 emitur,ac
1166 2221 1362 2275 brevia
1394 2225 1450 2273 et
1468 2217 1699 2289 fragilia
1732 2217 1884 2271 bona
1904 2232 2035 2268 cum
2059 2230 2159 2268 seu

2321 2213 2382 2269 οὗ
2438 2217 2533 2277 τὰς
2598 2223 2812 2288 μικροῖς
2884 2218 3053 2292 ὁρίοις
3129 2218 3351 2274 ἐνταῦθα
3409 2219 3807 2294 διειλημμένας,
3854 2221 3918 2273 καὶ

555 2315 782 2388 pilerna
814 2312 1000 2386 gloria
1046 2311 1504 2365 commutantur.
1539 2306 1724 2362 Unam
1776 2305 1930 2360 enim
1985 2320 2155 2374 magn

2321 2301 2569 2366 πολλοῦς
2644 2301 2970 2378 ἀμειϐούσας
3047 2308 3359 2382 οἰκήτορας·
3437 2310 3563 2383 μίαν
3648 2309 3702 2365 δὲ
3775 2311 3920 2384 γὲνους

555 2409 611 2459 et
658 2401 899 2458 excelsis
949 2399 1088 2454 viris
1145 2398 1393 2470 patriam
1446 2412 1595 2463 esse,
1633 2411 1840 2464 nempe
1885 2391 2157 2447 Jerusale

2322 2390 2704 2466 λαμπρότητα,
2762 2396 2858 2463 τὴν
2912 2403 3011 2465 τῆς
3067 2397 3273 2460 εἰκόνος
3347 2401 3603 2473 τήρησιν,
3684 2399 3767 2454 καὶ
3818 2399 3921 2473 πρὸς

555 2491 718 2547 illam
777 2507 902 2562 quae
962 2493 1152 2543 mente
1211 2485 1548 2558 percipitur,
1603 2501 1716 2538 non
1766 2499 1885 2548 eas,
1919 2498 2066 2552 quas
2117 2481 2153 2535 h

2322 2481 2379 2535 τὸ
2439 2481 2746 2557 ἀρχέτυπον
2798 2483 3139 2557 ἐξομοίωσιν,
3201 2487 3323 2542 ὅσον
3391 2487 3606 2562 ἐφικτὸν
3661 2494 3772 2550 τοῖς
3825 2507 3924 2559 cap-

558 2581 825 2653 angustis
859 2579 1073 2633 finibus
1105 2575 1580 2644 circumscriptae
1612 2579 1950 2642 esse,atque
1982 2571 2053 2624 ab
2081 2569 2154 2623 ali

2320 2571 2412 2631 κὸς
2476 2568 2740 2643 δεσμίοις,
2801 2574 2891 2626 καὶ
2955 2575 3214 2651 βραχεῖαν
3287 2577 3566 2653 ἀπορῥοὴν
3630 2582 3724 2632 τοῦ
3787 2575 3922 2630 καλοῦ

561 2669 809 2740 aliisque
841 2665 1180 2721 hominibus
1211 2663 1460 2718 subinde
1493 2660 1665 2717 incoli
1699 2662 1996 2715 videmus:
2029 2676 2163 2713 unul

2322 2656 2571 2733 δέχεσθαι
2621 2657 2957 2732 δυναμένοις·
3023 2663 3146 2735 μίαν
3207 2662 3263 2718 δὲ
3322 2662 3656 2738 δυναστείαν,
3713 2667 3771 2720 τὸ
3822 2665 3924 2717 κατὰ

557 2757 697 2814 item
730 2755 958 2829 generis
1007 2753 1377 2823 splendorem
1412 2751 1468 2805 in
1501 2767 1566 2805 eo
1607 2749 1944 2816 consistere,
1976 2753 2038 2802 ut
2069 2747 2159 2801 div

2321 2752 2413 2801 τοῦ
2463 2753 2707 2822 πονηροῦ
2765 2751 2984 2824 κράτος,
3041 2752 3129 2806 καὶ
3187 2754 3248 2807 τὸ
3305 2761 3404 2823 τῆς
3456 2759 3642 2830 ψυγῆς
3690 2755 3923 2808 ἀνάλωτον

561 2864 697 2903 nam
736 2844 1050 2914 imaginem
1084 2856 1515 2901 conservemus,
1548 2845 1723 2909 atque
1753 2837 2049 2907 exemplar
2079 2853 2163 2890 no:

2321 2836 2406 2890 καὶ
2464 2836 2732 2907 ἀήττητον
2789 2839 2838 2893 ἐν
2897 2846 3013 2902 τοῖς
3074 2841 3205 2915 ὑπὲρ
3265 2838 3534 2904 εὐσεϐείας
3591 2846 3705 2917 (‘26)
3737 2843 3923 2917 ἀγῶσιν.

561 2942 719 2992 trum
752 2933 1072 2996 imitemur,
1105 2937 1391 3001 quantum
1442 2927 1681 2999 quidem
1723 2926 1794 2980 iis
1843 2925 2078 2996 assequi
2110 2926 2163 2979 dt

2326 2925 2482 2994 ἡνίκα
2567 2927 2726 2981 κακία
2796 2929 2931 3003 πρὸς
3009 2931 3201 3005 ἀρετὴν
3275 2932 3592 3006 ἀγωνίζεται
3669 2935 3796 3005 (27),
3862 2929 3928 2982 καὶ

565 3030 682 3091 tur,
711 3023 813 3094 qui
843 3020 1036 3076 carnis
1067 3017 1314 3073 vinculis
1347 3016 1571 3072 astricti
1603 3021 1836 3080 sunt,ac
1870 3014 2167 3085 perexiguc

2327 3013 2524 3087 κόσμος
2581 3018 2718 3090 πρὸς
2775 3017 3000 3092 κόσμον,
3061 3020 3088 3072 ὁ
3149 3017 3415 3092 λυόμενος
3470 3016 3603 3096 πρὸς
3665 3022 3754 3074 τὸν
3803 3021 3929 3073 ἑστῶ-

565 3115 851 3169 duntaxat
883 3108 1144 3182 primarii
1194 3106 1330 3162 boni
1373 3105 1590 3160 rivulos
1629 3105 1889 3174 accipere
1938 3109 2162 3174 queunt

2326 3125 2384 3156 τα
2432 3105 2563 3176 (28),
2624 3105 2710 3158 καὶ
2789 3107 2980 3182 πικρὸς
3061 3107 3402 3182 ἀγωνοθέτης
3468 3110 3605 3185 πρὸς
3687 3108 3928 3184 γενναίους

566 3216 752 3256 unum
786 3215 956 3270 porro
1007 3196 1402 3268 principatum
1438 3195 1494 3247 in
1527 3193 1635 3248 hoc
1684 3192 1936 3264 positum
1970 3208 2118 3256 esse,
2153 3209 2168 3245 ι

2380 3194 2641 3261 νωνιστάς,
2719 3196 2806 3248 καὶ
2883 3193 3076 3267 Βελίαρ
3153 3198 3288 3272 πρὸς
3347 3199 3574 3274 Χριστὸν
3637 3200 3932 3264 παρατάττει

566 3290 824 3361 palmam
859 3287 1136 3342 adversus
1169 3284 1503 3355 improbum
1537 3281 1703 3336 illum
1735 3281 2125 3344 obtineamus,
2149 3299 2168 3334 ιι

2332 3302 2406 3334 παι
2465 3283 2600 3353 (29).
2664 3283 2760 3335 Διά
2814 3287 2980 3337 ταῦτα
3031 3291 3380 3363 καταφρονεῖν
3444 3287 3536 3359 μὲν
3613 3287 3778 3357 ξιφῶν
3850 3285 3934 3336 ἀνέξ

567 3395 639 3434 ne
669 3379 729 3432 in
762 3377 837 3432 iis
889 3374 1328 3442 certaminibus,
1365 3389 1493 3444 quae
1539 3371 1770 3442 pietatis
1818 3387 1997 3425 causa
2027 3385 2169 3424 susc

2332 3381 2492 3437 πειθε,
2568 3372 2779 3444 ψυχρὸν
2855 3370 2911 3426 δὲ
2965 3373 3206 3446 νομίζειν
3274 3375 3335 3429 τὸ
3389 3379 3516 3450 πῦρ,
3598 3375 3835 3450 ἡμέρους
3897 3369 3934 3423 δῖ

567 3466 831 3540 piuntur,
855 3465 1083 3520 animos
1112 3468 1344 3516 nostros
1377 3460 1562 3532 frangi
1596 3466 1769 3530 atque
1797 3458 2116 3530 expugnari
2147 3476 2169 3514 s

2333 3456 2531 3521 οἷέσθαι
2604 3465 2785 3532 θηρῶν
2858 3460 2983 3521 τοὺς
3057 3462 3448 3536 ἀγρίωτάτους,
3511 3462 3679 3535 λιμὸν
3719 3447 3792 3517 ⁷δὲ
3836 3461 3933 3514 ὐπο-

568 3553 909 3623 namus,ubi
941 3551 1146 3607 vitium
1179 3567 1312 3605 cum
1338 3549 1546 3604 virtute
1569 3548 1911 3619 confligit,et
1942 3547 2170 3602 ﬂuxusz

2329 3543 2624 3618 λαμϐάνειν
2653 3549 2748 3616 τήν
2779 3548 3034 3603 ἀνωτάτω
3059 3553 3291 3628 τρυφὴν,
3346 3550 3549 3624 δάκρυα
3600 3550 3660 3606 δὲ
3710 3556 3810 3605 τῶν

566 3643 793 3717 fragilis
822 3642 1076 3698 mundus
1100 3656 1231 3694 cum
1270 3639 1438 3692 ﬁrmo
1464 3642 1521 3692 et
1541 3636 1733 3691 stabili
1768 3662 1780 3702 ;
1806 3642 1861 3690 et
1881 3637 2124 3690 acerbus
2157 3657 2168 3690 ι

2330 3634 2564 3705 οἷκείων,
2624 3635 2710 3689 καὶ
2771 3639 3024 3709 θρήνους,
3094 3640 3184 3692 καὶ
3264 3641 3514 3714 οἰμωγὰς
3593 3640 3928 3715 παρατρέχειν.

564 3733 934 3789 truculentus
957 3727 1292 3785 certaminis
1316 3743 1530 3797 praeses
1551 3743 1684 3780 cum
1704 3724 2160 3780 l'ortibusathlcti

2329 3725 2403 3785 ὡς
2457 3729 2552 3778 τοῦ
2609 3729 2854 3799 πονηροῦ
2916 3723 3272 3800 δελεάσματα,
3332 3728 3420 3781 καὶ
3493 3729 3798 3802 κωλύματα
3861 3730 3928 3789 τῆς

567 3828 624 3878 et
675 3819 851 3877 Belial
910 3820 1190 3874 adversus
1246 3815 1540 3870 Christum
1594 3814 1776 3868 aciem
1836 3813 2095 3868 instruit.
2139 3813 2169 3867 C

2329 3813 2469 3875 Θείας
2530 3810 2863 3889 ὁδοιπορίας.
2923 3819 3094 3869 Ταῦτα
3142 3817 3244 3890 γὰρ
3295 3818 3427 3870 εἶναι
3478 3814 3751 3893 ἀνδρικῶν
3781 3813 3925 3888 ψυχῶν

566 3927 783 3983 easque
812 3924 1020 3964 causas
1070 3911 1127 3960 et
1158 3904 1382 3977 gladios
1415 3911 1805 3970 contemnere,
1840 3907 1897 3957 et
1940 3901 2168 3973 frigidm

2328 3901 2415 3955 καὶ
2474 3901 2749 3975 γενναίων,
2808 3903 2897 3956 καὶ
2951 3902 3219 3979 λογισμοῦ
3277 3905 3578 3983 σώφρονος.
3644 3909 3747 3963 Καὶ
3782 3906 3834 3958 τὸ
3860 3920 3926 3954 :1-

566 4001 860 4072 ignem,ac
896 3999 1043 4052 feras
1074 3993 1396 4066 quamlibet
1425 3993 1716 4047 immanes
1745 3996 1802 4046 et
1833 3991 2164 4045 truculenta

2330 3988 2595 4066 ραδειγμα
2652 3989 2866 4066 ἐγγύθεν
2926 3992 3085 4054 αὐτὸς
3157 3995 3185 4048 ὁ
3241 3998 3409 4048 ταῦτα
3465 3993 3642 4070 λέγων
3705 3995 3788 4050 καὶ
3837 3987 3927 4064 γρά-

566 4088 741 4143 mites
769 4086 1187 4151 existimare,et
1219 4085 1428 4136 famem
1464 4098 1565 4152 pro
1595 4079 1847 4134 summis
1870 4079 2094 4133 deliciis
2118 4081 2168 4132 dl

2329 4101 2465 4154 φωνς
2547 4078 2720 4135 πάντα
2791 4082 3136 4155 ἡγησάμενος
3225 4077 3490 4151 σκύϐαλα,
3570 4082 3667 4138 ⁸ίνα
3750 4079 3926 4157 Χριστὸν

567 4176 1058 4241 cere,amicorum
1093 4179 1288 4228 autem
1321 4175 1376 4225 et
1407 4170 1867 4241 propinquorum
1908 4168 2215 4239 lacrymas,
2325 4165 2584 4242 κερδήσῃ.

565 4272 623 4321 et
654 4265 868 4334 luctus,
903 4268 961 4318 et
990 4260 1264 4333 gemitus,
1302 4263 1364 4312 ut
1396 4257 1613 4312 diaboli
1648 4256 1970 4324 illecebras,
2004 4257 2220 4328 viaeque
2261 4259 2329 4312 ad
2379 4259 2562 4313 Deum
2600 4259 2836 4314 ferentis
2865 4260 3307 4333 impedimenta,
3345 4263 3639 4334 praeterire
3674 4259 3928 4319 suadebat.

564 4353 696 4409 Haec
727 4352 881 4408 enim
915 4350 1170 4405 virilium
1203 4355 1257 4402 et
1285 4351 1660 4401 strenuarum
1711 4344 2064 4411 animarum,
2098 4351 2270 4417 atque
2321 4347 2626 4418 prudentis
2657 4348 2886 4403 consilii
2919 4366 3048 4405 esse
3081 4351 3348 4406 ducebat.
3384 4351 3606 4406 Harum
3657 4356 3838 4408 autem
3866 4358 3927 4397 re-

565 4458 695 4498 rum
730 4439 1123 4514 propinquum
1157 4433 1490 4506 exemplum
1523 4433 1618 4489 ille
1650 4433 1773 4504 ipse
1803 4438 1946 4501 erat,
1980 4434 2080 4504 qui
2124 4433 2242 4489 haec
2275 4435 2506 4491 dicebat
2535 4454 2600 4491 ac
2631 4437 2943 4505 scribebat,
2978 4444 3177 4510 utpote
3209 4439 3306 4510 qui
3341 4441 3539 4495 omnia
3572 4457 3679 4512 pro
3712 4433 3928 4495 stercori-

565 4531 676 4586 bus
707 4529 989 4592 duxisset,
1026 4531 1090 4582 ut
1119 4525 1410 4580 Christum
1444 4522 1768 4578 lucraretur
1788 4523 1850 4576 ³⁸.

634 4619 780 4675 XVI.
814 4618 930 4673 Hoc
961 4616 1152 4672 animo
1201 4612 1480 4686 praaditus
1527 4611 1872 4684 Cyprianus,
1906 4615 2080 4682 atque
2109 4611 2216 4667 hu-

2398 4617 2482 4680 Ιζ’.
2544 4610 2701 4668 Οὕτω
2774 4611 3162 4686 διανοούμενος
3237 4613 3562 4692 Κυπριανὸς,
3643 4615 3734 4669 καὶ
3802 4608 3923 4664 οὕτως

556 4705 821 4779 jusmodi
869 4701 1238 4759 sermonibus
1268 4698 1629 4756 Christianos
1678 4699 1747 4753 ad
1789 4704 2080 4754 certamen
2113 4717 2158 4753 a1

2320 4700 2561 4768 ὁπλίζων
2593 4706 2708 4762 τοῖς
2735 4700 2924 4776 λόγοις
2954 4704 3088 4777 πρὸς
3123 4705 3214 4758 τὸν
3255 4705 3455 4778 ἀγῶνα,
3505 4702 3756 4762 πολλοὺς
3797 4697 3916 4757 ἀθλη-

563 4811 754 4863 mans,
789 4793 1112 4866 permultos
1151 4790 1224 4845 ad
1269 4792 1515 4843 mortem
1566 4804 1670 4858 pro
1717 4786 1929 4842 Christi
1974 4788 2165 4845 nomin

2319 4789 2412 4850 τὰς
2461 4789 2816 4865 ἀπειργάζετο
2864 4793 2996 4866 (31).
3045 4792 3142 4846 Καὶ
3197 4793 3320 4847 τίνα
3383 4793 3567 4865 μισθὸν
3611 4792 3814 4847 τούτων
3860 4802 3920 4837 ιο·

634 4920 680 4956 ³⁸
711 4918 966 4991 Philipp.
1001 4933 1084 4985 III,
1118 4917 1172 4972 8.

635 5061 745 5132 (21)
777 5065 899 5121 Πῶς
921 5079 935 5129 ;
961 5084 989 5113 κ
1022 5056 1416 5134 Ουοωοᾷοξζα
1449 5057 1494 5110 Α
1524 5053 1693 5134 βὶιὶίο
1725 5056 2034 5112 omissum.

2374 5058 2507 5134 _(27_)
2539 5057 2909 5134 Ἀγωνίζεται.
2961 5061 3056 5116 Sic
3105 5065 3283 5134 Regg.
3319 5079 3371 5132 a,
3404 5077 3458 5131 ο,
3506 5061 3540 5114 d
3593 5063 3654 5115 et
3700 5062 3794 5115 Or.
3825 5057 3864 5110 1.
3892 5052 3934 5105 In

636 5128 1011 5202 (22Ἒκεῖνος.
1050 5135 1217 5188 Deest
1247 5130 1304 5184 in
1340 5128 1480 5203 Reg.
1515 5131 1681 5199 Cypr.

1247 5130 1304 5184 in
1340 5128 1480 5203 Reg.
1515 5131 1681 5199 Cypr.
2323 5128 2438 5196 ed.,
2473 5128 2821 5203 ἀγωνίζηται.

637 5201 748 5277 (23)
780 5210 1039 5277 Ποιεῖται.
1076 5204 1171 5277 Or.
1206 5202 1456 5277 iL'ItOLE‘i.
1762 5270 1774 5277 _
1956 5270 1970 5277 _
2396 5201 2794 5277 (ΖᾷγῈστῶτα.
2830 5206 2967 5273 Reg.
3001 5203 3061 5277 d7,
3094 5201 3378 5277 ἐνεστῶτα.

636 5264 748 5346 ξ24)
778 5282 886 5343 Τῆς
919 5275 1192 5344 ἀληθείας.
1237 5272 1330 5327 Sic
1378 5271 1556 5342 Regg.
1590 5287 1644 5334 τι,
1677 5287 1728 5339 c,
1762 5270 1881 5335 bm,
1918 5270 2015 5342 pb.
2048 5277 2216 5328 Deest

2394 5264 2504 5347 (29)
2539 5264 2957 5347 Παρατάσσεταῖ.
2993 5264 3087 5330 Sic
3122 5276 3298 5347 Regg.
3334 5293 3388 5343 a,
3421 5275 3540 5341 bm,
3573 5272 3677 5344 ph,
3711 5278 3766 5327 et
3792 5272 3874 5324 0r.
3904 5264 3936 5315 1η

562 5341 872 5415 τῆξίῐῇοᾶ.
1017 5341 1024 5344 ἡ
1239 5415 1245 5416 γ
1333 5412 1363 5416 _
1479 5341 1534 5416 θ’
1690 5412 1719 5416 _

1479 5341 1534 5416 ί,
1690 5412 1719 5416 _
1826 5413 1838 5416 _
1922 5414 1940 5416 _
2321 5341 2993 5416 Ιηεᾶηπαρατάσσηται.

638 5419 746 5492 (25)
775 5420 882 5488 Τὴν
911 5417 1152 5492 ἀρίστην.
1192 5415 1286 5472 Sic
1332 5412 1471 5484 Reg.
1504 5412 1561 5480 d,
1595 5417 1651 5466 et
1681 5412 1880 5468 Comb.
1919 5414 2085 5470 Deest
2112 5416 2210 5484 τήν

1981 5419 2085 5470 ιεει
2112 5416 2210 5484 τήν
2393 5415 2504 5492 (ξφ)
2532 5411 2669 5492 Τῶν.
2703 5411 2997 5492 εἰογοοιιόἐ
3029 5417 3205 5492 Pravo
3235 5419 3292 5472 in
3319 5417 3442 5492 ed.,
3473 5411 3583 5492 τόν.

563 5476 995 5562 ίιιεᾱίί
1089 5476 1256 5562 ’ί-

2355 5476 2940 5562 ,,(,31),Ἀπειριγάζιτο.
2976 5489 3038 5544 In
3079 5476 3460 5562 quibusdam,
3495 5481 3865 5560 ἀπεργάζεται.
3893 5476 3933 5530 ln

633 5563 746 5634 (26)
775 5554 1082 5636 Εὐσερείας.
1105 5561 1192 5636 §ic
1225 5559 1402 5636 Regg.
1428 5552 1673 5636 bm,_ph,
1697 5554 1868 5611 Coisl.
1892 5558 1927 5609 2
1950 5560 2008 5614 et
2037 5561 2128 5614 0r.
2158 5559 2206 5616 1.

1283 5573 1402 5636 egg.
1428 5552 1673 5636 bm,_ph,
1697 5554 1868 5611 Coisl.
1892 5558 1927 5609 2
1950 5560 2008 5614 et
2037 5561 2128 5614 0r.
2158 5559 2206 5616 1.
2319 5552 2885 5634 εὶίἰε,’ἀπειργάσατο.

561 5625 742 5691 Pravo
773 5633 832 5691 in
859 5634 977 5708 ed.,
1007 5625 1275 5701 ἀσεϐείας,
1309 5625 1711 5703 ἇῖωρὶθιειὶε.
1737 5647 1764 5676 »
