4056 6274
307 328 464 395 1189

1164 316 1454 385 ORATIO
1496 316 1707 380 XXIV.
1741 351 1817 362 —
1844 317 1925 377 ΙΝ
1973 314 2293 378 LAUDEM
2341 315 2401 375 S.
2453 313 2852 376 CYPRIANI.

3557 316 3714 379 1190

306 462 557 535 μίζεται;
615 461 703 520 Ὠς
763 455 967 531 δαψιλῆ
1039 455 1127 510 καὶ
1180 450 1515 530 φιλότιμονὲ
1578 447 1792 523 Μάρτυς
1854 445 1984 535 (ἐπὶ,

2102 446 2450 518 ppetendam
2487 446 2841 516 impellebat.
2869 448 3174 512 Quodnam
3208 452 3403 503 autem
3428 448 3607 519 hujus
3631 450 3716 505 rei

302 534 461 606 πᾶσιν
525 549 605 611 οἷς
659 549 980 623 προέπεμψε
1030 543 1255 620 γίνεται,
1334 540 1470 616 ξίφει
1546 539 1645 606 την
1712 534 1953 613 κεφαλὴν

302 638 534 712 τμηθεὶς
592 641 706 711 (32)
761 635 852 689 καὶ
922 638 1042 695 ταῖς
1118 629 1357 691 πολλαῖς
1436 626 1688 702 βασάνοις
1760 624 1959 694 ταύτην

306 727 585 797 ἐπιτίθησι
631 727 730 794 τὴν
793 726 906 797 (33)
959 718 1247 797 κορωνίδα.
1310 716 1464 773 Οὕτω
1527 719 1738 790 Χριστῷ
1793 734 1961 789 προσ-

308 815 518 892 άγεται,
570 814 713 869 οὕτω
786 812 921 887 πρὸς
979 811 1206 884 Χριστὸν
1285 806 1644 892 μετατιθεται,
1703 804 1731 856 6
1788 801 1963 892 πολὺς

310 891 363 960 έν
416 900 655 975 ἀσεϐείᾳ,
702 903 791 957 καὶ
849 900 1045 956 αλείων
1114 898 1166 952 έν
1232 891 1475 967 εὐσεϐείᾳ
1542 892 1873 969 Κυπριανὸς,
1936 891 1963 943 ὁ

315 993 482 1069 μέγας
512 992 602 1047 καὶ
637 989 868 1056 διώκτης
896 988 985 1043 καὶ
1026 986 1371 1064 στεφανίτης,
1434 984 1461 1037 6
1512 984 1610 1051 τὴν
1658 975 1966 1069 μεταϐολὴν

312 1068 423 1158 δύχ
450 1086 613 1151 ἧττον
646 1077 681 1149 ἤ
713 1081 809 1147 τήν
840 1078 1033 1154 ἀρετὴν
1068 1074 1383 1150 θαυμάσιος.
1416 1071 1488 1126 Οὐ
1518 1072 1618 1148 γὰρ
1650 1069 1792 1125 οὕτω
1828 1068 1967 1158 μέγα

309 1156 480 1225 τόπον
516 1170 722 1246 ἀγαφοῦ
754 1165 1136 1234 διασώσασθαι,
1164 1164 1237 1225 ὡς
1268 1164 1330 1218 τὸ
1355 1166 1750 1232 καινοτομῆσαι
1784 1156 1965 1222 θεοσέ-

312 1257 487 1315 ϐειαν.
519 1260 589 1312 Τὸ
624 1245 716 1330 μὲν
750 1256 853 1330 γὰρ
884 1262 985 1324 τῆς
1020 1253 1305 1323 συνηθείας
1337 1254 1471 1325 (34),
1527 1250 1590 1304 τὸ
1623 1247 1680 1302 δὲ
1732 1251 1830 1317 τῆς
1880 1245 1964 1301 εὖ·

313 1345 558 1409 δουλίας
589 1347 678 1402 καὶ
707 1347 767 1399 τὸ
804 1345 897 1417 μέν
928 1348 1035 1398 τῶν
1068 1339 1303 1402 πολλοῖς
1360 1338 1734 1415 ὑπαρχόντων,
1783 1340 1878 1391 τοῦ
1912 1332 1968 1389 δὲ

317 1437 485 1511 ὀλίγα
512 1437 577 1491 τὰ
608 1431 1026 1511 παραδείγματα

2065 535 2372 607 praemium
2404 535 2556 589 448
2589 535 2771 590 tulit?
2821 536 3002 599 Quam
3037 536 3336 607 copiosum
3370 542 3545 610 atque
3574 557 3711 610 pro-

2074 624 2311 680 fusum!
2366 625 2503 679 Post
2549 641 2647 680 eos
2696 624 2849 680 enim
2897 642 3123 696 omnes,
3157 643 3304 696 quos
3334 627 3716 701 praemiserat,

2073 712 2280 785 capitis
2311 713 2754 769 obtruncatione
2788 714 3049 786 martyrii
3074 715 3328 785 palmam
3352 716 3718 788 adipiscitur,

2073 802 2395 874 multisque
2427 802 2730 857 tormentis
2776 802 2925 856 hanc
2956 803 3290 858 coronidem
3321 804 3591 876 imponit.
3627 807 3720 862 Sic

2074 890 2301 945 Christo
2324 891 2675 959 oll'ertur,sic
2698 892 2767 946 ad
2793 892 3088 947 Christum
3116 893 3330 965 migrat
3350 893 3446 948 ille
3471 912 3720 968 magnus

2074 978 2135 1034 in
2167 979 2486 1051 impietate,
2519 981 2707 1050 major
2736 985 2931 1035 autem
2984 981 3043 1036 in
3102 982 3315 1053 pietate
3347 983 3669 1056 Cyprianus
3704 1004 3717 1055 ;

2074 1066 2194 1136 ille,
2226 1066 2490 1138 inquam,
2518 1084 2768 1139 magnus
2799 1073 2923 1123 tum
2958 1076 3315 1140 persecutor,
3339 1076 3465 1127 tum
3500 1074 3718 1141 victor;

2076 1173 2190 1211 non
2226 1155 2418 1211 minus
2439 1156 2511 1211 ob
2544 1157 2670 1211 vita;
2702 1158 3109 1224 mutationem,
3136 1176 3311 1230 quam
3344 1161 3416 1215 ob
3452 1162 3722 1217 virtutem

2076 1246 2460 1301 admirandus
2512 1245 2711 1316 Neque
2742 1247 2896 1301 enim
2930 1251 3047 1301 tam
3083 1248 3343 1319 amplum
3376 1267 3443 1305 ac
3487 1251 3723 1323 praecla-

2078 1352 2208 1389 rum
2240 1337 2330 1389 est
2374 1334 2510 1389 boni
2545 1334 2791 1389 formam
2827 1334 3181 1391 incolumem
3225 1354 3510 1410 servasse,
3544 1357 3723 1410 quam

2078 1427 2303 1478 mutata
2337 1421 2462 1478 vita:
2500 1423 2722 1478 ratione
2764 1424 3027 1479 animum
3062 1425 3133 1479 ad
3180 1426 3412 1496 pietatis
3459 1430 3723 1485 studium

313 1510 655 1583 contulisse.
692 1524 842 1579 Illud
874 1522 1030 1578 enim
1063 1518 1504 1576 consuetudinis
1543 1523 1650 1589 est,
1683 1517 1793 1572 hoc
1824 1513 1989 1587 probi
2021 1517 2077 1569 et
2108 1512 2413 1584 prudentis
2455 1510 2718 1580 consilii;
2752 1511 2895 1567 illud
2929 1512 3203 1584 frequens
3233 1532 3297 1570 ac
3331 1516 3584 1588 vulgare,
3618 1516 3727 1574 hoc

314 1616 431 1672 rari
465 1614 704 1671 omnino
735 1610 1004 1683 exempli.

393 1704 487 1760 IZ'.
541 1698 698 1755 Ἀλλ’
758 1699 869 1753 οἷον
930 1695 997 1767 δὴ
1054 1697 1270 1751 κάκεῖνο
1325 1699 1432 1749 τῶν
1490 1694 1696 1749 ἐκείνου
1756 1691 1966 1765 θαυμά-

2144 1689 2312 1746 XVII.
2346 1691 2478 1746 Jam
2512 1689 2682 1763 quale
2716 1690 2861 1746 illud
2892 1709 3122 1764 quoque
3154 1693 3343 1765 ipsius
3374 1694 3726 1754 miraculum

314 1811 464 1861 των;
517 1790 727 1864 Μικρὸν
770 1788 882 1862 (36)
933 1785 1009 1841 ἔτι
1056 1789 1136 1857 τῷ
1184 1785 1338 1860 λόγῳ
1382 1784 1969 1860 προσκαρτερήσωμεν,

314 1880 405 1935 ’ἱνα
463 1878 542 1952 τῷ
601 1878 815 1950 ἀθλητῇ
875 1876 1252 1952 χαρισώμεθα.
1313 1874 1545 1943 Τοιαύτη
1616 1873 1708 1944 μέν
1788 1874 1822 1940 ἡ
1881 1875 1972 1925 τοῦ

323 1968 520 2044 ἀνδρὸς
582 1965 853 2037 πολιτεία,
885 1969 1132 2025 τοιοῦτος
1166 1962 1223 2017 δὲ
1254 1964 1282 2017 6
1312 1970 1409 2032 τῆς
1440 1961 1724 2033 ἀθλήσεως
1750 1960 1972 2037 τρόπος.

323 2058 479 2116 Ἐπεὶ
532 2055 589 2111 δὲ
643 2054 900 2109 καταλόει
942 2054 1031 2108 τὸν
1087 2052 1203 2127 βίον
1256 2052 1321 2125 (εἰ
1371 2052 1526 2124 θέμις
1584 2056 1746 2105 τοῦτο
1781 2050 1972 2105 εἰπεῖν.

324 2146 476 2203 ἀλλὰ
540 2146 615 2218 μὴ
673 2144 809 2218 πρὸς
852 2142 981 2197 Θεὸν
1032 2138 1297 2214 ἐκδημίαν
1344 2141 1601 2213 ὀνομάσαι
1660 2140 1722 2193 τὸ
1775 2139 1978 2193 ἐκείνου

326 2241 578 2311 πρᾶγμα,
636 2230 672 2301 ἤ
732 2229 902 2284 πόθου
958 2228 1265 2305 πλήρωσιν,
1318 2227 1355 2297 ἤ
1430 2226 1643 2301 δεσμῶν
1706 2226 1883 2295 λύσιν,
1942 2225 1976 2295 ἦ

333 2324 537 2399 βάρους
621 2318 929 2391 διάζευξιν),
1014 2317 1504 2392 θαυματουργεῖταί
1578 2338 1629 2372 τι
1716 2316 1983 2371 κάνταῦθα

326 2414 436 2464 τῶν
498 2405 913 2483 προειληφότων
965 2402 1128 2478 ἄξιον·
1179 2404 1241 2459 τὸ
1304 2405 1395 2479 μὲν
1462 2400 1635 2479 ὄνομα
1664 2404 1808 2461 πολὺ
1841 2405 1985 2479 παρὰ

329 2505 462 2554 πᾶσι
521 2498 852 2569 Κυπριανοῦ,
910 2494 998 2549 καὶ
1056 2493 1117 2548 οὐ
1179 2499 1520 2568 Χριστιανοῖς
1600 2494 1786 2567 μόνον,
1841 2491 1987 2547 ἀλλὰ

331 2586 425 2642 καὶ
483 2591 600 2647 τοῖς
659 2586 756 2653 τὴν
820 2582 1054 2638 ἐναντίαν
1110 2585 1223 2656 (37)
1271 2586 1407 2656 ἡμῖν
1434 2585 1786 2659 τεταγμένοις
1834 2585 1984 2656 (πᾶσι

333 2675 441 2748 γὰρ
496 2671 701 2744 ὁμοίως
749 2673 864 2741 (38)
920 2670 983 2724 τὸ
1040 2669 1205 2723 καλὸν
1244 2667 1568 2745 αἷ¹δέσιμον)·
1622 2671 1683 2725 τὸ
1716 2675 1874 2742 σῶμα
1931 2668 1989 2724 δὲ

336 2760 538 2838 ἀφανές
595 2760 661 2828 ἦν
721 2762 855 2830 (39),
908 2758 998 2812 καὶ
1048 2759 1075 2813 ὁ
1124 2759 1391 2833 θησαυρὸς
1442 2758 1586 2834 παρά
1631 2781 1739 2813 τινι
1786 2758 1989 2833 γυναίῳ

330 2856 449 2905 τῶν
513 2852 723 2923 θερμῶν
785 2847 860 2908 εἰς
916 2842 1206 2918 εὐσέϐειαν,
1257 2847 1344 2901 καὶ
1392 2852 1552 2901 τοῦτο
1604 2846 1691 2901 ἐπὶ
1744 2847 1986 2923 μακρόν·

340 2940 450 2994 οὐκ
508 2935 608 2991 οἶδ’
683 2939 790 3011 (40)
860 2933 965 2990 εἷ’τε
1019 2940 1288 3009 τιμῶντος
1342 2941 1438 2990 τοῦ
1494 2942 1622 2990 Θεοῦ
1673 2938 1771 3005 τήν
1832 2934 1991 3013 φιλό-

344 3041 471 3092 θεον
530 3029 662 3098 (41),
746 3025 835 3078 καὶ
914 3022 1001 3078 διὰ
1057 3029 1218 3079 τοῦτο
1268 3026 1667 3101 περιεχομένην
1730 3028 1839 3097 (42)
1897 3028 1993 3079 τοῦ

354 3116 656 3191 μάρτυρος,
716 3111 820 3168 sicce
875 3114 965 3167 16v
1028 3110 1194 3177 πόθον
1253 3116 1410 3187 ἡμῶν
1485 3115 1875 3188 γυμνάζοντος,
1951 3113 1997 3169 εἰ

355 3207 436 3279 μὴ
499 3206 757 3281 φέροιμεν
822 3202 1200 3276 ζημιούμενοι,
1261 3203 1350 3257 καὶ
1410 3208 1517 3258 τῶν
1580 3204 1747 3279 ἁγίων
1809 3202 1998 3276 λειψά-

351 3316 464 3349 νων
494 3292 975 3368 ἀποστεροόμενοι.
1037 3292 1181 3347 Ἐπεὶ
1233 3290 1289 3347 δὲ
1338 3293 1434 3348 οὐκ
1482 3294 1746 3369 ἠνέσχετο
1776 3294 1838 3349 τὸ
1868 3295 1998 3348 πάν-

350 3403 463 3436 των
524 3382 715 3457 ἀγαθὸν
776 3378 908 3434 ἴδιον
970 3381 1195 3450 ποιῆσαί
1249 3403 1395 3444 τινος
1457 3384 1485 3438 ὁ
1540 3388 1646 3438 τῶν
1711 3382 1995 3459 μαρτύρων

351 3470 502 3539 Θεὸς,
562 3466 685 3523 οὐδὲ
741 3469 801 3523 τὸ
856 3469 1035 3523 κοινὸν
1096 3474 1369 3542 ζημιῶσαι
1446 3476 1513 3545 τῇ
1588 3473 1720 3545 πρὸς
1786 3471 1994 3542 ἐκείνην

347 3559 559 3635 χάριτι,
615 3556 928 3631 δημοσιεόει
983 3559 1045 3613 τὸ
1104 3563 1264 3632 σῶμα
1317 3558 1386 3614 δι’
1432 3561 1847 3635 ἀποκαλύψεως,
1906 3562 1995 3616 καὶ

343 3648 547 3719 ταύτην
631 3648 833 3725 γυναίῳ
890 3648 997 3702 τινὶ
1058 3652 1169 3722 (43)
1236 3654 1342 3704 τῶν
1417 3651 1579 3721 ἀξίων
1650 3652 1751 3721 τὴν
1825 3652 1993 3724 τιμὴν

339 3738 727 3807 καταθέμενος·
802 3733 877 3788 ’ἶν’
956 3737 1249 3810 ἆγιασθῶσι
1328 3738 1416 3791 καὶ
1487 3744 1756 3813 γυναῖκες,
1815 3738 1994 3813 ὥσπερ

337 3826 430 3877 τὸν
498 3825 726 3893 Χριστὸν
776 3824 866 3876 καὶ
918 3828 1167 3877 τεκοῦσαι
1227 3827 1335 3897 (44)
1384 3825 1671 3901 πρότερον,
1731 3828 1821 3881 καὶ
1876 3834 1994 3891 τοῖς

349 3916 615 3984 μαθηταῖς
675 3910 1065 3986 ἀπαγγείλασαι
1138 3912 1270 3984 μετὰ
1324 3915 1423 3981 τήν
1481 3913 1539 3968 έκ
1593 3920 1792 3990 νεκρῶν
1870 3918 1994 3971 ἀνά-

347 4020 551 4068 στασιν,
613 3998 754 4052 οὕτω
812 3999 899 4053 καὶ
955 4004 1044 4053 νῦν
1105 4001 1431 4075 Κυπριανὸν,
1490 4005 1525 4070 ἠ
1595 4002 1689 4073 μὶν
1741 4002 1995 4079 παραδεί-

345 4091 493 4161 ξασα,
570 4090 605 4156 ἡ
681 4085 737 4141 δὲ
811 4086 1123 4163 παραδοῦσα
1190 4090 1252 4143 τὸ
1308 4091 1489 4145 κοινὸν
1551 4086 1768 4168 ὄφελος.
1828 4098 1995 4147 Τοῦτο

339 4181 447 4230 τῶν
510 4175 712 4231 ἐκείνου
768 4175 950 4230 καλῶν
1002 4178 1063 4231 τὸ
1108 4178 1437 4234 τελευταῖον.
1487 4177 1668 4240 Οὕτως
1699 4180 1773 4241 εἷς
1826 4179 1984 4253 μέσον

342 4262 561 4339 ἔρχεται
622 4265 648 4317 6
696 4268 792 4318 τοῦ
847 4267 919 4337 μὴ
980 4265 1161 4330 λαθεῖν
1218 4270 1332 4341 (45)
1364 4268 1531 4339 ἄξιος,
1562 4269 1652 4322 καὶ
1684 4268 1744 4322 οὐ
1777 4289 1992 4345 συγχωι

345 4360 513 4426 ρεῖται
547 4351 912 4431 φιλοσοφῆσαι
943 4356 1039 4423 τὴν
1074 4357 1263 4410 ἑαυτοῦ
1293 4356 1530 4427 κλοπὴν,
1562 4356 1748 4427 ἐπειδὴ
1774 4359 1990 4415 καὶτῶν

2082 1779 2217 1835 est?
2249 1779 2459 1834 Parum
2494 1780 2649 1835 enim
2682 1779 2873 1835 adhuc
2906 1782 2962 1835 in
3002 1782 3107 1836 hac
3141 1784 3405 1839 oratione
3454 1785 3727 1841 immora-

2082 1869 2299 1934 bimur,
2334 1873 2460 1923 uta
2510 1873 2762 1941 martyre
2818 1871 3064 1941 gratiam
3122 1874 3407 1928 ineamus.
3464 1874 3593 1929 Ilaec
3623 1876 3735 1930 fuit

2084 1958 2273 2029 ipsius
2306 1957 2432 2011 vita:
2456 1958 2622 2024 ratio,
2646 1958 2739 2012 hic
2768 1959 3165 2014 dimicationis
3200 1962 3425 2016 modus.
3460 1964 3601 2017 Cum
3631 1981 3731 2019 au-

2085 2052 2201 2101 tem
2244 2051 2564 2101 extremum
2615 2046 2739 2101 vitae
2789 2048 2941 2102 diem
2994 2049 3209 2120 egisset
3256 2050 3326 2119 (si
3378 2056 3573 2106 tamen
3625 2053 3734 2108 hoc

2085 2136 2260 2190 verbo
2295 2135 2375 2189 uti
2408 2136 2494 2190 fas
2523 2140 2630 2201 est,
2665 2152 2729 2189 ac
2761 2153 2872 2191 non
2920 2138 3113 2207 potius
3147 2155 3239 2192 res
3277 2156 3364 2208 ea,
3395 2141 3479 2195 vel
3513 2140 3731 2197 disces-

2091 2242 2192 2279 sus
2224 2224 2293 2278 ad
2326 2223 2531 2291 Deum,
2568 2222 2648 2277 vel
2682 2225 2957 2280 desiderii
3007 2226 3301 2296 cumulus,
3352 2228 3438 2283 vel
3473 2230 3731 2284 vinculo—

2090 2330 2222 2368 rum
2256 2312 2488 2379 solutio,
2537 2311 2624 2367 vel
2674 2314 2868 2368 oneris
2916 2314 3183 2370 excussio
3227 2316 3573 2388 appellanda
3602 2319 3734 2391 est),

2091 2402 2185 2457 hic
2235 2419 2467 2475 quoque
2517 2402 2760 2473 dignum
2814 2403 2939 2458 vitae
2998 2404 3372 2461 sanctissime
3428 2414 3737 2465 transacta:

2096 2491 2441 2546 miraculum
2484 2492 2843 2562 designatur.
2895 2493 3039 2548 Nam
3090 2511 3427 2565 quanquam
3469 2498 3741 2569 Cypriani

2097 2597 2306 2635 nomen
2341 2580 2495 2652 apud
2527 2597 2751 2649 omnes,
2777 2598 2892 2636 non
2928 2583 3097 2637 modo
3129 2584 3509 2656 Christianos,
3542 2604 3739 2644 verum

2096 2669 2269 2725 etiam
2318 2686 2437 2735 eos,
2472 2668 2571 2739 qui
2598 2670 2851 2725 adversae
2884 2670 3092 2726 classis
3123 2677 3309 2743 erant,
3344 2672 3739 2733 clarissimum

2099 2776 2165 2815 ac
2196 2758 2641 2814 celeberrimum
2674 2765 2827 2814 esset
2856 2760 3065 2831 (virtus
3089 2761 3243 2815 enim
3269 2763 3544 2819 omnibus
3576 2766 3742 2820 simi-

2100 2848 2234 2902 liter
2258 2848 2610 2902 venerationi
2643 2848 2789 2919 est):
2825 2865 3037 2919 corpus
3068 2855 3261 2905 tamen
3296 2851 3529 2918 latebat,
3563 2860 3741 2926 atque

2102 2937 2195 2992 hic
2239 2936 2552 2992 thesaurus
2600 2937 2755 3008 apud
2808 2937 3110 2993 mulierem
3163 2941 3477 3010 quamdam
3528 2944 3742 3013 pietate

2027 3065 2070 3131 ρ
2108 3025 2385 3124 fervidam
2450 3025 2872 3131 occultaiiatur,
2942 3027 3116 3126 idque
3170 3028 3548 3128 perdiuturno
3607 3038 3749 3088 tem-

2109 3131 2282 3186 pore;
2316 3114 2435 3169 sive
2463 3114 2616 3186 quod
2648 3114 2801 3169 Deus
2840 3116 2946 3170 hac
2979 3116 3200 3171 ratione
3230 3117 3387 3188 piam
3420 3125 3747 3177 matronam

2107 3204 2326 3259 honore
2364 3203 2517 3258 afﬁci
2566 3203 2757 3269 vellet,
2807 3221 2872 3259 ac
2922 3211 3227 3277 propterea
3286 3206 3385 3262 illa
3433 3215 3749 3281 martyrem

2106 3292 2408 3363 complexu
2456 3308 2563 3348 suo
2611 3296 2866 3361 teneret;
2919 3294 3039 3350 sive
3092 3295 3266 3350 etiam
3300 3301 3363 3351 ut
3392 3298 3749 3357 desiderium

2108 3385 2373 3437 nostrum
2409 3386 2718 3447 exerceret,
2751 3398 2889 3436 num
2925 3382 3149 3439 scilicet
3186 3384 3291 3439 hoc
3322 3386 3537 3443 damno
3568 3404 3749 3460 ange-

2107 3489 2323 3541 remur,
2355 3473 2676 3543 acerbeque
2706 3472 2990 3528 ferremus
3041 3490 3144 3529 nos
3191 3478 3581 3533 sacrosanctis
3615 3478 3749 3533 reli-

2106 3561 2260 3633 quiis
2290 3559 2522 3633 privari.
2558 3566 2630 3616 At
2662 3577 2793 3616 vero
2842 3567 3223 3633 posteaquam
3275 3564 3372 3620 ille
3424 3573 3749 3639 martyrum

2106 3650 2260 3707 Deus
2308 3668 2618 3707 commune
2666 3651 2931 3706 omnium
2982 3653 3200 3707 bonum
3255 3654 3430 3708 alicui
3483 3657 3751 3726 privatim

2106 3741 2441 3809 concedere,
2473 3756 2539 3794 as
2582 3739 2866 3810 singulari
2899 3759 3032 3811 erga
3071 3742 3228 3796 illam
3262 3742 3468 3814 gratia,
3506 3746 3755 3815 publicis

2107 3830 2431 3885 commodis
2463 3829 2880 3883 detrimentum
2915 3830 3119 3884 atl'erre
3160 3831 3403 3886 minime
3450 3835 3753 3901 sustinuit,

2105 3935 2208 3989 per
2238 3916 2649 3971 revelationem
2681 3933 2897 3988 corpus
2929 3919 2985 3971 in
3019 3918 3209 3973 lucem
3232 3920 3373 3989 edit,
3398 3925 3571 3992 atque
3600 3923 3758 3978 hunc

2107 4022 2312 4060 rursus
2343 4004 2621 4059 honorem
2658 4005 2849 4075 probae
2882 4005 3113 4061 cuidam
3148 4008 3377 4063 mulieri
3408 4012 3661 4077 confert;
3695 4016 3760 4066 ut

2106 4093 2379 4149 mulieres
2415 4109 2650 4164 quoque
2682 4110 2748 4148 ex
2782 4110 2846 4149 eo
2879 4096 3339 4167 sanctiﬁcantur,
3375 4100 3529 4169 quod
3562 4116 3761 4170 quem-

2104 4183 2421 4237 admodum
2457 4180 2759 4235 Christum
2794 4187 2925 4237 ante
2972 4190 3342 4255 pepererunt,
3378 4190 3761 4243 resurrectio-

2104 4272 2314 4343 nisque
2347 4270 2544 4343 ipsius
2581 4272 2852 4325 nuntium
2882 4272 3190 4344 discipulis
3221 4275 3544 4330 attulerunt
3580 4277 3646 4341 3°,
3680 4276 3762 4331 ita

2104 4376 2261 4415 nunc
2311 4360 2494 4414 etiam
2547 4358 2921 4430 Cyprianum,
2960 4360 3068 4415 hoc
3117 4368 3205 4417 est
3259 4362 3560 4433 publicum
3606 4364 3765 4420 orbis

345 4441 431 4495 ἐπὶ
461 4420 577 4502 τοῖς
610 4420 820 4513 σώμασι
853 4448 1028 4516 τιμῶν
1061 4445 1320 4521 κρείσσων
1349 4449 1459 4520 (46)
1491 4446 1690 4510 ἐκεῖνος
1728 4449 1817 4502 καὶ
1850 4449 1984 4523 ὑψη-

2102 4451 2345 4516 bonum,
2386 4448 2568 4503 altera
2619 4448 2859 4518 quidem
2910 4449 3211 4516 indicavit,
3244 4450 3425 4507 altera
3467 4469 3599 4508 vero
3643 4457 3763 4509 tra-

346 4527 587 4602 λότερος.

416 4629 461 4664 ³⁸
491 4629 627 4685 Luc.
662 4646 813 4698 xx1v,
846 4631 900 4686 9.

561 4725 815 4803 ’[μηθῇς.
851 4729 1022 4803 Coisl.
1058 4733 1112 4798 2,
1144 4729 1501 4803 ἀποτμηθείς.

563 4798 904 4876 Ῑῄν..1)ρεει
936 4802 993 4856 in
1028 4798 1492 4876 quinque'Regg.

424 4869 638 4947 (34)_'l‘6_
667 4868 759 4947 μέν
790 4872 890 4945 γὰρ
912 4878 1021 4947 ’τῆς
1048 4868 1354 4942 συνηθείας.
1390 4868 1803 4947 ιῖῊυηῇυεωοάὶ
1843 4878 2001 4935 enim

350 4939 871 5019 virtutishahitus'
911 4943 1086 5016 longa
1131 4939 1559 5003 consuetudine
1603 4949 1948 5019 acquiritur,
1977 4973 1998 4999 ι

353 5009 463 5083 vel.
492 5032 518 5083 ς
552 5010 606 5063 id
641 5028 952 5067 commune
998 5009 1109 5083 est,
1142 5034 1257 5072 non
1311 5035 1507 5074 rarum
1540 5022 1597 5074 et
1626 5009 1948 5074 insuetum:
1975 5042 2004 5070 »

356 5081 715 5156 Sicﬁraacus
748 5083 1057 5156 interpres.

426 5151 1117 5232 (35)."I‘rijtoipa6siypa1a.
1167 5161 1260 5215 Sic
1310 5160 1488 5232 Regg.
1533 5177 1584 5228 a,
1621 5176 1670 5227 ο,
1705 5162 1763 5228 d,
1799 5162 1895 5216 bm
1949 5167 2007 5218 et

358 5222 630 5277 undecim
664 5222 819 5280 Coih.
862 5222 1049 5286 Inped.
1087 5232 1252 5286 deest
1279 5231 1364 5287 τά.

426 5294 538 5374 (36)
567 5295 794 5374 Μικρόν.
822 5302 914 5356 Sic
944 5302 1141 5372 plures
1175 5303 1377 5374 Regg.,
1400 5302 1574 5358 Coisl.
1602 5303 1652 5370 1,
1677 5306 1770 5357 Or.
1796 5304 1848 5369 4,
1873 5304 2003 5360 Par.

357 5365 566 5441 In‘edﬁ
605 5365 831 5441 μακρόν,
867 5396 893 5422 ‹‹
930 5365 1205 5428 multum.
1234 5365 1261 5422 ἢ

361 5433 541 5561 ὲ(37)
601 5433 867 5503 Καί’τοῖς
923 5444 1022 5511 την
1082 5443 1341 5498 ἐναντίαν.
1403 5444 1574 5501 Coisl.
1632 5445 1687 5515 2,
1743 5445 1832 5497 καί
1891 5449 2008 5507 τοῖς

390 5525 643 5567 ναντιοις.

390 5529 643 5562 ναντιοις.

432 5579 549 5729 (38)
577 5579 832 5651 Ὁμοίως.
864 5585 1038 5643 Deest
1066 5587 1125 5642 in
1157 5586 1445 5660 pluribus.

457 5651 527 5707 39
580 5650 807 5729 Ἀφανὶς
836 5658 923 5729 ἦν.
956 5658 1086 5717 Bill.
1113 5676 1126 5717 :
1151 5682 1179 5711 (ί
1212 5660 1445 5717 obscuri

457 5650 549 5728 39)
580 5650 807 5734 Ἀφανὶς
836 5658 923 5729 ἦν.
956 5658 1086 5717 Bill.
1113 5676 1126 5717 :
1151 5650 1179 5711 ἆ
1212 5660 1527 5717 obscurum
1558 5663 1701 5719 erat.
1730 5682 1761 5713 ››

2101 4540 2268 4595 didit.
2302 4538 2433 4593 Haec
2457 4537 2701 4591 laudum
2735 4537 2896 4593 illius
2941 4545 3241 4609 postrema
3271 4546 3378 4597 est.
3415 4541 3509 4597 Sic
3538 4543 3594 4597 in
3642 4557 3761 4596 me-

2185 4730 2437 4860 ί40)ἑ)ὐκ
2471 4728 2595 4788 οἷδ’.
2629 4732 2793 4787 Haud
2837 4734 2978 4789 scio.
3008 4757 3034 4783 »
3067 4734 3195 4791 Haec
3227 4736 3444 4793 desunt
3483 4738 3542 4793 in
3586 4736 3768 4809 pluri-

2185 4825 2274 4860 )US
2359 4820 2484 4860 eas.

2111 4807 2274 4862 ribus
2309 4807 2484 4862 Rem.

2208 4825 2274 4861 us
2309 4820 2484 4929 negg.
2829 4876 2837 4885 .

2328 4875 2611 4955 (1):.6050v.
2649 4875 2708 4955 in
2743 4876 3120 4955 quihusdam,
3155 4875 3535 4955 φιλόχριστον.

2208 4880 2269 4932 41
2328 4878 2611 4929 Φιλόθεον.
2649 4878 2708 4930 In
2743 4878 3120 4946 quibusdam,
3155 4878 3535 4955 φιλόχριστον.

2183 4878 2296 5020 (42)
2362 4944 2783 5023 Περιεχομένην.
2868 4948 2931 5002 In
3012 4950 3350 5023 nonnullis,
3427 4947 3764 5027 περισχομέ-

2112 5040 2232 5074 νην.

2145 5041 2297 5162 η(43)
2330 5087 2535 5164 Γυναίῳ
2562 5106 2688 5164 τινι.
2724 5090 2817 5143 Sic
2848 5092 3025 5164 Regg.
3063 5109 3114 5159 α,
3150 5110 3199 5161 ο,
3232 5093 3289 5159 d,
3322 5094 3422 5149 bm
3474 5100 3531 5149 et
3580 5094 3676 5150 0r,
3711 5097 3765 5151 1,

2115 5160 2287 5218 Deest
2312 5161 2417 5213 τινί
2448 5161 2503 5213 ἱη
2534 5160 2623 5214 ed.
2649 5160 3301 5219 Caeterum’JRufﬁnam
3332 5188 3359 5214 »
3382 5165 3581 5221 dicunt
3618 5166 3771 5222 hanc

2114 5235 2419 5289 mulierem
2454 5237 2627 5301 atque
2658 5232 2944 5306 e__Claudii
2979 5236 3345 5306 imperatoris
3379 5254 3605 5306 genere.

2187 5308 2297 5377 (44)
2335 5306 2611 5383 Τεκςρῦσαι.
2681 5304 2868 5383 Forte,
2897 5375 2906 5383 _
2936 5304 3250 5380 τρέχουσαι,
3311 5304 3419 5375 vel,
3490 5307 3765 5383 εὑροῦσαι,

2116 5399 2146 5427 ‹‹
2182 5375 2308 5448 quas
2368 5376 2588 5448 priores
2646 5375 2719 5428 ad
2777 5375 3072 5433 Christum
3131 5375 3604 5448 cucurrerunt,'»
3652 5375 3763 5448 vel,

2118 5470 2146 5498 ‹‹
2179 5447 2474 5503 Christum
2509 5447 2872 5501 invenerunt.
2900 5471 2925 5496 ››

2187 5519 2299 5591 (45)
2334 5521 2598 5591 Λαθεῖνηα
2629 5518 2810 5591 Quem
2845 5519 3088 5590 dignum
3122 5538 3235 5577 non
3270 5527 3395 5578 erat
3424 5521 3486 5578 in
3517 5522 3765 5580 obscuro

2117 5588 2315 5649 latere.
2346 5612 2373 5639 »
2396 5588 2670 5644 Mendose
2702 5589 2759 5643 in
2791 5591 2881 5645 ed.
2912 5588 3126 5655 ῖπαθεῖν.

2188 5663 2303 5737 (46)
2335 5658 2626 5740 Κριίσσων.
2661 5659 2800 5737 Reg.
2834 5678 2886 5735 ο,
2918 5665 3081 5722 addit
3113 5664 3232 5741 μέν.
