4056 6274
347 281 489 349 1191

1586 282 1648 346 S.
1699 280 2070 348 GBEGORII
2115 285 2509 354 THEOLOGI

3598 294 3756 362 1192

342 422 508 477 dium
540 418 752 490 prodit,
784 417 936 473 449
970 411 1069 487 qui
1100 416 1378 488 indignus
1410 422 1554 482 erat,
1587 423 1650 471 ut
1682 417 1738 471 in
1771 417 2016 474 obscuro
2047 421 2291 491 jaceret,
2324 441 2429 479 nec
2460 426 2550 480 sui
2583 426 2806 482 furtum
2839 428 3085 484 tolerare
3114 428 3347 501 sinitur,
3382 434 3752 505 quandoqui-

342 513 476 566 dem
507 508 599 562 his
630 505 972 573 honoribus,
1004 506 1220 577 quibus
1249 523 1492 576 corpora
1521 506 1671 560 affici
1704 507 1911 573 solent,
1944 507 2069 579 ipse
2099 513 2467 580 praestantior
2496 531 2561 570 ac
2593 515 2902 571 sublimior
2931 523 3073 572 erat.

413 597 608 654 XVIII.
642 601 772 651 Haec
804 601 965 664 sunt,
999 612 1124 665 quae
1155 594 1403 649 dicenda
1441 595 1778 664 habuimus,
1812 601 1985 666 atque
2014 599 2070 663 Α

343 688 500 744 haud
549 687 670 741 scio
701 704 774 739 an
823 684 994 757 plura
1031 687 1222 739 dicere
1253 701 1401 755 Opus
1433 684 1528 738 sit.
1564 685 1760 754 Neque
1809 685 1988 751 enim,

343 777 574 834 etiamsi
603 775 922 830 orationem
956 774 1016 827 in
1049 772 1288 844 longum
1323 773 1795 843 produxerimus,
1830 775 1992 844 quid-

344 883 523 938 quam
554 869 751 920 tamen
789 862 992 917 aﬂerre
1024 878 1334 933 queamus,
1385 862 1540 932 quod
1573 861 1734 916 illius
1765 862 1990 916 virtuti-

342 958 454 1011 bus
484 959 540 1010 et
569 950 1007 1017 existimationi,
1026 967 1202 1021 quam
1224 951 1294 1004 de
1323 966 1387 1004 eo
1418 950 1827 1022 unusquisque
1847 967 1990 1004 con-

342 1045 512 1117 cepit,
547 1042 667 1098 ulla
695 1059 764 1097 ex
794 1047 956 1113 parte
988 1040 1358 1110 respondeat.
1411 1041 1599 1110 Atque
1648 1039 1767 1093 hac
1813 1040 1987 1094 etiam

341 1150 408 1190 eo
440 1131 850 1200 disseruimus,
883 1133 950 1183 ut
979 1128 1241 1182 debitum
1293 1126 1378 1181 illi
1431 1126 1672 1182 honoris
1699 1128 1985 1182 tributum

341 1227 640 1292 utcunque
670 1217 1152 1290 persolveremus.
1186 1219 1460 1270 Vestrum
1495 1222 1584 1270 est
1611 1217 1736 1286 jam
1764 1234 1830 1271 ea
1860 1225 1988 1287 quas

340 1315 664 1383 supersunt
685 1325 718 1362 a
739 1305 1177 1376 vobismetipsis
1205 1306 1615 1377 adjungere,ut
1638 1304 1986 1360 nonnullum

341 1398 455 1470 ipsi
504 1411 737 1468 quoque
787 1392 1027 1464 martyri
1077 1408 1296 1446 munus
1346 1392 1621 1461 offeratis,
1653 1393 1984 1447 daemonum

338 1487 620 1543 nimirum
674 1481 1136 1554 oppressionem,
1172 1480 1508 1534 morborum
1557 1479 1982 1550 depulsionem,

339 1577 672 1630 futurarum
695 1587 888 1626 rerum
904 1568 1482 1640 praenotionem;quae
1506 1567 1743 1638 quidem
1764 1569 1982 1639 omnia,

335 1666 424 1720 vel
461 1663 576 1734 ipsi
625 1662 848 1716 cineres
896 1657 1187 1730 Cypriani,
1237 1658 1410 1711 modo
1460 1657 1614 1712 adsit
1662 1658 1827 1723 fides,
1858 1657 1982 1712 effi-

338 1754 520 1818 ciunt,
541 1749 1040 1823 quemadmodum
1068 1751 1302 1814 norunt,
1328 1746 1427 1816 qui
1450 1745 1630 1816 hujus
1651 1747 1729 1801 rei
1757 1751 1980 1816 pericu-

337 1842 459 1898 lum
494 1842 775 1902 iecerunt,
801 1854 866 1891 ac
898 1836 1232 1891 mirandum
1258 1835 1329 1889 ad
1353 1852 1458 1890 nos
1491 1853 1677 1906 usque
1705 1834 1981 1890 transmi-

339 1935 565 1996 serunt,
614 1928 996 1997 ejusdemque
1047 1923 1389 1979 memoriam
1449 1925 1698 1994 posteris
1749 1940 1980 1993 quoque

335 2017 609 2074 tradituri
644 2022 802 2071 sunt.
830 2015 949 2068 lmo
981 2030 1112 2067 vero
1141 2013 1234 2067 his
1265 2013 1490 2082 majora
1519 2014 1737 2082 offerte,
1759 2013 1980 2082 qualia-

337 2125 450 2179 que
481 2124 578 2162 eos
609 2105 812 2160 offerre
845 2120 950 2173 par
979 2107 1084 2167 est,
1119 2101 1218 2172 qui
1249 2118 1382 2155 eum
1450 2119 1580 2156 vere
1625 2119 1691 2156 ac
1751 2102 1975 2156 sincere

336 2196 571 2261 colunt;
595 2191 856 2264 corporis
878 2189 1100 2245 scilicet
1121 2191 1591 2257 macerationem,
1617 2190 1828 2244 anima:
1852 2206 1974 2260 pro-

335 2285 719 2358 gressionem,
767 2280 890 2335 vitii
939 2280 1160 2351 fugam,
1209 2278 1441 2333 virtutis
1490 2278 1916 2332 incrementum
1956 2296 1968 2344 ;

332 2373 589 2445 virgines
605 2370 800 2438 carnis
823 2368 1306 2434 maciem,uxores
1327 2367 1555 2422 virtutis
1578 2369 1769 2437 potius
1795 2384 1973 2438 quam

334 2462 594 2532 corporis
642 2457 1094 2514 concinnitatem
1138 2460 1195 2509 et
1239 2455 1611 2525 elegantiam,
1642 2458 1883 2524 juvenes
1913 2456 1971 2509 in

332 2546 790 2620 comprimendis
804 2544 984 2599 animi
1001 2544 1538 2614 perturbationibus
1552 2545 1968 2611 fortitudinem,

333 2655 502 2695 senes
533 2634 844 2692 consilium
875 2639 931 2687 et
962 2632 1352 2702 prudentiam,
1379 2649 1644 2701 proceres
1666 2633 1723 2686 in
1756 2635 1969 2687 consti-

331 2726 565 2783 tuendis
585 2724 814 2795 legibus
836 2721 1285 2792 aequitatem,rei
1314 2720 1582 2775 militaris
1609 2722 1783 2776 duces
1805 2738 1970 2776 man-

332 2814 725 2877 suetudinem,
772 2812 1046 2866 doctrina:
1099 2817 1272 2878 atque
1327 2808 1672 2880 eloquentiae
1722 2811 1970 2867 studiosi

330 2916 528 2977 aptam
559 2909 615 2958 et
645 2900 848 2955 rationi
879 2904 1329 2953 consentaneam
1361 2898 1683 2953 orationem
1711 2916 1722 2964 ;
1775 2905 1970 2969 atque,

329 3001 395 3049 ut
425 2995 493 3048 de
525 2993 700 3047 rebus
732 2988 947 3044 nostris
995 2986 1215 3057 aliquid
1273 2987 1485 3056 dicam,
1518 2988 1849 3043 sacerdotes
1883 3007 1969 3044 re-

331 3100 463 3138 rum
496 3096 794 3136 sacrarum
826 3076 1220 3146 disciplinam,
1246 3074 1407 3145 plebs
1437 3076 1849 3146 obedientiam,
1873 3079 1972 3149 qui

2172 599 2275 653 IH'.
2311 600 2393 655 Τὰ
2448 603 2542 672 μὲν
2590 603 2680 656 οὗν
2731 605 2858 676 παρ’
2888 606 3048 677 ἡμῶν
3081 611 3332 678 τοσαῦτα,
3364 609 3454 662 καὶ
3486 608 3585 663 οὐκ
3619 608 3743 680 οἶδ’,

2102 684 2185 739 ὅτι
2243 684 2323 740 δεῖ
2375 692 2486 762 (47)
2544 689 2773 745 πλείονα
2833 689 3036 767 λέγειν.
3096 693 3237 750 Οὐδὲ
3282 696 3405 772 γὰρ,
3442 697 3486 750 εἰ
3542 699 3749 773 μακρὸν

2101 775 2480 849 ἀποτείναιμεν
2531 782 2644 851 (48)
2695 779 2885 854 λόγον,
2940 779 3184 855 εἴποιμεν
3238 784 3298 838 ἂν
3346 807 3397 839 τι
3428 790 3533 839 τῶν
3570 787 3756 859 ἐκείνῳ

2098 863 2410 936 προσόντων
2461 868 2628 939 ἄξιον,
2674 869 2763 924 καὶ
2822 871 2894 924 ὧν
2952 867 3178 934 ἕκαστος
3235 875 3359 948 περὶ
3416 879 3513 928 τοῦ
3557 873 3752 951 ἀνδρὸς

2102 950 2420 1030 ὑπείληφεν.
2473 957 2570 1009 Καὶ
2612 962 2800 1029 ταῦτα,
2851 957 2974 1013 ὅσον
3022 960 3424 1036 ἀφοσιώσασθαι
3464 965 3563 1031 τὴν
3597 963 3750 1041 ὀφει-

2103 1040 2342 1112 λομένην
2376 1042 2558 1116 ἰκείνῳ
2581 1048 2771 1118 τιμὴν,
2806 1045 3103 1121 διήλθομεν
3130 1069 3142 1081 ⁸
3190 1052 3254 1104 τὰ
3304 1048 3362 1105 δὲ
3408 1051 3576 1106 λοιπὰ
3623 1040 3756 1129 παρ’

2099 1128 2250 1202 ὑμῶν
2284 1131 2458 1188 αὐτῶν
2490 1136 2838 1210 προσθετέον,
2866 1138 2956 1192 ἳνα
2992 1160 3044 1192 τι
3074 1139 3165 1193 καὶ
3209 1139 3364 1194 αὐτοὶ
3410 1146 3490 1212 τῷ
3544 1128 3748 1216 μάρτυ-

2099 1237 2150 1292 ρι
2199 1222 2614 1296 προσενέγκητε,
2666 1226 2764 1294 τὴν
2812 1230 2919 1279 τῶν
2970 1225 3244 1299 δαιμόνων
3286 1228 3618 1304 καθαίρεσιν,
3650 1233 3752 1299 τὴν

2094 1311 2203 1360 τῶν
2233 1308 2400 1364 νόσων
2432 1311 2749 1382 κατάλυσιν,
2794 1316 2893 1383 τὴν
2925 1320 3021 1369 τοῦ
3055 1316 3356 1388 μέλλοντος
3386 1319 3697 1392 πρόγνωσιν
3732 1341 3745 1352 ·

2097 1395 2128 1449 ἂ
2177 1399 2347 1452 πάντα
2405 1397 2622 1455 δύναται
2679 1409 2985 1478 Κυπριανοῦ
3040 1407 3129 1459 καὶ
3186 1409 3222 1474 ἡ
3282 1406 3431 1468 κόνις
3489 1410 3622 1473 μετὰ
3646 1411 3749 1477 τῆς

2093 1484 2347 1557 πίστεως,
2406 1489 2479 1549 ὡς
2530 1486 2700 1544 ἴσασιν
2761 1492 2813 1545 οἱ
2861 1494 3273 1567 πεπειραμένοι,
3324 1495 3414 1549 καὶ
3462 1497 3525 1550 τὸ
3569 1498 3752 1569 θαῦμα

2097 1571 2294 1648 μέχρις
2324 1577 2483 1647 ἡμῶν
2535 1578 3010 1653 παραπέμψαντες,
3060 1581 3148 1635 καὶ
3196 1587 3276 1654 τῷ
3328 1582 3591 1655 μέλλοντι
3643 1606 3751 1639 πα-

2094 1659 2429 1735 ραδώσοντες
2461 1662 2670 1740 χρόνῳ.
2704 1666 2933 1723 Μᾶλλον
2968 1667 3025 1724 δὲ
3052 1671 3118 1724 τὰ
3151 1672 3322 1743 μείζω
3350 1671 3556 1727 τούτων
3605 1695 3748 1748 προ-

2093 1750 2442 1826 εισενέγκαῖτε,
2487 1756 2575 1808 καὶ
2635 1757 2721 1810 οἷα
2763 1756 2889 1819 τοὺς
2939 1760 3142 1813 ἒκεῖνον
3191 1760 3427 1836 γνησίως
3471 1767 3750 1835 τιμῶντας

2093 1839 2259 1907 εἰκὸς,
2291 1841 2545 1914 σώματος
2576 1845 2825 1915 κένωσιν,
2853 1851 3040 1921 ψυχῆς
3071 1844 3326 1903 ἀνάϐασιν
3365 1853 3496 1925 (49),
3549 1851 3747 1914 κακίας

2014 1964 2058 2028 Β
2090 1928 2399 2006 ἀποφυγὴν,
2451 1932 2646 2003 ἀρετῆς
2693 1933 2970 1989 ἐπίδοσιν·
3018 1937 3072 1989 αἱ
3116 1938 3371 2013 παρθέθοι
3431 1941 3528 2008 τὴν
3581 1941 3747 2017 ἀσαρ-

2091 2017 2206 2070 κίαν
2255 2023 2385 2091 (50),
2437 2022 2492 2074 αἱ
2537 2028 2785 2096 γυναῖκες
2824 2025 2922 2092 τὴν
2960 2025 3250 2098 εὐκοσμίαν
3286 2029 3482 2100 ἀρετῆς
3516 2028 3733 2100 μᾶλλον

2083 2107 2117 2172 ἢ
2173 2108 2426 2179 σώματος
2468 2112 2602 2184 (51),
2663 2114 2714 2166 οἱ
2765 2112 2874 2167 νέοι
2933 2116 3029 2182 τήν
3080 2117 3213 2170 κατὰ
3262 2118 3370 2170 τῶν
3424 2121 3610 2171 παθῶν
3644 2118 3743 2172 ἀν-

2087 2192 2234 2268 δρίαν
2294 2200 2426 2269 (52),
2495 2200 2546 2252 οἱ
2590 2196 2882 2271 πρεσϐῦται
2931 2204 3031 2272 τὴν
3074 2199 3388 2276 εὐϐουλίαν,
3442 2208 3492 2259 οἱ
3543 2205 3594 2260 ἰν
3647 2205 3744 2260 δυ-

2083 2284 2299 2354 ναστείᾳ
2326 2288 2425 2354 τὴν
2460 2287 2736 2361 εὐνομίαν,
2769 2291 2819 2343 οὶ
2851 2289 2902 2344 ἐν
2936 2293 3233 2368 στρατηγίᾳ
3263 2295 3379 2367 (53)
3408 2295 3505 2363 τὴν
3530 2296 3743 2370 ἡμερό-

2082 2391 2233 2439 τητα,
2268 2375 2318 2427 οἱ
2351 2374 2402 2428 ἐν
2437 2374 2628 2449 λόγοις
2656 2379 2717 2431 τὸ
2749 2378 2976 2452 εὔλογον
2998 2399 3010 2411 ’
3046 2380 3182 2435 εἷ’πω
3211 2403 3264 2435 τι
3304 2381 3393 2436 καὶ
3441 2387 3547 2437 τῶν
3599 2386 3744 2456 ἡμε-

2083 2459 2273 2534 τέρων,
2322 2463 2375 2515 οἱ
2424 2465 2587 2539 ἱερεῖς
2635 2468 2732 2535 τὴν
2778 2471 3160 2544 μυσταγωγίαν
3204 2474 3339 2537 (54).
3391 2473 3442 2525 o't
3468 2477 3565 2525 τοῦ
3600 2472 3742 2527 λαοῦ

2083 2551 2182 2618 τὴν
2238 2551 2553 2625 εὐπείθειαν,
2613 2555 2664 2608 οἱ
2723 2555 2774 2610 ἰν
2803 2569 2982 2620 πενθει
3029 2561 3129 2626 τὴν
3176 2559 3543 2632 παράκλησιν,
3597 2562 3647 2614 o't
3682 2561 3738 2615 ἐν

2087 2637 2349 2714 εὐημερίᾳ
2398 2643 2488 2696 τὸν
2539 2640 2728 2720 φόϐον,
2779 2647 2832 2699 οἱ
2883 2645 3137 2701 πλούσιοι
3187 2650 3285 2715 τήν
3337 2647 3649 2721 μεταδοσιν,
3683 2652 3737 2704 οἳ

2084 2729 2311 2796 πένητες
2341 2731 2439 2798 τήν
2495 2731 2838 2807 εὐχαριστίαν
2866 2753 2877 2765 ·
2935 2735 3129 2797 πάντες
3174 2737 3274 2804 τὴν
3322 2739 3456 2792 κατὰ
3483 2742 3580 2792 τοῦ
3629 2760 3737 2792 πο-

2081 2822 2252 2891 νηροῦ
2303 2819 2390 2872 καὶ
2436 2827 2632 2895 πικροῦ
2676 2820 2906 2877 διώκτον
2954 2825 3262 2898 παρέταξιν,
3307 2825 3394 2880 ’ίνα
3430 2828 3504 2898 μὴ
3539 2828 3731 2904 φαινό-

2086 2926 2241 2976 μενος
2280 2905 2479 2980 βάλλῃ,
2515 2911 2589 2980 μή
2638 2912 2828 2985 τοξεύῃ
2864 2913 3259 2988 κρυπτόμενος,
3316 2916 3390 2987 μὴ
3427 2916 3503 2976 ὡς
3533 2915 3727 2978 σκότος

2080 2993 2324 3067 πολεμῇ,
2381 2998 2454 3067 μὴ
2507 2998 2580 3059 ὡς
2629 2999 2864 3073 ἅγγελος
2915 3003 3093 3079 φωτὸς
3143 3003 3328 3077 παίζῃ,
3379 3003 3467 3057 καὶ
3526 3001 3736 3077 κλέπτῃ

2081 3083 2216 3157 πρὸς
2247 3084 2310 3137 τὸ
2339 3091 2438 3152 τῆς
2473 3087 2748 3150 ἀπωλείας
2784 3090 3071 3165 βάραθρον.

330 3173 392 3228 in
427 3186 672 3226 maerore
728 3168 872 3223 estis
926 3165 1402 3229 consolationem,
1437 3166 1536 3236 qui
1587 3166 1642 3219 in
1689 3166 1916 3221 ﬂorenti
1967 3186 2159 3226 rerum
2216 3179 2376 3228 statu
2435 3176 2724 3244 timorem,
2758 3179 2966 3233 divites
3023 3179 3418 3250 largitionem,
3451 3198 3740 3252 pauperes

331 3264 652 3335 gratiarum
687 3258 1009 3320 actionem;
1045 3271 1247 3309 omnes
1291 3255 1563 3324 denique,
1596 3257 1858 3311 muneris
1889 3260 2196 3329 cujusdam
2237 3265 2441 3332 instar,
2475 3265 2914 3322 dimicationem
2949 3269 3228 3323 adversus
3277 3287 3520 3340 pravum
3571 3271 3740 3325 illum

328 3358 388 3408 et
419 3365 635 3406 saevum
686 3350 1109 3432 persecutorem
1143 3344 1413 3432 oll'erant,
1445 3349 1509 3397 ut
1541 3361 1645 3432 nec
1675 3351 1871 3416 aperte
1902 3363 2007 3402 nos
2036 3350 2319 3418 vulneret,
2352 3371 2455 3408 nec
2486 3355 2709 3410 occulte
2741 3357 2973 3428 sagittis
3022 3358 3291 3428 impetat,
3326 3375 3429 3413 nec
3461 3364 3525 3412 ut
3556 3359 3747 3432 caligo

326 3438 546 3496 bellum
577 3435 809 3502 inferat,
843 3448 948 3487 nec
980 3437 1042 3486 ut
1073 3431 1222 3486 lucis
1253 3431 1496 3501 angelus
1528 3431 1709 3501 fallat,
1741 3433 2059 3506 furtimque
2089 3440 2158 3493 ad
2194 3443 2530 3511 sempiterni
2566 3444 2726 3497 exitii
2759 3444 3100 3499 barathrum
3135 3445 3460 3516 praacipites
3490 3452 3641 3516 agat.

398 3525 542 3582 XIX.
579 3524 762 3579 Grave
794 3538 859 3575 ac
890 3519 1280 3590 periculosum
1314 3524 1402 3574 est
1426 3537 1527 3590 per
1573 3521 1770 3576 oculos
1823 3523 1970 3592 cupi,
2006 3525 2048 3591 C

326 3633 428 3688 per
456 3614 718 3685 linguam
752 3609 1026 3675 sauciari,
1057 3624 1154 3675 per
1185 3625 1354 3662 aures
1385 3608 1776 3680 inescari,per
1805 3611 1971 3665 ebul-

323 3706 559 3760 lientem
613 3703 759 3756 iram
806 3698 1180 3761 inﬂammari,
1216 3715 1316 3767 per
1367 3705 1604 3768 gustum
1637 3698 1826 3768 dejici,
1876 3718 1972 3771 per

322 3798 544 3850 tactum
576 3788 846 3855 emolliri,
871 3795 1048 3858 atque
1080 3803 1243 3840 arma
1266 3786 1473 3840 salutis
1501 3787 1560 3840 in
1584 3789 1789 3842 mortis
1813 3806 1976 3843 arma

323 3885 695 3945 convertere;
757 3877 911 3932 450
958 3892 1089 3930 cum
1143 3879 1407 3944 oporteat
1452 3881 1709 3940 econtra,
1745 3882 1809 3929 ut
1841 3877 1973 3931 ﬁdei

323 3971 525 4043 clypeo
558 3966 905 4024 communiti
932 3965 996 4027 ‘0,
1037 3965 1314 4017 adversus
1366 3963 1577 4017 diaboli
1636 3965 1884 4019 astutias
1915 3967 1973 4019 in

323 4059 624 4131 procinctu
659 4064 905 4119 stemus,
939 4052 1360 4122 victoriamque
1386 4069 1516 4105 cum
1551 4052 1779 4107 Christo
1812 4071 1974 4108 asse-

324 4149 465 4212 cuti,
498 4153 556 4201 et
587 4146 712 4216 pari
745 4161 810 4198 ac
843 4147 1126 4212 martyres
1156 4142 1473 4194 certamine
1508 4142 1818 4211 perfuncti,
1854 4160 1974 4197 ma-

325 4252 500 4308 gnam
549 4234 709 4288 illam
754 4248 951 4287 vocem
1007 4229 1318 4284 audiamus
1362 4245 1374 4281 :
1430 4228 1652 4296 Venite,
1691 4230 1972 4286 benedicti

322 4325 514 4381 Patris
565 4323 698 4390 mei,
732 4339 977 4390 regnum
1027 4319 1193 4374 vobis
1239 4318 1596 4388 promissum
1639 4320 1975 4377 haereditate

324 4414 605 4486 percipite
623 4414 756 4477 “,in
790 4427 904 4480 quo
935 4409 1257 4463 laetantium
1291 4407 1554 4462 omnium
1585 4409 1976 4480 choreamque

322 4503 746 4574 sempiternam
779 4498 1078 4571 agentium
1112 4495 1393 4551 habitatio
1426 4502 1514 4550 est
1615 4514 1626 4552 :
1662 4498 1719 4551 in
1745 4514 1858 4568 quo
1882 4517 1973 4554 so-

391 4699 437 4735 ‘0
464 4697 679 4770 Ephes.
709 4712 788 4764 vr,
821 4695 908 4749 16.
984 4693 1026 4730 ⁴¹
1063 4692 1261 4748 Matth.
1295 4708 1425 4763 xxv,
1459 4693 1546 4747 34.

392 4897 507 5028 (47)
539 4899 646 4949 Δεῖ.
680 4895 852 4950 Deest
876 4893 935 4947 in
967 4897 1106 4964 Reg.
1139 4908 1191 4946 a.
1358 4963 1369 4973 .

394 4967 483 5028 (48
539 4965 968 5028 Ἀποτείναιμεν.
1006 4967 1066 5018 in
1104 4963 1368 5018 nonnulli

403 4960 505 5028 ’48)
539 4965 968 5037 Ἀποτείναιμεν.
1006 4960 1078 5018 Iri
1104 4963 1426 5027 nonnullis,
1459 4960 1858 5034 ἀποτείνοιμεν.

394 4967 506 5110 (49)
552 5034 862 5092 Ἀνάϐασιν.
933 5037 1071 5110 Reg.
1142 5035 1425 5110 Cyprtnet
1481 5036 1580 5107 ph,
1648 5029 1855 5110 ἀναϐίω

421 4985 505 5028 (ιδ)
540 4985 968 5037 Ἀποτειναιμεν.
1007 4985 1066 5018 in
1104 4985 1426 5027 DOﬂIluulS,
1459 4985 1858 5034 αποτεινοιμεν.

421 5040 506 5110 49)
552 5034 862 5092 Ἀνάϐασιν.
933 5037 1071 5110 Reg.
1142 5035 1425 5110 Cyprtuet
1481 5036 1580 5107 pb,
1648 5029 1968 5110 ἀναϐίωσιν,

333 5135 353 5162 ε
391 5104 597 5166 animae
653 5104 1518 5166 resurrectionem.ii’Billius‘z
1549 5129 1576 5156 «
1629 5109 1837 5163 animae
1887 5125 1979 5165 as-

324 5184 728 5238 censionem.»

395 5256 507 5326 (50)
538 5253 644 5319 Τὴν
704 5250 980 5321 ἀσαρκίαν.
1012 5270 1047 5326 μοι
1091 5247 1301 5326 Carnis,
1354 5247 1622 5326 maciem,
1670 5272 1698 5298 »
1749 5252 1804 5304 id
1863 5258 1974 5320 est,

327 5347 355 5376 ι(
389 5321 711 5396 angelicam
743 5325 872 5379 vitae
917 5322 1221 5386 rationem,
1255 5324 1310 5373 et
1340 5321 1533 5374 carnis
1580 5337 1725 5392 pene
1772 5339 1972 5395 exper-

323 5402 516 5452 tem.»

397 5470 507 5553 <51:
541 5467 826 5553 εἳώιλαῖοε·
859 5466 1001 5553 ,πιθε-
1036 5464 1092 5529 άι
1122 5478 1150 5490 -
1174 5462 1570 5553 -τιεωμαξοςι
1627 5533 1670 5553 η
1791 5536 1804 5553 ,
1887 5534 1899 5553 ,

541 5522 806 5615 Ἀνδρίανζ
859 5522 1037 5610 Βεέε.
1082 5522 1147 5589 ὀ.
1206 5522 1348 5601 iam;
1380 5533 1457 5605 ph
1517 5535 1573 5588 et
1627 5533 1724 5591 op.
1785 5536 1837 5607 1,
1876 5534 1974 5592 ἀν-

2160 3527 2257 3580 ΙΘ’.
2295 3529 2473 3580 Δεινὸν
2517 3527 2822 3604 ὀφθαλμοῖς
2874 3528 3104 3600 ἁλῶναι,
3154 3532 3243 3584 καὶ
3273 3530 3495 3605 γλώσσῃ
3521 3534 3747 3607 τρωθῆ-

2081 3634 2189 3679 ναι,
2219 3616 2308 3668 καὶ
2363 3615 2498 3690 ἀκοῇ
2547 3614 2920 3686 δελεασθῆναι,
2977 3618 3065 3672 καὶ
3120 3617 3209 3673 διὰ
3257 3622 3435 3691 θυμοῦ
3489 3621 3743 3688 ζέσαντος

2085 3701 2485 3777 ἐμπρησθῆναι,
2533 3705 2622 3759 καὶ
2664 3705 2843 3779 γεύσει
2897 3711 3307 3782 κατενεχθῆναι,
3342 3708 3432 3761 καὶ
3467 3709 3575 3785 ἀφῇ
3635 3730 3742 3778 μα-

2085 3787 2424 3862 λακισθῆναι,
2483 3793 2571 3847 καὶ
2621 3801 2738 3855 τοῖς
2798 3793 2992 3849 ὅπλοις
3050 3803 3150 3864 τῆς
3199 3795 3493 3868 σωτηρίας,
3541 3795 3745 3859 ὅπλοις

2083 3879 2309 3932 θανάτου
2340 3884 2642 3955 χρήσασθαι
2668 3902 2680 3914 ·
2718 3880 2835 3936 δέον
2866 3887 2944 3953 τῷ
2994 3888 3167 3956 θυρεῷ
3213 3883 3587 3960 φραξαμένους
3636 3891 3742 3953 τῆς

2083 3969 2333 4037 πίστεως,
2393 3977 2583 4038 στῆναι
2639 3971 2775 4045 πρὸς
2831 3973 2926 4033 τὰς
2985 3969 3269 4044 μεθοδείας
3311 3978 3407 4028 τοῦ
3443 3979 3738 4046 Πονηροῦ·

2082 4058 2171 4110 καὶ
2206 4057 2338 4129 μετὰ
2391 4063 2622 4130 Χριστοῦ
2677 4061 3024 4132 νικήσαντας,
3085 4061 3174 4115 καὶ
3223 4063 3358 4134 μετά
3387 4067 3492 4115 τῶν
3530 4061 3743 4136 μαρτύ-

2085 4148 2330 4218 ρων
2382 4147 2742 4219 ἀθλήσαντας,
2791 4151 2888 4216 τῆς
2945 4148 3189 4224 μεγάλης
3245 4150 3458 4218 ἐκείνης
3517 4151 3744 4204 ἀκοῦσαι

2085 4241 2269 4308 φωνῆς
2294 4253 2306 4265 ·
2345 4239 2524 4305 Δεῦτε,
2559 4236 2609 4289 o't
2642 4236 3001 4311 εὐλογημένοι
3030 4242 3127 4292 τοῦ
3160 4238 3370 4311 Πατρός
3419 4259 3544 4310 μου,
3594 4237 3746 4308 κλη-

2086 4324 2429 4396 ρονομήσατε
2464 4324 2562 4391 τὴν
2622 4323 3038 4400 ἐπηγγελμένην
3092 4329 3202 4399 (56)
3250 4327 3377 4398 ὑμῖν
3436 4325 3742 4401 βασιλείαν,

2084 4409 2209 4464 ἔνσα
2239 4410 2680 4488 εὐφραινομένων
2714 4408 2925 4468 πάντων
2963 4417 2998 4484 ἡ
3029 4415 3297 4485 κατοικία,
3330 4415 3418 4469 καὶ
3469 4415 3746 4489 χορευόν-

2084 4521 2190 4553 των
2238 4500 2458 4575 χορείαν
2509 4503 2608 4570 τήν
2662 4502 2994 4558 ἀκατάλυτον
3024 4523 3036 4535 ⁶
3088 4503 3209 4558 ἔνθα
3264 4506 3406 4578 ἦχος
3455 4504 3741 4579 ἑορταζόν-

1625 4694 1670 4727 ⁴²
1703 4694 1856 4750 Psal.
1892 4713 2114 4764 Lxxxw,
2149 4697 2202 4752 7.

2160 4896 2274 4978 (53)
2306 4894 2368 4947 Οἱ
2417 4893 2492 4978 ἐν,
2523 4897 2840 4978 στρατηγίᾳ.
2893 4901 3155 4978 Regg._a,
3181 4897 3526 4978 p,_d_etﬁph,
3570 4913 3744 4978 erasa

2091 4968 2272 5056 priori,
2319 4969 2629 5056 scriptura,
2673 4968 3346 5056 o't'tvmq'mai-c—cquCoisl.
3373 4968 3445 5056 .2—
3478 4973 3534 5023 et
3581 4968 3741 5056 P‘arq

2089 5039 2327 5121 στρατίᾳ.
2355 5062 2381 5088 ‹‹
2417 5039 2695 5096 Homines
2755 5039 3059 5110 militares,
3102 5039 3131 5092 ὲ)
3182 5049 3309 5097 tum
3355 5042 3556 5106 (10063,
3608 5045 3740 5096 tum

2087 5111 2570 5199 militequuibus
2603 5113 3315 5199 paritqpcommendande
3344 5116 3433 5199 east
3462 5112 3698 5199 lenitas.

2155 5183 2267 5251 (54)
2309 5180 2718 5257 Μυσταγωγίαν.
2769 5186 2997 5242 Nicetas
3056 5186 3310 5258 exponit,
3363 5180 3739 5252 δικαιοσύνην,

2088 5254 2454 5324 «justitiam.
2479 5276 2508 5304 ››
3598 5323 3604 5324 γ

2153 5321 2267 5393 (55)
2301 5321 2396 5376 Καί
2449 5325 2582 5394 μετά
2628 5330 2735 5379 τῶν
2791 5327 3100 5402 μαρτύρων.
3154 5327 3322 5383 Bill.:
3354 5348 3382 5376 «
3434 5323 3741 5395 simulque

2161 5412 2214 5449 ω
2249 5395 2607 5450 martvribus
2632 5399 2946 5450 colluctati.
2983 5405 3152 5450 Deest
3198 5403 3303 5450 τῶν
3355 5397 3414 5450 in
3466 5395 3741 5450 pluribus

2084 5412 2214 5450 cum
2249 5396 2607 5463 martyribus
2632 5396 3152 5456 colluCtatiXDeest
3198 5403 3303 5453 τῶν
3355 5397 3414 5452 in
3465 5396 3741 5468 pluribus

2083 5467 2261 5538 Regg.
2295 5472 2352 5538 et
2390 5467 2448 5521 in
2481 5467 2575 5538 0r.
2614 5470 2661 5538 1,.

2295 5483 2770 5612 ςὲτίνῗγξιλιίέήν.
2823 5542 2996 5601 Coisl.
3051 5545 3078 5599 1
3130 5546 3187 5599 et
3234 5542 3329 5599 Or.
3383 5541 3449 5609 1,
3495 5540 3742 5614 ἡτοιμα-

2150 5628 2308 5682 .ενην,
2341 5633 2370 5663 ιι
2402 5616 2698 5686 paratum.
2720 5633 2751 5665 ››

2081 5628 2308 5686 σμενην,
2341 5633 2370 5663 ι(
2402 5628 2698 5686 paratum.
2720 5633 2751 5665 ››
