4056 6274
228 380 362 454 1193

994 377 1283 450 ORATIO
1329 379 1517 449 XXV.
1553 420 1631 429 —
1660 377 1739 446 ΙΝ
1787 380 2112 450 LAUDEM
2157 381 2501 449 HEBONIS
2548 387 2850 451 PHILOS.

3460 390 3616 452 1194

224 543 336 593 των,
368 521 456 574 καὶ
490 519 644 597 φωνή
677 515 1077 592 ἀγαλλιάσεως,
1130 517 1217 572 καὶ
1267 514 1523 586 θεότητος
1575 512 1851 590 ἔλλαμψις

1970 536 2078 575 nus
2110 519 2322 575 festum
2352 518 2795 587 celebrantium,
2821 521 2878 575 et
2901 535 3008 575 vox
3036 518 3444 576 exsultationis
3466 521 3533 590 ‘3,
3560 525 3619 576 et

224 607 505 684 τελεωτέρα
552 607 642 661 καὶ
689 604 985 680 καοωτέρα,
1043 609 1108 675 ἧς
1173 611 1264 660 νῦν
1324 605 1376 660 ἐν
1428 604 1708 679 αἰνίγμασι
1767 606 1856 659 καί

227 705 378 760 σκιαῖς
423 701 460 767 ἦ
509 696 830 758 ἀπόλαυσις.
877 694 1100 758 Τούτοις
1145 695 1448 769 Κυπριανὸς
1501 693 1679 769 χαίρει
1717 692 1856 767 μᾶλ-

226 787 306 842 λον
337 787 670 858 τιμώμενος,
701 785 734 852 ἢ
775 790 933 838 πᾶσιν
987 784 1125 856 ὑμοῦ
1164 788 1279 844 τοῖς
1311 781 1504 843 ἄλλοις
1530 801 1542 813 ·
1573 787 1740 836 ταῦτα
1768 780 1857 835 καὶ

223 877 392 951 παρὼν
423 873 738 950 ἐφιλοσόφει
767 871 846 944 τῷ
881 872 985 947 βίῳ
1036 873 1168 945 (57),
1213 871 1303 925 καὶ
1373 870 1522 925 ἀπὼν
1563 877 1693 925 πᾶσι
1751 868 1860 925 δια-

221 965 482 1020 κελεύεται
512 961 601 1018 διὰ
629 969 728 1031 τῆς
761 963 1036 1037 ἠμετάρας
1069 968 1255 1038 φωνῆς
1280 979 1293 991 ’
1325 961 1386 1029 ἣν
1425 957 1695 1032 μηδαμῶς
1738 961 1859 1014 ἀτι-

225 1055 436 1128 μάσητε,
497 1050 644 1126 εἴπερ
687 1070 738 1104 τι
798 1048 951 1122 μελει
1006 1056 1108 1118 τῆς
1151 1048 1356 1103 ἐκείνου
1388 1048 1673 1123 καρτερίας
1706 1049 1858 1120 ὑμῖν,

219 1143 299 1197 καὶ
348 1146 456 1197 τῶν
500 1141 701 1195 ἐκείνου
760 1139 882 1215 περὶ
937 1145 1036 1206 τῆς
1118 1137 1372 1208 ἀληθείας
1445 1136 1856 1212 ἀγωνισμάτων,

218 1233 382 1305 κάμοῦ
435 1234 530 1285 τοῦ
585 1232 751 1284 ταῦτα
803 1223 1196 1302 πρεσϐεύοντος
1255 1229 1388 1299 (58).
1439 1226 1602 1280 Αὗταί
1635 1247 1717 1279 σοι
1750 1230 1856 1280 τῶν

218 1321 350 1394 ἐμῶν
384 1317 566 1395 λόγων
600 1318 653 1372 αἰ
685 1315 928 1393 ἀπαρχαὶ
961 1318 1098 1390 (59),
1133 1313 1176 1369 ὦ
1210 1315 1326 1379 θεία
1355 1313 1443 1369 καί
1475 1314 1592 1390 ἱερᾶ
1621 1313 1852 1392 κεφαλή

214 1408 360 1464 τοῦτό
418 1430 500 1462 σοι
541 1406 630 1461 καὶ
685 1411 791 1460 τῶν
850 1399 1032 1480 λόγων
1081 1402 1238 1480 γέρας
1266 1402 1358 1458 καί
1396 1405 1495 1472 τῆς
1528 1401 1812 1473 ἀθλήσεως
1841 1423 1852 1434 ·

217 1497 272 1552 οὐ
299 1498 504 1559 κότινος
538 1494 928 1568 Ὀλυμπιακὸς,
957 1491 1075 1548 οὕτε
1131 1491 1284 1566 μῆλα
1328 1491 1567 1569 Δελφικὰ
1613 1491 1854 1566 παίγνια,

216 1583 332 1640 οὐδὲ
383 1585 626 1658 Ἰσθμικὴ
685 1583 862 1652 πίτυς,
921 1580 1048 1637 οὐδὲ
1087 1583 1324 1654 Νεμαίας
1374 1581 1488 1654 (60)
1537 1576 1740 1650 σέλινα,
1788 1576 1858 1634 δι’

214 1676 282 1728 ὧν
339 1669 536 1747 ἔφηϐοι
597 1670 880 1746 δτστυχεῖς
930 1671 1307 1744 ἐτιμήθησαν’
1364 1666 1511 1724 ἀλλὰ
1569 1667 1753 1744 λόγος,
1793 1668 1856 1723 τὸ

210 1764 416 1818 πάντων
477 1761 803 1816 οἰκειότατον
856 1764 973 1820 τοῖς
1030 1759 1205 1834 Λόγου
1263 1762 1652 1833 θεραπευταῖς·
1715 1757 1760 1811 εἰ
1797 1755 1855 1812 δὲ

1969 608 2168 681 purior
2199 626 2264 664 ac
2309 607 2536 680 plenior
2581 612 2670 664 est
2717 609 3043 665 divinitatis
3091 609 3466 680 illuminatio,
3501 626 3618 681 qua

1970 713 2124 752 nunc
2156 696 2214 751 in
2246 696 2659 768 aenigmatibus
2687 698 2972 754 duntaxat
3004 701 3060 753 et
3085 697 3312 753 umbris
3345 698 3616 753 fruimur.

1969 785 2086 841 Hoc
2117 785 2406 841 honorum
2438 802 2647 857 genere
2688 787 2876 859 magis
2920 786 3242 844 oblectatur
3271 787 3618 858 Cyprianus,

1969 890 2145 945 quam
2179 875 2408 929 cunctis
2439 872 2571 930 aliis
2595 873 2653 929 in
2679 892 2863 930 unum
2894 875 3206 948 congestis.
3231 880 3386 942 Haec,
3408 885 3620 931 etcum

1968 964 2125 1033 apud
2156 962 2425 1018 homines
2446 967 2796 1032 versaretur,
2819 964 2940 1018 vita
2970 966 3351 1035 moribusque
3383 970 3619 1037 praesta-

1968 1051 2088 1116 bat,
2112 1054 2170 1105 et
2200 1050 2413 1105 absens
2443 1066 2546 1121 per
2586 1057 2846 1106 nostram
2879 1069 3076 1107 vocem
3107 1054 3386 1108 omnibus
3417 1053 3621 1124 preci-

1969 1139 2054 1212 pit
2085 1155 2099 1194 :
2135 1155 2336 1210 quam,
2369 1139 2630 1208 obsecro,
2664 1155 2736 1194 ne
2774 1141 3167 1196 contemnatis
3196 1157 3262 1195 ac
3300 1157 3404 1212 pro
3435 1140 3620 1196 nihilo

1969 1227 2218 1295 ducatis,
2235 1229 2284 1283 si
2310 1236 2503 1283 tamen
2529 1232 2628 1283 aut
2649 1227 2809 1283 illius
2832 1229 2889 1283 in
2914 1229 3180 1284 dolorum
3203 1230 3621 1285 acerbitatibus

1969 1315 2285 1388 patientiae,
2321 1332 2386 1372 ac
2419 1317 2809 1372 certaminum
2861 1334 2964 1389 pro
3004 1318 3238 1375 virtutis
3285 1318 3622 1374 defensione

1968 1411 2401 1478 susceptorum,
2427 1410 2528 1461 aut
2558 1405 2730 1462 etiam
2756 1406 2890 1475 mei,
2916 1407 3016 1479 qui
3041 1406 3152 1464 hac
3181 1407 3468 1480 legatione
3493 1407 3624 1462 fun-

1965 1510 2090 1567 gor,
2117 1494 2270 1566 apud
2302 1512 2402 1550 vos
2453 1494 2574 1551 ulla
2615 1500 2699 1552 est
2753 1494 2920 1552 ratio.
2945 1495 3158 1568 Habes,
3190 1499 3278 1551 vir
3324 1496 3520 1552 divine
3563 1499 3625 1550 et

1967 1591 2356 1649 sacrosancte,
2389 1600 2654 1641 meorum
2699 1601 3040 1641 sermonum
3082 1584 3394 1656 primitias.
3428 1584 3621 1640 Habes

1967 1677 2094 1727 tum
2126 1671 2426 1739 doctrinae,
2461 1680 2586 1728 tum
2621 1674 2958 1729 certaminis
2991 1674 3296 1745 praemium
3323 1690 3335 1729 :
3371 1691 3485 1729 non
3518 1673 3621 1729 oli-

1965 1775 2094 1814 vam
2128 1759 2510 1832 Olympicam,
2545 1778 2652 1817 nec
2695 1778 2888 1832 poma,
2919 1761 3228 1833 Delphicas
3277 1779 3486 1834 nugas,
3519 1768 3622 1818 aut

210 1852 294 1905 καὶ
346 1855 454 1905 τῶν
513 1851 618 1904 σῶν
671 1847 852 1912 ἄθλων
894 1848 981 1902 καὶ
1034 1846 1216 1922 λόγων
1250 1846 1414 1916 ἄξιον,
1445 1850 1542 1900 τοῦ
1575 1845 1754 1918 Λόγου
1791 1847 1851 1900 τὸ

1970 1849 2305 1904 lsthmicam
2359 1850 2588 1920 pinum,
2637 1857 2738 1905 aut
2785 1855 3083 1906 Nemeum
3134 1851 3359 1923 apium,
3398 1851 3618 1922 quibus

210 1936 392 2014 δῶρον·
430 1938 504 1993 Σῖ)
547 1936 604 1993 δὲ
651 1940 800 2011 ἡμᾶς
845 1935 1162 1996 ἐποπτεόοις
1197 1932 1397 1989 ἄνωθεν
1422 1932 1614 2002 ’ίλεως,
1643 1934 1732 1988 καὶ
1763 1935 1853 1988 τὸν

208 2028 468 2104 ἡμέτερον
503 2025 764 2104 διεξάγοις
795 2024 960 2101 λόγον
989 2026 1078 2079 καὶ
1115 2024 1253 2100 βίον,
1285 2023 1373 2077 καὶ
1427 2023 1490 2077 τὸ
1539 2022 1679 2097 ξερὸν
1730 2027 1854 2076 τοῦ-

206 2139 265 2172 το
297 2116 552 2191 ποίμνιον
582 2115 920 2188 ποιμαίνοις,
953 2115 988 2182 ἢ
1024 2111 1447 2186 συμποιμαίνοις
1489 2113 1622 2185 (61),
1679 2113 1744 2165 τά
1798 2133 1856 2166 τε

205 2204 344 2260 ἅλλα
377 2204 603 2261 εὐθύνων
639 2204 713 2264 ὦ..
745 2202 857 2257 οἰόν
880 2223 939 2256 τε
969 2201 1105 2274 πρὸς
1135 2202 1198 2255 τὸ
1253 2199 1532 2275 βέλτιστον
1583 2200 1716 2274 (62),
1763 2199 1853 2254 καὶ

201 2295 325 2357 τοὺς
377 2295 559 2370 βαρεῖς
610 2291 810 2354 λύκους
869 2285 1358 2363 ἀποπεμπόμενος,
1407 2287 1530 2350 τοὺς
1590 2287 1853 2363 θηρευτὰς

198 2390 304 2438 τῶν
336 2377 624 2436 συλλαϐῶν
657 2381 746 2435 καὶ
773 2385 876 2434 τῶν
911 2379 1106 2450 λέξεων
1138 2381 1251 2451 (63)
1276 2399 1289 2410 ·
1323 2379 1412 2432 καὶ
1441 2379 1540 2447 τὴν
1573 2384 1674 2446 τῆς
1699 2377 1851 2452 ἁγίας

197 2470 421 2548 Τριάὸος
477 2468 776 2543 ἔλλαμψιν,
831 2472 898 2538 ἧς
957 2469 1019 2522 σὺ
1068 2473 1162 2523 νῦν
1193 2466 1564 2542 παραστάτης,
1597 2466 1852 2521 τελεωτὲ-

196 2581 292 2635 ραν
324 2580 382 2616 τε
409 2559 498 2615 καὶ
531 2558 913 2632 λαμπροτέραν
956 2559 1091 2629 ἡμῖν
1141 2556 1525 2632 χαριζόμενος,
1582 2557 1642 2624 ἣν
1688 2575 1852 2630 προσ·

193 2654 496 2722 κυμοῦμεν,
555 2647 620 2717 ἥν
689 2645 1003 2718 δοξάζομεν,
1147 2643 1656 2718 συμπολιτευόμεθα
1712 2647 1846 2716 (64),

192 2742 619 2814 προσκυνοῦντες
668 2735 877 2812 Πατέρα
922 2734 972 2789 ἐν
1029 2736 1160 2807 Υἱῷ,
1219 2735 1340 2788 Υἰὸν
1399 2732 1449 2787 ἐν
1512 2733 1652 2807 ἀγίῳ
1687 2733 1848 2786 Ilva-5-

195 2847 346 2900 ματι,
496 2827 584 2881 καὶ
660 2824 1070 2900 παρασταίημεν
1121 2823 1340 2898 ὕστερον
1400 2819 1708 2897 εἰλικρινεῖς
1755 2821 1844 2875 καὶ

188 2915 550 2991 ἀπρόσκοποι,
582 2918 647 2984 ἧς
676 2915 766 2969 καὶ
811 2908 1205 2986 μεταλάϐοιμιν
1247 2911 1446 2966 τέλειοι
1494 2909 1736 2978 τελείως,
1790 2909 1840 2964 ἐν

184 3004 335 3076 αὐτῷ
388 3006 607 3080 Χριστῷ
663 3007 742 3074 τῷ
801 3001 981 3075 Κυρίῳ
1025 3003 1208 3074 ἡμῶν,
1255 3000 1300 3070 ᾧ
1349 3004 1490 3053 πᾶσα
1547 2996 1672 3068 δόξα
1705 3000 1840 3071 (65),

176 3094 320 3166 τιμὴ
369 3091 458 3147 καὶ
517 3098 716 3166 κρατος
782 3090 857 3152 εἰς
934 3088 1062 3152 τοὺς
1138 3089 1335 3149 αἰῶνας
1409 3091 1516 3142 τῶν
1605 3085 1836 3144 αἰώνων.

182 3183 391 3253 Ἀμήν·

1967 1935 2165 1992 miseri
2198 1936 2600 1992 adolescentes
2633 1937 2773 1993 olim
2813 1939 3204 2006 ornabantur;
3238 1955 3439 1994 verum
3488 1957 3617 1995 ora-

1963 2024 2205 2092 tionem,
2229 2041 2345 2097 qua
2374 2026 2519 2080 nihil
2551 2031 2641 2081 est
2673 2028 2824 2098 quod
2856 2027 3031 2082 Verbi
3074 2027 3397 2082 cultoribus
3430 2027 3617 2098 magis

1966 2116 2299 2182 conveniat;
2324 2131 2450 2186 quae
2473 2114 2521 2169 si
2547 2115 2934 2170 certaminum
2957 2118 3193 2172 tuorum
3222 2115 3616 2188 doctrinaeque

1966 2203 2241 2258 meritum
2277 2207 2546 2258 assecuta
2575 2207 2687 2273 est,
2708 2201 2895 2260 Verbo
2939 2203 2996 2258 id
3038 2210 3340 2275 acceptum
3373 2204 3511 2261 fero.
3544 2206 3618 2260 At

1963 2297 2024 2347 tu
2059 2295 2165 2349 nos
2194 2308 2223 2348 e
2253 2292 2396 2347 coelo
2427 2291 2722 2364 benignus
2753 2292 3028 2364 aspicias,
3062 2309 3481 2365 sermonesque
3512 2311 3615 2350 no-

1963 2386 2115 2437 stros
2143 2386 2199 2436 et
2228 2381 2407 2436 vitam
2449 2382 2761 2452 gubernes,
2795 2398 3144 2454 sacrumque
3175 2382 3333 2438 hunc
3376 2398 3616 2455 gregem

1965 2487 2191 2542 pascas,
2241 2474 2345 2525 aut
2396 2476 2733 2541 pascentem
2793 2470 3056 2541 adjuves,
3097 2474 3222 2526 tum
3276 2471 3336 2525 in
3393 2472 3617 2528 caeteris

1961 2561 2152 2628 rebus,
2186 2559 2378 2630 quoad
2431 2561 2560 2629 ejus
2612 2559 2735 2614 ﬁeri
2798 2560 3033 2631 poterit,
3067 2576 3203 2615 eum
3259 2559 3334 2615 ad
3391 2559 3617 2630 optima

1958 2664 2204 2718 qumque
2235 2647 2513 2719 dirigens,
2538 2652 2665 2701 tum
2701 2663 2908 2718 graves
2937 2647 3134 2720 lupos,
3167 2646 3525 2719 syllabarum
3558 2650 3616 2702 et

1957 2737 2262 2791 verborum
2297 2740 2624 2806 captatores
2656 2736 2972 2803 amoliens;
2998 2741 3333 2808 sanctisque
3363 2736 3614 2792 Trinita-

1956 2825 2053 2888 tis,
2086 2825 2179 2880 cui
2213 2840 2368 2878 nunc
2399 2829 2582 2886 astas.
2613 2823 2930 2895 pleniorem
2965 2824 3388 2896 clarioremque
3411 2824 3607 2896 splen—

1954 2914 2150 2967 dorem
2183 2911 2353 2966 nobis
2383 2910 2721 2980 concilians,
2747 2927 2924 2982 quam
2951 2913 3284 2978 adoramus,
3309 2928 3484 2984 quam
3519 2929 3610 2968 ce-

1949 2999 2269 3066 lebramus,
2312 3015 2414 3072 pro
2464 3016 2581 3072 qua
2628 3017 2747 3056 una
2795 3000 3144 3068 militamus,
3185 3003 3242 3056 in
3301 3001 3439 3058 Filio
3489 3005 3600 3058 Pa-

1950 3095 2118 3153 trem,
2150 3088 2206 3143 in
2239 3087 2457 3159 Spiritu
2491 3093 2692 3144 sancto
2737 3088 2947 3145 Filium
2992 3089 3321 3160 adorantes,
3353 3091 3445 3146 cui
3475 3089 3594 3146 uti-

1951 3195 2087 3233 nam
2120 3176 2295 3233 etiam
2328 3181 2461 3249 post
2501 3177 2830 3234 confectum
2861 3176 3044 3250 hujus
3072 3179 3203 3234 vitae
3234 3179 3593 3236 curriculum

187 3252 348 3345 puri,
383 3274 441 3326 et
470 3271 542 3326 ab
583 3270 742 3326 omni
771 3267 1118 3326 oﬂ‘endiculo
1157 3266 1347 3333 liberi,
1379 3270 1663 3336 astemus,
1697 3281 1880 3338 eaque
1923 3265 2166 3338 perfecti
2213 3266 2464 3336 perfecte
2495 3252 2781 3334 fruamur,
2811 3267 2873 3322 in
2921 3268 3048 3340 ipso
3077 3267 3305 3325 Christo
3353 3269 3600 3326 Domino

189 3363 419 3427 nostro,
448 3358 541 3414 cui
573 3359 768 3413 omnis
798 3357 1004 3430 gloria,
1034 3356 1223 3412 honor
1251 3360 1310 3411 et
1339 3355 1652 3427 imperium
1684 3355 1740 3410 in
1773 3355 1985 3411 saecula
2014 3353 2383 3412 saeculorum.
2414 3358 2620 3412 Amen.

249 3501 298 3538 ⁸³
332 3500 486 3558 Psal.
517 3518 631 3572 xu,
665 3501 718 3556 5.
817 3508 820 3509 '

250 3653 369 3724 (57)
399 3655 487 3723 Τῷ
541 3650 669 3726 βίῳ.
720 3649 894 3708 Coisl.
938 3653 991 3722 1,
1030 3653 1110 3722 τῷ
1160 3646 1308 3724 λόγῳ
1351 3648 1464 3722 ἅμα
1515 3643 1570 3702 δὲ
1615 3645 1704 3704 καὶ
1759 3651 1838 3720 τῷ
1871 3653 1912 3719 ρ

402 3785 818 3868 Πρεσϐεόοντος.
873 3791 1158 3868 Sic_Reg.
1208 3790 1434 3862 Chrys.,
1467 3790 1560 3845 Or.
1606 3791 1656 3861 1,
1701 3791 1840 3859 168.,

174 3857 485 3932 Pa‘l‘q'etd.
521 3863 583 3917 In
615 3857 1176 3935 θᾴηγπρεσὸεύοντξς.

258 3935 374 4036 (ςΩ)
397 3931 707 4036 ᾹΑπαρχαί.
750 3931 910 3988 Hanc
951 3933 1269 4036 orationem
1297 3931 1650 4036 «.primitias
1682 3952 1710 3978 »
1742 3949 1841 4012 ap-

309 4011 366 4036 ιιιι
421 4007 740 4036 --οηηιιίηαο
766 4021 880 4036 nun
912 4021 1148 4036 “nmina
1224 4018 1526 4036 "nuncnum
1591 4018 1702 4036 ειν-ιη
1734 4019 1841 4036 rn-L

174 4003 368 4077 pellat
397 4003 880 4084 Gregorius;_quo
912 4003 1528 4084 nominenqxprian‘um
1561 4007 1702 4056 tunc
1734 4003 1842 4084 pri-

173 4072 352 4132 inum
387 4093 419 4130 a
449 4072 1111 4141 se'laudarisigniﬁcat.
1153 4072 1358 4129 Billius
1391 4072 1557 4128 aliter
1586 4077 1841 4142 exponit.

171 4172 201 4198 ‹‹
250 4151 507 4212 Veteres,
559 4170 587 4198 »
637 4147 834 4218 inquit
879 4147 936 4200 in
970 4147 1169 4218 notis,
1197 4168 1225 4194 »
1260 4146 1509 4218 mortuis
1561 4143 1847 4198 sacriﬁcia

167 4221 560 4297 peragebant,
594 4216 778 4291 eaque
810 4217 1102 4297 primitias
1144 4216 1552 4297 appellabant;
1593 4233 1668 4297 _ac
1693 4233 1841 4297 prs;-

167 4287 355 4346 ieree:
406 4291 564 4345 varia
621 4287 1012 4346 certaminum
1073 4287 1288 4360 genera
1346 4287 1843 4360 instituebant,in

166 4361 407 4434 quibus
451 4363 697 4417 victores
747 4360 990 4433 praemia
1033 4358 1378 4428 relerebant,
1405 4382 1434 4408 »
1468 4363 1531 4414 ut
1570 4358 1847 4414 describit

1951 3647 2301 3719 Theologus.

2167 3715 2423 3795 Ιῖῖεμαίας.
2459 3717 2636 3795 ΟΓ.Δ1,
2669 3718 2903 3787 Νεμέας.
2937 3721 3078 3795 Jes.,
3116 3721 3346 3795 Νεμαία.

2046 3721 2115 3774 60
2167 3721 2423 3789 Νεμαίας.
2459 3721 2553 3775 Or.
2587 3721 2636 3788 1,
2669 3721 2903 3787 Νεμέας.
2937 3721 3078 3792 Jes.,
3116 3721 3346 3795 Νεμαία.

2024 3721 2136 3862 (61)
2170 3788 2507 3864 Ποιμαίνοις,
2554 3789 2589 3857 ἢ
2640 3791 3085 3864 συμποιμαίνοις.
3132 3816 3161 3845 ‹‹
3209 3795 3440 3864 Paucas,
3501 3798 3600 3850 aut

1954 3861 2287 3936 pascentem
2320 3861 2582 3936 adjuvgs.
2611 3882 2637 3909 »
2670 3861 2921 3936 SicABill.
2956 3864 3014 3918 in
3047 3865 3236 3936 prima
3264 3861 3537 3921 editidne.

2165 3929 2642 4006 Bélttinov:_Reg.
2675 3950 2727 3987 a.
2762 3930 3000 4006 βέλτιον.

2025 4000 2132 4072 (63)
2165 4000 2390 4076 {regem
2447 4003 2540 4057 Sic
2587 4000 2772 4076 Reggl
2814 4021 2868 4076 a,
2900 4022 2949 4060 ο.
2983 4007 3044 4072 d,
3074 4007 3250 4064 Coisl.
3279 4011 3335 4074 2,
3367 4013 3478 4064 etc.
3535 4011 3596 4064 In

1953 4075 2068 4138 ed.,
2101 4069 2422 4140 συλλέξεων.

2023 4145 2128 4214 (64)
2161 4139 2707 4216 Συμπολιτευόμεθα.
2742 4144 2968 4216 Billius,
3004 4171 3026 4198 α
3060 4149 3154 4205 cui
3205 4166 3438 4206 munere
3490 4168 3594 4206 n0-

1953 4220 2071 4271 stro
2107 4215 2473 4286 fungimur.)

2024 4287 2140 4364 (65)
2162 4281 2393 4364 ’ᾷπᾷσα
2424 4281 2712 4364 ξόξαηειο.
2747 4287 2810 4364 In
2849 4288 3224 4364 quibusdam,
3255 4291 3300 4360 ᾧ
3331 4285 3476 4362 δόξα,
3508 4290 3597 4346 καὶ

1951 4353 2241 4429 τὸκρᾶτός
2273 4356 2347 4418 εἰς
2375 4353 2507 4418 τοὺς
2534 4355 2752 4420 αἰῶνας.
2786 4359 2843 4413 ’Δ

877 4701 1026 4758 45'
1090 4710 1646 4799 MONITUM
1704 4710 1818 4795 IN
1877 4707 2566 4798 ORATIONEM
2619 4710 2910 4798 XXV.

261 5031 318 5094 Ι.
381 5034 516 5095 Etsi
569 5038 813 5096 constet
869 5034 971 5096 hic
1029 5032 1366 5094 Maximum
1425 5051 1464 5092 a
1522 5032 1821 5110 Gregorio
1881 5032 2072 5094 fuisse
2129 5033 2537 5105 celebratum,
2597 5033 2776 5095 istius
2831 5041 3040 5098 tamen
3094 5037 3396 5101 orationis
3451 5042 3604 5103 titu-

155 5118 319 5198 lu_m
383 5133 507 5174 non
550 5115 1001 5198 gimmutamus.
1042 5117 1292 5198 _Omnes
1348 5114 1559 5198 enim,
1621 5131 1780 5190 quos
1838 5113 2060 5198 saltem
2121 5114 2425 5184 vidimus,
2488 5115 2775 5198 codices.
2826 5117 3012 5198 nullo
3067 5126 3368 5198 excepto,
3428 5123 3604 5183 nullo

157 5196 379 5257 etiam
439 5195 826 5255 reclamante
883 5196 1222 5255 seholiasta
1278 5201 1388 5253 aut
1440 5194 1801 5271 interprete.
1867 5195 2255 5273 inscriptum,
2317 5213 2443 5254 non
2506 5217 2538 5250 ‹‹
2584 5196 2862 5268 Maximi,
2916 5222 2946 5254 »
3004 5203 3112 5260 sed
3173 5194 3520 5262 «'Heronis
3567 5226 3598 5259 ι)

164 5293 431 5337 nomen
514 5275 837 5335 exhibent.
911 5275 1150 5334 Idcirco
1226 5281 1539 5352 receptam
1617 5273 2038 5350 inscriptionis
2110 5273 2442 5333 lectionem
2517 5275 2806 5352 religiose
2873 5278 3260 5339 retinendam
3334 5283 3606 5344 arbitra-

163 5373 363 5419 mur.
428 5360 732 5441 Quaanam
791 5363 1001 5415 autem
1060 5355 1263 5441 luerit.
1305 5354 1556 5441 deuhac
1589 5353 2022 5441 jnscriptone
2071 5355 2460 5441 eruditorum
2520 5373 2713 5441 mens,
2774 5358 3151 5441 investigare
3205 5379 3415 5441 operai
3472 5381 3609 5441 pre-

149 5438 353 5502 tium
412 5441 528 5496 est.
592 5435 1015 5515 Hieronymus
1075 5434 1297 5519 asserit
1353 5435 1966 5519 (66),A(_3reg9rium_
2005 5434 2068 5494 in
2125 5432 2245 5494 hac
2299 5434 2598 5519 oratione
2642 5436 2898 5519 Maximi
2972 5432 3334 5519 philosophi
3392 5432 3611 5504 laudes

151 5519 621 5600 dccantasse,_
678 5520 758 5600 _et
820 5513 1035 5597 aperte
1092 5513 1369 5600 declarat
1446 5513 1474 5572 ἑ‹
1524 5515 1681 5575 falso
1739 5513 2279 5600 ﬂerenisnomcn
2340 5513 3536 5600 a_qu_od_am_fuisse'superscriptum;
3571 5545 3604 5582 ››

142 5602 381 5678 idque
458 5597 836 5676 contigisse,

236 5787 364 5861 (66)
399 5787 574 5861 Scrip.
611 5789 738 5846 εισι-ι.
769 5788 944 5846 Basil.
976 5787 1092 5858 ed.,
1124 5802 1178 5858 p.
1217 5782 1336 5839 149.

514 5918 772 5981 ΡΑτιιοῐ..
825 5918 933 5980 Gs.
983 5915 1133 5976 ΥΧῖ
1152 5913 1228 5976 ν.

937 5623 966 5653 ‹‹
1028 5597 1198 5676 quod
1276 5597 1439 5656 alius
1515 5602 1676 5657 esset
1748 5595 1907 5658 liber
1980 5595 2267 5675 ejusdem
2352 5594 2609 5657 Maximi
2682 5594 3207 5680 vituperationem
3283 5594 3610 5667 continens

3203 5915 3282 5983 38
