4056 6274
460 260 615 321 1195
1710 268 1773 326 S.
1824 266 2062 329 GREGf

2241 261 2635 328 THEOLOGI
3705 264 3828 331 H96

458 395 662 473 quasi,
711 396 975 481 »_a_d_dit
1030 402 1591 481 sanctiusVDoctor,
1660 423 1689 459 α
1738 420 1863 461 non
1922 402 2165 463 licuerit
2224 404 2511 463 eumdem
2569 408 2629 462 et
2686 401 2947 462 laudare
3003 407 3063 463 et
3121 401 3481 480 vituperare
3537 421 3652 481 pro
3698 408 3831 463 tem-

462 493 633 553 pore.
672 499 700 531 »
756 477 973 537 Billius
1023 497 1168 538 vero
1197 480 1345 558 (6'7),
1397 482 1684 558 quamvis
1733 501 1855 541 non
1908 484 2253 543 diffiteatur
2302 483 2555 545 Maximi
2603 483 2822 542 laudes
2879 483 2998 543 hac
3059 477 3341 544 oratione
3392 477 3830 560 comprehendi,

459 563 676 642 censet
722 563 964 642 tamen,
1018 577 1139 617 non
1200 567 1277 619 ab
1336 561 1458 621 alio
1517 562 1818 639 quodam,
1868 565 1973 622 sed
2028 565 2106 623 ab
2164 566 2297 642 ipso
2356 564 2653 641 Gregorio
2712 563 2972 623 Maximi
3030 582 3263 623 nomen
3322 563 3835 624 consulto‘muta-

460 642 610 720 tum
649 637 857 720 fuisse,
924 662 956 693 «
1001 658 1103 713 ne,
1152 665 1181 695 »
1242 642 1468 718 inquit,
1533 637 1560 697 ᾇ
1607 644 2015 720 ingratissimi
2073 637 2342 703 hominis
2399 637 2625 704 nomen
2685 648 2749 701 in
2807 644 2933 703 suis
2994 644 3417 704 monumentis
3476 650 3829 716 exstaret”

456 714 741 794 illudque
789 719 869 801 ab
917 720 1055 779 Elia
1102 740 1227 780 non
1270 714 2005 784 observatum'miratur.
2062 729 2292 784 Verum
2340 724 2544 784 debile
2596 741 2851 801 prorsus
2902 743 2974 784 ac
3021 724 3341 783 infirmum
3394 724 3641 784 videtur
3690 714 3833 785 istud

462 799 834 882 argumenti
873 816 1118 875 genus;
1182 804 1567 879 praesertim,
1630 823 1771 864 cum
1832 805 2165 880 Gregorius
2216 805 2388 882 ipse,
2450 811 2517 863 ut
2574 799 2698 863 alia
2755 805 3155 877 omittamus,
3219 804 3370 864 alibi
3451 828 3481 859 «
3539 823 3604 865 se
3657 804 3831 865 Maxi-

462 895 633 964 mum
691 878 979 964 laudasse
1031 905 1059 935 »
1119 878 1243 964 non
1302 883 1792 964 inficielur(68).
1855 878 2211 961 Conjiciunt
2245 878 2392 955 'alii,
2456 886 2617 943 inter
2675 903 2832 961 quos
2888 884 3345 959 Tillemontius,
3411 885 3831 963 philosophum

456 957 672 1043 istum__
706 959 1103 1043 binominem»
1143 961 1363 1034 fuisse,
1428 983 1499 1025 ac
1558 957 2145 1043 apud'ngyp'tios,
2212 965 2378 1024 unde
2435 957 2737 1024 oriundus
2795 972 2967 1037 erat,
3027 957 3337 1038 Heronis,»
3389 957 3452 1024 et
3506 957 3835 1025 Constanti-

460 1037 727 1123 nopoli,
795 1039 1149 1123 ubignimis
1198 1043 1404 1102 clarus
1459 1037 1693 1117 evasit,
1776 1037 2030 1105 Maximi
2104 1044 2357 1104 nomine
2412 1051 2862 1123 nuncupatum.
2925 1037 3336 1105 Verisimilior
3392 1046 3602 1105 forsan
3656 1046 3833 1105 videri

454 1124 663 1204 posset
713 1120 848 1178 haec
904 1120 1405 1204 doctissimorum
1459 1125 1734 1185 virorum
1800 1126 2162 1201 conjectura
2215 1143 2229 1196 ;
2282 1124 2411 1204 sed
2483 1142 2596 1183 nos
2629 1120 2797 1184 'tam
2856 1143 3145 1204 expresse
3201 1125 3571 1203 consignata
3626 1126 3825 1186 Hiero—

453 1199 628 1285 nymi
681 1203 988 1285 sententia
1043 1221 1378 1285 suspensos
1432 1206 1641 1264 adhuc
1696 1199 1953 1265 detinet.
2018 1209 2212 1279 Nam,
2246 1203 2296 1263 si
2354 1204 2690 1263 binominis
2718 1199 2957 1264 revera-
2988 1205 3204 1265 fuisset
3261 1199 3609 1275 Maximus,
3696 1206 3824 1285 quis

453 1279 705 1363 credat,
769 1286 838 1339 ut
891 1279 1182 1342 observat
1237 1283 1369 1362 ipse
1423 1285 1857 1345 'l‘illemontius
1914 1285 2128 1363 (68*),
2204 1285 2696 1362 Hieronymum,
2764 1286 2873 1362 qui
2929 1303 3069 1344 cum
3128 1286 3427 1362 Gregorio
3484 1279 3821 1347 Constanti-

456 1358 861 1441 noﬁpoligtam
920 1358 1310 1423 familiariter
1368 1365 1757 1434 versabatur,
1816 1366 1879 1423 id
1925 1358 2313 1441 ignorasse?

535 1440 610 1498 ll.
686 1439 952 1518 Gyrillus
1024 1444 1622 1523 Scythopolitanus,
1698 1447 1761 1504 in
1835 1439 1985 1505 Vita'
2017 1446 2209 1503 sancti
2259 1442 2582 1523 Euthymiz'
2630 1452 2688 1502 et
2740 1446 2933 1504 sancti
2987 1443 3195 1517 Sabae,
3279 1445 3443 1505 inter
3515 1444 3838 1504 chronolo-

455 1535 610 1596 gos,
687 1527 827 1603 post
897 1524 1327 1601 Hyppolytum
1385 1532 1447 1585 et
1502 1525 1958 1603 Epiphaniam,
2019 1526 2287 1584 collocat
2363 1548 2391 1578 «
2444 1525 2753 1582 Heronem
2804 1546 2831 1581 ι)
2914 1525 3251 1602 quemdam
3312 1548 3343 1580 ί(
3405 1524 3836 1603 philosophum

453 1604 515 1658 et
570 1600 1012 1683 confessorem.
1046 1600 1080 1657 Β)
1141 1604 1295 1663 Hinc
1342 1600 1682 1665 Cotelerius
1730 1607 1817 1665 sic
1864 1605 2252 1680 conjiciendo
2301 1606 2561 1663 adnotat
2611 1604 2779 1683 (69):
2839 1625 2866 1659 «
2918 1600 3129 1681 Neque
3189 1600 3539 1681 pudet'me
3596 1600 3839 1677 nescire,

454 1679 624 1762 quod
683 1698 719 1762 a
776 1681 923 1762 viris
981 1681 1164 1760 longe
1220 1684 1592 1745 doctissimis
1650 1686 1765 1744 fuit
1820 1679 2230 1762 ignoratum;
2294 1702 2493 1759 neque
2552 1679 2771 1743 taeebo
2830 1679 3255 1761 conjecturam
3316 1702 3562 1756 meam,
3641 1690 3742 1744 aut
3795 1686 3840 1745 si

453 1759 627 1843 velis,
676 1758 1196 1843 ‘hariolatione'm,
1257 1784 1405 1823 num
1467 1769 1626 1825 Hero
1683 1766 1797 1824 iste
1849 1758 2271 1842 philosophus
2329 1758 2408 1822 et,
2447 1766 2764 1823 confessor
2819 1764 2898 1822 sit
2947 1758 3266 1825 Maximus
3315 1766 3603 1843 Cynicus,
3668 1783 3840 1843 quem

452 1838 527 1898 iis
596 1839 710 1898 sub
773 1842 1145 1923 nominibus
1221 1844 1439 1905 laudat
1492 1846 1776 1904 oratione
1834 1838 2167 1921 Gregorius
2240 1843 2598 1920 TheoIOgus
2649 1861 2663 1914 ;
2745 1844 2977 1921 quique
3052 1838 3379 1923 scripsit,'
3422 1850 3577 1904 teste
3636 1838 3837 1905 Hiero-

456 1937 689 1995 nymo,
751 1920 1075 2002 insignem
1136 1923 1362 1984 librum
1423 1925 1697 1984 adversus
1754 1920 2048 1996 Arz'anos,
2126 1929 2189 1984 et
2248 1924 2405 1983 forte
2462 1924 2586 1983 alia
2645 1920 2898 2002 reliquit
2962 1920 3200 2002 ingenii
3253 1926 3348 1984 sui
3407 1933 3838 1999 monumenta,

461 2004 650 2076 atque
705 2000 935 2081 alicubi
991 2021 1253 2081 operum
1331 2005 1594 2064 inseruit
1666 2005 1951 2063 nonnihil
2009 2003 2567 2081 chronologicum,
2647 2003 2727 2062 ob
2782 2000 2953 2081 quod
3010 2000 3090 2063 ab
3147 2012 3404 2065 auctore
3460 2012 3672 2064 nostro
3726 2024 3841 2064 una

462 2096 604 2138 cum
663 2079 1140 2160 Hippolyto—et
1214 2084 1566 2163 Epiphanio
1624 2085 1869 2144 citetur.
1923 2109 1953 2139 »
2034 2086 2266 2144 Verum
2328 2079 2486 2143 huic
2562 2079 2939 2160 conjecturae
3010 2087 3175 2143 ultro
3232 2085 3670 2144 ascribendum
3726 2104 3841 2145 non

458 2169 777 2242 putamus,
837 2181 977 2221 cum
1040 2163 1195 2221 nihil
1249 2166 1415 2241 apud
1476 2166 1948 2241 Hieronymum.
2007 2164 2082 2224 de
2135 2164 2255 2224 hac
2316 2163 2571 2222 Maximi
2628 2182 2735 2223 seu
2797 2164 3057 2223 Heronis
3113 2164 3523 2241 chronologia
3582 2166 3843 2242 reperia-

458 2246 582 2322 tur.
644 2241 821 2300 Prius
877 2243 1111 2320 quippe
1167 2245 1562 2321 probandum
1622 2252 1822 2316 esset,
1902 2247 2250 2317 Heronem,
2332 2244 2440 2320 qui
2498 2262 2534 2303 a
2593 2243 2825 2321 Cyrillo
2882 2244 3044 2303 inter
3098 2244 3519 2322 chronologos
3587 2241 3841 2315 citetur,

456 2320 659 2403 ipsum
719 2338 934 2403 revera
992 2320 1185 2383 fuisse
1238 2325 1581 2385 Maximum
1640 2331 1800 2385 452
1860 2325 2160 2402 Cynicum
2217 2342 2229 2394 ;
2310 2323 2477 2399 quod
2540 2320 2805 2399 probatu
2864 2330 3029 2384 certe
3090 2325 3270 2384 nobis
3328 2320 3629 2403 perquam
3690 2325 3846 2383 difﬁ-

454 2398 606 2483 cile,
667 2417 745 2460 ne
800 2401 1079 2483 dicamus
1134 2404 1556 2482 impossibile,
1616 2398 2169 2465 vidulum-Mirum
2228 2398 2480 2480 quidem
2540 2398 2666 2462 non
2725 2409 2917 2474 esset,
2980 2404 3287 2483 quosdam
3328 2398 3685 2478 Maximos,
3742 2424 3849 2464 seu

456 2480 734 2561 Herones
785 2482 1198 2561 philosophos
1228 2480 1314 2543 'et
1370 2486 1793 2555 confessores,
1867 2485 2086 2543 iisdem
2145 2486 2273 2543 fere
2330 2484 2717 2560 temporibus
2774 2480 3129 2556 exstitisse;
3192 2484 3302 2544 sed
3358 2485 3528 2561 quod
3587 2485 3850 2543 maxime

454 2558 810 2642 mirandum
870 2570 996 2631 est,
1040 2558 1447 2641 Gregorium,
1505 2565 1612 2640 qui
1669 2566 1729 2624 in
1789 2565 1960 2636 aliis,
2022 2572 2153 2625 tum
2213 2558 2575 2632 Athanasii,
2637 2570 2769 2623 tum
2830 2564 3122 2642 Cypriani
3176 2558 3511 2637 encomiis,
3577 2582 3681 2624 eos
3737 2582 3851 2623 sse-

455 2639 595 2716 pius
653 2642 909 2719 proprio
967 2639 1220 2703 nomine
1276 2639 1633 2723 compellat,
1687 2663 1764 2704 ne
1817 2642 2008 2704 semel
2055 2644 2307 2723 quidem
2369 2645 2429 2701 in
2492 2643 2608 2702 hac
2664 2639 2969 2715 oratione,
3020 2645 3119 2703 vel
3177 2645 3545 2715 Maximum,
3593 2644 3691 2703 vel
3741 2647 3856 2704 He-

453 2736 672 2779 ronem
731 2723 1104 2783 nominasse.
1168 2726 1397 2783 Forsan
1456 2725 1649 2801 igitur
1704 2726 1897 2784 satius
1950 2730 2151 2797 esset,
2233 2723 2594 2800 Hieronymi
2651 2724 2976 2784 sententiae
3046 2725 3412 2802 simpliciter
3486 2723 3851 2797 adhaerere,

454 2817 645 2881 quam
703 2802 1081 2879 conjecturis
1129 2803 1369 2881 jugiter
1423 2804 1689 2865 inhiare.

533 2879 638 2940 IIl.
687 2882 887 2959 Ubjici
939 2879 1146 2943 etiam
1183 2879 1408 2962 potest,
1460 2891 1671 2944 utrum
1727 2883 2033 2943 Maximus
2089 2900 2127 2942 a
2175 2881 2471 2958 Gregorio
2530 2881 2844 2947 laudatus,
2895 2882 3059 2941 idem
3117 2883 3195 2943 sit
3253 2901 3324 2942 ac
3371 2882 3478 2943 ille
3527 2882 3606 2942 ad
3663 2901 3855 2961 quem

454 2959 817 3041 honorificae
874 2959 1201 3023 Athanasii
1258 2970 1318 3023 et
1392 2966 1601 3024 Basilii
1655 2971 1903 3024 exstant
1956 2963 2259 3041 epistolae.
2321 2962 2498 3031 Quod
2556 2964 2635 3021 ad
2693 2962 3104 3022 Athanasium
3172 2965 3436 3033 attinet,
3520 2982 3643 3022 non
3687 2959 3859 3023 ‘om-

455 3040 1054 3123 ninouassentimur
1126 3047 1393 3117 nostris,
1474 3047 1579 3123 qui
1655 3063 1882 3105 novam
1958 3040 2171 3123 sancti
2223 3043 2502 3102 Doctoris
2558 3046 2828 3119 Uperum
2886 3044 3222 3103 editionem
3283 3043 3861 3123 adornaruntmllli

454 3119 765 3203 siquidem
822 3122 939 3182 hac
995 3124 1073 3183 de
1125 3143 1191 3183 re
1247 3124 1333 3184 sic
1390 3119 1733 3185 admonent
1790 3125 1960 3203 (70):
2026 3148 2054 3179 «
2104 3122 2217 3182 Hic
2278 3123 2584 3181 Maximus
2644 3122 3077 3201 phi1030phus,
3138 3123 3219 3182 ad
3276 3142 3461 3200 quem
3514 3121 3860 3203 epistolam

457 3199 649 3282 mittit
704 3209 959 3263 sanctus
1012 3205 1411 3275 Athanasius,
1473 3224 1597 3265 non
1656 3199 1817 3265 alius
1874 3199 2151 3282 profecto
2212 3203 2454 3261 videtur
2511 3199 2667 3274 esse,
2724 3199 2912 3279 quam
2968 3203 3431 3264 Alexandrinus
3484 3199 3611 3274 ille,
3674 3202 3862 3279 cujus

452 3279 672 3340 laudes
728 3282 1009 3363 oratione
1063 3284 1339 3344 celebrat
1394 3284 1764 3363 Gregorius,
1842 3279 2022 3361 cujus
2079 3282 2330 3342 nomine
2386 3289 2599 3359 postea
2655 3301 3031 3361 suppresso,
3110 3283 3336 3343 falsum
3410 3283 3673 3342 Heronis
3736 3301 3858 3341 no-

454 3377 595 3443 men
654 3362 1143 3443 superscriptum
1198 3364 1389 3424 fuisse
1451 3362 1667 3425 narrat
1742 3363 2177 3441 Hieronymus.
2246 3386 2273 3415 »
2357 3363 2634 3433 Verum,
2717 3364 2767 3421 si
2841 3369 3078 3423 attente
3126 3362 3624 3443 perpendatur,
3718 3369 3859 3421 tum

447 3438 1095 3523 ipsameFAthan—asii
1150 3445 1452 3521 epistola,
1543 3452 1671 3504 tum
1729 3438 2029 3523 temporis
2085 3450 2145 3504 et
2200 3460 2407 3523 rerum
2466 3443 2989 3523 circumstantias,
3034 3438 3286 3523 iplura'
3315 3450 3645 3503 occurrent
3707 3461 3857 3519 quae

446 3519 698 3580 illorum
754 3524 1077 3583 sententiae
1137 3519 1391 3583 minime
1450 3525 1721 3585 faveant.
1776 3519 1879 3583 Ac—
1924 3524 2123 3601 primo
2179 3522 2431 3598 quidem
2493 3521 2729 3580 nullum
2794 3530 2887 3582 est
2943 3519 3230 3593 dubium,
3282 3524 3432 3601 quin
3490 3523 3606 3581 iste
3656 3523 3861 3582 Maxi—

449 3617 625 3682 mus,
705 3602 769 3660 in
823 3602 982 3662 libro
1039 3622 1222 3682 quem
1278 3606 1353 3663 ad
1414 3606 1820 3665 Athanasium
1887 3605 2092 3673 misit,
2167 3603 2478 3682 plurima,
2541 3619 2663 3660 non
2721 3608 2964 3661 tantum
3026 3603 3325 3662 adversus
3377 3604 3680 3674 Arianos,
3742 3604 3861 3661 sed

447 3680 635 3741 etiam
683 3682 982 3743 adversus
1036 3680 1319 3762 gentiles,
1369 3685 1642 3756 Judaeos,
1695 3685 2071 3745 Manichaaos
2125 3680 2407 3759 aliosque
2465 3682 2811 3754 haereticos,
2865 3682 3167 3742 docuerit.
3223 3683 3288 3742 Id
3337 3700 3412 3742 ex
3470 3683 3609 3760 ipsa
3660 3684 3860 3742 Atha-

447 3763 607 3821 nasii
661 3763 1065 3841 responsione
1124 3765 1459 3842 colligitur.
1524 3768 1779 3825 Fatetur
1835 3766 1997 3823 enim
2074 3768 2326 3823 sanctus
2404 3762 2671 3831 Doctor,
2750 3781 2856 3831 se,
2932 3781 3300 3839 responsum
3356 3763 3705 3831 dictando,
3791 3780 3867 3822 ex

444 3842 595 3924 ipso
655 3842 816 3924 libro
894 3846 1167 3904 mutuari
1240 3864 1633 3924 quaecunque
1691 3845 1766 3905 de
1824 3844 2062 3924 Christi
2109 3843 2434 3924 divinitate
2486 3845 2872 3919 pertractat.
2958 3844 3205 3924 Maximi
3259 3861 3540 3924 quoque
3615 3843 3867 3924 scripto

445 3922 603 3980 nihil
659 3923 1016 3984 addendum
1074 3922 1435 3985 arbitratur.
1494 3922 1718 3985 «(Satis
1766 3932 1932 3992 sunt,
1965 3946 1994 3981 ι)
2049 3923 2255 4001 inquit
2307 3922 2455 3999 (7t),
2512 3946 2540 3976 «
2589 3940 2747 4001 quae,
2786 3923 2918 3999 ipse
2974 3922 3296 4000 scripsisti.
3349 3926 3440 3983 'I‘u
3501 3926 3722 3981 autem
3781 3923 3875 3981 in-

441 4002 680 4084 ﬁdeles,
731 4009 1007 4080 ἀπίστους,
1064 4006 1180 4064 rite
1228 4008 1518 4084 perdoce.
1572 4009 1756 4066 Forte
1805 4006 1965 4063 enim
2023 4000 2299 4084 futurum
2353 4012 2468 4069 est,
2523 4010 2608 4073 ut,
2658 4000 2881 4084 relicta
2939 4002 3207 4071 inscitia,
3238 4002 3349 4084 ad
3403 4002 3717 4084 veritatis;
3754 4020 3873 4061 co-

442 4082 786 4163 gnitionem
845 4081 1296 4161 perveniantf»
1351 4089 1593 4146 Laudat
1648 4087 1904 4163 insuper
1955 4083 2201 4142 Maximi
2266 4083 2582 4163 pietatem,
2635 4081 2983 4141 doctrinam
3033 4089 3094 4142 et
3142 4082 3365 4142 ardens
3416 4101 3536 4163 pro
3583 4082 3873 4143 veritate

440 4162 763 4244 studium;
827 4182 966 4241 qua:
1026 4165 1307 4244 profecto
1367 4167 1445 4225 ad
1503 4162 1809 4244 Cynicum,
1860 4172 2140 4223 nostrum
2200 4162 2414 4221 relerri
2476 4181 2596 4219 non
2676 4170 2959 4239 possunt.
2994 4243 3001 4244 γ
3039 4162 3273 4244 Deinde
3330 4162 3722 4244 Athanasius
3791 4165 3874 4222 ad

438 4242 779 4302 Maximum
837 4242 1045 4302 suum‘
1081 4245 1410 4317 scribebat,
1477 4242 1561 4305 uti
1600 4244 1825 4305 nostris
1890 4246 2087 4303 visum
2148 4246 2260 4313 est,
2324 4260 2489 4299 anno
2547 4244 2687 4312 371,
2741 4248 2803 4301 et
2859 4260 2891 4301 e
2948 4242 3103 4301 vivis
3159 4242 3424 4302 excessit
3480 4260 3658 4303 anno
3710 4244 3871 4302 373.

438 4322 728 4381 Nondum
795 4331 1003 4383 autem
1083 4330 1229 4384 tunc
1309 4325 1606 4403 temporis
1686 4324 1932 4402 pietatis
1991 4324 2229 4382 larvam
2287 4322 2578 4403 induerat
2636 4321 2944 4381 Maximus
3002 4323 3307 4393 Cynicus,
3351 4341 3530 4403 Acum
3595 4325 3878 4383 nonnisi

435 4419 602 4462 anno
657 4402 797 4477 379,
850 4403 929 4462 ab
989 4403 1204 4465 exsilio
1262 4401 1480 4476 redux,
1531 4401 2073 4480 CODSiGIlliDOpOii
2122 4420 2159 4462 a
2208 4402 2504 4478 Gregorio
2554 4408 2850 4478 exceptus
2904 4403 3109 4461 fuerit.
3163 4406 3299 4465 Non
3346 4401 3540 4480 igitur
3590 4405 3676 4462 ad
3740 4405 3876 4463 Ma—

432 4481 695 4563 ximum,
737 4482 1037 4559 Cynicum
1096 4485 1336 4562 scripsit
1397 4485 1800 4563 Athanasius,
1862 4494 1927 4542 ut
1987 4483 2142 4542 falso
2201 4490 2500 4563 putarunt
2556 4481 2753 4563 ipsius
2810 4481 3100 4541 editores.

514 4560 612 4621 IV.
678 4562 874 4621 Multo
950 4563 1154 4623 minus
1222 4560 1615 4625 difﬁcultatis
1665 4566 1937 4625 occurrit
2009 4560 2588 4622 circa’Maximum
2639 4561 2813 4620 illum
2888 4563 2965 4621 ad
3044 4579 3229 4641 quem
3288 4561 3539 4639 scripsit
3595 4569 3876 4622 sanctus

431 4642 720 4701 Basilius.
783 4644 865 4702 Ut
922 4644 1171 4719 penitus
1224 4645 1505 4706 solvatur
1562 4647 1800 4715 nodus,
1879 4644 2029 4703 satis
2085 4641 2201 4701 erit
2259 4643 2581 4718 utriusque
2658 4641 2910 4701 Maximi
2973 4661 3176 4701 mores
3232 4647 3294 4702 et
3351 4642 3635 4701 indolem
3702 4660 3869 4719 ape—

431 4722 575 4781 rire.
635 4721 849 4780 Basilii
886 4723 1211 4802 Maximus
1268 4726 1384 4784 fuit
1440 4726 1693 4802 quidem
1750 4722 2187 4801 philosojihus,
2249 4741 2373 4781 non
2435 4722 2722 4799 Cynicus,
2782 4723 2969 4802 velge
3028 4723 3302 4791 Porticu,
3361 4723 3468 4782 sed
3529 4720 3870 4782 ChriStia-

428 4820 568 4861 nus.
634 4804 787 4883 «ΕΚ
841 4801 1045 4862 aliena
1101 4805 1331 4873 radice,
1369 4828 1397 4859 »
1462 4799 1663 4883 inquit
1720 4799 2232 4881 Basilius'(7i*),
2298 4820 2427 4861 «ex
2484 4802 2697 4879 ampla
2754 4799 2989 4860 familia
3044 4809 3107 4883 et
3164 4802 3392 4861 illustri
3450 4820 3727 4883 genere.
3793 4804 3879 4863 ad

428 4881 853 4965 evangelicam
915 4883 1253 4945 translatus
1310 4887 1503 4946 vitam
1548 4881 1577 4941 3)
1639 4885 1723 4965 (id
1786 4890 1879 4944 est
1930 4886 2161 4965 indore
2216 4888 2575 4965 sanctorum
2634 4883 2917 4965 Patrum,
2979 4882 3083 4965 ad_
3117 4883 3529 4965 monasticam
3596 4882 3881 4961 vitam},

429 4984 456 5015 α
511 4961 753 5021 ratione
802 4960 1199 5038 juventutem
1260 4960 1660 5039 refrenabat,
1708 4965 1911 5024 carnis
1969 4961 2292 5022 libidinem
2354 4960 2612 5021 rationis
2667 4962 2933 5039 imperio
2992 4961 3396 5040 subjiciebat,
3455 4968 3517 5022 et
3576 4980 3889 5025 consen-

424 5047 673 5100 taneam
735 5041 1091 5101 Christiano
1150 5044 1567 5105 humilitatem
1629 5043 2131 5121 amplexabatur.
2188 5062 2216 5097 ι)
2282 5045 2482 5100 Tanta
2541 5042 2659 5119 ipsi
2713 5042 2918 5100 inerat
2976 5043 3217 5119 pietas,
3279 5048 3525 5101 tantum
3596 5045 3891 5104 virtutis

423 5138 497 5180 ac
549 5120 899 5204 religionis
934 5123 1235 5191 studium,
1300 5134 1367 5187 ut
1421 5126 1683 5185 Basilius
1741 5120 1896 5202 ipse,
1958 5124 2039 5204 ni
2092 5122 2307 5204 fuisset
2354 5121 2534 5204 senio
2593 5127 2655 5179 et
2712 5121 3077 5204 inﬁrmitate
3135 5129 3454 5204 gravatus,
3496 5124 3894 5204 variisque

421 5202 714 5261 Ecclesiae
772 5201 935 5261 curis
1010 5203 1387 5282 impeditus,
1469 5206 1547 5265 ad
1607 5200 2047 5265 eum'visendi
2102 5202 2408 5262 desiderio
2465 5220 2529 5261 se
2585 5200 2970 5261 contulisset.
3036 5205 3123 5262 En
3203 5202 3417 5262 Basilii
3493 5200 3891 5267 Maximus.
3992 5272 3993 5277 η

419 5282 735 5367 Quantum
792 5286 1003 5367 autem
1062 5283 1141 5343 ab
1196 5285 1307 5344 illo
1366 5285 1679 5365 discrepat
1729 5284 2040 5367 Maximus
2077 5288 2261 5367 453
2313 5284 2492 5367 alter,
2545 5299 2652 5342 seu
2688 5283 2895 5367 __Hero,
2957 5300 3145 5367 quem
3204 5282 3550 5367 celebravit
3612 5286 3899 5367 Grego.
3992 5304 3993 5367 ᾖ

419 5363 597 5423 nius!
661 5365 779 5423 Iste
836 5364 1025 5425 enim,
1090 5384 1315 5440 genere
1374 5360 1726 5445 .Egyp—tins,
1803 5365 2004 5443 patria
2058 5363 2535 5433 Alexandrinus,
2601 5360 2774 5422 nulla
2830 5363 3152 5440 sanguinis
3211 5364 3546 5424 nobilitate
3614 5360 3895 5439 υἱεῖ-ᾖε,

492 5497 601 5570 (67)
638 5496 698 5570 In
731 5495 1012 5570 orationis
1044 5504 1407 5565 argumento.
2249 5496 2361 5570 (70)
2393 5496 2549 5570 Nova
2576 5495 2785 5551 Athan.
2810 5496 2926 5562 ed.,
2949 5498 3113 5568 Epist.
3142 5498 3211 5553 ad
3239 5497 3382 5553 Max.
3414 5498 3605 5570 phil.,
3632 5506 3820 5561 tom.
3854 5505 3900 5569 ἰ,

493 5565 605 5634 (68)
637 5567 818 5621 Carm.
853 5565 916 5621 de
947 5568 1057 5620 vita
1086 5584 1205 5631 sua,
1240 5585 1385 5623 vers.
1419 5570 1544 5624 965.
2178 5584 2235 5620 n.
2267 5568 2321 5629 2,
2358 5584 2409 5637 p.
2443 5567 2567 5620 917.

514 5638 634 5708 68f)
664 5639 785 5691 Art.
825 5653 935 5701 LIx,
968 5653 1033 5708 p.
1059 5637 1162 5708 445
1192 5644 1247 5692 et
1275 5641 1398 5695 712.

1345 5644 1398 5695 2.
2249 5639 2358 5708 (τι)
2390 5639 2497 5702 Id.,
2530 5637 2698 5708 ibid.,
2733 5654 2789 5708 p.
2822 5638 2947 5693 9:20.

515 5654 634 5702 06‘)
664 5654 785 5691 Art.
825 5654 935 5701 le,
968 5654 1024 5708 p.
1059 5654 1162 5693 44:)
1192 5654 1247 5692 et
1286 5654 1398 5695 [12.
2280 5654 2358 5705 Il)
2390 5654 2497 5702 10.,
2530 5654 2698 5708 1mm,
2778 5679 2789 5692 ι
2822 5654 2948 5693 υῐιυ.

515 5704 606 5782 69)
635 5710 880 5767 Monum.
915 5707 1055 5764 Eccl.
1088 5707 1282 5782 Gram,
1316 5714 1359 5768 t.
1391 5711 1461 5783 II,
1494 5711 1552 5768 in
1584 5715 1731 5782 not.,
1763 5727 1821 5786 p.
1852 5710 1979 5767 640.
2246 5654 2385 5783 ἔ71ί)
2417 5708 2561 5783 Opp.
2594 5714 2637 5767 t.
2671 5654 2768 5782 Ili:
2801 5710 2977 5786 epist.
3016 5711 3142 5784 277,
3172 5728 3227 5786 p.
3261 5712 3387 5771 421.
