4056 6274
306 350 454 417 1197

306 489 448 548 licet

306 574 394 629 est
415 616 431 645 ,

1080 349 1373 415 ORATIO
1418 344 1605 415 XXV.
1636 346 1814 412 -ΙΝ
1864 344 2192 413 LAUDEM
2238 348 2577 411 HERONIS
2621 346 2928 413 PHILOS.
3555 351 3714 416 H98

548 493 795 549 arentes
868 486 1181 560 habuerit,
1243 505 1368 546 non
1427 487 1627 547 solum
1688 484 2097 556 Christianos,
2157 483 2267 544 sed
2324 482 2539 557 etiam,
2601 484 2653 544 si
2711 485 2971 546 scelesto
3028 485 3157 546 ﬁlio
3213 485 3367 547 ﬁdes
3423 487 3717 549 addenda

545 568 723 631 hristi
780 574 1124 647 martyres,
1189 568 1305 627 fuit
1362 567 1744 646 professione
1806 564 2259 647 philosophus,
2301 582 2455 647 __non
2516 567 2799 647 profecto
2858 566 3285 647 Christianus,
3356 567 3465 627 sed
3520 570 3708 646 Cyni-

306 644 431 709 cus.
492 648 662 708 Nihil
718 649 884 709 enim
944 644 1222 708 dicemus
1280 644 1380 706 de'
1411 647 1607 724 ipsius
1663 645 2098 706 inverecundis
2156 644 2473 717 moribus,
2546 645 2892 719 edacitate,
2961 646 3236 724 ingluvie
3294 653 3356 707 et
3410 644 3712 724 ignoran-

306 729 428 800 tia,
510 730 587 788 de
654 729 882 806 quibus
960 728 1332 805 Gregorius,
1426 725 1704 788 Carmine
1761 727 1828 785 de
1884 725 2007 785 vita
2063 744 2170 785 sua
2229 725 2425 804 (72),
2508 727 2642 786 fuse
2711 728 3096 788 recantando
3172 734 3536 806 pertractat.
3599 730 3709 789 Ille

308 810 583 887 quidem,
616 810 697 869 ob
746 808 955 888 turpia
1002 807 1294 887 quadam
1343 807 1641 881 facinora,
1676 806 1867 888 virgis
1916 823 2111 888 casus
2159 806 2324 865 circa
2372 806 2794 888 annumg374,
2848 807 2912 866 in
2964 807 3172 868 Oasim
3219 807 3489 868 insulam
3539 816 3713 887 post-

307 885 378 950 ea
435 891 802 968 deportatus
853 885 1222 962 estfunde
1280 894 1421 966 post
1474 887 1961 966 quadriennium
2020 885 2311 968 elapsus,
2384 904 2457 968 ac
2516 886 2784 946 multum
2847 894 3150 964 vagatus,
3230 889 3463 965 ubique
3518 885 3714 949 scele-

308 988 444 1030 rum
501 966 758 1029 suorum
816 968 1074 1046 vestigia
1132 969 1526 1046 relinquens,
1592 966 2202 1045 Constantinopolim
2262 966 2515 1025 tandem
2576 967 2846 1044 appullit
2902 985 3069 1028 anno
3127 968 3266 1029 379.
3328 970 3583 1029 Pietatis
3642 988 3715 1030 ac

308 1049 625 1126 religionis
677 1050 1014 1109 simulacro
1070 1049 1389 1119 obtectus,
1462 1047 1828 1125 Gregorium
1889 1046 2058 1127 aditi,
2134 1046 2439 1122 ﬁngitque
2497 1065 2562 1106 se
2622 1065 2733 1124 pro
2792 1048 3024 1108 Christi
3079 1049 3333 1108 nomine
3389 1050 3599 1127 virgas
3655 1056 3719 1110 et

308 1130 593 1190 exsilium
669 1130 952 1190 subiisse.
1011 1128 1213 1207 Ipsius
1271 1128 1431 1188 dolis
1504 1146 1577 1188 ac
1656 1126 2183 1207 simulationibus
2221 1128 2549 1207 deceptus
2589 1127 2984 1207 Theologus,
3066 1147 3209 1188 eum
3266 1126 3553 1189 amanter
3607 1148 3717 1189 ex-

306 1215 575 1350 ἷᾝιιιω,
636 1209 703 1269 in
759 1205 1165 1271 familiarium
1222 1227 1486 1268 numero
1546 1210 1860 1287 ascripsit,
1925 1214 2116 1285 atque
2169 1205 2355 1267 istam
2419 1206 2682 1268 subinde
2738 1208 3087 1269 orationem
3130 1209 3195 1269 in
3250 1209 3417 1270 illius
3467 1209 3721 1271 laudem

439 1290 548 1350 uit.

439 1290 548 1350 uit.

386 1373 460 1433 V.
508 1370 734 1431 Mirum
791 1386 940 1430 sane
996 1367 1223 1446 cuique
1292 1366 1495 1428 videri
1556 1367 1763 1440 debet,
1815 1371 2121 1444 quantum
2175 1365 2508 1442 Gregorius
2563 1365 2752 1426 fuerit
2805 1385 2843 1426 a
2888 1366 3161 1429 Maximo
3208 1366 3484 1429 delusus.
3536 1372 3721 1443 Nam,

310 1448 359 1508 si
416 1450 589 1510 nulla
643 1448 773 1509 alia
826 1454 1145 1511 exstarent
1200 1448 1277 1509 de
1347 1448 1466 1507 isto
1515 1447 1747 1525 Cynico
1796 1446 2112 1505 contraria
2164 1452 2594 1517 monumenta,
2645 1447 2944 1525 praclare
2990 1448 3244 1525 quidem
3294 1449 3371 1508 de
3424 1449 3535 1510 illo
3583 1469 3725 1509 sen-

311 1529 588 1591 tiendum
645 1530 824 1589 foret.
888 1529 987 1589 Sic
1046 1529 1210 1589 enim
1284 1527 1607 1587 exorditur
1655 1534 1916 1608 orator:
1976 1525 2490 1603 «Philosophum
2540 1526 2836 1608 laudabo,
2874 1551 2902 1583 ι
2954 1537 3036 1603 et,
3088 1527 3506 1608 philosophia
3555 1548 3723 1590 com-

313 1610 513 1670 modis
583 1616 772 1687 atque
855 1610 1125 1669 utilitate
1202 1607 1479 1689 breviter
1555 1607 1923 1689 expositis,
1969 1612 2342 1689 praesentem
2420 1606 2759 1689 Maximum
2818 1608 3241 1686 compellans,
3323 1606 3725 1689 prosequitur

310 1693 397 1768 (η.
457 1692 520 1769 2)
571 1710 585 1750 :
670 1686 702 1746 Et
750 1691 883 1749 Huc
938 1689 1125 1762 ades,
1194 1706 1230 1747 ο
1291 1687 1849 1767 philosOphorum,
1912 1687 2038 1747 imo
2094 1695 2156 1769 et
2211 1686 2487 1769 veritatis
2544 1693 2910 1769 martyrum,
2946 1686 3545 1769 praestantissime...
3596 1692 3730 1750 Huc

313 1765 509 1842 ades,'
540 1770 909 1829 adulterinae
963 1765 1307 1845 sapientiae
1355 1765 1786 1828 confutator...
1849 1770 1983 1827 Huc
2039 1766 2229 1848 ades,
2262 1765 2370 1843 qui
2410 1767 2489 1848 in
2546 1767 2752 1828 alieno
2812 1765 3029 1828 habitu
3079 1776 3293 1829 nostra
3341 1771 3727 1848 proﬁteris...

312 1852 443 1909 Huc
500 1850 671 1919 ades,
732 1857 795 1909 et
851 1849 931 1909 ad
991 1868 1275 1908 mensam
1345 1850 1667 1926 mysticam
1735 1848 1992 1926 propius
2049 1846 2362 1926 accede...
2408 1847 2541 1906 Huc
2597 1850 2766 1918 ades,
2822 1856 2881 1907 te
2937 1850 3186 1909 coronis
3242 1846 3471 1911 nostris
3518 1851 3729 1909 devin-

315 1931 499 1997 ciam,
551 1948 624 1990 ac
668 1930 840 1989 clara
890 1948 1062 2000 voce,
1099 1948 1222 1988 non
1275 1928 1339 1986 in
1391 1925 1600 1988 media
1650 1925 1961 2005 Olympia,
1999 1944 2111 1986 nec
2158 1926 2221 1985 in
2271 1925 2497 2002 exiguo
2547 1928 2799 1987 Gracia
2855 1928 3123 2002 theatro,
3157 1933 3261 1989 sed
3306 1948 3519 1991 coram
3572 1931 3720 1997 Deo.

312 2016 373 2070 et
429 2010 690 2087 angelis,
751 2016 814 2068 et
873 2011 1161 2069 universo
1228 2005 1518 2068 Ecclesia
1579 2017 1744 2067 coetu
1802 2008 2100 2066 victorem
2136 2006 2590 2087 Aproclamabo.
2623 2028 2652 2063 ι)
2717 2008 2884 2081 Quis,
2938 2009 3087 2068 talia
3143 2010 3479 2083 audiendo,
3532 2011 3725 2070 Maxi-

313 2085 641 2162 mumfut
694 2088 974 2149 veritatis
1032 2088 1368 2154 athletam,
1431 2087 1577 2147 ﬁdei
1634 2088 1949 2165 clypeum,
2015 2085 2301 2146 Ecclesia
2356 2086 2673 2158 columen,
2738 2088 3113 2148 acerrimum
3170 2090 3397 2150 erroris
3452 2092 3725 2162 hostem,

324 2176 385 2230 et
438 2169 862 2229 ﬁrmissimum
921 2167 1874 2249 divinitatispropugnaculum
1937 2186 2058 2225 non
2116 2167 2515 2249 admiretur?
2575 2166 2810 2249 Deinde
2863 2167 3225 2246 Theologus
3282 2169 3370 2249 (n.
3429 2171 3529 2249 3),
3604 2188 3731 2230 non

322 2250 800 2327 «sanguinis,»
861 2249 970 2307 sed
1025 2273 1053 2304 «
1088 2246 1335 2328 pietatis
1390 2248 1560 2307 illius
1616 2265 1694 2328 ac
1748 2265 1993 2328 morum
2050 2247 2439 2328 ngibilitatem
2474 2269 2504 2301 »
2554 2247 2845 2328 extollit;
2899 2253 2960 2307 et
3007 2246 3377 2327 percurrens
3427 2246 3735 2328 quascun-

311 2348 431 2407 que
470 2326 581 2409 pro
633 2328 880 2409 Christo
939 2329 1223 2409 subiisse,
1260 2326 1580 2388 dictitarat
1634 2327 1965 2409 hypocrita
2023 2326 2393 2409 afﬂictiones
2454 2332 2514 2385 et
2572 2326 2821 2409 exsilia,
2872 2326 3036 2401 eum,
3086 2336 3162 2409 ut
3218 2326 3463 2390 Christi
3502 2335 3732 2408 marty-

316 2406 490 2481 rem,
570 2414 632 2469 et
687 2408 987 2469 virtutum
1058 2408 1341 2468 omnium
1416 2407 1738 2485 exemplar
1811 2406 2202 2465 auditoribus
2281 2413 2711 2487 reprasentat.
2772 2408 3002 2467 Verum
3080 2408 3500 2485 ignoscendus
3579 2406 3724 2487 pro-

316 2491 478 2549 fecto
528 2489 807 2565 Gregorii
859 2506 1055 2560 error,
1104 2488 1167 2547 in
1224 2505 1412 2565 quem
1472 2507 1543 2548 eo
1600 2487 1842 2547 facilius
1903 2487 2113 2565 lapsus
2171 2491 2283 2559 est,
2335 2506 2460 2563 quo
2516 2485 2651 2563 ipse
2700 2492 2862 2547 esset
2911 2489 3261 2550 candidior.
3316 2485 3727 2551 Etenim—viri

321 2569 503 2648 probi
560 2569 795 2628 bonum
854 2569 1036 2628 facile
1083 2568 1393 2640 credunt;
1455 2568 1532 2629 ad
1591 2568 2037 2645 suspicandum
2072 2585 2242 2648 vero
2300 2566 2538 2648 aliquid
2590 2566 2759 2638 mali,
2810 2586 3032 2645 segnes
3083 2575 3229 2629 sunt
3281 2575 3343 2629 et
3392 2570 3718 2631 tardiores.

322 2647 775 2727 Ignoscendus,
832 2648 1126 2727 inquam,
1186 2666 1391 2720 error,
1450 2648 1629 2725 cuius
1685 2649 1784 2727 sic,
1831 2647 2194 2724 Gregorium
2255 2647 2587 2723 panituit,
2650 2654 2757 2718 ut,
2819 2668 2944 2708 non
3000 2648 3204 2709 solum
3259 2649 3522 2723 laudes,
3585 2651 3726 2727 qui-

324 2725 443 2789 bus
516 2730 861 2789 Maximum
921 2725 1329 2801 celebraret,
1406 2725 1857 2799 recantaverit,
1944 2746 2158 2786 Verum
2213 2727 2399 2787 etiam
2492 2750 2522 2782 «
2578 2727 2863 2804 linguam
2941 2730 3403 2806 pracidendam
3479 2725 3728 2790 obtule-

318 2810 397 2869 rit
452 2809 664 2889 (73),»
719 2827 909 2887 seque
965 2810 1097 2887 ipse
1155 2809 1402 2869 silentio
1460 2808 1875 2889 damnaverit,
1922 2807 1972 2866 si
2024 2807 2143 2885 ipsi
2198 2807 2380 2889 venia
2434 2805 2872 2889 denegaretur.
2924 2805 3231 2869 Caeterum
3288 2810 3354 2869 in
3412 2810 3529 2870 hac
3577 2828 3722 2870 ora-

317 2886 486 2949 tione
546 2886 727 2969 plura
780 2886 1099 2969 interserit
1148 2894 1361 2949 orator
1419 2889 1496 2949 de
1565 2886 1862 2969 Ecclesia
1939 2887 2366 2969 persecutione
2413 2887 2851 2969 _sub__Arianis
2929 2890 3354 2969 principibus,
3433 2890 3722 2967 digniora

321 2966 565 3040 certef
605 2988 796 3047 quam
856 2987 1003 3047 qua
1070 2968 1147 3029 de
1203 2969 1433 3047 Cynico
1490 2968 1849 3028 celebravit.
1910 2966 2453 3045 Constantinopoli
2526 2966 2759 3027 dictam
2835 2966 3101 3030 exeunte
3136 2966 3339 3031 'anno
3396 2966 3521 3030 379
3573 2989 3717 3030 cum

322 3049 583 3110 eruditis
637 3048 1092 3110 existimamus.

392 3180 505 3251 (72)
534 3179 699 3236 Vers.
729 3180 836 3233 750
866 3183 921 3235 et
952 3195 1074 3251 seq.

772 3446 1174 3543 ΛΟΓΟΣ
1275 3448 1497 3539 KE’.

661 3581 757 3644 Εἷς
786 3583 999 3657 Ἠρῶνα
1035 3581 1125 3635 τὸν
1161 3579 1457 3658 φιλόσοφον
1484 3582 1617 3654 (74).

388 3671 465 3728 Α’.
497 3672 594 3726 Τὸν
628 3668 926 3749 φιλόσοφον
957 3668 1325 3741 ἐπαινέσομαι,
1358 3669 1448 3724 καὶ
1508 3668 1554 3722 εἰ
1604 3667 1797 3741 κάμνω
1855 3671 1967 3743 (75)

313 3762 391 3831 τῷ
421 3760 666 3833 σώματι·
702 3760 999 3836 φιλόσοφον
1031 3760 1131 3832 γάρ
1157 3778 1168 3790 ⁸
1218 3756 1569 3828 ἐπαινέσομαι
1612 3753 1668 3810 δὲ
1711 3757 1799 3810 καὶ
1846 3755 1963 3810 λίαν

312 3848 557 3908 εἰκότως,
590 3850 645 3899 Ὀ
682 3848 773 3918 μὲν
810 3847 913 3921 γὰρ
945 3842 1267 3923 φιλόσοφος,
1302 3845 1406 3921 ἐγὼ
1466 3842 1523 3898 δὲ
1570 3844 1759 3921 σοφίας
1810 3856 1962 3919 θερα-

309 3937 513 4005 πευτής
544 3952 555 3967 ⁸
613 3934 751 3988 ὥστε
801 3956 894 4005 μοι
944 3934 1034 3987 καὶ
1082 3936 1216 4005 πρὸς
1259 3933 1420 4008 λόγον
1466 3934 1493 3987 6
1526 3928 1764 4000 ἔπαινος,
1792 3930 1865 3984 *ἶν’
1922 3932 1965 3986 εἷ

317 4024 478 4094 μήτι
529 4020 692 4089 ἄλλο,
739 4018 899 4077 τοῦτὸ
947 4043 1009 4095 γε
1057 4021 1418 4099 φιλοσοφήσω
1450 4022 1513 4074 τὸ
1544 4021 1843 4097 φαυμάζειν
1879 4043 1966 4097 φι-

316 4109 574 4189 λόσοφον.
624 4114 693 4165 ’Ή
739 4113 840 4187 γὰρ
895 4109 1316 4188 φιλοσοφητέον,
1374 4109 1450 4170 ὡς
1486 4110 1513 4162 6
1546 4109 1674 4181 ἐμὸς
1708 4107 1897 4182 λόγος,
1931 4112 1964 4178 ἦ

312 4202 566 4273 τιμητέον
597 4199 942 4278 φιλοσοφίαν,
991 4196 1139 4270 εἷ’περ
1203 4200 1278 4270 μὴ
1335 4196 1633 4270 μέλλοιμεν
1686 4195 1965 4258 παντελῶς

314 4288 415 4360 ἔξω
464 4294 560 4344 τοῦ
616 4288 787 4344 καλοῦ
836 4288 1077 4359 πίπτειν,
1133 4286 1273 4360 μηδὲ
1319 4286 1540 4362 ἀλογίαν
1572 4288 1966 4360 κατακριθήσε-

312 4389 434 4441 σθαι
484 4375 699 4452 λογικοὶ
750 4374 1055 4451 γεγονότες,
1096 4374 1184 4429 καὶ
1234 4372 1323 4429 διὰ
1374 4372 1541 4449 λόγου
1591 4375 1727 4450 πρὸς
1790 4372 1963 4448 Λόγον

312 4463 653 4527 σπεύδοντες
687 4464 1068 4543 Φιλοσοφείτω
1100 4461 1155 4518 δὲ
1185 4466 1320 4537 ἡμῖν
1354 4463 1428 4525 ὡς
1461 4464 1510 4517 ἒν
1564 4468 1671 4517 τῶν
1719 4460 1903 4517 ἄλλ’-ιν
1937 4463 1963 4516 6

313 4557 469 4631 ἀνὴρ,
524 4556 587 4610 τὸ
642 4553 991 4622 ἆπαινεῖσθαι,
1039 4553 1127 4607 καὶ
1174 4552 1497 4628 καρτερείτω
1539 4554 1636 4621 τήν
1672 4550 1961 4629 εὐφημίαν.

314 4645 387 4698 Οὐ
445 4643 549 4719 γὰρ
600 4641 693 4697 ’ἱνα
749 4644 1103 4719 χαρισώμεθα
1172 4641 1560 4714 ἐπαινεσόμεθα
1634 4638 1809 4715 (ἵσμεν
1866 4644 1964 4694 τοῦ

313 4733 618 4811 φιλοσόφου
642 4732 706 4788 τὸ
735 4731 1091 4809 ἀφιλότιμον,
1126 4731 1215 4785 καὶ
1246 4732 1381 4806 πρὸς
1413 4751 1475 4805 γε
1506 4727 1656 4784 οὐδὲν
1691 4729 1749 4783 ἂν
1809 4729 1836 4781 6
1869 4728 1963 4783 λό-

2073 3177 2184 3249 (73)
2220 3179 2399 3233 Carm.
2431 3178 2496 3234 de
2523 3179 2645 3234 vita
2672 3195 2794 3250 sua,
2824 3195 2974 3234 vers.
3006 3178 3112 3234 994
3142 3183 3199 3236 et
3227 3196 3349 3252 seq.

2474 3432 2925 3520 ORATIO
3000 3435 3256 3521 XXV
3288 3437 3342 3523 ⁸.

2330 3568 2486 3623 454
2525 3567 2585 3620 In
2632 3565 2850 3620 laudem
2892 3568 3121 3621 Heronis
3147 3565 3474 3639 philosophi.

2151 3657 2192 3711 I.
2231 3654 2649 3726 Philosophum
2684 3653 2955 3725 laudabo,
2988 3657 3223 3711 tametsi
3263 3671 3503 3727 corpore
3531 3671 3681 3727 ager
3711 3672 3725 3711 :

2078 3747 2132 3800 id
2167 3746 2320 3801 enim
2356 3743 2831 3816 philosophicum
2865 3748 2989 3799 est:
3023 3743 3274 3800 laudabo
3307 3747 3503 3799 autem
3535 3745 3735 3799 admo-

2079 3836 2219 3890 dum
2270 3833 2499 3888 merito.
2530 3832 2631 3886 Ille
2679 3833 2835 3887 enim
2886 3832 3275 3904 philosophus
3324 3838 3431 3901 est,
3465 3849 3569 3905 ego
3604 3849 3735 3889 vero

2078 3922 2376 3993 sapientia
2426 3919 2631 3975 cultor.
2667 3925 2744 3974 Ac
2795 3920 3037 3990 proinde
3086 3938 3201 3975 non
3253 3921 3570 3992 incongrue
3618 3920 3728 3976 hoc

2080 4011 2270 4067 laudis
2303 4025 2519 4063 munus
2552 4007 2830 4080 suscipio,
2860 4013 2943 4075 ut,
2968 4009 3017 4065 si
3049 4009 3195 4064 nihil
3227 4009 3407 4076 aliud,
3431 4009 3541 4065 hoc
3570 4015 3725 4066 certe

2079 4100 2314 4155 nomine
2368 4097 2763 4169 philos0pher,
2806 4098 2959 4168 quod
3014 4097 3432 4170 philosophum
3489 4099 3725 4154 laudem

2078 4198 2253 4258 atque
2284 4186 2557 4242 admirer.
2589 4188 2704 4240 Aut
2731 4185 2886 4240 enim
2914 4186 3294 4259 philosOphia
3317 4204 3555 4259 operam
3585 4189 3724 4242 dare

2076 4282 2322 4348 oportet,
2356 4282 2419 4330 ut
2460 4291 2565 4346 ego
2610 4290 2843 4341 censeo,
2874 4280 2977 4330 aut
3026 4275 3457 4347 philosophiam
3506 4276 3725 4331 honore

2076 4365 2404 4438 complecti;
2430 4381 2501 4419 ne
2531 4363 2746 4434 alioqui
2772 4380 2805 4417 a
2828 4369 2982 4419 recto
3013 4369 3186 4435 atque
3216 4365 3459 4420 honesto
3483 4381 3725 4436 prorsus

2076 4456 2430 4523 excidemus,
2449 4469 2511 4507 ac
2528 4452 2711 4505 bruta
2728 4452 3036 4521 cujusdam
3054 4452 3331 4508 vecordia
3349 4453 3719 4521 damnamur,

2075 4544 2175 4616 qui
2209 4541 2450 4598 rationis
2483 4539 2793 4612 participes
2843 4541 3019 4595 creati
3051 4558 3280 4605 sumus,
3312 4557 3378 4596 ac
3409 4556 3511 4612 per
3540 4539 3722 4596 ratio-

2076 4649 2207 4688 nem
2232 4632 2301 4687 ad
2329 4630 2581 4686 Verbum
2608 4645 3009 4700 properamus.
3039 4629 3443 4701 Philosophice
3464 4645 3717 4701 quoque,

2078 4728 2139 4777 ut
2168 4721 2301 4792 alia,
2324 4720 2409 4774 vir
2429 4719 2524 4773 hic
2556 4718 2702 4773 ferat
2721 4735 2782 4772 se
2808 4717 3055 4785 laudari,
3078 4735 3143 4774 ac
3165 4719 3445 4774 virtutum
3474 4734 3719 4773 suarum

312 4806 411 4897 γος
464 4806 723 4894 προσθείη
782 4806 898 4883 τοῖς
955 4820 1269 4895 πράγμασιν
1324 4822 1460 4892 (76),
1517 4819 1598 4872 ’ὁτι
1639 4820 1712 4890 μὴ
1746 4817 1962 4885 καὶτῆς

2079 4808 2545 4883 praedicationem
2576 4823 2740 4876 aequo
2771 4806 2966 4862 animo
2998 4806 3265 4879 accipiat.
3298 4808 3423 4863 Non
3468 4807 3624 4863 enim
3658 4809 3722 4862 ut

310 4910 457 4981 ἀξίας
506 4911 783 4983 ἐλαττώσῃ
840 4912 951 4982 (77)
1004 4907 1093 4962 διὰ
1138 4911 1235 4976 τῆς
1270 4906 1539 4970 ἀσθενείας
1567 4913 1667 4975 τῆς
1727 4906 1962 4979 ἑαυτοῦ),

313 4998 440 5053 ἀλλ’
483 4998 550 5051 ’ἶν’
602 5000 749 5070 ἡμᾶς
805 4995 999 5058 αὐτοὺς
1056 4994 1452 5073 ὠφιλήσωμεν.
1511 4998 1678 5049 Τοῦτο
1736 4993 1835 5069 γὰρ
1866 4992 1964 5047 οὐκ

388 5124 462 5191 (α)
498 5124 650 5177 Alias
678 5139 821 5177 xxm
852 5138 866 5176 :
900 5140 1024 5191 qua
1059 5126 1255 5177 autem
1304 5123 1375 5175 25
1423 5124 1566 5184 erat,
1599 5136 1753 5174 nunc
1781 5120 1869 5173 33.
1897 5151 1960 5159 -

316 5194 527 5249 Habita
557 5193 1078 5264 Constantinopoli,
1113 5198 1358 5264 exeunte
1387 5210 1538 5248 anno
1569 5193 1693 5264 379.

388 5266 500 5335 (74)
536 5263 622 5341 ΕῘς
673 5267 880 5341 Ἡρῶνα
928 5262 1024 5341 τὸν
1059 5262 1380 5341 φιλόσοφον.
1414 5264 1508 5341 βίᾳ
1557 5263 1817 5341 plerique
1848 5277 1961 5341 Ico-

311 5329 494 5409 dices.
558 5338 693 5409 Reg.
739 5329 834 5389 'hu
884 5329 1079 5409 addit.
1112 5354 1127 5409 ξ
1157 5329 1575 5409 ξ’-Αλεξανδρέαξ
1629 5329 1962 5409 ἐξορισθιὲντα

311 5402 402 5461 διὰ
429 5407 527 5475 τὴν
558 5402 760 5475 πίστιν,
811 5405 900 5460 καὶ
950 5402 1489 5478 ἒππνελθόνταῴεϋ
1523 5402 1551 5460 τ
1595 5402 1756 5473 ιετῆλν
1785 5403 1959 5478 ρόνον.

311 5477 535 5532 Ἐὅὸἐθη
569 5479 619 5532 ἐν
650 5476 1237 5532 Κωνσταντινονπόλει·
1272 5503 1300 5529 ‹‹
1335 5479 1397 5532 In
1444 5424 1674 5532 laniem
1719 5425 1959 5532 Ifcronis

307 5477 535 5553 Ἐῥᾷἐθη
569 5479 619 5533 ἒν
650 5476 1237 5533 Κωνσταντινοοπόλει·
1272 5503 1300 5529 ‹‹
1335 5476 1397 5553 In
1444 5476 1674 5553 laudem
1719 5476 1961 5553 Ilcroni-s

310 5548 642 5626 philosOphi
670 5553 1065 5616 Alexandrini,
1092 5553 1162 5626 ob
1190 5554 1361 5626 fidem
1386 5552 1444 5626 in
1469 5551 1735 5626 exsilium
1773 5548 1959 5626 missi,

312 5620 381 5677 ac
415 5620 890 5696 post'triennium
926 5624 1158 5679 reversi.
1190 5624 1353 5696 Dicta
1382 5620 1904 5696 Constantinopoli.
1934 5641 1961 5667 ››

324 5694 428 5752 Sic
454 5696 660 5754 Billius
682 5697 870 5764 vertit,
896 5696 1162 5767 quamvis
1183 5696 1240 5751 in
1266 5694 1435 5750 editis
1458 5694 1681 5767 legatur
1700 5696 1963 5750 tantum:

2075 4903 2147 4955 ab
2179 4900 2304 4971 ipso
2331 4898 2584 4969 gratiam
2613 4895 2902 4964 ineamus,
2932 4912 3066 4951 eum
3100 4895 3475 4951 laudabimus
3507 4896 3720 4967 (neque

2074 5006 2181 5043 nos
2213 4986 2381 5058 fugit,
2405 5000 2579 5055 quam
2612 4984 2683 5038 ab
2728 4983 2968 5039 honoris
3015 4984 3334 5055 cupiditate
3384 4984 3720 5056 philosophi

2073 5112 2164 5187 Εζς
2194 5113 2405 5187 Ἱῖρῶνα
2428 5108 2559 5187 ,τὸν-
2584 5104 2899 5187 φιλόσοφον.
2932 5105 3183 5187 ἀπο-,τῆς
3235 5107 3440 5187 ξξρρζας
3490 5106 3718 5187 {iam}-

2072 5179 2305 5263 Θόντα·’‹‹
2334 5183 2396 5263 In
2427 5179 2660 5263 laudem
2693 5179 2935 5263 Ileroniis
2968 5179 3299 5263 philosophi
3325 5179 3401 5236 ab
3434 5180 3604 5263 exilip
3637 5197 3720 5235 re-

2071 5256 2242 5311 versi,
2270 5276 2297 5302 »
2329 5255 2609 5307 Craterum
2644 5252 2699 5304 in
2735 5251 2954 5306 monito
2987 5251 3380 5321 probavimus,
3405 5269 3516 5305 non
3548 5256 3719 5306 Hero-

2074 5345 2230 5393 nem,
2264 5327 2364 5381 sed
2398 5322 3162 5447 Maximum’philosophum
3206 5324 3485 5396 Cynicum
3517 5323 3576 5379 in
3606 5323 3716 5380 hac

2074 5400 2333 5447 nmtinne
2364 5413 2396 5447 a
2422 5394 2696 5447 Gregorio
2753 5393 2910 5447 uisse
2942 5394 3266 5447 laudatum.

2073 5400 2333 5457 oratione
2364 5413 2396 5451 a
2422 5394 2696 5457 Gregorio
2730 5393 2910 5449 fuisse
2942 5393 3266 5451 laudatum:

2144 5471 2255 5540 (75)
2286 5468 2506 5538 Κάμνω.
2538 5462 2737 5540 Coisl._
2763 5466 2811 5540 i_,
2843 5462 3081 5537 κάμνων.

2145 5534 2256 5613 (76)
2293 5534 2594 5615 Πραγμασι.
2647 5534 2819 5592 Coisl.
2874 5534 3009 5592 lict
3059 5536 3176 5609 alii,
3211 5534 3466 5610 θαύμασι,
3498 5561 3517 5585 ιι

2073 5616 2267 5672 rebus.
2301 5635 2327 5661 »

2145 5687 2256 5762 (77)
2290 5680 2619 5755 Ἐλαττώσῃ.
2654 5679 2837 5753 Forte,
2871 5675 3181 5738 ἐλαττώσει.
3215 5681 3368 5740 Εῡιτ.

3558 5535 3717 5594 miris
