4056 6274
318 481 466 544 1201

1097 476 1390 540 ORATIO
1434 474 1820 535 XXV.—-IN
1870 473 2194 536 LAUDEM
2242 473 2583 535 HERONIS
2632 473 2931 537 PHILOS.

3581 480 3607 538 1
3620 476 3738 541 202

313 619 421 678 θεῖν
448 616 563 675 τοῖς
597 610 821 673 οἰκείοις
852 613 1069 667 πάθεσιν
1103 606 1531 677 ἑκδιδάσκοντος,
1562 610 1651 661 καὶ
1684 608 1756 661 ὧν
1792 606 1949 661 ἆθλον

2080 608 2493 680 patrocinium,
2516 613 2768 681 tempus,
2794 614 2850 665 et
2882 626 2984 680 pro
3027 626 3086 666 re
3129 608 3389 682 legitima
3420 616 3734 666 consuetu-

311 702 551 778 οὐρανῶν
589 700 855 777 βασιλεία,
889 701 977 756 καὶ
1011 701 1137 757 Θεὸν
1173 700 1415 775 γενέσθαι
1444 702 1541 753 τοῦ
1590 698 1779 752 παθεῖν
1827 696 1965 769 ὑψη-

312 790 555 867 λότερον.

2078 696 2275 753 dinem
2304 701 2806 769 assumpserunt);
2831 716 3027 754 verum
3047 699 3336 755 haeresum
3360 700 3732 756 mendacium

2078 786 2379 855 deviceris,
2412 788 2469 842 in
2504 787 2781 843 honorem
2821 789 2915 844 Dei
2946 788 3212 857 viventis,
3238 790 3337 861 qui
3371 806 3478 845 nos
3501 806 3732 861 quoque

310 901 413 953 per
444 900 584 939 suos
615 883 911 938 cruciatus
943 882 1015 936 ad
1057 880 1396 935 subeundos
1439 877 1735 932 cruciatus
1782 874 1995 941 erudit,
2032 891 2280 945 quorum
2312 877 2487 931 etiam
2521 878 2911 932 certaminum
2944 878 3273 949 praemium,
3307 879 3433 936 σεεΙὶ
3484 896 3729 953 regnum

308 975 415 1035 est,
450 988 515 1027 ac
548 976 727 1026 Deum
760 971 930 1037 efﬁci,
965 970 1125 1025 omni
1156 968 1377 1023 doloris
1408 984 1583 1021 sensu
1619 965 2041 1020 sublimiorem.

380 1058 451 1114 I".
483 1056 657 1113 Ἀλλά
684 1056 766 1118 τίς
798 1060 833 1125 ἡ
867 1056 1199 1132 ἀνάρῥησις;
1233 1055 1295 1109 Ei
1333 1055 1423 1127 μὶν
1476 1054 1573 1120 τήν
1632 1052 1969 1124 συντυμωτέ-

311 1166 404 1221 ραν
461 1150 678 1209 ποθεῖτε
733 1145 825 1199 καὶ
871 1144 1289 1220 γνωριμωτέραν
1316 1162 1327 1172 '
1381 1142 1548 1203 Οὗτος
1579 1148 1677 1210 τῆς
1710 1139 1963 1206 ἀληθείας

308 1234 614 1309 ἀγωνιστής
666 1232 1076 1308 ἀψευδέστατος,
1125 1234 1214 1287 καὶ
1252 1238 1350 1301 τῆς
1382 1229 1608 1305 Τριάδος
1643 1231 1961 1305 ὑπέρμαχος

310 1321 472 1398 ἄχρις
504 1320 753 1395 αἵματος,
786 1322 875 1376 καὶ
904 1327 1013 1376 τῶν
1045 1320 1349 1376 διωκόντων
1396 1324 1474 1390 τῷ
1522 1324 1697 1373 ποιεῖν
1758 1322 1958 1387 κακῶς,

307 1417 384 1483 τῷ
413 1413 646 1487 πάσχειν
680 1411 980 1487 προθύμως
1015 1408 1252 1479 διώκτης
1279 1428 1291 1440 ’
1328 1406 1479 1463 οὐδέν
1513 1409 1616 1483 γάρ
1650 1407 1793 1461 οὕτω
1840 1411 1961 1476 νικᾷ

305 1501 394 1554 τὸν
426 1500 713 1569 διώκοντα,
746 1501 819 1562 ὡς
848 1500 1125 1575 προθυμία
1154 1502 1251 1553 τοῦ
1278 1498 1602 1572 πάσχοντος.
1656 1496 1717 1550 Ei
1763 1494 1819 1550 δὲ
1861 1497 1959 1562 τήν

304 1586 634 1664 τελεωτέραν
684 1592 797 1663 (86)
843 1588 933 1642 καὶ
985 1586 1320 1659 πλατυτέραν
1348 1604 1360 1616 '
1406 1586 1577 1645 Οὗτος
1609 1586 1828 1659 ἄριστος
1866 1585 1958 1655 μέν

304 1676 353 1749 ἐξ
394 1677 647 1753 ἀρίστων,
705 1678 795 1731 καὶ
847 1677 898 1747 ἒξ
949 1676 1180 1751 εὐγενῶν
1233 1671 1619 1751 εὐγενέστατος.
1684 1673 1961 1748 Εὐγένειαν

304 1763 360 1820 δὲ
391 1767 561 1841 λέγω,
596 1765 704 1840 οὐχ
761 1768 821 1835 ἣν
883 1768 934 1820 οἱ
992 1761 1211 1820 πολλοὶ
1257 1764 1570 1836 νομίζουσιν
1599 1782 1610 1794 ·
1648 1760 1851 1837 ἅπαγεί
1888 1760 1959 1814 Οὐ

304 1856 438 1930 πρὸς
469 1858 628 1927 ἡμῶν
661 1854 801 1910 οὕτω
833 1856 1122 1928 θαυμάζειν
1154 1857 1287 1928 (87),
1322 1851 1446 1907 οὐδὲ
1495 1850 1815 1930 φιλόσοφον,
1858 1852 1957 1920 τὴν

2152 1054 2246 1107 ΙΙΙ.
2283 1054 2587 1117 Quodnam
2620 1059 2814 1110 autem
2847 1054 2955 1111 hoc
2990 1056 3343 1127 praeconium
3375 1057 3511 1113 est?
3540 1056 3729 1128 Siqui-

2078 1144 2209 1196 dem
2245 1143 2478 1197 brevius
2526 1147 2582 1197 et
2630 1144 2825 1199 notius
2877 1144 3295 1215 quaeritis,erit
3340 1145 3726 1217 hujusmodi:

2078 1229 2180 1283 llic
2226 1237 2313 1285 est
2342 1231 2602 1286 veritatis
2652 1232 2872 1287 athleta
2916 1233 3282 1301 verissimus,
3317 1238 3371 1287 et
3424 1234 3731 1291 Trinitatis

2079 1320 2149 1373 ad
2204 1320 2553 1389 sanguinem
2588 1337 2776 1391 usque
2827 1327 3246 1393 propugnator,
3280 1327 3454 1394 atque
3502 1340 3727 1391 eorum,

2080 1408 2177 1477 qui
2214 1408 2432 1479 ipsum,
2464 1408 2693 1479 injuriae
2726 1410 3038 1465 inferendae
3069 1427 3267 1479 causa,
3301 1412 3726 1483 persequeban-

2077 1502 2190 1562 tur,
2216 1514 2317 1567 per
2340 1497 2593 1567 patiendi
2615 1497 2977 1553 alacritatem
3007 1504 3360 1570 persecutor.
3389 1500 3544 1554 Nihil
3567 1500 3722 1556 enim

2076 1590 2500 1656 persecutorem
2552 1586 2629 1641 ita
2659 1592 2914 1657 superat,
2937 1592 3001 1642 ut
3034 1588 3307 1659 patientis
3339 1588 3629 1644 alacritas.
3662 1590 3722 1645 Si

2073 1690 2202 1729 vero
2233 1674 2543 1745 perfectius
2583 1679 2640 1730 et
2684 1675 2862 1731 latius
2911 1676 3241 1748 postulatis,
3265 1678 3379 1733 tale
3426 1678 3536 1733 erit
3568 1696 3580 1733 :
3617 1678 3720 1734 Hic

2072 1780 2138 1817 ex
2169 1763 2409 1834 optimis
2440 1764 2719 1834 optimus,
2752 1768 2808 1819 et
2845 1782 2914 1820 ex
2963 1765 3255 1821 nobilibus
3289 1766 3715 1822 nobilissimus.

2074 1851 2441 1906 Nobilitatem
2474 1856 2669 1907 autem
2714 1853 2863 1918 dico,
2898 1870 3011 1908 non
3044 1855 3199 1910 456
3238 1872 3413 1926 quam
3459 1854 3720 1927 plerique

305 1941 363 1997 ὶκ
394 1942 576 2016 μύθων
609 1944 697 1997 καὶ
727 1943 908 2020 τάφων
945 1943 1252 2017 ἐρχομένην
1298 1942 1387 1997 καὶ
1446 1940 1615 1996 πάλαι
1665 1941 1949 2010 σεσηπυίας

2069 1940 2439 1995 existimant:
2468 1941 2645 1996 absit!
2682 1941 2807 1996 Non
2839 1942 2997 1996 enim
3030 1948 3298 1997 nostrum
3326 1948 3434 2009 est,
3459 1960 3563 1999 nec
3594 1945 3721 2015 phi-

305 2032 547 2109 gcpp'ﬁob'
611 2032 737 2087 οὐδὲ
788 2034 886 2100 τὴν
935 2032 985 2102 ἐξ
1033 2031 1279 2104 αἱμάτων
1328 2031 1417 2085 καὶ
1463 2032 1799 2105 γραμμάτων
1842 2033 1954 2102 (88)

302 2122 751 2196 προσγινομένην,
782 2122 845 2189 ἢν
883 2120 1069 2181 νύκτες
1118 2124 1228 2192 (89)
1282 2119 1617 2194 χαρίζονται,
1670 2119 1759 2172 καὶ
1811 2119 1957 2193 βασι-

304 2207 442 2264 λέων
472 2208 607 2271 ⁸ίσως
641 2207 765 2263 οὐδὲ
796 2209 1023 2285 εὐγενῶν
1073 2215 1278 2283 χεῖρες,
1328 2207 1797 2283 προστασσόντων,
1848 2207 1952 2261 ὣσ-

301 2316 400 2371 περ
459 2295 599 2352 άλλο
654 2319 729 2364 τι,
776 2298 875 2366 τὴν
924 2297 1189 2372 εὐγένειαν
1223 2317 1234 2329 ·
1302 2297 1429 2352 ἀλλ’
1477 2298 1537 2364 ἢν
1586 2291 1825 2351 εὐσέϐεια
1855 2315 1953 2370 χι-

301 2386 615 2462 ρακτηρίζει
644 2387 731 2441 καὶ
762 2387 991 2462 τρόπος,
1024 2387 1112 2441 καὶ
1144 2390 1178 2455 ἡ
1212 2386 1347 2461 πρὸς
1377 2387 1439 2441 τὸ
1486 2390 1702 2462 πρῶτον
1752 2385 1951 2460 ἀγαθὸν

299 2472 513 2547 ἄνοδος,
565 2476 683 2530 ὅθεν
736 2476 1059 2550 γεγόναμεν.
1109 2475 1325 2545 Ταύτης
1376 2473 1646 2545 ἀπόδειξις
1700 2474 1796 2545 μία
1849 2477 1946 2543 τῆς

297 2564 577 2640 εὐγενείας.
627 2565 703 2622 Οὐ
753 2565 855 2640 γὰρ
905 2564 1152 2636 ἀθλητὴς
1207 2565 1368 2637 μόνον
1420 2568 1553 2637 ἡμῖν
1607 2566 1634 2619 ὁ
1666 2561 1944 2639 γεννάδας,

296 2652 442 2709 ἀλλὰ
492 2653 581 2708 καὶ
633 2653 691 2708 ἐκ
736 2653 1021 2728 μαρτύρων
1049 2674 1061 2685 ·
1110 2653 1247 2708 ὣστε
1296 2653 1501 2717 σ’ίκοθεν
1548 2653 1693 2724 αὐτῷ
1739 2653 1800 2707 τὸ
1847 2655 1945 2721 τῆς

296 2741 490 2816 ἀρετῆς
537 2740 903 2817 παράδειγμα.
960 2742 1197 2812 Πολίτης
1250 2740 1327 2811 δὲ,
1378 2743 1536 2819 σοφίᾳ
1580 2743 1692 2814 μὲν,
1740 2750 1839 2809 τῆς
1872 2744 1947 2796 οἱ·

296 2831 569 2903 κουμένης
624 2832 831 2900 ἀπάσης
889 2829 1037 2904 (οὐδὲ
1089 2833 1188 2905 γὰρ
1249 2830 1495 2906 ἀνέχεται
1549 2837 1763 2903 μικροῖς
1796 2829 1945 2905 ὅροις

297 2920 501 2987 Κυνική
555 2921 1041 2994 περιγράφεσθαι)·
1122 2921 1336 2987 σώματι
1397 2918 1474 2984 δὲ,
1534 2926 1632 2986 τῆς
1698 2918 1944 2989 Ἀλεξαν-

296 3005 463 3080 δρέων
522 3006 740 3068 πόλεως
788 3014 888 3075 τῆς
947 3006 1038 3060 σὺν
1091 3007 1217 3078 ὑμῖν
1264 3008 1397 3078 (90),
1449 3010 1482 3075 ἢ
1521 3009 1632 3079 μεθ’
1663 3008 1800 3078 ὑμᾶς
1835 3010 1947 3080 (91)

296 3094 494 3158 εὐθέως
548 3095 993 3170 ἀριθμουμένης·
1049 3098 1114 3163 ἧς
1173 3101 1301 3149 πᾶσι
1347 3097 1561 3149 πάντων
1618 3095 1942 3170 κρατούσης,

297 3184 567 3260 θερμότης
608 3186 670 3239 τὸ
722 3182 1015 3239 ἱδιαίτατον
1080 3188 1212 3257 (92),
1261 3184 1351 3238 καὶ
1397 3184 1596 3254 ταύτης
1637 3186 1700 3238 τὸ
1750 3184 1943 3240 κάλλι-

2067 2026 2455 2098 losophicum,
2482 2045 2607 2082 eam
2642 2029 2943 2095 admirari,
2970 2047 3096 2101 quas
3126 2048 3159 2085 a
3189 2030 3403 2086 fabulis
3435 2036 3493 2087 et
3521 2032 3719 2105 sepul-

2066 2118 2200 2184 cris,
2235 2134 2300 2171 ac
2344 2116 2655 2188 supercilio
2689 2118 3044 2189 jampridem
3096 2120 3419 2188 putrefacto
3470 2126 3670 2176 manat
3704 2140 3716 2177 :

2069 2222 2169 2259 nec
2208 2222 2357 2272 eam,
2393 2222 2519 2275 qua
2568 2222 2635 2260 ex
2684 2206 3073 2277 sanguinibus
3130 2211 3187 2262 et
3241 2207 3452 2264 litteris
3509 2209 3714 2276 oritur,

2065 2310 2239 2364 quam
2268 2298 2465 2349 noctes
2499 2294 2846 2365 largiuntur,
2872 2312 2937 2349 ac
2960 2311 3160 2367 regum
3194 2296 3543 2368 ignobilium
3567 2314 3711 2369 quo-

2063 2400 2176 2455 que
2226 2384 2471 2439 fortasse
2520 2400 2752 2449 manus,
2803 2384 3183 2456 nobilitatem,
3224 2385 3379 2441 velut
3424 2386 3707 2457 quiddam

2060 2471 2240 2540 aliud,
2267 2473 2602 2542 jubentium
2632 2490 2644 2528 :
2671 2473 2770 2527 sed
2794 2490 2971 2544 quam
3005 2474 3188 2545 pietas
3209 2478 3264 2529 et
3286 2491 3477 2530 mores
3501 2479 3707 2531 notant

2058 2565 2231 2633 atque
2262 2562 2540 2627 indicant,
2562 2566 2619 2617 et
2647 2563 2717 2617 ad
2752 2564 3009 2634 primum
3042 2562 3184 2618 illud
3227 2563 3468 2635 bonum,
3492 2581 3557 2621 ex
3585 2582 3701 2636 quo

2058 2653 2342 2722 originem
2371 2654 2678 2721 traximus,
2712 2670 3013 2708 ascensus.
3037 2655 3226 2723 Hujus
3248 2654 3571 2709 nobilitatis
3593 2656 3701 2711 hoc

2059 2759 2241 2796 unum
2267 2747 2678 2813 argumentum
2701 2747 2807 2796 est.
2833 2743 3059 2797 Etenim
3088 2760 3202 2797 non
3227 2747 3455 2798 tantum
3480 2749 3704 2817 martyr

2057 2832 2181 2902 ipse
2212 2848 2529 2902 generosus
2577 2831 2817 2895 exstitit,
2851 2831 2949 2886 sed
2983 2830 3157 2885 etiam
3208 2848 3276 2886 ex
3324 2834 3704 2904 martyribus.

2059 2923 2259 2991 Itaque
2297 2920 2529 2975 virtutis
2560 2919 2889 2990 exemplum
2935 2920 3059 2983 ipse
3108 2920 3265 2974 domi
3315 2920 3538 2975 habuit.
3568 2922 3702 2977 Jam

2057 3011 2206 3081 quod
2234 3011 2300 3063 ad
2328 3010 2616 3063 civitatem
2640 3007 2867 3077 attinet,
2892 3008 2939 3062 si
2965 3009 3201 3079 quidem
3231 3008 3530 3080 sapientia?
3558 3010 3705 3067 ratio

2057 3099 2362 3167 habeatur,
2386 3097 2568 3152 totius
2590 3097 2749 3153 orbis
2773 3100 3061 3152 terrarum
3095 3102 3185 3152 est
3205 3098 3382 3153 civis:
3412 3115 3515 3154 nec
3547 3100 3703 3155 enim

2056 3187 2413 3259 cynicismus
2443 3186 2670 3257 exiguis
2710 3186 2929 3241 ﬁnibus
2973 3186 3374 3242 circumscribi
3419 3189 3703 3258 sustinet;

295 3294 441 3341 στον,
494 3273 942 3346 Χριστιανισμὸς,
990 3272 1078 3327 xui
1124 3275 1159 3342 ἡ
1199 3273 1323 3347 περὶ
1354 3278 1513 3327 τοῦτο
1697 3271 1949 3345 διάθεσις,

2067 3278 2112 3330 si
2142 3293 2273 3331 vero
2307 3293 2517 3348 corpus
2549 3280 2901 3348 spectemus,
2926 3274 3276 3331 Alexandria
3304 3281 3469 3333 ortus
3498 3282 3605 3346 est,
3639 3295 3708 3335 ex

295 3361 355 3415 ἐκ
426 3363 797 3436 προαιρέσεως
881 3362 974 3433 μὲν
1048 3361 1335 3437 ἀρχομένη
1408 3362 1478 3435 τῇ
1537 3360 1593 3417 δὲ
1649 3362 1801 3440 φύσει
1865 3365 1952 3439 βε-

294 3444 622 3522 ϐαιουμένη.
704 3454 780 3523 Τῇ
864 3450 969 3526 γὰρ
1050 3445 1292 3522 εὐσεϐείᾳ
1364 3452 1425 3506 τὸ
1502 3453 1697 3526 θερμὸν
1785 3473 1951 3525 προσ-

297 3546 582 3613 χωρῆσαν,
646 3537 814 3609 ζῆλος
866 3538 1116 3615 ἐγένετο·
1169 3538 1338 3609 ζῆλος
1398 3540 1475 3610 δὲ,
1535 3540 1801 3618 ἀσφάλεια
1858 3543 1952 3596 πί-

298 3647 487 3688 στεως.

2054 3383 2121 3421 ca
2152 3366 2433 3420 nimirum
2476 3365 2728 3432 civitate,
2756 3381 2880 3436 quae
2911 3364 3002 3419 vel
3032 3382 3167 3420 cum
3208 3371 3418 3437 vestra,
3436 3366 3523 3423 vel
3555 3372 3707 3423 certe

2054 3456 2254 3511 statim
2290 3462 2421 3526 post
2470 3471 2598 3510 eam
2642 3457 2989 3509 numeratur
3020 3472 3033 3510 :
3068 3471 3215 3525 quas,
3244 3472 3377 3510 cum
3428 3456 3704 3512 omnibus

2054 3546 2230 3599 rebus
2253 3544 2426 3599 urbes
2448 3558 2651 3597 omnes
2679 3541 3007 3609 antecellat,
3034 3542 3179 3597 nihil
3200 3549 3396 3599 tamen
3428 3548 3547 3599 tam
3576 3561 3703 3616 pro-

2054 3635 2243 3704 prium
2278 3633 2473 3699 habet,
2500 3648 2675 3703 quam
2727 3631 3057 3686 animorum
3108 3632 3411 3701 fervorem,
3444 3637 3520 3701 et,
3544 3636 3699 3705 quod

292 3717 353 3771 in
383 3734 449 3773 eo
482 3718 1003 3790 praclarissimum
1046 3724 1155 3781 est,
1189 3719 1531 3774 acerrimum
1565 3736 1701 3791 erga
1731 3721 2118 3779 Christianam
2166 3721 2499 3793 religionem
2532 3720 2820 3786 studium,
2852 3737 2885 3775 a
2913 3720 3212 3776 voluntate
3242 3721 3477 3792 quidem
3529 3726 3703 3794 atque

293 3804 479 3859 animi
510 3806 809 3876 proposito
838 3806 1191 3877 principium
1225 3806 1467 3872 ducens,
1501 3812 1769 3861 caeterum
1802 3826 1833 3862 a
1868 3816 2001 3866 natu
2016 3829 2075 3866 ra
2118 3814 2318 3881 postea
2347 3809 2778 3863 conﬁrmatum.
2815 3807 3004 3862 Animi
3034 3807 3189 3863 enim
3222 3809 3429 3879 fervor,
3462 3826 3596 3865 cum
3626 3811 3700 3866 ad

296 3894 570 3964 pietatem
599 3895 928 3963 accesserit,
958 3894 1143 3949 zelum
1176 3896 1329 3967 parit
1362 3913 1374 3951 :
1406 3895 1563 3951 zelus
1597 3903 1790 3952 autem
1826 3900 1958 3955 ﬁdei
1986 3900 2323 3972 praesidium
2355 3902 2465 3953 est.

368 3982 436 4037 A'.
471 3981 702 4057 Τραφεῖς
734 3979 790 4035 δὲ
821 3982 965 4037 οὕτω
996 3983 1083 4036 καὶ
1133 3980 1465 4050 παιδευθεὶς,
1527 3984 1602 4045 ὡς
1662 3984 1804 4047 εἰκὸς
1862 3988 1952 4041 τὸν

296 4068 356 4123 ἐκ
384 4068 646 4124 τοιούτων
698 4069 963 4145 γεγονότα
1009 4070 1098 4125 xui
1140 4076 1388 4125 τοιοῦτον
1450 4071 1725 4145 ἐσόμενον,
1762 4073 1945 4143 ἐπειδὴ

301 4158 433 4232 βίων
494 4161 608 4232 (94)
666 4159 922 4235 αἱρέσεως
971 4160 1155 4231 καιρὸς
1207 4157 1380 4214 ἐδόκει
1431 4163 1512 4233 (ἦν
1563 4160 1805 4236 κρηπῖδα
1851 4168 1947 4218 τοῦ

293 4248 545 4322 πράττειν
598 4246 653 4301 εὖ
698 4249 732 4315 ἢ
778 4252 953 4309 κακῶς
988 4247 1096 4322 ἐγὼ
1126 4248 1385 4322 τίθεμαι),
1421 4247 1528 4304 εἶδέ
1557 4253 1671 4323 (95)
1700 4273 1751 4305 τι
1789 4252 1941 4327 μέγα,

293 4336 382 4390 καὶ
441 4335 706 4404 νεανικὸν,
764 4336 853 4390 καὶ
902 4342 1007 4391 τῶν
1056 4335 1282 4391 πολλῶν
1328 4336 1688 4414 ὑψηλοτερον.
1723 4342 1946 4417 Τρυιρ-ἰμ

299 4426 391 4496 μὲν
425 4425 675 4496 ἀτιμάζει
706 4424 794 4478 καὶ
842 4426 1175 4500 περιουσίαν,
1228 4427 1315 4481 καὶ
1350 4424 1655 4481 δυνάστειαν
1688 4425 1878 4500 πλέον⁹

294 4514 420 4574 τοὺς
470 4511 675 4574 ἄλλους
722 4514 771 4567 οἱ
818 4519 984 4568 ταῦτα
1032 4514 1401 4589 προέχοντες·
1459 4516 1546 4570 xui
1604 4518 1701 4584 τήν
1740 4519 1832 4589 μὲν
1865 4519 1938 4580 ὡς

2135 3988 2225 4041 IV.
2260 3987 2564 4041 Enimvero
2597 4002 2729 4040 cum
2764 3986 2867 4052 ita,
2901 3989 2965 4041 ut
2994 4002 3127 4041 eum
3159 3987 3418 4056 decebat,
3443 3988 3539 4060 qui
3572 3989 3701 4044 tali-

2060 4078 2169 4131 bus
2202 4082 2386 4139 ortus,
2420 4092 2484 4129 ac
2516 4074 2645 4129 talis
2694 4074 2926 4130 futurus
2972 4079 3118 4141 erat,
3151 4076 3433 4132 educatus
3465 4077 3705 4133 institu-

2060 4170 2273 4236 tusque
2299 4164 2524 4229 fuisset,
2551 4165 2795 4235 jamque
2818 4167 3048 4235 tempus
3074 4164 3371 4235 postulare
3390 4166 3706 4236 videretur,

2061 4260 2121 4308 ut
2149 4261 2372 4309 certum
2425 4254 2534 4308 sibi
2570 4254 2699 4307 vitae
2748 4268 2935 4324 genus
2983 4254 3362 4309 constitueret
3392 4257 3569 4326 (quod
3604 4273 3710 4328 ego

2058 4345 2202 4398 tanti
2239 4342 2519 4398 momenti
2566 4358 2694 4397 esse
2738 4342 2907 4408 duco,
2942 4347 3005 4396 ut
3033 4342 3212 4398 totius
3244 4344 3389 4412 vitai,
3412 4344 3498 4399 vel
3532 4349 3705 4413 recte,

2053 4434 2140 4485 vel
2176 4432 2327 4487 male
2358 4431 2729 4486 traducenda)
2762 4431 3209 4486 fundamentum
3250 4431 3309 4486 in
3349 4449 3415 4488 eo
3448 4433 3704 4504 positum

2053 4538 2179 4575 esse
2212 4520 2456 4590 putem),
2481 4520 2673 4588 majus
2700 4519 2981 4589 quiddam
3011 4524 3187 4590 atque
3208 4521 3701 4593 excelsius,quam

294 4603 517 4676 πρώτην
570 4604 951 4672 κακοπάθειαν,
999 4605 1098 4671 τήν
1147 4601 1203 4657 δὲ
1235 4604 1311 4665 ὡς
1342 4603 1576 4679 ἐσχάτην
1605 4606 1810 4676 πενίαν,
1840 4609 1937 4675 την

2067 4611 2261 4681 vulgus
2293 4609 2496 4678 soleat,
2521 4609 2715 4663 animo
2746 4608 2969 4679 agitare
3020 4610 3210 4680 coepit.
3245 4609 3492 4666 Delicias
3521 4612 3700 4686 enim,

295 4688 353 4745 δὶ
411 4692 484 4753 ὡς
542 4689 813 4746 ἀσθένειαν
870 4694 969 4761 τὴν
1033 4692 1311 4759 ἀνωτάτω,
1372 4690 1615 4747 διαπτύει
1674 4696 1761 4749 xui
1812 4696 1941 4750 ἀπο-

294 4779 584 4853 πέμπεται.
634 4778 801 4837 Οὐδὲν
856 4780 958 4855 γὰρ
1019 4782 1211 4855 ἀγαθὸν
1268 4781 1423 4851 εἶναι,
1458 4780 1487 4835 ὅ
1522 4785 1658 4854 μήτε
1692 4782 1941 4859 βελτίους

294 4875 443 4923 ποιεῖ
496 4868 622 4931 τοὺς
680 4871 1068 4943 κεκτημένους,
1129 4867 1274 4924 ἀλλά
1327 4870 1415 4923 καὶ
1473 4870 1691 4946 χείρους
1750 4874 1823 4934 ὡς
1878 4875 1945 4927 τὰ

292 4956 509 5013 πολλά’
549 4960 686 5031 μήτε
718 4955 807 5012 διὰ
833 4957 1027 5020 τέλους
1056 4957 1349 5033 παραμένει
1380 4963 1497 5020 τοῖς
1536 4958 1744 5034 ἔχουσι.
1780 4962 1945 5017 Φιλο-

295 5045 487 5122 σοφίαν
532 5043 588 5100 δὲ
646 5043 967 5121 προΐσταται
1021 5048 1119 5114 τὴν
1183 5044 1464 5101 δέσποιναν
1508 5053 1616 5101 τῶν
1645 5052 1823 5105 παθῶν
1854 5052 1942 5106 xui

292 5135 373 5205 τῷ
404 5133 558 5205 καλῷ
587 5129 897 5209 προσϐαίνει
930 5139 1210 5207 νεανικῶς,
1243 5137 1332 5190 καὶ
1376 5135 1481 5190 ἀπὸ
1537 5144 1634 5206 τῆς
1666 5137 1802 5209 ὕλης
1858 5140 1942 5195 τέ-

509 5291 968 5372 Ϊελεωτέρανζίῐι
1001 5296 1322 5372 nonnullis,
1355 5294 1685 5372 τελεωτέραν
1712 5320 1791 5357 τι.

367 5366 480 5505 (87)
513 5365 835 5453 Θαυμάζνειν.
868 5367 1039 5451 Coisl:
1078 5370 1129 5431 1,
1162 5366 1500 5494 φιλοσοέεῖν.

390 5438 459 5490 88
516 5442 879 5505 Γραμματων.
915 5462 942 5489 ‹‹
979 5441 1233 5495 Litteris.
1274 5463 1302 5489 ››
1400 5457 1450 5495 lo
1497 5469 1500 5487 ι

390 5437 480 5515 88)
516 5437 879 5515 Γραμμάτων.
910 5437 1233 5515 βηΙέὶιῐοΓῖε.
1274 5463 1302 5489 ››
1327 5437 1450 5515 _Hic
1497 5442 1802 5499 observare
1842 5446 1942 5515 ju-

291 5514 409 5572 vat,
442 5508 593 5587 inter
616 5510 807 5564 varias
833 5510 1154 5587 nobilitatis
1186 5510 1431 5587 species,
1456 5526 1581 5587 eam
1616 5531 1650 5587 a
1671 5508 1944 5587 Gregdrio

296 5580 619 5645 numerari,
654 5597 779 5652 quae
825 5582 1157 5655 principum
1198 5580 1387 5638 favore
1432 5588 1488 5639 et
1528 5580 1945 5657 diplomaiibus

295 5657 688 5719 comparatur.

337 5721 485 5847 ί(89)
516 5722 735 5784 Νύκτες.
788 5725 1021 5781 Schol.:
1070 5730 1383 5799 Νυκτεριναι
1445 5726 1708 5797 σωμάτων
1757 5747 1943 5782 συνου-

354 5814 429 5847 αι.

297 5814 429 5851 σιαι.

2052 4704 2109 4754 et
2141 4716 2301 4771 epes,
2325 4703 2381 4753 et
2407 4697 2722 4770 potentiam
2754 4698 2941 4770 magis
2964 4703 3329 4769 aspernatur,
3356 4717 3529 4772 quam
3555 4700 3701 4757 alios

2056 4787 2353 4859 aspernari
2385 4787 2575 4843 solent
2603 4786 2663 4858 ii,
2687 4788 2782 4857 qui
2824 4787 2917 4842 his
2949 4788 3124 4843 rebus
3153 4787 3461 4845 excellunt.
3486 4796 3566 4845 Ac
3597 4791 3701 4847 de-

2056 4875 2220 4931 licias
2242 4876 2499 4947 quidem,
2518 4880 2582 4931 ut
2604 4875 2852 4947 primam
2877 4892 3200 4932 aerumnam
3222 4882 3279 4932 et
3300 4878 3696 4946 afﬂictionem,

2055 4982 2192 5035 opes
2224 4971 2444 5033 autem,
2470 4969 2533 5019 ut
2567 4969 2887 5021 extremam
2928 4970 3350 5036 paupertatem,
3383 4968 3700 5038 potentiam

2052 5070 2208 5117 vero,
2246 5058 2309 5108 ut
2360 5070 2651 5109 summam
2701 5053 3162 5109 imbecillitatem
3212 5055 3480 5127 despicit,
3529 5060 3703 5127 atque

2055 5141 2350 5198 emolitur.
2376 5142 2572 5212 Neque
2603 5141 2759 5197 enim
2792 5142 3116 5213 quidquam
3146 5142 3286 5198 boni
3316 5160 3527 5201 nomen
3557 5144 3705 5200 obti-

2129 5303 2241 5372 (90)
2271 5302 2439 5372 Ὑμῖν.
2471 5303 2565 5358 Sic
2598 5304 2735 5373 Reg.
2761 5303 2882 5369 bm,
2912 5308 2970 5359 et
2998 5304 3170 5359 Coisl.
3200 5309 3249 5372 1,
3272 5305 3425 5361 Elias
3457 5310 3513 5361 et
3540 5306 3709 5364 Com-

2057 5375 2169 5427 bet‘.
2209 5379 2289 5446 tta
2324 5374 2463 5446 legit
2492 5374 2714 5430 Billius.
2748 5375 2810 5429 In
2842 5376 2957 5441 ed.,
2986 5376 3144 5446 ἡμῖν.

2055 5518 2083 5567 1‘
2126 5446 2241 5529 (91)
2270 5444 2402 5507 Μεθ’
2445 5444 2605 5516 ὑμᾶς.
2640 5447 2733 5502 Sic
2784 5446 2922 5519 Reg.
2957 5444 3078 5515 bm,
3112 5452 3168 5503 et
3196 5447 3372 5503 Coisl.
3409 5450 3456 5504 1.
3492 5448 3554 5503 In
3587 5448 3706 5517 ed.,

2081 5535 2222 5567 ιμας.

2079 5535 2222 5583 um-

2269 5582 2603 5642 Ἰδιαίτατον.
2636 5588 2809 5643 Coisl.
2846 5590 2895 5653 1,
2932 5584 3223 5645 ἰδιότατον.

2127 5658 2236 5724 (93)
2264 5662 2454 5713 Τοῦτο.
2488 5659 2660 5715 Coisl.
2698 5662 2745 5724 1,
2778 5658 2991 5715 τούτου.

2125 5729 2235 5805 (94)
2269 5729 2424 5805 Βίων.
2450 5732 2651 5805 _Forte,
2688 5731 2827 5805 βίου.
2849 5732 3007 5805 Enn.

2124 5798 2238 5873 (95)
2269 5798 2411 5857 Εἴδε.
2449 5803 2587 5876 Reg.
2621 5798 2815 5879 Cyph,
2846 5800 2948 5871 ἴδε,
2972 5828 2999 5855 ‹‹
3033 5803 3184 5875 vide,
3214 5827 3235 5855 ιι
3270 5809 3378 5861 etc.
