4056 6274
6 340 41 1113 ί

24 1114 41 1273 i

6 1520 49 2125 (

350 492 508 558 1203
608 566 613 572 ,
1586 500 1652 559 S.
1703 498 2010 559 GREGOR

2121 499 2515 563 THEOLOGI
3601 502 3759 564 1204

349 644 487 684 nere
518 643 688 700 posse
720 628 1198 700 statuebat,quod
1222 630 1493 687 dominos
1519 648 1658 687 suos
1688 631 1994 701 haudqua-

2121 650 2318 701 μνεται,
2365 632 2489 707 πρὶν
2543 629 2927 708 διαζευχθῆναι
2973 634 3087 704 (96)
3140 640 3240 703 τῆς
3286 629 3424 701 ὕλης
3453 650 3465 665 ⁸
3515 632 3603 687 καὶ
3648 637 3758 688 τῶν

350 734 526 790 quam
561 716 852 787 meliores,
883 718 999 774 imo
1031 720 1207 774 etiam
1240 737 1497 793 persaepe
1528 720 1843 775 deteriores
1873 720 1994 774 efﬁ-

348 811 523 875 ceret,
545 822 649 862 nec
681 811 1016 863 constanter
1036 823 1171 863 cum
1202 809 1318 878 his,
1343 826 1376 863 a
1405 809 1620 880 quibus
1644 808 1993 880 possidetur,

348 900 633 951 maneret.
657 896 1092 968 Philosophiam
1118 902 1311 952 autem
1339 898 1844 970 perturbationum
1879 898 1996 951 ani-

348 985 430 1040 mi
474 985 772 1040 dominam
804 986 913 1041 sibi
950 987 1205 1057 praeﬁcit,
1231 992 1583 1059 strenueque
1613 987 1683 1042 ad
1720 986 1995 1040 virtutem

348 1074 667 1139 contendit,
692 1078 888 1145 atque,
913 1080 1228 1147 antequam
1252 1092 1284 1129 a
1305 1076 1563 1148 corporis
1595 1075 1747 1130 mole
1773 1074 1995 1145 disjun-

349 1166 542 1235 gatur,
576 1180 609 1217 a
638 1164 897 1234 corporis
929 1162 1081 1219 mole
1113 1180 1240 1219 sese
1272 1164 1584 1233 abscindit,
1609 1180 1673 1218 ac
1704 1180 1882 1235 supra
1910 1178 1996 1233 ea,

350 1269 478 1324 quae
510 1251 695 1307 oculis
743 1257 1082 1319 cernuntur,
1106 1254 1253 1310 457
1301 1252 1579 1324 assurgit,
1615 1256 1801 1306 totum
1852 1268 1996 1318 sese,

349 1340 564 1396 indolis
624 1341 1052 1412 magnitudine,
1102 1358 1167 1396 ac
1212 1341 1531 1398 voluntatis
1587 1340 1996 1413 generositate,

351 1432 525 1486 rebus
557 1431 744 1487 ﬁrmis
765 1438 821 1487 et
843 1432 1154 1486 stabilibus
1177 1432 1476 1487 addicens.
1505 1433 1885 1501 Posteaquam
1919 1432 2000 1485 ita

351 1520 548 1576 animo
578 1521 899 1585 constituit,
933 1520 989 1573 id
1034 1537 1103 1574 ne
1137 1520 1373 1591 quidem
1422 1520 1481 1575 in
1524 1520 1997 1575 deliberationem

350 1609 611 1675 admisit,
654 1613 844 1663 utram
891 1609 1084 1681 potius
1143 1608 1577 1681 philosophiam
1638 1612 1997 1678 sequeretur,

351 1706 765 1769 externamque
813 1714 877 1753 ac
922 1699 1246 1769 profanam,
1282 1702 1455 1769 atque
1503 1697 1560 1751 in
1618 1696 1999 1769 philosophiae

350 1786 553 1842 habitu
585 1790 642 1841 et
685 1787 925 1841 obtentu
958 1786 1215 1841 veritatis
1259 1788 1498 1841 umbras
1531 1785 1998 1855 assimulantem,

353 1892 424 1929 an
460 1890 594 1929 vero
625 1879 907 1942 nostram,
940 1874 1223 1930 humilem
1255 1874 1414 1930 illam
1449 1875 1685 1947 quidem
1716 1874 1775 1928 in
1809 1874 2002 1945 specie

353 1967 410 2018 et
431 1963 1028 2034 abjectam,caeterum
1054 1965 1109 2019 in
1133 1964 1356 2020 occulto
1380 1965 1716 2031 sublimem,
1732 1969 1905 2036 atque
1928 1966 1997 2019 ad

353 2051 537 2107 Deum
585 2052 922 2119 ducentem;
956 2068 1154 2107 verum
1203 2058 1462 2108 nostram
1497 2053 1793 2121 omnibus,
1828 2056 1892 2107 ut
1924 2053 2003 2107 ita

350 2140 565 2210 dicam,
589 2140 885 2212 suffragiis
916 2140 1113 2195 statim
1157 2141 1337 2213 eligit,
1373 2157 1746 2212 nequaquam
1787 2158 1999 2212 passus

351 2233 605 2284 mentem
640 2245 807 2284 suam
858 2229 929 2284 ad
969 2230 1261 2285 deteriora
1306 2235 1698 2284 transversam
1754 2230 1867 2300 agi,
1897 2234 1998 2283 aut

2110 719 2397 793 δρωμένων
2449 722 2898 794 κατεξανίσταται,
2955 722 3162 798 μεγέθει
3223 721 3431 800 φύσεως
3490 721 3579 775 xui
3624 742 3763 796 προ-

2106 809 2362 881 αιρέσεως
2413 810 2666 885 εὐγενείᾳ,
2722 816 2838 879 τοῖς
2887 810 3077 865 ἑστῶσι
3112 813 3499 885 προσθέμενος.
3535 809 3759 878 Ἐπειδή

2107 895 2249 950 οὕτω
2281 894 2564 969 διενοήθη,
2592 903 2753 953 τοῦτο
2791 900 2883 971 μέν
2917 896 3041 953 οὐδὲ
3077 897 3286 975 βουλῆς
3328 900 3549 969 ἠξίωσε,
3599 901 3761 954 ποτέ-

2109 1004 2201 1059 ραν
2236 982 2318 1039 δεῖ
2344 991 2449 1039 τῶν
2484 987 2820 1063 φιλοσοφιῶν
2862 984 3076 1051 ἇλέσθαι
3112 986 3348 1061 μᾶλλον,
3376 989 3474 1056 τὴν
3523 984 3622 1058 ἔξω
3671 989 3764 1043 xui

2107 1073 2399 1143 παίζουσαν
2455 1075 2552 1137 τὰς
2610 1082 2707 1144 τῆς
2748 1073 3004 1144 ἀληθείας
3032 1076 3180 1137 σκιὰς
3215 1076 3266 1131 ἐν
3298 1080 3377 1147 τῷ
3404 1082 3503 1145 τῆς
3538 1074 3769 1154 φιλοσο-

2108 1162 2230 1236 φίας
2291 1165 2539 1237 σχήματι
2595 1164 2683 1217 καὶ
2744 1159 3125 1239 προϐλήματι,
3156 1165 3190 1233 ἢ
3214 1166 3311 1231 τὴν
3489 1164 3761 1239 ἡμετέραν

2106 1252 2195 1304 καὶ
2233 1253 2490 1320 ταπεινὴν
2529 1253 2621 1325 μὲν
2654 1257 2733 1323 τῷ
2763 1255 3098 1330 φαινομένῳ.
3133 1252 3352 1326 ὑψηλὴν
3401 1251 3458 1306 δὲ
3508 1258 3585 1324 τῷ
3628 1274 3763 1329 κρυ-

2107 1340 2384 1410 πτομένῳ,
2443 1339 2530 1394 καὶ
2561 1341 2695 1416 πρὸς
2741 1342 2869 1395 Θεὸν
2920 1337 3152 1415 ἄγουσαν
3179 1359 3192 1371 ·
3247 1339 3392 1395 ἄλλα
3422 1340 3616 1402 πάσαις
3652 1344 3765 1414 ψή-

2109 1448 2228 1502 φοις
2276 1429 2505 1503 αἱρεῖται
2535 1430 2633 1495 τὴν
2671 1428 2961 1503 ἡμετέραν,
2999 1426 3166 1500 μηδὲν
3200 1426 3347 1490 ’ὀλως
3379 1427 3465 1482 ἐπὶ
3497 1429 3563 1482 τὰ
3592 1429 3769 1505 χείρω

2108 1516 2474 1591 παρατραπεὶς
2520 1518 2617 1584 τὴν
2673 1515 2929 1585 διάνοιαν,
2983 1514 3124 1588 μηδέ
3178 1518 3281 1571 ὑπὸ
3310 1520 3409 1585 τῆς
3438 1521 3543 1571 τῶν
3578 1517 3765 1591 λόγων

2107 1604 2373 1677 κομψείας
2421 1611 2767 1681 παρασυρεῖς,
2924 1606 3058 1680 μέγα
3114 1610 3402 1682 φρονοῦσιν
3459 1609 3573 1679 (98)
3618 1608 3670 1661 οἱ
3701 1609 3769 1660 τὰ

2110 1692 2391 1764 Ἐλλήνων
2426 1692 2867 1772 φιλοσοφοῦντες.
2910 1696 3117 1751 Ἐκεῖνο
3179 1692 3235 1748 δὲ
3283 1700 3497 1770 πρῶτον
3536 1695 3767 1772 φιλοσο-

2111 1788 2217 1860 φεῖ,
2251 1787 2447 1858 γνῶναι
2478 1788 2585 1837 τῶν
2615 1783 2893 1858 ἡμετέρων
2928 1785 3041 1855 (99)
3070 1780 3208 1837 ὁδῶν
3259 1785 3356 1854 τὴν
3408 1784 3766 1860 αἱρετῶτέραν

2110 1893 2167 1925 τε
2196 1873 2284 1926 καὶ
2317 1871 2753 1944 λυσιτελεστέραν
2787 1871 2975 1941 ἐπίσης
3009 1870 3153 1943 αὖτῷ
3184 1894 3242 1927 τε
3300 1873 3389 1927 καὶ
3448 1880 3577 1927 πᾶσι
3639 1879 3769 1949 Χρι-

2111 1965 2367 2023 στιανοῖς.
2420 1965 2709 2035 Πανταχοῧ
2759 1962 2862 2035 γὰρ
2906 1965 2985 2032 τῷ
3033 1963 3149 2015 καθ’
3188 1962 3373 2016 ἑαυτὸν
3407 1961 3496 2016 xui
3526 1962 3617 2016 τὸν
3650 1984 3769 2016 κυι-

2111 2052 2196 2104 νὸν
2232 2044 2651 2121 συλλαμϐάνειν,
2685 2052 2871 2124 ψυχῆς
2921 2050 3053 2104 εἶναι
3100 2048 3443 2120 τελεωτάτης
3473 2071 3530 2105 τε
3557 2050 3645 2105 xui
3681 2072 3768 2127 φι-

2113 2138 2501 2215 λοσοφωτάτης
2578 2138 2843 2211 ἐνόμιζεν.
2923 2136 3063 2195 Οὐδὲ
3131 2138 3230 2214 γὰρ
3292 2140 3463 2210 ἑαυτῷ
3538 2143 3765 2215 γεγενή-

2109 2230 2226 2281 σθαι
2256 2231 2332 2300 (1)
2388 2222 2549 2299 μόνον
2601 2224 2823 2281 ἕκαστον
2873 2229 3058 2298 ἡμῶν,
3121 2226 3267 2282 ἀλλά
3314 2228 3403 2282 καὶ
3434 2234 3618 2297 πᾶσιν,
3650 2227 3769 2284 ὅσοι

349 2321 595 2389 compta
645 2316 925 2373 orationis
977 2318 1264 2391 elegantia
1296 2319 1563 2385 distrahi,
1598 2319 1670 2373 ob
1703 2335 1881 2390 quam
1930 2318 1995 2384 ii,

2121 2324 2201 2385 τῆς
2248 2316 2416 2385 αὐτῆς
2471 2317 2759 2390 μετέχουσι
2814 2315 3044 2393 φύσεως,
3089 2314 3180 2370 καὶ
3230 2318 3377 2391 παρά
3419 2321 3515 2371 τοῦ
3564 2317 3752 2385 αὐτοῦ,

347 2407 449 2479 qui
482 2405 791 2479 gentilium
824 2406 1035 2478 placita
1057 2408 1422 2478 profitentur,
1445 2408 1673 2462 animos
1696 2405 1989 2462 attollunt.

2121 2405 2190 2458 ιαὶ
2221 2404 2307 2458 ἐπὶ
2336 2410 2451 2465 τοῖς
2479 2405 2663 2465 αὐτοῖς
2695 2404 2998 2479 γεγόνασιν.

346 2496 465 2553 Ηοο
498 2500 694 2551 autem
727 2495 985 2567 primum
1020 2495 1484 2566 philosophatur,
1520 2501 1603 2565 ut,
1637 2512 1703 2551 ex
1752 2497 1986 2551 duobus
2019 2498 2233 2551 nostris
2264 2496 2393 2549 vitae
2425 2496 2758 2567 generibus,
2793 2500 2992 2550 utrum
3034 2495 3411 2567 praestantius
3443 2496 3539 2563 sit,
3573 2500 3749 2567 atque

346 2587 405 2639 et
434 2582 570 2648 sibi,
603 2587 658 2637 et
689 2583 962 2638 omnibus
991 2584 1339 2639 Christianis
1393 2585 1771 2648 fructuosius,
1803 2582 2106 2653 intelligat.
2146 2583 2366 2637 Etenim
2410 2582 2821 2654 perfectissimi
2868 2598 2934 2636 ac
2984 2582 3405 2654 sapientissimi
3436 2583 3613 2638 animi
3649 2600 3782 2639 esse

341 2672 671 2745 judicabat,
708 2671 941 2743 privatae
974 2672 1248 2728 utilitatis
1279 2690 1410 2728 cum
1446 2672 1697 2744 publicis
1740 2673 2062 2727 commodis
2111 2672 2482 2743 conjunctam
2516 2671 2732 2726 habere
2765 2672 3068 2726 rationem.
3104 2671 3305 2743 Neque
3362 2671 3517 2727 enim
3571 2688 3779 2743 quem-

354 2777 533 2833 quam
567 2765 836 2816 nostrum
868 2762 980 2816 sibi
1013 2761 1125 2817 soli
1155 2768 1357 2817 natum
1389 2778 1537 2831 esse,
1570 2762 1669 2817 sed
1704 2761 1980 2817 omnibus
2024 2761 2220 2828 etiam,
2256 2760 2354 2831 qui
2399 2760 2663 2831 ejusdem
2704 2763 2924 2814 natura:
2956 2760 3270 2831 participes
3304 2765 3465 2829 sunt,
3499 2764 3675 2832 atque
3703 2761 3777 2816 ab

357 2850 587 2919 eodem,
621 2854 678 2905 et
707 2835 779 2905 ad
811 2850 1013 2905 eadem
1045 2850 1331 2923 procreati
1363 2855 1521 2905 sunt.

428 2939 498 2993 V.
532 2940 675 2995 Cum
732 2944 925 2994 autem
986 2940 1273 3012 privatam
1311 2940 1493 2995 vitam
1551 2945 1607 2995 et
1662 2939 2006 3005 solitariam,

363 3031 537 3099 atque
570 3044 605 3081 a
633 3027 790 3099 vulgi
823 3028 1173 3083 commercio
1204 3034 1491 3085 semotam
1515 3033 1571 3084 et
1594 3029 1867 3095 alienam,
1894 3045 2012 3083 ma-

363 3133 534 3189 gnam
569 3117 805 3188 quidem
836 3122 893 3172 et
922 3117 1282 3189 prmelaram,
1307 3122 1483 3189 atque
1528 3117 1803 3171 humanis
1834 3117 2009 3171 rebus

364 3204 769 3261 sublimiorem
815 3223 943 3262 esse
975 3207 1224 3272 videret;
1258 3211 1529 3261 caeterum
1575 3206 1727 3261 intra
1759 3222 1877 3265 eos,
1914 3205 2013 3276 qui

366 3292 476 3349 hoc
505 3294 633 3349 vitae
673 3310 883 3366 genere
930 3311 1061 3350 cum
1114 3295 1285 3349 laude
1330 3296 1731 3367 fungerentur,
1765 3295 2015 3349 deﬁxam

2190 2938 2266 2995 E'.
2304 2940 2468 3011 ’Θρῶν
2505 2933 2561 2990 δὲ
2591 2935 2681 2990 τὸν
2717 2936 2809 3007 μὲν
2861 2935 3122 3010 ἐρημικὸν
3178 2936 3295 3010 βίον
3336 2935 3424 2991 xui
3486 2933 3780 3005 ἰδιάζοντα,

2119 3024 2206 3078 xui
2263 3030 2369 3079 τῶν
2427 3023 2657 3079 πολλῶν
2714 3021 2946 3101 ἔκφυλον
2997 3024 3086 3079 καὶ
3137 3021 3451 3100 ἀλλότριον,
3483 3026 3647 3099 μέγαν
3680 3024 3778 3097 μὲν

2122 3113 2207 3167 καὶ
2268 3111 2503 3186 ὑψηλὸν,
2555 3114 2643 3166 xui
2695 3113 2825 3186 ὑπὲρ
2873 3115 2940 3167 τὰ
2981 3113 3313 3188 ἀνθρώπινα,
3368 3114 3562 3188 μέχρις
3593 3113 3770 3167 αὐτῶν

2124 3201 2180 3256 δὲ
2212 3201 2389 3273 μόνων
2423 3205 2527 3255 τῶν
2577 3200 2986 3276 κατορθούντων
3051 3202 3361 3274 ἱστάμενον,
3420 3202 3510 3256 καὶ
3566 3202 3628 3256 τὸ
3675 3208 3778 3269 τῆς

2127 3292 2335 3365 ἀγάπης
2366 3290 2684 3345 κοινωνικὸν
2853 3290 2943 3344 καὶ
2993 3288 3377 3367 φιλάνθρωπον
3438 3289 3789 3365 ἀπαρνούμε-

367 3388 698 3453 esse,atque
714 3383 1016 3438 charitatis
1030 3384 1503 3439 communionem
1519 3388 1575 3438 et
1587 3383 2010 3439 humanitatem

2128 3400 2242 3449 νον,
2302 3381 2361 3446 ἣν
2420 3378 2471 3432 ἐν
2527 3380 2766 3452 πρώτοις
2824 3378 2960 3432 εἶναι
3015 3383 3121 3433 τῶν
3166 3378 3565 3451 ἐπαινουμένων
3600 3377 3790 3453 ἐγίνω-

369 3472 701 3543 repudiare,
735 3488 912 3542 quam
964 3472 1024 3526 in
1074 3473 1692 3543 praestantissimarum
1734 3472 2018 3526 virtutum

372 3576 616 3615 numero
661 3574 789 3615 esse
837 3560 1088 3628 sciebat;
1124 3560 1296 3630 idque
1342 3567 1615 3632 praeterea
1663 3558 2020 3613 incommodi

372 3650 609 3716 habere,
644 3648 799 3718 quod
847 3665 1049 3703 eorum
1094 3647 1426 3719 virtus,qui
1476 3647 1559 3703 sic
1606 3651 1885 3717 viverent,
1921 3664 2017 3702 ex-

376 3736 590 3810 plorari
623 3754 736 3792 non
773 3743 987 3809 posset,
1014 3737 1232 3809 quippe
1253 3754 1380 3809 quae
1412 3754 1516 3791 nec
1547 3737 1605 3791 in
1629 3737 1805 3791 rebus
1825 3752 2022 3809 geren-

377 3826 468 3881 dis
497 3832 876 3894 exerceretur,
911 3842 1014 3881 nec
1057 3843 1187 3881 cum
1241 3826 1370 3883 aliis
1417 3826 1473 3881 in
1526 3827 2021 3898 comparationem

376 3916 642 3970 veniret:
678 3931 806 3969 eam
855 3921 1077 3981 contra,
1111 3932 1237 3986 quze
1288 3915 1593 3970 hominum
1645 3915 1920 3970 societate
1966 3918 2023 3969 et

381 4003 708 4074 frequentia
737 4004 972 4075 gaudet,
1006 4008 1386 4076 praeterquam
1420 4004 1573 4075 quod
1613 4002 1798 4057 multa
1828 4004 2024 4074 quoti—

380 4092 474 4147 die
504 4097 840 4159 occurrunt,
876 4093 933 4146 in
984 4094 1197 4161 quibus
1242 4093 1476 4147 virtutis
1531 4110 1649 4147 suis
1700 4090 2022 4163 periculum

378 4181 566 4236 facere
598 4188 791 4250 queat,
842 4183 911 4236 ad
945 4182 1262 4237 multorum
1318 4181 1624 4236 utilitatem
1675 4181 1848 4236 etiam
1897 4197 2027 4235 esse

380 4269 679 4336 diffusam,
713 4274 887 4341 atque
918 4271 990 4324 ad
1032 4270 1288 4325 divinam
1322 4269 1817 4340 dispensationem
1850 4284 2027 4341 prope

381 4358 672 4424 accedere,
698 4374 824 4428 quae
875 4359 1205 4414 universam
1240 4374 1436 4413 rerum
1484 4358 1689 4413 molem
1746 4357 2025 4427 condidit,

382 4446 767 4517 amicitiaeque
783 4446 1032 4501 vinculis
1051 4447 1420 4515 constrinxit,
1441 4461 1743 4518 genusque
1761 4450 2025 4500 nostrum

383 4541 620 4606 propter
657 4534 782 4589 vitii
836 4551 1136 4589 accessum
1169 4552 1203 4589 a
1233 4535 1382 4590 bono
1435 4534 1809 4590 deturbatum
1860 4539 2031 4604 atque

385 4625 697 4694 dejectum,
735 4640 835 4695 per
884 4622 1342 4678 familiaritatem
1391 4622 1553 4678 illam
1598 4623 1847 4694 vitaeque
1895 4639 2029 4678 con-

2132 3488 2223 3522 σκε
2248 3486 2259 3497 ·
2288 3468 2423 3540 πρὸς
2457 3464 2513 3521 δὲ
2542 3468 2629 3521 καὶ
2662 3464 3046 3540 ἀδοκίμαστον,
3101 3467 3174 3529 ὡς
3215 3465 3337 3522 οὔτε
3369 3467 3419 3522 ἐν
3477 3473 3591 3528 τοῖς
3649 3468 3793 3541 πρά-

2128 3576 2295 3631 γμασι
2350 3550 2782 3630 γυμναζόμενον,
2836 3555 2959 3609 οὕτε
3012 3554 3207 3617 ἄλλοις
3248 3555 3789 3632 παραμετροῦμενον·

2129 3646 2191 3697 τὸ
2242 3641 2299 3697 δῖε
2346 3643 2659 3697 κοινωνικὸν
2710 3643 2799 3697 καὶ
2834 3642 3142 3717 ἐπίμικτον,
3176 3645 3310 3719 πρὸς
3341 3648 3408 3718 τῇ
3444 3645 3655 3720 βασάνῳ
3686 3651 3789 3713 τῆς

2132 3734 2346 3807 ἀρετῆς,
2382 3729 2460 3785 ἔτι
2489 3733 2577 3786 καὶ
2611 3731 2685 3794 εἰς
2717 3731 2844 3794 τοὺς
2876 3732 3122 3794 πολλοὺς
3154 3730 3440 3804 διατεῖνον,
3492 3733 3582 3786 καὶ
3642 3732 3791 3794 Θείας

2133 3821 2449 3893 οἷ’κονομίας
2508 3820 2671 3895 ἐγγὺς
2730 3824 2828 3893 (3),
2885 3822 2919 3890 ἢ
2970 3821 3059 3875 xui
3117 3822 3387 3892 πεποίηκε
3432 3822 3493 3876 τὸ
3543 3827 3669 3889 πᾶν,
3700 3822 3797 3876 xui

2132 3907 2289 3986 φιλίᾳ
2337 3912 2413 3982 (4)
2468 3907 2745 3981 συνέδησε,
2801 3910 2890 3963 καὶ
2937 3910 2999 3964 τὸ
3049 3912 3317 3984 ἡμέτερον
3369 3912 3523 3985 γένος
3571 3909 3798 3965 ἐκπεσὸν

2130 4003 2227 4052 τοῦ
2280 3997 2453 4053 καλοῦ
2514 3996 2602 4052 διὰ
2661 4000 2757 4067 τήν
2833 3998 3245 4054 ἐπεισελθοῦσαν
3308 4000 3494 4054 κακίαν
3560 3997 3619 4053 ἐκ
3690 4006 3797 4067 τῆς

2132 4088 2267 4161 πρὸς
2300 4089 2448 4158 ἡμᾶς
2500 4086 2774 4159 ἐπιμιξίας
2820 4089 2909 4141 καὶ
2959 4087 3182 4159 ὁμιλίας
3231 4086 3393 4142 πάλιν
3434 4086 3800 4142 ἀνεκαλέσατο

2131 4180 2298 4230 ταῦτα
2330 4172 2636 4245 διανοηθείς
2665 4197 2722 4230 τε
2751 4175 2841 4230 καὶ
2880 4173 3199 4248 διελόμενος
3233 4179 3332 4248 (5),
3384 4176 3472 4230 xui
3532 4177 3643 4248 ἅμα
3702 4177 3798 4231 τὸν

2137 4263 2455 4335 Ἑλληνικὸν
2487 4269 2652 4341 τῦφον
2696 4265 2923 4319 κολάσαι
2971 4269 3079 4319 τῶν
3121 4264 3306 4320 καλῶν
3355 4267 3488 4319 εἶναι
3546 4264 3807 4337 νομίσας,

2139 4352 2188 4407 o'i
2219 4358 2295 4425 τῷ
2319 4349 2539 4429 τρίϐωνι
2571 4354 2658 4407 xui
2688 4357 2755 4427 τῇ
2781 4354 2959 4427 ὑπήνῃ
2988 4352 3048 4408 τὰ
3080 4355 3273 4426 σεμνὸν
3321 4351 3642 4408 ὑποδύονται
3680 4356 3762 4427 (6)
3792 4374 3807 4386 ·

2136 4442 2189 4496 τί
2270 4447 2435 4512 ποιεῖ,
2522 4441 2610 4496 xui
2686 4446 2803 4504 πῶς
2852 4444 2950 4512 τήν
3026 4442 3348 4521 φιλοσοφίαν
3412 4442 3802 4517 μεταχειρίζε-

2140 4550 2262 4599 ται;
2302 4530 2481 4600 Μέσην
2535 4532 2655 4585 τινὰ
2702 4537 2879 4607 χωρεῖ
2924 4539 3021 4601 τῆς
3068 4553 3126 4587 τε
3171 4531 3385 4587 ἐκείνων
3452 4530 3813 4604 ἀλαζονείας,

2140 4620 2227 4674 καὶ
2253 4624 2350 4689 τῆς
2382 4619 2652 4695 ἡμευέρας
2685 4621 2893 4696 σοφίας,
2924 4621 3014 4676 καὶ
3042 4626 3147 4675 τῶν
3214 4622 3308 4693 μὶν
3343 4623 3404 4675 τὸ
3463 4628 3659 4696 σχῆμα
3712 4624 3815 4676 καὶ

387 4711 778 4774 suetudinem.
812 4728 989 4782 quam
1022 4711 1327 4766 nobiscum
1360 4710 1585 4777 habuit,
1618 4712 1688 4767 ad
1725 4710 2010 4783 pristinam

2140 4712 2237 4777 τὴν
2273 4710 2501 4781 σκηνήν,
2534 4712 2693 4782 ἡμῶν
2729 4707 2785 4764 δὲ
2814 4711 2911 4779 τὴν
2947 4710 3203 4780 ἀλήθειαν
3232 4710 3322 4765 xui
3380 4711 3441 4765 τὸ
3473 4709 3605 4783 ὕψος
3638 4710 3815 4787 φιλο-

388 4801 731 4871 dignitatem
783 4797 1111 4855 revocavit:
1147 4799 1287 4866 haec,
1338 4800 1601 4871 inquam,
1650 4816 1784 4855 cum
1835 4799 2033 4855 animo
2146 4803 2318 4875 σοφεῖ.

386 4890 641 4946 volveret
669 4906 735 4944 ac
768 4889 1171 4961 perpenderet,
1205 4888 1501 4960 simulque
1529 4891 1879 4955 Graecorum,
1913 4889 2013 4959 qui
2065 4888 2241 4961 pallio
2272 4892 2331 4944 et
2362 4889 2651 4960 promissa
2700 4889 2901 4957 barba,
2936 4888 3238 4961 gravitatis
3288 4888 3539 4959 speciem
3591 4904 3713 4959 pre
3747 4905 3826 4944 se

386 4980 606 5046 ferunt,
640 4978 857 5033 fastum
917 4982 1092 5049 atque
1146 4978 1519 5034 insolentiam
1574 4979 1889 5051 reprimere
1936 4978 2087 5034 458
2142 4994 2330 5049 operae
2377 4978 2629 5049 pretium
2688 4994 2817 5033 esse
2872 4982 3137 5033 censeret
3170 4994 3183 5033 :
3216 4978 3500 5049 quidnam
3559 4978 3726 5047 facit,
3761 4984 3835 5034 et

458 5178 568 5251 (96)
602 5174 731 5251 Πρὶν
760 5250 763 5251 ν
788 5173 1199 5251 διαζευχθῆναιἒ
1230 5179 1315 5232 Ita
1375 5180 1535 5247 Reg,
1581 5179 1638 5231 et
1683 5174 1844 5230 Colb.
1891 5174 2030 5251 plu-

2215 5176 2283 5247 (1)
2320 5178 2661 5247 Γεγινῆσθαι.
2693 5179 2813 5247 Quo
2846 5175 3010 5245 Reg.,
3042 5185 3413 5247 γεγεννησθαι.

387 5242 502 5328 res,
532 5242 711 5328 Cois].
748 5250 772 5303 1
807 5255 863 5328 et
890 5242 1080 5328 2,._'O_r.'
1101 5250 1327 5328 l,l’ar.,
1362 5242 1523 5302 Pass.
1551 5269 1577 5295 ‹‹
1615 5252 1655 5299 Α
1689 5242 1937 5328 terrenis
1970 5262 2010 5299 ει

2322 5242 2667 5328 Κοὶνωνικόν.
2714 5246 2861 5328 Reg...
2904 5242 3308 5328 C'ypr'.l'a_ddit,
3362 5243 3451 5299 xui
3491 5242 3831 5317 ἐπίμικτον,

385 5320 681 5378 abscindit
735 5325 868 5377 ante
920 5319 1373 5391 disjunctionem
1424 5336 1455 5373 a
1502 5334 1812 5389 corpore.»
1867 5322 2034 5372 Deest

553 5320 868 5408 nditpante
920 5319 1373 5391 disjunctionem
1424 5336 1455 5373 a
1502 5334 1812 5389 corpore.»
1867 5322 2034 5372 Deest
2144 5340 2170 5366 ‹‹
2206 5317 3348 5408 Ἧξεξαπιι)υθῃοὺειτίῐιξιξειεορὶθιοῐθω.››

385 5393 508 5466 πρίν
547 5394 603 5447 in
638 5392 777 5447 edit.
1012 5389 1022 5391 ⁷

389 5538 423 5543 _
456 5466 569 5537 (97)
597 5462 942 5543 :'U_-n$v.__Sic
991 5467 1109 5517 tres
1156 5461 1321 5532 Reg,
1351 5458 1466 5515 duo
1517 5458 1716 5525 Coisl.,
1751 5463 1806 5514 et
1850 5459 1945 5514 Or.
1982 5459 2006 5512 1

2215 5390 2285 5459 (3)
2322 5389 2530 5513 Ἐκςγγύς.
2569 5390 2729 5444 Pass.
2761 5389 2944 5456 addit,
2977 5390 3127 5454 ἧκον.

2320 5464 2398 5543 (bi
2440 5461 2488 5543 (ᾳ
2519 5462 2629 5543 Or.‘
2651 5463 2698 5543 ᾖ,
2735 5456 3133 5543 φιλανθρωπίᾳ,
3168 5482 3188 5508 α
3224 5459 3625 5543 humanitate.
3651 5482 3682 5509 ν

389 5528 563 5592 Deest
590 5534 627 5601 ἥ
660 5536 719 5590 in
749 5528 898 5589 edit.
1246 5528 1269 5532 ⁷
1302 5528 1311 5530 ἡ
1374 5602 1377 5603 ν
1672 5602 1683 5603 ί

2361 5528 2477 5585 ΚαΥ
2528 5528 2863 5601 διελόμενος.
2934 5528 3028 5586 Sic
3096 5528 3353 5603 quatuor
3428 5529 3621 5593 Colb.,
3702 5534 3841 5591 duo

462 5610 576 5681 (98)
602 5609 671 5673 ᾚ
707 5608 841 5681 μέγα
885 5607 1196 5681 φρονοῦσιν.
1229 5603 1323 5658 Sic
1352 5602 1447 5657 Or.
1480 5603 1534 5671 2,
1567 5605 1622 5655 et
1669 5602 1830 5655 Pass.
1872 5603 2010 5656 Dees

2146 5602 2345 5681 Qoisl.,
2380 5606 2476 5657 Or.
2512 5606 2563 5669 1,
2597 5604 2781 5668 Pass.,
2837 5602 3240 5676 llervag.,’etc.
3290 5604 3349 5657 In
3400 5605 3518 5668 ed.,
3571 5604 3668 5656 καὶ
3724 5605 3835 5658 ἆν-

398 5669 534 5749 μέγα
561 5669 798 5749 ini-edit:
1110 5748 1155 5749 Γ
1505 5669 1527 5749 ,ν
1664 5744 1689 5749 Α
1795 5745 1803 5749 .
1876 5744 1902 5749 _

2148 5669 2427 5749 ιλόμινος.

467 5741 577 5815 (99)
608 5748 727 5801 Τῶν
768 5745 1067 5819 ἡμετέρων.
1103 5748 1196 5803 Sic
1244 5750 1382 5812 Reg,
1416 5762 1467 5812 a,
1504 5745 1624 5813 bm,
1656 5744 1750 5802 Or.
1786 5745 1836 5813 1,
1871 5744 2010 5800 Pass

2219 5741 2294 5813 (6)
2324 5741 2694 5799 Ὑποδύονται.
2728 5749 2917 5811 Pass.,
2953 5741 3300 5799 ἀποδύονται.

399 5817 570 5871 Deest
590 5821 697 5868 τῶν
722 5819 779 5872 in
807 5820 944 5874 edit.
