4056 6274
281 379 306 438 1
320 378 436 437 205

1056 376 1356 437 ORATIO
1399 374 1586 438 XXV.
1619 408 1695 419 —
1726 376 1802 435 IN
1855 376 2180 437 LAUDEM
2228 376 2569 438 HERONIS
2613 373 2916 435 PHILOS.

3533 365 3704 432 1206

277 527 528 583 quonam
563 513 728 582 pacto
760 507 1190 580 philosOphiam
1224 509 1471 564 tractat?
1496 509 1717 564 Medius
1749 509 2185 579 quodammodo
2223 509 2376 564 inter
2420 508 2655 564 illorum
2703 506 3040 569 vanitatem,
3073 508 3132 559 et
3162 507 3425 558 nostram
3454 503 3704 589 sapiens

273 601 418 656 tiam
447 599 690 669 incedit,
720 604 894 670 atque
934 597 1168 653 illorum
1217 596 1453 669 quidem
1502 598 1772 653 habitum
1824 604 1881 652 et
1928 596 2170 667 larvam,
2204 604 2539 655 nostrorum
2583 601 2777 654 autem
2809 595 3108 652 veritatem
3154 598 3211 648 et
3257 591 3685 650 sublimitatem

279 690 607 761 proﬁtetur.

349 782 405 845 ζ’.
459 776 555 830 Διὰ
608 779 770 829 τοῦτο
830 771 1162 850 Περιπάτους
1225 775 1358 846 μὲν,
1420 755 1508 828 καὶ
1565 771 1913 846 ἰίδλκιιιδημίας1

2108 777 2198 833 VI.
2235 777 2624 842 Quamobrem
2648 774 3161 846 Peripateticorum
3194 771 3446 838 scholas,
3471 776 3527 827 et
3544 773 3684 828 Aca-

273 864 362 918 καὶ
392 865 490 932 τὴν
520 865 719 936 σεμνὴν
771 855 964 931 Στοάνξ
1014 863 1103 917 καὶ
1149 863 1212 916 τὸ
1260 861 1564 934 αὐτόματον
1599 862 1924 937 Ἐπικούρου

278 954 414 1026 μετὰ
441 958 548 1006 τῶν
581 947 800 1024 ἀτόμων
849 951 938 1005 καὶ
984 958 1083 1020 τῆς
1132 948 1357 1020 ἡδονῆς,
1408 951 1539 1026 ἐρίῳ
1599 953 1792 1025 στέψας
1824 954 1923 1023 (7),

275 1041 348 1103 ὥς
379 1063 462 1103 τις
496 1040 710 1096 ἐκείνων
744 1040 832 1093 τὸν
874 1041 1109 1107 ποιητὴν
1145 1043 1243 1112 (Β),
1276 1039 1352 1100 ὡς
1398 1039 1734 1114 πορῥωτάτω
1783 1040 1922 1112 πέμ-

273 1151 366 1184 πει
395 1129 484 1184 καὶ
515 1127 899 1203 ἀποκρούεται.
934 1135 1168 1196 Κυνικῆς
1219 1125 1296 1200 δὲ,
1340 1129 1402 1183 τὸ
1456 1128 1550 1200 μὲν
1603 1130 1752 1183 ἄθεον
1807 1126 1920 1182 δια-

271 1218 498 1284 πτύσας,
530 1219 592 1273 τὸ
626 1217 684 1272 δὶ
731 1217 1014 1294 ἀπέριττον
1060 1216 1360 1286 ἐπαινέσας,
1390 1217 1551 1271 τοῦτό
1602 1216 1742 1272 ἐστιν
1771 1218 1800 1272 ὃ
1831 1222 1920 1271 νῦν

269 1309 428 1380 ὁρᾶτε
456 1310 556 1379 (9),
587 1306 732 1361 κύων
779 1305 914 1360 κατὰ
943 1310 1048 1360 τῶν
1102 1302 1274 1367 ὅντως
1322 1310 1520 1376 κυνῶν,
1556 1306 1646 1360 καὶ
1702 1304 1922 1384 φιλόσο-

269 1417 368 1472 φος
425 1396 560 1449 κατὰ
609 1398 717 1448 τῶν
761 1394 1008 1470 ἀσόφων,
1067 1391 1154 1448 καί
1217 1396 1532 1468 Χριστιανὸς
1597 1394 1727 1468 ὑπὲρ
1788 1396 1918 1449 πάν-

263 1504 393 1552 των,
446 1483 535 1536 καὶ
585 1487 749 1537 νικῶν
813 1483 911 1550 τήν
964 1483 1058 1554 μὲν
1119 1481 1330 1536 ἐκείνων
1380 1480 1660 1545 αὐθάδειαν
1705 1487 1772 1555 τῇ
1820 1481 1917 1537 τοῦ

264 1573 553 1644 σχήματος
580 1570 896 1642 ὁμοιότητι,
926 1574 1032 1624 τῶν
1068 1567 1125 1624 δὲ
1154 1571 1279 1644 παρ’
1328 1572 1462 1642 ἡμῖν
1513 1569 1654 1624 ἔστιν
1702 1572 1773 1624 ὧν
1818 1572 1917 1640 τήν

271 1658 657 1734 ἀπειροκαλίαν
712 1663 779 1731 τῇ
837 1659 1117 1727 καινότητι
1173 1663 1270 1712 τοῦ
1327 1657 1642 1732 ἐνδύματος,
1693 1657 1918 1731 δεικνὺς,

267 1747 352 1802 ὅτι
389 1747 465 1819 μή
499 1746 551 1801 ἰν
589 1751 806 1821 μικροῖς
836 1748 898 1800 τὸ
939 1741 1174 1817 εὐσεϐὲς,
1230 1744 1370 1818 μηδὲ
1402 1747 1453 1801 ἐν
1485 1752 1562 1818 τῷ
1599 1753 1832 1825 κατηφεῖ
1859 1749 1920 1801 τὸ

267 1834 586 1912 φιλόσοφον,
646 1833 772 1890 ἀλλ’
831 1833 881 1888 ἐν
933 1838 1118 1910 ψυχῆς
1166 1834 1484 1909 στερρότητι
1534 1835 1622 1889 καὶ
1683 1832 1918 1896 διανοίας

264 1923 626 1997 καθαρότητι,
679 1923 765 1978 καὶ
815 1923 1012 1997 γνησίᾳ
1058 1927 1126 1996 τῇ
1193 1923 1330 1994 πρὸς
1386 1923 1448 1976 τὸ
1496 1922 1662 1978 καλὸν
1723 1923 1918 1990 νεύσει,

267 2011 416 2073 ὅπως
450 2011 508 2066 ἂν
540 2015 635 2065 τοῦ
676 2013 965 2084 σχήματος
1014 2008 1255 2086 ἔχωμεν,
1288 2012 1377 2064 καὶ
1427 2011 1648 2066 οἷστισιν
1701 2011 1758 2066 ἂν
1794 2013 1918 2084 ὁμι-

269 2099 474 2171 λῶμεν,
511 2098 616 2154 sifts
646 2101 781 2171 ἡμῖν
812 2098 996 2160 αὐτοῖς
1034 2098 1224 2171 μόνοις
1257 2098 1646 2162 συστέλλοντες
1674 2100 1766 2154 τὸν
1795 2105 1918 2154 νοῦν

265 2188 369 2243 ἀπὸ
428 2193 538 2243 τῶν
593 2187 913 2256 αἰσθήσεων,
970 2185 1075 2242 εἷ’τε
1130 2194 1245 2250 τοῖς
1298 2191 1411 2261 (10)
1461 2187 1696 2251 πολλοῖς
1741 2210 1798 2243 τε
1825 2189 1915 2243 καὶ

264 2276 570 2354 ὁμοφύλοις
604 2273 896 2344 ἰδιάζοντες
930 2275 983 2330 ἐν
1013 2281 1090 2347 τῷ
1119 2281 1321 2348 κοινῷ,
1354 2277 1442 2331 καὶ
1493 2276 1914 2354 φιλοσοφοῦντες

263 2364 316 2419 ἰν
351 2365 412 2419 οὐ
446 2361 835 2441 φιλοσοφοῦσιν
871 2365 966 2438 (ὡς
991 2367 1026 2433 ἡ
1060 2369 1180 2419 Νῶε
1229 2360 1463 2428 κιϐωτὸς
1512 2365 1708 2437 ἐκείνη,
1743 2367 1793 2421 ἐν
1825 2388 1915 2420 κα-

260 2453 563 2525 τακλυσμῷ
615 2451 1002 2526 κατακλυσμοῦ
1061 2456 1175 2527 (11)
1223 2454 1542 2532 κουφοτέρα·
1591 2457 1680 2509 καὶ
1732 2457 1766 2525 ἡ
1817 2461 1916 2510 τοῦ

263 2539 423 2619 ὅρους
459 2541 637 2616 βάτος,
669 2544 730 2611 ἣν
782 2547 934 2596 καῖον
977 2544 1040 2597 τὸ
1091 2548 1196 2614 πῦρ
1247 2543 1308 2597 οὐ
1360 2543 1626 2616 κατέκαιε,
1657 2545 1720 2598 τὸ
1774 2547 1912 2618 μέγα

263 2630 542 2692 Μωϋσέως
574 2630 753 2706 ὅραμα
785 2633 940 2705 [12]),
991 2627 1114 2685 οὔτε
1160 2631 1314 2686 αὐτοί
1357 2654 1408 2687 τι
1458 2636 1568 2706 (13)
1608 2633 1911 2707 πάσχοντες

261 2725 375 2781 τοῖς
405 2717 663 2788 πολλοῖς,
698 2719 758 2773 οὐ
795 2719 1006 2792 μᾶλλόν
1056 2741 1120 2795 γε
1255 2719 1466 2794 ἀδάμας
1507 2727 1621 2782 τοῖς
1671 2722 1912 2789 παίουσι,

263 2809 352 2862 καὶ
385 2807 454 2863 δι’
487 2809 686 2864 ἑαυτῶν
719 2809 846 2870 τοὺς
879 2807 1084 2869 ἄλλους
1121 2808 1368 2884 βελτίους
1399 2815 1677 2873 ποιοῦντες
1712 2812 1786 2874 εἷς
1821 2809 1911 2866 δύ-

263 2917 442 2970 ναμιν.
485 2897 693 2967 Ταύτης
740 2897 944 2972 καρπὸς
988 2905 1086 2967 τῆς
1137 2896 1477 2975 φιλοσοφίας,
1522 2899 1587 2952 ού
1620 2899 1767 2975 λόγῳ
1800 2903 1913 2973 (14)

264 2985 630 3057 πλαττόμεναι
662 2985 850 3046 πόλεις
900 2984 1202 3060 (σκινδαψοί
1244 3008 1401 3052 τινες,
1436 2988 1510 3049 ὡς
1561 2987 1713 3043 αὐτοί
1762 3011 1910 3066 φασι,

265 3075 353 3129 καὶ
410 3075 744 3151 τραγέλκφοι
803 3077 952 3148 (15),
1013 3075 1046 3128 ἃ
1105 3075 1328 3150 γλῶσσα
1378 3077 1515 3149 μόνη
1570 3078 1908 3150 συντίθησιν)

264 3161 391 3217 οὐδὲ
449 3163 768 3238 κατηγορίαι
824 3164 986 3234 τινὲς,
1047 3163 1137 3217 καὶ
1197 3164 1521 3235 ἀναλύσεις,
1573 3167 1660 3219 καὶ
1722 3167 1909 3238 μίξεις·

263 3248 390 3306 οὐδὲ
422 3246 752 3322 συμϐάματα
785 3253 899 3323 (16)
929 3251 1018 3305 καὶ
1068 3249 1562 3326 παρασυμϐἀματα,
1617 3254 1704 3307 καὶ
1753 3257 1786 3323 ἡ
1833 3277 1914 3308 τε-

263 3339 685 3416 χνολογουμένη
718 3340 896 3416 σοφία*
927 3338 1052 3394 οὐδὲ
1083 3342 1336 3416 γραμμαί
1365 3363 1504 3404 τινες
1534 3339 1778 3415 οὐδαμοῦ
1801 3343 1912 3398 κεί-

259 3450 435 3502 μεναι,
470 3426 595 3483 οὐδὲ
645 3429 880 3504 ἀστέρων
931 3429 1134 3484 πλοκαὶ
1183 3430 1272 3485 καὶ
1323 3433 1584 3506 σχήματα
1626 3433 1760 3486 κατὰ
1809 3440 1910 3502 τῆς

2037 869 2281 936 demies,
2315 871 2373 921 et
2421 866 2812 920 venerandam
2843 865 3064 930 Stoam,
3100 867 3156 918 et
3202 862 3429 933 Epicuri
3467 877 3680 926 ,casum

2035 971 2100 1009 ac
2133 956 2521 1010 temeritatem
2553 971 2669 1008 una
2700 969 2833 1007 cum
2874 953 3086 1007 atomis
3134 955 3191 1006 et
3233 949 3549 1020 voluptate,
3582 965 3680 1004 co-

2035 1042 3140 1116 ronalaneacingens(quemadmodum
3156 1039 3396 1110 quidam
3417 1039 3678 1109 ipsorum

2036 1138 2263 1204 poetam
2284 1134 2734 1205 ornavit),quam
2753 1129 3096 1203 longissime
3109 1129 3339 1200 ablegat
3354 1133 3410 1183 et
3430 1127 3676 1199 repellit.

2032 1222 2256 1294 Cynicae
2288 1227 2483 1276 autem
2518 1226 2710 1288 sectati,
2743 1219 3101 1290 impietatem
3133 1217 3369 1290 quidem
3401 1220 3458 1271 et
3486 1214 3678 1272 numi-

2034 1308 2124 1362 nis
2175 1312 2576 1379 contemptum
2631 1310 2985 1371 exsecratus,
3034 1301 3429 1373 frugalitatem
3478 1305 3675 1358 autem

2034 1396 2311 1451 laudibus
2343 1399 2706 1466 prosecutus,
2736 1395 2844 1449 hoc
2893 1396 2980 1448 est
3021 1393 3169 1463 quod
3221 1390 3480 1456 cernitis,
3514 1389 3676 1446 canis

2036 1487 2314 1540 adversus
2345 1501 2509 1540 veros
2539 1501 2732 1549 canes,
2766 1488 2822 1538 et
2861 1479 3244 1554 philosophus
3275 1480 3552 1535 adversus
3581 1477 3676 1535 in-

2033 1577 2332 1647 sipientes,
2365 1580 2421 1629 et
2450 1574 2818 1629 Christianus
2850 1572 2921 1626 ad
2968 1572 3113 1626 bene
3143 1571 3215 1625 de
3245 1569 3521 1624 omnibus
3555 1585 3676 1624 ms-

2033 1667 2168 1720 rend
2182 1682 2279 1718 um
2305 1669 2562 1734 paratus,
2582 1669 2751 1731 atque
2770 1660 3007 1716 illorum
3027 1659 3262 1730 quidem
3281 1658 3672 1730 arrogantiam

2031 1770 2132 1823 per
2163 1753 2396 1808 habitus
2427 1751 2898 1817 similitudinem,
2930 1746 3348 1804 nonnullorum
3380 1751 3573 1803 autem
3605 1763 3672 1802 ex

2031 1843 2249 1898 nostris
2299 1841 2578 1912 ineptiam
2627 1856 2729 1910 per
2773 1839 2953 1894 vestis
2996 1837 3310 1892 novitatem
3363 1837 3670 1892 refutans:

2030 1930 2172 1984 illud
2231 1928 2451 1984 scilicet
2499 1928 2833 1992 ostendens,
2883 1941 2987 1980 nec
3036 1925 3316 1997 pietatem
3357 1923 3416 1978 in
3447 1923 3672 1996 exiguis

2029 2019 2225 2082 rebus,
2262 2033 2364 2072 nec
2398 2014 2826 2088 phi1090phiam
2857 2017 2916 2068 in
2949 2013 3145 2068 vultus
3175 2011 3438 2080 tristitia,
3471 2029 3668 2068 verum

2028 2107 2086 2161 in
2139 2107 2319 2161 animi
2370 2106 2646 2160 ﬁrmitate
2689 2121 2753 2159 ac
2786 2103 2999 2159 mentis
3030 2101 3301 2174 puritate,
3334 2102 3671 2173 sinceraque

2024 2197 2094 2250 ad
2148 2196 2363 2250 bonum
2417 2193 2800 2266 propensione
2843 2191 3207 2247 consistere:
3259 2189 3406 2244 nihil
3437 2191 3670 2256 referre,

2026 2301 2140 2354 quo
2174 2285 2374 2339 habitu
2407 2284 2612 2350 simus,
2647 2286 2703 2337 et
2748 2297 2879 2337 cum
2930 2280 3147 2352 quibus
3186 2279 3671 2334 consuetudinem

2025 2373 2372 2437 habeamus,
2406 2371 2579 2425 modo
2614 2387 2719 2425 nos
2751 2369 2832 2424 ita
2861 2385 3292 2440 comparemus,
3323 2371 3386 2423 ut
3416 2367 3534 2423 sive
3564 2367 3674 2423 soli

2025 2462 2233 2528 simus,
2269 2466 2524 2514 mentem
2559 2476 2591 2514 a
2622 2457 2893 2513 sensibus
2925 2456 3366 2523 contrahemus,
3389 2456 3509 2512 sive
3539 2473 3675 2511 cum

2024 2548 2152 2604 aliis
2182 2564 2500 2615 versemur,
2533 2547 2593 2602 in
2645 2546 2945 2602 communi
2979 2545 3286 2600 hominum
3335 2548 3484 2599 cmtu
3540 2547 3674 2599 tan-

2024 2654 2198 2709 quam
2219 2637 2278 2691 in
2297 2641 2517 2692 secreto
2535 2635 2819 2702 vivamus,
2836 2639 3006 2705 atque
3027 2634 3176 2687 inter
3192 2649 3290 2689 eos
3308 2633 3406 2704 qui
3435 2632 3677 2688 minime

2024 2726 2532 2798 philosophantur,
2583 2723 2968 2795 philosophiae
3017 2722 3215 2778 studia
3263 2720 3544 2777 colamus.
3604 2721 3675 2776 Et

2023 2815 2522 2886 quemadmodum
2548 2829 2683 2868 arca
2713 2812 2813 2867 illa
2838 2812 2955 2867 Noe
2976 2813 3042 2879 “,
3066 2828 3193 2883 quas
3223 2810 3282 2865 in
3317 2809 3533 2866 diluvio
3554 2810 3672 2864 vim

2023 2903 2222 2958 diluvii
2255 2903 2476 2968 evasit;
2511 2906 2687 2973 atque
2718 2901 2924 2972 ingens
2955 2899 3098 2954 illud
3132 2899 3348 2972 Moysis
3379 2903 3674 2970 spectacu-

2023 2992 2166 3063 lum,
2191 2993 2298 3046 hoc
2329 2996 2438 3056 est,
2462 2991 2558 3045 ille
2581 2990 2797 3045 montis
2829 2989 3015 3044 rubus
3035 2989 3098 3058 ⁸⁵,
3122 3003 3297 3059 quem
3319 2988 3473 3060 ignis
3497 3004 3672 3044 urens

2025 3097 2138 3135 non
2172 3081 2498 3152 perurebat,
2532 3079 2734 3133 eodem
2769 3078 2938 3132 modo
2985 3094 3091 3131 nos
3143 3092 3396 3147 quoque,
3451 3091 3556 3132 nec
3605 3093 3674 3132 ex

2023 3169 2181 3241 vulgi
2213 3169 2557 3239 contagione
2581 3167 3001 3222 detrimentum
3027 3163 3211 3219 ullum
3233 3164 3672 3230 contrahamus,

2024 3257 2521 3328 quemadmodum
2556 3272 2659 3311 nec
2693 3256 2934 3310 adamas
2965 3255 3036 3309 ab
3068 3253 3160 3323 iis,
3211 3271 3245 3309 a
3295 3253 3510 3324 quibus
3544 3271 3674 3325 per-

2023 3347 2260 3414 cutitur,
2284 3351 2340 3401 et
2360 3363 2463 3416 pro
2495 3344 2645 3399 virili
2679 3349 2880 3399 nostra
2901 3358 3196 3410 curemus,
3221 3347 3285 3397 ut
3312 3341 3410 3398 alii
3445 3359 3546 3414 per
3567 3359 3672 3399 nos

2023 3434 2292 3489 meliores
2314 3434 2661 3489 efﬁciantur.
2679 3433 2865 3503 Hujus
2887 3431 3267 3504 philosophias
3291 3432 3534 3498 fructus,
3557 3448 3672 3488 non

256 3517 526 3592 Προνοίας
577 3516 957 3590 ἐπινοούμενα.
1009 3522 1184 3572 Ταῦτα
1238 3520 1332 3591 μὲν
1381 3521 1480 3596 γὰρ
1533 3519 1677 3592 αὐτῷ
1729 3518 1905 3577 δευτέ-

2029 3539 2290 3578 sermone
2322 3523 2465 3576 ﬁctas
2497 3522 2760 3577 civitates
2809 3519 3126 3592 (scindapsi
3157 3520 3418 3590 quidam,
3452 3523 3518 3575 ut
3559 3520 3673 3592 ipsi

256 3627 356 3683 ρου
390 3605 562 3682 λόγου
592 3606 681 3661 καὶ
713 3606 973 3682 πάρεργα,
1005 3607 1094 3660 καὶ
1141 3611 1398 3662 τοσοῦτον
1441 3609 1742 3682 παιζόμενα
1774 3614 1904 3682 (17),

2029 3613 2204 3676 aiunt,
2228 3616 2284 3666 et
2305 3609 2654 3682 tragelaphi,
2681 3626 2808 3681 qua:
2841 3608 3042 3682 lingua
3066 3607 3190 3664 sola
3212 3607 3544 3680 construit),
3568 3624 3673 3664 nec

255 3695 379 3750 ὅσον
435 3697 511 3768 μή
562 3695 841 3763 παίζεσθαι
895 3695 1041 3770 παρᾶ
1087 3699 1194 3749 τῶν
1255 3693 1450 3750 εἰδέναι
1498 3700 1903 3771 προσποιουμέ-

2029 3701 2317 3772 :ategoriae
2350 3701 2619 3770 quaedam
2664 3703 2720 3752 et
2769 3699 3058 3770 analyses,
3093 3714 3158 3753 ac
3205 3695 3534 3768 mistionss,
3567 3713 3674 3755 nec

257 3804 384 3838 νων.
1148 3800 1150 3802 '
2018 3790 2386 3860 symbamata
2401 3795 2448 3841 el
2476 3786 3010 3858 parasymbamata,
3024 3795 3080 3840 et
3101 3784 3422 3857 argutatrix
3441 3787 3672 3858 sapien-

257 3875 363 3940 tia,
396 3891 502 3930 nec
550 3873 716 3929 lineae
763 3874 1033 3945 quaedam
1081 3890 1376 3946 nusquam
1427 3876 1761 3945 existentes,
1795 3895 1900 3933 nec
1947 3880 2206 3933 siderum
2242 3894 2444 3942 nexus,
2477 3881 2532 3931 et
2562 3875 2758 3947 ﬁgurae
2797 3877 2950 3932 459
2999 3876 3277 3932 adversus
3326 3875 3425 3930 Dei
3477 3878 3669 3948 provi-

256 3963 516 4018 dentiam
547 3962 904 4033 excogitatzs.
937 3962 1067 4017 Haec
1116 3964 1273 4018 enim
1325 3963 1419 4019 ille
1451 3967 1706 4020 secundo
1738 3965 1861 4021 loco
1892 3983 2121 4038 semper
2169 3965 2390 4034 habuit,
2425 3965 2727 4037 obiterque
2757 3983 2822 4020 ac
2851 3965 3008 4022 velut
3050 3982 3151 4036 per
3198 3965 3403 4020 ludum
3453 3965 3668 4037 attigit,

261 4051 664 4123 hactenusque
695 4052 998 4116 duntaxat,
1033 4067 1106 4108 ne
1136 4053 1208 4109 ab
1239 4052 1380 4121 illis,
1414 4055 1514 4125 qui
1548 4070 1609 4109 se
1639 4071 1839 4110 earum
1872 4073 2067 4112 rerum
2109 4055 2412 4110 scientiam
2446 4061 2642 4110 tenere
2680 4055 3044 4127 profitentur,
3071 4053 3238 4110 illudi
3271 4058 3444 4128 atque
3473 4055 3669 4127 exagi-

257 4142 368 4197 tari
401 4145 617 4213 posset.

327 4241 371 4274 “
401 4241 543 4296 Gen.
577 4256 655 4309 vr,
690 4240 775 4293 14.
853 4241 897 4273 ⁸⁵
926 4239 1104 4294 Exod.
1139 4255 1202 4310 ιι,
1234 4243 1284 4295 2.

328 4339 405 4408 (7)
439 4335 666 4414 Στέψας.
703 4336 976 4414 Or_.‘i,_et
1007 4336 1194 4414 Pass.,
1218 4338 1579 4414 στεφανώσας.
1606 4340 1747 4394 Addi
1780 4358 1910 4411 pos-

261 4403 496 4483 set,_'xa‘t
554 4403 710 4483 μύρῳ
769 4403 1015 4480 ἀλείψας,
1046 4431 1074 4460 ‹‹
1106 4413 1163 4463 et
1211 4403 1510 4483 unguento
1566 4403 1908 4483 unguens.»

260 4480 572 4553 Utriusque
620 4479 797 4553 enim
830 4479 1163 4553 coronae,_et
1193 4504 1220 4532 ‹‹
1255 4479 1677 4553 ἱὼροείῐίοιιὶἐ
1697 4488 1753 4538 et
1802 4501 1908 4538 un-

259 4551 466 4609 ctionis
499 4572 527 4599 »
562 4551 830 4605 meminit
858 4551 1038 4618 Plato,
1074 4551 1174 4606 lib.
1211 4569 1272 4607 ΙΙΙ
1307 4551 1383 4609 De
1407 4555 1621 4618 republ.

331 4623 408 4694 (8)
437 4623 534 4681 ’Ὡς
563 4641 647 4681 τις
678 4620 892 4676 ἐκείνων
935 4621 1032 4697 τὸν
1076 4623 1335 4697 ποιητήν.
1375 4646 1396 4672 α
1431 4620 1503 4680 Ut
1547 4625 1784 4695 quidem
1817 4625 1905 4697 ip-

261 4693 461 4750 eorum
494 4697 720 4764 poetam
741 4693 995 4766 ornavit.
1020 4716 1059 4766 ί»
1091 4693 1253 4750 Plato
1283 4695 1408 4766 ipse
1439 4700 1546 4760 est,
1565 4693 1677 4766 ‘qui
1713 4693 1908 4752 [lenie-

2093 4343 2204 4412 (14)
2235 4339 2306 4394 Οὐ
2356 4337 2532 4414 λόγῳ,
2565 4340 2811 4414 θῐοηΗὶο
2844 4340 3143 4395 Platonem
3180 4339 3389 4414 carpit,
3425 4342 3529 4413 qui
3562 4341 3666 4397 lib.

2025 4431 2061 4467 ιι
2099 4411 2319 4483 Βενερ.
2355 4411 2624 4483 sermone
2654 4413 2942 4483 civitatem
2975 4411 3321 4468 construxit.

2092 4485 2205 4557 (15)
2262 4479 2658 4560 Σ-κινδαψοί...
2717 4481 3066 4560 τραγέλαφοι,
3138 4481 3426 4560 Apollonii
3489 4482 3666 4560 inter:

2021 4554 2152 4626 pres
2185 4554 2362 4610 tradit
2405 4554 2783 4626 scindapsum
2832 4554 2979 4610 esse'
3012 4554 3218 4627 plantae
3269 4569 3476 4627 genus,
3509 4557 3663 4627 quod

2019 4625 2174 4699 apud
2223 4627 2473 4699 Nyssum
2507 4628 2563 4680 in
2602 4625 2762 4699 [india
2793 4627 3073 4681 nascitur.
3104 4625 3244 4680 Cum
3278 4625 3491 4682 lautem
3528 4625 3665 4699 hac

2019 4698 2219 4781 planta
2250 4698 2544 4781 nusquam
2577 4698 2714 4752 alibi
2757 4699 3103 4781 reperiatur,
3131 4698 3660 4781 putatnGregoEius,

259 4783 412 4832 rum,
448 4781 521 4846 ne
556 4765 870 4847 juvenibus
901 4765 1109 4847 noxius
1139 4771 1201 4847 et
1223 4765 1505 4847 exitiosus
1552 4765 1725 4847 esset,
1770 4767 1907 4847 lana
1939 4786 1984 4847 ι)
2015 4765 2166 4847 hanc
2187 4765 2400 4847 _vocem_
2425 4769 2660 4824 inanem
2692 4765 2842 4847 esse'2
2871 4775 2928 4824 et
2957 4769 3105 4847 nihil
3134 4765 3485 4840 significare.
3519 4765 3661 4847 Tres

260 4837 523 4893 coronari
556 4841 614 4892 et
644 4836 860 4891 dimitti
891 4838 1118 4891 statuit.
1159 4837 1274 4892 Hac
1305 4836 1692 4894 similitudine
1723 4844 1904 4893 utitur

257 4908 594 4979 Gregorius,
627 4913 694 4963 ut
723 4907 1036 4979 sublimem
1072 4908 1303 4964 Maximi
1348 4909 1777 4979 philosophiam
1809 4927 1903 4965 ex-

257 4978 446 5050 tollat,
463 4979 581 5047 qui,
597 4978 830 5050 scholas
852 4978 1389 5050 Peripateticorum,
1406 4978 1904 5049 Academicorum,

263 5049 589 5124 Stoicorum
621 5053 690 5124 et_
710 5049 939 5124 Epicuri
981 5049 1194 5124 eorona
1239 5052 1404 5107 lanea
1433 5052 1696 5124 cingens,
1729 5069 1906 5124 quam

266 5119 612 5193 longissime
643 5119 872 5193 ablegat
900 5125 955 5177 et
987 5121 1233 5193 repellit.

330 5137 360 5174 n
411 5136 612 5175 lSSlme
643 5136 872 5192 ablegat
900 5136 955 5177 et
987 5138 1111 5193 repe

326 5136 646 5267 (ῼῗξορατε.
682 5191 779 5246 Or.
811 5193 867 5267 _i,
901 5193 1111 5267 opimi.

367 5209 403 5262 1)
451 5209 646 5317 usus.
682 5209 779 5246 ur.
817 5209 867 5260 1,
901 5209 1111 5267 οραται.

367 5263 454 5333 10)
534 5259 612 5314 ἴτε
637 5267 773 5333 τοῖς.
811 5263 872 5333 1η
903 5263 1224 5333 nonnullis,
1254 5259 1359 5317 ti’rs
1388 5261 1480 5316 σὺν
1508 5269 1645 5324 τοῖς.

331 5328 859 5406 (11)ῨΚατακλυσμῷ
900 5328 1309 5406 κατακλυσμοῦ.
1337 5336 1432 5390 Sic
1479 5337 1636 5406 Regii
1685 5342 1741 5391 ot
1781 5328 1909 5391 Col-

263 5404 727 5528 birtinicplures,
761 5404 934 5462 COisl.
972 5409 996 5462 1
1032 5412 1088 5461 et
1113 5409 1168 5476 2,
1188 5404 1303 5460 etc.
1339 5407 1400 5462 In
1432 5409 1522 5462 ed.
1557 5404 1719 5462 deest
1747 5428 1908 5461 κατα-

263 5495 296 5527 κ
339 5494 534 5528 υσμου.

262 5494 534 5529 κλυσμου.

339 5496 534 5544 υσμου.

339 5549 451 5619 (12)
484 5546 721 5619 ”Ορτμα.
751 5547 921 5602 Cois].
957 5549 1007 5612 1,
1042 5544 1233 5617 θέαμα.

339 5566 451 5611 (1Ζι)
510 5566 721 5670 υρτμα.
751 5566 921 5602 (ιΟΙΙΙ.
957 5566 1007 5612 ι,
1042 5566 1233 5617 υεαμα.

334 5615 620 5691 (13),Δύτο
672 5618 863 5691 n._Sic
884 5623 1136 5691 quatuor
1157 5619 1339 5688 Colb.,
1362 5620 1478 5678 duo
1503 5621 1697 5690 Coisl.,
1723 5621 1908 5690 Pass.,

263 5688 381 5766 etc,
408 5688 501 5766 Sic
532 5690 708 5766 etiam
757 5688 932 5748 habet
963 5691 1228 5766 He_rv_ag.,
1263 5693 1334 5748 ad
1367 5693 1537 5764 cujus
1584 5688 1907 5766 marginem

269 5761 508 5836 scripsit
536 5762 744 5823 Billius
774 5778 787 5820 :
819 5766 960 5836 forte
989 5761 1250 5819 αὐτόν’τι.

2014 4839 2299 4912 gelaphus
2327 4858 2478 4905 vero,
2511 4846 2600 4896 est
2628 4840 2846 4912 animal
2877 4855 2945 4894 ex
2975 4840 3136 4894 hirco
3165 4839 3221 4894 et
3253 4857 3416 4896 cervo
3447 4839 3659 4896 conﬂa-

2016 4911 2164 4973 tum;
2189 4913 2341 4983 quod
2375 4913 2549 4968 etiam
2583 4928 2617 4966 a
2646 4911 2850 4967 multis
2882 4927 3186 4982 nunquam
3219 4912 3511 4967 exstitisse
3537 4928 3660 4967 cre-

2017 4983 2195 5038 ditur.
2231 4989 2306 5039 De
2335 4983 2695 5056 tragelaphoﬂ
2721 4988 2933 5056 tamen,
2962 4983 3180 5056 mentio
3210 4988 3298 5056 est
3343 4983 3402 5038 in
3450 4983 3660 5056 Deuts-

2019 5072 2143 5110 ron.
2177 5073 2287 5181 mi,
2321 5057 2386 5123 5;
2431 5054 2487 5111 et
2529 5055 2588 5111 in
2645 5054 2793 5111 libro
2848 5055 2980 5125 Job,
3032 5055 3206 5126 juxta
3258 5055 3662 5128 Septuaginta,

2019 5143 2211 5181 xxxix.
2283 5170 2293 5181 .

2018 5143 2211 5191 XXXIX,
2245 5143 2293 5181 1.

2091 5197 2200 5267 (16)
2234 5191 2600 5268 Συμϐάματα,
2631 5201 2739 5252 etc.
2772 5195 3227 5267 Propositiones,
3260 5213 3388 5268 quae
3423 5213 3664 5252 sensum

2018 5267 2323 5337 integrum
2357 5269 2641 5332 efficiunt,
2674 5287 2696 5315 α
2729 5268 3096 5340 symbamata
3130 5290 3150 5316 ιι
3182 5267 3489 5336 vocantur;
3537 5284 3665 5338 quas

2020 5356 2151 5393 vero
2184 5357 2423 5395 sensum
2457 5339 2897 5411 integrum'non
2931 5339 3212 5411 efficiunt,
3241 5363 3261 5387 ε
3294 5342 3666 5411 parasymba-

2024 5417 2197 5464 mata.
2229 5434 2254 5460 ››
2286 5411 2506 5465 Alludit
2535 5409 2867 5483 Gregorius,
2900 5411 2969 5483 ad
3021 5409 3433 5483 Chrysippum,
3467 5426 3664 5483 quem,

2020 5482 2171 5536 inter
2200 5483 2366 5546 alios,
2402 5481 2693 5537 Lucianus
2725 5481 2782 5536 in
2817 5481 3044 5552 dialogo
3092 5481 3163 5538 De
3209 5481 3459 5538 (iulatione
3484 5481 3663 5553 philo-

2017 5555 2311 5634 SOphqrum
2349 5554 2568 5636 irridet,
2603 5559 2659 5607 et
2709 5553 2886 5636 stulta
2934 5553 3196 5636 ipsorum
3247 5554 3664 5636 dogmata,“-

2019 5641 2127 5696 que
2171 5627 2226 5682 in
2277 5626 2469 5682 verbis
2517 5625 2802 5681 novandis
2851 5624 3245 5680 curiositatem
3280 5624 3661 5682 deridendam

2058 5697 2311 5752 rooinat.

2017 5714 2311 5823 propinat.

2089 5769 2106 5840 (
2146 5769 2201 5841 7)
2232 5763 2562 5840 Παιζόμενα.
2593 5767 2713 5840 01η,
2744 5763 3021 5837 παίζοντα.
