4056 6274
360 330 515 395 1207

360 553 719 626 quissimum
750 552 937 624 ipsius
959 553 1225 609 studium
1245 554 1271 608 ‘I
1300 553 1408 608 Pro
1431 553 1566 623 jure
1593 557 1650 606 et
1679 568 1845 623 aequo
1877 568 2009 605 cum

358 640 708 715 prazsidibus
740 641 1128 712 expostulare,
1183 641 1336 713 apud
1388 655 1551 711 reges
1606 640 1893 695 sermonis
1941 638 2008 692 li-

358 732 644 788 bertatem
706 730 1005 798 adhibere,
1066 730 1559 803 quemadmodum
1619 728 1866 784 eximius
1917 727 2012 782 ille

358 820 561 887 David,
595 820 693 892 qui
732 819 1079 891 loquebatur
1107 819 1164 875 in
1199 822 1517 890 conspectu
1550 834 1775 889 regum,
1810 822 1866 872 et
1897 835 2011 871 non

361 908 915 977 confundebatur“,
964 908 1263 981 popularis
1294 906 1478 961 turbae
1510 907 1794 961 ﬂuctuum
1829 906 2014 962 instar

360 998 590 1070 agitatas
665 996 1047 1052 stoliditatem
1108 1013 1517 1067 compescere,
1577 996 2010 1065 ferocientium,

360 1101 667 1159 procerum
696 1085 1015 1149 licentiam,
1048 1087 1360 1140 domorum
1402 1084 1555 1140 inter
1608 1102 1669 1139 se
1718 1084 2010 1139 dissiden-

358 1175 509 1231 tium
542 1175 835 1245 morbum,
870 1175 1238 1229 indoctorum
1274 1172 1685 1244 rusticitatem,
1708 1174 2012 1228 doctorum

359 1264 780 1336 arrogantiam,
830 1263 1062 1318 divitias
1120 1263 1440 1317 insolenter
1499 1278 1626 1317 sese
1686 1263 2011 1329 efferentes,

358 1352 727 1409 saturitatem
781 1352 1112 1424 petulanter
1141 1356 1198 1407 et
1229 1350 1653 1406 contumeliose
1702 1367 1764 1405 se
1812 1366 2010 1419 geren-

361 1447 503 1511 tem,
536 1445 935 1513 paupertatem
971 1442 1041 1496 ad
1083 1440 1365 1496 maleficia
1412 1440 1749 1511 proclivem,
1783 1440 2011 1493 iracun-

364 1531 519 1586 diam
552 1529 922 1602 praacipitem,
957 1547 1022 1585 ac
1066 1529 1352 1585 rationem
1402 1544 1601 1584 secum
1656 1528 2014 1595 efferentem,

361 1619 717 1691 voluptatem
744 1620 981 1673 modum
1007 1620 1399 1687 excedentem,
1418 1618 1601 1672 risum
1632 1617 2011 1688 petulantem,

362 1707 627 1763 mceroris
650 1707 1002 1763 anxietatem
1026 1722 1309 1771 coercere,
1329 1706 1659 1776 juventutis
1682 1706 2015 1762 inconstan-

358 1796 526 1862 tiam,
542 1794 859 1851 senectutis
880 1795 1195 1867 ignaviam,
1212 1795 1509 1865 animique
1527 1793 2011 1864 imbecillitatem,

356 1884 658 1939 viduitatis
676 1884 1074 1950 solitudinem,
1092 1884 1358 1939 orbitatis
1375 1884 1839 1954 desperationem
1862 1900 2015 1938 com-

360 1972 632 2043 primere.
668 1972 799 2028 Haec
826 1990 960 2028 vero
990 1988 1184 2027 nonne
1214 1972 1593 2045 syllogismis,
1633 1978 1691 2027 et
1736 1972 1927 2041 lineis,
1960 1977 2017 2026 et

362 2061 547 2117 hianti
577 2061 633 2115 in
656 2061 841 2140 stellis
860 2062 1087 2116 obtutui
1115 2061 1367 2116 multum
1388 2065 1725 2132 anteponet,
1742 2061 2014 2132 quisquis

363 2155 557 2205 mente
589 2167 733 2206 sana
768 2150 983 2205 fuerit?
1033 2150 1179 2206 Illud
1212 2165 1412 2206 secum
1444 2155 1745 2221 reputans,
1778 2151 1929 2221 quod
1966 2150 2013 2203 si

363 2239 434 2295 ad
454 2238 931 2311 syllogismorum
950 2239 1499 2304 conclusionem,vel
1520 2240 1587 2293 ad
1608 2239 2009 2310 geometriam,

363 2332 467 2383 aut
489 2328 930 2398 astronomiam,
956 2344 1159 2383 omnes
1190 2329 1453 2384 studium
1488 2344 1660 2382 suum
1686 2333 1862 2399 atque
1883 2343 2013 2397 ope-

364 2433 491 2470 ram
525 2416 898 2484 contulerint,
933 2416 1079 2471 nihil
1109 2432 1177 2471 ea
1206 2433 1299 2472 res
1329 2418 1460 2471 vitae
1492 2415 1761 2470 humanae
1814 2416 2009 2487 profu-

362 2508 497 2559 tura
529 2505 624 2571 sit,
658 2504 799 2577 quin
845 2505 1040 2576 potius
1080 2507 1279 2560 omnia
1311 2504 1548 2560 dissolvi
1581 2522 1647 2559 ac
1676 2504 2009 2560 labefactari

364 2610 600 2650 necesse
631 2594 742 2648 erit
774 2611 787 2649 :
843 2598 1048 2650 contra
1085 2593 1133 2649 si
1165 2610 1232 2649 ea
1262 2594 1473 2661 officia,
1508 2610 1635 2665 quae
1667 2611 1700 2649 a
1730 2610 1823 2649 me
1853 2610 2010 2649 com-

365 2688 688 2737 memorata
735 2686 893 2748 sunt,
926 2684 996 2737 de
1028 2682 1219 2739 medio
1250 2682 1482 2738 sublata
1512 2683 1744 2750 fuerint,
1778 2700 2011 2738 summa

357 2771 623 2831 omnium
651 2756 867 2826 (rerum
902 2771 1262 2843 perturbatio
1313 2775 1371 2826 et
1415 2771 1680 2827 confusio
1734 2771 1828 2827 sit.
1883 2772 2009 2827 Haec

357 2865 575 2931 quanto
606 2860 973 2915 Antisthenis
1002 2859 1276 2929 vanitate,
1310 2864 1368 2914 et
1414 2860 1687 2931 Diogenis
1728 2860 2006 2931 ingluvie,

1601 346 1666 407 ς.
1717 328 2090 391 GREGORII
2137 329 2531 391 THEOLOGI

428 465 544 519 νη.
580 462 885 528 Quodnam
917 468 1109 519 autem
1170 462 1279 519 fuit
1332 460 1676 534 primarium
1738 467 1794 516 et
1849 461 1995 516 anti-
2032 465 2083 531 Α

3622 331 3781 393 £208

2187 457 2429 513 z’rtS‘
2526 460 2540 477 ‘
2679 465 2705 475 ”
2933 461 2949 483 ‘
3108 458 3266 516 ιδν’
3470 462 3531 492 -'
3711 463 3723 477 ‘

2243 506 2254 517 .
2418 481 2440 514 ε
2486 482 2548 514 το
2596 481 2813 534 πρῶτον
2860 482 2949 516 και
3002 482 3135 516 σπου
3177 482 3437 534 αςομενον
3470 506 3483 531 ,
3536 467 3580 517 Π
3628 482 3767 537 προς

2121 549 2389 625 ἄρχοντας
2446 547 2877 624 δικαιολογία,
2923 552 3060 627 πρὸς
3115 549 3356 625 βασιλεῖς
3392 554 3501 623 (18)
3556 550 3777 627 παῤῥη,

2122 636 2228 705 σία,
2271 639 2406 691 κατά
2449 636 2539 692 τὸν
2594 645 2735 702 θεῖον
2787 635 2951 694 Δαϐἲδ
3002 638 3273 695 λαλοῦντα
3332 638 3568 694 ἐναντίον
3628 641 3779 715 βασι-

2123 725 2261 779 λέων
2293 726 2381 779 καὶ
2417 729 2491 799 μὴ
2517 728 2935 804 αἰσχυνόμενον,
2988 727 3052 799 δή
3067 751 3180 801 μων
3232 728 3458 804 ἀλογίαν
3493 729 3771 784 συστεῖλαι

2117 817 2552 887 κυμαινομὲνων,
2606 815 2877 872 δυναστῶν
2930 816 3169 888 ἐξουσίαν
3224 817 3634 894 ἀγριαινόντων,
3688 817 3774 872 οἷ’-

2121 924 2228 957 κων
2262 903 2560 979 ἀρρωστίαν
2610 906 3026 979 στασιαζόντων,
3075 903 3412 961 ἀπαιδεύτων
3468 906 3778 981 ἀγροικίαν,

2122 989 2564 1066 πεπαιδευμένων
2627 994 2997 1066 ἀλαζονείαν,
3057 994 3295 1049 πλοῦτον
3372 994 3727 1067 ἐπαιρόμενον
3768 1041 3781 1064 ,

2124 1080 2285 1156 κόρον
2356 1078 2719 1157 ὑϐρίζονττα,
2770 1082 2956 1138 πενίαν
3007 1088 3436 1158 κακουργοῦσαν,
3477 1084 3647 1155 θυμὸν
3697 1084 3786 1140 ἐκ·

2124 1169 2421 1246 φερόμενον
2474 1173 2563 1225 καὶ
2610 1173 2700 1225 τὸν
2754 1170 3017 1248 λογισμὸν
3052 1174 3165 1244 (19)
3215 1171 3529 1248 ἐκφέροντα,
3576 1169 3786 1241 ἡδονῆς

2123 1258 2405 1334 ἀμετρίαν,
2434 1259 2676 1333 γέλωτος
2724 1260 3002 1335 ἀκρασίαν,
3054 1259 3234 1329 λύπης
3286 1259 3591 1332 ἀδημονίαν
3642 1265 3786 1315 παῦ-

2125 1367 2233 1417 σαι,
2310 1347 2567 1417 νεότητος
2652 1348 2970 1421 ἀνωμαλίαν
3016 1393 3029 1417 ,
3111 1350 3299 1423 γήρως
3388 1349 3786 1424 μικροψυχίαν,

2123 1435 2353 1508 χηρείας
2430 1434 2659 1511 ἐρημίαν
2717 1482 2729 1505 ,
2792 1436 3052 1515 ὀρφανίας
3139 1436 3448 1511 ἀπόγνωσιν
3515 1481 3529 1495 .
3606 1442 3788 1491 Ταῦτα

2121 1528 2227 1578 τῶν
2280 1521 2669 1599 συλλογισμῶν
2720 1525 2809 1579 καὶ
2856 1530 2963 1580 τῶν
3023 1531 3322 1602 γραμμῶν,
3383 1525 3472 1580 καὶ
3530 1530 3628 1580 τοῦ
3685 1547 3779 1580 κιο

2124 1611 2349 1687 χηνὲναι
2406 1614 2539 1689 πρὸς
2598 1612 2723 1676 τοὺς
2786 1614 3031 1690 ἀστέρας,
3094 1616 3178 1687 ἄρ’
3247 1614 3308 1668 οὐ
3382 1619 3572 1691 μακρῷ
3640 1635 3783 1688 προ-

2122 1704 2345 1773 τιμήσει
2400 1724 2482 1764 τις
2543 1701 2597 1756 εὖ
2657 1708 2869 1780 φρονῶν
2933 1722 2945 1772 ;
3008 1703 3178 1758 ἐκεῖνο
3262 1703 3587 1777 ἐνθυμηθεὶς
3626 1751 3639 1775 ,
3697 1703 3779 1758 ὅτι

2126 1790 2467 1865 συναγόντων
2523 1792 2617 1864 μὲν
2670 1792 2902 1861 πάντων,
2937 1794 2972 1863 ἢ
3005 1792 3491 1869 γεωμετρούντων,
3522 1795 3557 1862 ἢ
3590 1793 3783 1868 ἀστρο-

2124 1880 2456 1951 νομούντων,
2490 1877 2643 1934 οὐδὲν
2678 1880 2735 1935 ἂν
2770 1882 2797 1935 ὁ
2833 1881 2948 1956 βίος
2979 1883 3142 1953 ἡμῶν
3184 1881 3330 1957 παρά
3368 1886 3529 1936 τοῦτο
3562 1881 3780 1958 ὠφελη-

2124 1967 2263 2037 θείη,
2299 1969 2381 2023 ὅτι
2436 1970 2509 2040 μὴ
2559 1969 2649 2023 καὶ
2697 1969 2764 2024 τὰ
2811 1969 2984 2025 πάντα
3028 1968 3341 2041 λυθήσεται·
3375 1970 3582 2025 τούτων
3618 1968 3673 2025 δὲ
3706 1972 3780 2025 ὧν

2124 2060 2274 2111 εἷπον
2332 2057 2757 2132 ἀναιρουμένων,
2812 2059 2997 2129 ἀταξία
3051 2060 3114 2114 τὸ
3167 2065 3272 2114 πᾶν
3331 2059 3423 2113 καὶ
3475 2058 3776 2134 σύγχυσις.

2120 2151 2294 2200 Ταῦτα
2336 2149 2433 2215 τῆς
2486 2147 2858 2211 Ἀντισθένους
2907 2147 3249 2217 ἀλαζονείας,
3297 2148 3389 2202 καὶ
3436 2151 3536 2217 τῆς
3589 2147 3777 2223 Διογέ-

2120 2257 2245 2297 νους
2280 2234 2581 2312 ὀψοφαγίας
2612 2281 2626 2307 ,
2670 2236 2761 2289 καὶ
2811 2243 2911 2305 τῆς
2966 2236 3245 2311 Κράτητος
3296 2236 3656 2312 κοινογαμίας
3683 2282 3696 2305 ,
3728 2235 3782 2289 τί

2121 2326 2232 2399 χρὴ
2267 2323 2442 2399 λέγειν
2468 2324 2579 2397 ὅσῳ
2608 2324 2835 2400 κρείττω
2866 2325 2955 2379 καὶ
2990 2324 3308 2401 ὑψηλότερα
3340 2344 3352 2393 ;
3391 2324 3545 2395 Πλὴν
3593 2322 3781 2402 φειδό-

2126 2425 2259 2485 μεθα
2290 2415 2401 2485 (20)
2431 2412 2691 2467 κάκείνων
2722 2412 2869 2467 αἰδοῖ
2917 2416 3015 2482 τῆς
3067 2414 3465 2490 προσηγορίας,
3490 2412 3577 2468 ’ίνα
3600 2436 3651 2469 τι
3682 2419 3782 2468 τοῦ

2123 2501 2312 2577 ἀνδρὸς
2340 2501 2741 2557 ἀπολαύσωσιν.
2791 2506 2979 2577 Ἡμεῖς
3032 2500 3110 2571 δὲ,
3158 2502 3251 2557 ’ίνα
3281 2506 3397 2576 (21)
3426 2504 3491 2556 τὰ
3538 2502 3588 2556 ἐν
3626 2505 3781 2576 μέσῳ

2122 2590 2451 2664 συνὲλωμεν,
2500 2592 2560 2645 τὸ
2601 2596 2837 2669 σῶφρον,
2888 2593 2950 2646 τὸ
3002 2591 3285 2667 ἐγκρατὲς,
3331 2591 3394 2646 τὸ
3441 2592 3659 2669 ἄτυφον,
3714 2592 3780 2647 τό

2120 2680 2363 2755 ἐπίχαρι,
2418 2681 2480 2734 τὸ
2532 2681 2870 2753 κοινωνικὸν,
2917 2682 2978 2735 τὸ
3029 2680 3439 2759 φιλάνθρωπον,
3481 2679 3660 2736 τᾶλλα
3692 2683 3775 2743 οἷς

2122 2770 2252 2843 ὑπὲρ
2287 2770 2520 2830 ἅπαντας
2552 2771 2578 2823 ὁ
2612 2770 2768 2844 ἀνὴρ,
2804 2768 2889 2824 ἐπὶ
2922 2770 2983 2824 τὸ
3035 2769 3344 2825 τελευταῖον
3382 2771 3475 2841 μὲν
3502 2773 3572 2843 τῇ
3602 2772 3775 2844 τάξει,

2120 2862 2332 2933 πρῶτον
2370 2855 2425 2911 δὲ
2454 2860 2522 2930 τῇ
2557 2855 2778 2930 δυνάμει
2811 2858 3122 2931 τρεψόμεθα
3152 2861 3289 2931 (22).

354 2953 413 3004 et
444 2947 739 3003 communi
769 2947 1011 3004 Cratetis
1057 2949 1452 3016 matrimonio,
1488 2948 1832 3004 sublimiora
1863 2956 1919 3004 et
1950 2950 2352 3020 praestantiora
2401 2949 2539 3013 sint,
2573 2948 2713 3019 quid
2746 2948 2937 3004 dicere
2989 2949 3243 3003 attinet?
3270 2948 3487 3003 Verum
3538 2948 3612 3003 ob
3662 2965 3768 3004 no-

356 3037 535 3092 minis
569 3054 769 3092 eorum
806 3038 1191 3093 reverentiam
1224 3038 1316 3093 bis
1348 3055 1579 3109 quoque
1628 3055 1958 3110 parcamus,
1995 3044 2058 3094 ut
2090 3037 2438 3093 nonnullum
2471 3037 2581 3108 ipsi
2615 3054 2845 3109 quoque
2878 3039 3131 3093 fructum
3177 3055 3247 3093 ex
3291 3038 3474 3110 hujus
3501 3037 3608 3092 viri
3641 3039 3777 3109 phi-

354 3125 624 3196 losophia
652 3125 907 3197 capiant.
940 3126 1054 3181 Nos
1086 3130 1303 3191 autem,
1332 3130 1395 3181 ut
1426 3127 1620 3180 media
1650 3126 2002 3194 incidamus,
2037 3126 2375 3198 pudicitiam
2412 3141 2639 3196 nempe,
2665 3125 3106 3193 continentiam,
3142 3126 3513 3197 modestiam,
3537 3142 3774 3180 morum

356 3212 730 3279 suavitatem,
764 3213 1187 3279 aﬂabilitatem,
1223 3213 1673 3286 humanitatem,
1705 3220 2061 3285 caeterasque
2095 3215 2354 3275 virtutes,
2388 3214 2604 3285 quibus
2653 3214 2777 3285 ipse
2824 3213 3102 3269 mortales
3150 3230 3354 3269 omnes
3405 3220 3664 3285 superat,
3700 3216 3777 3269 ad

353 3303 436 3367 id,
469 3302 625 3372 quod
656 3302 860 3358 ordine
891 3304 1128 3374 quidem
1172 3307 1589 3375 prostremum,
1623 3304 1907 3376 dignitate
1957 3310 2151 3360 autem
2184 3307 2242 3358 et
2272 3302 2546 3359 facultate
2574 3302 2897 3375 principem
2931 3302 3122 3359 locum
3172 3303 3419 3373 obtinet,
3452 3302 3778 3358 orationem

354 3395 687 3447 convertam
699 3408 786 3446 us.

424 3479 573 3535 Vill.
610 3479 743 3534 Fuit
771 3480 1065 3550 quondam
1100 3479 1245 3535 illud
1275 3484 1529 3553 tempus,
1564 3498 1697 3536 cum
1729 3482 1799 3537 ab
1834 3481 2005 3537 haere-

2193 3482 2273 3537 H'.
2305 3482 2401 3535 ΊΓΗν
2448 3481 2561 3553 (23)
2610 3478 2699 3534 ὅτε
2745 3479 2992 3555 γαλήνην
3040 3477 3264 3554 εἷ’χομεν
3316 3478 3421 3534 ἀπὸ
3470 3482 3574 3533 τῶν
3627 3478 3781 3553 αἰρέ-

356 3584 491 3622 sum
543 3565 813 3638 procellis
861 3567 1180 3638 tranquilla
1230 3567 1427 3622 omnia
1460 3568 1843 3632 habebamus,
1877 3585 2007 3623 cum

353 3655 619 3711 videlicet
648 3656 940 3721 Simones,
972 3662 1028 3710 et
1070 3656 1413 3726 Marciones,
1445 3657 1599 3712 460
1650 3662 1705 3711 et
1752 3656 2009 3712 Valenti-

351 3745 534 3810 niani,
568 3750 623 3800 et
655 3744 943 3814 Basilides,
975 3750 1031 3799 et
1080 3745 1391 3813 Cerdones,
1435 3746 1692 3800 Cerintbi
1724 3746 1918 3813 etiam,
1956 3753 2011 3801 et

352 3834 753 3906 Carpocratcs,
787 3839 961 3905 atque
993 3850 1196 3889 omnes
1250 3834 1482 3889 illorum
1536 3851 1700 3906 nugae
1748 3852 1814 3890 ac
1865 3853 2006 3907 pree-

355 3924 564 3995 stigim,
615 3929 996 3995 posteaquam
1056 3940 1249 3978 rerum
1309 3924 1572 3978 omnium
1631 3924 1811 3979 Deum
1876 3942 2007 3996 per—

356 4013 635 4067 diuturno
668 4016 926 4084 tempore
959 4013 1303 4080 secuissent,
1336 4013 1671 4085 bellumque
1722 4031 1823 4085 pro
1853 4014 2009 4070 Bono

357 4101 637 4156 adversus
665 4105 992 4157 Creatorem
1024 4102 1370 4173 gessissent,
1396 4106 1625 4157 suomet
1655 4103 1911 4170 tandem,
1946 4108 2012 4158 ut

358 4205 591 4260 aaquum
614 4194 759 4260 erat,
789 4190 1076 4262 profundo
1098 4190 1409 4261 absorptae,
1434 4207 1499 4245 ac
1530 4190 1763 4246 silentio
1786 4192 2009 4247 tradita?

358 4277 617 4333 fuerunt.
652 4277 797 4332 Nam
852 4278 1111 4334 Montani
1162 4294 1396 4349 quoque
1437 4278 1627 4334 malus
1660 4280 1925 4351 spiritus,
1958 4286 2013 4335 et

359 4366 549 4422 Manis
581 4367 855 4438 tenebrae,
886 4372 942 4422 et
970 4367 1175 4422 Novati
1208 4366 1529 4433 temeritas,
1555 4373 1656 4423 aut
1686 4369 1932 4440 puritas,
1959 4374 2015 4425 et

357 4454 595 4511 Sabellii
629 4454 783 4511 mala
824 4454 1175 4510 monarchiaa
1207 4454 1473 4521 assertio,
1508 4464 1825 4522 cesserant,
1858 4475 2011 4513 sese-

359 4559 476 4617 que
524 4544 942 4612 subduxerant,
989 4542 1172 4599 altera
1219 4543 1496 4599 nimirum
1549 4546 1607 4600 in
1658 4547 2009 4603 contrariam

426 4661 470 4697 ‘°
502 4659 654 4717 Psal.
686 4676 841 4727 cvm,
874 4661 963 4716 46.

430 4787 543 4927 (18)
571 4783 841 4846 Βασιλεῖς.
875 4787 1063 4851 Ραεο.,
1100 4783 1376 4861 βασιλέας.
1578 4854 1581 4855 ν

457 4858 543 4927 19)
568 4858 665 4910 Τὸν
713 4856 1002 4927 λογισμόν.
1036 4858 1206 4914 Coisl.
1251 4861 1301 4927 1,
1343 4864 1400 4914 et
1447 4859 1544 4915 Or.

447 4856 543 4943 19)
568 4858 665 4910 Τὸν
713 4856 1002 4932 λογισμόν.
1036 4856 1206 4914 ΟόὶΒΙ.
1251 4861 1301 4929 1,
1343 4864 1400 4914 et
1447 4859 1544 4915 Or.
1596 4861 1647 4925 1,
1697 4862 1803 4912 τῶν
1852 4858 2006 4935 λογι-

585 4995 919 5083 ξξειᾷόμεθα.
972 5002 1067 5057 Or.
1121 5003 1172 5071 1,
1222 5005 1277 5056 et
1325 5002 1605 5070 Combef.,
1675 4998 2003 5078 φειδώμεθα.

371 5074 457 5127 Ita
485 5072 627 5142 legit
655 5072 883 5127 Billius.

454 5144 542 5213 21)
575 5142 706 5196 Ἵνα.
741 5144 913 5199 Deest
943 5145 999 5199 in
1038 5145 1176 5213 Reg.
1210 5144 1331 5199 bm.

450 5216 519 5268 22
573 5216 617 5268 Τ
658 5213 913 5287 squo-ulla.
948 5216 1236 5283 Combef.,
1263 5232 1354 5285 τρι
1402 5214 1603 5283 ώμενα.

450 5216 542 5351 23)
573 5232 691 5341 'l-l3v.
733 5307 753 5333 ι
788 5287 933 5341 Fuit.
966 5310 991 5335 ››
1021 5289 1111 5340 Sic
1143 5215 1395 5339 Comboli:
1437 5287 1491 5338 [η
1526 5287 1638 5349 ed.,
1669 5287 1688 5337 αἱ

447 5285 540 5351 23)
573 5285 706 5341 Ἠνζ
733 5307 753 5333 α
788 5287 933 5341 Fuit.
966 5310 991 5335 ››
1021 5289 1111 5340 Sic
1143 5285 1395 5339 Combof.
1437 5287 1491 5338 [η
1526 5287 1638 5349 ed.,
1669 5285 1757 5353 ἥν.

429 5146 445 5355 ἓ

426 5357 537 5428 (24)
570 5356 687 5409 Ἐπὶ
720 5354 994 5413 πλεῖστον.
1031 5360 1166 5425 Reg.
1203 5374 1253 5411 Θ..
1290 5355 1377 5407 καὶ
1402 5354 1487 5408 ἐπὶ
1520 5354 1794 5411 πλεῖστον.

428 5430 539 5499 (25)
559 5428 723 5502 ’Βυθῷ
753 5428 840 5502 καὶ
884 5432 951 5499 τῇ
1000 5430 1203 5502 σιγῇηα
1240 5428 1545 5502 Profunda
1578 5447 1642 5485 ac
1694 5432 1995 5486 silentio.»

358 5498 449 5553 Sic
476 5499 633 5553 enim
666 5501 869 5555 Latine
898 5498 1108 5555 sonant
1153 5499 1238 5552 has
1280 5515 1465 5555 voces.
1496 5500 1690 5557 Plures
1724 5503 1997 5566 haeretici,

361 5585 423 5643 ac
453 5572 739 5640 praecipue
772 5572 1138 5632 Valentinus.
1162 5594 1188 5617 ‹‹
1225 5571 1404 5641 Bytbo
1428 5595 1452 5620 n
1483 5580 1539 5627 et
1565 5598 1585 5621 ι
1614 5575 1759 5643 Sigaa
1789 5600 1807 5621 ι
1848 5576 2001 5629 inter

361 5639 570 5694 IEonas
601 5657 758 5708 suos,
792 5644 1010 5714 primas
1040 5639 1390 5698 tribuebant.
1418 5642 1577 5699 Unde
1605 5639 1998 5701 Te‘rtulliauus

2121 3589 2273 3635 σεων,
2326 3568 2486 3639 ἡνίκα
2536 3568 2784 3641 Σίμωνες
2839 3570 2957 3642 μὲν,
3005 3567 3093 3622 καὶ
3151 3568 3490 3641 Μαρκίωνες,
3537 3566 3781 3623 Οὐαλεν-

2119 3658 2253 3711 τῖνοί
2282 3660 2339 3711 τε
2380 3678 2545 3723 τινες,
2577 3656 2665 3711 καί
2713 3655 3049 3726 Βασιλεῖδαι,
3080 3657 3170 3711 καὶ
3222 3654 3519 3732 Κέρδωνες,
3568 3659 3785 3729 Κήριν-

2119 3747 2199 3799 θοί
2245 3767 2303 3799 τε
2347 3746 2435 3799 καὶ
2488 3748 2914 3820 Καρποκράτεις,
2964 3747 3053 3799 καὶ
3104 3751 3249 3799 πᾶσα
3298 3748 3332 3813 ἡ
3361 3747 3485 3821 περὶ
3538 3744 3783 3807 ἐκείνους

2119 3834 2355 3909 φλυαρία
2382 3855 2440 3889 τε
2489 3835 2578 3888 καὶ
2631 3834 2893 3907 τερατεία,
2945 3833 3033 3888 ἐπὶ
3082 3832 3338 3888 πλεῖστον
3374 3837 3488 3907 (24)
3517 3835 3609 3888 τὸν
3665 3838 3778 3887 τῶν

2120 3921 2264 3977 ὅλων
2297 3924 2424 3977 Θεὸν
2456 3921 2731 3995 τεμόντες,
2783 3923 2873 3977 καὶ
2925 3923 3055 3997 ὑπὲρ
3102 3927 3199 3976 τοῖ’)
3248 3924 3482 3996 Ἀγαθοῦ
3529 3927 3608 3993 τῷ
3667 3931 3783 3993 Λη-

2124 4015 2370 4086 μιουργῷ
2442 4009 2899 4083 πολεμήσαντες,
2975 4009 3157 4065 ἔπειτα
3235 4010 3609 4080 κατεπόθησαν
3692 4017 3779 4083 τῷ

2121 4101 2318 4155 ἑαυτῶν
2373 4100 2521 4174 βυθῷ
2565 4100 2653 4153 καὶ
2704 4103 2771 4173 τῇ
2805 4102 3073 4175 σιγῇ
3127 4097 3536 4175 παραδοθέντες,
3586 4099 3778 4177 ὥσπερ

2120 4192 2184 4257 ἦν
2236 4188 2401 4258 ἀξιον.
2451 4193 2728 4245 Μοντανοῦ
2778 4186 2835 4243 δὲ
2876 4190 2940 4243 τὸ
2991 4190 3231 4264 πονηρὸν
3285 4193 3520 4263 πνεῦμα,
3569 4190 3663 4243 καὶ
3712 4191 3781 4245 τὸ

2121 4281 2304 4331 Morio?)
2336 4276 2549 4346 σκότος,
2596 4276 2685 4331 καὶ
2733 4279 2766 4346 ἡ
2821 4279 3063 4332 Ναυάτου
3116 4277 3405 4353 θρασύτης,
3457 4278 3491 4346 ἢ
3540 4279 3779 4355 καθαρό-

2120 4388 2243 4435 της,
2277 4362 2585 4421 Σαϐελλίου
2615 4387 2673 4421 τε
2703 4368 2736 4436 ἡ
2788 4368 2927 4437 κακὴ
2974 4366 3275 4443 συνηγορία
3321 4368 3420 4436 τῆς
3470 4369 3782 4443 μοναρχίας

2123 4457 2246 4525 εἶξε,
2276 4476 2365 4509 και
2398 4456 2775 4530 ὑπεχώρησεν,
2808 4459 2842 4526 ἡ
2890 4457 2984 4529 μὶν
3036 4456 3111 4518 εἷς
3162 4455 3458 4512 ἀντίπαλον
3487 4460 3602 4531 (26)
3657 4465 3786 4531 μοῖ-

2124 4566 2215 4619 ραν
2279 4545 2667 4619 ἀποκριθεῖσα,
2728 4547 2762 4613 ἡ
2824 4542 2881 4599 δὲ
2937 4545 3026 4601 καὶ
3084 4546 3261 4614 πάντη
3319 4548 3787 4623 περιφρονηθεῖσα

2040 4797 2086 4861 D
2118 4788 2741 4871 Yalentini'stuporem
2783 4792 2971 4871 notat,
3001 4790 3157 4871 quod
3204 4788 3387 4871 Bytia
3426 4806 3639 4871 nomen
3670 4790 3781 4871 de-

2120 4861 2302 4916 disset
2344 4860 2455 4932 illi,
2490 4878 2661 4932 quem
2708 4862 2766 4915 in
2820 4861 3055 4916 sublimi
3105 4860 3480 4917 loco’ssdere
3528 4861 3780 4932 diceret.

2119 4931 2429 5003 Gregorius
2461 4934 2661 4999 etiam,
2695 4934 2766 4988 ad
2815 4932 3050 4989 illorum
3085 4933 3326 4988 nomina
3369 4932 3570 4989 festive
3620 4931 3781 4988 allu-

2117 5004 2285 5076 dens,
2319 5004 2418 5070 ait,
2454 5004 2576 5059 haec
2606 5021 2865 5060 errorum
2913 5008 3177 5061 monstra
3207 5026 3234 5055 ‹‹
3270 5004 3559 5076 profundo
3592 5009 3649 5060 et
3682 5006 3779 5061 si-

2115 5074 2292 5129 lentio
2323 5096 2348 5124 ››
2382 5075 2598 5130 tradita
2636 5077 2835 5131 fuisse.

2187 5147 2299 5217 (26)
2331 5144 2423 5217 Εἷς
2484 5145 2798 5217 ἀντίπαλον,
2854 5150 2942 5217 etc
3025 5144 3218 5217 Schol.
3264 5162 3276 5201 :
3327 5144 3434 5211 Τὴν
3490 5139 3773 5217 Νοὸατου,

2115 5213 2311 5310 omnis,"
2354 5213 2500 5291 λέγει
2561 5213 2793 5310 ατίρεσιν,
2843 5214 3022 5290 ὥσπερ
3072 5215 3161 5269 καὶ
3210 5217 3244 5283 ἡ
3299 5221 3461 5290 πεῖρα
3508 5214 3614 5277 ἕως
3671 5223 3782 5272 τοῦ

2115 5291 2169 5310 ."
2272 5308 2281 5310 _
2316 5308 2387 5310 in,
2478 5308 2485 5310 Α
2589 5292 2617 5310 λ
2650 5291 2787 5310 ---ξιξ
2835 5289 3098 5310 L--u-_:_.
3161 5294 3222 5310 --Α
3278 5289 3477 5310 -..Ξ---
3538 5289 3741 5310 ,Ξᾲμέιῒ

2112 5285 2204 5340 νῦν
2233 5285 2486 5342 δεικνυάι·
2528 5312 2546 5337 ι
2589 5285 2788 5347 Novati
2835 5285 3125 5356 haeresim,
3161 5294 3227 5342 ut
3272 5285 3499 5361 opinor,
3534 5289 3783 5360 signiﬁ-

2113 5365 2223 5418 cat.
2248 5363 2742 5432 quemadmodum
2770 5362 2884 5416 huc
2905 5376 3094 5431 usque
3115 5360 3472 5432 experientia
3502 5362 3775 5424 probat.-

2114 5431 2604 5501 Quid'Gregorius
2635 5439 2689 5488 et
2735 5433 3087 5489 Scholiastes
3128 5431 3325 5501 velint,
3371 5431 3601 5502 liquido
3651 5450 3781 5489 non

2114 5507 2285 5572 patet.
2313 5503 2463 5557 Num
2490 5504 2839 5573 intelligunt,
2865 5503 3217 5559 contrariam
3249 5502 3307 5556 in
3334 5509 3585 5573 partem,
3610 5520 3677 5558 ac
3714 5506 3778 5562 in

2110 5573 2403 5647 mitiorem
2422 5572 2807 5647 disciplinam
2841 5579 3129 5631 mutatam
3160 5572 3341 5630 fuisse
3368 5575 3577 5647 Novati
3606 5592 3776 5634 seve-

2108 5644 2379 5700 ritatem?
2410 5644 2763 5717 Supererant
2792 5648 2947 5703 enim
2987 5652 3127 5702 tunc
3157 5646 3441 5718 temporis
3472 5651 3780 5707 Constan-
