  <div class='ocr_page' id='page_1' title='image "/cluster/home/n/w/nwhite01/storage/ocr_20150623/35/mdp.39015012934389/612.png"; bbox 0 0 4056 6274; ppageno 0'>
   <div class='ocr_carea' id='block_1_1' title="bbox 307 396 464 458">
    <p class='ocr_par' dir='ltr' id='par_1_1' title="bbox 307 396 464 458">
     <span class='ocr_line' id='line_1_1' title="bbox 307 396 464 458; baseline 0 0"><span class='ocrx_word' id='word_1_1' title='bbox 307 396 336 458; x_wconf 72' lang='grc'><strong>1</strong></span> <span class='ocrx_word' id='word_1_2' title='bbox 348 397 464 458; x_wconf 70' lang='lat'><strong>209</strong></span> 
     </span>
    </p>
   </div>
   <div class='ocr_carea' id='block_1_2' title="bbox 1093 388 2940 455">
    <p class='ocr_par' dir='ltr' id='par_1_2' title="bbox 1093 388 2940 455">
     <span class='ocr_line' id='line_1_2' title="bbox 1093 388 2940 455; baseline -0.002 -1"><span class='ocrx_word' id='word_1_3' title='bbox 1093 391 1385 454; x_wconf 82' lang='lat' dir='ltr'>ORATIO</span> <span class='ocrx_word' id='word_1_4' title='bbox 1426 390 1615 453; x_wconf 82' lang='lat' dir='ltr'>XXV.</span> <span class='ocrx_word' id='word_1_5' title='bbox 1648 420 1726 436; x_wconf 91' lang='lat'>—</span> <span class='ocrx_word' id='word_1_6' title='bbox 1753 388 1831 450; x_wconf 86' lang='lat' dir='ltr'>IN</span> <span class='ocrx_word' id='word_1_7' title='bbox 1874 388 2195 453; x_wconf 80' lang='lat' dir='ltr'><strong>LAUDEM</strong></span> <span class='ocrx_word' id='word_1_8' title='bbox 2242 389 2589 453; x_wconf 82' lang='lat' dir='ltr'>HERONIS</span> <span class='ocrx_word' id='word_1_9' title='bbox 2634 390 2940 455; x_wconf 85' lang='lat' dir='ltr'>PHILOS.</span> 
     </span>
    </p>
   </div>
   <div class='ocr_carea' id='block_1_3' title="bbox 3565 387 3724 452">
    <p class='ocr_par' dir='ltr' id='par_1_3' title="bbox 3565 387 3724 452">
     <span class='ocr_line' id='line_1_3' title="bbox 3565 387 3724 452; baseline -0.019 0"><span class='ocrx_word' id='word_1_10' title='bbox 3565 387 3724 452; x_wconf 70' lang='grc'>1210</span> 
     </span>
    </p>
   </div>
   <div class='ocr_carea' id='block_1_4' title="bbox 305 518 1946 603">
    <p class='ocr_par' dir='ltr' id='par_1_4' title="bbox 305 518 1945 603">
     <span class='ocr_line' id='line_1_4' title="bbox 305 518 1945 603; baseline -0.004 -22"><span class='ocrx_word' id='word_1_11' title='bbox 305 527 393 583; x_wconf 79' lang='grc' dir='ltr'>καὶ</span> <span class='ocrx_word' id='word_1_12' title='bbox 450 524 848 603; x_wconf 75' lang='grc' dir='ltr'>παραρῥιφεῖσα</span> <span class='ocrx_word' id='word_1_13' title='bbox 905 521 993 578; x_wconf 79' lang='grc' dir='ltr'>διὰ</span> <span class='ocrx_word' id='word_1_14' title='bbox 1047 523 1110 577; x_wconf 84' lang='grc' dir='ltr'>τὸ</span> <span class='ocrx_word' id='word_1_15' title='bbox 1168 521 1417 583; x_wconf 68' lang='grc' dir='ltr'>ἀσθενὲς·</span> <span class='ocrx_word' id='word_1_16' title='bbox 1480 518 1620 575; x_wconf 78' lang='grc' dir='ltr'>ἄλλο</span> <span class='ocrx_word' id='word_1_17' title='bbox 1679 518 1736 574; x_wconf 71' lang='grc' dir='ltr'>δὲ</span> <span class='ocrx_word' id='word_1_18' title='bbox 1794 518 1945 575; x_wconf 81' lang='grc' dir='ltr'>ούδὶν</span> 
     </span>
    </p>
   </div>
   <div class='ocr_carea' id='block_1_5' title="bbox 2062 518 3728 603">
    <p class='ocr_par' dir='ltr' id='par_1_5' title="bbox 2064 521 3728 595">
     <span class='ocr_line' id='line_1_5' title="bbox 2064 521 3728 595; baseline 0 -18"><span class='ocrx_word' id='word_1_19' title='bbox 2064 526 2287 594; x_wconf 87' lang='lat' dir='ltr'>partem</span> <span class='ocrx_word' id='word_1_20' title='bbox 2322 525 2562 589; x_wconf 88' lang='lat' dir='ltr'>secreta,</span> <span class='ocrx_word' id='word_1_21' title='bbox 2598 522 2780 579; x_wconf 89' lang='lat' dir='ltr'>altera</span> <span class='ocrx_word' id='word_1_22' title='bbox 2812 539 3055 595; x_wconf 82' lang='lat' dir='ltr'>prorsus</span> <span class='ocrx_word' id='word_1_23' title='bbox 3084 521 3263 579; x_wconf 89' lang='lat' dir='ltr'>etiam</span> <span class='ocrx_word' id='word_1_24' title='bbox 3295 521 3367 579; x_wconf 92' lang='lat' dir='ltr'>ob</span> <span class='ocrx_word' id='word_1_25' title='bbox 3399 521 3587 594; x_wconf 79' lang='lat' dir='ltr'>ipsius</span> <span class='ocrx_word' id='word_1_26' title='bbox 3618 522 3728 578; x_wconf 85' lang='lat' dir='ltr'>im-</span> 
     </span>
    </p>
   </div>
   <div class='ocr_carea' id='block_1_6' title="bbox 307 606 1959 691">
    <p class='ocr_par' dir='ltr' id='par_1_6' title="bbox 307 606 1959 691">
     <span class='ocr_line' id='line_1_6' title="bbox 307 606 1959 691; baseline -0.004 -22"><span class='ocrx_word' id='word_1_27' title='bbox 307 614 605 691; x_wconf 84' lang='grc' dir='ltr'>παρελύπει</span> <span class='ocrx_word' id='word_1_28' title='bbox 632 616 729 683; x_wconf 74' lang='grc' dir='ltr'>τήν</span> <span class='ocrx_word' id='word_1_29' title='bbox 778 610 1122 682; x_wconf 85' lang='grc' dir='ltr'>Ἐκκλησίαν.</span> <span class='ocrx_word' id='word_1_30' title='bbox 1170 612 1235 667; x_wconf 73' lang='grc' dir='ltr'><strong>Οἱ</strong></span> <span class='ocrx_word' id='word_1_31' title='bbox 1267 611 1371 685; x_wconf 72' lang='grc' dir='ltr'>γάρ</span> <span class='ocrx_word' id='word_1_32' title='bbox 1422 608 1658 684; x_wconf 81' lang='grc' dir='ltr'>διωγμοὶ</span> <span class='ocrx_word' id='word_1_33' title='bbox 1692 608 1777 663; x_wconf 85' lang='grc' dir='ltr'>καὶ</span> <span class='ocrx_word' id='word_1_34' title='bbox 1819 606 1959 681; x_wconf 86' lang='grc' dir='ltr'>λαμ-</span> 
     </span>
    </p>
   </div>
   <div class='ocr_carea' id='block_1_7' title="bbox 308 696 1956 779">
    <p class='ocr_par' dir='ltr' id='par_1_7' title="bbox 308 696 1956 779">
     <span class='ocr_line' id='line_1_7' title="bbox 308 696 1956 779; baseline -0.005 -20"><span class='ocrx_word' id='word_1_35' title='bbox 308 705 570 779; x_wconf 71' lang='grc' dir='ltr'>προτέραν</span> <span class='ocrx_word' id='word_1_36' title='bbox 603 703 768 770; x_wconf 76' lang='grc' dir='ltr'>αὐτὴν</span> <span class='ocrx_word' id='word_1_37' title='bbox 803 701 1018 758; x_wconf 78' lang='grc' dir='ltr'>ἐποίουν</span> <span class='ocrx_word' id='word_1_38' title='bbox 1062 706 1179 762; x_wconf 79' lang='grc' dir='ltr'>τοῖς</span> <span class='ocrx_word' id='word_1_39' title='bbox 1226 699 1465 755; x_wconf 89' lang='grc' dir='ltr'>πάθεσιν.</span> <span class='ocrx_word' id='word_1_40' title='bbox 1499 697 1575 756; x_wconf 77' lang='grc' dir='ltr'>Οὐ</span> <span class='ocrx_word' id='word_1_41' title='bbox 1626 696 1770 753; x_wconf 80' lang='grc' dir='ltr'>πολὺ</span> <span class='ocrx_word' id='word_1_42' title='bbox 1810 699 1871 751; x_wconf 87' lang='grc' dir='ltr'>τὸ</span> <span class='ocrx_word' id='word_1_43' title='bbox 1906 697 1956 751; x_wconf 77' lang='grc' dir='ltr'>ἐν</span> 
     </span>
    </p>
   </div>
   <div class='ocr_carea' id='block_1_8' title="bbox 313 785 1958 867">
    <p class='ocr_par' dir='ltr' id='par_1_8' title="bbox 313 785 1958 867">
     <span class='ocr_line' id='line_1_8' title="bbox 313 785 1958 867; baseline -0.005 -20"><span class='ocrx_word' id='word_1_44' title='bbox 313 793 480 865; x_wconf 71' lang='grc' dir='ltr'>μέσῳ,</span> <span class='ocrx_word' id='word_1_45' title='bbox 512 793 600 847; x_wconf 83' lang='grc' dir='ltr'>καὶ</span> <span class='ocrx_word' id='word_1_46' title='bbox 630 790 852 867; x_wconf 70' lang='grc' dir='ltr'>δευτέρα</span> <span class='ocrx_word' id='word_1_47' title='bbox 886 788 1022 860; x_wconf 83' lang='grc' dir='ltr'>ζάλη</span> <span class='ocrx_word' id='word_1_48' title='bbox 1072 791 1208 845; x_wconf 78' lang='grc' dir='ltr'>κατὰ</span> <span class='ocrx_word' id='word_1_49' title='bbox 1247 796 1345 858; x_wconf 88' lang='grc' dir='ltr'>τῆς</span> <span class='ocrx_word' id='word_1_50' title='bbox 1392 785 1717 857; x_wconf 86' lang='grc' dir='ltr'>Ἐκκλησίας</span> <span class='ocrx_word' id='word_1_51' title='bbox 1757 785 1958 862; x_wconf 78' lang='grc' dir='ltr'>ἐγείρε-</span> 
     </span>
    </p>
   </div>
   <div class='ocr_carea' id='block_1_9' title="bbox 308 870 1957 958">
    <p class='ocr_par' dir='ltr' id='par_1_9' title="bbox 308 870 1957 958">
     <span class='ocr_line' id='line_1_9' title="bbox 308 870 1957 958; baseline -0.002 -23"><span class='ocrx_word' id='word_1_52' title='bbox 308 903 418 946; x_wconf 87' lang='grc' dir='ltr'>ται,</span> <span class='ocrx_word' id='word_1_53' title='bbox 450 883 477 935; x_wconf 88' lang='grc' dir='ltr'>ὁ</span> <span class='ocrx_word' id='word_1_54' title='bbox 506 883 687 958; x_wconf 84' lang='grc' dir='ltr'>τυφὼν</span> <span class='ocrx_word' id='word_1_55' title='bbox 718 884 817 949; x_wconf 80' lang='grc' dir='ltr'>τῆς</span> <span class='ocrx_word' id='word_1_56' title='bbox 860 878 1091 944; x_wconf 77' lang='grc' dir='ltr'>ἀδικίας,</span> <span class='ocrx_word' id='word_1_57' title='bbox 1140 880 1201 934; x_wconf 90' lang='grc' dir='ltr'>τὸ</span> <span class='ocrx_word' id='word_1_58' title='bbox 1233 878 1518 951; x_wconf 87' lang='grc' dir='ltr'>πλήρωμα</span> <span class='ocrx_word' id='word_1_59' title='bbox 1560 879 1659 945; x_wconf 77' lang='grc' dir='ltr'>τῆς</span> <span class='ocrx_word' id='word_1_60' title='bbox 1691 870 1957 946; x_wconf 75' lang='grc' dir='ltr'>ἀσεϐείας,</span> 
     </span>
    </p>
   </div>
   <div class='ocr_carea' id='block_1_10' title="bbox 310 963 1959 1045">
    <p class='ocr_par' dir='ltr' id='par_1_10' title="bbox 310 963 1959 1045">
     <span class='ocr_line' id='line_1_10' title="bbox 310 963 1959 1045; baseline -0.004 -20"><span class='ocrx_word' id='word_1_61' title='bbox 310 971 337 1024; x_wconf 82' lang='grc' dir='ltr'>ὁ</span> <span class='ocrx_word' id='word_1_62' title='bbox 372 969 573 1045; x_wconf 83' lang='grc' dir='ltr'>λεγεὼν</span> <span class='ocrx_word' id='word_1_63' title='bbox 600 974 706 1023; x_wconf 84' lang='grc' dir='ltr'>τῶν</span> <span class='ocrx_word' id='word_1_64' title='bbox 756 970 1110 1042; x_wconf 80' lang='grc' dir='ltr'>πνευμάτων,</span> <span class='ocrx_word' id='word_1_65' title='bbox 1160 970 1195 1037; x_wconf 79' lang='grc' dir='ltr'>ἡ</span> <span class='ocrx_word' id='word_1_66' title='bbox 1245 966 1591 1041; x_wconf 82' lang='grc' dir='ltr'>ἀντίχριστος</span> <span class='ocrx_word' id='word_1_67' title='bbox 1639 963 1880 1039; x_wconf 77' lang='grc' dir='ltr'>γλῶσσα,</span> <span class='ocrx_word' id='word_1_68' title='bbox 1931 965 1959 1019; x_wconf 83' lang='grc' dir='ltr'>ὁ</span> 
     </span>
    </p>
   </div>
   <div class='ocr_carea' id='block_1_11' title="bbox 307 1055 1959 1131">
    <p class='ocr_par' dir='ltr' id='par_1_11' title="bbox 307 1055 1959 1131">
     <span class='ocr_line' id='line_1_11' title="bbox 307 1055 1959 1131; baseline -0.003 -19"><span class='ocrx_word' id='word_1_69' title='bbox 307 1056 518 1114; x_wconf 78' lang='grc' dir='ltr'>ἀδικίαν</span> <span class='ocrx_word' id='word_1_70' title='bbox 571 1059 645 1120; x_wconf 77' lang='grc' dir='ltr'>εἰς</span> <span class='ocrx_word' id='word_1_71' title='bbox 693 1059 755 1112; x_wconf 87' lang='grc' dir='ltr'>τὸ</span> <span class='ocrx_word' id='word_1_72' title='bbox 788 1057 922 1131; x_wconf 76' lang='grc' dir='ltr'>ὕψος</span> <span class='ocrx_word' id='word_1_73' title='bbox 974 1056 1222 1126; x_wconf 83' lang='grc' dir='ltr'>λαλήσας</span> <span class='ocrx_word' id='word_1_74' title='bbox 1274 1060 1417 1123; x_wconf 89' lang='grc' dir='ltr'>νοῦς,</span> <span class='ocrx_word' id='word_1_75' title='bbox 1462 1056 1497 1122; x_wconf 84' lang='grc' dir='ltr'>ἡ</span> <span class='ocrx_word' id='word_1_76' title='bbox 1546 1055 1827 1126; x_wconf 88' lang='grc' dir='ltr'>κατατομή</span> <span class='ocrx_word' id='word_1_77' title='bbox 1858 1060 1959 1122; x_wconf 91' lang='grc' dir='ltr'>τῆς</span> 
     </span>
    </p>
   </div>
   <div class='ocr_carea' id='block_1_12' title="bbox 308 1140 1957 1219">
    <p class='ocr_par' dir='ltr' id='par_1_12' title="bbox 308 1140 1957 1219">
     <span class='ocr_line' id='line_1_12' title="bbox 308 1140 1957 1219; baseline -0.003 -19"><span class='ocrx_word' id='word_1_78' title='bbox 308 1148 584 1217; x_wconf 70' lang='grc' dir='ltr'>θεότητος*</span> <span class='ocrx_word' id='word_1_79' title='bbox 622 1145 683 1201; x_wconf 80' lang='grc' dir='ltr'>οῦ</span> <span class='ocrx_word' id='word_1_80' title='bbox 730 1143 877 1214; x_wconf 86' lang='grc' dir='ltr'>δεινή</span> <span class='ocrx_word' id='word_1_81' title='bbox 933 1146 1026 1218; x_wconf 75' lang='grc' dir='ltr'>μὲν</span> <span class='ocrx_word' id='word_1_82' title='bbox 1059 1147 1093 1213; x_wconf 80' lang='grc' dir='ltr'><strong>ἡ</strong></span> <span class='ocrx_word' id='word_1_83' title='bbox 1127 1143 1463 1219; x_wconf 77' lang='grc' dir='ltr'>ἐγχείρησις,</span> <span class='ocrx_word' id='word_1_84' title='bbox 1516 1140 1789 1217; x_wconf 72' lang='grc' dir='ltr'>δεινοτέρα</span> <span class='ocrx_word' id='word_1_85' title='bbox 1838 1140 1894 1196; x_wconf 81' lang='grc' dir='ltr'>δὶ</span> <span class='ocrx_word' id='word_1_86' title='bbox 1922 1145 1957 1212; x_wconf 83' lang='grc' dir='ltr'>ἠ</span> 
     </span>
    </p>
   </div>
   <div class='ocr_carea' id='block_1_13' title="bbox 305 1229 1957 1306">
    <p class='ocr_par' dir='ltr' id='par_1_13' title="bbox 305 1229 1957 1306">
     <span class='ocr_line' id='line_1_13' title="bbox 305 1229 1957 1306; baseline -0.004 -16"><span class='ocrx_word' id='word_1_87' title='bbox 305 1236 557 1306; x_wconf 75' lang='grc' dir='ltr'>τελευτὴ,</span> <span class='ocrx_word' id='word_1_88' title='bbox 618 1237 706 1290; x_wconf 86' lang='grc' dir='ltr'>καὶ</span> <span class='ocrx_word' id='word_1_89' title='bbox 765 1242 867 1304; x_wconf 85' lang='grc' dir='ltr'>τῆς</span> <span class='ocrx_word' id='word_1_90' title='bbox 921 1237 1035 1305; x_wconf 83' lang='grc'>(27)</span> <span class='ocrx_word' id='word_1_91' title='bbox 1097 1230 1274 1287; x_wconf 85' lang='grc' dir='ltr'>Ἰούδα</span> <span class='ocrx_word' id='word_1_92' title='bbox 1330 1229 1625 1304; x_wconf 72' lang='grc' dir='ltr'>προδοσίας</span> <span class='ocrx_word' id='word_1_93' title='bbox 1682 1230 1837 1301; x_wconf 84' lang='grc' dir='ltr'>ἀξία,</span> <span class='ocrx_word' id='word_1_94' title='bbox 1896 1232 1957 1300; x_wconf 76' lang='grc' dir='ltr'>ἦν</span> 
     </span>
    </p>
   </div>
   <div class='ocr_carea' id='block_1_14' title="bbox 307 1320 1959 1399">
    <p class='ocr_par' dir='ltr' id='par_1_14' title="bbox 307 1320 1959 1399">
     <span class='ocr_line' id='line_1_14' title="bbox 307 1320 1959 1399; baseline -0.003 -20"><span class='ocrx_word' id='word_1_95' title='bbox 307 1325 505 1388; x_wconf 75' lang='grc' dir='ltr'>ἐκεῖνος</span> <span class='ocrx_word' id='word_1_96' title='bbox 536 1326 671 1381; x_wconf 85' lang='grc' dir='ltr'>κατᾶ</span> <span class='ocrx_word' id='word_1_97' title='bbox 699 1328 795 1379; x_wconf 87' lang='grc' dir='ltr'>τοῦ</span> <span class='ocrx_word' id='word_1_98' title='bbox 830 1330 1089 1399; x_wconf 81' lang='grc' dir='ltr'>Σωτῆρος</span> <span class='ocrx_word' id='word_1_99' title='bbox 1134 1323 1293 1395; x_wconf 77' lang='grc' dir='ltr'>ἡμῶν</span> <span class='ocrx_word' id='word_1_100' title='bbox 1346 1320 1669 1393; x_wconf 81' lang='grc' dir='ltr'>ἐτόλμησεν,</span> <span class='ocrx_word' id='word_1_101' title='bbox 1720 1326 1959 1393; x_wconf 72' lang='grc' dir='ltr'>υΑρειος,</span> 
     </span>
    </p>
   </div>
   <div class='ocr_carea' id='block_1_15' title="bbox 307 1408 1959 1487">
    <p class='ocr_par' dir='ltr' id='par_1_15' title="bbox 307 1408 1959 1487">
     <span class='ocr_line' id='line_1_15' title="bbox 307 1408 1959 1487; baseline -0.004 -18"><span class='ocrx_word' id='word_1_102' title='bbox 307 1416 334 1469; x_wconf 80' lang='grc' dir='ltr'>ὁ</span> <span class='ocrx_word' id='word_1_103' title='bbox 365 1412 548 1476; x_wconf 80' lang='grc' dir='ltr'>καλῶς</span> <span class='ocrx_word' id='word_1_104' title='bbox 587 1413 721 1487; x_wconf 86' lang='grc' dir='ltr'>μετά</span> <span class='ocrx_word' id='word_1_105' title='bbox 750 1419 848 1483; x_wconf 92' lang='grc' dir='ltr'>τῆς</span> <span class='ocrx_word' id='word_1_106' title='bbox 904 1411 1094 1485; x_wconf 89' lang='grc' dir='ltr'>μανίας</span> <span class='ocrx_word' id='word_1_107' title='bbox 1145 1410 1580 1483; x_wconf 73' lang='grc' dir='ltr'>ὀνομαζόμενος.</span> <span class='ocrx_word' id='word_1_108' title='bbox 1635 1408 1805 1470; x_wconf 76' lang='grc' dir='ltr'>Οὗτος</span> <span class='ocrx_word' id='word_1_109' title='bbox 1856 1409 1959 1463; x_wconf 87' lang='grc' dir='ltr'>ἀπὸ</span> 
     </span>
    </p>
   </div>
   <div class='ocr_carea' id='block_1_16' title="bbox 304 1494 1956 1578">
    <p class='ocr_par' dir='ltr' id='par_1_16' title="bbox 304 1494 1956 1578">
     <span class='ocr_line' id='line_1_16' title="bbox 304 1494 1956 1578; baseline -0.004 -19"><span class='ocrx_word' id='word_1_110' title='bbox 304 1511 403 1572; x_wconf 89' lang='grc' dir='ltr'>τῆς</span> <span class='ocrx_word' id='word_1_111' title='bbox 438 1500 832 1575; x_wconf 71' lang='grc' dir='ltr'>Ἀλεξανδρέων</span> <span class='ocrx_word' id='word_1_112' title='bbox 863 1500 1161 1578; x_wconf 82' lang='grc' dir='ltr'>ἀρξάμενος</span> <span class='ocrx_word' id='word_1_113' title='bbox 1211 1498 1447 1567; x_wconf 68' lang='grc' dir='ltr'>πόλεως,</span> <span class='ocrx_word' id='word_1_114' title='bbox 1479 1499 1634 1552; x_wconf 83' lang='grc' dir='ltr'>κάκεῖ</span> <span class='ocrx_word' id='word_1_115' title='bbox 1678 1499 1740 1552; x_wconf 88' lang='grc' dir='ltr'>τὸ</span> <span class='ocrx_word' id='word_1_116' title='bbox 1787 1494 1956 1553; x_wconf 87' lang='grc' dir='ltr'>δεινὸν</span> 
     </span>
    </p>
   </div>
   <div class='ocr_carea' id='block_1_17' title="bbox 307 1585 1958 1665">
    <p class='ocr_par' dir='ltr' id='par_1_17' title="bbox 307 1585 1958 1665">
     <span class='ocr_line' id='line_1_17' title="bbox 307 1585 1958 1665; baseline -0.004 -17"><span class='ocrx_word' id='word_1_117' title='bbox 307 1593 677 1665; x_wconf 67' lang='grc' dir='ltr'>ἐκμελετήσας</span> <span class='ocrx_word' id='word_1_118' title='bbox 736 1594 871 1664; x_wconf 77' lang='lat'>(28),</span> <span class='ocrx_word' id='word_1_119' title='bbox 923 1587 1127 1659; x_wconf 80' lang='grc' dir='ltr'>ἔπειτα,</span> <span class='ocrx_word' id='word_1_120' title='bbox 1190 1588 1369 1664; x_wconf 83' lang='grc' dir='ltr'>ὥσπερ</span> <span class='ocrx_word' id='word_1_121' title='bbox 1428 1608 1510 1650; x_wconf 91' lang='grc' dir='ltr'>τις</span> <span class='ocrx_word' id='word_1_122' title='bbox 1566 1586 1729 1662; x_wconf 81' lang='grc' dir='ltr'>ἀγρία</span> <span class='ocrx_word' id='word_1_123' title='bbox 1783 1585 1958 1664; x_wconf 77' lang='grc' dir='ltr'>φλὸξ,</span> 
     </span>
    </p>
   </div>
   <div class='ocr_carea' id='block_1_18' title="bbox 308 1676 1960 1756">
    <p class='ocr_par' dir='ltr' id='par_1_18' title="bbox 308 1676 1960 1756">
     <span class='ocr_line' id='line_1_18' title="bbox 308 1676 1960 1756; baseline -0.004 -19"><span class='ocrx_word' id='word_1_124' title='bbox 308 1683 411 1737; x_wconf 86' lang='grc' dir='ltr'>ἀπὸ</span> <span class='ocrx_word' id='word_1_125' title='bbox 448 1686 645 1756; x_wconf 87' lang='grc' dir='ltr'>μικροῦ</span> <span class='ocrx_word' id='word_1_126' title='bbox 692 1685 788 1735; x_wconf 88' lang='grc' dir='ltr'>τοῦ</span> <span class='ocrx_word' id='word_1_127' title='bbox 835 1682 1128 1755; x_wconf 74' lang='grc' dir='ltr'>σπινθῆρος</span> <span class='ocrx_word' id='word_1_128' title='bbox 1178 1678 1241 1732; x_wconf 88' lang='grc' dir='ltr'>τὸ</span> <span class='ocrx_word' id='word_1_129' title='bbox 1288 1676 1434 1731; x_wconf 72' lang='grc' dir='ltr'>πολὺ</span> <span class='ocrx_word' id='word_1_130' title='bbox 1483 1679 1581 1745; x_wconf 80' lang='grc' dir='ltr'>τῆς</span> <span class='ocrx_word' id='word_1_131' title='bbox 1634 1677 1960 1750; x_wconf 67' lang='grc' dir='ltr'>οἰκουμένης</span> 
     </span>
    </p>
   </div>
   <div class='ocr_carea' id='block_1_19' title="bbox 308 1764 1956 1846">
    <p class='ocr_par' dir='ltr' id='par_1_19' title="bbox 308 1764 1956 1846">
     <span class='ocr_line' id='line_1_19' title="bbox 308 1764 1956 1846; baseline -0.004 -21"><span class='ocrx_word' id='word_1_132' title='bbox 308 1768 643 1846; x_wconf 71' lang='grc' dir='ltr'>ἐπιδραμὼν,</span> <span class='ocrx_word' id='word_1_133' title='bbox 681 1770 783 1824; x_wconf 83' lang='grc' dir='ltr'>ὑπὸ</span> <span class='ocrx_word' id='word_1_134' title='bbox 812 1774 920 1824; x_wconf 82' lang='grc' dir='ltr'>τῶν</span> <span class='ocrx_word' id='word_1_135' title='bbox 970 1767 1225 1844; x_wconf 71' lang='grc' dir='ltr'>ΙΙατὲρων</span> <span class='ocrx_word' id='word_1_136' title='bbox 1277 1769 1437 1839; x_wconf 75' lang='grc' dir='ltr'>ἡμῶν</span> <span class='ocrx_word' id='word_1_137' title='bbox 1487 1764 1835 1834; x_wconf 83' lang='grc' dir='ltr'>καταλύεται,</span> <span class='ocrx_word' id='word_1_138' title='bbox 1867 1766 1956 1820; x_wconf 87' lang='grc' dir='ltr'>καὶ</span> 
     </span>
    </p>
   </div>
   <div class='ocr_carea' id='block_1_20' title="bbox 305 1849 1953 1934">
    <p class='ocr_par' dir='ltr' id='par_1_20' title="bbox 305 1849 1953 1934">
     <span class='ocr_line' id='line_1_20' title="bbox 305 1849 1953 1934; baseline -0.004 -20"><span class='ocrx_word' id='word_1_139' title='bbox 305 1864 402 1914; x_wconf 87' lang='grc' dir='ltr'>τοῦ</span> <span class='ocrx_word' id='word_1_140' title='bbox 460 1854 710 1921; x_wconf 77' lang='grc' dir='ltr'>εὐσεϐοῦς</span> <span class='ocrx_word' id='word_1_141' title='bbox 763 1859 1001 1934; x_wconf 81' lang='grc' dir='ltr'>ἀριθμοῦ</span> <span class='ocrx_word' id='word_1_142' title='bbox 1064 1862 1161 1911; x_wconf 91' lang='grc' dir='ltr'>τοῦ</span> <span class='ocrx_word' id='word_1_143' title='bbox 1215 1855 1340 1911; x_wconf 89' lang='grc' dir='ltr'>τότε</span> <span class='ocrx_word' id='word_1_144' title='bbox 1394 1849 1797 1916; x_wconf 75' lang='grc' dir='ltr'>καταλαϐόντος</span> <span class='ocrx_word' id='word_1_145' title='bbox 1855 1856 1953 1923; x_wconf 79' lang='grc' dir='ltr'>τήν</span> 
     </span>
    </p>
   </div>
   <div class='ocr_carea' id='block_1_21' title="bbox 308 1943 1950 2023">
    <p class='ocr_par' dir='ltr' id='par_1_21' title="bbox 308 1943 1950 2023">
     <span class='ocr_line' id='line_1_21' title="bbox 308 1943 1950 2023; baseline -0.004 -21"><span class='ocrx_word' id='word_1_146' title='bbox 308 1948 552 2016; x_wconf 87' lang='grc' dir='ltr'>Νίκαιαν,</span> <span class='ocrx_word' id='word_1_147' title='bbox 591 1949 680 2002; x_wconf 83' lang='grc' dir='ltr'>καὶ</span> <span class='ocrx_word' id='word_1_148' title='bbox 728 1944 855 2002; x_wconf 84' lang='grc' dir='ltr'>εἷ’σω</span> <span class='ocrx_word' id='word_1_149' title='bbox 901 1950 1285 2023; x_wconf 81' lang='grc' dir='ltr'>περιγραπτῶν</span> <span class='ocrx_word' id='word_1_150' title='bbox 1337 1944 1477 2020; x_wconf 81' lang='grc' dir='ltr'>ὅρων</span> <span class='ocrx_word' id='word_1_151' title='bbox 1526 1964 1584 1998; x_wconf 90' lang='grc' dir='ltr'>τε</span> <span class='ocrx_word' id='word_1_152' title='bbox 1629 1943 1718 1998; x_wconf 79' lang='grc' dir='ltr'>καὶ</span> <span class='ocrx_word' id='word_1_153' title='bbox 1773 1943 1950 2020; x_wconf 76' lang='grc' dir='ltr'>ῥημά-</span> 
     </span>
    </p>
   </div>
   <div class='ocr_carea' id='block_1_22' title="bbox 304 2036 1203 2111">
    <p class='ocr_par' dir='ltr' id='par_1_22' title="bbox 304 2036 1203 2111">
     <span class='ocr_line' id='line_1_22' title="bbox 304 2036 1203 2111; baseline -0.002 -20"><span class='ocrx_word' id='word_1_154' title='bbox 304 2057 410 2092; x_wconf 88' lang='grc' dir='ltr'>των</span> <span class='ocrx_word' id='word_1_155' title='bbox 444 2038 541 2106; x_wconf 73' lang='grc' dir='ltr'>τὴν</span> <span class='ocrx_word' id='word_1_156' title='bbox 574 2036 858 2111; x_wconf 73' lang='grc' dir='ltr'>θεολογίαν</span> <span class='ocrx_word' id='word_1_157' title='bbox 892 2038 1203 2105; x_wconf 76' lang='grc' dir='ltr'>στήσαντος.</span> 
     </span>
    </p>
   </div>
   <div class='ocr_carea' id='block_1_23' title="bbox 2068 611 3724 684">
    <p class='ocr_par' dir='ltr' id='par_1_23' title="bbox 2068 611 3724 684">
     <span class='ocr_line' id='line_1_23' title="bbox 2068 611 3724 684; baseline -0.002 -18"><span class='ocrx_word' id='word_1_158' title='bbox 2068 611 2444 667; x_wconf 91' lang='lat' dir='ltr'>becillitatem</span> <span class='ocrx_word' id='word_1_159' title='bbox 2478 616 2812 684; x_wconf 90' lang='lat' dir='ltr'>contempta</span> <span class='ocrx_word' id='word_1_160' title='bbox 2864 616 3037 683; x_wconf 81' lang='lat' dir='ltr'>atque</span> <span class='ocrx_word' id='word_1_161' title='bbox 3097 613 3372 684; x_wconf 77' lang='lat' dir='ltr'>projects.</span> <span class='ocrx_word' id='word_1_162' title='bbox 3420 615 3535 666; x_wconf 91' lang='lat' dir='ltr'>Nec</span> <span class='ocrx_word' id='word_1_163' title='bbox 3590 626 3724 664; x_wconf 77' lang='lat' dir='ltr'>vero</span> 
     </span>
    </p>
   </div>
   <div class='ocr_carea' id='block_1_24' title="bbox 2068 700 3721 773">
    <p class='ocr_par' dir='ltr' id='par_1_24' title="bbox 2068 700 3721 773">
     <span class='ocr_line' id='line_1_24' title="bbox 2068 700 3721 773; baseline 0 -18"><span class='ocrx_word' id='word_1_164' title='bbox 2068 701 2391 773; x_wconf 83' lang='lat' dir='ltr'>quidquam</span> <span class='ocrx_word' id='word_1_165' title='bbox 2415 700 2575 757; x_wconf 84' lang='lat' dir='ltr'>aliud</span> <span class='ocrx_word' id='word_1_166' title='bbox 2595 701 2862 757; x_wconf 70' lang='lat' dir='ltr'>Ecclesiae</span> <span class='ocrx_word' id='word_1_167' title='bbox 2885 701 3215 757; x_wconf 83' lang='lat' dir='ltr'>molestiam</span> <span class='ocrx_word' id='word_1_168' title='bbox 3234 700 3561 757; x_wconf 82' lang='lat' dir='ltr'>exhibebat.</span> <span class='ocrx_word' id='word_1_169' title='bbox 3577 701 3721 756; x_wconf 86' lang='lat' dir='ltr'>Nam</span> 
     </span>
    </p>
   </div>
   <div class='ocr_carea' id='block_1_25' title="bbox 2068 789 3723 863">
    <p class='ocr_par' dir='ltr' id='par_1_25' title="bbox 2068 789 3723 863">
     <span class='ocr_line' id='line_1_25' title="bbox 2068 789 3723 863; baseline -0.001 -17"><span class='ocrx_word' id='word_1_170' title='bbox 2068 791 2500 861; x_wconf 82' lang='lat' dir='ltr'>persecutiones</span> <span class='ocrx_word' id='word_1_171' title='bbox 2534 789 2915 846; x_wconf 79' lang='lat' dir='ltr'>illustriorem</span> <span class='ocrx_word' id='word_1_172' title='bbox 2949 807 3178 863; x_wconf 90' lang='lat' dir='ltr'>quoque</span> <span class='ocrx_word' id='word_1_173' title='bbox 3227 790 3417 863; x_wconf 88' lang='lat' dir='ltr'>ipsam</span> <span class='ocrx_word' id='word_1_174' title='bbox 3458 789 3723 861; x_wconf 90' lang='lat' dir='ltr'>splendi-</span> 
     </span>
    </p>
   </div>
   <div class='ocr_carea' id='block_1_26' title="bbox 2069 875 3723 950">
    <p class='ocr_par' dir='ltr' id='par_1_26' title="bbox 2069 875 3723 950">
     <span class='ocr_line' id='line_1_26' title="bbox 2069 875 3723 950; baseline 0.001 -19"><span class='ocrx_word' id='word_1_175' title='bbox 2069 875 2409 948; x_wconf 90' lang='lat' dir='ltr'>dioremque</span> <span class='ocrx_word' id='word_1_176' title='bbox 2456 894 2558 949; x_wconf 92' lang='lat' dir='ltr'>per</span> <span class='ocrx_word' id='word_1_177' title='bbox 2608 877 2899 950; x_wconf 89' lang='lat' dir='ltr'>supplicia</span> <span class='ocrx_word' id='word_1_178' title='bbox 2938 879 3278 949; x_wconf 82' lang='lat' dir='ltr'>reddebant.</span> <span class='ocrx_word' id='word_1_179' title='bbox 3312 878 3437 933; x_wconf 92' lang='lat' dir='ltr'>Non</span> <span class='ocrx_word' id='word_1_180' title='bbox 3469 878 3723 933; x_wconf 90' lang='lat' dir='ltr'>multum</span> 
     </span>
    </p>
   </div>
   <div class='ocr_carea' id='block_1_27' title="bbox 2069 966 3724 1038">
    <p class='ocr_par' dir='ltr' id='par_1_27' title="bbox 2069 966 3724 1038">
     <span class='ocr_line' id='line_1_27' title="bbox 2069 966 3724 1038; baseline 0.001 -17"><span class='ocrx_word' id='word_1_181' title='bbox 2069 972 2265 1021; x_wconf 84' lang='lat' dir='ltr'>autem</span> <span class='ocrx_word' id='word_1_182' title='bbox 2295 969 2577 1037; x_wconf 88' lang='lat' dir='ltr'>temporis</span> <span class='ocrx_word' id='word_1_183' title='bbox 2608 966 2957 1036; x_wconf 78' lang='lat' dir='ltr'>intercessit,</span> <span class='ocrx_word' id='word_1_184' title='bbox 2989 983 3125 1022; x_wconf 89' lang='lat' dir='ltr'>cum</span> <span class='ocrx_word' id='word_1_185' title='bbox 3176 967 3358 1022; x_wconf 88' lang='lat' dir='ltr'>altera</span> <span class='ocrx_word' id='word_1_186' title='bbox 3405 971 3724 1038; x_wconf 83' lang='lat' dir='ltr'>tempestas</span> 
     </span>
    </p>
   </div>
   <div class='ocr_carea' id='block_1_28' title="bbox 2069 1055 3724 1125">
    <p class='ocr_par' dir='ltr' id='par_1_28' title="bbox 2069 1055 3724 1125">
     <span class='ocr_line' id='line_1_28' title="bbox 2069 1055 3724 1125; baseline 0.001 -16"><span class='ocrx_word' id='word_1_187' title='bbox 2069 1056 2350 1110; x_wconf 90' lang='lat' dir='ltr'>adversus</span> <span class='ocrx_word' id='word_1_188' title='bbox 2382 1055 2698 1111; x_wconf 86' lang='lat' dir='ltr'>Ecclesiam</span> <span class='ocrx_word' id='word_1_189' title='bbox 2731 1056 3038 1123; x_wconf 84' lang='lat' dir='ltr'>excitatur,</span> <span class='ocrx_word' id='word_1_190' title='bbox 3062 1057 3119 1110; x_wconf 91' lang='lat' dir='ltr'>id</span> <span class='ocrx_word' id='word_1_191' title='bbox 3152 1062 3260 1122; x_wconf 90' lang='lat' dir='ltr'>est,</span> <span class='ocrx_word' id='word_1_192' title='bbox 3295 1055 3393 1112; x_wconf 91' lang='lat' dir='ltr'>ille</span> <span class='ocrx_word' id='word_1_193' title='bbox 3424 1056 3724 1125; x_wconf 70' lang='lat' dir='ltr'>injustitiaa</span> 
     </span>
    </p>
   </div>
   <div class='ocr_carea' id='block_1_29' title="bbox 2071 1143 3724 1215">
    <p class='ocr_par' dir='ltr' id='par_1_29' title="bbox 2071 1143 3724 1215">
     <span class='ocr_line' id='line_1_29' title="bbox 2071 1143 3724 1215; baseline 0.002 -19"><span class='ocrx_word' id='word_1_194' title='bbox 2071 1143 2261 1209; x_wconf 90' lang='lat' dir='ltr'>turbo,</span> <span class='ocrx_word' id='word_1_195' title='bbox 2302 1143 2447 1198; x_wconf 93' lang='lat' dir='ltr'>illud</span> <span class='ocrx_word' id='word_1_196' title='bbox 2497 1143 2816 1215; x_wconf 82' lang='lat' dir='ltr'>impietatis</span> <span class='ocrx_word' id='word_1_197' title='bbox 2866 1143 3384 1215; x_wconf 88' lang='lat' dir='ltr'>complementum,</span> <span class='ocrx_word' id='word_1_198' title='bbox 3418 1144 3519 1199; x_wconf 93' lang='lat' dir='ltr'>illa</span> <span class='ocrx_word' id='word_1_199' title='bbox 3550 1145 3724 1215; x_wconf 89' lang='lat' dir='ltr'>spiri-</span> 
     </span>
    </p>
   </div>
   <div class='ocr_carea' id='block_1_30' title="bbox 2068 1231 3727 1305">
    <p class='ocr_par' dir='ltr' id='par_1_30' title="bbox 2068 1231 3727 1305">
     <span class='ocr_line' id='line_1_30' title="bbox 2068 1231 3727 1305; baseline 0.002 -20"><span class='ocrx_word' id='word_1_200' title='bbox 2068 1235 2238 1286; x_wconf 90' lang='lat' dir='ltr'>tuum</span> <span class='ocrx_word' id='word_1_201' title='bbox 2270 1231 2420 1303; x_wconf 87' lang='lat' dir='ltr'>legio</span> <span class='ocrx_word' id='word_1_202' title='bbox 2450 1232 2516 1299; x_wconf 75' lang='lat'>‘7,</span> <span class='ocrx_word' id='word_1_203' title='bbox 2570 1232 2673 1287; x_wconf 90' lang='lat' dir='ltr'>illa</span> <span class='ocrx_word' id='word_1_204' title='bbox 2718 1233 2933 1290; x_wconf 88' lang='lat' dir='ltr'>Christi</span> <span class='ocrx_word' id='word_1_205' title='bbox 2991 1233 3323 1289; x_wconf 89' lang='lat' dir='ltr'>adversaria</span> <span class='ocrx_word' id='word_1_206' title='bbox 3371 1232 3592 1305; x_wconf 82' lang='lat' dir='ltr'>lingua,</span> <span class='ocrx_word' id='word_1_207' title='bbox 3626 1233 3727 1289; x_wconf 91' lang='lat' dir='ltr'>illa</span> 
     </span>
    </p>
   </div>
   <div class='ocr_carea' id='block_1_31' title="bbox 2068 1319 3720 1392">
    <p class='ocr_par' dir='ltr' id='par_1_31' title="bbox 2068 1319 3720 1392">
     <span class='ocr_line' id='line_1_31' title="bbox 2068 1319 3720 1392; baseline 0.002 -17"><span class='ocrx_word' id='word_1_208' title='bbox 2068 1319 2437 1392; x_wconf 85' lang='lat' dir='ltr'>iniquitatem</span> <span class='ocrx_word' id='word_1_209' title='bbox 2469 1321 2527 1375; x_wconf 90' lang='lat' dir='ltr'>in</span> <span class='ocrx_word' id='word_1_210' title='bbox 2552 1321 2843 1377; x_wconf 83' lang='lat' dir='ltr'>excelsum</span> <span class='ocrx_word' id='word_1_211' title='bbox 2879 1321 3072 1377; x_wconf 90' lang='lat' dir='ltr'>locuta</span> <span class='ocrx_word' id='word_1_212' title='bbox 3103 1338 3269 1377; x_wconf 89' lang='lat' dir='ltr'>mens</span> <span class='ocrx_word' id='word_1_213' title='bbox 3294 1324 3359 1389; x_wconf 67' lang='grc'>⁸⁸,</span> <span class='ocrx_word' id='word_1_214' title='bbox 3384 1322 3480 1377; x_wconf 93' lang='lat' dir='ltr'>ille</span> <span class='ocrx_word' id='word_1_215' title='bbox 3510 1322 3720 1378; x_wconf 85' lang='lat' dir='ltr'>divini-</span> 
     </span>
    </p>
   </div>
   <div class='ocr_carea' id='block_1_32' title="bbox 2069 1410 3719 1484">
    <p class='ocr_par' dir='ltr' id='par_1_32' title="bbox 2069 1410 3719 1484">
     <span class='ocr_line' id='line_1_32' title="bbox 2069 1410 3719 1484; baseline 0.002 -19"><span class='ocrx_word' id='word_1_216' title='bbox 2069 1410 2207 1465; x_wconf 84' lang='lat' dir='ltr'>tatis</span> <span class='ocrx_word' id='word_1_217' title='bbox 2237 1414 2445 1481; x_wconf 87' lang='lat' dir='ltr'>sector,</span> <span class='ocrx_word' id='word_1_218' title='bbox 2479 1412 2649 1482; x_wconf 88' lang='lat' dir='ltr'>cujus</span> <span class='ocrx_word' id='word_1_219' title='bbox 2679 1411 2873 1483; x_wconf 88' lang='lat' dir='ltr'>gravis</span> <span class='ocrx_word' id='word_1_220' title='bbox 2904 1411 3140 1484; x_wconf 88' lang='lat' dir='ltr'>quidem</span> <span class='ocrx_word' id='word_1_221' title='bbox 3173 1416 3229 1467; x_wconf 92' lang='lat' dir='ltr'>et</span> <span class='ocrx_word' id='word_1_222' title='bbox 3258 1411 3589 1467; x_wconf 87' lang='lat' dir='ltr'>horrendus</span> <span class='ocrx_word' id='word_1_223' title='bbox 3620 1429 3719 1469; x_wconf 88' lang='lat' dir='ltr'>co-</span> 
     </span>
    </p>
   </div>
   <div class='ocr_carea' id='block_1_33' title="bbox 2068 1499 3726 1572">
    <p class='ocr_par' dir='ltr' id='par_1_33' title="bbox 2068 1499 3726 1572">
     <span class='ocr_line' id='line_1_33' title="bbox 2068 1499 3726 1572; baseline 0.002 -18"><span class='ocrx_word' id='word_1_224' title='bbox 2068 1503 2263 1567; x_wconf 88' lang='lat' dir='ltr'>natus,</span> <span class='ocrx_word' id='word_1_225' title='bbox 2295 1499 2523 1571; x_wconf 84' lang='lat' dir='ltr'>gravior</span> <span class='ocrx_word' id='word_1_226' title='bbox 2553 1504 2747 1556; x_wconf 89' lang='lat' dir='ltr'>autem</span> <span class='ocrx_word' id='word_1_227' title='bbox 2800 1501 3109 1572; x_wconf 79' lang='lat' dir='ltr'>magisque</span> <span class='ocrx_word' id='word_1_228' title='bbox 3139 1500 3429 1557; x_wconf 90' lang='lat' dir='ltr'>horrenda</span> <span class='ocrx_word' id='word_1_229' title='bbox 3460 1516 3637 1568; x_wconf 89' lang='lat' dir='ltr'>mors,</span> <span class='ocrx_word' id='word_1_230' title='bbox 3669 1505 3726 1557; x_wconf 89' lang='lat' dir='ltr'>et</span> 
     </span>
    </p>
   </div>
   <div class='ocr_carea' id='block_1_34' title="bbox 2067 1588 3723 1662">
    <p class='ocr_par' dir='ltr' id='par_1_34' title="bbox 2067 1588 3723 1662">
     <span class='ocr_line' id='line_1_34' title="bbox 2067 1588 3723 1662; baseline 0 -17"><span class='ocrx_word' id='word_1_231' title='bbox 2067 1588 2231 1645; x_wconf 81' lang='lat' dir='ltr'>Judae</span> <span class='ocrx_word' id='word_1_232' title='bbox 2264 1589 2591 1660; x_wconf 83' lang='lat' dir='ltr'>proditione</span> <span class='ocrx_word' id='word_1_233' title='bbox 2621 1588 2818 1662; x_wconf 84' lang='lat' dir='ltr'>digna,</span> <span class='ocrx_word' id='word_1_234' title='bbox 2854 1606 3031 1661; x_wconf 90' lang='lat' dir='ltr'>quam</span> <span class='ocrx_word' id='word_1_235' title='bbox 3065 1588 3163 1645; x_wconf 93' lang='lat' dir='ltr'>ille</span> <span class='ocrx_word' id='word_1_236' title='bbox 3202 1591 3482 1646; x_wconf 89' lang='lat' dir='ltr'>adversus</span> <span class='ocrx_word' id='word_1_237' title='bbox 3513 1593 3723 1647; x_wconf 68' lang='lat' dir='ltr'>nostris</span> 
     </span>
    </p>
   </div>
   <div class='ocr_carea' id='block_1_35' title="bbox 2068 1677 3719 1751">
    <p class='ocr_par' dir='ltr' id='par_1_35' title="bbox 2068 1677 3719 1751">
     <span class='ocr_line' id='line_1_35' title="bbox 2068 1677 3719 1751; baseline 0.001 -18"><span class='ocrx_word' id='word_1_238' title='bbox 2068 1677 2278 1733; x_wconf 86' lang='lat' dir='ltr'>salutis</span> <span class='ocrx_word' id='word_1_239' title='bbox 2309 1682 2606 1734; x_wconf 87' lang='lat' dir='ltr'>auctorem</span> <span class='ocrx_word' id='word_1_240' title='bbox 2638 1678 2831 1735; x_wconf 87' lang='lat' dir='ltr'>moliri</span> <span class='ocrx_word' id='word_1_241' title='bbox 2862 1696 2928 1735; x_wconf 89' lang='lat' dir='ltr'>ac</span> <span class='ocrx_word' id='word_1_242' title='bbox 2975 1684 3310 1751; x_wconf 89' lang='lat' dir='ltr'>perpetrare</span> <span class='ocrx_word' id='word_1_243' title='bbox 3340 1696 3455 1735; x_wconf 92' lang='lat' dir='ltr'>non</span> <span class='ocrx_word' id='word_1_244' title='bbox 3488 1679 3719 1735; x_wconf 89' lang='lat' dir='ltr'>dubita-</span> 
     </span>
    </p>
   </div>
   <div class='ocr_carea' id='block_1_36' title="bbox 2065 1767 3720 1839">
    <p class='ocr_par' dir='ltr' id='par_1_36' title="bbox 2065 1767 3720 1839">
     <span class='ocr_line' id='line_1_36' title="bbox 2065 1767 3720 1839; baseline 0.001 -18"><span class='ocrx_word' id='word_1_245' title='bbox 2065 1768 2169 1834; x_wconf 86' lang='lat' dir='ltr'>vit,</span> <span class='ocrx_word' id='word_1_246' title='bbox 2189 1767 2384 1833; x_wconf 80' lang='lat' dir='ltr'>Arius,</span> <span class='ocrx_word' id='word_1_247' title='bbox 2410 1768 2671 1839; x_wconf 90' lang='lat' dir='ltr'>inquam,</span> <span class='ocrx_word' id='word_1_248' title='bbox 2700 1786 2733 1823; x_wconf 91' lang='lat' dir='ltr'>a</span> <span class='ocrx_word' id='word_1_249' title='bbox 2755 1769 2948 1824; x_wconf 83' lang='lat' dir='ltr'>furore</span> <span class='ocrx_word' id='word_1_250' title='bbox 2969 1767 3209 1839; x_wconf 88' lang='lat' dir='ltr'>pulchre</span> <span class='ocrx_word' id='word_1_251' title='bbox 3230 1784 3443 1824; x_wconf 88' lang='lat' dir='ltr'>nomen</span> <span class='ocrx_word' id='word_1_252' title='bbox 3476 1769 3720 1825; x_wconf 87' lang='lat' dir='ltr'>habens.</span> 
     </span>
    </p>
   </div>
   <div class='ocr_carea' id='block_1_37' title="bbox 2068 1856 3725 1926">
    <p class='ocr_par' dir='ltr' id='par_1_37' title="bbox 2068 1856 3725 1926">
     <span class='ocr_line' id='line_1_37' title="bbox 2068 1856 3725 1926; baseline 0 -15"><span class='ocrx_word' id='word_1_253' title='bbox 2068 1856 2171 1911; x_wconf 83' lang='lat' dir='ltr'>Hic</span> <span class='ocrx_word' id='word_1_254' title='bbox 2200 1872 2332 1911; x_wconf 90' lang='lat' dir='ltr'>cum</span> <span class='ocrx_word' id='word_1_255' title='bbox 2374 1858 2445 1912; x_wconf 92' lang='lat' dir='ltr'>ab</span> <span class='ocrx_word' id='word_1_256' title='bbox 2480 1856 2865 1913; x_wconf 81' lang='lat' dir='ltr'>Alexandrina</span> <span class='ocrx_word' id='word_1_257' title='bbox 2895 1857 3133 1913; x_wconf 86' lang='lat' dir='ltr'>civitate</span> <span class='ocrx_word' id='word_1_258' title='bbox 3167 1858 3403 1912; x_wconf 88' lang='lat' dir='ltr'>initium</span> <span class='ocrx_word' id='word_1_259' title='bbox 3439 1858 3725 1926; x_wconf 84' lang='lat' dir='ltr'>duxisset,</span> 
     </span>
    </p>
   </div>
   <div class='ocr_carea' id='block_1_38' title="bbox 2062 1943 3727 2017">
    <p class='ocr_par' dir='ltr' id='par_1_38' title="bbox 2062 1943 3727 2017">
     <span class='ocr_line' id='line_1_38' title="bbox 2062 1943 3727 2017; baseline 0.001 -19"><span class='ocrx_word' id='word_1_260' title='bbox 2062 1943 2292 2015; x_wconf 91' lang='lat' dir='ltr'>illicque</span> <span class='ocrx_word' id='word_1_261' title='bbox 2341 1946 2677 2014; x_wconf 81' lang='lat' dir='ltr'>pestiferum</span> <span class='ocrx_word' id='word_1_262' title='bbox 2726 1946 2940 2017; x_wconf 90' lang='lat' dir='ltr'>dogma</span> <span class='ocrx_word' id='word_1_263' title='bbox 2995 1945 3052 2000; x_wconf 91' lang='lat' dir='ltr'>in</span> <span class='ocrx_word' id='word_1_264' title='bbox 3122 1962 3184 2000; x_wconf 93' lang='lat' dir='ltr'>se</span> <span class='ocrx_word' id='word_1_265' title='bbox 3241 1947 3620 2017; x_wconf 77' lang='lat' dir='ltr'>concepisset,</span> <span class='ocrx_word' id='word_1_266' title='bbox 3660 1962 3727 2000; x_wconf 90' lang='lat' dir='ltr'>ac</span> 
     </span>
    </p>
   </div>
   <div class='ocr_carea' id='block_1_39' title="bbox 2062 2032 3723 2105">
    <p class='ocr_par' dir='ltr' id='par_1_39' title="bbox 2062 2032 3723 2105">
     <span class='ocr_line' id='line_1_39' title="bbox 2062 2032 3723 2105; baseline 0.001 -18"><span class='ocrx_word' id='word_1_267' title='bbox 2062 2032 2292 2103; x_wconf 87' lang='lat' dir='ltr'>deinde,</span> <span class='ocrx_word' id='word_1_268' title='bbox 2322 2034 2573 2088; x_wconf 89' lang='lat' dir='ltr'>immitis</span> <span class='ocrx_word' id='word_1_269' title='bbox 2598 2034 2907 2102; x_wconf 83' lang='lat' dir='ltr'>cujusdam</span> <span class='ocrx_word' id='word_1_270' title='bbox 2930 2038 2987 2088; x_wconf 92' lang='lat' dir='ltr'>et</span> <span class='ocrx_word' id='word_1_271' title='bbox 3007 2033 3224 2105; x_wconf 65' lang='lat' dir='ltr'>rapidae</span> <span class='ocrx_word' id='word_1_272' title='bbox 3246 2033 3496 2088; x_wconf 73' lang='lat' dir='ltr'>ﬂammae</span> <span class='ocrx_word' id='word_1_273' title='bbox 3515 2033 3723 2100; x_wconf 88' lang='lat' dir='ltr'>instar,</span> 
     </span>
    </p>
   </div>
   <div class='ocr_carea' id='block_1_40' title="bbox 305 2122 3720 2201">
    <p class='ocr_par' dir='ltr' id='par_1_40' title="bbox 305 2122 3720 2201">
     <span class='ocr_line' id='line_1_40' title="bbox 305 2122 3720 2201; baseline -0.002 -18"><span class='ocrx_word' id='word_1_274' title='bbox 305 2129 377 2183; x_wconf 90' lang='lat' dir='ltr'>ab</span> <span class='ocrx_word' id='word_1_275' title='bbox 408 2129 617 2201; x_wconf 74' lang='lat' dir='ltr'>exigua</span> <span class='ocrx_word' id='word_1_276' title='bbox 648 2126 905 2182; x_wconf 88' lang='lat' dir='ltr'>scintilla</span> <span class='ocrx_word' id='word_1_277' title='bbox 936 2141 1211 2197; x_wconf 88' lang='lat' dir='ltr'>magnam</span> <span class='ocrx_word' id='word_1_278' title='bbox 1245 2123 1403 2180; x_wconf 88' lang='lat' dir='ltr'>orbis</span> <span class='ocrx_word' id='word_1_279' title='bbox 1432 2127 1720 2179; x_wconf 88' lang='lat' dir='ltr'>terrarum</span> <span class='ocrx_word' id='word_1_280' title='bbox 1753 2126 1979 2195; x_wconf 89' lang='lat' dir='ltr'>partem</span> <span class='ocrx_word' id='word_1_281' title='bbox 2011 2122 2418 2193; x_wconf 87' lang='lat' dir='ltr'>percurrisset,</span> <span class='ocrx_word' id='word_1_282' title='bbox 2448 2123 2685 2177; x_wconf 88' lang='lat' dir='ltr'>tandem</span> <span class='ocrx_word' id='word_1_283' title='bbox 2730 2139 2763 2177; x_wconf 77' lang='grc' dir='ltr'>ι</span> <span class='ocrx_word' id='word_1_284' title='bbox 2810 2122 3082 2177; x_wconf 83' lang='lat' dir='ltr'>Patribus</span> <span class='ocrx_word' id='word_1_285' title='bbox 3112 2122 3348 2193; x_wconf 85' lang='lat' dir='ltr'>nostris,</span> <span class='ocrx_word' id='word_1_286' title='bbox 3380 2123 3592 2194; x_wconf 91' lang='lat' dir='ltr'>pioque</span> <span class='ocrx_word' id='word_1_287' title='bbox 3621 2122 3720 2177; x_wconf 92' lang='lat' dir='ltr'>illo</span> 
     </span>
    </p>
   </div>
   <div class='ocr_carea' id='block_1_41' title="bbox 306 2211 3718 2288">
    <p class='ocr_par' dir='ltr' id='par_1_41' title="bbox 306 2211 3718 2288">
     <span class='ocr_line' id='line_1_41' title="bbox 306 2211 3718 2288; baseline -0.002 -15"><span class='ocrx_word' id='word_1_288' title='bbox 306 2234 572 2283; x_wconf 90' lang='lat' dir='ltr'>numero,</span> <span class='ocrx_word' id='word_1_289' title='bbox 607 2216 703 2288; x_wconf 90' lang='lat' dir='ltr'>qui</span> <span class='ocrx_word' id='word_1_290' title='bbox 755 2220 880 2271; x_wconf 90' lang='lat' dir='ltr'>tum</span> <span class='ocrx_word' id='word_1_291' title='bbox 925 2215 1177 2270; x_wconf 73' lang='lat' dir='ltr'>Nicaeam</span> <span class='ocrx_word' id='word_1_292' title='bbox 1228 2230 1289 2269; x_wconf 88' lang='lat' dir='ltr'>se</span> <span class='ocrx_word' id='word_1_293' title='bbox 1336 2212 1602 2281; x_wconf 89' lang='lat' dir='ltr'>contulit,</span> <span class='ocrx_word' id='word_1_294' title='bbox 1637 2212 1927 2284; x_wconf 90' lang='lat' dir='ltr'>certisque</span> <span class='ocrx_word' id='word_1_295' title='bbox 1959 2211 2173 2269; x_wconf 81' lang='lat' dir='ltr'>ﬁnibus</span> <span class='ocrx_word' id='word_1_296' title='bbox 2207 2228 2273 2267; x_wconf 90' lang='lat' dir='ltr'>ac</span> <span class='ocrx_word' id='word_1_297' title='bbox 2302 2211 2495 2267; x_wconf 90' lang='lat' dir='ltr'>verbis</span> <span class='ocrx_word' id='word_1_298' title='bbox 2525 2211 2850 2267; x_wconf 88' lang='lat' dir='ltr'>divinitatis</span> <span class='ocrx_word' id='word_1_299' title='bbox 2881 2211 3204 2267; x_wconf 89' lang='lat' dir='ltr'>doctrinam</span> <span class='ocrx_word' id='word_1_300' title='bbox 3236 2211 3718 2284; x_wconf 88' lang='lat' dir='ltr'>circumscripsit,</span> 
     </span>
    </p>
   </div>
   <div class='ocr_carea' id='block_1_42' title="bbox 302 2305 1170 2378">
    <p class='ocr_par' dir='ltr' id='par_1_42' title="bbox 302 2305 1170 2378">
     <span class='ocr_line' id='line_1_42' title="bbox 302 2305 1170 2378; baseline -0.006 -16"><span class='ocrx_word' id='word_1_301' title='bbox 302 2322 620 2378; x_wconf 74' lang='lat' dir='ltr'>oppressus</span> <span class='ocrx_word' id='word_1_302' title='bbox 649 2309 708 2361; x_wconf 91' lang='lat' dir='ltr'>et</span> <span class='ocrx_word' id='word_1_303' title='bbox 737 2305 1031 2361; x_wconf 77' lang='lat' dir='ltr'>extinctus</span> <span class='ocrx_word' id='word_1_304' title='bbox 1063 2308 1170 2360; x_wconf 89' lang='lat' dir='ltr'>est.</span> 
     </span>
    </p>
   </div>
   <div class='ocr_carea' id='block_1_43' title="bbox 371 2387 1948 2467">
    <p class='ocr_par' dir='ltr' id='par_1_43' title="bbox 371 2387 1948 2467">
     <span class='ocr_line' id='line_1_43' title="bbox 371 2387 1948 2467; baseline -0.003 -18"><span class='ocrx_word' id='word_1_305' title='bbox 371 2400 442 2449; x_wconf 78' lang='lat'>8’.</span> <span class='ocrx_word' id='word_1_306' title='bbox 477 2391 646 2447; x_wconf 79' lang='grc' dir='ltr'>Πάλιν</span> <span class='ocrx_word' id='word_1_307' title='bbox 675 2392 886 2467; x_wconf 82' lang='grc' dir='ltr'>πονηρὰ</span> <span class='ocrx_word' id='word_1_308' title='bbox 917 2388 1165 2467; x_wconf 89' lang='grc' dir='ltr'>βασιλεία</span> <span class='ocrx_word' id='word_1_309' title='bbox 1184 2391 1323 2464; x_wconf 84' lang='grc'>(29),</span> <span class='ocrx_word' id='word_1_310' title='bbox 1344 2388 1433 2445; x_wconf 84' lang='grc' dir='ltr'>καὶ</span> <span class='ocrx_word' id='word_1_311' title='bbox 1457 2388 1619 2445; x_wconf 87' lang='grc' dir='ltr'>πάλιν</span> <span class='ocrx_word' id='word_1_312' title='bbox 1646 2387 1811 2462; x_wconf 73' lang='grc' dir='ltr'>ἀναζῇ</span> <span class='ocrx_word' id='word_1_313' title='bbox 1834 2390 1948 2462; x_wconf 91' lang='grc'>(30)</span> 
     </span>
    </p>
   </div>
   <div class='ocr_carea' id='block_1_44' title="bbox 297 2476 1946 2553">
    <p class='ocr_par' dir='ltr' id='par_1_44' title="bbox 297 2476 1946 2553">
     <span class='ocr_line' id='line_1_44' title="bbox 297 2476 1946 2553; baseline -0.002 -18"><span class='ocrx_word' id='word_1_314' title='bbox 297 2480 359 2534; x_wconf 87' lang='grc' dir='ltr'>τὸ</span> <span class='ocrx_word' id='word_1_315' title='bbox 405 2481 569 2535; x_wconf 88' lang='grc' dir='ltr'>κακὸν</span> <span class='ocrx_word' id='word_1_316' title='bbox 604 2527 618 2552; x_wconf 89' lang='grc'>,</span> <span class='ocrx_word' id='word_1_317' title='bbox 677 2481 769 2535; x_wconf 81' lang='grc' dir='ltr'>καὶ</span> <span class='ocrx_word' id='word_1_318' title='bbox 830 2478 1010 2553; x_wconf 81' lang='grc' dir='ltr'>ὥσπερ</span> <span class='ocrx_word' id='word_1_319' title='bbox 1065 2480 1134 2534; x_wconf 80' lang='grc' dir='ltr'>τὰ</span> <span class='ocrx_word' id='word_1_320' title='bbox 1188 2478 1403 2534; x_wconf 82' lang='grc' dir='ltr'>ὕπουλα</span> <span class='ocrx_word' id='word_1_321' title='bbox 1456 2483 1563 2533; x_wconf 81' lang='grc' dir='ltr'>τῶν</span> <span class='ocrx_word' id='word_1_322' title='bbox 1620 2476 1946 2553; x_wconf 79' lang='grc' dir='ltr'>τραυμάτων</span> 
     </span>
    </p>
   </div>
   <div class='ocr_carea' id='block_1_45' title="bbox 298 2567 1949 2644">
    <p class='ocr_par' dir='ltr' id='par_1_45' title="bbox 298 2567 1949 2644">
     <span class='ocr_line' id='line_1_45' title="bbox 298 2567 1949 2644; baseline -0.002 -21"><span class='ocrx_word' id='word_1_323' title='bbox 298 2569 693 2642; x_wconf 84' lang='grc' dir='ltr'>ἀναστομοῦται</span> <span class='ocrx_word' id='word_1_324' title='bbox 768 2570 858 2624; x_wconf 85' lang='grc' dir='ltr'>καὶ</span> <span class='ocrx_word' id='word_1_325' title='bbox 936 2568 1331 2644; x_wconf 64' lang='grc' dir='ltr'>ἀναρρήγνυται</span> <span class='ocrx_word' id='word_1_326' title='bbox 1375 2611 1387 2624; x_wconf 94' lang='grc'><strong>.</strong></span> <span class='ocrx_word' id='word_1_327' title='bbox 1440 2567 1536 2622; x_wconf 81' lang='grc' dir='ltr'>Καὶ</span> <span class='ocrx_word' id='word_1_328' title='bbox 1615 2567 1771 2623; x_wconf 86' lang='grc' dir='ltr'>λύκοι</span> <span class='ocrx_word' id='word_1_329' title='bbox 1854 2568 1949 2640; x_wconf 84' lang='grc' dir='ltr'>βα-</span> 
     </span>
    </p>
   </div>
   <div class='ocr_carea' id='block_1_46' title="bbox 300 2652 1948 2733">
    <p class='ocr_par' dir='ltr' id='par_1_46' title="bbox 300 2652 1948 2733">
     <span class='ocr_line' id='line_1_46' title="bbox 300 2652 1948 2733; baseline -0.001 -22"><span class='ocrx_word' id='word_1_330' title='bbox 300 2664 433 2733; x_wconf 88' lang='grc' dir='ltr'>ρεῖς,</span> <span class='ocrx_word' id='word_1_331' title='bbox 489 2657 659 2720; x_wconf 78' lang='grc' dir='ltr'>ἄλλος</span> <span class='ocrx_word' id='word_1_332' title='bbox 710 2655 942 2722; x_wconf 76' lang='grc' dir='ltr'>ἄλλοθεν</span> <span class='ocrx_word' id='word_1_333' title='bbox 993 2652 1341 2712; x_wconf 73' lang='grc' dir='ltr'>διαλαϐόντες</span> <span class='ocrx_word' id='word_1_334' title='bbox 1380 2658 1552 2729; x_wconf 78' lang='grc' dir='ltr'>ἡμᾶς,</span> <span class='ocrx_word' id='word_1_335' title='bbox 1585 2656 1684 2722; x_wconf 76' lang='grc' dir='ltr'>τὴν</span> <span class='ocrx_word' id='word_1_336' title='bbox 1718 2654 1948 2723; x_wconf 88' lang='grc' dir='ltr'>Ἐκκλη-</span> 
     </span>
    </p>
   </div>
   <div class='ocr_carea' id='block_1_47' title="bbox 298 2741 1947 2823">
    <p class='ocr_par' dir='ltr' id='par_1_47' title="bbox 298 2741 1947 2823">
     <span class='ocr_line' id='line_1_47' title="bbox 298 2741 1947 2823; baseline -0.002 -23"><span class='ocrx_word' id='word_1_337' title='bbox 298 2747 411 2801; x_wconf 88' lang='grc' dir='ltr'>σίαν</span> <span class='ocrx_word' id='word_1_338' title='bbox 468 2748 858 2820; x_wconf 81' lang='grc' dir='ltr'>σπαράττουσιν</span> <span class='ocrx_word' id='word_1_339' title='bbox 887 2792 899 2804; x_wconf 92' lang='grc'><em>.</em></span> <span class='ocrx_word' id='word_1_340' title='bbox 956 2749 1139 2823; x_wconf 82' lang='grc' dir='ltr'>Ἰερεῖς</span> <span class='ocrx_word' id='word_1_341' title='bbox 1180 2766 1239 2799; x_wconf 88' lang='grc' dir='ltr'>τε</span> <span class='ocrx_word' id='word_1_342' title='bbox 1284 2747 1421 2799; x_wconf 82' lang='grc' dir='ltr'>κατὰ</span> <span class='ocrx_word' id='word_1_343' title='bbox 1470 2744 1653 2819; x_wconf 76' lang='grc' dir='ltr'>ἱερεων</span> <span class='ocrx_word' id='word_1_344' title='bbox 1710 2741 1897 2813; x_wconf 79' lang='grc' dir='ltr'>ἐξοπλι</span> <span class='ocrx_word' id='word_1_345' title='bbox 1926 2775 1947 2784; x_wconf 95' lang='grc'><strong><em>-</em></strong></span> 
     </span>
    </p>
   </div>
   <div class='ocr_carea' id='block_1_48' title="bbox 300 2832 1949 2908">
    <p class='ocr_par' dir='ltr' id='par_1_48' title="bbox 300 2832 1949 2908">
     <span class='ocr_line' id='line_1_48' title="bbox 300 2832 1949 2908; baseline -0.002 -19"><span class='ocrx_word' id='word_1_346' title='bbox 300 2834 531 2904; x_wconf 75' lang='grc' dir='ltr'>σθέντες,</span> <span class='ocrx_word' id='word_1_347' title='bbox 585 2837 673 2891; x_wconf 78' lang='grc' dir='ltr'>καὶ</span> <span class='ocrx_word' id='word_1_348' title='bbox 733 2834 901 2908; x_wconf 81' lang='grc' dir='ltr'>δῆμοι</span> <span class='ocrx_word' id='word_1_349' title='bbox 964 2833 1168 2907; x_wconf 85' lang='grc' dir='ltr'>δήμοις</span> <span class='ocrx_word' id='word_1_350' title='bbox 1221 2833 1588 2906; x_wconf 74' lang='grc' dir='ltr'>ἐπιμανεντες·</span> <span class='ocrx_word' id='word_1_351' title='bbox 1648 2832 1737 2887; x_wconf 84' lang='grc' dir='ltr'>καὶ</span> <span class='ocrx_word' id='word_1_352' title='bbox 1796 2833 1949 2907; x_wconf 89' lang='grc' dir='ltr'>βασι-</span> 
     </span>
    </p>
   </div>
   <div class='ocr_carea' id='block_1_49' title="bbox 301 2920 1946 2999">
    <p class='ocr_par' dir='ltr' id='par_1_49' title="bbox 301 2920 1946 2999">
     <span class='ocr_line' id='line_1_49' title="bbox 301 2920 1946 2999; baseline -0.003 -20"><span class='ocrx_word' id='word_1_353' title='bbox 301 2923 427 2985; x_wconf 74' lang='grc' dir='ltr'>λεὺς</span> <span class='ocrx_word' id='word_1_354' title='bbox 454 2920 671 2995; x_wconf 73' lang='grc' dir='ltr'>ἀσεϐείᾳ</span> <span class='ocrx_word' id='word_1_355' title='bbox 703 2922 885 2985; x_wconf 76' lang='grc' dir='ltr'>διδοὺς</span> <span class='ocrx_word' id='word_1_356' title='bbox 937 2922 1261 2999; x_wconf 74' lang='grc' dir='ltr'>παρῥησίαν,</span> <span class='ocrx_word' id='word_1_357' title='bbox 1319 2922 1406 2976; x_wconf 83' lang='grc' dir='ltr'>καὶ</span> <span class='ocrx_word' id='word_1_358' title='bbox 1456 2921 1592 2977; x_wconf 80' lang='grc' dir='ltr'>κατὰ</span> <span class='ocrx_word' id='word_1_359' title='bbox 1636 2928 1734 2991; x_wconf 88' lang='grc' dir='ltr'>τῆς</span> <span class='ocrx_word' id='word_1_360' title='bbox 1781 2920 1946 2997; x_wconf 82' lang='grc' dir='ltr'>ὀρθῆς</span> 
     </span>
    </p>
   </div>
   <div class='ocr_carea' id='block_1_50' title="bbox 301 3007 1948 3086">
    <p class='ocr_par' dir='ltr' id='par_1_50' title="bbox 301 3007 1948 3086">
     <span class='ocr_line' id='line_1_50' title="bbox 301 3007 1948 3086; baseline -0.002 -19"><span class='ocrx_word' id='word_1_361' title='bbox 301 3010 463 3082; x_wconf 80' lang='grc' dir='ltr'>δόξης</span> <span class='ocrx_word' id='word_1_362' title='bbox 496 3017 803 3085; x_wconf 78' lang='grc' dir='ltr'>νομοθετῶν</span> <span class='ocrx_word' id='word_1_363' title='bbox 836 3014 969 3085; x_wconf 90' lang='grc'>(31)·</span> <span class='ocrx_word' id='word_1_364' title='bbox 1003 3011 1091 3066; x_wconf 82' lang='grc' dir='ltr'>καὶ</span> <span class='ocrx_word' id='word_1_365' title='bbox 1142 3012 1192 3066; x_wconf 78' lang='lat' dir='ltr'>oi</span> <span class='ocrx_word' id='word_1_366' title='bbox 1246 3012 1386 3084; x_wconf 86' lang='grc' dir='ltr'>μήτε</span> <span class='ocrx_word' id='word_1_367' title='bbox 1434 3007 1641 3085; x_wconf 76' lang='grc' dir='ltr'>ἄνδρες,</span> <span class='ocrx_word' id='word_1_368' title='bbox 1678 3012 1814 3084; x_wconf 85' lang='grc' dir='ltr'>μήτε</span> <span class='ocrx_word' id='word_1_369' title='bbox 1852 3031 1948 3086; x_wconf 87' lang='grc' dir='ltr'>γυ-</span> 
     </span>
    </p>
   </div>
   <div class='ocr_carea' id='block_1_51' title="bbox 301 3097 1949 3177">
    <p class='ocr_par' dir='ltr' id='par_1_51' title="bbox 301 3097 1949 3177">
     <span class='ocr_line' id='line_1_51' title="bbox 301 3097 1949 3177; baseline -0.001 -22"><span class='ocrx_word' id='word_1_370' title='bbox 301 3107 500 3171; x_wconf 78' lang='grc' dir='ltr'>ναῖκες,</span> <span class='ocrx_word' id='word_1_371' title='bbox 562 3102 688 3177; x_wconf 85' lang='grc' dir='ltr'>παρ’</span> <span class='ocrx_word' id='word_1_372' title='bbox 749 3100 894 3172; x_wconf 80' lang='grc' dir='ltr'>αύτῷ</span> <span class='ocrx_word' id='word_1_373' title='bbox 952 3099 1381 3162; x_wconf 89' lang='grc' dir='ltr'>δυναστεύοντες.</span> <span class='ocrx_word' id='word_1_374' title='bbox 1441 3098 1529 3161; x_wconf 88' lang='grc' dir='ltr'>Τίς</span> <span class='ocrx_word' id='word_1_375' title='bbox 1591 3099 1647 3153; x_wconf 77' lang='grc' dir='ltr'>ἂν</span> <span class='ocrx_word' id='word_1_376' title='bbox 1707 3098 1774 3154; x_wconf 78' lang='grc' dir='ltr'>τά</span> <span class='ocrx_word' id='word_1_377' title='bbox 1826 3097 1949 3154; x_wconf 87' lang='grc' dir='ltr'>τότε</span> 
     </span>
    </p>
   </div>
   <div class='ocr_carea' id='block_1_52' title="bbox 301 3185 1948 3266">
    <p class='ocr_par' dir='ltr' id='par_1_52' title="bbox 301 3185 1948 3266">
     <span class='ocr_line' id='line_1_52' title="bbox 301 3185 1948 3266; baseline -0.001 -22"><span class='ocrx_word' id='word_1_378' title='bbox 301 3190 439 3244; x_wconf 82' lang='grc' dir='ltr'>κακᾶ</span> <span class='ocrx_word' id='word_1_379' title='bbox 472 3191 604 3263; x_wconf 87' lang='grc' dir='ltr'>πρὸς</span> <span class='ocrx_word' id='word_1_380' title='bbox 637 3190 782 3260; x_wconf 80' lang='grc' dir='ltr'>ἀξίαν</span> <span class='ocrx_word' id='word_1_381' title='bbox 834 3187 1263 3265; x_wconf 76' lang='grc' dir='ltr'>ἐκτραγῳδήσειε</span> <span class='ocrx_word' id='word_1_382' title='bbox 1297 3208 1310 3257; x_wconf 90' lang='grc'>;</span> <span class='ocrx_word' id='word_1_383' title='bbox 1342 3188 1437 3251; x_wconf 77' lang='grc' dir='ltr'>τὰς</span> <span class='ocrx_word' id='word_1_384' title='bbox 1478 3189 1669 3266; x_wconf 77' lang='grc' dir='ltr'>φυγὰς,</span> <span class='ocrx_word' id='word_1_385' title='bbox 1718 3189 1814 3249; x_wconf 80' lang='grc' dir='ltr'>τὰς</span> <span class='ocrx_word' id='word_1_386' title='bbox 1855 3185 1948 3258; x_wconf 89' lang='grc' dir='ltr'>δη-</span> 
     </span>
    </p>
   </div>
   <div class='ocr_carea' id='block_1_53' title="bbox 2130 2388 3716 2463">
    <p class='ocr_par' dir='ltr' id='par_1_53' title="bbox 2130 2388 3716 2463">
     <span class='ocr_line' id='line_1_53' title="bbox 2130 2388 3716 2463; baseline -0.001 -16"><span class='ocrx_word' id='word_1_387' title='bbox 2130 2389 2223 2447; x_wconf 88' lang='grc' dir='ltr'><strong>ῙΧ.</strong></span> <span class='ocrx_word' id='word_1_388' title='bbox 2259 2390 2491 2447; x_wconf 83' lang='lat' dir='ltr'>Rursus</span> <span class='ocrx_word' id='word_1_389' title='bbox 2528 2390 2749 2447; x_wconf 89' lang='lat' dir='ltr'>malum</span> <span class='ocrx_word' id='word_1_390' title='bbox 2781 2390 3118 2463; x_wconf 89' lang='lat' dir='ltr'>imperium,</span> <span class='ocrx_word' id='word_1_391' title='bbox 3150 2392 3205 2446; x_wconf 88' lang='lat' dir='ltr'>et</span> <span class='ocrx_word' id='word_1_392' title='bbox 3236 2406 3443 2446; x_wconf 84' lang='lat' dir='ltr'>rursus</span> <span class='ocrx_word' id='word_1_393' title='bbox 3492 2388 3716 2445; x_wconf 88' lang='lat' dir='ltr'>malum</span> 
     </span>
    </p>
   </div>
   <div class='ocr_carea' id='block_1_54' title="bbox 2058 2478 3721 2552">
    <p class='ocr_par' dir='ltr' id='par_1_54' title="bbox 2058 2478 3721 2552">
     <span class='ocr_line' id='line_1_54' title="bbox 2058 2478 3721 2552; baseline -0.001 -17"><span class='ocrx_word' id='word_1_394' title='bbox 2058 2479 2375 2545; x_wconf 87' lang='lat' dir='ltr'>reviviscit,</span> <span class='ocrx_word' id='word_1_395' title='bbox 2400 2496 2465 2535; x_wconf 90' lang='lat' dir='ltr'>ac</span> <span class='ocrx_word' id='word_1_396' title='bbox 2488 2478 2652 2536; x_wconf 90' lang='lat' dir='ltr'>velut</span> <span class='ocrx_word' id='word_1_397' title='bbox 2673 2479 3091 2552; x_wconf 88' lang='lat' dir='ltr'>subputridum</span> <span class='ocrx_word' id='word_1_398' title='bbox 3115 2478 3384 2550; x_wconf 87' lang='lat' dir='ltr'>maleque</span> <span class='ocrx_word' id='word_1_399' title='bbox 3404 2480 3721 2535; x_wconf 89' lang='lat' dir='ltr'>obductum</span> 
     </span>
    </p>
   </div>
   <div class='ocr_carea' id='block_1_55' title="bbox 2056 2567 3721 2642">
    <p class='ocr_par' dir='ltr' id='par_1_55' title="bbox 2056 2567 3721 2642">
     <span class='ocr_line' id='line_1_55' title="bbox 2056 2567 3721 2642; baseline -0.001 -19"><span class='ocrx_word' id='word_1_400' title='bbox 2056 2567 2273 2623; x_wconf 88' lang='lat' dir='ltr'>vulnus</span> <span class='ocrx_word' id='word_1_401' title='bbox 2303 2568 2580 2637; x_wconf 89' lang='lat' dir='ltr'>aperitur,</span> <span class='ocrx_word' id='word_1_402' title='bbox 2632 2574 2691 2625; x_wconf 91' lang='lat' dir='ltr'>et</span> <span class='ocrx_word' id='word_1_403' title='bbox 2741 2569 3040 2642; x_wconf 88' lang='lat' dir='ltr'>erumpit;</span> <span class='ocrx_word' id='word_1_404' title='bbox 3092 2585 3416 2641; x_wconf 87' lang='lat' dir='ltr'>gravesque</span> <span class='ocrx_word' id='word_1_405' title='bbox 3446 2568 3589 2640; x_wconf 89' lang='lat' dir='ltr'>lupi,</span> <span class='ocrx_word' id='word_1_406' title='bbox 3624 2568 3721 2623; x_wconf 89' lang='lat' dir='ltr'>alii</span> 
     </span>
    </p>
   </div>
   <div class='ocr_carea' id='block_1_56' title="bbox 2058 2654 3715 2729">
    <p class='ocr_par' dir='ltr' id='par_1_56' title="bbox 2058 2654 3715 2729">
     <span class='ocr_line' id='line_1_56' title="bbox 2058 2654 3715 2729; baseline 0 -19"><span class='ocrx_word' id='word_1_407' title='bbox 2058 2654 2295 2711; x_wconf 89' lang='lat' dir='ltr'>aliunde</span> <span class='ocrx_word' id='word_1_408' title='bbox 2348 2674 2454 2712; x_wconf 92' lang='lat' dir='ltr'>nos</span> <span class='ocrx_word' id='word_1_409' title='bbox 2507 2657 2973 2729; x_wconf 87' lang='lat' dir='ltr'>intercipientes,</span> <span class='ocrx_word' id='word_1_410' title='bbox 3008 2657 3326 2713; x_wconf 90' lang='lat' dir='ltr'>Ecclesiam</span> <span class='ocrx_word' id='word_1_411' title='bbox 3357 2657 3715 2727; x_wconf 88' lang='lat' dir='ltr'>discerpunt.</span> 
     </span>
    </p>
   </div>
   <div class='ocr_carea' id='block_1_57' title="bbox 2055 2744 3713 2817">
    <p class='ocr_par' dir='ltr' id='par_1_57' title="bbox 2055 2744 3713 2817">
     <span class='ocr_line' id='line_1_57' title="bbox 2055 2744 3713 2817; baseline 0.002 -20"><span class='ocrx_word' id='word_1_412' title='bbox 2055 2750 2379 2800; x_wconf 84' lang='lat' dir='ltr'>Armantur</span> <span class='ocrx_word' id='word_1_413' title='bbox 2424 2748 2759 2801; x_wconf 84' lang='lat' dir='ltr'>sacerdotes</span> <span class='ocrx_word' id='word_1_414' title='bbox 2812 2747 3096 2802; x_wconf 89' lang='lat' dir='ltr'>adversus</span> <span class='ocrx_word' id='word_1_415' title='bbox 3145 2747 3498 2815; x_wconf 87' lang='lat' dir='ltr'>sacerdotes,</span> <span class='ocrx_word' id='word_1_416' title='bbox 3549 2744 3713 2817; x_wconf 81' lang='lat' dir='ltr'>plebs</span> 
     </span>
    </p>
   </div>
   <div class='ocr_carea' id='block_1_58' title="bbox 2057 2834 3712 2907">
    <p class='ocr_par' dir='ltr' id='par_1_58' title="bbox 2057 2834 3712 2907">
     <span class='ocr_line' id='line_1_58' title="bbox 2057 2834 3712 2907; baseline 0.002 -20"><span class='ocrx_word' id='word_1_417' title='bbox 2057 2834 2335 2890; x_wconf 88' lang='lat' dir='ltr'>adversus</span> <span class='ocrx_word' id='word_1_418' title='bbox 2357 2834 2586 2905; x_wconf 90' lang='lat' dir='ltr'>plebem</span> <span class='ocrx_word' id='word_1_419' title='bbox 2609 2835 2927 2890; x_wconf 86' lang='lat' dir='ltr'>furibundo</span> <span class='ocrx_word' id='word_1_420' title='bbox 2952 2836 3171 2906; x_wconf 90' lang='lat' dir='ltr'>impetu</span> <span class='ocrx_word' id='word_1_421' title='bbox 3206 2836 3428 2900; x_wconf 84' lang='lat' dir='ltr'>fertur;</span> <span class='ocrx_word' id='word_1_422' title='bbox 3462 2835 3712 2907; x_wconf 86' lang='lat' dir='ltr'>impera-</span> 
     </span>
    </p>
   </div>
   <div class='ocr_carea' id='block_1_59' title="bbox 2056 2922 3708 2995">
    <p class='ocr_par' dir='ltr' id='par_1_59' title="bbox 2056 2922 3708 2995">
     <span class='ocr_line' id='line_1_59' title="bbox 2056 2922 3708 2995; baseline 0.001 -18"><span class='ocrx_word' id='word_1_423' title='bbox 2056 2926 2149 2978; x_wconf 86' lang='lat' dir='ltr'>tor</span> <span class='ocrx_word' id='word_1_424' title='bbox 2178 2923 2303 2993; x_wconf 91' lang='lat' dir='ltr'>ipse</span> <span class='ocrx_word' id='word_1_425' title='bbox 2334 2922 2620 2995; x_wconf 86' lang='lat' dir='ltr'>impietati</span> <span class='ocrx_word' id='word_1_426' title='bbox 2655 2923 3060 2979; x_wconf 87' lang='lat' dir='ltr'>auctoritatem</span> <span class='ocrx_word' id='word_1_427' title='bbox 3093 2923 3329 2995; x_wconf 67' lang='lat' dir='ltr'>praebet,</span> <span class='ocrx_word' id='word_1_428' title='bbox 3354 2924 3503 2979; x_wconf 73' lang='grc'>481</span> <span class='ocrx_word' id='word_1_429' title='bbox 3533 2927 3708 2994; x_wconf 85' lang='lat' dir='ltr'>atque</span> 
     </span>
    </p>
   </div>
   <div class='ocr_carea' id='block_1_60' title="bbox 2057 3012 3698 3085">
    <p class='ocr_par' dir='ltr' id='par_1_60' title="bbox 2057 3012 3698 3085">
     <span class='ocr_line' id='line_1_60' title="bbox 2057 3012 3698 3085; baseline 0 -18"><span class='ocrx_word' id='word_1_430' title='bbox 2057 3012 2340 3067; x_wconf 88' lang='lat' dir='ltr'>adversus</span> <span class='ocrx_word' id='word_1_431' title='bbox 2360 3012 2738 3067; x_wconf 82' lang='lat' dir='ltr'>orthodoxam</span> <span class='ocrx_word' id='word_1_432' title='bbox 2760 3012 3083 3069; x_wconf 87' lang='lat' dir='ltr'>doctrinam</span> <span class='ocrx_word' id='word_1_433' title='bbox 3121 3014 3279 3085; x_wconf 87' lang='lat' dir='ltr'>leges</span> <span class='ocrx_word' id='word_1_434' title='bbox 3308 3012 3598 3080; x_wconf 88' lang='lat' dir='ltr'>instituit;</span> <span class='ocrx_word' id='word_1_435' title='bbox 3632 3012 3698 3067; x_wconf 86' lang='lat' dir='ltr'>ii-</span> 
     </span>
    </p>
   </div>
   <div class='ocr_carea' id='block_1_61' title="bbox 2058 3100 3699 3173">
    <p class='ocr_par' dir='ltr' id='par_1_61' title="bbox 2058 3100 3699 3173">
     <span class='ocr_line' id='line_1_61' title="bbox 2058 3100 3699 3173; baseline 0 -17"><span class='ocrx_word' id='word_1_436' title='bbox 2058 3116 2172 3173; x_wconf 90' lang='lat' dir='ltr'>que</span> <span class='ocrx_word' id='word_1_437' title='bbox 2201 3104 2499 3172; x_wconf 66' lang='lat' dir='ltr'>prteterea,</span> <span class='ocrx_word' id='word_1_438' title='bbox 2523 3102 2623 3173; x_wconf 90' lang='lat' dir='ltr'>qui</span> <span class='ocrx_word' id='word_1_439' title='bbox 2654 3117 2761 3157; x_wconf 89' lang='lat' dir='ltr'>nec</span> <span class='ocrx_word' id='word_1_440' title='bbox 2789 3102 2848 3156; x_wconf 90' lang='lat' dir='ltr'>in</span> <span class='ocrx_word' id='word_1_441' title='bbox 2878 3100 3137 3157; x_wconf 88' lang='lat' dir='ltr'>virorum</span> <span class='ocrx_word' id='word_1_442' title='bbox 3164 3118 3269 3157; x_wconf 90' lang='lat' dir='ltr'>nec</span> <span class='ocrx_word' id='word_1_443' title='bbox 3297 3100 3357 3155; x_wconf 94' lang='lat' dir='ltr'>in</span> <span class='ocrx_word' id='word_1_444' title='bbox 3389 3100 3699 3157; x_wconf 86' lang='lat' dir='ltr'>mulierum</span> 
     </span>
    </p>
   </div>
   <div class='ocr_carea' id='block_1_62' title="bbox 2059 3189 3703 3263">
    <p class='ocr_par' dir='ltr' id='par_1_62' title="bbox 2059 3189 3703 3263">
     <span class='ocr_line' id='line_1_62' title="bbox 2059 3189 3703 3263; baseline -0.001 -17"><span class='ocrx_word' id='word_1_445' title='bbox 2059 3205 2305 3246; x_wconf 86' lang='lat' dir='ltr'>numero</span> <span class='ocrx_word' id='word_1_446' title='bbox 2335 3189 2613 3244; x_wconf 89' lang='lat' dir='ltr'>censendi</span> <span class='ocrx_word' id='word_1_447' title='bbox 2642 3194 2804 3258; x_wconf 91' lang='lat' dir='ltr'>sunt,</span> <span class='ocrx_word' id='word_1_448' title='bbox 2837 3206 3087 3263; x_wconf 90' lang='lat' dir='ltr'>quorum</span> <span class='ocrx_word' id='word_1_449' title='bbox 3118 3206 3332 3261; x_wconf 88' lang='lat' dir='ltr'>magna</span> <span class='ocrx_word' id='word_1_450' title='bbox 3377 3194 3503 3246; x_wconf 89' lang='lat' dir='ltr'>erat</span> <span class='ocrx_word' id='word_1_451' title='bbox 3548 3190 3703 3263; x_wconf 87' lang='lat' dir='ltr'>apud</span> 
     </span>
    </p>
   </div>
   <div class='ocr_carea' id='block_1_63' title="bbox 304 3251 1946 3353">
    <p class='ocr_par' dir='ltr' id='par_1_63' title="bbox 304 3251 1946 3353">
     <span class='ocr_line' id='line_1_63' title="bbox 304 3251 1946 3353; baseline 0 -23"><span class='ocrx_word' id='word_1_452' title='bbox 304 3251 543 3350; x_wconf 75' lang='grc' dir='ltr'>μεύσεις,</span> <span class='ocrx_word' id='word_1_453' title='bbox 597 3251 695 3340; x_wconf 67' lang='grc' dir='ltr'>τάξ</span> <span class='ocrx_word' id='word_1_454' title='bbox 752 3251 1157 3349; x_wconf 49' lang='grc' dir='ltr'>ἀτιμίάς,Ητάς</span> <span class='ocrx_word' id='word_1_455' title='bbox 1218 3276 1305 3331; x_wconf 70' lang='grc' dir='ltr'>ἰπὶ</span> <span class='ocrx_word' id='word_1_456' title='bbox 1360 3251 1744 3353; x_wconf 41' lang='grc' dir='ltr'>τῆςιέρημίας</span> <span class='ocrx_word' id='word_1_457' title='bbox 1801 3298 1892 3332; x_wconf 87' lang='grc' dir='ltr'>συν</span> <span class='ocrx_word' id='word_1_458' title='bbox 1924 3310 1946 3321; x_wconf 89' lang='grc'><strong><em>-</em></strong></span> 
     </span>
    </p>
   </div>
   <div class='ocr_carea' id='block_1_64' title="bbox 2062 3251 3702 3353">
    <p class='ocr_par' dir='ltr' id='par_1_64' title="bbox 2062 3251 3702 3352">
     <span class='ocr_line' id='line_1_64' title="bbox 2062 3251 3702 3352; baseline 0.001 -17"><span class='ocrx_word' id='word_1_459' title='bbox 2062 3294 2195 3335; x_wconf 90' lang='lat' dir='ltr'>eum</span> <span class='ocrx_word' id='word_1_460' title='bbox 2227 3279 2502 3351; x_wconf 89' lang='lat' dir='ltr'>potentia.</span> <span class='ocrx_word' id='word_1_461' title='bbox 2536 3279 2675 3343; x_wconf 85' lang='lat' dir='ltr'>Quis</span> <span class='ocrx_word' id='word_1_462' title='bbox 2706 3251 2837 3334; x_wconf 79' lang='lat' dir='ltr'>vero</span> <span class='ocrx_word' id='word_1_463' title='bbox 2853 3251 3148 3351; x_wconf 49' lang='lat' dir='ltr'>.temporis</span> <span class='ocrx_word' id='word_1_464' title='bbox 3190 3251 3347 3336; x_wconf 61' lang='lat' dir='ltr'>illius</span> <span class='ocrx_word' id='word_1_465' title='bbox 3397 3279 3551 3336; x_wconf 86' lang='lat' dir='ltr'>mala</span> <span class='ocrx_word' id='word_1_466' title='bbox 3585 3251 3702 3352; x_wconf 38' lang='lat' dir='ltr'>‘pro</span> 
     </span>
    </p>
   </div>
   <div class='ocr_carea' id='block_1_65' title="bbox 300 3364 1947 3441">
    <p class='ocr_par' dir='ltr' id='par_1_65' title="bbox 300 3364 1947 3441">
     <span class='ocr_line' id='line_1_65' title="bbox 300 3364 1947 3441; baseline 0.002 -23"><span class='ocrx_word' id='word_1_467' title='bbox 300 3366 461 3436; x_wconf 79' lang='grc' dir='ltr'>άξεις,</span> <span class='ocrx_word' id='word_1_468' title='bbox 494 3364 770 3439; x_wconf 84' lang='grc' dir='ltr'>μυριάδων</span> <span class='ocrx_word' id='word_1_469' title='bbox 805 3366 951 3421; x_wconf 76' lang='grc' dir='ltr'>ὅλων</span> <span class='ocrx_word' id='word_1_470' title='bbox 982 3365 1070 3420; x_wconf 86' lang='grc' dir='ltr'>καὶ</span> <span class='ocrx_word' id='word_1_471' title='bbox 1102 3365 1316 3421; x_wconf 89' lang='grc' dir='ltr'>πόλεων</span> <span class='ocrx_word' id='word_1_472' title='bbox 1344 3366 1640 3441; x_wconf 84' lang='grc' dir='ltr'>ὑπαιθρίων</span> <span class='ocrx_word' id='word_1_473' title='bbox 1669 3364 1947 3421; x_wconf 88' lang='grc' dir='ltr'>ταλαιπω-</span> 
     </span>
    </p>
   </div>
   <div class='ocr_carea' id='block_1_66' title="bbox 298 3453 1948 3530">
    <p class='ocr_par' dir='ltr' id='par_1_66' title="bbox 298 3453 1948 3530">
     <span class='ocr_line' id='line_1_66' title="bbox 298 3453 1948 3530; baseline 0.001 -23"><span class='ocrx_word' id='word_1_474' title='bbox 298 3455 579 3526; x_wconf 76' lang='grc' dir='ltr'>ρουμένων</span> <span class='ocrx_word' id='word_1_475' title='bbox 604 3500 616 3522; x_wconf 86' lang='grc'>,</span> <span class='ocrx_word' id='word_1_476' title='bbox 666 3453 755 3509; x_wconf 82' lang='grc' dir='ltr'>καὶ</span> <span class='ocrx_word' id='word_1_477' title='bbox 804 3455 979 3517; x_wconf 81' lang='grc' dir='ltr'>ὑετοῖς</span> <span class='ocrx_word' id='word_1_478' title='bbox 1020 3454 1109 3509; x_wconf 83' lang='grc' dir='ltr'>καὶ</span> <span class='ocrx_word' id='word_1_479' title='bbox 1160 3460 1401 3530; x_wconf 79' lang='grc' dir='ltr'>χειμῶσι</span> <span class='ocrx_word' id='word_1_480' title='bbox 1444 3454 1781 3528; x_wconf 75' lang='grc' dir='ltr'>πιεζομένων</span> <span class='ocrx_word' id='word_1_481' title='bbox 1808 3474 1823 3523; x_wconf 70' lang='lat'><strong>5</strong></span> <span class='ocrx_word' id='word_1_482' title='bbox 1854 3455 1948 3517; x_wconf 79' lang='grc' dir='ltr'>τὰς</span> 
     </span>
    </p>
   </div>
   <div class='ocr_carea' id='block_1_67' title="bbox 297 3542 1943 3621">
    <p class='ocr_par' dir='ltr' id='par_1_67' title="bbox 297 3542 1943 3621">
     <span class='ocr_line' id='line_1_67' title="bbox 297 3542 1943 3621; baseline 0.001 -25"><span class='ocrx_word' id='word_1_483' title='bbox 297 3542 533 3607; x_wconf 71' lang='grc' dir='ltr'>ἐντεῦθεν</span> <span class='ocrx_word' id='word_1_484' title='bbox 588 3543 965 3607; x_wconf 82' lang='grc' dir='ltr'>ἐπαναστάσεις</span> <span class='ocrx_word' id='word_1_485' title='bbox 1015 3542 1164 3618; x_wconf 78' lang='grc' dir='ltr'>(οὐδὲ</span> <span class='ocrx_word' id='word_1_486' title='bbox 1208 3544 1310 3621; x_wconf 75' lang='grc' dir='ltr'>γάρ</span> <span class='ocrx_word' id='word_1_487' title='bbox 1360 3548 1456 3613; x_wconf 72' lang='grc' dir='ltr'>τὴν</span> <span class='ocrx_word' id='word_1_488' title='bbox 1509 3542 1737 3619; x_wconf 81' lang='grc' dir='ltr'>ἐρημίαν</span> <span class='ocrx_word' id='word_1_489' title='bbox 1793 3545 1943 3619; x_wconf 77' lang='grc' dir='ltr'>εἶχον</span> 
     </span>
    </p>
   </div>
   <div class='ocr_carea' id='block_1_68' title="bbox 294 3630 1947 3710">
    <p class='ocr_par' dir='ltr' id='par_1_68' title="bbox 294 3630 1947 3710">
     <span class='ocr_line' id='line_1_68' title="bbox 294 3630 1947 3710; baseline 0.001 -25"><span class='ocrx_word' id='word_1_490' title='bbox 294 3630 600 3704; x_wconf 86' lang='grc' dir='ltr'>ἀκίνδυνον)</span> <span class='ocrx_word' id='word_1_491' title='bbox 632 3651 645 3702; x_wconf 89' lang='grc'><strong>;</strong></span> <span class='ocrx_word' id='word_1_492' title='bbox 678 3634 743 3687; x_wconf 71' lang='grc' dir='ltr'>τὰ</span> <span class='ocrx_word' id='word_1_493' title='bbox 787 3630 863 3689; x_wconf 79' lang='grc' dir='ltr'>ἔτι</span> <span class='ocrx_word' id='word_1_494' title='bbox 911 3633 1120 3690; x_wconf 90' lang='grc' dir='ltr'>τούτων</span> <span class='ocrx_word' id='word_1_495' title='bbox 1166 3632 1548 3710; x_wconf 84' lang='grc' dir='ltr'>χαλεπώτερα,</span> <span class='ocrx_word' id='word_1_496' title='bbox 1606 3633 1732 3695; x_wconf 81' lang='grc' dir='ltr'>τοὺς</span> <span class='ocrx_word' id='word_1_497' title='bbox 1784 3633 1896 3688; x_wconf 82' lang='grc' dir='ltr'>αίκι</span> <span class='ocrx_word' id='word_1_498' title='bbox 1925 3666 1947 3676; x_wconf 84' lang='grc'><strong>-</strong></span> 
     </span>
    </p>
   </div>
   <div class='ocr_carea' id='block_1_69' title="bbox 294 3718 1942 3797">
    <p class='ocr_par' dir='ltr' id='par_1_69' title="bbox 294 3718 1942 3797">
     <span class='ocr_line' id='line_1_69' title="bbox 294 3718 1942 3797; baseline 0 -23"><span class='ocrx_word' id='word_1_499' title='bbox 294 3721 487 3793; x_wconf 80' lang='grc' dir='ltr'>σμοὺς,</span> <span class='ocrx_word' id='word_1_500' title='bbox 540 3722 667 3785; x_wconf 83' lang='grc' dir='ltr'>τοὺς</span> <span class='ocrx_word' id='word_1_501' title='bbox 719 3724 999 3794; x_wconf 82' lang='grc' dir='ltr'>θανάτους,</span> <span class='ocrx_word' id='word_1_502' title='bbox 1052 3725 1147 3785; x_wconf 76' lang='grc' dir='ltr'>τὰς</span> <span class='ocrx_word' id='word_1_503' title='bbox 1180 3718 1561 3797; x_wconf 77' lang='grc' dir='ltr'>θριαμϐεύσεις</span> <span class='ocrx_word' id='word_1_504' title='bbox 1611 3721 1942 3792; x_wconf 73' lang='grc' dir='ltr'>ἐπισκόπων,</span> 
     </span>
    </p>
   </div>
   <div class='ocr_carea' id='block_1_70' title="bbox 294 3809 1942 3886">
    <p class='ocr_par' dir='ltr' id='par_1_70' title="bbox 294 3809 1942 3886">
     <span class='ocr_line' id='line_1_70' title="bbox 294 3809 1942 3886; baseline 0.001 -23"><span class='ocrx_word' id='word_1_505' title='bbox 294 3809 630 3886; x_wconf 73' lang='grc' dir='ltr'>φιλοσόφων,</span> <span class='ocrx_word' id='word_1_506' title='bbox 684 3809 913 3885; x_wconf 80' lang='grc' dir='ltr'>ἀνδρῶν,</span> <span class='ocrx_word' id='word_1_507' title='bbox 964 3815 1256 3885; x_wconf 80' lang='grc' dir='ltr'>γυναικῶν,</span> <span class='ocrx_word' id='word_1_508' title='bbox 1305 3812 1463 3881; x_wconf 78' lang='grc' dir='ltr'>νὲων,</span> <span class='ocrx_word' id='word_1_509' title='bbox 1510 3810 1942 3885; x_wconf 82' lang='grc' dir='ltr'>γεγηρακότων;</span> 
     </span>
    </p>
   </div>
   <div class='ocr_carea' id='block_1_71' title="bbox 288 3896 1942 3974">
    <p class='ocr_par' dir='ltr' id='par_1_71' title="bbox 288 3896 1942 3974">
     <span class='ocr_line' id='line_1_71' title="bbox 288 3896 1942 3974; baseline 0.001 -23"><span class='ocrx_word' id='word_1_510' title='bbox 288 3898 415 3957; x_wconf 80' lang='grc' dir='ltr'>τοὺς</span> <span class='ocrx_word' id='word_1_511' title='bbox 443 3897 792 3959; x_wconf 75' lang='grc' dir='ltr'>ἐπινοοῦντας</span> <span class='ocrx_word' id='word_1_512' title='bbox 824 3900 890 3952; x_wconf 76' lang='grc' dir='ltr'>τὰ</span> <span class='ocrx_word' id='word_1_513' title='bbox 921 3896 1084 3971; x_wconf 73' lang='grc' dir='ltr'>δεινά,</span> <span class='ocrx_word' id='word_1_514' title='bbox 1116 3899 1241 3960; x_wconf 76' lang='grc' dir='ltr'>τοὺς</span> <span class='ocrx_word' id='word_1_515' title='bbox 1276 3903 1760 3974; x_wconf 88' lang='grc' dir='ltr'>προσεπινοοῦντας</span> <span class='ocrx_word' id='word_1_516' title='bbox 1808 3901 1942 3973; x_wconf 79' lang='lat'>(3‘2),</span> 
     </span>
    </p>
   </div>
   <div class='ocr_carea' id='block_1_72' title="bbox 286 3983 1941 4062">
    <p class='ocr_par' dir='ltr' id='par_1_72' title="bbox 286 3983 1941 4062">
     <span class='ocr_line' id='line_1_72' title="bbox 286 3983 1941 4062; baseline 0.001 -23"><span class='ocrx_word' id='word_1_517' title='bbox 286 3986 415 4047; x_wconf 72' lang='grc' dir='ltr'>τοὺς</span> <span class='ocrx_word' id='word_1_518' title='bbox 500 3988 977 4062; x_wconf 71' lang='grc' dir='ltr'>ὑπηρετουμὲνους</span> <span class='ocrx_word' id='word_1_519' title='bbox 1052 3992 1119 4059; x_wconf 79' lang='grc' dir='ltr'>τῆ</span> <span class='ocrx_word' id='word_1_520' title='bbox 1204 3983 1420 4058; x_wconf 77' lang='grc' dir='ltr'>ἀσεϐείᾳ</span> <span class='ocrx_word' id='word_1_521' title='bbox 1496 3985 1801 4056; x_wconf 81' lang='grc' dir='ltr'>δυνάστας,</span> <span class='ocrx_word' id='word_1_522' title='bbox 1860 3988 1941 4050; x_wconf 78' lang='grc' dir='ltr'>οἷς</span> 
     </span>
    </p>
   </div>
   <div class='ocr_carea' id='block_1_73' title="bbox 298 4073 1941 4150">
    <p class='ocr_par' dir='ltr' id='par_1_73' title="bbox 298 4073 1941 4150">
     <span class='ocr_line' id='line_1_73' title="bbox 298 4073 1941 4150; baseline 0.002 -22"><span class='ocrx_word' id='word_1_523' title='bbox 298 4080 459 4130; x_wconf 83' lang='grc' dir='ltr'>τοῦτο</span> <span class='ocrx_word' id='word_1_524' title='bbox 496 4076 660 4148; x_wconf 86' lang='grc' dir='ltr'>μόνον</span> <span class='ocrx_word' id='word_1_525' title='bbox 710 4078 829 4147; x_wconf 83' lang='grc'>(33)</span> <span class='ocrx_word' id='word_1_526' title='bbox 878 4076 1151 4138; x_wconf 88' lang='grc' dir='ltr'>πολλάκις</span> <span class='ocrx_word' id='word_1_527' title='bbox 1200 4076 1275 4138; x_wconf 77' lang='grc' dir='ltr'>εἰς</span> <span class='ocrx_word' id='word_1_528' title='bbox 1325 4074 1675 4148; x_wconf 79' lang='grc' dir='ltr'>εὐδοκίμησιν</span> <span class='ocrx_word' id='word_1_529' title='bbox 1726 4073 1941 4150; x_wconf 78' lang='grc' dir='ltr'>ἤρκεσε,</span> 
     </span>
    </p>
   </div>
   <div class='ocr_carea' id='block_1_74' title="bbox 289 4164 1941 4243">
    <p class='ocr_par' dir='ltr' id='par_1_74' title="bbox 289 4164 1941 4243">
     <span class='ocr_line' id='line_1_74' title="bbox 289 4164 1941 4243; baseline 0.002 -26"><span class='ocrx_word' id='word_1_530' title='bbox 289 4164 353 4218; x_wconf 89' lang='grc' dir='ltr'>τὸ</span> <span class='ocrx_word' id='word_1_531' title='bbox 405 4166 760 4241; x_wconf 72' lang='grc' dir='ltr'>πικροτέρους</span> <span class='ocrx_word' id='word_1_532' title='bbox 809 4172 1035 4243; x_wconf 84' lang='grc' dir='ltr'>φανῆναι</span> <span class='ocrx_word' id='word_1_533' title='bbox 1084 4168 1180 4235; x_wconf 78' lang='grc' dir='ltr'>τῆς</span> <span class='ocrx_word' id='word_1_534' title='bbox 1222 4170 1318 4221; x_wconf 88' lang='grc' dir='ltr'>τοῦ</span> <span class='ocrx_word' id='word_1_535' title='bbox 1362 4170 1685 4241; x_wconf 78' lang='grc' dir='ltr'>κρατοῦντος</span> <span class='ocrx_word' id='word_1_536' title='bbox 1736 4166 1941 4240; x_wconf 86' lang='grc' dir='ltr'>βουλή-</span> 
     </span>
    </p>
   </div>
   <div class='ocr_carea' id='block_1_75' title="bbox 286 4272 467 4322">
    <p class='ocr_par' dir='ltr' id='par_1_75' title="bbox 286 4272 467 4322">
     <span class='ocr_line' id='line_1_75' title="bbox 286 4272 467 4322; baseline 0.006 -16"><span class='ocrx_word' id='word_1_537' title='bbox 286 4274 419 4315; x_wconf 83' lang='grc' dir='ltr'>σεως</span> <span class='ocrx_word' id='word_1_538' title='bbox 454 4272 467 4322; x_wconf 86' lang='grc'><strong>;</strong></span> 
     </span>
    </p>
   </div>
   <div class='ocr_carea' id='block_1_76' title="bbox 2056 3366 3700 3439">
    <p class='ocr_par' dir='ltr' id='par_1_76' title="bbox 2056 3366 3700 3439">
     <span class='ocr_line' id='line_1_76' title="bbox 2056 3366 3700 3439; baseline 0.001 -16"><span class='ocrx_word' id='word_1_539' title='bbox 2056 3366 2341 3439; x_wconf 88' lang='lat' dir='ltr'>dignitate</span> <span class='ocrx_word' id='word_1_540' title='bbox 2383 3368 2684 3439; x_wconf 89' lang='lat' dir='ltr'>deplorare</span> <span class='ocrx_word' id='word_1_541' title='bbox 2715 3368 2940 3439; x_wconf 82' lang='lat' dir='ltr'>queat?</span> <span class='ocrx_word' id='word_1_542' title='bbox 2983 3368 3219 3434; x_wconf 82' lang='lat' dir='ltr'>Exsilia,</span> <span class='ocrx_word' id='word_1_543' title='bbox 3250 3369 3538 3425; x_wconf 90' lang='lat' dir='ltr'>bonorum</span> <span class='ocrx_word' id='word_1_544' title='bbox 3572 3386 3700 3439; x_wconf 86' lang='lat' dir='ltr'>pro-</span> 
     </span>
    </p>
   </div>
   <div class='ocr_carea' id='block_1_77' title="bbox 2056 3456 3699 3529">
    <p class='ocr_par' dir='ltr' id='par_1_77' title="bbox 2056 3456 3699 3529">
     <span class='ocr_line' id='line_1_77' title="bbox 2056 3456 3699 3529; baseline 0 -17"><span class='ocrx_word' id='word_1_545' title='bbox 2056 3456 2426 3527; x_wconf 84' lang='lat' dir='ltr'>scriptiones,</span> <span class='ocrx_word' id='word_1_546' title='bbox 2460 3457 2797 3529; x_wconf 72' lang='lat' dir='ltr'>ignominiae</span> <span class='ocrx_word' id='word_1_547' title='bbox 2828 3462 3017 3527; x_wconf 90' lang='lat' dir='ltr'>notas,</span> <span class='ocrx_word' id='word_1_548' title='bbox 3052 3458 3341 3513; x_wconf 80' lang='lat' dir='ltr'>infinitam</span> <span class='ocrx_word' id='word_1_549' title='bbox 3391 3457 3699 3515; x_wconf 88' lang='lat' dir='ltr'>hominum</span> 
     </span>
    </p>
   </div>
   <div class='ocr_carea' id='block_1_78' title="bbox 2056 3546 3699 3618">
    <p class='ocr_par' dir='ltr' id='par_1_78' title="bbox 2056 3546 3699 3618">
     <span class='ocr_line' id='line_1_78' title="bbox 2056 3546 3699 3618; baseline 0 -17"><span class='ocrx_word' id='word_1_550' title='bbox 2056 3546 2519 3613; x_wconf 88' lang='lat' dir='ltr'>multitudinem,</span> <span class='ocrx_word' id='word_1_551' title='bbox 2553 3550 2731 3618; x_wconf 88' lang='lat' dir='ltr'>atque</span> <span class='ocrx_word' id='word_1_552' title='bbox 2781 3547 2923 3602; x_wconf 90' lang='lat' dir='ltr'>adeo</span> <span class='ocrx_word' id='word_1_553' title='bbox 2972 3548 3231 3618; x_wconf 89' lang='lat' dir='ltr'>integras</span> <span class='ocrx_word' id='word_1_554' title='bbox 3260 3547 3545 3613; x_wconf 87' lang='lat' dir='ltr'>civitates,</span> <span class='ocrx_word' id='word_1_555' title='bbox 3575 3563 3699 3617; x_wconf 71' lang='lat' dir='ltr'>quas</span> 
     </span>
    </p>
   </div>
   <div class='ocr_carea' id='block_1_79' title="bbox 2055 3634 3699 3702">
    <p class='ocr_par' dir='ltr' id='par_1_79' title="bbox 2055 3634 3699 3702">
     <span class='ocr_line' id='line_1_79' title="bbox 2055 3634 3699 3702; baseline 0.001 -14"><span class='ocrx_word' id='word_1_556' title='bbox 2055 3635 2116 3690; x_wconf 91' lang='lat' dir='ltr'>in</span> <span class='ocrx_word' id='word_1_557' title='bbox 2165 3635 2412 3691; x_wconf 87' lang='lat' dir='ltr'>desertis</span> <span class='ocrx_word' id='word_1_558' title='bbox 2463 3635 2601 3690; x_wconf 92' lang='lat' dir='ltr'>locis</span> <span class='ocrx_word' id='word_1_559' title='bbox 2650 3641 2965 3692; x_wconf 89' lang='lat' dir='ltr'>conventus</span> <span class='ocrx_word' id='word_1_560' title='bbox 3013 3636 3325 3702; x_wconf 87' lang='lat' dir='ltr'>habebant,</span> <span class='ocrx_word' id='word_1_561' title='bbox 3359 3639 3417 3690; x_wconf 92' lang='lat' dir='ltr'>et</span> <span class='ocrx_word' id='word_1_562' title='bbox 3462 3636 3573 3690; x_wconf 89' lang='lat' dir='ltr'>sub</span> <span class='ocrx_word' id='word_1_563' title='bbox 3603 3634 3699 3689; x_wconf 92' lang='lat' dir='ltr'>dio</span> 
     </span>
    </p>
   </div>
   <div class='ocr_carea' id='block_1_80' title="bbox 2054 3723 3699 3796">
    <p class='ocr_par' dir='ltr' id='par_1_80' title="bbox 2054 3723 3699 3796">
     <span class='ocr_line' id='line_1_80' title="bbox 2054 3723 3699 3796; baseline -0.001 -17"><span class='ocrx_word' id='word_1_564' title='bbox 2054 3723 2332 3779; x_wconf 61' lang='lat' dir='ltr'>arumnis</span> <span class='ocrx_word' id='word_1_565' title='bbox 2363 3724 2800 3795; x_wconf 85' lang='lat' dir='ltr'>premebantur,</span> <span class='ocrx_word' id='word_1_566' title='bbox 2831 3740 2897 3780; x_wconf 89' lang='lat' dir='ltr'>ac</span> <span class='ocrx_word' id='word_1_567' title='bbox 2947 3724 3163 3796; x_wconf 91' lang='lat' dir='ltr'>pluviis</span> <span class='ocrx_word' id='word_1_568' title='bbox 3210 3728 3268 3780; x_wconf 90' lang='lat' dir='ltr'>et</span> <span class='ocrx_word' id='word_1_569' title='bbox 3314 3725 3526 3795; x_wconf 87' lang='lat' dir='ltr'>frigore</span> <span class='ocrx_word' id='word_1_570' title='bbox 3565 3740 3699 3779; x_wconf 88' lang='lat' dir='ltr'>con-</span> 
     </span>
    </p>
   </div>
   <div class='ocr_carea' id='block_1_81' title="bbox 2055 3812 3700 3885">
    <p class='ocr_par' dir='ltr' id='par_1_81' title="bbox 2055 3812 3700 3885">
     <span class='ocr_line' id='line_1_81' title="bbox 2055 3812 3700 3885; baseline 0 -18"><span class='ocrx_word' id='word_1_571' title='bbox 2055 3813 2449 3879; x_wconf 89' lang='lat' dir='ltr'>ﬂictabantur,</span> <span class='ocrx_word' id='word_1_572' title='bbox 2484 3816 2658 3881; x_wconf 85' lang='lat' dir='ltr'>atque</span> <span class='ocrx_word' id='word_1_573' title='bbox 2689 3817 2864 3868; x_wconf 86' lang='lat' dir='ltr'>etiam</span> <span class='ocrx_word' id='word_1_574' title='bbox 2892 3812 3051 3867; x_wconf 90' lang='lat' dir='ltr'>illinc</span> <span class='ocrx_word' id='word_1_575' title='bbox 3074 3813 3278 3885; x_wconf 88' lang='lat' dir='ltr'>pedem</span> <span class='ocrx_word' id='word_1_576' title='bbox 3307 3813 3507 3867; x_wconf 72' lang='lat' dir='ltr'>efferre</span> <span class='ocrx_word' id='word_1_577' title='bbox 3534 3828 3700 3885; x_wconf 89' lang='lat' dir='ltr'>coge-</span> 
     </span>
    </p>
   </div>
   <div class='ocr_carea' id='block_1_82' title="bbox 2052 3900 3699 3974">
    <p class='ocr_par' dir='ltr' id='par_1_82' title="bbox 2052 3900 3699 3974">
     <span class='ocr_line' id='line_1_82' title="bbox 2052 3900 3699 3974; baseline 0 -19"><span class='ocrx_word' id='word_1_578' title='bbox 2052 3900 2315 3957; x_wconf 81' lang='lat' dir='ltr'>bantur?</span> <span class='ocrx_word' id='word_1_579' title='bbox 2362 3901 2506 3955; x_wconf 85' lang='lat' dir='ltr'>Nam</span> <span class='ocrx_word' id='word_1_580' title='bbox 2557 3916 2629 3955; x_wconf 91' lang='lat' dir='ltr'>ne</span> <span class='ocrx_word' id='word_1_581' title='bbox 2676 3901 2931 3957; x_wconf 88' lang='lat' dir='ltr'>solitudo</span> <span class='ocrx_word' id='word_1_582' title='bbox 2963 3901 3199 3973; x_wconf 92' lang='lat' dir='ltr'>quidem</span> <span class='ocrx_word' id='word_1_583' title='bbox 3232 3918 3329 3957; x_wconf 91' lang='lat' dir='ltr'>eos</span> <span class='ocrx_word' id='word_1_584' title='bbox 3377 3920 3411 3957; x_wconf 90' lang='lat' dir='ltr'>a</span> <span class='ocrx_word' id='word_1_585' title='bbox 3457 3900 3699 3974; x_wconf 89' lang='lat' dir='ltr'>periculi</span> 
     </span>
    </p>
   </div>
   <div class='ocr_carea' id='block_1_83' title="bbox 2052 3981 3694 4062">
    <p class='ocr_par' dir='ltr' id='par_1_83' title="bbox 2052 3981 3694 4062">
     <span class='ocr_line' id='line_1_83' title="bbox 2052 3981 3694 4062; baseline -0.001 -16"><span class='ocrx_word' id='word_1_586' title='bbox 2052 3992 2212 4046; x_wconf 87' lang='lat' dir='ltr'>metu</span> <span class='ocrx_word' id='word_1_587' title='bbox 2243 3989 2595 4046; x_wconf 85' lang='lat' dir='ltr'>vindicabat.</span> <span class='ocrx_word' id='word_1_588' title='bbox 2630 3990 2792 4057; x_wconf 87' lang='lat' dir='ltr'>Quis,</span> <span class='ocrx_word' id='word_1_589' title='bbox 2828 3996 2890 4046; x_wconf 90' lang='lat' dir='ltr'>ut</span> <span class='ocrx_word' id='word_1_590' title='bbox 2919 3991 3188 4062; x_wconf 86' lang='lat' dir='ltr'>graviora</span> <span class='ocrx_word' id='word_1_591' title='bbox 3220 3990 3532 4062; x_wconf 79' lang='lat' dir='ltr'>proferam,</span> <span class='ocrx_word' id='word_1_592' title='bbox 3564 3981 3694 4046; x_wconf 79' lang='lat' dir='ltr'>eru-</span> 
     </span>
    </p>
   </div>
   <div class='ocr_carea' id='block_1_84' title="bbox 2052 4078 3696 4151">
    <p class='ocr_par' dir='ltr' id='par_1_84' title="bbox 2052 4078 3696 4151">
     <span class='ocr_line' id='line_1_84' title="bbox 2052 4078 3696 4151; baseline 0 -16"><span class='ocrx_word' id='word_1_593' title='bbox 2052 4078 2258 4147; x_wconf 84' lang='lat' dir='ltr'>ciatus,</span> <span class='ocrx_word' id='word_1_594' title='bbox 2292 4083 2535 4149; x_wconf 88' lang='lat' dir='ltr'>mortes,</span> <span class='ocrx_word' id='word_1_595' title='bbox 2561 4083 2720 4135; x_wconf 89' lang='lat' dir='ltr'>actos</span> <span class='ocrx_word' id='word_1_596' title='bbox 2751 4080 2823 4135; x_wconf 90' lang='lat' dir='ltr'>de</span> <span class='ocrx_word' id='word_1_597' title='bbox 2852 4079 3165 4151; x_wconf 86' lang='lat' dir='ltr'>episcopis,</span> <span class='ocrx_word' id='word_1_598' title='bbox 3188 4079 3514 4145; x_wconf 90' lang='lat' dir='ltr'>monachis,</span> <span class='ocrx_word' id='word_1_599' title='bbox 3536 4079 3696 4149; x_wconf 90' lang='lat' dir='ltr'>viris,</span> 
     </span>
    </p>
   </div>
   <div class='ocr_carea' id='block_1_85' title="bbox 2052 4166 3699 4240">
    <p class='ocr_par' dir='ltr' id='par_1_85' title="bbox 2052 4166 3699 4240">
     <span class='ocr_line' id='line_1_85' title="bbox 2052 4166 3699 4240; baseline -0.001 -17"><span class='ocrx_word' id='word_1_600' title='bbox 2052 4167 2420 4235; x_wconf 88' lang='lat' dir='ltr'>mulieribus,</span> <span class='ocrx_word' id='word_1_601' title='bbox 2446 4166 2937 4233; x_wconf 89' lang='lat' dir='ltr'>adolescentibus,</span> <span class='ocrx_word' id='word_1_602' title='bbox 2962 4185 3027 4223; x_wconf 89' lang='lat' dir='ltr'>ac</span> <span class='ocrx_word' id='word_1_603' title='bbox 3058 4168 3298 4224; x_wconf 89' lang='lat' dir='ltr'>senibus</span> <span class='ocrx_word' id='word_1_604' title='bbox 3322 4168 3699 4240; x_wconf 79' lang='lat' dir='ltr'>triumphos?</span> 
     </span>
    </p>
   </div>
   <div class='ocr_carea' id='block_1_86' title="bbox 2049 4256 3697 4329">
    <p class='ocr_par' dir='ltr' id='par_1_86' title="bbox 2049 4256 3697 4329">
     <span class='ocr_line' id='line_1_86' title="bbox 2049 4256 3697 4329; baseline 0 -17"><span class='ocrx_word' id='word_1_605' title='bbox 2049 4256 2196 4312; x_wconf 89' lang='lat' dir='ltr'>Nam</span> <span class='ocrx_word' id='word_1_606' title='bbox 2220 4257 2355 4327; x_wconf 91' lang='lat' dir='ltr'>quid</span> <span class='ocrx_word' id='word_1_607' title='bbox 2381 4257 2451 4312; x_wconf 90' lang='lat' dir='ltr'>de</span> <span class='ocrx_word' id='word_1_608' title='bbox 2482 4258 2821 4328; x_wconf 88' lang='lat' dir='ltr'>proceribus</span> <span class='ocrx_word' id='word_1_609' title='bbox 2848 4256 2965 4313; x_wconf 87' lang='lat' dir='ltr'>illis</span> <span class='ocrx_word' id='word_1_610' title='bbox 2986 4257 3202 4325; x_wconf 79' lang='lat' dir='ltr'>dicam,</span> <span class='ocrx_word' id='word_1_611' title='bbox 3230 4256 3327 4329; x_wconf 92' lang='lat' dir='ltr'>qui</span> <span class='ocrx_word' id='word_1_612' title='bbox 3356 4258 3527 4313; x_wconf 89' lang='lat' dir='ltr'>modo</span> <span class='ocrx_word' id='word_1_613' title='bbox 3551 4274 3697 4313; x_wconf 91' lang='lat' dir='ltr'>nova</span> 
     </span>
    </p>
   </div>
   <div class='ocr_carea' id='block_1_87' title="bbox 286 4344 3695 4417">
    <p class='ocr_par' dir='ltr' id='par_1_87' title="bbox 286 4344 3695 4417">
     <span class='ocr_line' id='line_1_87' title="bbox 286 4344 3695 4417; baseline 0.001 -19"><span class='ocrx_word' id='word_1_614' title='bbox 286 4348 579 4401; x_wconf 85' lang='lat' dir='ltr'>tormenta</span> <span class='ocrx_word' id='word_1_615' title='bbox 611 4345 1037 4416; x_wconf 87' lang='lat' dir='ltr'>excogitabant,</span> <span class='ocrx_word' id='word_1_616' title='bbox 1070 4346 1241 4401; x_wconf 89' lang='lat' dir='ltr'>modo</span> <span class='ocrx_word' id='word_1_617' title='bbox 1293 4345 1352 4401; x_wconf 90' lang='lat' dir='ltr'>in</span> <span class='ocrx_word' id='word_1_618' title='bbox 1404 4362 1490 4416; x_wconf 89' lang='lat' dir='ltr'>ea,</span> <span class='ocrx_word' id='word_1_619' title='bbox 1537 4362 1664 4416; x_wconf 66' lang='lat' dir='ltr'>quae</span> <span class='ocrx_word' id='word_1_620' title='bbox 1709 4344 2034 4417; x_wconf 83' lang='lat' dir='ltr'>excogitata</span> <span class='ocrx_word' id='word_1_621' title='bbox 2068 4347 2319 4417; x_wconf 81' lang='lat' dir='ltr'>fuerant,</span> <span class='ocrx_word' id='word_1_622' title='bbox 2351 4346 2684 4401; x_wconf 89' lang='lat' dir='ltr'>acerbitatis</span> <span class='ocrx_word' id='word_1_623' title='bbox 2715 4346 2935 4417; x_wconf 90' lang='lat' dir='ltr'>aliquid</span> <span class='ocrx_word' id='word_1_624' title='bbox 2968 4346 3282 4417; x_wconf 84' lang='lat' dir='ltr'>addebant,</span> <span class='ocrx_word' id='word_1_625' title='bbox 3316 4362 3560 4417; x_wconf 88' lang='lat' dir='ltr'>seseque</span> <span class='ocrx_word' id='word_1_626' title='bbox 3586 4347 3695 4401; x_wconf 87' lang='lat' dir='ltr'>im-</span> 
     </span>
    </p>
   </div>
   <div class='ocr_carea' id='block_1_88' title="bbox 286 4433 3693 4507">
    <p class='ocr_par' dir='ltr' id='par_1_88' title="bbox 286 4433 3693 4507">
     <span class='ocr_line' id='line_1_88' title="bbox 286 4433 3693 4507; baseline 0.001 -21"><span class='ocrx_word' id='word_1_627' title='bbox 286 4433 519 4502; x_wconf 88' lang='lat' dir='ltr'>pietatis</span> <span class='ocrx_word' id='word_1_628' title='bbox 567 4434 951 4489; x_wconf 90' lang='lat' dir='ltr'>administros</span> <span class='ocrx_word' id='word_1_629' title='bbox 1001 4434 1356 4506; x_wconf 64' lang='lat' dir='ltr'>praebebant,</span> <span class='ocrx_word' id='word_1_630' title='bbox 1410 4434 1626 4502; x_wconf 89' lang='lat' dir='ltr'>quibus</span> <span class='ocrx_word' id='word_1_631' title='bbox 1674 4434 1783 4489; x_wconf 90' lang='lat' dir='ltr'>hoc</span> <span class='ocrx_word' id='word_1_632' title='bbox 1836 4451 2020 4490; x_wconf 89' lang='lat' dir='ltr'>unum</span> <span class='ocrx_word' id='word_1_633' title='bbox 2067 4434 2415 4507; x_wconf 83' lang='lat' dir='ltr'>plerumque</span> <span class='ocrx_word' id='word_1_634' title='bbox 2466 4436 2537 4490; x_wconf 91' lang='lat' dir='ltr'>ad</span> <span class='ocrx_word' id='word_1_635' title='bbox 2596 4436 2839 4507; x_wconf 88' lang='lat' dir='ltr'>gloriam</span> <span class='ocrx_word' id='word_1_636' title='bbox 2895 4435 3269 4506; x_wconf 89' lang='lat' dir='ltr'>nominisque</span> <span class='ocrx_word' id='word_1_637' title='bbox 3324 4434 3693 4507; x_wconf 85' lang='lat' dir='ltr'>splendorem</span> 
     </span>
    </p>
   </div>
   <div class='ocr_carea' id='block_1_89' title="bbox 286 4522 2630 4597">
    <p class='ocr_par' dir='ltr' id='par_1_89' title="bbox 286 4522 2630 4597">
     <span class='ocr_line' id='line_1_89' title="bbox 286 4522 2630 4597; baseline 0.002 -21"><span class='ocrx_word' id='word_1_638' title='bbox 286 4522 519 4577; x_wconf 88' lang='lat' dir='ltr'>abunde</span> <span class='ocrx_word' id='word_1_639' title='bbox 551 4522 681 4592; x_wconf 90' lang='lat' dir='ltr'>fuit,</span> <span class='ocrx_word' id='word_1_640' title='bbox 714 4524 870 4594; x_wconf 91' lang='lat' dir='ltr'>quod</span> <span class='ocrx_word' id='word_1_641' title='bbox 902 4523 1272 4595; x_wconf 90' lang='lat' dir='ltr'>imperatoris</span> <span class='ocrx_word' id='word_1_642' title='bbox 1301 4523 1659 4580; x_wconf 87' lang='lat' dir='ltr'>voluntatem</span> <span class='ocrx_word' id='word_1_643' title='bbox 1692 4541 1801 4580; x_wconf 90' lang='lat' dir='ltr'>sua</span> <span class='ocrx_word' id='word_1_644' title='bbox 1833 4523 2177 4580; x_wconf 90' lang='lat' dir='ltr'>crudelitate</span> <span class='ocrx_word' id='word_1_645' title='bbox 2207 4528 2630 4597; x_wconf 78' lang='lat' dir='ltr'>superassent?</span> 
     </span>
    </p>
   </div>
   <div class='ocr_carea' id='block_1_90' title="bbox 357 4608 1940 4688">
    <p class='ocr_par' dir='ltr' id='par_1_90' title="bbox 357 4608 1940 4688">
     <span class='ocr_line' id='line_1_90' title="bbox 357 4608 1940 4688; baseline 0.001 -24"><span class='ocrx_word' id='word_1_646' title='bbox 357 4611 411 4666; x_wconf 84' lang='lat' dir='ltr'>I&#39;.</span> <span class='ocrx_word' id='word_1_647' title='bbox 448 4611 608 4686; x_wconf 75' lang='grc' dir='ltr'>’Ἀρτι</span> <span class='ocrx_word' id='word_1_648' title='bbox 644 4610 737 4683; x_wconf 79' lang='grc' dir='ltr'>μὶν</span> <span class='ocrx_word' id='word_1_649' title='bbox 786 4611 813 4666; x_wconf 87' lang='grc' dir='ltr'>ὁ</span> <span class='ocrx_word' id='word_1_650' title='bbox 848 4608 1101 4686; x_wconf 88' lang='grc' dir='ltr'>λαμπρὸς</span> <span class='ocrx_word' id='word_1_651' title='bbox 1152 4609 1397 4687; x_wconf 83' lang='grc' dir='ltr'>διωγμὸς</span> <span class='ocrx_word' id='word_1_652' title='bbox 1453 4612 1571 4688; x_wconf 78' lang='grc' dir='ltr'>εἶχε</span> <span class='ocrx_word' id='word_1_653' title='bbox 1616 4614 1801 4688; x_wconf 71' lang='grc' dir='ltr'>πέρας,</span> <span class='ocrx_word' id='word_1_654' title='bbox 1850 4614 1940 4668; x_wconf 83' lang='grc' dir='ltr'>καὶ</span> 
     </span>
    </p>
   </div>
   <div class='ocr_carea' id='block_1_91' title="bbox 352 4772 1427 4845">
    <p class='ocr_par' dir='ltr' id='par_1_91' title="bbox 352 4772 1427 4845">
     <span class='ocr_line' id='line_1_91' title="bbox 352 4772 1427 4845; baseline -0.001 -16"><span class='ocrx_word' id='word_1_655' title='bbox 352 4773 395 4807; x_wconf 77' lang='grc'>⁴⁷</span> <span class='ocrx_word' id='word_1_656' title='bbox 424 4776 558 4829; x_wconf 92' lang='lat' dir='ltr'>Luc.</span> <span class='ocrx_word' id='word_1_657' title='bbox 589 4788 713 4843; x_wconf 86' lang='lat' dir='ltr'>vm,</span> <span class='ocrx_word' id='word_1_658' title='bbox 746 4772 835 4828; x_wconf 89' lang='lat'>30.</span> <span class='ocrx_word' id='word_1_659' title='bbox 914 4772 957 4807; x_wconf 72' lang='lat'><strong>“</strong></span> <span class='ocrx_word' id='word_1_660' title='bbox 988 4772 1138 4829; x_wconf 89' lang='lat' dir='ltr'>Psal.</span> <span class='ocrx_word' id='word_1_661' title='bbox 1173 4790 1342 4845; x_wconf 83' lang='lat' dir='ltr'>Lxm,</span> <span class='ocrx_word' id='word_1_662' title='bbox 1373 4774 1427 4828; x_wconf 90' lang='lat'>8.</span> 
     </span>
    </p>
   </div>
   <div class='ocr_carea' id='block_1_92' title="bbox 279 4940 1937 5015">
    <p class='ocr_par' dir='ltr' id='par_1_92' title="bbox 279 4940 1937 5015">
     <span class='ocr_line' id='line_1_92' title="bbox 279 4940 1937 5015; baseline 0.001 -19"><span class='ocrx_word' id='word_1_663' title='bbox 279 4940 523 5015; x_wconf 85' lang='lat' dir='ltr'>tinopoli</span> <span class='ocrx_word' id='word_1_664' title='bbox 578 4940 783 5015; x_wconf 83' lang='lat' dir='ltr'>Novati</span> <span class='ocrx_word' id='word_1_665' title='bbox 832 4940 1048 4997; x_wconf 88' lang='lat' dir='ltr'>erroris</span> <span class='ocrx_word' id='word_1_666' title='bbox 1092 4941 1393 5015; x_wconf 61' lang='lat' dir='ltr'>reliquie;</span> <span class='ocrx_word' id='word_1_667' title='bbox 1452 4943 1552 5015; x_wconf 87' lang='lat' dir='ltr'>sed</span> <span class='ocrx_word' id='word_1_668' title='bbox 1590 4942 1733 5015; x_wconf 87' lang='lat' dir='ltr'>quia</span> <span class='ocrx_word' id='word_1_669' title='bbox 1762 4942 1937 4998; x_wconf 87' lang='lat' dir='ltr'>Verbi</span> 
     </span>
    </p>
   </div>
   <div class='ocr_carea' id='block_1_93' title="bbox 284 5012 1935 5086">
    <p class='ocr_par' dir='ltr' id='par_1_93' title="bbox 284 5012 1935 5086">
     <span class='ocr_line' id='line_1_93' title="bbox 284 5012 1935 5086; baseline 0.001 -18"><span class='ocrx_word' id='word_1_670' title='bbox 284 5012 957 5086; x_wconf 78' lang='lat' dir='ltr'>consubstantialitatem</span> <span class='ocrx_word' id='word_1_671' title='bbox 1009 5012 1425 5084; x_wconf 83' lang='lat' dir='ltr'>agnoscebant,</span> <span class='ocrx_word' id='word_1_672' title='bbox 1474 5012 1702 5083; x_wconf 82' lang='lat' dir='ltr'>mitius,</span> <span class='ocrx_word' id='word_1_673' title='bbox 1759 5031 1935 5086; x_wconf 89' lang='lat' dir='ltr'>quam</span> 
     </span>
    </p>
   </div>
   <div class='ocr_carea' id='block_1_94' title="bbox 284 5083 1115 5149">
    <p class='ocr_par' dir='ltr' id='par_1_94' title="bbox 284 5083 1115 5149">
     <span class='ocr_line' id='line_1_94' title="bbox 284 5083 1115 5149; baseline 0 -9"><span class='ocrx_word' id='word_1_674' title='bbox 284 5084 381 5140; x_wconf 89' lang='lat' dir='ltr'>alii</span> <span class='ocrx_word' id='word_1_675' title='bbox 417 5083 695 5149; x_wconf 58' lang='lat' dir='ltr'>heretici,</span> <span class='ocrx_word' id='word_1_676' title='bbox 727 5083 909 5138; x_wconf 89' lang='lat' dir='ltr'>habiti</span> <span class='ocrx_word' id='word_1_677' title='bbox 957 5083 1115 5140; x_wconf 79' lang='lat' dir='ltr'>sunt.</span> 
     </span>
    </p>
   </div>
   <div class='ocr_carea' id='block_1_95' title="bbox 356 5153 1356 5225">
    <p class='ocr_par' dir='ltr' id='par_1_95' title="bbox 356 5153 1356 5225">
     <span class='ocr_line' id='line_1_95' title="bbox 356 5153 1356 5225; baseline 0 -18"><span class='ocrx_word' id='word_1_678' title='bbox 356 5154 466 5225; x_wconf 82' lang='lat'>(27)</span> <span class='ocrx_word' id='word_1_679' title='bbox 496 5155 620 5220; x_wconf 73' lang='grc' dir='ltr'>Τῆς.</span> <span class='ocrx_word' id='word_1_680' title='bbox 654 5153 744 5225; x_wconf 81' lang='lat' dir='ltr'>S_ic</span> <span class='ocrx_word' id='word_1_681' title='bbox 775 5154 869 5209; x_wconf 72' lang='grc' dir='ltr'>ΟΡ.</span> <span class='ocrx_word' id='word_1_682' title='bbox 907 5157 954 5209; x_wconf 88' lang='grc'>1.</span> <span class='ocrx_word' id='word_1_683' title='bbox 991 5157 1051 5210; x_wconf 82' lang='lat' dir='ltr'>In</span> <span class='ocrx_word' id='word_1_684' title='bbox 1088 5156 1203 5222; x_wconf 86' lang='lat' dir='ltr'>ed.,</span> <span class='ocrx_word' id='word_1_685' title='bbox 1237 5157 1356 5208; x_wconf 88' lang='grc' dir='ltr'>τοῦ.</span> 
     </span>
    </p>
   </div>
   <div class='ocr_carea' id='block_1_96' title="bbox 357 5221 1934 5296">
    <p class='ocr_par' dir='ltr' id='par_1_96' title="bbox 357 5221 1934 5296">
     <span class='ocr_line' id='line_1_96' title="bbox 357 5221 1934 5296; baseline 0.004 -18"><span class='ocrx_word' id='word_1_686' title='bbox 357 5221 469 5296; x_wconf 83' lang='grc'>(28)</span> <span class='ocrx_word' id='word_1_687' title='bbox 501 5221 919 5295; x_wconf 84' lang='grc' dir='ltr'>Ἐκμελετήσας.</span> <span class='ocrx_word' id='word_1_688' title='bbox 974 5248 1001 5274; x_wconf 86' lang='grc'>‹‹</span> <span class='ocrx_word' id='word_1_689' title='bbox 1040 5221 1348 5282; x_wconf 72' lang='lat' dir='ltr'>Meditatus</span> <span class='ocrx_word' id='word_1_690' title='bbox 1378 5232 1555 5295; x_wconf 89' lang='lat' dir='ltr'>esset,</span> <span class='ocrx_word' id='word_1_691' title='bbox 1588 5226 1647 5281; x_wconf 92' lang='lat' dir='ltr'>in</span> <span class='ocrx_word' id='word_1_692' title='bbox 1696 5243 1758 5283; x_wconf 91' lang='lat' dir='ltr'>se</span> <span class='ocrx_word' id='word_1_693' title='bbox 1798 5244 1934 5283; x_wconf 90' lang='lat' dir='ltr'>con-</span> 
     </span>
    </p>
   </div>
   <div class='ocr_carea' id='block_1_97' title="bbox 282 5296 1937 5370">
    <p class='ocr_par' dir='ltr' id='par_1_97' title="bbox 282 5296 1937 5370">
     <span class='ocr_line' id='line_1_97' title="bbox 282 5296 1937 5370; baseline 0.002 -19"><span class='ocrx_word' id='word_1_694' title='bbox 282 5297 555 5370; x_wconf 85' lang='lat' dir='ltr'>cepisset.</span> <span class='ocrx_word' id='word_1_695' title='bbox 592 5316 617 5347; x_wconf 78' lang='grc' dir='ltr'>ιι</span> <span class='ocrx_word' id='word_1_696' title='bbox 669 5296 796 5370; x_wconf 77' lang='lat' dir='ltr'>Non</span> <span class='ocrx_word' id='word_1_697' title='bbox 831 5300 902 5352; x_wconf 89' lang='lat' dir='ltr'>ab</span> <span class='ocrx_word' id='word_1_698' title='bbox 935 5299 1047 5353; x_wconf 87' lang='lat' dir='ltr'>alio</span> <span class='ocrx_word' id='word_1_699' title='bbox 1075 5299 1309 5369; x_wconf 90' lang='lat' dir='ltr'>quidem</span> <span class='ocrx_word' id='word_1_700' title='bbox 1344 5300 1689 5370; x_wconf 83' lang='lat' dir='ltr'>pestiferum</span> <span class='ocrx_word' id='word_1_701' title='bbox 1723 5301 1937 5369; x_wconf 88' lang='lat' dir='ltr'>dogma</span> 
     </span>
    </p>
   </div>
   <div class='ocr_carea' id='block_1_98' title="bbox 282 5368 1934 5441">
    <p class='ocr_par' dir='ltr' id='par_1_98' title="bbox 282 5368 1934 5441">
     <span class='ocr_line' id='line_1_98' title="bbox 282 5368 1934 5441; baseline 0.003 -20"><span class='ocrx_word' id='word_1_702' title='bbox 282 5368 788 5441; x_wconf 84' lang='lat' dir='ltr'>didiceratArius;</span> <span class='ocrx_word' id='word_1_703' title='bbox 812 5374 1013 5424; x_wconf 89' lang='lat' dir='ltr'>auctor</span> <span class='ocrx_word' id='word_1_704' title='bbox 1031 5368 1188 5425; x_wconf 85' lang='lat' dir='ltr'>enim</span> <span class='ocrx_word' id='word_1_705' title='bbox 1212 5368 1489 5441; x_wconf 48' lang='lat' dir='ltr'>ipse—fuit.</span> <span class='ocrx_word' id='word_1_706' title='bbox 1507 5369 1654 5425; x_wconf 88' lang='lat' dir='ltr'>Male</span> <span class='ocrx_word' id='word_1_707' title='bbox 1676 5368 1856 5440; x_wconf 82' lang='lat' dir='ltr'>igitur</span> <span class='ocrx_word' id='word_1_708' title='bbox 1877 5372 1934 5426; x_wconf 92' lang='lat' dir='ltr'>in</span> 
     </span>
    </p>
   </div>
   <div class='ocr_carea' id='block_1_99' title="bbox 281 5439 1929 5514">
    <p class='ocr_par' dir='ltr' id='par_1_99' title="bbox 281 5439 1929 5514">
     <span class='ocr_line' id='line_1_99' title="bbox 281 5439 1929 5514; baseline 0.002 -19"><span class='ocrx_word' id='word_1_709' title='bbox 281 5440 463 5514; x_wconf 79' lang='lat' dir='ltr'>editis</span> <span class='ocrx_word' id='word_1_710' title='bbox 482 5462 509 5489; x_wconf 88' lang='grc'><em>‹‹</em></span> <span class='ocrx_word' id='word_1_711' title='bbox 529 5439 847 5514; x_wconf 84' lang='lat' dir='ltr'>didicisset.</span> <span class='ocrx_word' id='word_1_712' title='bbox 868 5466 888 5492; x_wconf 78' lang='grc' dir='ltr'>ι</span> <span class='ocrx_word' id='word_1_713' title='bbox 916 5439 1589 5514; x_wconf 28' lang='lat' dir='ltr'>Nectamen‘culpandus</span> <span class='ocrx_word' id='word_1_714' title='bbox 1604 5446 1692 5497; x_wconf 91' lang='lat' dir='ltr'>est</span> <span class='ocrx_word' id='word_1_715' title='bbox 1705 5442 1929 5509; x_wconf 87' lang='lat' dir='ltr'>Billius,</span> 
     </span>
    </p>
   </div>
   <div class='ocr_carea' id='block_1_100' title="bbox 282 5511 1930 5582">
    <p class='ocr_par' dir='ltr' id='par_1_100' title="bbox 282 5511 1930 5582">
     <span class='ocr_line' id='line_1_100' title="bbox 282 5511 1930 5582; baseline 0.001 -15"><span class='ocrx_word' id='word_1_716' title='bbox 282 5529 419 5568; x_wconf 89' lang='lat' dir='ltr'>cum</span> <span class='ocrx_word' id='word_1_717' title='bbox 452 5512 508 5565; x_wconf 90' lang='lat' dir='ltr'>in</span> <span class='ocrx_word' id='word_1_718' title='bbox 542 5511 729 5582; x_wconf 89' lang='lat' dir='ltr'>prima</span> <span class='ocrx_word' id='word_1_719' title='bbox 752 5513 1003 5582; x_wconf 90' lang='lat' dir='ltr'>editione</span> <span class='ocrx_word' id='word_1_720' title='bbox 1032 5512 1280 5582; x_wconf 82' lang='lat' dir='ltr'>legatur,</span> <span class='ocrx_word' id='word_1_721' title='bbox 1315 5537 1341 5561; x_wconf 92' lang='grc'>‹‹</span> <span class='ocrx_word' id='word_1_722' title='bbox 1362 5511 1682 5569; x_wconf 78' lang='lat' dir='ltr'>meditatus</span> <span class='ocrx_word' id='word_1_723' title='bbox 1704 5519 1876 5569; x_wconf 90' lang='lat' dir='ltr'>esset.</span> <span class='ocrx_word' id='word_1_724' title='bbox 1904 5537 1930 5563; x_wconf 85' lang='grc'>››</span> 
     </span>
    </p>
   </div>
   <div class='ocr_carea' id='block_1_101' title="bbox 356 5581 1931 5657">
    <p class='ocr_par' dir='ltr' id='par_1_101' title="bbox 356 5581 1931 5657">
     <span class='ocr_line' id='line_1_101' title="bbox 356 5581 1931 5657; baseline 0.001 -21"><span class='ocrx_word' id='word_1_725' title='bbox 356 5583 469 5657; x_wconf 81' lang='grc'>(29)</span> <span class='ocrx_word' id='word_1_726' title='bbox 502 5581 722 5657; x_wconf 72' lang='grc' dir='ltr'>Πονηρά</span> <span class='ocrx_word' id='word_1_727' title='bbox 776 5581 1057 5657; x_wconf 63' lang='grc' dir='ltr'>βασιλεία.Δ</span> <span class='ocrx_word' id='word_1_728' title='bbox 1093 5581 1284 5657; x_wconf 72' lang='lat' dir='ltr'>Schol.</span> <span class='ocrx_word' id='word_1_729' title='bbox 1325 5600 1337 5639; x_wconf 90' lang='lat'>:</span> <span class='ocrx_word' id='word_1_730' title='bbox 1376 5586 1563 5657; x_wconf 51' lang='lat' dir='ltr'>Olim:</span> <span class='ocrx_word' id='word_1_731' title='bbox 1622 5586 1719 5657; x_wconf 76' lang='grc' dir='ltr'>τὴν</span> <span class='ocrx_word' id='word_1_732' title='bbox 1776 5591 1931 5640; x_wconf 88' lang='grc' dir='ltr'>Κων-</span> 
     </span>
    </p>
   </div>
   <div class='ocr_carea' id='block_1_102' title="bbox 281 5651 1928 5732">
    <p class='ocr_par' dir='ltr' id='par_1_102' title="bbox 281 5651 1928 5732">
     <span class='ocr_line' id='line_1_102' title="bbox 281 5651 1928 5732; baseline 0.002 -25"><span class='ocrx_word' id='word_1_733' title='bbox 281 5651 534 5732; x_wconf 69' lang='grc' dir='ltr'>σταντίιου</span> <span class='ocrx_word' id='word_1_734' title='bbox 579 5651 784 5732; x_wconf 36' lang='grc' dir='ltr'>,λέγειν</span> <span class='ocrx_word' id='word_1_735' title='bbox 813 5652 1307 5732; x_wconf 14' lang='grc' dir='ltr'>αὐτόνἠἰπιφῗᾷρειῳ</span> <span class='ocrx_word' id='word_1_736' title='bbox 1328 5656 1428 5731; x_wconf 69' lang='grc' dir='ltr'>γὰρ</span> <span class='ocrx_word' id='word_1_737' title='bbox 1470 5651 1573 5732; x_wconf 62' lang='grc' dir='ltr'>’τήν</span> <span class='ocrx_word' id='word_1_738' title='bbox 1625 5651 1746 5728; x_wconf 73' lang='grc' dir='ltr'>ἑξῆς</span> <span class='ocrx_word' id='word_1_739' title='bbox 1800 5658 1928 5732; x_wconf 60' lang='grc' dir='ltr'>Ἰους</span> 
     </span>
    </p>
   </div>
   <div class='ocr_carea' id='block_1_103' title="bbox 282 5722 1932 5799">
    <p class='ocr_par' dir='ltr' id='par_1_103' title="bbox 282 5722 1932 5799">
     <span class='ocr_line' id='line_1_103' title="bbox 282 5722 1932 5799; baseline 0.001 -18"><span class='ocrx_word' id='word_1_740' title='bbox 282 5722 475 5782; x_wconf 88' lang='grc' dir='ltr'>λιανοῦ</span> <span class='ocrx_word' id='word_1_741' title='bbox 507 5723 595 5781; x_wconf 78' lang='grc' dir='ltr'>καὶ</span> <span class='ocrx_word' id='word_1_742' title='bbox 626 5722 944 5791; x_wconf 69' lang='grc' dir='ltr'>Ούάλεντος.</span> <span class='ocrx_word' id='word_1_743' title='bbox 1003 5722 1209 5799; x_wconf 69' lang='grc' dir='ltr'>Σκοπιῖί</span> <span class='ocrx_word' id='word_1_744' title='bbox 1244 5722 1351 5781; x_wconf 70' lang='grc' dir='ltr'>οὖν’</span> <span class='ocrx_word' id='word_1_745' title='bbox 1384 5722 1490 5782; x_wconf 69' lang='grc' dir='ltr'>τινι</span> <span class='ocrx_word' id='word_1_746' title='bbox 1533 5722 1590 5783; x_wconf 64' lang='grc' dir='ltr'>ἰν</span> <span class='ocrx_word' id='word_1_747' title='bbox 1630 5722 1749 5788; x_wconf 68' lang='grc' dir='ltr'>τοῖς</span> <span class='ocrx_word' id='word_1_748' title='bbox 1798 5726 1932 5783; x_wconf 76' lang='grc' dir='ltr'>κατὰ</span> 
     </span>
    </p>
   </div>
   <div class='ocr_carea' id='block_1_104' title="bbox 2119 4612 3694 4687">
    <p class='ocr_par' dir='ltr' id='par_1_104' title="bbox 2119 4612 3694 4687">
     <span class='ocr_line' id='line_1_104' title="bbox 2119 4612 3694 4687; baseline 0 -17"><span class='ocrx_word' id='word_1_749' title='bbox 2119 4614 2185 4670; x_wconf 92' lang='grc' dir='ltr'><strong>Χ.</strong></span> <span class='ocrx_word' id='word_1_750' title='bbox 2219 4614 2330 4670; x_wconf 89' lang='lat' dir='ltr'>Sed</span> <span class='ocrx_word' id='word_1_751' title='bbox 2377 4616 2497 4687; x_wconf 89' lang='lat' dir='ltr'>jam</span> <span class='ocrx_word' id='word_1_752' title='bbox 2547 4613 2782 4670; x_wconf 89' lang='lat' dir='ltr'>interim</span> <span class='ocrx_word' id='word_1_753' title='bbox 2828 4613 3135 4687; x_wconf 88' lang='lat' dir='ltr'>splendida</span> <span class='ocrx_word' id='word_1_754' title='bbox 3162 4612 3489 4686; x_wconf 89' lang='lat' dir='ltr'>persecutio</span> <span class='ocrx_word' id='word_1_755' title='bbox 3518 4612 3694 4670; x_wconf 78' lang='lat' dir='ltr'>tinem</span> 
     </span>
    </p>
   </div>
   <div class='ocr_carea' id='block_1_105' title="bbox 2045 4941 3702 5003">
    <p class='ocr_par' dir='ltr' id='par_1_105' title="bbox 2045 4941 3702 5003">
     <span class='ocr_line' id='line_1_105' title="bbox 2045 4941 3702 5003; baseline 0.002 -6"><span class='ocrx_word' id='word_1_756' title='bbox 2045 4942 2346 4998; x_wconf 85' lang='grc' dir='ltr'>Ἰουλιανοῦ</span> <span class='ocrx_word' id='word_1_757' title='bbox 2378 4941 2581 4999; x_wconf 76' lang='grc' dir='ltr'>ἐπαινεῖ</span> <span class='ocrx_word' id='word_1_758' title='bbox 2610 4942 2991 5000; x_wconf 84' lang='grc' dir='ltr'>Κωνστάντιον·</span> <span class='ocrx_word' id='word_1_759' title='bbox 3047 4970 3074 4996; x_wconf 87' lang='grc'>‹‹</span> <span class='ocrx_word' id='word_1_760' title='bbox 3109 4946 3253 5003; x_wconf 90' lang='lat' dir='ltr'>Puto</span> <span class='ocrx_word' id='word_1_761' title='bbox 3283 4963 3417 5003; x_wconf 90' lang='lat' dir='ltr'>eum</span> <span class='ocrx_word' id='word_1_762' title='bbox 3451 4947 3522 5003; x_wconf 91' lang='lat' dir='ltr'>de</span> <span class='ocrx_word' id='word_1_763' title='bbox 3549 4947 3702 5003; x_wconf 90' lang='lat' dir='ltr'>Con-</span> 
     </span>
    </p>
   </div>
   <div class='ocr_carea' id='block_1_106' title="bbox 2046 5016 3693 5091">
    <p class='ocr_par' dir='ltr' id='par_1_106' title="bbox 2046 5016 3693 5091">
     <span class='ocr_line' id='line_1_106' title="bbox 2046 5016 3693 5091; baseline 0.001 -21"><span class='ocrx_word' id='word_1_764' title='bbox 2046 5016 2522 5091; x_wconf 73' lang='lat' dir='ltr'>stantiiimperio</span> <span class='ocrx_word' id='word_1_765' title='bbox 2561 5017 2720 5091; x_wconf 89' lang='lat' dir='ltr'>loqui</span> <span class='ocrx_word' id='word_1_766' title='bbox 2749 5036 2762 5086; x_wconf 94' lang='lat'><strong>;</strong></span> <span class='ocrx_word' id='word_1_767' title='bbox 2813 5034 2950 5074; x_wconf 91' lang='lat' dir='ltr'>nam</span> <span class='ocrx_word' id='word_1_768' title='bbox 2998 5018 3059 5074; x_wconf 91' lang='lat' dir='ltr'>in</span> <span class='ocrx_word' id='word_1_769' title='bbox 3090 5019 3498 5091; x_wconf 80' lang='lat' dir='ltr'>sequentibus</span> <span class='ocrx_word' id='word_1_770' title='bbox 3529 5018 3693 5091; x_wconf 83' lang='lat' dir='ltr'>addit</span> 
     </span>
    </p>
   </div>
   <div class='ocr_carea' id='block_1_107' title="bbox 2044 5087 3690 5163">
    <p class='ocr_par' dir='ltr' id='par_1_107' title="bbox 2044 5087 3690 5163">
     <span class='ocr_line' id='line_1_107' title="bbox 2044 5087 3690 5163; baseline 0.002 -21"><span class='ocrx_word' id='word_1_771' title='bbox 2044 5087 2657 5163; x_wconf 18' lang='lat' dir='ltr'>J‘uliani‘etivalentis</span> <span class='ocrx_word' id='word_1_772' title='bbox 2698 5090 3039 5163; x_wconf 51' lang='lat' dir='ltr'>imperium,</span> <span class='ocrx_word' id='word_1_773' title='bbox 3075 5087 3244 5147; x_wconf 82' lang='lat' dir='ltr'>Certo</span> <span class='ocrx_word' id='word_1_774' title='bbox 3275 5090 3470 5163; x_wconf 88' lang='lat' dir='ltr'>itaque</span> <span class='ocrx_word' id='word_1_775' title='bbox 3500 5089 3690 5163; x_wconf 85' lang='lat' dir='ltr'>consi-</span> 
     </span>
    </p>
   </div>
   <div class='ocr_carea' id='block_1_108' title="bbox 2043 5159 3691 5286">
    <p class='ocr_par' dir='ltr' id='par_1_108' title="bbox 2043 5159 3691 5286">
     <span class='ocr_line' id='line_1_108' title="bbox 2043 5159 3691 5286; baseline 0.001 -73"><span class='ocrx_word' id='word_1_776' title='bbox 2043 5159 2621 5286; x_wconf 47' lang='lat' dir='ltr'>lio,dint0rationibus</span> <span class='ocrx_word' id='word_1_777' title='bbox 2643 5159 2923 5217; x_wconf 81' lang='lat' dir='ltr'>adversus</span> <span class='ocrx_word' id='word_1_778' title='bbox 2944 5161 3267 5234; x_wconf 85' lang='lat' dir='ltr'>Julianum,</span> <span class='ocrx_word' id='word_1_779' title='bbox 3287 5159 3691 5219; x_wconf 80' lang='lat' dir='ltr'>Constantium</span> 
     </span>
     <span class='ocr_line' id='line_1_109' title="bbox 2069 5248 2322 5286; baseline -0.012 0"><span class='ocrx_word' id='word_1_780' title='bbox 2069 5248 2139 5286; x_wconf 89' lang='lat' dir='ltr'>au</span> <span class='ocrx_word' id='word_1_781' title='bbox 2188 5248 2220 5286; x_wconf 91' lang='lat' dir='ltr'>a</span> <span class='ocrx_word' id='word_1_782' title='bbox 2253 5273 2264 5286; x_wconf 95' lang='lat'>.</span> <span class='ocrx_word' id='word_1_783' title='bbox 2301 5254 2322 5283; x_wconf 72' lang='grc' dir='ltr'><strong><em>ι</em></strong></span> 
     </span>
    </p>
   </div>
   <div class='ocr_carea' id='block_1_109' title="bbox 2069 5248 3409 5376">
    <p class='ocr_par' dir='ltr' id='par_1_109' title="bbox 2069 5248 3409 5376">
     <span class='ocr_line' id='line_1_110' title="bbox 2069 5248 3409 5376; baseline -0.002 -12"><span class='ocrx_word' id='word_1_784' title='bbox 2069 5248 2475 5373; x_wconf 44' lang='grc' dir='ltr'>ιι(διὸλιῖίίίναζῇ.</span> <span class='ocrx_word' id='word_1_785' title='bbox 2508 5308 2646 5360; x_wconf 89' lang='lat' dir='ltr'>Tres</span> <span class='ocrx_word' id='word_1_786' title='bbox 2674 5305 2878 5376; x_wconf 77' lang='lat' dir='ltr'>Regg.,</span> <span class='ocrx_word' id='word_1_787' title='bbox 2910 5309 2967 5360; x_wconf 90' lang='lat' dir='ltr'>et</span> <span class='ocrx_word' id='word_1_788' title='bbox 2997 5306 3091 5361; x_wconf 91' lang='lat' dir='ltr'>0r.</span> <span class='ocrx_word' id='word_1_789' title='bbox 3128 5308 3175 5371; x_wconf 85' lang='grc'>1,</span> <span class='ocrx_word' id='word_1_790' title='bbox 3209 5304 3409 5371; x_wconf 60' lang='lat' dir='ltr'>avara.</span> 
     </span>
    </p>
   </div>
   <div class='ocr_carea' id='block_1_110' title="bbox 2120 5375 3691 5449">
    <p class='ocr_par' dir='ltr' id='par_1_110' title="bbox 2120 5375 3691 5449">
     <span class='ocr_line' id='line_1_111' title="bbox 2120 5375 3691 5449; baseline 0.003 -21"><span class='ocrx_word' id='word_1_791' title='bbox 2120 5375 2230 5444; x_wconf 90' lang='grc'>(31)</span> <span class='ocrx_word' id='word_1_792' title='bbox 2262 5378 2604 5449; x_wconf 66' lang='grc' dir='ltr'>Νομοθετῶν.</span> <span class='ocrx_word' id='word_1_793' title='bbox 2656 5378 3031 5449; x_wconf 81' lang='lat' dir='ltr'>constantius</span> <span class='ocrx_word' id='word_1_794' title='bbox 3064 5378 3303 5449; x_wconf 85' lang='lat' dir='ltr'>impiam</span> <span class='ocrx_word' id='word_1_795' title='bbox 3336 5377 3523 5449; x_wconf 86' lang='lat' dir='ltr'>legem</span> <span class='ocrx_word' id='word_1_796' title='bbox 3555 5394 3691 5433; x_wconf 55' lang='lat' dir='ltr'>sano</span> 
     </span>
    </p>
   </div>
   <div class='ocr_carea' id='block_1_111' title="bbox 2044 5444 3693 5526">
    <p class='ocr_par' dir='ltr' id='par_1_111' title="bbox 2044 5444 3693 5526">
     <span class='ocr_line' id='line_1_112' title="bbox 2044 5444 3693 5526; baseline 0.002 -26"><span class='ocrx_word' id='word_1_797' title='bbox 2044 5444 2146 5526; x_wconf 77' lang='lat' dir='ltr'>xit,</span> <span class='ocrx_word' id='word_1_798' title='bbox 2181 5462 2297 5515; x_wconf 88' lang='lat' dir='ltr'>qua</span> <span class='ocrx_word' id='word_1_799' title='bbox 2327 5447 2448 5501; x_wconf 86' lang='lat' dir='ltr'>voci</span> <span class='ocrx_word' id='word_1_800' title='bbox 2481 5447 2783 5519; x_wconf 88' lang='grc' dir='ltr'>ὁμοουσίῳ,</span> <span class='ocrx_word' id='word_1_801' title='bbox 2815 5466 3010 5505; x_wconf 89' lang='lat' dir='ltr'>vocem</span> <span class='ocrx_word' id='word_1_802' title='bbox 3045 5444 3360 5521; x_wconf 76' lang='grc' dir='ltr'>ὁμοίούσιον</span> <span class='ocrx_word' id='word_1_803' title='bbox 3394 5444 3693 5520; x_wconf 38' lang='lat' dir='ltr'>“subroga-</span> 
     </span>
    </p>
   </div>
   <div class='ocr_carea' id='block_1_112' title="bbox 2040 5520 3690 5715">
    <p class='ocr_par' dir='ltr' id='par_1_112' title="bbox 2040 5520 3690 5715">
     <span class='ocr_line' id='line_1_113' title="bbox 2040 5520 3090 5571; baseline 0.004 0"><span class='ocrx_word' id='word_1_804' title='bbox 2040 5520 2141 5571; x_wconf 89' lang='lat' dir='ltr'>vit.</span> <span class='ocrx_word' id='word_1_805' title='bbox 3086 5520 3090 5521; x_wconf 59' lang='grc'><strong><em>⁷</em></strong></span> 
     </span>
     <span class='ocr_line' id='line_1_114' title="bbox 2043 5584 3690 5715; baseline 0.005 -75"><span class='ocrx_word' id='word_1_806' title='bbox 2043 5658 2054 5670; x_wconf 44' lang='grc'>.</span> <span class='ocrx_word' id='word_1_807' title='bbox 2254 5586 2338 5714; x_wconf 53' lang='lat' dir='ltr'>Tt:</span> <span class='ocrx_word' id='word_1_808' title='bbox 2382 5584 2548 5661; x_wconf 77' lang='grc' dir='ltr'>δεινά,</span> <span class='ocrx_word' id='word_1_809' title='bbox 2593 5610 2720 5651; x_wconf 87' lang='grc' dir='ltr'>τους</span> <span class='ocrx_word' id='word_1_810' title='bbox 2762 5595 3271 5667; x_wconf 87' lang='grc' dir='ltr'>προσεπινοοῦντας.</span> <span class='ocrx_word' id='word_1_811' title='bbox 3306 5596 3435 5647; x_wconf 70' lang='lat' dir='ltr'>Haec</span> <span class='ocrx_word' id='word_1_812' title='bbox 3475 5592 3690 5649; x_wconf 88' lang='lat' dir='ltr'>desunt</span> 
     </span>
     <span class='ocr_line' id='line_1_115' title="bbox 2040 5676 2421 5715; baseline 0.003 -1"><span class='ocrx_word' id='word_1_813' title='bbox 2040 5676 2098 5714; x_wconf 76' lang='lat' dir='ltr'>In</span> <span class='ocrx_word' id='word_1_814' title='bbox 2181 5676 2268 5715; x_wconf 65' lang='grc' dir='ltr'>θα.</span> <span class='ocrx_word' id='word_1_815' title='bbox 2344 5676 2421 5715; x_wconf 67' lang='grc' dir='ltr'>Π).</span> 
     </span>
    </p>
   </div>
   <div class='ocr_carea' id='block_1_113' title="bbox 2039 5676 2936 5805">
    <p class='ocr_par' dir='ltr' id='par_1_113' title="bbox 2039 5676 2936 5805">
     <span class='ocr_line' id='line_1_116' title="bbox 2039 5676 2421 5733; baseline 0.003 -19"><span class='ocrx_word' id='word_1_816' title='bbox 2039 5676 2098 5714; x_wconf 83' lang='lat' dir='ltr'>1n</span> <span class='ocrx_word' id='word_1_817' title='bbox 2133 5676 2268 5733; x_wconf 76' lang='lat' dir='ltr'>ueg.</span> <span class='ocrx_word' id='word_1_818' title='bbox 2306 5676 2421 5715; x_wconf 85' lang='lat' dir='ltr'>om.</span> 
     </span>
     <span class='ocr_line' id='line_1_117' title="bbox 2110 5730 2936 5805; baseline 0.006 -18"><span class='ocrx_word' id='word_1_819' title='bbox 2110 5732 2222 5805; x_wconf 92' lang='lat'>(33)</span> <span class='ocrx_word' id='word_1_820' title='bbox 2254 5730 2446 5788; x_wconf 90' lang='grc' dir='ltr'>Μόνον.</span> <span class='ocrx_word' id='word_1_821' title='bbox 2479 5732 2652 5790; x_wconf 92' lang='lat' dir='ltr'>Deest</span> <span class='ocrx_word' id='word_1_822' title='bbox 2680 5733 2741 5790; x_wconf 91' lang='lat' dir='ltr'>in</span> <span class='ocrx_word' id='word_1_823' title='bbox 2772 5738 2936 5792; x_wconf 88' lang='lat' dir='ltr'>Pass.</span> 
     </span>
    </p>
   </div>
  </div>
