4056 6274
316 386 467 447 1211

1554 396 1618 456 S.
1667 392 2040 457 GREGORII
2086 393 2480 454 THEOLOGI

3564 388 3725 448 1212

306 522 746 594 accepit,recteq
759 540 826 578 ue
843 525 1039 581 Persia
1056 543 1296 583 causam
1315 534 1577 585 nostram
1598 528 1961 599 disceptavit,

2087 523 2271 600 Περσὶς
2303 522 2486 585 καλῶς
2511 526 2645 595 ἡμῖν
2698 521 2909 577 ἐδίκασε
2949 521 3039 576 τὸν
3089 518 3374 595 ἀλιτήριον
3419 500 3728 574 καταλύσα-

307 628 587 681 oppresso
622 613 895 668 nimirum
930 627 987 670 et
1019 617 1305 673 exstincto
1334 617 1515 691 impio
1547 618 1647 673 illo
1692 623 1748 672 et
1796 632 1955 672 exse-

309 699 549 768 crando,
598 718 662 757 ac
714 702 1037 759 multorum
1088 707 1441 777 sanguinum
1485 707 1671 779 poenis
1724 706 1796 761 ab
1848 721 1963 759 uno

313 788 599 859 sanguine
630 792 911 863 repetitis.
947 794 1113 849 Nunc
1144 801 1339 851 autem
1368 797 1557 869 turpis
1588 800 1643 851 et
1690 796 1964 849 indecora

311 879 641 946 persecutio
695 883 969 950 cooritur,
1032 901 1181 955 quae,
1240 884 1703 941 Christianorum
1766 889 1962 955 patro-

314 965 535 1020 cinium
569 969 640 1023 ad
673 970 1066 1027 defensionem
1100 973 1413 1044 impietatis
1457 992 1573 1030 sua:
1624 979 1960 1044 praetexens,

308 1070 474 1110 veros
517 1056 879 1114 Christianos
930 1062 1313 1133 aggreditur:
1372 1064 1479 1118 hoc
1527 1062 1727 1132 utique
1777 1061 1962 1115 nomi-

315 1159 386 1197 ne
447 1144 745 1215 superiore
804 1149 1209 1217 persecutione
1266 1150 1561 1219 acerbior,
1622 1150 1776 1220 quod
1838 1154 1962 1203 tum

316 1232 555 1302 quidem
617 1234 861 1291 minime
917 1237 1095 1292 dubia
1151 1242 1208 1293 et
1263 1240 1511 1294 obscura
1567 1244 1690 1294 erat
1748 1242 1962 1309 marty-

318 1337 445 1374 rum
478 1321 815 1393 decertatio,
852 1342 1006 1379 nunc
1038 1343 1169 1382 vero
1201 1345 1291 1382 res
1323 1344 1387 1383 eo
1420 1328 1610 1397 rediit,
1644 1332 1707 1381 ut
1737 1326 1964 1381 crucia-

318 1413 414 1465 tus
464 1426 698 1481 quoque
746 1412 858 1483 ipsi
908 1413 1082 1469 laude
1130 1421 1382 1485 careant,
1417 1417 1623 1471 saltem
1664 1416 1816 1485 apud
1851 1414 1962 1469 ini-

318 1514 467 1568 quos
524 1499 889 1556 cruciatuum
940 1503 1196 1573 judices.
1266 1504 1456 1559 Vultis
1522 1505 1798 1560 omnibus
1865 1503 1963 1573 qui

316 1588 555 1653 adsunt,
589 1595 763 1658 atque
795 1591 930 1645 huic
963 1593 1137 1647 etiam
1186 1595 1450 1660 fortasse,
1505 1593 1828 1664 quamlibet
1874 1593 1963 1646 in-

316 1676 467 1747 signi
527 1677 709 1732 animi
768 1680 975 1735 robore
1034 1697 1099 1735 ac
1158 1682 1465 1737 tolerantia
1522 1682 1784 1754 praedito,
1835 1697 1963 1752 per-

314 1765 865 1837 turbationibusque
887 1768 1068 1823 animi
1102 1770 1453 1837 sublimiori,
1482 1771 1657 1826 unius
1683 1771 1965 1824 duntaxat

317 1870 384 1908 ex
434 1853 546 1920 his,
582 1870 709 1924 quae
759 1860 885 1911 tum
940 1862 1269 1929 perpetrata
1298 1864 1456 1928 sunt,
1493 1860 1842 1928 narratione,
1877 1859 1963 1913 la-

317 1958 547 2013 crymas
578 1946 892 1999 extundam
915 1946 943 2000 ?
992 1947 1195 2002 Testes
1246 1952 1439 2003 autem
1471 1948 1646 2017 hujus
1675 1948 1965 2003 sermonis

317 2031 640 2102 permultos
674 2033 879 2089 habeo.
915 2035 1059 2090 Nam
1108 2038 1179 2091 ad
1227 2037 1440 2092 multos
1482 2037 1659 2107 hujus
1691 2036 1965 2108 supplicii

319 2120 597 2192 tragazdia
628 2123 951 2178 dimanavit
983 2141 995 2179 :
1042 2125 1320 2196 illiusque
1354 2126 1530 2181 etiam
1561 2126 1843 2197 temporis
1874 2126 1965 2179 hi-

320 2210 585 2277 storiam,
618 2212 729 2266 nisi
761 2228 852 2267 me
884 2214 1080 2284 opinio
1111 2214 1279 2280 fallit,
1313 2216 1575 2270 omnium
1620 2214 1967 2269 saeculorum

320 2299 632 2369 posteritas
653 2305 962 2371 exceptura
992 2308 1099 2358 est.
1132 2302 1324 2373 Navis,
1350 2304 1751 2376 presbyterum
1785 2320 1967 2358 unum

322 2391 583 2457 portans,
607 2405 860 2461 eumque
882 2407 995 2446 non
1024 2392 1258 2447 sceleris
1290 2392 1487 2463 ullius,
1513 2393 1609 2449 sed
1636 2393 1767 2447 ﬁdei
1794 2410 1970 2448 causa

324 2476 770 2547 periclitantem,
805 2480 951 2533 mari
984 2481 1387 2546 committitur,
1424 2499 1539 2537 non
1572 2488 1636 2537 ut
1684 2486 1969 2537 vectorem

327 2569 534 2631 servet,
568 2566 668 2619 sed
701 2571 764 2619 ut
795 2568 1015 2637 perdat.
1043 2572 1224 2640 Atque
1251 2571 1301 2624 is
1323 2570 1558 2642 quidem
1592 2570 1691 2641 qui
1721 2570 1971 2625 veheba-

324 2655 442 2720 tur,
479 2656 681 2724 utpote
709 2654 798 2709 vir
827 2656 1039 2727 pietate
1069 2663 1372 2729 prastans,
1398 2658 1593 2714 animo
1622 2671 1747 2713 erat
1775 2675 1971 2729 prom-

328 2745 428 2811 pto
460 2745 516 2796 et
546 2742 743 2798 alacri.
776 2749 978 2800 Comes
1013 2750 1207 2802 autem
1251 2746 1333 2801 illi
1383 2748 1535 2815 ignis
1583 2747 1923 2818 adjungitur
1955 2764 1968 2802 :

327 2845 392 2883 ac
426 2830 678 2886 novitate
708 2849 887 2903 poenae
917 2836 1069 2892 462
1103 2837 1385 2907 majorem
1428 2836 1487 2890 in
1540 2836 1781 2891 modum
1815 2835 1970 2890 laeta-

326 2923 426 2972 tur
491 2926 847 2990 persecutor.
906 2923 1057 2979 Proh
1116 2926 1479 2994 spetaculum
1541 2924 1758 2997 gravel
1822 2924 1968 2979 Proh

328 3021 565 3076 gravem
596 3010 932 3079 traguadiam
962 3011 973 3065 l
1016 3012 1190 3068 Navis
1220 3013 1367 3068 mari
1416 3014 1599 3069 fertur
1633 3031 1645 3068 :
1697 3019 1966 3083 spectan-

326 3094 474 3148 tium
510 3096 824 3154 multitudo
855 3100 926 3154 ad
967 3100 1131 3156 littus
1179 3103 1534 3170 effunditur;
1585 3102 1684 3157 alii
1734 3103 1968 3173 quidem

327 3182 617 3252 laetantur,
668 3185 765 3241 alii
813 3194 1009 3243 autem
1058 3190 1275 3261 lugent.
1309 3192 1569 3255 Quonam
1623 3196 1789 3263 pacto
1846 3207 1967 3246 rem

2072 635 2159 683 σα,
2221 614 2309 667 καὶ
2368 610 2594 667 πολλῶν
2657 613 2900 685 αἱμάτων
2962 607 3354 686 εἰσπραξαμὲνη
3433 606 3589 677 δίκην
3654 604 3726 663 δι’

2073 703 2188 764 ἑνὸς
2218 703 2467 774 αἰματος·
2503 700 2623 777 ἄρτι
2655 698 2712 755 δὲ
2742 700 2769 755 ὁ
2802 699 3049 775 ἀπρεπὴς
3081 695 3330 775 ἄρχεται,
3361 696 3449 752 καὶ
3481 695 3544 752 τό
3575 696 3722 770 ἀμύ-

2071 812 2179 844 νειν
2212 796 2550 865 Χριστιανοῖς
2603 790 2909 865 πρόσχημα
2955 784 3098 865 ἔχων
3145 794 3246 856 τῆς
3295 781 3559 848 ἀσεϐείας.
3603 790 3719 847 τοῖς

2074 879 2292 949 ἀληθῶς
2338 884 2678 954 Χριπιανοῖς
2728 877 3027 955 ἐπιφύεται·
3077 876 3167 931 καὶ
3210 880 3465 931 τοσοῦτον
3513 874 3719 929 ἐκείνου

2072 966 2459 1043 ’χαλεπώτερος
2509 967 2736 1043 γίνεται,
2786 966 2896 1039 ὅσῳ
2942 965 3065 1021 τότε
3113 966 3207 1039 μὶν
3237 967 3271 1033 ἡ
3304 962 3531 1034 ἄθλησις
3562 985 3717 1039 περι-

2073 1055 2364 1131 φανεστέρα
2420 1056 2508 1110 καὶ
2567 1054 2949 1129 λαμπροτέρα,
3006 1060 3095 1107 νῦν
3151 1051 3209 1108 δὲ
3263 1052 3351 1108 καὶ
3408 1053 3470 1107 τὸ
3528 1055 3717 1107 παθεῖν

2072 1143 2424 1221 ἀφιλότιμον,
2452 1144 2599 1219 παρά
2630 1165 2692 1218 γε
2715 1150 2831 1205 τοῖς
2863 1144 2923 1198 οὐ
2976 1141 3205 1204 δικαίοις
3249 1146 3355 1196 τῶν
3387 1146 3574 1205 παθῶν
3618 1138 3717 1195 λο-

2072 1239 2296 1308 γισταῖς.
2356 1232 2628 1289 Βούλεσθε
2687 1230 2890 1303 δάκρυα
2944 1237 3023 1303 τῷ
3065 1230 3271 1306 θεάτρῳ
3319 1232 3525 1300 κινήσω
3580 1232 3718 1302 (34),

2072 1322 2160 1375 καὶ
2210 1321 2356 1393 αὖτῷ
2406 1341 2471 1396 γε
2521 1320 2648 1382 ἴσως
2697 1324 2776 1391 τῷ
2823 1319 3295 1395 καρτερικωτάτῳ,
3344 1319 3433 1374 καὶ
3477 1322 3583 1373 τῶν
3615 1339 3719 1372 πα-

2075 1413 2179 1464 Οῶν
2208 1409 2500 1485 κρείσσονι,
2533 1409 2645 1471 ἐνὸς
2678 1414 2782 1463 τῶν
2822 1408 2944 1463 τότε
2989 1409 3290 1485 γενομένων
3322 1407 3671 1481 ἐπιμνησθείς
3704 1424 3719 1474 ;

2074 1499 2348 1574 Μάρτυρες
2380 1497 2437 1553 δὲ
2465 1496 2668 1553 πολλοὶ
2714 1503 2811 1553 τοῦ
2856 1497 3051 1573 λόγου·
3097 1498 3185 1552 καὶ
3235 1500 3345 1570 (35)
3377 1497 3480 1572 γὰρ
3518 1497 3607 1551 καὶ
3643 1496 3721 1557 εἶς

2072 1586 2320 1650 πολλοὺς
2349 1586 2513 1656 ήλθεν
2542 1590 2577 1657 ἡ
2610 1585 2889 1662 τραγῳδία
2932 1592 3028 1641 τοῦ
3076 1588 3299 1651 πάθους·
3335 1589 3489 1659 οἶμαι
3541 1582 3599 1639 δὲ
3628 1584 3721 1638 καὶ

2074 1680 2101 1732 ὁ
2137 1674 2357 1749 μέλλων
2395 1676 2735 1750 ὑπολήψεται
2767 1676 2967 1752 χρόνος
2997 1680 3093 1731 τοῦ
3125 1672 3320 1749 καιροῦ
3349 1675 3410 1728 τὸ
3442 1671 3610 1747 διήγη
3625 1694 3721 1744 μα.

2075 1771 2214 1828 Ναῦς
2248 1767 2443 1843 φόρτον
2474 1762 2675 1840 ἔχουσα
2720 1770 2827 1819 τῶν
2873 1760 3249 1840 πρεσϐυτέρων
3295 1760 3389 1819 ἕνα
3437 1766 3587 1835 (36),
3631 1760 3722 1816 καί

2071 1860 2261 1910 τοῦτον
2314 1852 2439 1909 οὐδὲ
2489 1855 2620 1930 ὑπὲρ
2665 1859 2833 1908 κακοῦ
2875 1875 3022 1915 τινος
3057 1898 3070 1921 ,
3126 1851 3252 1908 ἀλλ’
3303 1852 3434 1928 ὑπὲρ
3484 1849 3719 1911 πίστεως

2074 1942 2471 2016 κινδυνεύοντα,
2522 1944 2656 1997 κατά
2702 1941 2978 2018 πελάγους
3026 1941 3239 2019 ἀφίεται
3287 1942 3424 2015 (37),
3476 1939 3583 2013 οὐχ
3629 1937 3724 1991 ’ἱνα

2076 2034 2223 2106 σώσῃ
2269 2034 2360 2086 τὸν
2407 2027 2684 2101 ἐπιϐάτην,
2729 2030 2860 2086 ἀλλ’
2900 2029 2991 2085 ’ἱνα
3019 2030 3285 2096 ἀπολέση.
3318 2028 3418 2083 Καὶ
3450 2030 3478 2083 ὁ
3523 2028 3721 2106 φόρτος

2077 2122 2380 2197 πρόθυμος·
2426 2115 2649 2189 εὐσεϐὴς
2700 2120 2820 2196 γάρ.
2868 2120 2965 2174 Καὶ
3013 2124 3119 2195 πῦρ
3166 2124 3245 2192 τῷ
3293 2119 3477 2196 φόρτῳ
3526 2118 3720 2189 συνὲμ-

2077 2230 2268 2287 πορον·
2329 2212 2417 2264 καὶ
2474 2215 2649 2287 τρυφᾷ
2702 2211 2766 2263 τὸ
2820 2209 3001 2263 καινὸν
3058 2210 3170 2281 (38)
3225 2210 3325 2277 τῆς
3374 2206 3651 2267 κολάσεως
3694 2206 3725 2259 ὁ

2080 2299 2339 2369 διώκτης.
2393 2303 2501 2353 Φεῦ
2548 2302 2645 2353 τοῦ
2694 2299 2994 2370 θεάματος1
3030 2301 3140 2351 Φεῦ
3185 2301 3280 2351 τοῦ
3312 2293 3585 2372 δράματος
3613 2296 3626 2350 1
3657 2296 3725 2350 Ἡ

2077 2394 2205 2451 ναῦς
2232 2387 2511 2463 πελάγιος·
2539 2387 2601 2441 τὸ
2653 2388 2871 2462 θέατρον
2927 2386 3013 2441 ἐπὶ
3060 2387 3177 2448 ταῖς
3231 2386 3439 2453 ἀκταῖς,
3469 2389 3574 2439 τῶν
3632 2384 3730 2457 μὲν

2080 2476 2456 2555 ἐφηδομένων,
2489 2482 2594 2530 τῶν
2624 2473 2682 2530 δὲ
2714 2474 3079 2550 ὀδυρομένων.
3115 2480 3237 2537 Πῶς
3270 2475 3327 2529 ἃν
3362 2473 3414 2528 ἐν
3461 2471 3638 2547 ὀλίγῳ
3663 2473 3729 2527 τὸ

2080 2566 2223 2623 πολὺ
2273 2568 2725 2641 παραστήσαιμι;
2786 2565 3071 2619 ἀνάπτεται
3126 2564 3189 2619 τὸ
3245 2568 3374 2639 πῦρ,
3432 2560 3730 2617 δαπανᾶται

2081 2660 2115 2725 ἡ
2148 2660 2294 2727 ναῦς,
2340 2652 2729 2709 συνδαπανᾶται
2780 2656 2808 2708 ὁ
2839 2653 3059 2732 φόρτος,
3110 2657 3216 2727 πῦρ
3262 2650 3413 2706 ὕδατι
3450 2652 3729 2725 μίγνυται,

2079 2744 2166 2799 καὶ
2200 2744 2481 2819 συντρέχει
2522 2744 2590 2797 τὰ
2636 2743 2842 2798 ἐναντία
2894 2743 2969 2804 εἰς
3018 2737 3268 2803 εὐσεϐοῦς
3320 2740 3541 2796 κόλασιν
3569 2784 3583 2810 ,
3633 2740 3726 2793 καὶ

2082 2832 2175 2888 δύο
2235 2838 2481 2908 στοιχεῖα
2535 2832 2589 2887 ἓν
2641 2838 2800 2905 σῶμα
2860 2831 3154 2907 μερίζεται,
3206 2830 3293 2885 καὶ
3342 2830 3546 2906 πυρσὸς
3589 2829 3723 2903 ὑπὲρ

2081 2921 2353 2992 θαλάσσης
2383 2920 2586 2993 αἶ’ρεται
2633 2922 2797 2992 ξένος.
2849 2924 2915 2999 ᾯ
2959 2918 3243 2996 προσῆλθε
3291 2920 3385 2993 μὲν
3423 2918 3569 2994 τάχα
3612 2939 3722 2985 τις,

2080 3013 2155 3074 ὡς
2186 3013 2380 3084 ἡμέρῳ
2406 3011 2494 3065 καὶ
2526 3009 2919 3088 φιλανθρώπῳ·
2953 3008 3270 3085 προσελθὼν
3317 3006 3394 3078 δὲ,
3430 3005 3548 3081 εῦρε
3595 3006 3723 3061 θέα-

2084 3122 2156 3174 μα
2183 3099 2412 3155 ἐλεεινόν
2452 3120 2511 3154 τε
2546 3100 2645 3154 καὶ
2695 3100 2938 3169 ἄπιστον,
2990 3100 3112 3153 ἄνευ
3159 3092 3493 3171 κυϐερνήτου
3522 3094 3723 3163 πλοῦν,

2080 3189 2201 3243 ἄνευ
2255 3192 2527 3263 χειμῶνος
2582 3188 2860 3261 ναυάγιον·
2920 3187 3008 3241 καὶ
3067 3188 3094 3241 ὁ
3144 3180 3504 3262 πρεσϐύτερος
3550 3184 3725 3252 κόνις,

324 3275 548 3327 tantam
582 3275 785 3344 paucis
805 3279 1127 3347 exprimam
1158 3284 1333 3350 atque
1360 3281 1420 3333 in
1451 3285 1690 3352 aspectu
1722 3280 1963 3335 colloca-

2087 3278 2173 3332 καὶ
2206 3275 2330 3331 οὐδὲ
2366 3277 2536 3348 κόνις,
2586 3276 2806 3347 σπαρεὶς
2856 3275 2907 3330 ἐν
2943 3280 3056 3337 τοῖς
3100 3273 3275 3331 ὕδασι.
3331 3274 3428 3329 Καὶ
3473 3271 3598 3328 οὐδὲ
3645 3294 3736 3327 το-

331 3361 451 3416 bo‘?
502 3363 659 3433 Ignis
708 3367 1063 3437 accenditur,
1097 3368 1262 3423 navis
1313 3386 1428 3424 una
1480 3387 1613 3424 cum
1664 3387 1837 3425 onere
1868 3386 1973 3425 suo

333 3451 686 3518 absumitur,
719 3453 871 3523 ignis
902 3472 1064 3526 aquae
1115 3457 1411 3525 miscetur,
1464 3475 1672 3529 resque
1720 3459 1870 3514 inter
1918 3476 1980 3512 se

335 3540 636 3594 contraria;
671 3546 741 3596 ad
786 3542 865 3614 pii
896 3544 999 3597 viri
1034 3546 1389 3617 supplicium
1424 3553 1800 3610 concurrunt,
1834 3548 1977 3603 duo-

335 3645 448 3699 que
479 3630 763 3687 elementa
792 3647 1003 3703 corpus
1036 3649 1219 3688 unum
1254 3635 1608 3705 partiuntur,
1640 3640 1694 3690 et
1725 3653 1870 3691 novo
1902 3640 1982 3691 at-

336 3735 448 3789 que
479 3719 742 3775 inaudito
776 3737 933 3775 more
965 3722 1057 3777 fax
1099 3739 1273 3793 super
1323 3740 1481 3780 mare
1529 3724 1814 3780 attollitur
1846 3742 1858 3779 :
1910 3726 1977 3779 ad

336 3824 534 3877 quam,
557 3814 620 3863 ut
642 3809 956 3882 benignam
978 3816 1035 3865 et
1056 3810 1400 3877 humanam,
1418 3812 1665 3868 fortasse
1688 3814 1980 3885 quispiam

336 3897 618 3961 accessit;
654 3897 889 3969 propior
920 3905 1114 3954 autem
1145 3900 1356 3965 factus,
1382 3901 1782 3956 miserandum
1811 3910 1983 3974 atque

2085 3370 2273 3421 σοῦτον
2306 3368 2341 3435 ἡ
2384 3365 2647 3439 ἱερωσύνη
2685 3370 2701 3438 (
2780 3366 2820 3437 ),
2870 3363 2990 3418 ὅσον
3040 3361 3301 3431 τελευτῆς
3348 3367 3474 3438 γοῦν
3527 3362 3732 3435 εὐσχη-

2093 3453 2413 3529 μονεστέρας
2460 3460 2666 3529 τυχεῖν·
2718 3453 2763 3507 εἰ
2813 3450 2871 3507 δὲ
2918 3453 2992 3525 μὴ
3040 3452 3323 3521 τελευτῆς,
3372 3449 3517 3506 ἀλλᾶ
3561 3453 3739 3527 ταφῆς

2088 3564 2147 3617 γε
2176 3545 2413 3609 πάντως,
2453 3543 2488 3611 ἢ
2534 3541 2622 3595 καὶ
2672 3548 2788 3603 τοῖς
2838 3536 3076 3596 ἀσεϐέσιν
3130 3539 3428 3618 ὀφείλεται.
3487 3545 3742 3599 Τοιοῦτος

2092 3634 2118 3685 ὁ
2147 3636 2243 3686 τοῦ
2286 3626 2510 3692 ἀσεϐοῦς
2558 3630 2772 3692 στόλος·
2819 3635 3064 3684 τοιοῦτον
3111 3635 3207 3684 τοῦ
3257 3625 3511 3691 εὐσεϐοῦς
3562 3630 3622 3683 τὸ
3654 3628 3745 3683 τέ-

2093 3721 2206 3782 λος·
2239 3721 2328 3774 καὶ
2380 3717 2623 3792 οὐδαμοῦ
2671 3725 2777 3796 πῦρ
2807 3722 2919 3793 (40)
2958 3718 3158 3782 ἄνωθεν
3210 3717 3584 3794 εὐαγέστερον,
3616 3714 3749 3772 οὐδὲ

2092 3809 2412 3865 κολαστικὸν
2443 3813 2540 3863 τοῦ
2571 3813 2793 3865 τοιαῦτα
2823 3806 3201 3883 πυρσεύοντος.

336 3984 676 4040 incredibile
696 3987 1094 4058 spectaculum
1119 3989 1352 4060 reperit,
1378 3989 1805 4061 navigationem
1832 3990 1957 4045 sine
1978 3990 2386 4062 gubernatore,
2405 3987 2777 4060 naufragium
2803 3987 2929 4043 sine
2950 3990 3312 4059 tempestate.
3332 3987 3427 4042 Sic
3448 3987 3753 4059 presbyter

340 4074 488 4128 cinis
509 4074 777 4144 efﬁcitur,
804 4075 921 4130 imo
945 4093 1015 4130 ne
1036 4077 1185 4132 cinis
1206 4078 1464 4148 quidem,
1490 4083 1691 4149 utpote
1713 4079 1772 4133 in
1795 4077 1964 4149 aquis
1986 4094 2246 4148 sparsus.
2267 4076 2381 4131 Nec
2402 4092 2535 4131 vero
2556 4075 2863 4131 sacerdotii
2885 4076 3141 4148 dignitas
3166 4076 3312 4131 tanti
3336 4075 3466 4147 fuit,
3486 4080 3550 4130 ut
3572 4075 3753 4131 hone-

342 4160 581 4215 stiorem
611 4161 815 4217 saltem
839 4169 1084 4219 mortem
1112 4170 1598 4235 consequeretur;
1624 4170 1725 4220 aut
1749 4166 1796 4220 si
1822 4183 1936 4220 non
1961 4171 2228 4232 mortem,
2250 4182 2317 4220 ac
2338 4170 2493 4219 certe
2512 4163 2898 4235 sepulturam,
2918 4180 3045 4233 quae
3067 4162 3263 4233 impiis
3288 4163 3463 4218 etiam
3489 4168 3547 4218 et
3573 4163 3755 4218 sacri-

342 4248 488 4320 legis
520 4249 858 4307 hominibus
889 4253 1149 4310 debetur.
1184 4254 1313 4309 Haec
1346 4255 1505 4325 impii
1539 4254 1795 4310 hominis
1824 4256 2051 4311 marina
2083 4253 2374 4325 expeditio
2416 4253 2525 4307 fuit
2557 4270 2569 4309 :
2623 4253 2714 4308 hic
2761 4253 2842 4325 pii
2888 4252 2994 4307 viri
3045 4252 3200 4307 fluis.
3233 4252 3348 4308 Nec
3377 4268 3631 4323 usquam
3677 4252 3755 4307 de

343 4338 484 4393 caelo
517 4338 819 4394 descendit
849 4357 1010 4397 sacer
1039 4343 1212 4413 ignis,
1247 4358 1351 4397 nec
1383 4344 1453 4399 ab
1484 4358 1571 4412 eo,
1604 4344 1704 4415 qui
1736 4344 2074 4413 hujusmodi
2110 4345 2294 4398 facem
2329 4342 2741 4415 navigantibus
2781 4342 3143 4413 prml‘erebat,
3192 4358 3392 4413 pmnas
3442 4340 3701 4412 sumpsit
3735 4342 3753 4395 ι

410 4429 499 4482 XI.
536 4429 646 4483 Sed
681 4429 823 4499 quid
868 4435 1106 4486 externa
1135 4431 1389 4504 colligo?
1433 4433 1519 4487 Ad
1553 4433 1985 4488 dimicationem

2170 4432 2278 4485 lA'.
2333 4427 2508 4486 Ἀλλὰ
2551 4430 2603 4483 τί
2656 4430 2748 4503 μοὶ
2795 4434 2902 4484 τῶν
2955 4427 3192 4499 ἕξωθεν;
3245 4429 3359 4483 Ἐπ’
3418 4427 3584 4495 αὐτὴν
3637 4425 3754 4497 ἤδη

340 4522 505 4572 tuam
533 4519 650 4588 jam
683 4521 1078 4574 accedendum
1110 4524 1218 4587 est,
1267 4526 1441 4593 atque
1490 4521 1561 4576 ad
1614 4527 1714 4577 tua
1757 4522 1973 4593 pietati:

2105 4516 2381 4593 βαδιστέον
2419 4519 2518 4586 τήν
2565 4519 2663 4586 σὴν
2712 4515 2962 4588 ἄθλησιν,
3016 4516 3104 4571 καὶ
3155 4516 3281 4578 τοὺς
3329 4515 3458 4578 σοὺς
3506 4516 3639 4591 ὕπερ
3673 4515 3763 4570 εὖ-

2163 4603 2191 4623 Ω
2233 4607 2243 4623 1
2368 4610 2471 4623 lll\
2546 4607 2559 4623 9
2612 4610 2637 4622 ν
2858 4606 2879 4623 ’l
3019 4612 3044 4623 ιν
3225 4611 3246 4622 θ
3447 4604 3466 4623 κ
3522 4599 3551 4623 ρ
3590 4609 3617 4619 τ

341 4622 519 4661 causa
550 4606 790 4663 tolerata
829 4609 1167 4677 certamina,
1201 4626 1327 4679 qum
1358 4610 1624 4681 pristinis
1654 4611 1772 4665 tuis
1807 4610 1985 4665 virtu-

339 4694 519 4763 tibus,
553 4700 835 4767 tanquam
868 4696 1208 4768 praeclarum
1240 4699 1536 4768 quoddam
1569 4698 1851 4770 sigillum,
1886 4699 1989 4753 im-

342 4785 614 4857 posuisti.
649 4785 894 4858 Vigebat
922 4785 1161 4842 haresis
1192 4788 1412 4843 malum
1446 4790 1505 4843 in
1536 4793 1637 4843 tua
1672 4788 1921 4857 civitate,
1956 4804 1989 4842 a

412 4989 527 5057 (34)
557 4985 945 5059 Κινήσωηδίι)
998 4985 1195 5059 plures
1226 4986 1425 5059 Regg.,
1475 4986 1647 5041 Coisl.
1698 4987 1751 5055 1,
1804 4986 1898 5041 Or.
1933 4988 1987 5053 1,

343 5060 494 5126 Par.,
529 5063 638 5114 etc.
673 5059 731 5111 In
766 5057 927 5125 edit.,
958 5057 1187 5125 νικήσω.

413 5131 525 5202 (35)
558 5127 677 5183 Καί.
712 5132 881 5184 Deest
900 5129 971 5202 jn
1003 5128 1098 5202 Or.
1135 5131 1275 5202 1,__et
1306 5128 1467 5202 Pass.

412 5193 526 5270 (36)
583 5203 696 5274 Τῶν
748 5193 1299 5274 _1tpcg6uréptnv_h'v_a.
1361 5198 1553 5253 Schol.
1589 5198 1772 5274 Δ(1011).
1836 5214 1848 5252 :
1929 5196 1990 5247 0i.

345 5263 560 5343 καέντες
594 5268 643 5323 ἐν
696 5272 776 5343 τῷ
800 5263 1032 5343 ’πλοίω,’
1074 5266 1410 5343 Ἡλιόδωρος
1443 5263 1813 5343 πρεσϐύτερος-
1832 5288 1988 5343 περι-

344 5342 589 5415 οδευτῄς,
640 5335 1079 5415 καιϐεόδουλος
1127 5335 1522 5415 πρεσϐύτερος.
1561 5335 1988 5415 *Ἀπετμήθησαν

344 5360 589 5411 οοευτης,
640 5363 727 5396 και
778 5360 1079 5396 υεοοουλος
1130 5361 1169 5393 π
1209 5360 1522 5415 εσουτερος.
1591 5360 1988 5411 Λπετμηυησαν

344 5413 401 5469 δὲ
430 5412 593 5490 ἄλλοι
691 5410 1137 5490 ἀναγνῶσταιικαῖ
1162 5360 1381 5485 ἱάλται·
1418 5436 1444 5490 (ι
1469 5412 1572 5479 Qui
1608 5415 1995 5490 innavicom-

342 5489 501 5543 busti
535 5484 694 5555 sunt,
729 5484 886 5542 luere
917 5484 1263 5541 Heliodorus
1292 5487 1591 5557 presbyter
1620 5484 1926 5557 icircuitor,
1968 5506 1993 5531 ››

350 5561 403 5613 id
439 5563 549 5623 est,
582 5561 875 5630 inspector,
909 5559 1180 5624 uisitator,
1210 5579 1253 5630 να
1286 5556 1341 5630 et
1372 5556 1710 5612 Theodulus
1756 5557 1995 5630 presby-

345 5636 451 5701 ter.
487 5631 625 5685 Caesi
661 5627 799 5687 sunt
830 5630 1025 5695 etiam,
1063 5628 1340 5685 abscissis
1371 5630 1683 5701 capitibus,
1730 5627 1828 5682 alii
1879 5628 1994 5681 duo

347 5700 592 5757 lectores
624 5706 681 5757 et
719 5706 1004 5758 cantores.
1045 5722 1072 5749 »

2100 4603 2309 4669 σεϐείας
2364 4610 2475 4681 (41)
2535 4607 2767 4683 ἀγῶνας,
2826 4606 2916 4669 οὓς
2975 4612 3104 4660 πᾶσι
3158 4611 3275 4668 τοῖς
3332 4599 3706 4682 προλαϐοῦσιν
3740 4648 3755 4671 ,

2100 4695 2279 4770 ὥσπερ
2327 4698 2445 4751 τινὰ
2490 4693 2755 4773 σφραγῖδα
2800 4697 2998 4765 καλὴν,
3052 4694 3338 4765 ὶπὲθηκας.
3371 4696 3620 4766 ’Ἤκμαζε
3656 4693 3759 4764 μὲν

2097 4784 2147 4839 ἒν
2179 4784 2247 4858 τῇ
2280 4786 2347 4856 σῇ
2377 4783 2535 4840 πόλει
2584 4786 2646 4839 τὸ
2685 4792 2782 4854 τῆς
2834 4783 3088 4860 αἱρέσεως
3134 4783 3335 4853 ταύτης
3384 4782 3572 4855 κακὸν,
3626 4783 3754 4836 ὃθεν

2168 4983 2468 5060 (3⁸1)-Κατὰ
2524 4982 2796 5058 πελάγους
2853 4982 3083 5060 ἀφίεται.
3126 4983 3256 5039 Bill.
3311 5002 3324 5039 :
3388 5006 3409 5031 ι
3469 4982 3530 5038 in
3588 4999 3761 5038 mare

2100 5057 2448 5112 demittitur.
2485 5077 2513 5105 ››

2170 5130 2282 5198 (38)
2312 5129 2380 5180 Τὸ
2411 5125 2611 5198 καινόν.
2648 5125 2922 5198 Nonnulli
2958 5127 3150 5193 codd.,
3181 5123 3261 5197 τῷ
3309 5128 3497 5195 καινῷ.

2150 5194 2625 5285 ’(39)Ἱερωσῦνη.
2686 5198 2778 5253 Sic
2838 5196 3035 5270 plures
3092 5194 3258 5255 codd.
3319 5201 3384 5252 In
3443 5194 3559 5263 ed.,
3609 5194 3765 5267 ἱερο-

2104 5290 2288 5413 σωξῖὸ)
2320 5340 2414 5394 Καὶ
2447 5336 2691 5412 οὐδαμοῦ
2722 5342 2851 5413 πῦρ,
2882 5345 2990 5395 etc.
3028 5339 3179 5396 Elias
3213 5356 3225 5393 :
3280 5361 3306 5413 ι(
3347 5338 3461 5413 Nec
3510 5336 3779 5413 desuper

2107 5409 2358 5484 usquam
2383 5414 2537 5484 ignis
2560 5409 2887 5467 sanctus'ac
2911 5412 3134 5484 justus,
3160 5414 3215 5465 et
3244 5409 3773 5484 vindexgejustqui

2105 5480 2357 5609 ﬁduhunc
2380 5480 2618 5539 modum
2643 5480 3054 5554 navigantibus
3076 5482 3369 5538 illucebat.
3392 5504 3419 5531 υ
3441 5482 3555 5537 Sed
3577 5480 3775 5536 etiam

2150 5574 2161 5609 l
2217 5572 2325 5609 ius.

2150 5572 2325 5609 llllUS.

2178 5627 2289 5696 (41)
2322 5618 2625 5687 Εὐσεϐπίας.
2670 5630 2856 5695 Pass.,
2887 5631 2989 5694 τῆς
3022 5617 3317 5685 εὐσεϐείας.
