4056 6274
275 364 427 427 1213

1051 365 1342 426 ORATIO
1385 364 1567 425 XXV.
1601 397 1678 410 -—
1706 363 1785 424 IN
1830 362 2158 426 LAUDEM
2203 365 2547 428 HERONIS
2592 364 2893 428 PHILOS.

3516 361 3672 421 1114

271 498 359 553 καὶ
390 494 609 573 ἤρξατο.
642 496 789 551 Ἐπεὶ
830 493 887 550 δὲ
933 496 1024 551 τὸν
1078 496 1171 568 μὲν
1226 495 1527 570 ἁγιώτατον
1578 501 1680 563 τῆς
1730 494 1909 547 οἴκου-

2034 512 2150 567 qua
2179 497 2356 554 etiam
2389 503 2581 555 ortum
2626 499 2889 553 duxerat.
2940 497 3254 568 Postquam
3306 497 3500 549 autem
3530 510 3671 549 san-

277 586 439 660 μένης
493 584 798 665 ὀφθαλμὸν,
851 585 940 639 καὶ
996 584 1257 660 ἀρχιερέα
1301 589 1406 639 τῶν
1453 585 1663 655 ἱερέων,
1703 584 1791 637 τὸν
1819 585 1917 651 τῆς

272 682 370 745 σῆς
404 674 705 751 ὁμολογίας
736 675 1051 751 κηθηγητὴν
1079 674 1168 728 καὶ
1202 671 1522 728 διδάσκαλον
1562 677 1679 735 τοῖς
1729 672 1920 726 ἑαυτοῦ

271 766 393 840 περὶ
440 771 540 832 τῆς
593 759 861 839 εὐσεϐεξας
905 764 1097 838 ἀγῶσι,
1154 764 1250 830 τὴν
1314 760 1553 838 μεγάλην
1605 766 1810 838 φωνήν,
1857 759 1919 814 τὸ

269 860 367 922 τῆς
418 852 649 914 πίστεως
701 852 942 927 ἔρεισμα,
994 852 1084 905 τὸν
1127 849 1371 926 δεύτερον
1420 854 1658 926 Χριστοῦ
1717 848 1921 924 λύχνον

267 941 356 995 καὶ
406 938 743 1017 πρόδρομον,
796 940 839 995 εἷ
888 940 1044 1013 θέμις
1093 945 1253 994 τοῦτο
1286 940 1478 1005 εἰπεῖν,
1518 938 1568 992 ἐν
1596 940 1739 1013 γήρᾳ
1767 935 1920 1009 καλῷ

266 1029 620 1102 κοιμηθέντα,
670 1030 757 1084 καὶ
798 1028 988 1105 πλήρη
1036 1034 1144 1083 τῶν
1184 1030 1319 1083 κατὰ
1349 1029 1475 1083 Θεὸν
1508 1030 1750 1102 ἡμερῶν,
1787 1025 1921 1098 μετὰ

265 1120 365 1173 τὰσ
409 1118 783 1194 συκοφάντίας,
838 1118 970 1191 μετᾶ
1016 1117 1143 1180 τοὺς
1195 1116 1413 1185 ἄθλους,
1474 1117 1606 1189 μετᾶ
1646 1116 1745 1182 τήν
1773 1134 1920 1187 περι-

268 1202 466 1277 ϐόητον
521 1211 684 1282 χεῖρα
742 1210 873 1281 (42),
933 1208 1067 1279 μετά
1120 1204 1244 1267 τοὺς
1317 1210 1521 1274 ζῶντας
1587 1203 1831 1279 νεκροὺς,
1880 1205 1914 1273 ὴ

265 1297 426 1370 Τριάς
488 1296 625 1370 πρὸς
683 1296 877 1365 ἑαυτὴν
958 1295 1325 1367 μετατίθησιν,
1495 1294 1771 1363 συνέζησε,
1826 1293 1915 1348 καὶ

270 1385 401 1460 ὑπὲρ
433 1385 523 1456 ἧς,
572 1382 938 1439 ἐλινδύνευσεν
988 1386 1324 1459 (Ἀθανάσιον
1382 1381 1484 1438 οἶδ’
1530 1381 1610 1437 ὅτι
1642 1385 1834 1444 πάντες
1866 1382 1917 1438 ἐν

265 1479 380 1535 τοῖς
432 1470 621 1547 λόγοις
680 1472 998 1549 ἀνέγνωτε)·
1075 1472 1295 1548 δευτέρα
1379 1469 1435 1527 δέ
1492 1493 1574 1533 τις
1641 1470 1916 1547 Αἰγύπτου

264 1561 455 1639 πληγὴ
488 1564 578 1616 καὶ
633 1561 821 1635 μάστιξ
864 1566 977 1633 (43)
1029 1562 1212 1617 ἑαυτὸν
1265 1561 1533 1636 ὶπεισάγει
1582 1563 1648 1635 τῇ
1681 1560 1914 1631 Ἐκκλη-

264 1652 353 1722 σία
380 1653 407 1705 6
434 1658 534 1720 τῆς
565 1650 825 1720 ἀληθείας
855 1648 1149 1724 προδότης,
1182 1652 1209 1705 6
1239 1655 1345 1705 τῶν
1398 1650 1577 1705 λύκων
1610 1652 1843 1722 ποιμὴν,
1885 1651 1913 1704 6

266 1738 356 1795 διὰ
383 1747 480 1809 τῆς
512 1739 686 1808 αὐλῆς
718 1734 1053 1815 ὑπερϐαίνων
1072 1740 1301 1813 λῃστὴς,
1334 1740 1361 1792 ὁ
1395 1736 1643 1811 δεύτερος
1673 1740 1912 1813 Ἄρειος,

2030 585 2359 643 ctissimum
2389 588 2557 643 illum
2585 588 2741 642 orbis
2772 586 3028 652 oculum,
3048 590 3102 641 et
3133 585 3502 640 sacerdotum
3525 582 3672 638 anti-

2030 674 2246 743 stitem,
2270 676 2439 731 illum
2471 681 2581 733 tua:
2604 676 3009 743 confessionis,
3033 692 3136 747 per
3165 690 3232 729 ea
3259 672 3670 745 pericula,qua3

2030 781 2134 835 pro
2164 765 2297 820 ﬁdei
2328 766 2660 822 orthodoxa:
2692 765 3027 821 defensione
3065 763 3344 835 suscepit,
3377 763 3584 818 ducem
3616 767 3672 817 et

2030 853 2399 924 magistrum,
2431 855 2592 911 illam
2627 855 2938 911 sublimem
2972 870 3190 920 vocem,
3224 851 3369 907 illud
3411 851 3544 907 ﬁdei
3576 867 3669 906 co-

2028 940 2252 1009 lumen,
2284 946 2601 998 seoundam
2634 944 2795 998 illam
2828 942 3042 999 Christi
3091 942 3392 997 lucernam
3436 945 3490 995 et
3520 957 3668 1010 prae-

2028 1046 2348 1102 cursorem,
2382 1033 2431 1087 si
2479 1033 2562 1087 ita
2610 1031 2768 1103 loqui
2813 1033 2901 1086 ias
2950 1035 3057 1097 est,
3090 1032 3149 1085 in
3182 1031 3332 1085 bono
3370 1034 3669 1085 senectute

2028 1124 2349 1189 mortuum,
2377 1137 2442 1175 ac
2474 1121 2699 1175 dierum
2733 1137 2956 1190 eorum,
2990 1119 3088 1191 qui
3121 1119 3445 1173 secundum
3484 1117 3668 1172 Deum

2027 1211 2167 1263 sunt
2200 1209 2458 1280 plenum,
2494 1213 2623 1281 post
2651 1209 2997 1277 calumnias,
3030 1212 3161 1280 post
3189 1207 3669 1278 certamina,post

2026 1295 2189 1352 illam
2220 1298 2483 1353 omnium
2516 1315 2614 1353 ore
2643 1298 2993 1353 celebratam
3025 1312 3289 1365 manum,
3320 1300 3451 1367 post
3478 1295 3670 1350 viven-

2024 1389 2112 1442 tes
2156 1392 2438 1459 mortuos,
2489 1387 2767 1457 Trinitas,
2804 1403 2979 1459 quam
3014 1402 3114 1459 per
3154 1402 3323 1441 omne
3354 1385 3482 1439 vitae
3514 1388 3667 1439 tem-

2027 1492 2137 1547 pus
2168 1475 2445 1547 coluerat,
2481 1481 2537 1532 et
2568 1494 2668 1549 pro
2702 1493 2817 1548 qua
2860 1475 3135 1549 periculis
3182 1491 3307 1531 sese
3355 1474 3670 1545 objecerat,

2026 1565 2099 1620 ad
2131 1581 2192 1621 se
2223 1566 2525 1623 transtulit
2572 1568 2712 1637 (non
2760 1570 2850 1622 est
2895 1566 3049 1637 apud
3082 1582 3175 1621 me
3223 1564 3493 1633 dubium,
3525 1563 3666 1634 quin

2023 1670 2092 1709 ex
2121 1654 2214 1709 his
2244 1654 2433 1710 verbis
2461 1654 2852 1711 Athanasium
2881 1653 3233 1726 agnoscatis)
3260 1671 3272 1721 ;
3308 1657 3429 1707 tum
3463 1668 3669 1707 secun-

2023 1742 2093 1797 da
2126 1744 2393 1814 quasdam
2410 1742 2639 1815 Egypti
2670 1743 2840 1815 plaga
2860 1748 2916 1799 et
2942 1742 3237 1814 ﬂagellum
3266 1740 3662 1812 ille,inquam,

262 1831 299 1897 ἡ
332 1827 529 1903 θολερὰ
558 1829 646 1882 καὶ
678 1826 874 1889 ἄποτος
902 1830 1015 1902 (44)
1048 1829 1343 1902 ἀνατροπὴ,
1392 1829 1419 1881 6
1461 1831 1558 1895 τῆς
1604 1826 1761 1882 ἆθὲου
1810 1848 1909 1898 πη-

2028 1830 2285 1901 inquam,
2309 1832 2569 1887 veritatis
2591 1832 2871 1904 proditor,
2892 1832 2989 1886 ille
3018 1831 3293 1902 luporum
3327 1835 3545 1901 pastor,
3569 1829 3666 1884 ille

262 1924 363 1993 γῆς
396 1915 777 1993 δαψιλέστερος
809 1917 1054 1989 ποταμός
1078 1936 1089 1947 ·
1127 1917 1265 1971 ὀκνῶ
1299 1918 1392 1989 μὲν
1422 1918 1516 1978 τὰς
1564 1916 1687 1973 τότε
1734 1937 1906 1991 παρα-

261 2007 458 2079 νομίας
507 2007 673 2062 εἰπεῖν
726 2009 815 2061 καὶ
858 2004 1190 2083 μιαιφονίας,
1244 2007 1357 2078 μεθ’
1406 2008 1478 2059 ὧν
1509 2005 1601 2059 τὸν
1635 2006 1782 2081 ἅγιον
1815 2026 1909 2059 κα-

248 2093 587 2170 ταλαμϐάνει
643 2096 832 2171 θρόνον
885 2096 912 2149 6
962 2097 1086 2169 θὴρ,
1133 2093 1222 2148 καί
1269 2096 1367 2163 τῆς
1411 2100 1649 2168 πονηρᾶς
1696 2092 1907 2149 εἰσόδου

248 2187 319 2240 τὰ
349 2184 799 2261 προτελέσματαο
844 2182 1109 2259 ὀδύρομαι
1153 2182 1198 2237 δ’
1248 2182 1400 2256 ὅμως
1449 2182 1610 2257 ὀλίγα
1661 2182 1719 2238 ἐκ
1765 2183 1905 2238 πολ-

249 2272 365 2329 λῶν
415 2272 466 2346 (ἂ
512 2274 601 2328 καὶ
645 2273 800 2347 ὑμεῖς
860 2270 1111 2349 ὀδύρεσθέ
1168 2275 1280 2347 (45)
1328 2294 1387 2328 τε
1432 2274 1520 2327 καὶ
1577 2270 1904 2348 προωδύρα-

248 2366 385 2436 alia),
435 2368 514 2434 τῷ
561 2363 688 2435 θείῳ
735 2358 899 2417 Δαϐὶδ
946 2364 1396 2439 συγχρησάμενος
1450 2364 1596 2435 (46)·
1647 2364 1706 2420 '0
1752 2363 1903 2434 θεὸς,

248 2450 490 2522 ἤλθοσαν
546 2449 669 2522 ἔθνη
744 2452 820 2514 είς
875 2454 973 2522 τὴν
1056 2451 1424 2525 νληρονομίαν
1500 2472 1617 2519 σου,
1683 2450 1903 2524 ἐμίαναν

248 2544 344 2597 τὸν
397 2543 521 2596 ναὸν
575 2543 666 2595 τὸν
718 2541 871 2615 ἅγιόν
925 2562 1040 2613 σου,
1092 2541 1182 2595 καὶ
1220 2542 1287 2596 τὰ
1316 2540 1400 2595 ἐπὶ
1431 2540 1682 2603 τούτοις*
1718 2541 1902 2604 Ἕθεν-

249 2651 316 2685 το
383 2632 452 2685 τὰ
513 2632 812 2703 θνησιμαῖα
879 2633 987 2704 (47)
1032 2635 1137 2685 τῶν
1201 2628 1412 2684 δούλων
1469 2651 1585 2699 σου,
1647 2634 1903 2684 πετεινῶν

261 2720 544 2796 βρώματα,
603 2719 693 2774 καὶ
751 2720 955 2796 Θηρίων
1017 2719 1396 2794 σπαράγματα.
1474 2721 1774 2795 Προσθήσω
1850 2717 1907 2773 δὶ

255 2809 382 2883 παρ’
452 2808 614 2863 αὐτοῢ
671 2808 890 2864 κάκεῖνα
960 2807 1010 2879 ἐξ
1087 2806 1262 2863 ἄλλου
1323 2810 1524 2882 θρήνου
1580 2808 1668 2862 καὶ
1727 2807 1908 2884 ἐτέρας

259 2894 431 2969 ᾠδῆς.
492 2897 623 2951 Ὅσα
680 2896 1080 2969 ἐτονηρεύσατο
1159 2897 1187 2950 6
1265 2895 1461 2972 ἐχθρὸς
1536 2897 1589 2951 ὲν
1642 2900 1719 2968 τῷ
1774 2895 1908 2971 ἁγίῳ

258 3007 374 3057 σου,
446 2984 534 3039 καὶ
613 2984 1043 3060 ἐνεκαυχήσαντο
1114 2985 1167 3038 οἱ
1245 2983 1524 3058 μισοῦντές
1591 3006 1647 3039 σε
1704 2983 1755 3038 ἐν
1819 2983 1909 3057 μὲ-

259 3096 339 3147 σῳ
394 3081 495 3143 τῆς
547 3074 739 3149 ἑορτῆς
790 3090 908 3130 σου.
961 3078 1080 3135 Πῶς
1128 3075 1231 3149 γὰρ
1282 3073 1381 3128 οὐκ
1437 3073 1905 3149 ἐνεκαυχήσαντο;

258 3168 375 3231 πῶς
406 3161 462 3217 δὲ
492 3162 590 3217 οὐκ
620 3163 843 3235 ἐμίαναν
896 3164 986 3217 τὸν
1038 3163 1160 3217 ναὸν
1192 3162 1283 3217 τὸν
1318 3162 1472 3236 ἅγιόν
1501 3184 1594 3217 σου
1625 3166 1737 3237 (48)
1770 3185 1906 3237 συμ-

260 3256 453 3329 φοραῖς
484 3251 853 3327 πολυτρόποις
884 3252 974 3305 καὶ
1004 3251 1283 3313 παντοίοις
1311 3257 1496 3314 κακοῖς
1526 3269 1540 3321 ;

2021 1936 2125 1991 per
2148 1920 2376 1974 caulam
2399 1920 2819 1975 transcenderis
2839 1920 3006 1986 latro,
3033 1920 3327 1975 secundus
3348 1918 3443 1973 ille
3466 1918 3662 1988 Arius,

2017 2007 2255 2063 turbida
2286 2007 2385 2063 illa
2409 2012 2465 2064 et
2506 2025 2706 2063 amara
2734 2008 2977 2075 eversio,
3002 2007 3099 2063 ille
3126 2007 3306 2079 impio
3330 2008 3486 2062 fonte
3521 2008 3661 2063 ube-

2015 2095 2135 2151 rior
2165 2096 2395 2167 ﬂuvius,
2429 2096 2689 2168 seipsum
2736 2096 2796 2151 in
2828 2096 3144 2151 Ecclesiam
3190 2096 3530 2151 introduxit.
3568 2096 3659 2150 Pi-

2016 2188 2112 2258 get
2144 2186 2415 2258 equidem
2450 2186 2671 2259 flagitia
2700 2202 2786 2255 ea,
2839 2202 2966 2256 quae
2997 2190 3138 2241 tunc
3167 2186 3472 2257 designata
3501 2188 3658 2252 sunt,

2013 2278 2069 2330 et
2090 2276 2243 2331 463
2267 2275 2516 2331 nefarias
2548 2276 2754 2343 caedes,
2786 2292 2920 2331 cum
2942 2275 3158 2346 quibus
3191 2277 3309 2331 fera
3338 2274 3438 2330 illa
3467 2291 3658 2331 sacro-

2013 2368 2284 2422 sanctum
2303 2364 2515 2421 solium
2534 2365 2842 2435 invasit,ao
2855 2364 3115 2438 pestiferi
3138 2366 3440 2438 ingressus
3456 2364 3661 2437 praelu-

2013 2454 2111 2510 dia
2153 2454 2365 2510 referre
2398 2472 2410 2510 :
2460 2470 2528 2509 ex
2561 2454 2760 2510 multis
2792 2460 2988 2511 tamen
3021 2472 3204 2527 pauca
3241 2454 3499 2526 deploro,
3533 2472 3658 2526 qua:

2011 2560 2114 2599 vos
2144 2560 2377 2615 quoque
2399 2560 2627 2599 mecum
2649 2544 2987 2616 deploratis,
3012 2550 3068 2601 et
3085 2546 3211 2616 jam
3235 2550 3369 2600 ante
3392 2543 3658 2615 deplora-

2013 2632 2141 2700 stis,
2200 2633 2380 2687 divini
2420 2632 2655 2688 Davidis
2707 2634 2899 2688 verbis
2956 2639 3126 2689 utens
3158 2635 3237 2688 ‘9:
3276 2640 3439 2704 Deus,
3498 2648 3659 2688 vene-

2013 2728 2147 2775 runt
2172 2726 2358 2792 gentes
2383 2723 2444 2776 in
2480 2722 2868 2779 haereditatem
2899 2726 3048 2777 luam
3082 2741 3100 2776 :
3154 2723 3473 2794 polluerunt
3524 2726 3661 2777 tem-

2009 2809 2170 2881 plum
2200 2818 2455 2864 sanctum
2485 2818 2679 2872 tuum;
2711 2814 2767 2865 et
2795 2826 2920 2881 quae
2952 2815 3277 2879 sequuntur
3308 2829 3320 2866 :
3356 2813 3663 2865 Paruerant

2013 2898 2329 2953 morticinia
2392 2912 2679 2953 servorum
2733 2902 2955 2954 tuorum
3007 2914 3191 2954 escam
3238 2899 3582 2968 volatilibus,
3608 2903 3664 2952 et

2015 2987 2148 3048 feri:
2178 2988 2239 3041 in
2268 2988 2678 3042 lacerationem.
2730 2987 2879 3055 Quin
2909 2987 3053 3043 illud
3084 2988 3326 3059 insuper
3366 2987 3663 3059 adjiciam,

2018 3076 2171 3146 quod
2206 3075 2359 3130 idem
2385 3075 2669 3147 prepheta
2690 3075 2748 3130 in
2783 3074 2963 3132 altera
2990 3076 3406 3132 lamentatione
3436 3076 3666 3148 alioque

2017 3164 2246 3237 psalmo
2273 3165 2483 3221 cecinit
2515 3182 2526 3221 :
2556 3166 2769 3233 Quanta
2812 3167 3147 3237 malignalus
3189 3170 3265 3222 est
3311 3167 3567 3222 inimicus
3607 3167 3667 3221 in

1945 3236 1988 3302 (ἶ
2023 3263 2213 3311 sancto
2259 3262 2369 3325 tuo,
2393 3258 2443 3312 et
2487 3256 2711 3325 gloriati
2733 3260 2862 3311 sunt
2915 3236 3012 3327 qui
3040 3256 3267 3312 oderunt
3296 3264 3365 3322 te,
3398 3257 3457 3310 in
3488 3256 3666 3312 medio

258 3342 631 3400 solemnitatis
666 3353 778 3400 tuae
805 3344 868 3397 ⁵ο.
900 3342 1048 3406 Quid
1088 3342 1242 3398 enim
1264 3344 1291 3397 ?
1330 3350 1416 3397 An
1476 3359 1591 3398 non
1639 3341 1873 3415 gloriati
1920 3348 2061 3399 sunt
2084 3344 2111 3397 ?
2158 3344 2305 3409 Quid
2349 3349 2544 3400 autem
2574 3346 2600 3398 ‘I
2648 3347 2854 3400 Annon
2885 3350 3151 3401 sanctum
3180 3345 3465 3417 templum
3498 3350 3667 3401 tuum

258 3432 438 3488 variis
468 3431 922 3498 calamitatibus,
956 3436 1133 3504 atque
1163 3433 1320 3487 omni
1353 3432 1641 3487 malorum
1672 3448 1881 3504 genere
1909 3434 2385 3489 contaminarunt
2410 3433 2438 3487 ?

334 3521 438 3575 lB’.
490 3522 835 3595 Ἐστρατήγει
897 3520 991 3592 μὲν
1046 3520 1181 3595 ἀνὴρ
1242 3521 1395 3578 ἄθεος
1448 3522 1561 3593 (49)
1617 3519 1706 3574 καὶ
1738 3522 1911 3596 παρά-

262 3630 454 3683 νομος,
514 3607 638 3664 οὐδὲ
704 3604 880 3673 ὄνομα
957 3614 1279 3685 Χριστιανοῦ
1354 3612 1465 3681 (50)
1539 3609 1913 3683 περικείμενος

262 3701 442 3771 (τοῦτο
490 3699 594 3773 γὰρ
640 3705 740 3767 τῆς
790 3693 997 3773 ὕϐρεως
1046 3699 1108 3752 τὸ
1159 3695 1502 3770 δεινότατον),
1544 3696 1669 3753 ἀλλ’
1719 3698 1908 3754 ἐκτῶν

263 3785 507 3841 εἰδώλων
560 3786 646 3840 ἐπὶ
694 3787 784 3839 τὸν
834 3790 931 3839 τοῦ
981 3789 1114 3840 Θεοῦ
1146 3786 1269 3839 ναὸν
1302 3784 1669 3861 ἐπειγόμενος,
1701 3786 1759 3840 ἐκ
1806 3792 1910 3841 τῶν

264 3874 574 3949 ἀκαθάρτων
623 3872 866 3947 αἱμάτων
923 3873 1009 3928 ἐπὶ
1060 3875 1125 3927 τά
1179 3876 1534 3950 μυσαρώτερά
1578 3894 1636 3929 τε
1664 3874 1753 3928 καὶ
1790 3872 1911 3949 βδε-

262 3962 580 4038 λυκτότερα,
611 3964 698 4017 καὶ
741 3967 902 4017 τοῦτο
932 3962 1231 4037 ἱερουργων
1259 3960 1394 4024 ’ἴσως
1443 3964 1541 4031 τὴν
1593 3965 1709 4018 καθ’
1754 3965 1914 4035 ἡμῶν

262 4048 416 4126 ὕϐριν
460 4058 575 4114 τοῖς
623 4050 877 4125 δαίμοσι·
941 4052 1302 4127 παρετάσσετο
1361 4050 1417 4106 δὲ
1475 4049 1700 4126 δύναμις
1756 4054 1913 4126 θυμῷ

266 4142 472 4210 ζὲουσα,
525 4142 748 4214 στρατὸς
795 4138 1100 4201 ἀλλόκοτος
1141 4142 1256 4211 (51)
1322 4140 1410 4194 καὶ
1462 4141 1733 4215 ἀνήμερος
1780 4143 1916 4196 κατὰ

260 4236 366 4286 τῶν
392 4230 611 4285 ἀόπλων
644 4230 732 4284 καὶ
764 4227 1085 4301 ἀπολεμων.
1119 4229 1403 4299 Ἐξωθεῖτο
1435 4232 1547 4302 (52)
1600 4230 1693 4301 μὲν
1742 4231 1770 4284 6
1818 4235 1913 4284 τοῦ

262 4320 420 4394 ἆγίου
469 4316 730 4393 διάδοχος
780 4317 970 4391 ἱερεὺς,
1014 4319 1042 4370 6
1072 4317 1227 4390 νόμῳ
1270 4318 1359 4372 καὶ
1409 4317 1550 4387 τάξει
1600 4318 1910 4391 Πνεύματος

262 4409 620 4483 κεχρισμένος
661 4409 797 4478 (53),
842 4407 931 4460 καὶ
989 4406 1160 4477 πολιᾷ
1186 4406 1273 4460 καὶ
1334 4408 1592 4484 φρονήσει
1620 4407 1914 4481 τετιμημέ-

261 4518 351 4559 νος
388 4498 535 4570 (54)’
598 4491 876 4550 ἐϐασίλευε
933 4493 990 4550 δὲ
1039 4490 1261 4564 Ταὸεὴλ
1316 4498 1450 4569 (55),
1507 4493 1915 4571 ὁκληρονόμος

334 4607 378 4641 ⁸⁸
409 4605 560 4661 Psal.
597 4622 832 4673 Lxxvm,
862 4605 914 4672 1,
954 4607 1008 4659 2.
1086 4604 1131 4639 ⁵ο
1156 4603 1307 4660 Psal.
1337 4621 1529 4671 Lxxm,
1560 4605 1613 4673 3,
1647 4604 1697 4660 4.

334 4716 445 4794 (4g)
496 4712 641 4794 Μετᾲ
683 4712 781 4778 τὴν
824 4705 1185 4794 περιᾷὀητονΔ
1219 4716 1402 4794 χεῖρα,
1453 4716 1577 4767 οἶοί
1612 4712 1916 4783 Signiﬁcat
1942 4719 1990 4784 D

265 4786 357 4841 hic
386 4784 699 4857 Gregorius
742 4783 1109 4856 suppositam
1158 4783 1383 4857 Arsenii
1413 4800 1700 4857 _m_anum,
1735 4802 1913 4856 quam

266 4857 412 4913 falso
445 4854 527 4911 ab
548 4854 876 4912 Athanasio
895 4858 1256 4926 amputatum
1290 4854 1633 4910 dictitabant
1650 4854 1874 4914 Ariani.

333 4929 446 4999 (43)
469 4926 577 4999 Καὶ
613 4926 820 4999 μάστιξ.
880 4947 901 4975 ι
936 4925 1009 4999 Εἴ
1052 4925 1367 4999 ﬂagellum.
1407 4949 1427 4975 ι
1485 4926 1637 4999 Scol.
1666 4944 1711 4999 Δζ
1748 4925 1905 4999 ,Λού-

264 4995 399 5071 χιον,
430 4995 863 5071 οἶμαι-,λέγειη
914 4997 1003 5071 τὸν
1048 4995 1153 5071 inii
1186 4996 1392 5071 Πέτρου
1448 4998 1581 5071 μετὰ
1606 4996 1910 5071 Δξτ-ὸνἊθαέ

264 5069 444 5143 νάσιον
477 5067 803 5143 εἰσέλθοντα.
854 5090 880 5116 ‹‹
912 5069 1190 5143 Lucium,
1223 5067 1456 5143 opinor,
1482 5068 1772 5143 intelligit,
1809 5070 1910 5143 qui

262 5142 415 5197 Petri
450 5141 806 5196 successoris
838 5140 1144 5195 Athanasii
1176 5141 1374 5195 sedem
1407 5140 1726 5197 occunavit.
1764 5164 1791 5190 ι)

334 5212 819 5285 (44))Λθανάσιον.
847 5212 938 5266 Sic
969 5216 1105 5285 Reg.
1138 5212 1330 5285 Cypr.,
1357 5211 1507 5279 Par.,
1532 5211 1717 5285 Pass.
1748 5216 1912 5285 Gom-

264 5284 378 5339 bet‘.
412 5283 505 5339 Sic
536 5285 659 5356 ipse
692 5283 896 5338 Billius
944 5281 1452 5355 videtur'legisse.
1497 5284 1558 5339 In
1610 5284 1743 5339 edit.
1786 5281 1911 5337 ἆτο-

264 5375 383 5407 πος.

479 5421 777 5507 Ὀδύρεσθε.
812 5429 951 5496 Reg.
989 5424 1181 5497 Cypr.,
1216 5421 1599 5499 προοδύρεσθε,
1627 5447 1653 5475 ι(
1691 5425 1913 5497 priores

333 5498 376 5551 si
452 5498 749 5551 enloratis.
783 5517 809 5547 ι

262 5498 376 5570 ipsi
410 5498 749 5569 deploratis,
783 5517 809 5547 ι

332 5570 446 5642 (46)
480 5566 967 5643 Συγχρησάμενλος.
996 5566 1171 5643 goisl:
1209 5568 1258 5634 1,
1288 5567 1767 5643 onyxpnoaipevm.

335 5637 447 5714 (47)
470 5637 794 5714 avgurium;
828 5639 921 5714 Sic
954 5637 1107 5714 cxx.
1140 5639 1203 5714 _In
1237 5639 1352 5714 ed_.,
1381 5637 1679 5714 Θνῖσιμαῖρι.

336 5710 446 5787 (48)
475 5710 668 5789 ’Ἅγιόν
703 5732 817 5770 σου.
849 5712 943 5770 Sic
974 5712 1111 5784 Reg.
1139 5711 1259 5767 bm.
1293 5710 1466 5767 Deest
1496 5730 1591 5764 σου
1621 5710 1680 5766 in
1711 5711 1802 5767 ed.

2093 3523 2216 3580 ΧΠ.
2267 3522 2444 3577 Ducis
2494 3539 2736 3578 munere
2792 3524 3140 3594 fungebatur
3197 3524 3284 3579 vir
3331 3524 3550 3596 impius
3610 3530 3668 3580 et

2021 3611 2475 3680 consceleratus,
2510 3628 2581 3667 ne
2605 3611 2922 3667 Christiani
2949 3613 3182 3683 quidem
3217 3630 3427 3668 nomen
3459 3630 3667 3685 gerens

2019 3698 2152 3772 (hoc
2182 3700 2336 3757 enim
2370 3701 2550 3755 totius
2597 3701 2959 3757 contumeliae
3009 3700 3487 3775 indignissimum
3535 3706 3665 3774 est),

2020 3804 2221 3843 verum
2256 3789 2326 3843 ab
2358 3788 2528 3844 idolis
2560 3789 2631 3843 ad
2658 3790 2753 3845 Dei
2787 3790 3094 3862 templum,
3118 3791 3189 3845 ab
3220 3791 3469 3863 impuris
3501 3808 3665 3848 cruo—

2022 3875 2187 3932 ribus
2237 3876 2308 3931 ad
2357 3876 2829 3933 exsecrabiliores
2884 3882 2941 3933 et
2971 3878 3433 3935 detestabiliores
3462 3897 3663 3953 prope-

2022 3981 2198 4033 rans;
2233 3982 2298 4021 ac
2330 3964 2576 4021 fortasse
2615 3965 2957 4035 bujusmodi
3007 3967 3283 4023 adversus
3323 3985 3429 4025 nos
3458 3974 3661 4025 contu-

2023 4053 2217 4121 melia,
2265 4054 2433 4125 quasi
2477 4054 2709 4110 victima
2746 4056 3021 4127 quadam,
3072 4057 3433 4113 daemonibus
3463 4058 3661 4114 litans.

2023 4142 2341 4198 Prodibant
2372 4145 2431 4198 in
2463 4143 2647 4198 aciem
2679 4144 2876 4215 copiae,
2910 4146 3103 4200 furore
3134 4146 3423 4217 ardentes,
3452 4147 3663 4203 imma-

2024 4230 2116 4287 nis
2146 4237 2203 4287 et
2233 4232 2391 4287 ferus
2421 4232 2709 4288 exercitus
2752 4233 3029 4289 adversus
3069 4234 3321 4291 inermes
3374 4236 3662 4302 homines,

2024 4337 2090 4376 ac
2118 4320 2197 4376 rei
2230 4320 2447 4376 bellica:
2479 4321 2734 4393 ignaros.
2775 4320 3184 4392 Expellebatur
3234 4325 3527 4389 sacerdos,
3558 4326 3662 4379 viri

2024 4409 2212 4465 sancti
2245 4426 2568 4477 successor,
2605 4408 2887 4481 legitime,
2921 4415 3117 4481 atque,
3150 4416 3215 4466 ut
3245 4412 3495 4483 Spiritus
3524 4415 3665 4468 ordo

2024 4498 2380 4571 postulabat,
2410 4498 2785 4567 inunctus,ac
2816 4499 3026 4554 canitie
3056 4504 3113 4555 et
3141 4501 3451 4572 prudentia
3492 4519 3667 4558 orna-

2092 4714 2206 4784 (49)
2239 4712 2403 4787 ’.Δνήρ
2436 4709 2610 4787 ἄθεος.
2655 4713 2748 4767 Sic
2804 4712 3147 4787 designatur
3193 4714 3487 4787 Palladius
3536 4718 3667 4787 qui-

2023 4783 2542 4858 dam_,vir‘im_pius
2574 4789 2631 4858 et
2659 4784 2917 4858 gentilis,
2951 4784 3072 4858 qui,
3098 4790 3164 4839 ut
3206 4786 3277 4840 ab
3319 4783 3667 4858 imperatore

2023 4861 2081 4912 et
2111 4856 2181 4937 a_b
2200 4855 2444 4937 Arianis
2474 4855 2724 4937 gratiam
2772 4855 2965 4921 iniret,
2998 4856 3274 4912 adversus
3304 4855 3666 4917 Orthodoxos

2021 4926 2334 4983 crudeliter
2364 4926 2655 4982 saeviebat.

2111 5000 2201 5070 50)
2232 4998 2574 5070 Χριστιανοῦ.
2608 4995 2783 5070 Cpisl.
2818 4997 3344 5070 1,_Xpio'ciuva.ov3.

2111 5003 2201 5065 50)
2232 5003 2574 5070 Χριστιανοῦ.
2608 5003 2783 5053 Coisl.
2818 5003 2868 5065 1,
2902 5003 3344 5069 Χριστιανισμοῦ.

2088 5003 2202 5141 (51)
2235 5067 2592 5134 ’Δλλόκοτος,
2643 5068 2807 5140 Reg,
2861 5068 3026 5140 Cypr.
3079 5074 3136 5124 et
3192 5070 3287 5127 Or.
3334 5072 3383 5144 1,
3414 5069 3667 5127 ἀλλοκώ-

2020 5160 2201 5201 τατος.

2092 5213 2203 5283 (52)
2236 5209 2537 5280 Ἐξωθεῖτο.
2576 5211 2679 5265 Hic
2709 5210 3055 5280 intelligitur
3085 5212 3284 5268 Petrus
3324 5214 3669 5270 Alexandri-

2020 5300 2133 5339 nus
2165 5283 2464 5358 Athanasii
2500 5298 2823 5358 successor,
2852 5283 2951 5358 qui
2984 5298 3014 5358 e
3044 5283 3179 5358 sede
3210 5302 3243 5339 a
3279 5288 3444 5342 Lucio
3474 5287 3668 5358 expul-

2022 5372 2123 5429 sus
2151 5360 2257 5409 est.
2276 5354 2559 5429 Totahaec
2579 5353 2857 5429 tragasdia
2876 5353 2958 5408 ab
2993 5354 3118 5425 ipso
3146 5356 3306 5413 Petro
3337 5353 3565 5429 depicta
3585 5358 3665 5413 le-

2021 5428 2180 5500 gitur
2210 5426 2365 5496 apud
2396 5426 2659 5500 Nicqeph.,
2692 5426 2794 5500 lib.
2823 5442 2903 5500 ix,
2939 5442 2987 5480 c.
3010 5428 3109 5500 g8.

2026 5496 2051 5500 ⁷
2093 5499 2205 5567 (53)
2237 5497 2625 5570 Κεχρισμὲνος.
2657 5497 2748 5551 Sic
2780 5497 2977 5567 plures
3009 5496 3167 5569 Reg,,
3196 5505 3251 5554 et
3279 5500 3460 5568 Colb.,
3493 5500 3664 5556 Cois].

2025 5570 2080 5625 1.
2108 5568 2203 5625 0r.
2246 5577 2289 5625 ι.
2320 5574 2431 5625 etc.
2468 5571 2530 5624 In
2560 5569 2674 5625 ed..
2706 5565 3053 5625 κεγοιμὲνος.

2066 5614 2080 5638 ,
2108 5586 2203 5625 Ur.
2246 5586 2289 5629 1,
2320 5586 2431 5625 etc.
2468 5586 2530 5624 1n
2560 5586 2674 5635 60.,
2706 5586 3053 5638 κεχριμενος.

2108 5585 2203 5625 Ur.
2246 5585 2289 5629 1,
2320 5585 2431 5625 etc.
2468 5585 2530 5624 1n
2560 5585 2674 5635 60.,
2706 5585 3053 5642 κεχριμενος.

2095 5642 2206 5726 (ξίέ)
2237 5642 2631 5726 Ereriliva;
2664 5638 3221 5726 £823~.-.*‘r°°rév°5:

2092 5704 2208 5783 (55)
2241 5704 2552 5767 Ἐϐασίλευε
2585 5708 2641 5765 δὲ
2668 5704 2903 5781 Ταϐεήλ.
2932 5704 3138 5769 Lusius
3169 5710 3263 5771 hic
3301 5714 3663 5789 designatur.
