4056 6274
423 428 579 493 1215

1659 430 1724 491 S.
1768 429 2138 491 GREGORII
2183 426 2580 491 THEOLOGI

3666 428 3833 490 1216

422 568 540 619 tus.
578 563 881 634 Regnabat
930 566 1123 619 autem
1165 562 1397 628 Tabes],
1440 563 1637 618 alienae
1669 563 1825 618 sedis
1857 562 2061 617 haeres.

2193 564 2280 614 τῶν
2336 557 2666 635 ἀλλοτρίων.
2732 562 2875 615 Κατὰ
2929 566 3037 616 τῶν
3091 560 3254 639 ἁγίων
3309 559 3474 631 ὅπλα,
3526 562 3663 616 κατὰ
3720 564 3833 615 τῶν

422 652 716 707 Adversus
766 657 996 707 sanctos
1029 670 1210 721 arma,
1264 653 1540 707 adversus
1596 667 1686 705 res
1744 667 1863 720 eas,
1920 667 2067 722 quas

422 741 594 813 diripi
629 742 791 797 nefas
840 746 984 810 erat,
1016 742 1261 813 impurae
1311 758 1541 806 manus,
1587 742 1867 798 adversus
1912 738 2065 813 psal-

426 848 552 887 mos
583 832 857 886 tubarum
904 830 1160 901 clangor.
1193 831 1322 885 Jam
1365 848 1486 901 quae
1518 836 1848 901 sequuntur
1878 830 2064 884 consi-

424 920 583 986 dera,
617 922 890 975 cadentes
921 921 1073 976 viros
1104 919 1164 973 in
1196 918 1339 975 locis
1370 920 1611 985 sanctis,
1637 920 1883 990 pedibus
1932 936 2066 990 pro-

425 1008 591 1064 tritas
624 1009 915 1075 mulieres,
951 1008 1265 1063 nonnullas
1294 1008 1471 1064 etiam
1513 1026 1645 1064 cum
1682 1012 1899 1063 naturae
1930 1025 2067 1063 one-

427 1113 509 1161 re,
544 1102 929 1168 praematuros
971 1103 1191 1169 partus,
1234 1097 1342 1166 vel,
1379 1102 1441 1152 ut
1483 1099 1676 1169 aptius
1708 1097 1917 1163 dicam,
1954 1114 2066 1153 non

428 1191 669 1257 partus;
702 1186 956 1259 virgines
1007 1179 1399 1241 miserabilem
1449 1186 1507 1240 in
1551 1188 1787 1241 modum
1822 1187 2068 1241 distrac-

428 1278 540 1340 tas,
595 1274 799 1329 faedius
846 1275 1020 1330 etiam
1066 1274 1356 1331 cruciatas
1402 1276 1560 1345 (nam
1608 1282 1666 1330 et
1695 1276 1766 1330 ob
1801 1276 2069 1343 feminas,

427 1368 483 1417 et
513 1364 585 1417 ob
616 1363 794 1424 viros.
830 1364 1051 1435 pudore
1079 1364 1383 1435 impedior,
1419 1364 1734 1435 quominus
1765 1363 2071 1419 crudelita-

422 1451 500 1507 tis
532 1453 773 1508 modum
800 1469 1106 1524 exponam,
1140 1457 1314 1525 atque
1342 1454 1569 1508 occulta
1615 1453 1915 1508 dedecoris
1953 1469 2074 1508 ser-

429 1557 600 1596 mone
631 1542 942 1608 denudem,
966 1546 1162 1613 utpote
1189 1543 1260 1597 ob
1285 1558 1432 1613 quas
1463 1543 1635 1597 etiam
1670 1547 1793 1596 tun:
1817 1542 2070 1597 denuda-

425 1635 518 1686 tas
550 1631 911 1697 erubescam)
941 1655 955 1697 ς
985 1629 1129 1686 alias
1158 1630 1462 1685 interiores
1483 1629 1686 1701 templi
1718 1633 1923 1701 puteos
1946 1646 2073 1685 sese

432 1722 587 1775 464
617 1718 976 1790 dejicientes,
1028 1718 1172 1774 alias
1217 1736 1285 1773 ex
1323 1719 1563 1773 editiore
1594 1718 1717 1774 loco
1748 1734 1809 1774 se
1839 1717 1895 1772 in
1932 1735 2072 1789 prae-

427 1823 565 1876 ceps
586 1807 1062 1877 dantes,propter
1081 1822 1281 1860 earum
1316 1822 1532 1868 rerum,
1557 1822 1703 1878 quas
1736 1807 2070 1872 cernebant,

425 1893 859 1964 indignitatem}
892 1893 1038 1949 alias
1091 1894 1343 1966 denique
1397 1910 1574 1966 super
1606 1910 1723 1962 eas,
1757 1911 1883 1966 quae
1908 1895 2066 1964 jace-

422 1983 585 2050 bant,
619 1982 927 2037 acervatim
958 1981 1350 2051 collabentes;
1384 1984 1531 2038 adde
1574 1985 1757 2039 caedes
1785 1984 2065 2047 caedibus,

424 2088 597 2127 casus
637 2072 871 2127 casibus
888 2072 1283 2141 succedentes,
1309 2077 1513 2127 sancta
1535 2072 1795 2144 profanis
1820 2072 2065 2143 pedibus

428 2160 668 2227 calcata,
702 2160 913 2215 altaria
943 2160 1153 2231 probro
1187 2160 1387 2216 habita
1430 2178 1530 2232 per
1557 2163 1840 2216 obscenos
1868 2166 2067 2232 gestus

429 2254 486 2303 et
509 2248 839 2321 impudicas
872 2249 1194 2315 cautiones,
1236 2255 1429 2321 atque,
1477 2254 1543 2305 ut
1581 2250 1776 2319 audio,
1810 2250 2074 2321 (hoccine

432 2336 631 2407 lingua
675 2339 866 2393 audax
904 2339 1234 2410 proferet?)
1282 2356 1458 2410 super
1503 2355 1570 2394 ea
1626 2339 1965 2394 saltationes
2019 2343 2075 2392 et

429 2426 727 2497 tripudia;
762 2427 910 2483 adde
946 2427 1323 2498 blasphemas
1369 2428 1600 2499 linguas
1634 2428 1693 2483 in
1735 2442 2071 2483 sacrosanc-

429 2513 507 2568 tis
534 2513 763 2570 thronis
802 2516 1233 2582 concionantes,
1267 2516 1543 2588 mysteria
1588 2516 1882 2588 sugillata,
1917 2514 2076 2587 psal-

434 2603 661 2659 modias
693 2604 923 2659 silentio
951 2606 1608 2677 compressas,gemitus
1647 2606 1705 2659 in
1757 2621 1958 2661 earum
1995 2606 2073 2660 lo-

434 2707 567 2746 cum
613 2693 915 2763 excitatos,
966 2694 1214 2749 fluentes
1262 2694 1569 2765 sanguinis
1616 2693 1786 2759 rivos,
1820 2694 2073 2765 lacyma-

436 2798 565 2835 rum
599 2781 808 2847 fontes,
855 2782 1186 2839 sacerdotes
1233 2800 1336 2855 per
1372 2784 1488 2837 vim
1543 2783 1848 2849 obductos,
1881 2799 2076 2837 mona-

436 2867 576 2925 chos
606 2869 909 2940 laceratos,
943 2888 1275 2942 expressam
1326 2873 1574 2942 denique
1627 2871 1979 2927 incursionis
2008 2870 2076 2925 il-

437 2959 550 3014 lius
584 2959 920 3031 imaginem,
946 2976 1064 3031 qua
1080 2962 1375 3031 quondam
1398 2961 1620 3033 Assyrii
1643 2965 1905 3016 sanctam
1924 2961 2081 3017 Jero-

435 3048 721 3120 solymam
767 3048 1029 3120 populati
1081 3054 1221 3105 sunt
1250 3051 1331 3117 ⁸¹;
1366 3067 1542 3121 quam
1606 3067 1710 3106 nec
1762 3051 1967 3115 oratio,
2019 3054 2083 3103 ut

437 3138 681 3209 dignum
733 3142 841 3208 est,
892 3138 1232 3209 exprimere,
1267 3156 1372 3195 nec
1405 3140 1564 3195 auris
1603 3155 1807 3211 capere
1847 3143 2079 3212 potest;

438 3227 519 3281 ita
552 3230 617 3281 ut
646 3225 815 3282 aliter
842 3227 1125 3283 Jeremias
1156 3229 1227 3283 ad
1258 3245 1387 3284 eam
1421 3228 1814 3285 calamitatem
1847 3245 1947 3300 pro
1992 3228 2083 3281 di-

2178 646 2391 703 άσύλων
2458 652 2645 723 μιαραὶ
2705 656 2909 726 χεῖρες,
2969 652 3104 705 κατα
3151 656 3257 705 τῶν
3307 648 3463 723 ᾠδῶν
3506 648 3830 724 σάλπιγγες.

2176 738 2373 792 Σκόπει
2435 759 2529 810 μοι
2575 738 2640 793 τὰ
2684 740 2901 802 τούτοις
2951 739 3206 813 ἑπόμενα,
3256 739 3553 801 πίπτοντας
3620 736 3824 814 ἄνδρας

2178 828 2228 882 ἐν
2292 832 2407 889 τοῖς
2480 828 2672 903 ἁγίοις,
2746 830 3195 903 συμπατουμὲνας
3256 834 3530 906 γυναῖκας,
3563 825 3706 883 ἔστιν
3770 829 3834 890 ἃς

2177 916 2265 969 καὶ
2303 916 2436 989 μετὰ
2472 920 2569 970 τοῦ
2601 917 2801 994 φόρτου
2831 925 2929 987 τῆς
2961 918 3191 996 φύσεως,
3224 919 3350 981 τοὺς
3401 919 3688 994 προώρους
3735 917 3833 972 τό·

2177 1024 2304 1065 κους
2362 1004 2451 1058 καὶ
2512 1005 2759 1078 ἀτόκους,
2811 1008 2978 1061 εἰπεῖν
3028 1007 3393 1080 οἰκειότερος·
3476 1004 3835 1079 διελκομένας

2178 1093 2473 1169 παρθένους
2532 1094 2762 1170 οἰκτρῶς
2816 1095 3160 1169 αἰκιζομένας
3227 1094 3546 1172 αἷσχὸτερον
3626 1094 3838 1169 (αἰσχύ-

2179 1203 2337 1254 νομαι
2397 1182 2485 1236 καὶ
2541 1189 2795 1258 γυναῖκας
2845 1185 2933 1239 καὶ
2994 1182 3189 1259 ἄνδρας
3250 1185 3417 1239 εἰπεῖν
3476 1184 3567 1238 τὸν
3600 1182 3834 1259 τρόπον,

2179 1272 2267 1325 καὶ
2292 1276 2567 1346 γυμνῶσαι
2617 1271 2694 1344 τῷ
2744 1271 2893 1348 λόγῳ
2939 1274 3005 1328 τὰ
3051 1275 3263 1346 κρυπτὰ
3290 1281 3389 1343 τῆς
3424 1271 3716 1348 αἰσχύνης,
3750 1272 3838 1334 οἷς

2180 1361 2267 1414 καὶ
2325 1361 2447 1415 τότε
2501 1363 2857 1436 γυμνωθεῖσιν
2927 1361 3296 1436 αίσγύνομαι),
3363 1362 3459 1423 τὰς
3540 1362 3633 1433 μὶν
3695 1361 3838 1415 κατὰ

2183 1448 2423 1527 φρεάτων
2480 1451 2780 1527 φερομένας
2833 1454 2941 1506 τῶν
2997 1449 3144 1506 ἔνδον
3203 1454 3300 1505 τοῦ
3333 1448 3503 1526 ἱεροῦ,
3555 1450 3651 1511 τὰς
3687 1447 3746 1504 δὲ
3780 1449 3840 1503 ἐκ

2180 1561 2287 1594 των
2321 1539 2577 1614 ὑπερῴων
2751 1542 3189 1613 κρημνιζομένας
3244 1539 3331 1595 ἐπὶ
3362 1543 3428 1613 τῇ
3474 1539 3673 1610 ἀτοπίᾳ
3725 1543 3838 1593 τῶν

2188 1627 2502 1704 ὁρωμένων,
2560 1628 2653 1689 τὰς
2712 1626 2769 1683 δὲ
2825 1635 2943 1692 ταῖς
2993 1630 3269 1703 κειμέναις
3316 1628 3833 1705 ἐπισωρευομένας·

2181 1716 2307 1778 τοὺς
2364 1716 2450 1771 ἐπὶ
2507 1723 2624 1779 τοῖς
2681 1717 2866 1796 φόνοις
2920 1713 3137 1795 φόνους,
3188 1718 3256 1773 τὰ
3286 1717 3373 1773 ἐπὶ
3419 1722 3538 1779 τοῖς
3576 1717 3837 1789 πτώμασι

2183 1807 2469 1877 πτώματα,
2529 1805 2840 1879 πατούμενα
2891 1802 3153 1882 βεϐήλοις
3197 1806 3324 1860 ποσὶ
3371 1806 3439 1859 τὰ
3478 1806 3835 1880 ἄγια,Θυσια-

2186 1897 2378 1969 στήρια
2407 1890 2840 1970 καθυϐριζόμενα
2898 1898 3172 1971 σχήμασιν
3227 1893 3478 1969 ἀσελγέσι
3528 1894 3618 1948 καὶ
3667 1891 3840 1965 ᾅσμαο

2176 2006 2276 2051 σιν,
2310 1984 2384 2045 ὡς
2418 1981 2474 2037 δὲ
2502 1983 2704 2055 ἀκούω,
2734 1985 2807 2052 (τί
2835 1988 2994 2039 τοῦτο
3026 1987 3059 2053 ἡ
3091 1983 3347 2057 τολμηρὰ.
3388 1980 3620 2057 γλῖςσσα
3669 1981 3834 2057 φθέγ-

2177 2076 2316 2143 ξεται
2342 2075 2378 2144 ;)
2427 2072 2515 2126 καὶ
2545 2078 2662 2134 τοῖς
2698 2073 2829 2147 ὑπὲρ
2863 2072 3035 2127 αὐτῶν
3088 2073 3369 2148 ὀρχήμασι
3423 2072 3511 2126 καὶ
3566 2071 3837 2145 λογίσμα-

2182 2184 2271 2216 σι·
2328 2159 2755 2237 δημηγορούσας
2815 2161 2902 2215 ἐπὶ
2949 2166 3057 2215 τῶν
3102 2165 3264 2236 ἰερῶν
3316 2160 3528 2234 Θρόνων
3578 2157 3837 2233 γλώσσας

2187 2249 2568 2327 βλασφήμους,
2623 2252 2894 2325 μυστήρια
2956 2248 3396 2322 κωμῳδούμενα,
3475 2246 3838 2321 σιωπωμὲνας

2182 2336 2533 2413 ψαλμῳδίας,
2581 2338 2831 2413 οἰμωγὰς
2900 2337 3361 2414 ἀντεγειρομένας,
3431 2336 3647 2410 αίμάτω
3709 2335 3844 2412 ὀχε-

2180 2428 2326 2498 τοὺς,
2362 2425 2604 2502 δακρύων
2638 2428 2839 2502 πηγὰς,
2870 2427 3034 2503 ἱερεῖς
3084 2425 3407 2501 ἀγομένους,
3461 2424 3841 2498 μονοτρόπους

2184 2515 2672 2592 σπαρασσομένους,
2733 2521 2904 2570 πᾶσαν
2960 2522 3061 2585 τῆς
3122 2515 3423 2590 Ἀσσυρίων
3482 2513 3844 2587 καταδρομῆς

2181 2607 2279 2673 τὴν
2316 2604 2511 2674 εἰκόνα,
2543 2603 2609 2673 ἥν
2640 2625 2771 2658 ποτε
2813 2605 2910 2672 τὴν
2958 2603 3116 2679 ἀγίαν
3161 2600 3528 2679 Ἰερουσαλὴμ
3572 2599 3840 2675 κατέδρα-

2189 2713 2321 2766 μον·
2487 2695 2624 2766 μήτε
2673 2692 2840 2768 λόγος
2880 2693 3043 2766 ἀξίως
3098 2694 3454 2768 παραστῆσαι,
3518 2692 3656 2764 μήτε
3699 2690 3843 2759 ἀκοή

2184 2789 2439 2857 χωρῆσαι
2490 2779 2730 2855 δύναται,
2786 2782 2958 2854 μόνης
3010 2779 3066 2835 δὲ
3108 2780 3502 2853 τῆςἹερεμίου
3530 2778 3618 2833 καὶ
3652 2781 3845 2854 ψυχῆς

2186 2871 2275 2925 καὶ
2324 2876 2507 2946 φωνῆς
2554 2872 2688 2945 πρὸς
2733 2870 2880 2940 ἀξίαν
2929 2867 3261 2945 ὀδύρασθαιθ
3311 2866 3370 2929 ὅς
3417 2868 3506 2921 καὶ
3536 2868 3719 2940 πηγὰς
3750 2864 3850 2920 δα-

2187 2958 2363 3035 κρύων
2398 2959 2658 3029 ἐπιζητεῖ,
2682 2959 2770 3013 καὶ
2800 2958 2859 3013 ἐκ
2899 2962 3099 3032 τειχῶν
3132 2954 3489 3033 προκαλεῖται
3519 2958 3716 3028 Θρῆνον
3752 2954 3845 3009 ἐπὶ

2189 3048 2457 3109 τοιούτοις
2507 3048 2719 3117 πάθεσι,
2761 3049 2850 3101 καὶ
2896 3044 3044 3109 ὁδοῖς
3105 3047 3245 3101 Σιὼν
3295 3040 3579 3101 ἐπιϐάλλει
3626 3042 3849 3110 πένθος,

2193 3135 2290 3190 οὐκ
2323 3136 2578 3210 ἀγούσαις
2608 3136 2734 3198 τοὺς
2768 3137 3138 3209 ἑορτάζοντας.

444 3314 668 3386 gnitate
699 3316 1183 3387 complorandum
1216 3318 1586 3373 adhibendus
1617 3319 1731 3384 sit;
1764 3317 1863 3389 qui
1892 3316 2067 3372 etiam
2101 3315 2488 3388 lacrymarum
2523 3316 2711 3370 fontes
2740 3316 3018 3388 exposcit,
3061 3318 3231 3386 atque
3261 3330 3329 3369 ex
3359 3311 3523 3367 urbis
3555 3310 3856 3367 manibus

444 3404 516 3459 ob
547 3405 781 3460 easdem
813 3405 1177 3463 calamitates
1206 3408 1278 3463 ad
1310 3407 1535 3463 luctum
1572 3406 1839 3463 homines
1870 3406 2156 3471 hortatur,
2189 3404 2412 3475 viisque
2441 3405 2578 3460 Sion
2610 3404 2834 3460 luctum
2866 3404 3087 3461 indicit.
3124 3420 3189 3459 eo
3221 3403 3376 3475 quod
3411 3400 3623 3472 nullos,
3656 3416 3691 3455 a
3719 3399 3861 3471 qui-

442 3492 554 3547 bus
586 3494 732 3547 festa
760 3493 1142 3563 celebrentur,
1175 3496 1469 3551 adducant
1497 3497 1562 3550 ⁵³.

518 3581 662 3637 ΧΙΙΙ.
696 3582 855 3637 Hanc
903 3584 1249 3655 tragoediam
1297 3585 1502 3640 Oriens
1549 3585 1781 3655 quidem
1832 3583 1996 3648 vidit,
2029 3588 2087 3637 at
2118 3587 2160 3649 (ἶ

445 3672 725 3727 Occidens
756 3688 985 3744 quoque
1014 3674 1264 3740 deﬂevit,
1296 3674 1387 3729 cui
1429 3674 1813 3729 immanitatis
1844 3674 2088 3743 hujusce

441 3762 610 3833 signa
642 3760 920 3833 fugitivus
969 3762 1213 3818 antistes
1257 3762 1484 3834 publice
1533 3763 1849 3834 spectanda
1880 3778 2087 3833 propoe

446 3850 585 3905 suit.
618 3849 740 3913 Quo
775 3849 986 3920 pacto?
1018 3851 1122 3905 Pro
1172 3852 1553 3907 cadaveribus
1596 3856 1869 3907 cruentas
1898 3856 2091 3906 vestes

448 3938 717 3995 Ecclesia;
752 3939 1022 3995 Romanas
1072 3940 1332 4011 protulit,
1357 3957 1421 3996 ac
1454 3958 1555 4013 per
1579 3941 1815 3996 tacitam
1850 3956 2089 3995 accusa-

446 4028 668 4085 tionem
726 4029 1002 4085 omnibus
1054 4029 1340 4102 lacrymas
1387 4030 1586 4097 movit,
1637 4035 1702 4085 ut
1742 4028 2093 4085 calamitatis

454 4119 919 4191 magnitudinem
950 4120 1009 4174 in
1040 4120 1226 4177 oculis
1255 4124 1313 4175 et
1343 4125 1580 4191 aspectu
1611 4121 1907 4192 deligeret,
1944 4135 2095 4189 aque

455 4207 737 4264 auxilium
768 4209 1224 4279 nancisceretur,
1260 4209 1755 4280 quemadmodum
1784 4208 1959 4263 etiam
1994 4224 2093 4262 na-

453 4302 609 4352 ctum
629 4313 757 4353 esse
777 4297 1016 4375 scimus.
1035 4298 1122 4352 Fit
1142 4297 1295 4352 enim
1323 4299 1530 4361 fere,ut
1546 4298 1646 4368 qui
1674 4297 1882 4367 opibus
1904 4314 1970 4351 ac
1995 4314 2094 4367 po-

454 4386 637 4440 tentia
661 4385 957 4456 prmcellit,
975 4387 1046 4441 ad
1070 4386 1287 4440 inﬁrmi
1307 4386 1621 4457 afﬂictique
1644 4386 1937 4441 miseriam
1962 4386 2097 4440 sub-

450 4474 762 4529 levandum
796 4474 1046 4529 maxime
1079 4473 1425 4541 inﬂectatur,
1457 4491 1523 4530 ac
1569 4479 1889 4547 spontaneo
1921 4475 2093 4530 bene-

450 4562 714 4619 volentia:
768 4564 998 4630 affectu,
1034 4564 1104 4618 ad
1144 4579 1300 4633 eum,
1334 4564 1432 4635 qui
1481 4564 1764 4636 dignitate
1812 4563 2093 4617 imminu-

449 4657 547 4708 tus
576 4657 685 4722 est,
718 4670 779 4709 se
821 4654 1123 4724 adjungat.
1169 4657 1288 4708 Hoc
1334 4653 1570 4724 quidem
1617 4668 1821 4709 omnes
1870 4652 1947 4723 pii
1990 4651 2095 4705 viri

452 4742 795 4814 gravissime
818 4743 1121 4810 tulerunt;
1155 4746 1219 4797 tu
1247 4759 1402 4809 vero,
1434 4746 1596 4798 tanto
1628 4741 1816 4814 magis
1848 4757 2097 4796 commo-

449 4836 548 4887 tus
573 4848 659 4899 es,
701 4835 922 4904 quanto
952 4836 1010 4887 et
1038 4830 1269 4887 dicendi
1298 4830 1573 4887 facultate
1602 4835 1778 4903 atque
1810 4829 2094 4893 doctrina,

2269 3583 2363 3636 II".
2396 3584 2565 3634 Τοῦτο
2594 3580 2655 3634 τὸ
2704 3577 2885 3655 δρᾶμα
2941 3578 3049 3635 εἶδε
3108 3580 3202 3651 μὲν
3240 3578 3349 3651 ἑῴα
3375 3576 3552 3647 λῆξις,
3586 3574 3856 3650 ἐθρήνησε

2196 3668 2253 3723 δὲ
2302 3668 2391 3722 καὶ
2448 3666 2715 3744 ἐσπὲριος,
2770 3668 2806 3743 ᾖ
2859 3669 2926 3722 τὰ
2978 3664 3233 3740 σύμϐολα
3286 3669 3386 3735 τῆς
3431 3663 3688 3725 ἀπονοίας
3720 3663 3854 3740 6pc-

2195 3759 2295 3831 γὰς
2350 3756 2523 3831 ἱερεὺς
2582 3760 2695 3830 (57)
2747 3752 3120 3831 ἐθριάμϐευσε.
3180 3756 3310 3810 Τίνα
3363 3754 3606 3830 τρόπον;
3669 3758 3855 3826 Πρου-

2199 3850 2331 3914 Οηκε
2358 3850 2427 3919 τῇ
2460 3845 2757 3917 Ἐκκλησία
2793 3846 3101 3918 Ῥωμαίων,
3133 3844 3249 3899 ἀντὶ
3305 3849 3412 3898 τῶν
3470 3846 3698 3915 νεκρῶν,
3748 3842 3852 3907 τὴν

2198 3936 2525 4009 ᾑμαγμένην
2586 3935 2799 4006 ἐσθῆτα,
2857 3935 2946 3990 καὶ
3004 3938 3143 3990 κινεῖ
3197 3931 3458 4006 πάνδημα
3508 3929 3714 4003 δάκρυα
3762 3927 3855 3983 διὰ

2198 4032 2297 4093 τῆς
2355 4025 2649 4095 σιωπώσης
2707 4025 3055 4101 κατηγορίας,
3118 4021 3209 4077 ’ίνα
3275 4021 3365 4077 καὶ
3425 4021 3737 4096 παρεστήσῃ
3793 4019 3859 4073 τὸ

2201 4112 2394 4181 πάθος,
2452 4114 2540 4166 καὶ
2588 4118 2695 4168 τῶν
2748 4111 2935 4167 δεινῶν
2984 4112 3266 4185 ἐπίκουρον
3474 4103 3636 4183 λάϐῃ,
3671 4107 3856 4180 ὥσπερ

2203 4203 2293 4257 οὖν
2352 4204 2440 4257 καὶ
2498 4201 2762 4280 εἰληφότα
2818 4200 3098 4276 ἔγνωμεν·
3157 4198 3344 4267 ἐπειδὴ
3403 4196 3553 4277 φιλεῖ
3614 4196 3858 4269 μάλιστα

2203 4294 2537 4364 κάμπτεσθαι
2569 4292 2629 4345 τὸ
2659 4290 2895 4367 προέχον
2930 4293 3068 4366 πρὸσ
3096 4290 3157 4344 τὸ
3212 4289 3447 4359 ἀσθενὲς,
3496 4286 3586 4341 καὶ
3646 4283 3718 4339 δι’
3770 4285 3862 4339 εὖ-

2203 4379 2352 4442 νοίας
2386 4380 2631 4435 ἑκουσίου
2680 4378 2758 4451 τῷ
2806 4379 3185 4452 ἐλαττουμένῳ
3233 4376 3635 4452 προστίθεσθαι.
3686 4378 3861 4428 Τοῦτο

2204 4469 2399 4543 ἤνεγκε
2457 4472 2549 4541 μὲν
2606 4466 2729 4523 οὐδὲ
2774 4473 2880 4522 τῶν
2940 4467 3125 4523 ἄλλων
3189 4461 3421 4521 εὐσεϐῶν
3473 4460 3599 4518 οὐδὲ
3646 4462 3765 4523 εἶς’
3807 4464 3864 4516 σὲ

2205 4558 2261 4614 δὲ
2316 4563 2454 4613 κινεῖ
2509 4556 2596 4612 καί
2656 4555 2845 4628 πλέον,
2903 4557 3015 4629 ’ὀσῳ
3072 4555 3159 4610 καὶ
3214 4554 3305 4609 τὸν
3364 4552 3532 4627 λόγον
3608 4550 3866 4605 τελεύτε-

2206 4669 2317 4723 ρος,
2376 4646 2463 4700 καὶ
2519 4648 2609 4701 τὸν
2675 4644 2840 4715 ζῆλον
2901 4644 3251 4718 θερμότερος.
3311 4642 3409 4697 Διὰ
3461 4644 3624 4695 τοῦτο
3681 4639 3860 4693 πολε-

2209 4742 2325 4808 μεῖς
2389 4735 2480 4806 μὲν
2542 4735 2673 4811 ὑπὲρ
2730 4738 2826 4788 τοῦ
2884 4732 3085 4807 Λόγου,
3143 4730 3365 4804 πολεμῇ
3444 4727 3501 4783 δὲ
3578 4727 3684 4782 ὑπὸ
3756 4734 3862 4794 τῆς

2206 4819 2448 4885 ἀσεϐείας
2499 4826 2649 4897 (59)⁶
2706 4822 2795 4878 καὶ
2844 4822 2979 4899 πρὸς
3039 4819 3276 4882 πολλοῖς
3337 4815 3556 4885 ἄλλοις,
3604 4818 3687 4878 οἷς
3724 4815 3864 4889 ὑπὲρ

448 4925 505 4976 et
534 4920 641 4978 zeli
671 4901 891 4977 fervore
918 4920 1142 4977 caeteris
1172 4919 1577 4977 antecellebas.
1603 4901 1882 4985 Quocirca
1903 4922 1967 4971 ut
1990 4933 2082 4989 prc

2204 4917 2300 4968 τοῦ
2357 4911 2530 4967 καλοῦ
2577 4912 2824 4987 πράττων
2882 4912 2971 4965 καὶ
3029 4909 3205 4985 λέγων
3244 4908 3537 4983 ἠγώνισαι,
3571 4901 3865 4973 διδάσκων,

2303 5004 2326 5017 Λ
2397 5006 2423 5017 -υ
2550 5000 2597 5017 ἱ.
2741 5001 2754 5017 Ι
3028 4996 3107 5017 1"
3378 4995 3639 5017 ’,,,,..,i"’...
3746 5012 3846 5017 A.-n

447 5010 635 5066 Verbo
668 5008 886 5065 bellum
919 5008 1091 5078 geris,
1122 5008 1203 5064 ita
1232 5009 1405 5065 etiam
1440 5009 1511 5064 ab
1542 5008 1843 5080 impietate
1876 5005 2089 5061 bellum

520 5112 538 5146 ί
570 5109 687 5165 Jer.
720 5125 796 5175 1x,
832 5109 883 5173 1,
957 5108 1003 5145 ⁵⁸
1034 5108 1249 5164 Thren.
1282 5126 1320 5180 ι,
1353 5108 1378 5162 1
1415 5123 1544 5178 sqq.

451 5206 676 5262 Alludit
705 5205 859 5260 enim
894 5205 1203 5267 Gregorius
1254 5207 1325 5261 ad
1376 5205 1495 5259 haec
1542 5203 1703 5257 Isaiae
1734 5202 1947 5267 iverba,
1996 5218 2098 5265 vn,

447 5282 483 5334 6
516 5297 527 5333 :
563 5278 925 5333 Ascendamus
955 5275 1030 5332 ad
1044 5280 1259 5345 ludam,
1283 5282 1332 5333 et
1361 5277 1687 5331 suscitemus
1713 5290 1857 5339 eum,
1878 5277 1926 5327 et
1950 5275 2097 5327 avet—-

453 5352 635 5406 lamus
664 5365 787 5403 eum
818 5351 887 5404 ad
920 5366 1039 5415 nos,
1078 5359 1128 5406 et
1152 5364 1427 5421 ponamus
1460 5362 1636 5416 regem
1685 5348 1744 5399 in
1772 5345 1950 5400 medio
1981 5347 2100 5415 ejus

455 5424 638 5495 ﬁlium
672 5423 896 5495 Tabeet.

529 5495 644 5565 (56)
676 5492 977 5573 Ὑπερῲων.
1008 5515 1041 5573 ξ
1075 5492 1116 5546 E
1156 5488 1558 5573 superioribus
1588 5487 1753 5573 locis,
1789 5509 1815 5535 ››
1847 5491 1903 5543 et
1934 5487 2099 5573 quasi

456 5560 978 5633 ccsnaCulis,'unde
1008 5562 1201 5619 Sacris
1231 5560 1583 5627 intererant;
1630 5560 1736 5627 vel,
1771 5576 1799 5614 e
1830 5560 2101 5614 cancellis

459 5656 561 5709 per
590 5654 737 5709 quos
770 5637 1106 5709 audiebant.

531 5702 645 5784 £572
699 5708 754 5758 '0
812 5708 979 5784 φυγὰς
1039 5702 1237 5784 tepetii:
1303 5702 1494 5784 Schol.
1557 5720 1570 5759 :
1632 5702 1833 5777 Πέτρος
1903 5702 1930 5755 ὁ
1993 5704 2104 5783 μετ’

531 5728 643 5776 (Ol)
716 5728 754 5758 U
812 5728 879 5784 φυ
920 5728 979 5767 ας
1044 5728 1234 5780 ιερευς.·
1304 5728 1494 5758 DUUUI.
1557 5728 1569 5759 ζ
1634 5728 1833 5777 υετρος
1903 5728 1930 5755 ο
1993 5728 2089 5783 μετ

455 5776 790 5833 Ἀθανάσιον.
824 5803 849 5831 ι)
883 5728 1091 5835 ἘΕΠἯΒ
1123 5775 1426 5833 Athanasii
1457 5792 1779 5846 successor,
1829 5797 1857 5825 ››
1916 5790 2016 5844 qui
2073 5788 2103 5828 e

3025 4996 3296 5073 ἐλέγχων,
3374 4995 3661 5067 ἐπιτιμῶν,
3741 5012 3867 5068 συγ-

2203 5004 2488 5067 νουθετῶν,
2548 5000 2945 5077 ἐξαιρούμενος,

2209 5200 2344 5254 sede
2366 5199 2861 5269 ejectus,Romam
2882 5196 3076 5269 petiit;
3103 5196 3259 5251 unde
3280 5196 3413 5266 post
3425 5190 3689 5269 valentis
3709 5206 3866 5269 mor:

2208 5277 2347 5327 tem.
2382 5262 2792 5326 Alexandriam
2844 5262 3110 5324 reversus
3159 5262 3419 5333 est,'non
3460 5263 3589 5319 sine
3617 5262 3867 5317 Damasi

2208 5344 2422 5397 litteris
2454 5344 2523 5396 ad
2553 5341 3000 5397 Alexandrinos.

2280 5416 2402 5492 (581
2452 5416 2566 5492 Τῷν
2642 5409 2840 5492 ’δεινῶν
2911 5410 3237 5492 ἔπικουρίν..
3297 5406 3588 5492 Damasus
3665 5404 3869 5492 Roma

2211 5477 2468 5567 pontifex
2502 5484 2595 5539 hic
2626 5484 2985 5556 designatur,
3018 5477 3116 5552 qui
3144 5480 3381 5535 Petrum
3414 5477 3670 5548 benigne
3699 5491 3870 5530 exce-

2212 5564 2549 5696 ’Υπὸ
2587 5631 2686 5693 τῆς
2746 5619 3010 5682 ἀσεϐείας.
3069 5626 3134 5696 In
3191 5618 3513 5696 nonnullis,
3576 5617 3712 5690 ὑπὲρ
3774 5623 3876 5683 τῆς

2213 5691 2502 5767 εὐάεϐἐίας,
2537 5691 2826 5753 «Pietatis
2855 5712 3036 5753 causa
3064 5692 3455 5767 impugnaris.
3511 5711 3533 5738 ι
