4056 6274
225 332 353 404 1217

925 322 934 330 ’
982 330 1272 404 cauto
1316 332 1502 403 xxv.
1535 339 1718 400 —IN
1764 334 2089 403 LAUDEM
2132 338 2475 405 HERONIS
2522 342 2827 410 PHILOS.

3453 359 3609 425 1218

221 476 363 551 χέων.
398 473 637 544 ἰδιώτας,
665 475 957 552 ἄρχοντας,
992 471 1125 543 ἱδίᾷ,
1184 471 1444 545 δημοσίᾳ,
1491 472 1627 526 κατά
1676 470 1848 524 πάντα

1980 474 2069 528 .ibi
2099 474 2348 531 infertur
2380 495 2392 535 :
2427 495 2492 533 ac
2524 485 2731 551 praater
2759 482 2872 539 alia
2904 485 3083 541 multa
3118 493 3457 563 certamina,
3482 512 3607 567 qua

224 564 385 641 καιρὸν
416 566 504 621 καὶ
533 567 698 620 τόπον
726 585 736 597 ·
769 564 950 632 τέλος,
1014 563 1178 636 μανίᾳ
1226 560 1610 638 συναρπασθεὶς
1670 559 1852 615 δυσσε-

223 650 330 716 ϐοῦς
362 656 624 725 ἔξουσίας,
659 649 727 728 (ὦ
756 660 855 722 τῆς
888 652 1134 727 εὐγενοῦς
1167 655 1278 727 (60)
1317 657 1599 728 συμφορᾶς
1628 652 1640 707 l
1675 650 1718 705 ὥ
1748 654 1854 703 τῶν

223 744 360 819 ἰερῶν
408 764 504 798 σου
561 742 883 818 τραυμάτων
912 743 951 815 ἔ)
1009 741 1157 815 ξαίνῃ
1220 741 1313 813 μὲν
1362 741 1452 795 τὸν
1498 738 1664 794 καλὸν
1696 743 1855 811 σῶμα

221 836 321 892 ταῖς
372 832 636 904 μάστιξιν,
684 830 863 903 ὥσπερ
914 828 970 885 δὲ
1017 833 1130 904 (61)
1180 828 1354 885 ἄλλου
1387 830 1581 897 θεατὴς
1615 830 1852 902 πάσχον-

222 939 332 981 τος·
366 921 453 973 καὶ
502 921 724 993 κάμπτῃ
777 920 870 991 μὲν
922 919 983 973 τὸ
1016 920 1316 993 ὁρώμενον,
1348 918 1410 971 οὐ
1443 912 1764 991 καταϐάλλῃ
1799 914 1855 969 δὲ

221 1008 276 1061 τὸ
323 1009 615 1081 νοούμενον
643 1028 656 1041 ⁸
708 1007 1042 1078 στηκιτεύεις
1088 1010 1204 1081 (62)
1247 1009 1349 1075 τὴν
1380 1004 1623 1081 ἀνδρείαν
1658 1005 1707 1058 ἐν
1739 1010 1855 1065 ταῖς

224 1095 453 1151 ἀπάντων
527 1092 722 1170 ὅψεσν
802 1096 923 1170 γίνῃ
1001 1093 1058 1150 δὲ
1127 1096 1216 1151 καὶ
1286 1098 1449 1170 σιγῶν
1505 1097 1604 1163 τῆς
1660 1114 1853 1170 καρτε-

222 1184 323 1261 ρίας
378 1182 721 1256 διδάσκαλος,
782 1183 968 1254 ἐπειδή
1038 1205 1098 1260 γε
1154 1187 1189 1255 ἠ
1247 1182 1470 1260 γλῶσσα
1527 1186 1738 1258 παρῆκε
1793 1184 1855 1237 τὸ

221 1273 541 1351 φθέγγεσθαι.

1968 563 2188 618 honesti
2222 581 2417 631 causa,
2453 584 2622 637 opere
2652 577 2708 625 et
2739 588 3007 629 sermone
3040 577 3295 643 subiisti,
3320 582 3460 637 dum
3493 563 3609 655 pri-

1962 657 2125 707 vatos
2158 658 2213 707 et
2244 655 2558 726 principes,
2602 660 2871 728 privatim
2906 669 2962 717 et
2993 666 3242 734 publice,
3266 671 3467 737 quovis
3511 674 3611 729 de-

1964 742 2141 812 nique
2172 746 2431 814 tempore
2478 750 2534 800 et
2581 746 2706 802 loco
2737 750 2929 817 doces,
2955 754 3251 825 admones,
3277 761 3498 832 arguis,
3523 763 3613 819 in-

1964 846 2188 901 crepas,
2230 834 2575 903 confundis;
2608 838 2676 891 ad
2712 844 3035 897 extremum
3070 844 3259 917 impiae
3310 853 3613 919 potestatis

1969 920 2157 974 lurore
2208 923 2665 993 comprehensus
2716 934 2767 995 (ο
2801 930 3056 987 nobilem
3110 934 3539 995 calamitatem!
3581 959 3614 999 ο

1966 1024 2124 1062 sacra
2157 1012 2259 1063 tua
2277 1010 2579 1083 vulnerat)
2610 1015 2789 1085 virgis
2817 1018 3053 1087 quidem
3086 1022 3335 1095 eleganti
3369 1029 3518 1086 465
3546 1046 3613 1086 ac

1965 1097 2174 1151 decoro
2209 1113 2448 1169 corpore
2481 1100 2777 1171 laceraris,
2803 1106 2903 1161 sed
2938 1108 3039 1174 ita,
3068 1127 3134 1165 ac
3164 1112 3211 1166 si
3242 1115 3614 1186 vapulantem

1956 1184 2214 1240 alterum
2247 1192 2579 1257 spectares:
2605 1196 2661 1246 et
2693 1209 3030 1265 quanquam
3065 1214 3131 1252 ea
3161 1200 3246 1255 tui
3278 1184 3459 1272 parte,
3485 1222 3613 1278 qua

1969 1273 2025 1326 in
2059 1279 2361 1344 aspectum
2386 1278 2560 1343 cadit,
2584 1280 2638 1333 in
2651 1279 2917 1350 flectat-is,
2942 1301 3009 1339 ea
3029 1292 3245 1354 tamen,
3262 1308 3387 1361 quas
3421 1273 3614 1352 mente

217 1364 539 1436 percipitur,
569 1363 1032 1435 haudquaquam
1082 1362 1351 1433 dejiceris
1381 1380 1393 1418 :
1429 1362 1567 1433 quin
1602 1361 1799 1434 potius
1848 1360 2248 1417 fortitudinem
2281 1364 2354 1417 ob
2386 1366 2649 1423 omnium
2684 1370 2883 1425 oculos
2932 1377 3213 1445 tanquam
3245 1360 3302 1433 in
3337 1380 3613 1441 columna

217 1452 449 1525 sculpis;
484 1456 661 1524 atque
691 1452 863 1509 etiam
895 1457 1119 1521 tacens,
1153 1451 1364 1524 (neque
1390 1452 1546 1507 enim
1580 1468 1794 1507 munus
1816 1451 1940 1520 jam
1976 1467 2147 1505 suum
2198 1453 2434 1524 exsequi
2483 1453 2683 1527 lingua
2733 1461 3000 1532 poterat),
3032 1468 3373 1524 constantiae
3423 1472 3611 1544 magi-

218 1546 391 1597 strum
423 1546 479 1596 te
509 1541 753 1613 prasbes.

278 1628 370 1684 Μ’.
406 1627 533 1681 Εἶτα
588 1626 679 1695 τί;
738 1632 847 1696 Τῆς
897 1624 1159 1701 πατρίδος
1217 1626 1526 1701 ὑπερορίζῃ,
1607 1626 1634 1680 6
1693 1624 1855 1698 μηδε-

219 1715 329 1789 μίαν
361 1718 474 1789 (63)
505 1714 662 1778 εὶδὼς
696 1716 895 1770 οἰκείαν
943 1716 1033 1770 καὶ
1091 1713 1412 1790 ἀλλοτρίαν,
1471 1714 1593 1786 ἐμοὶ
1657 1712 1855 1786 δοκεῖν,

215 1804 298 1858 ’ίνα
348 1804 435 1858 καὶ
497 1802 661 1859 ἄλλοι
711 1802 1041 1858 παιδευθῶσι
1100 1801 1188 1858 διὰ
1236 1808 1332 1858 σοῦ
1389 1805 1489 1872 τὴν
1545 1798 1852 1857 εὐσέϐειαν·

221 1893 389 1955 Ὀασίς
450 1913 533 1947 σοι
597 1896 706 1963 (64)
762 1895 823 1948 τὸ
890 1890 1341 1970 φυγαδευτήριον,
1498 1893 1855 1963 ἀπάνθρωπος
1890 1865 1935 1927 Β

220 1981 431 2058 ἐρημία,
481 1983 543 2036 τὸ
597 1980 685 2036 διὰ
734 1983 791 2036 σὲ
838 1980 1030 2036 λοιπὸν
1070 1981 1251 2056 εὐαγὲς
1280 1983 1393 2054 (65)
1424 1981 1652 2055 χωρίον.
1684 1981 1862 2035 Μετά-

223 2068 308 2132 δος
362 2073 496 2143 ἡμῖν
546 2072 635 2124 καὶ
691 2074 797 2124 τῶν
856 2077 956 2139 τῆς
991 2068 1279 2145 ὑπερορίας
1309 2090 1403 2122 σου
1433 2068 1638 2135 καλῶν,
1674 2066 1860 2136 ἐπειδὴ

218 2179 274 2233 γε
328 2163 432 2213 τῶν
491 2165 591 2228 τῆς
632 2155 895 2212 ἐπανόδου
931 2157 1257 2230 μετέδωκας.
1314 2156 1551 2226 Ποίησον
1582 2159 1717 2228 ἡμῖν
1752 2156 1864 2210 θεα-

218 2267 340 2322 τρον
366 2250 465 2315 τήν
526 2243 809 2301 ἐπάνοδον.
868 2244 1024 2307 Τίνας
1087 2245 1195 2299 ἐκεῖ
1232 2245 1547 2322 φιλοσοφεῖν
1582 2242 1862 2315 ἐδίδαξας;

222 2335 364 2397 τίνας
423 2333 687 2409 ἐκάθηρας
740 2339 848 2388 τῶν
907 2328 1111 2387 ἀσεϐῶν
1164 2333 1531 2406 ὑπολήψεων;
1589 2333 1738 2395 τίνας
1795 2336 1864 2407 τῇ

227 2418 463 2495 εὐσεϐείᾳ
514 2425 899 2498 προσήγαγες;
950 2423 1109 2497 Ὀρᾲν
1156 2443 1250 2494 μοι
1309 2420 1453 2477 δοκῶ
1499 2423 1561 2477 τὸ
1611 2422 1719 2477 ἐκεῖ
1745 2443 1868 2476 παι-

223 2510 523 2587 δευτήριον,
582 2512 679 2579 τήν
732 2517 856 2584 περί
916 2511 974 2565 σὲ
1027 2509 1251 2580 τελετὴν
1283 2513 1393 2584 (66)
1424 2509 1512 2565 καί
1542 2513 1865 2586 πανήγυριν.

224 2601 354 2655 Εἰπὲ
384 2600 475 2655 καὶ
509 2605 671 2655 τοῦτο
701 2619 714 2632 °
762 2598 928 2675 Εἷχές
971 2621 1093 2654 τινα
1120 2600 1464 2675 παραμυθίαν
1509 2605 1625 2662 τοῖς
1688 2597 1873 2673 λειψά-

220 2710 330 2751 νοις
386 2693 484 2743 τοῦ
530 2690 823 2762 σώματος;
882 2687 918 2757 ἤ
966 2687 1053 2743 καὶ
1083 2689 1182 2756 τὴν
1216 2691 1325 2761 (67)
1375 2688 1558 2742 πενίαν
1615 2686 1867 2764 ἐφιλοσό-

222 2796 367 2854 φεις;
428 2776 590 2853 Εἴχὲς
645 2798 793 2838 τινας
851 2776 1147 2838 κοινωνοὺς
1200 2784 1299 2845 τῆς
1348 2776 1728 2847 ἀθλήσεωςςῆ
1779 2777 1867 2831 καὶ

224 2870 381 2920 τοῢοο
412 2866 708 2940 πενόμενος
763 2863 1026 2941 ἤνεγκας
1089 2866 1331 2927 Ἐπόθεις
1358 2868 1455 2928 τὰς
1484 2863 1742 2943 ἀδελφὰς.
1773 2866 1867 2927 τὰς

222 2954 511 3015 κοινωνούς
569 2976 651 3007 σοι
704 2953 791 3008 καὶ
848 2961 948 3022 τῆς
1002 2956 1234 3031 άγνείας,
1283 2956 1371 3008 καὶ
1419 2961 1517 3023 τῆς
1549 2954 1866 3029 καρτερίας;

226 3046 259 3112 ἢ
289 3043 379 3097 καὶ
418 3049 517 3111 τῆς
559 3042 765 3097 τούτων
817 3042 1094 3112 συνηθείας
1148 3045 1216 3112 ἧς
1257 3040 1631 3117 ὑψηλότεροςς
1664 3044 1871 3115 ’Ἑκαμ-

222 3130 321 3186 πτὲ
352 3152 409 3185 σε
440 3137 669 3206 γηραιᾶς
703 3132 908 3207 μητρὸς
941 3131 1180 3205 ἐρημίας
1213 3133 1246 3200 ἣ
1295 3132 1384 3186 καὶ
1435 3130 1555 3185 λίαν
1608 3131 1868 3208 ἐθάρῥεις,

2034 1627 2176 1681 XIV.
2212 1629 2357 1696 Quid
2391 1633 2635 1701 postea?
2680 1635 2720 1689 E
2748 1636 2947 1707 patria
2999 1640 3214 1698 ﬁnibus
3263 1648 3615 1705 extermina-

1971 1716 2070 1783 ris,
2096 1717 2194 1786 qui
2228 1735 2332 1773 nec
2365 1722 2661 1791 propriam
2696 1724 2901 1792 ullam,
2926 1743 3029 1784 nec
3055 1730 3305 1790 alienam
3327 1738 3621 1808 agnoscis,

1972 1812 2033 1858 ut
2065 1804 2186 1876 alii,
2228 1824 2357 1862 mea
2386 1808 2624 1879 quidem
2671 1816 2980 1882 sententia,
3016 1835 3116 1888 per
3163 1825 3217 1876 te
3264 1824 3336 1879 ad
3367 1804 3624 1896 ipietatis

1972 1895 2236 1950 studium
2268 1897 2634 1954 erudiantur.
2656 1901 2821 1957 Oasis
2853 1903 3196 1974 inhumana,
3224 1895 3489 1983 inquam,
3523 1916 3624 1974 illa

1976 1984 2251 2047 solitudo,
2276 1986 2374 2039 sed
2401 1988 2525 2057 jam
2565 1997 2798 2060 propter
2828 1998 2882 2046 te
2906 2003 3108 2051 sancta
3138 2002 3326 2067 sedes,
3351 2003 3420 2057 ad
3455 2021 3625 2060 exsu-

1979 2072 2217 2127 landum
2250 2074 2355 2128 tibi
2388 2076 2741 2133 decernitur.
2767 2083 2879 2152 Age
2910 2084 3107 2155 igitur,
3132 2090 3365 2157 quando
3398 2093 3622 2151 reditus

1976 2161 2060 2214 tui
2091 2162 2240 2216 bona
2270 2165 2542 2235 erogasti,
2578 2169 2662 2220 fac
2702 2170 2886 2223 exsilii
2921 2190 3146 2243 quoque
3178 2177 3233 2229 in
3269 2179 3424 2235 bona
3453 2183 3622 2240 nobis

1977 2249 2354 2321 impcrtiaris.
2382 2252 2652 2309 Reditum
2684 2260 2851 2312 tuum
2884 2259 2941 2313 in
2969 2260 3265 2320 theatrum
3299 2269 3467 2325 nobis
3489 2287 3625 2326 con—

1978 2346 2151 2393 verte.
2176 2339 2473 2403 Quosnam
2519 2342 2638 2398 illic
2681 2345 3081 2420 philosophari
3114 2352 3410 2410 docuisti?
3442 2361 3625 2425 Quos-

1980 2444 2114 2482 nam
2147 2429 2218 2483 ab
2257 2427 2456 2502 impiis
2503 2432 2877 2503 opinionibus
2926 2442 3296 2513 repurgasti?
3326 2445 3624 2509 Quosnam

1980 2516 2049 2569 ad
2076 2516 2348 2587 pietatem
2381 2520 2722 2577 adduxisti?
2744 2524 2949 2582 Videre
2971 2528 3114 2583 mihi
3132 2533 3403 2603 equidem
3432 2536 3629 2594 videor

1980 2604 2243 2660 scholam
2269 2606 2455 2674 illam,
2481 2614 2535 2663 et
2566 2614 2993 2682 caeremoniam,
3020 2620 3453 2694 maximamque
3476 2626 3630 2684 circa

1981 2699 2032 2746 te
2066 2694 2368 2751 hominum
2422 2697 2830 2769 frequentiam.
2866 2703 3012 2759 Illud
3062 2708 3238 2764 etiam
3271 2712 3431 2769 dicas
3479 2717 3627 2772 mihi

1980 2781 2149 2835 velim
2184 2799 2197 2838 :
2232 2784 2518 2841 Prasstone
2561 2788 2666 2843 tibi
2718 2796 2902 2859 erant,
2931 2795 3032 2863 qui
3064 2800 3324 2869 corporis
3372 2803 3457 2857 tui
3490 2805 3624 2860 reli-

1980 2870 2115 2940 quis
2144 2871 2333 2925 solatii
2362 2872 2581 2945 aliquid
2615 2876 2922 2934 aﬂ‘errent?
2966 2889 3052 2938 An
3085 2885 3259 2942 etiam
3308 2899 3626 2963 pauperta-

1980 2964 2097 3012 tem
2137 2958 2404 3015 colebas?
2455 2962 2655 3017 Utrum
2705 2970 3043 3026 certaminis
3088 2976 3277 3032 socios
3309 2958 3628 3039 habebas?

1981 3053 2069 3101 An
2100 3048 2279 3117 hujus
2309 3065 2539 3121 quoque
2582 3053 2663 3108 rei
2696 3057 2997 3125 penuriam
3029 3077 3194 3132 aequo
3235 3065 3430 3123 animo
3480 3072 3625 3128 tere-

1984 3135 2131 3190 bas?
2173 3136 2376 3191 Utrum
2424 3155 2715 3209 sororum,
2747 3160 2913 3215 quas,
2946 3153 3004 3202 et
3053 3152 3339 3209 castitatis
3371 3160 3428 3211 et
3462 3158 3623 3215 forti-

226 3220 301 3282 ὡς
370 3218 621 3296 μέγιστον
682 3219 759 3282 εἷς
814 3220 1107 3298 ἀσφάλειαν
1162 3218 1475 3274 καταλιπὼν
1536 3219 1722 3282 αὐταῖς
1770 3221 1863 3288 τὴν

1983 3224 2204 3280 tudinis
2233 3231 2408 3297 atque
2439 3232 2777 3286 constantiae
2808 3234 2996 3290 socias
3028 3236 3307 3310 habebas,
3338 3246 3625 3306 desiderio

228 3303 537 3378 edaéGsixv;
597 3308 752 3365 Ἀλλ’
808 3306 995 3378 ἐπειδή
1046 3330 1109 3383 γε
1146 3308 1328 3371 καλῶς
1385 3314 1557 3364 ποιῶν
1590 3308 1875 3380 ἐπανήκεις

227 3401 387 3471 ἡμῖν,
437 3398 526 3453 καί
571 3418 627 3451 σε
681 3403 796 3460 τοῖς
831 3402 1073 3462 ποθοῦσι
1104 3399 1369 3454 ποθοῦντα
1400 3398 1563 3454 πάλιν
1598 3397 1869 3453 ἀπέδωκεν

224 3490 252 3541 ὁ
286 3486 521 3559 δοξάζων
576 3486 701 3548 τοὺς
762 3484 1080 3558 δοξάζοντας
1140 3488 1322 3558 αὐτὸν,
1379 3490 1470 3543 καὶ
1537 3487 1870 3563 παραζηλῶν

217 3574 346 3638 τοὺς
378 3575 848 3651 παραζηλοῦντας,
884 3577 911 3630 6
963 3576 1180 3650 θέλημα
1209 3582 1316 3632 τῶν
1370 3574 1719 3656 φοϐουμένων
1780 3577 1870 3632 αὖ·

216 3664 309 3716 τὸν
345 3669 540 3732 ποιῶν,
599 3665 685 3719 καὶ
743 3670 858 3727 τοῖς
914 3672 1123 3741 νεκροῖς
1174 3666 1421 3738 ἐμπνέων
1463 3667 1783 3722 ἀνάστασιν·
1844 3667 1871 3720 6

214 3754 459 3829 Λάζαρον
495 3756 587 3827 μὲν
618 3757 1009 3829 τετραήμερον,
1053 3755 1110 3808 σὲ
1170 3752 1227 3807 δὲ
1281 3759 1538 3830 τετραετῆ
1588 3761 1867 3825 ζωοποιῶν

212 3849 340 3916 παρ’
410 3840 652 3907 ἐλπίδας,
739 3842 827 3895 καὶ
887 3843 1125 3917 συνάγων
1190 3842 1320 3896 ὀστᾶ
1376 3842 1510 3917 πρὸς
1570 3844 1701 3898 ὀστᾶ
1756 3845 1869 3912 καὶ,

214 3930 478 4001 ἁρμονίαν
531 3931 669 4005 πρὸς
728 3930 1012 4005 ἁρμονίαν,
1072 3932 1171 3999 τὴν
1241 3930 1509 4006 Ἰεζεχιήλ
1578 3936 1721 4007 ὁψιν,
1773 3938 1870 3987 τοῦ

213 4023 512 4095 προφητῶν
542 4020 993 4092 θαυμασιωτάτου
1031 4020 1119 4074 καὶ
1152 4019 1525 4094 ὑψηλοτάτου·
1588 4020 1721 4097 ἔχου
1772 4044 1866 4096 μοι

211 4105 382 4161 πάλιν
438 4116 538 4178 τῆς
588 4108 754 4177 αὐτῆς
814 4108 1081 4183 ἐργασίας,
1143 4108 1232 4163 καὶ
1282 4109 1608 4185 παρρησίας,
1642 4111 1729 4165 ἳνα
1790 4113 1865 4185 μὴ

211 4192 373 4269 δόξῃς
405 4196 720 4275 ἐγκεκόφθαι
751 4202 866 4259 τοῖς
897 4198 1108 4265 πάθεσι,
1144 4196 1285 4270 μηδὲ
1315 4196 1633 4270 προδιδόναι
1692 4198 1868 4271 δειλίᾳ

208 4287 325 4357 (68)
357 4287 455 4353 τὴν
485 4285 828 4363 φιλοσοφίαν.

1990 3315 2354 3370 tenebraris?
2410 3322 2496 3371 An
2556 3324 2759 3374 contra
2815 3322 3157 3384 sublimiore
3213 3331 3409 3389 animo
3473 3352 3624 3408 eras,

1985 3419 2163 3473 quam
2193 3410 2259 3459 ut
2287 3420 2489 3460 earum
2538 3412 3020 3468 consuetudinem
3070 3420 3245 3489 atque
3294 3425 3623 3484 convictum

1987 3490 2345 3563 requireres?
2366 3493 2570 3551 Utrum
2594 3502 2650 3553 te
2671 3500 2874 3556 matris
2895 3506 3060 3559 aatate
3075 3508 3349 3565 confectae
3369 3513 3622 3573 solitudo

1984 3579 2239 3637 ﬂectebat
2262 3582 2288 3636 ?
2330 3585 2415 3638 An
2464 3586 2658 3657 potius
2700 3588 2934 3646 firmum
2966 3609 3031 3647 ac
3062 3596 3457 3666 praeﬁdentem
3489 3606 3626 3661 ani-

1983 3686 2144 3724 mum
2175 3672 2437 3742 gerebas,
2462 3678 2526 3728 ut
2546 3674 2645 3746 qui
2678 3676 2974 3749 pietatem,
3000 3687 3277 3753 tanquam
3304 3690 3625 3750 maximum

1979 3760 2106 3814 vitae
2138 3760 2495 3830 praesidium,
2526 3762 2607 3817 illi
2633 3765 3015 3837 reliquisses?
3044 3772 3369 3841 Enimvero,
3392 3784 3626 3850 quando

1981 3852 2054 3941 te,
2090 3852 2153 3941 ut
2202 3864 2301 3918 per
2353 3853 2497 3913 erat,
2530 3852 2601 3904 ad
2653 3870 2759 3907 nos
2813 3858 3101 3928 recepisti,
3145 3866 3316 3933 atque
3373 3866 3492 3933 ille,
3525 3870 3628 3941 qui

1980 3934 2375 4005 gloriﬁcantes
2424 3953 2485 3991 se
2532 3937 2819 4010 gloriﬁcat
2840 3944 2905 4013 ⁵³,
2934 3951 2991 3999 et
3036 3946 3333 4008 irritantes
3382 3972 3445 4011 se
3492 3934 3625 4012 irri-

1979 4028 2064 4078 tat
2086 4024 2163 4089 1⁵⁵;
2224 4028 2300 4089 et,
2360 4024 2724 4083 voluntatem
2782 4031 3114 4091 timentium
3173 4056 3235 4095 se
3292 4042 3511 4114 facit“,
3567 4051 3626 4104 et

1981 4113 2226 4168 mortuis
2277 4130 2481 4169 rursus
2511 4115 2685 4171 vitam
2731 4119 3012 4191 inspirat;
3048 4126 3169 4196 qui,
3204 4134 3267 4183 ut
3316 4132 3620 4203 Lazarum,

1977 4200 2289 4273 quatriduo
2346 4208 2655 4274 postquam
2707 4223 2737 4261 e
2786 4210 2905 4265 vita
2961 4212 3386 4291 migraverat“,
3428 4223 3511 4279 sic
3566 4200 3626 4281 te

1978 4295 2108 4362 post
2138 4291 2589 4361 quadriennium
2624 4301 2828 4365 prmter
2857 4300 3117 4357 omnium
3152 4322 3315 4377 spem
3347 4310 3416 4365 ad
3442 4311 3621 4370 vitam

1978 4380 2294 4449 revocavit,
2356 4380 2490 4452 qui,
2549 4383 2721 4452 juxta
2786 4386 3135 4457 Ezechielis,
3205 4397 3625 4468 prophetarum

203 4463 479 4518 omnium
514 4465 767 4520 maxime
818 4465 1183 4521 admirabilis
1216 4471 1273 4522 et
1306 4467 1540 4538 excelsi,
1573 4468 1875 4535 visionem,
1910 4487 2044 4524 ossa
2073 4485 2206 4523 cum
2239 4469 2496 4534 ossibus,
2528 4476 2583 4525 et
2613 4489 2949 4544 compagem
2998 4495 3132 4535 cum
3179 4463 3458 4557 compage
3488 4505 3628 4543 con-

201 4552 395 4606 nectit
417 4553 481 4616 ⁵⁷,
514 4552 986 4609 desiderantibus
1031 4554 1202 4610 nobis
1232 4556 1661 4611 desiderantem
1692 4563 1748 4612 te
1780 4559 2032 4613 reddidit
2065 4573 2078 4613 :
2114 4559 2198 4611 fac
2231 4556 2287 4610 in
2321 4557 2531 4612 iisdem
2564 4558 2689 4614 vitae
2721 4563 2953 4631 studiis,
2986 4572 3043 4621 et
3072 4570 3274 4625 eadem
3305 4552 3423 4628 oris
3453 4573 3629 4631 liber-

201 4644 333 4705 tate
368 4658 718 4713 perseveres.
752 4660 823 4699 ne
864 4642 1080 4716 alioqui
1113 4644 1546 4701 calamitatibus
1586 4646 1807 4702 fractus
1838 4664 1901 4701 ac
1936 4647 2275 4703 debilitatus
2322 4662 2471 4713 esse,
2502 4664 2569 4703 ac
2600 4649 3034 4723 philosophiam
3067 4658 3139 4713 ob
3170 4659 3461 4731 ignaviam
3492 4681 3628 4736 pro-

200 4727 437 4786 didisse
469 4730 739 4787 videaris.

281 4873 331 4907 ⁵³
364 4878 380 4928 ι
414 4874 551 4946 Reg.
586 4892 647 4947 ιι,
680 4876 770 4932 30.
846 4876 891 4910 ⁸⁸
923 4879 1088 4931 Deut.
1120 4892 1297 4959 xxxu,
1328 4877 1419 4931 21.
1500 4877 1545 4911 ⁵⁸
1576 4878 1726 4934 Psal.
1760 4897 1863 4935 CXL

1980 4879 2061 4933 19.
2138 4878 2181 4912 ⁵⁸
2209 4878 2380 4934 Joan.
2410 4897 2489 4948 x1,
2525 4881 2613 4936 39.
2692 4883 2734 4918 ‘7
2764 4885 2969 4943 Ezech.
3002 4906 3216 4960 xxxvu,
3251 4894 3302 4948 4.

282 5023 400 5094 (60)
432 5022 718 5098 Εὗγενοῦς.
766 5026 903 5098 Reg.
940 5026 1063 5093 bm,
1104 5023 1422 5100 συγγενοῦς,
1457 5052 1485 5079 ‹‹
1518 5033 1865 5104 consangui-

200 5110 408 5147 neam.
438 5116 465 5142 ))

280 5162 747 5243 (61)ςιὲσπερ
778 5168 869 5222 Sic
928 5173 1047 5224 tres
1106 5168 1307 5241 Regg.,
1360 5170 1455 5227 0r.
1508 5172 1559 5243 1,
1608 5175 1863 5230 Combef.

194 5232 390 5290 Deest
423 5232 479 5288 δὲ
512 5237 568 5292 in
604 5232 743 5291 edit.

278 5305 805 5401 ἓϐ2ξἸΣτηλιτεύ³εις
849 5309 1125 5401 Sic‘Reg.
1163 5327 1217 5378 a,
1250 5311 1345 5368 0r.
1380 5313 1433 5386 1,
1466 5314 1648 5385 Pass.,
1695 5315 1868 5374 Gom-

191 5377 354 5445 bef.,
384 5377 521 5452 Bas.
556 5380 817 5452 In_edit.,
850 5377 1245 5450 στηλιτεῦσεις.

275 5452 398 5519 (63)
431 5451 491 5508 'O
539 5448 831 5527 μηδεμίαν,
874 5448 981 5509 etc.
1017 5454 1262 5511 Pulchre
1307 5456 1672 5527 Augustinus
1724 5462 1864 5516 tom.

192 5521 265 5605 Υ,
313 5540 446 5605 pag.
504 5521 820 5605 i247,hac
870 5526 939 5605 de
999 5527 1175 5605 re
1238 5521 1429 5583 natali
1466 5530 1735 5605 Cypriani
1786 5533 1868 5588 sic

188 5593 477 5680 lquitur
510 5614 576 5680 ;.‹‹
618 5597 674 5652 Si
727 5598 940 5680 quieris
988 5597 1281 5680 cnsilium,
1334 5615 1447 5680 quo
1497 5593 1868 5680 Christianus

179 5666 493 5741 jubeatur
520 5668 639 5739 ire;
670 5666 854 5745 prius,
888 5670 936 5727 si
968 5673 1159 5744 potes,
1190 5666 1386 5728 inveni
1420 5674 1573 5732 unde
1602 5675 1868 5737 Christus

1980 5034 2223 5106 cogatur
2252 5030 2424 5106 entire.
2459 5033 2531 5106 De
2563 5035 2749 5104 patria
2789 5053 2897 5093 sua
2926 5040 2984 5095 in
3018 5041 3263 5099 alienam
3296 5049 3351 5101 te
3382 5048 3629 5106 arbitra-

1977 5102 2059 5156 ris
2105 5102 2409 5192 excludere
2459 5102 2757 5192 hominem
2813 5110 2930 5174 Dei,
2962 5113 3022 5167 in
3053 5113 3282 5192 _Christo
3332 5102 3631 5192 nusquam

1976 5173 2259 5253 exsplem,
2295 5174 2811 5253 inhcar‘neubique
2843 5173 3237 5253 peregrinum.
3270 5212 3289 5237 ι

2192 5249 2311 5325 ἔοι.
2346 5246 2522 5325 ςοίὲι.
2560 5250 2599 5325 1_
2619 5245 2869 5325 etPassI
2903 5245 3132 5311 addunt
3158 5259 3241 5325 ἦν.

2013 5316 2167 5440 3
2192 5312 2421 5391 Εὐαγὲς.
2451 5317 2546 5374 Or.
2580 5319 2607 5375 1
2641 5324 2699 5377 οι
2740 5323 2925 5395 Pass.,
2956 5312 3192 5403 εὐγενές,
3218 5312 3276 5386 et
3307 5331 3375 5387 ad
3418 5349 3625 5407 marg;

1978 5402 2188 5458 ευαγες.

2048 5454 2609 5553 (60)IEZ;S:T_1:‘1J.JSLC
2668 5466 2781 5553 duo
2839 5470 3038 5553 chg.,
3072 5471 3261 5553 ‘Coisl.
3316 5476 3367 5541 1,
3417 5475 3511 5533 Or.
3570 5476 3624 5553 1,

1981 5532 2162 5611 Passi,
2195 5536 2251 5611 et
2278 5532 2531 5611 (Ion-ibet.
2572 5536 2631 5589 In
2666 5539 2825 5605 cdit.,
2856 5532 3137 5611 τελὲδτῆν.

2196 5601 2303 5690 (ἰαὶ
2327 5604 2470 5690 τήνλ
2488 5607 2547 5659 In
2580 5601 2954 5690 quibusdam,
2986 5601 3141 5668 κάκεῖ
3168 5617 3289 5690 τήν.

2068 5674 2158 5749 es)
2191 5671 2395 5747 Δειλίᾳμ
2432 5671 2614 5734 Pass:
2630 5682 2797 5755 addit
2822 5671 2948 5744 τινες
