4056 6274
88 446 107 463 Η

40 448 53 531 ξ

40 954 91 1005 μιν

48 1140 101 1189 νζ)

90 1326 97 1349 i

46 1454 67 1485 π

48 1496 75 1535 iri

36 1578 79 1641 ἐξ

36 1704 81 1809 ei

36 1830 81 1891 ,ἐξ

38 1898 73 1945 ,ᾗ

50 1946 77 1977 ,ι

36 1980 77 2095 t-

48 2126 53 2165 ί
92 2136 97 2141 .

48 2202 73 2261 εἰ

48 2286 101 2333 5.‘

50 2342 75 2369 J‘.

52 2396 117 2463 Eii

40 2466 75 2497 ,ἐι
106 2476 113 2498 ξ

564 376 717 437 1219

630 507 782 563 466
822 504 935 560 XV.
959 499 1273 558 Gentilium
1334 499 1837 572 superstitionem,
1888 503 1945 554 et
1999 516 2196 554 eorum
2236 503 2283 565 Α

554 600 655 671 qui
687 597 885 670 plures
918 595 1056 649 deos
1087 591 1306 656 colunt,
1342 591 1720 661 impietatem,
1746 594 1809 644 ut
1848 589 2030 660 prius,
2065 607 2196 644 con-

555 689 699 757 futa,
723 688 779 743 et
808 688 1028 740 veteres
1060 699 1123 736 ac
1154 698 1329 736 novos
1362 680 1522 747 deos,
1550 683 1606 734 et
1634 680 1916 735 obscenas
1948 678 2196 749 fabulas,

552 782 610 833 et
639 774 977 832 sbsceniora
1007 770 1295 827 sacriﬁcia
1326 785 1526 824 eorum
1560 768 1659 839 qui
1692 768 1814 823 luto
1843 768 2032 823 lutum
2068 785 2195 839 pur-

552 870 713 938 gant,
739 868 803 918 ut
826 879 893 917 ex
915 862 1167 932 quodam
1189 859 1423 914 illorum
1446 856 1663 927 audivi,
1685 858 1989 913 brutorum
2012 857 2199 911 instar

554 951 942 1009 animantium
994 948 1333 1020 corporibus
1372 964 1615 1019 corpora
1643 964 1751 1002 sua
1792 946 2195 1019 purgantium,

551 1048 609 1099 et
654 1040 983 1096 veneranda
1042 1038 1338 1109 ﬁgmenta,
1383 1040 1438 1091 et
1484 1035 1787 1091 indecoras
1836 1034 2195 1106 praestigias;

552 1132 790 1204 quibus,
814 1129 862 1184 si
895 1126 1259 1181 divinitatem
1303 1124 1610 1193 definiunt,
1646 1142 1677 1179 o
1709 1125 1957 1179 miseros
1986 1128 2043 1178 et
2075 1139 2197 1193 per-

548 1221 702 1275 ditos
733 1214 1033 1273 homines!
1069 1214 1118 1269 si
1149 1216 1340 1269 autem
1373 1229 1495 1268 eam
1531 1214 1863 1284 designant,
1894 1229 1926 1267 o
1956 1211 2195 1265 infelici-

551 1309 689 1364 tatis
736 1304 1070 1362 cumulum!
1105 1303 1155 1358 si
1205 1306 1401 1357 autem
1454 1300 1735 1367 indicant,
1769 1318 1801 1356 ο
1834 1300 2191 1372 singularem

549 1395 890 1454 stultitiam!
925 1394 1177 1449 Doceant
1205 1391 1383 1459 enim,
1408 1407 1532 1463 quae
1566 1391 1733 1458 ratio,
1759 1390 1912 1461 quod
1947 1390 2193 1461 turpitu-

548 1488 706 1543 dinis
737 1485 915 1551 illius,
939 1500 1054 1555 qua
1082 1482 1140 1536 in
1181 1479 1520 1547 hujusmodi
1571 1480 1744 1535 rebus
1794 1482 2060 1549 utuntur,
2095 1497 2190 1535 ar-

546 1574 798 1632 canum?
828 1573 1052 1629 Debent
1081 1570 1237 1625 enim
1270 1569 1408 1641 ipsae
1431 1585 1663 1640 quoque
1695 1584 1888 1623 rerum
1919 1568 2189 1624 honesta-

548 1681 676 1721 rum
725 1660 1184 1734 significationes
1214 1663 1270 1713 et
1299 1658 1521 1729 species
1571 1657 1936 1729 turpitudine
1962 1673 2187 1712 vacare.

547 1755 712 1818 Quod
742 1752 790 1808 si
824 1750 981 1806 aliud
1013 1748 1292 1820 quiddam
1333 1751 1611 1818 praterea
1649 1762 1777 1802 esse
1808 1747 2189 1815 contendunt,

548 1842 687 1914 quid
719 1841 828 1895 hoc
858 1839 909 1894 si
952 1838 1215 1909 probent,
1241 1835 1576 1906 quibusque
1624 1851 1693 1889 ex
1737 1834 1902 1889 libris
1933 1839 1990 1889 et
2023 1834 2185 1890 theo-

546 1930 694 2003 logis
715 1924 1395 1992 hauserint,ostendant?
1414 1924 1444 1977 J
1453 1941 1544 1978 am
1562 1923 1993 1995 insurgentium
2014 1924 2189 1979 etiam

546 2021 832 2075 haeresum
888 2017 1143 2087 impetus
1173 2013 1393 2084 frange,
1427 2012 1605 2083 idque
1654 2028 1720 2067 eo
1766 2012 1938 2067 etiam
1973 2012 2187 2078 acrius,

544 2108 694 2179 quod
718 2108 842 2178 jam
875 2103 1120 2160 antehac
1153 2102 1210 2157 in
1254 2101 1608 2157 cruciatibus
1640 2105 1906 2156 versatus
1936 2118 2017 2156 es.
2052 2100 2187 2156 Phi-

544 2196 878 2268 losophicus
927 2193 1082 2249 enim
1135 2191 1369 2246 animus
1416 2207 1484 2246 ex
1531 2204 1618 2259 eo,
1646 2191 1797 2260 quod
1846 2206 2057 2261 passus
2089 2189 2185 2260 sit,

542 2284 878 2359 generosior
903 2280 1186 2349 redditur,
1210 2283 1406 2349 atque,
1431 2281 1496 2332 ut
1516 2278 1769 2333 candens
1794 2278 2008 2332 ferrum
2035 2294 2189 2349 aqua

541 2375 753 2447 frigida
791 2373 869 2427 ita
917 2368 1195 2443 periculis
1224 2367 1578 2423 obdurescit.
1605 2366 1751 2433 Quin
1802 2366 2033 2438 pietatis
2082 2383 2184 2422 no-

541 2469 672 2519 strae
712 2460 1035 2517 doctrinam
1085 2458 1413 2530 praescribe,
1448 2457 1531 2512 sic
1580 2473 1697 2512 non
1750 2455 2087 2526 instituens,
2120 2460 2187 2512 ut

542 2560 721 2608 Deum
757 2566 938 2605 unum
985 2546 1313 2619 ingenitum
1347 2562 1758 2617 agnoscamus,
1788 2545 1896 2601 hoc
1940 2551 2047 2613 est,
2080 2545 2185 2600 Pa-

536 2645 681 2696 trem
712 2657 724 2694 :
750 2654 933 2693 unum
965 2638 1103 2690 item
1137 2635 1400 2707 genitum
1432 2634 1759 2702 Dominum,
1788 2633 1993 2688 Filium
2026 2634 2184 2689 vide-

539 2730 691 2796 licet,
716 2728 814 2799 qui
847 2728 996 2781 Deus
1019 2724 1255 2796 quidem
1287 2720 1636 2793 appellatur,
1662 2738 1795 2775 cum
1827 2722 1899 2776 de
1926 2738 1992 2777 eo
2022 2739 2184 2793 sepa-

541 2817 712 2873 ratim
734 2817 925 2872 sermo
955 2818 1065 2880 est,
1091 2811 1376 2867 Dominus
1407 2814 1624 2874 autem,
1650 2812 1885 2881 quando
1907 2827 2038 2865 cum
2073 2810 2183 2867 Pa-

539 2913 624 2963 tre
668 2907 1034 2969 nominatur;
1085 2900 1229 2955 illud
1280 2904 1516 2971 propter
1562 2902 1856 2967 naturam,
1892 2899 1999 2954 hoc
2046 2914 2179 2971 pro-

536 3002 665 3069 pter
694 2994 936 3049 unicum
967 2988 1287 3045 divinitatis
1327 2986 1719 3060 principatum
1755 3003 1767 3040 :
1802 3004 1984 3042 unum
2019 2988 2178 3043 deni-

536 3102 649 3156 que
691 3082 975 3154 Spiritum
1025 3081 1314 3145 sanctum,
1346 3094 1379 3131 a
1413 3075 1576 3131 Patre
1625 3076 2029 3147 procedentem
2080 3080 2181 3132 aut

532 3173 711 3230 etiam
746 3170 1149 3243 prodeuntem,
1171 3171 1349 3221 Deum
1372 3180 1600 3237 quoque
1630 3164 1847 3237 ipsum,
1872 3166 2026 3236 apud
2057 3182 2181 3239 eos,

534 3262 632 3333 qui
661 3239 899 3330 ea,—quae
939 3257 1268 3329 prepinqua
1319 3258 1479 3323 sunt,
1508 3254 1771 3325 apprime
1820 3254 2176 3326 intelligunt,
2211 3239 2253 3308 C

446 3399 451 3404 .
536 3350 637 3421 qui
665 3349 736 3404 ab
766 3347 966 3418 impiis
992 3345 1229 3415 quidem
1260 3344 1437 3399 etiam
1466 3347 1856 3416 oppugnatur,
1883 3345 1954 3399 ab
1984 3343 2057 3399 iis
2078 3360 2180 3400 au-

532 3443 673 3506 tem,
706 3436 806 3507 qui
863 3449 1044 3503 supra
1100 3449 1199 3487 eos
1258 3436 1598 3502 assurgunt,
1639 3431 1835 3487 animo
1883 3436 1939 3487 et
1987 3436 2181 3488 mente

533 3525 878 3596 concipitur,
904 3522 977 3575 ab
1029 3521 1102 3575 iis
1133 3537 1289 3589 vero,
1312 3520 1411 3591 qui
1444 3520 1633 3591 magis
1678 3520 1971 3589 spiritales
2019 3526 2176 3592 sunt,

528 3615 704 3670 etiam
732 3610 1097 3683 praedicatur.
1124 3606 1273 3662 Illud
1296 3607 1433 3662 item
1458 3607 1785 3677 praescribe,
1810 3613 1874 3661 ut
1897 3624 2001 3662 nec
2024 3609 2177 3663 Patri

527 3700 881 3775 principium
914 3696 1267 3765 tribuamus,
1292 3710 1363 3749 ne
1411 3696 1549 3766 quid
1593 3695 1779 3765 primo
1808 3695 1970 3767 prius
2002 3698 2175 3752 indu-

526 3808 752 3860 camus,
784 3805 852 3844 ex
883 3802 998 3858 quo
1044 3783 1216 3839 etiam
1251 3784 1330 3855 id,
1356 3785 1506 3855 quod
1556 3784 1813 3855 primum
1846 3790 1954 3853 est,
1989 3787 2176 3858 perire

1794 368 1860 429 S.
1909 358 2279 429 GREGORll
2326 360 2722 430 THEOLOGI

3788 366 3907 437 4220

2388 500 2485 554 IE'.
2516 498 2725 574 ,Σύγχει
2760 500 2854 572 μὲν
2883 500 2971 554 καὶ
3021 491 3121 569 τὴν
3172 499 3454 572 Ἐλλήνων
3508 501 3909 581 δεισιδαιμονίαν,

2309 586 2381 647 ὡς
2430 588 2714 663 πρότερον,
2758 590 2847 643 καὶ
2898 591 2997 658 τὴν
3054 589 3319 653 πολύοεον
3382 590 3555 646 αὐτῶν
3614 594 3799 669 ἀθεὲαν,
3837 602 3908 655 καὶ

2306 682 2432 736 τους
2457 670 2728 738 ⁸παλαιοὺς
2759 677 2913 741 θεοὺς
2945 678 3031 732 καὶ
3063 679 3189 740 τοὺς
3222 680 3397 751 νὲους,
3426 682 3515 735 καὶ
3550 682 3671 743 τοὺς
3693 684 3908 761 αἰσχροὺς

2312 764 2536 837 μύθους,
2582 766 2670 820 καὶ
2718 765 2811 843 τὰς
2871 766 3225 843 αἶ’σχροτέρας
3277 770 3457 832 θυσίας
3530 771 3696 844 πη)ιῷ
3763 775 3906 844 πηλὸν

2305 852 2695 925 καθαιρόντων,
2746 856 2820 917 ὡς
2875 855 3047 911 αὐτῶν
3080 878 3227 918 τινος
3287 860 3399 932 (69)
3441 856 3693 935 λέγοντος
3721 861 3907 938 ἤκουσα,

2310 942 2455 1016 λέγω
2505 940 2571 1011 δὴ
2617 944 2831 1016 σώμασι
2881 945 3106 1018 σώματα
3140 952 3257 1008 τοῖς
3313 951 3423 1001 τῶν
3458 949 3669 1024 ἀλόγων
3704 953 3831 1020 ζώων
3858 957 3908 1011 τὰ

2306 1031 2507 1085 ἑαυτῶν
2559 1032 2648 1086 καὶ
2705 1032 2770 1086 τὰ
2827 1035 2997 1106 σεμνὰ
3053 1032 3346 1108 πλάσματα
3399 1040 3531 1110 (70),
3564 1040 3740 1094 καὶτὰ
3766 1042 3907 1118 ἀσχή-

2308 1140 2444 1192 μονα
2473 1121 2843 1195 τερατεύματα
2868 1142 2879 1153 '
2913 1121 2993 1184 οἷς
3022 1122 3067 1177 εἷ
3102 1125 3195 1196 μὲν
3222 1125 3284 1178 τὸ
3316 1130 3466 1179 Θεῖον
3499 1128 3609 1199 (71)
3658 1128 3909 1206 ὁρίζονται,

2300 1215 2401 1276 τῆς
2456 1206 2915 1281 κακοδαιμονίας·
2978 1212 3023 1265 εἰ
3078 1209 3136 1267 δὲ
3191 1211 3662 1289 παραδεικνύουσι,
3715 1225 3803 1287 τῆς
3844 1220 3910 1275 εὐ-

2301 1298 2504 1367 ηθείας.
2539 1295 2936 1354 Διδασκὲτωσαν
2968 1302 3094 1375 γὰρ,
3124 1301 3207 1364 τίς
3238 1304 3266 1357 ὁ
3299 1301 3488 1377 λόγος,
3530 1307 3620 1359 καὶ
3658 1305 3709 1360 τί
3754 1308 3910 1377 τὸτῆς

2305 1387 2700 1461 ἀσχημοσύνης
2755 1395 2856 1456 τῆς
2914 1390 3037 1463 περὶ
3102 1394 3267 1445 ταῦτα
3320 1395 3659 1469 μυστήριονς
3709 1392 3781 1449 δεῖ
3828 1398 3910 1472 γὰρ

2305 1473 2445 1547 μηδέ
2492 1478 2587 1537 τὰς
2643 1476 2897 1554 ἐμφάσεις
2951 1482 3059 1532 τῶν
3113 1478 3319 1548 καλῶν,
3374 1483 3437 1535 τὸ
3495 1481 3723 1560 αῗσχφὸν
3771 1482 3908 1559 ἔχειν·

2299 1564 2361 1620 Εἴ
2398 1562 2454 1619 δὲ
2484 1563 2625 1621 ἄλλο
2668 1586 2721 1622 τι
2770 1567 2915 1639 παρὰ
2962 1572 3129 1621 ταῦτα
3176 1568 3308 1622 εἶναι
3353 1591 3501 1646 φασι,
3532 1572 3585 1625 τί
3615 1577 3788 1644 τοῦτο,
3817 1596 3912 1629 πει-

2301 1653 2558 1722 θὲτωσαν,
2618 1655 2705 1709 καὶ
2758 1654 2817 1709 ἐκ
2862 1655 3033 1710 ποίων
3086 1655 3287 1732 λόγων,
3336 1660 3371 1727 ἢ
3418 1657 3710 1735 θεολογων.
3743 1662 3909 1739 Σύγχιι

2300 1740 2356 1796 δὲ
2385 1742 2473 1796 καὶ
2525 1744 2619 1804 τὰς
2664 1748 2771 1798 τῶν
2822 1744 3077 1819 αἰρᾶσεων
3122 1744 3525 1821 ἐπαναστάσεις,
3578 1748 3669 1804 καί
3704 1752 3912 1823 τοσούτῳ

2297 1832 2646 1907 θερμότερον,
2696 1832 2807 1905 ὅσῳ
2863 1834 3267 1909 προπέπονθας.
3328 1838 3702 1914 Γενναιότερον
3756 1842 3911 1915 γὰρέκ

2296 1925 2393 1975 τοῦ
2422 1923 2605 1975 παθεῖν
2635 1923 2697 1976 τὸ
2737 1921 3059 1999 φιλόσοφον,
3107 1924 3287 2000 ὥσπερ
3341 1929 3539 2002 ψυχρῷ
3588 1925 3802 2001 σίδηρος
3842 1928 3913 2001 ἔμ-

2298 2029 2494 2082 πυρος,
2529 2009 2670 2063 οὕτω
2698 2016 2815 2071 τοῖς
2846 2008 3115 2073 κινδύνοις
3164 2015 3563 2087 στομούμενον,
3625 2017 3824 2091 Ὀρίζου
3869 2015 3913 2071 δὲ

2296 2098 2385 2151 καὶ
2437 2099 2535 2165 τήν
2588 2098 2854 2174 ἡμετέραν
2902 2097 3194 2167 εὐσέϐειαν,
3247 2100 3511 2158 διδάσκων
3560 2103 3658 2159 ἕνα
3690 2107 3776 2179 μὲν
3804 2104 3913 2160 εἰδὲ-

2294 2208 2378 2240 ναι
2427 2187 2555 2242 Θεὸν
2607 2187 2917 2261 ἆγέννητον,
2966 2190 3056 2243 τὸν
3111 2192 3322 2267 Πατέρα
3351 2212 3364 2225 ³
3436 2190 3526 2247 ἕνα
3575 2191 3634 2248 δὲ
3689 2195 3913 2269 γεννητὸν

2296 2275 2518 2351 Κύριον,
2577 2278 2667 2330 τὸν
2726 2276 2868 2331 Υἱόψ
2919 2278 3043 2332 Θεὸν
3110 2281 3225 2352 μὲν,
3289 2280 3412 2335 ὅταν
3470 2283 3586 2336 καθ’
3650 2281 3916 2337 ἒαυτὸνλέ-

2293 2386 2475 2440 γηται,
2574 2366 3135 2441 προσαγορευόμενον·
3214 2368 3408 2445 Κύριον
3471 2367 3527 2425 δὲ
3601 2372 3730 2426 ’ὁταν
3812 2372 3920 2445 μετὰ

2294 2454 2504 2527 Πατρὸς
2539 2453 2871 2527 ὀνομάζηται
2897 2474 2909 2487 ’
2942 2456 3003 2510 τὸ
3037 2457 3131 2529 μὲν
3167 2455 3254 2512 διὰ
3300 2460 3399 2527 τὴν
3452 2460 3634 2537 φύσιν,
3680 2462 3741 2515 τὸ
3770 2458 3820 2515 δὲ
3849 2458 3920 2514 διὰ

2293 2543 2390 2610 τήν
2453 2543 2781 2619 μοναρχίαν.
2832 2547 2924 2598 Ἔν
2986 2542 3043 2599 δὲ
3096 2551 3312 2619 Πνεῦμα
3366 2550 3542 2622 ἅγιον,
3592 2548 3851 2625 προελθὸν
3878 2548 3924 2603 ἐκ

2290 2636 2387 2686 τοῦ
2444 2635 2674 2707 Πατρὸς,
2722 2634 2755 2701 ἢ
2810 2633 2897 2687 καὶ
2956 2634 3148 2709 προϊόν
3176 2655 3188 2667 '
3232 2638 3382 2707 Θεὸν,
3427 2644 3543 2699 τοῖς
3591 2644 3800 2707 νοητῶς

2291 2726 2476 2776 νοοῦσι
2522 2724 2589 2777 τὰ
2642 2723 3043 2797 παρακείμενα·
3102 2730 3219 2786 τοῖς
3282 2726 3377 2797 μὲν
3422 2721 3637 2781 ἀσεϐέσι
3698 2728 3785 2782 καὶ
3842 2748 3925 2780 πο-

2291 2809 2655 2883 λεμούμενον,
2712 2818 2826 2873 τοῖς
2878 2811 2936 2866 δὲ
2993 2812 3124 2887 ὑπὲρ
3176 2812 3402 2877 τούτους
3461 2815 3781 2888 νοούμενον,
3824 2822 3925 2875 τοῖς

2288 2899 2815 2975 πνευματικωτὲροις
2878 2898 2935 2955 δὲ
2990 2901 3078 2955 καὶ
3137 2899 3457 2976 λεγόμενον.
3503 2907 3661 2974 Μήτε
3712 2905 3812 2959 ὑπὸ
3852 2904 3928 2979 ἀρ-

2288 2988 2396 3061 χὴν
2456 2989 2569 3060 (73)
2617 2993 2789 3042 ποιεῖν
2837 2989 2927 3042 τὸν
2961 2988 3204 3064 ιΠατὲρα,
3261 2988 3353 3044 ’ἶνα
3405 2992 3478 3063 μὴ
3509 2997 3609 3046 τοῦ
3643 2995 3857 3069 πρώτου
3883 3013 3924 3045 τι

2288 3080 2502 3151 πρῶτον
2563 3079 2677 3147 (74)
2724 3076 3110 3153 εἰσαγάγωμεν,
3161 3078 3212 3148 ἐξ
3281 3080 3343 3133 οὗ
3390 3082 3479 3135 καὶ
3522 3082 3586 3136 τὸ
3638 3082 3773 3136 εἶναι
3832 3082 3929 3154 (75)
4044 3078 4053 3183 (

2287 3166 2488 3240 πρώτῳ
2536 3167 3031 3241 περιτραπτςσεται·
3097 3170 3233 3240 μήτε
3292 3170 3529 3245 ἄναρχον
3590 3172 3688 3227 τὸν
3742 3170 3929 3236 Υἱὸνῆ
4048 3192 4053 3287 ί

2288 3254 2349 3287 ..λ
2402 3258 2617 3287 ηυρπ..-
2675 3254 2734 3287 ...λ
2795 3256 2946 3287 xm-..
3024 3253 3111 3287 ιι..-
3169 3258 3239 3287 ...λ
3297 3260 3356 3287 -1
3418 3260 3635 3287 11---}-
3670 3256 3926 3287 ρεγαρδ-..

2288 3254 2351 3308 τὸ
2402 3258 2620 3327 Πνεῦμα
2675 3254 2735 3309 τὸ
2793 3256 2972 3330 ἅγιον,
3024 3253 3112 3310 ’ἱνα
3166 3258 3242 3329 μὴ
3297 3260 3359 3312 τὸ
3418 3260 3635 3335 Πατρὸς
3669 3256 3927 3334 (76)ἷ”ὸιον

2288 3342 2649 3419 περιὲλωμεν.
2700 3343 2809 3398 Οὐκ
2865 3344 3075 3421 ἄναρχα
3127 3346 3248 3422 γὰρ,
3308 3346 3397 3401 καὶ
3452 3347 3669 3425 ἄναρχά
3728 3346 3933 3409 πωςοδ

2286 3432 2375 3486 καὶ
2432 3430 2758 3507 παράδοξον,
2817 3432 2931 3490 Οὐκ
2987 3432 3197 3510 ἅναρχα
3258 3436 3351 3509 μὲν
3385 3436 3488 3512 γὰρ
3518 3441 3600 3509 τῷ
3634 3438 3795 3511 αἰτίῳ
3833 3440 3910 3511 (77

2288 3519 2346 3575 ἐκ
2377 3525 2509 3575 Θεοῦ
2538 3523 2663 3596 γὰρ,
2698 3520 2742 3574 εἰ
2773 3521 2862 3575 καὶ
2897 3523 2972 3594 μὴ
3012 3525 3125 3595 μετ’
3156 3523 3340 3591 αὐτὸν,
3371 3526 3447 3588 ὡς
3474 3525 3524 3595 ἐξ
3569 3524 3747 3595 ἡλίου
3793 3532 3897 3604 φῶς
3918 3544 3928 3557 ⁸

2286 3609 2497 3684 ἄναρχα
2527 3606 2584 3663 δὲ
2611 3613 2690 3680 τῷ
2718 3610 2925 3684 χρόνῳ.
2960 3611 3036 3667 Οὐ
3080 3613 3182 3686 γὰρ
3218 3614 3319 3668 ὑπὸ
3346 3615 3575 3689 χρόνον,
3632 3615 3733 3671 ἵνα
3780 3617 3852 3689 μὴ
3879 3614 3928 3669 τὸ

2287 3695 2404 3772 ῥέον
2438 3696 2474 3770 ᾖ
2505 3702 2611 3751 τῶν
2646 3698 2890 3752 ἑστώτων
2925 3695 3309 3777 πρεσϐύτερον,
3341 3705 3430 3757 καὶ
3472 3709 3582 3759 τῶν
3626 3706 3830 3761 οὐσιῶν
3880 3705 3929 3757 τὸ

2284 3785 2555 3842 ἀνούσιον.

521 3897 756 3939 necesse
786 3877 892 3944 sit;
928 3892 1031 3931 nec
1063 3873 1271 3929 Filium
1299 3877 1356 3929 et
1387 3871 1671 3944 Spiritum
1719 3876 1987 3929 sanctum
2020 3875 2291 3947 principii
2322 3880 2583 3947 expertes
2627 3893 2756 3932 esse
2804 3882 3165 3947 astruamus,
3198 3898 3270 3936 ne
3317 3881 3495 3947 Patri,
3528 3883 3589 3938 id
3627 3886 3792 3956 quod
3836 3881 3927 3956 ipsi

519 3969 820 4044 proprium
853 3971 961 4033 est,
994 3964 1347 4021 adimamus.
1382 3961 1467 4017 Illi
1520 3962 1734 4035 quippe
1764 3968 1821 4018 et
1852 3964 2137 4036 principio
2189 3966 2431 4020 minime
2463 3970 2681 4034 carent,
2712 3971 2768 4021 et
2799 3968 3049 4038 quodam
3100 3970 3273 4025 modo
3323 3976 3523 4027 carent
3558 3988 3571 4027 :
3612 3975 3775 4045 quod
3810 3986 3926 4028 sane

519 4061 676 4116 dictu
708 4058 921 4112 mirum
957 4060 1064 4110 est.
1097 4054 1219 4108 Non
1252 4053 1430 4118 enim,
1465 4059 1752 4123 quantum
1799 4054 1871 4107 ad
1919 4070 2180 4123 causam,
2212 4056 2361 4110 467
2401 4055 2687 4127 principio
2714 4063 2913 4112 carent
2948 4073 2959 4111 :
2996 4073 3063 4112 ex
3094 4058 3209 4115 Deo
3258 4060 3414 4115 enim
3461 4067 3630 4130 sunt,
3665 4063 3805 4119 licet
3834 4079 3927 4118 non

517 4154 649 4221 post
676 4148 889 4216 ipsum.
924 4142 1423 4216 quemadmodum
1456 4158 1523 4196 ex
1552 4142 1675 4197 sole
1703 4141 1898 4197 lumen
1937 4160 1949 4198 :
1985 4144 2083 4199 sed
2116 4148 2404 4215 quantum
2437 4144 2508 4199 ad
2542 4150 2797 4216 tempus,
2832 4147 3101 4218 principii
3135 4154 3274 4203 sunt
3305 4154 3596 4221 expertes.
3635 4152 3759 4208 Nec
3793 4151 3927 4207 enim

514 4234 760 4307 tempori
794 4232 1039 4304 subjecti
1072 4236 1229 4299 sunt,
1264 4248 1335 4285 ne
1364 4230 1519 4301 quod
1571 4230 1791 4286 ﬂuxum
1825 4237 1932 4297 est,
1966 4232 2038 4288 iis
2070 4249 2200 4304 qua;
2230 4233 2468 4289 stabilia
2498 4239 2657 4303 sunt,
2689 4239 2746 4287 et
2777 4235 2931 4305 quod
2976 4252 3089 4290 non
3144 4244 3251 4302 est,
3284 4238 3356 4294 iis
3405 4255 3532 4310 quae
3580 4245 3756 4311 sunt,
3789 4238 3931 4312 prius

512 4329 689 4395 atque
719 4321 1020 4393 antiquius
1061 4320 1155 4375 sit.

580 4413 724 4468 XVI.
766 4410 880 4466 Nec
926 4410 1064 4464 item
1116 4408 1230 4464 tria
1278 4407 1561 4480 principia
1610 4409 2059 4477 constituamus,
2095 4426 2166 4467 ne

604 4575 695 4640 69)
723 4578 900 4632 Τινος.
936 4569 1289 4626 Heraclitum
1328 4568 1623 4640 intelligit.

604 4639 694 4714 70)
730 4643 1047 4714 Ιιλάσματα.
1086 4642 1222 4712 Reg.
1255 4659 1308 4705 a,
1340 4639 1710 4714 παλαίσματα.

602 4712 693 4786 71)
724 4716 787 4770 Εἴ
823 4712 915 4786 μὲν
956 4713 1019 4767 τὸ
1068 4718 1244 4786 Θεῖον,
1292 4718 1401 4767 etc.
1452 4712 1555 4765 Hic
1582 4712 1814 4786 “obiter,
1846 4712 2157 4786 Gregorius

510 4783 859 4861 perstringit
897 4785 1387 4861 absurdissimam
1436 4783 1741 4861 gentilium
1777 4783 2154 4861 theologiam,

510 4854 609 4932 qui
640 4861 750 4915 sub
769 4854 1121 4915 Tabularum
1169 4856 1466 4911 involucro
1500 4854 1787 4910 Deitatem
1838 4854 2155 4912 adumbra-

505 4933 666 4988 bant.

580 5002 693 5073 (72)
721 5003 844 5060 Τοῖς
875 5001 1109 5073 νοητῷς,
1134 5002 1250 5073 etc.
1276 5020 1302 5046 «
1338 4995 1443 5064 Qui
1476 4995 1684 5073 solerti
1707 4997 1963 5069 ingenio,
1988 5015 2149 5054 men-

510 5069 595 5129 tis
615 5069 884 5129 acumine
916 5087 984 5125 ea
1013 5069 1366 5141 intelligunt,
1392 5085 1517 5141 quae
1556 5070 1891 5141 conjuncta
1913 5076 2051 5123 sunt
2097 5075 2153 5124 et

507 5145 816 5212 coherent,
858 5165 885 5193 ››
929 5142 1173 5196 Deitatis
1210 5140 1450 5195 scilicet
1496 5156 1795 5212 personas,
1826 5140 1932 5212 sic
1982 5142 2150 5195 nobis

506 5235 623 5271 una
654 5216 814 5294 serie
832 5214 1186 5294 propositas,
1219 5230 1285 5267 ex
1312 5213 1525 5294 quibus
1559 5211 1787 5294 passim.
1811 5211 2146 5294 Gregorius,

502 5291 660 5345 sicut
690 5293 749 5343 et
778 5282 1030 5341 Basilius
1066 5282 1571 5358 probaut,_11‘ilium
1603 5289 1659 5337 et
1691 5282 1975 5353 Spiritum
2006 5302 2145 5339 san-

501 5365 657 5417 ctum
688 5354 1120 5434 Deum‘puritér
1149 5354 1713 5434 essc,_sicutigPater.
1782 5425 1790 5434 η
1880 5426 1888 5434 _

570 5433 681 5505 (73)
714 5431 840 5483 Ὑπὸ
881 5425 1082 5504 ἀρχήν,
1115 5436 1221 5485 etc.
1250 5452 1274 5477 (ι
1311 5429 1389 5482 Nc
1429 5428 1654 5481 Patrem
1708 5425 1992 5497 ρι’ἱηοίμίο
2041 5444 2143 5483 su“

498 5505 667 5561 besse
699 5509 1048 5559 statuamus.
1078 5527 1096 5552 υ

569 5577 681 5647 (74)
712 5579 770 5626 Τι
804 5577 1035 5647 πρῶτον.
1056 5572 1172 5647 llic
1204 5567 1464 5647 aprici-1.0m
1521 5568 1675 5647 idern
1728 5573 1895 5647 sonat
1916 5586 1983 5647 ac
2012 5569 2142 5641 πρό-

494 5638 674 5719 τερον,
704 5638 857 5715 quod
891 5643 1104 5700 Grmcis
1135 5638 1419 5719 familiare
1449 5644 1555 5694 est.
1592 5638 1722 5693 Mox
1751 5638 2136 5715 εἰσαγάγωμεν·

493 5712 607 5775 duo
638 5712 815 5791 Βοὲς.
847 5721 903 5775 et
932 5721 1120 5784 Pass.,
1152 5712 1475 5789 εἰσάγωμεν.

581 4576 598 4789 ἒ

677 4575 695 4789 l

2350 4411 2439 4477 Ῑζ’.
2481 4410 2631 4479 Mite
2662 4408 2837 4485 ἀρχὰς
2875 4415 3042 4485 τρεῖς,
3097 4409 3189 4467 ’ίτα
3246 4414 3323 4485 μή
3375 4411 3747 4485 Ἑλληνικὸν,
3804 4418 3836 4484 ἢ
3883 4428 3932 4482 τὸ

2342 4572 2450 4649 (75)
2482 4572 2564 4641 Ἐξ
2598 4569 2659 4622 οὗ
2692 4568 2786 4649 καὶ·
2808 4570 2872 4649 τὸ
2905 4570 3060 4642 εἶναι,
3094 4578 3203 4649 etc.
3232 4590 3244 4629 :
3272 4598 3301 4627 (ι
3333 4592 3401 4630 ex
3447 4578 3610 4646 quod
3666 4578 3757 4643 id,
3789 4573 3925 4649 quod

2269 4645 2528 4713 primum
2562 4648 2670 4711 est,
2704 4643 2985 4713 originem
3014 4646 3261 4701 traxisse
3293 4643 3531 4703 necesse
3562 4650 3677 4705 sit.
3707 4672 3738 4699 ιι

2468 4710 2950 4791 ἸἐὸμΙΙατρόςῘΒιξε
2975 4716 3186 4784 hu,0r.
3208 4718 3542 4791 l,Pass.,'c<‘)
3562 4723 3676 4773 τοῦ
3701 4716 3921 4791 Πατρός.

2338 4787 2450 4857 (77)
2480 4787 2566 4854 Τῷ
2596 4783 2772 4857 αῗτίῳ.
2801 4808 2828 4835 ‹‹
2862 4783 3156 4853 Quantum
3204 4790 3275 4846 ad
3317 4783 3583 4845 causam.
3612 4814 3645 4843 »
3673 4783 3837 4849 Licet
3867 4789 3924 4844 ab

2266 4854 2373 4910 hac
2394 4873 2530 4910 voce
2559 4854 2889 4911 abstineant
2920 4858 3133 4924 Latini,
3158 4860 3299 4915 nihil
3327 4866 3519 4918 tamen
3542 4869 3646 4919 est
3678 4862 3922 4924 dissidii,

2265 4929 2453 4997 quoad
2498 4944 2617 4982 rem
2659 4935 2725 5000 et
2774 4944 3038 5000 sensum,
3072 4931 3223 4986 inter
3269 4933 3496 4989 Graecos
3545 4940 3614 4989 et
3673 4936 3922 4991 Latinos.

2263 5000 2423 5062 Quod
2455 4999 2610 5053 enim
2643 4999 2823 5054 Graeci
2847 5022 2874 5048 ‹‹
2909 4999 3097 5056 causas
3147 5008 3203 5058 et
3245 5006 3470 5060 causati
3495 5026 3523 5055 »
3554 5008 3823 5062 nomine
3852 5006 3926 5057 in-

2265 5070 2556 5148 telligunt,
2591 5071 2874 5148 ρος-ἰάθη]
2900 5073 3233 5148 <5_principii
3280 5082 3335 5131 et
3378 5077 3734 5148 principiati
3775 5101 3802 5126 υ
3837 5092 3925 5130 no-

2262 5142 2418 5196 mine
2466 5141 2873 5221 intelligimus.
2908 5141 3069 5199 Unde
3118 5141 3679 5221 sanctus'Thorrias
3731 5163 3927 5221 opusc.

2258 5223 2443 5268 contra
2477 5229 2702 5291 errores
2753 5214 3059 5291 Grazcnrum
3097 5233 3145 5291 ο.
3184 5220 3233 5283 1,
3267 5220 3348 5274 ait
3380 5237 3426 5276 :u
3456 5222 3640 5291 Apud
3697 5214 3929 5276 Latinos

2258 5290 2887 5358 nonestconsuetum,
2911 5289 3064 5357 quod
3098 5290 3264 5345 Pater
3290 5289 3517 5346 dicatur
3545 5308 3753 5349 causa
3788 5292 3925 5358 Filii,

2254 5355 2341 5436 vel
2370 5356 2619 5436 Spiritus
2642 5357 2859 5436 sancti,
2892 5355 2993 5414 sed
3043 5360 3235 5417 solum
3279 5361 3683 5436 principium,
3705 5363 3805 5421 vel
3834 5355 3929 5420 aué

2254 5432 2441 5483 ctor...
2479 5428 2675 5485 Circei.
2704 5429 2799 5499 qni
2835 5445 3018 5483 mnam
3054 5436 3109 5487 rt
3140 5428 3358 5489 σατιεόΐὶ
3389 5428 3643 5491 nomine
3666 5428 3930 5493 'utuntur

2254 5501 2310 5554 in
2363 5501 2575 5554 divinis
2628 5508 2913 5571 personis,
2964 5521 3075 5558 non
3134 5506 3446 5562 intendunt
3495 5508 3924 5564 diversitatem

2252 5574 2473 5625 naturm
2503 5572 2797 5640 inducere,
2832 5580 2932 5628 aut
2964 5575 3171 5630 Filium
3217 5594 3345 5633 esse
3383 5584 3740 5636 creaturam
3781 5601 3795 5636 :
3831 5581 3923 5636 sed

2251 5660 2355 5714 per
2386 5644 2492 5725 hoc
2525 5647 2725 5726 volunt
2756 5647 3059 5726 ostendere
3090 5648 3283 5726 solam
3308 5652 3606 5723 originem
3646 5669 3926 5726 persona-

2248 5730 2403 5786 rum,
2439 5714 2589 5771 sicut
2617 5732 2721 5771 nos
2753 5716 2985 5775 nomine
3015 5720 3358 5796 principii.»
