4056 6274
74 1874 83 1989 ἓ

58 1996 83 2061 ε

425 386 585 455 122.3
1665 384 1730 447 s.
1778 374 2149 448 eaEGoaiI
2199 375 2594 448 THEOLOGI
3682 383 3827 456 1224

422 543 527 583 nec
560 524 797 589 mirum,
830 537 960 577 cum
995 522 1169 577 etiam
1202 520 1391 591 ipsius
1421 533 1550 574 esse
1589 518 1832 573 minime
1862 518 2035 573 huma

2182 517 2329 588 Θεὸς,
2376 518 2421 571 εἰ
2470 519 2681 594 γέγονε,
2738 520 2813 591 μὴ
2869 522 2983 590 Θεῷ
3023 524 3338 594 συνηγορῶν
3391 519 3662 596 διακενῆς,
3705 527 3823 581 Θεὸν

422 631 563 670 num
606 613 699 668 sit.
735 615 949 667 Verum
998 610 1141 665 illud
1177 610 1413 664 demum
1469 612 1682 676 metue,
1714 623 1785 661 ne
1839 613 2068 679 tempus

422 702 507 759 illi
537 701 783 767 tribuas,
805 716 1057 771 eumque
1088 703 1347 754 creatum
1380 697 1719 753 contendas.
1752 696 1877 751 Non
1912 698 2064 751 enim

424 792 679 865 profecto
713 791 861 845 Deus
890 789 1019 859 erit,
1054 788 1102 843 si
1144 792 1374 843 creatus
1408 786 1601 853 fuerit,
1633 802 1698 841 ac
1730 802 1799 840 ne
1830 785 1926 839 Dei
1963 803 2067 857 pa-

420 879 734 937 trocinium
765 878 1063 933 incassum
1110 875 1459 947 suscipiens,
1488 880 1665 931 Deum
1708 873 1899 943 tollas,
1930 891 2065 929 con-

418 985 651 1026 servum
682 974 850 1022 tuum
882 982 1018 1021 eum
1057 965 1297 1034 faciens,
1332 962 1432 1035 qui
1464 962 1641 1018 simul
1684 962 1837 1018 Deus
1868 968 1975 1033 est,
2010 965 2066 1017 ct

417 1059 515 1129 qui
548 1064 604 1113 te
634 1072 869 1129 quoque
897 1071 965 1110 ex
995 1054 1275 1110 servitute
1314 1053 1373 1107 in
1424 1052 1753 1107 libertatem
1784 1051 2063 1115 vindicat,

417 1147 466 1203 si
500 1147 671 1201 modo
704 1160 834 1199 vere
864 1147 921 1197 et
949 1143 1175 1198 sincere
1204 1140 1527 1196 dominium
1561 1140 1912 1196 confitearis.
1937 1141 2066 1195 Pro-

2178 606 2388 679 ἀνέλῃς,
2435 604 2742 677 ὁμόδουλον
2802 612 2973 661 ποιῶν
3033 609 3093 661 τὸ
3135 608 3384 681 ὁμόθεον,
3427 610 3457 664 ὅ
3504 612 3593 664 καὶ
3647 614 3703 667 σὲ
3731 622 3824 683 τῆς

2179 692 2426 755 δουλείας
2460 693 2757 770 ἐλευθεροῖ,
2792 695 2851 749 ἂν
2882 696 3120 771 γνησίως
3152 700 3262 769 (87)
3306 697 3592 773 ὁμολογῇς
3641 698 3823 757 δεσπο-

2176 783 2338 839 τείαν,
2364 785 2447 852 Μὴ
2482 779 2729 861 φοϐηθῇς
2782 786 2880 852 τήν
2914 782 3147 858 πρόοδον
3180 806 3190 817 ’
3237 786 3297 841 ού
3328 788 3428 863 γὰρ
3461 788 3695 864 ἀνάγκην
3720 796 3823 863 (88)

2177 869 2293 947 ἔχει
2351 872 2502 943 Θεὸς,
2552 874 2586 941 ἦ
2632 874 2706 946 μή
2759 869 3117 949 προϐάλλειν,
3158 875 3194 945 ἢ
3227 872 3563 950 προϐάλλειν
3597 881 3819 953 ὁμοίως,

2175 962 2203 1014 ὁ
2261 960 2431 1015 πάντα
2487 960 2785 1023 πλούσιος⁸
2849 957 3118 1038 φοϐήθητι
3178 960 3236 1018 δὲ
3289 966 3388 1032 τήν
3436 964 3819 1043 ἀλλοτρίωσιν,

2174 1050 2263 1103 καὶ
2291 1051 2389 1117 τήν
2419 1049 2671 1123 κειμένην
2704 1048 2958 1119 ἀπειλὴν.
2993 1051 3054 1105 ού
3100 1057 3216 1113 τοῖς
3258 1051 3629 1129 Θεολογοῦσιν,
3683 1055 3822 1112 ἀλλὰ

2172 1144 2289 1199 τοῖς
2322 1138 2708 1215 βλασφημοῦσι
2736 1141 2797 1193 τὸ
2832 1144 3047 1213 Πνεῦμα
3074 1142 3135 1195 τὸ
3168 1142 3342 1216 ἅγιον.

416 1237 739 1293 cessionem
786 1250 858 1288 ne
902 1233 1113 1287 timeas
1147 1256 1160 1286 :
1195 1246 1299 1286 nec
1344 1230 1499 1285 enim
1552 1235 1664 1286 Deo
1713 1246 1949 1286 necesse
1979 1238 2065 1285 est
2097 1247 2212 1285 non
2246 1232 2585 1301 producere,
2619 1236 2721 1286 aut
2752 1231 2930 1286 simili
2964 1232 3193 1289 ratione
3250 1235 3594 1306 producere,
3627 1243 3819 1310 utpote

418 1326 519 1396 qui
553 1324 610 1380 in
643 1322 920 1379 omnibus
950 1322 1112 1376 dives
1141 1324 1252 1386 est;
1283 1334 1487 1375 verum
1528 1318 1937 1374 alienationem
1972 1324 2183 1383 metue,
2217 1334 2283 1374 ac
2314 1319 2830 1375 comminationem
2863 1337 2992 1375 eam
3024 1338 3151 1392 qua:
3193 1339 3292 1380 eos
3323 1329 3540 1391 manet,
3576 1342 3688 1381 non
3723 1329 3821 1399 qui

417 1413 701 1485 Spiritum
733 1415 1003 1466 sanctum
1037 1414 1216 1464 Deum
1248 1423 1375 1463 esse
1405 1407 1771 1479 proﬁtentur,
1805 1408 1906 1463 sed
1940 1408 2037 1478 qui
2071 1423 2203 1462 cum
2235 1407 2606 1462 contumeliis
2636 1408 2919 1465 afﬁciunt.

485 1500 678 1557 XVIII.
703 1500 868 1571 Cave,
893 1516 965 1555 ne
993 1499 1170 1554 unius
1213 1497 1523 1569 imperium
1561 1496 1712 1552 male
1759 1496 1934 1563 colas,
1967 1497 2024 1551 di

2240 1496 2350 1553 IH'.
2392 1496 2541 1565 Μήτε
2568 1496 2666 1563 τὴν
2721 1495 3019 1572 μοναρχίαν
3050 1501 3228 1559 κακῶς
3256 1501 3515 1573 τιμήσῃς,
3552 1507 3815 1578 συναιρῶν

416 1591 719 1647 vinitatem
766 1588 1114 1644 contrahens
1161 1590 1261 1642 aut
1308 1585 1769 1654 circumcidens;
1805 1600 1909 1641 nec
1957 1586 2058 1639 tri-

410 1680 579 1735 theim
611 1678 831 1735 crimen
863 1677 969 1732 tibi
1009 1676 1293 1748 pudorem
1333 1680 1582 1744 moveat,
1615 1674 1875 1747 quandiu
1907 1674 2057 1729 alius

410 1784 645 1841 quoque
692 1767 895 1823 eadem
942 1764 1165 1820 ratione
1220 1764 1280 1819 in
1338 1764 1569 1819 ditheiaa
1628 1762 1882 1835 periculo
1929 1780 2054 1819 ver-

316 1856 319 1857 ⁷
406 1865 593 1913 satur.
616 1860 734 1910 Aut
762 1854 918 1909 enim
952 1870 1087 1908 cum
1117 1852 1216 1907 illo
1247 1853 1468 1907 crimen
1499 1853 1789 1922 objectum
1822 1851 2008 1907 dilues
2036 1869 2048 1908 :

402 1955 498 2001 aut
529 1961 664 2000 cum
709 1943 808 1999 illo
840 1944 1084 1998 herebis
1118 1958 1131 1996 :
1166 1948 1268 1996 aut
1308 1940 1406 1996 ille
1436 1940 1673 2011 quidem
1706 1940 1883 1995 simul
1914 1957 2049 1997 cum

402 2034 727 2090 rationibus
776 2032 899 2088 suis
931 2030 1255 2085 divinitatis
1299 2030 1673 2101 naufragium
1721 2029 1910 2099 faciet,
1941 2029 2048 2085 tibi

400 2139 534 2179 vero
591 2120 904 2177 incolumis
952 2119 1225 2173 divinitas
1282 2118 1667 2188 permanebit.
1709 2122 1789 2171 Ac
1847 2118 1896 2172 si
1953 2135 2048 2173 ra-

400 2212 481 2267 tio
512 2212 640 2283 ipsa
670 2208 1073 2265 imbecillitate
1110 2206 1409 2272 laborarit,
1442 2207 1629 2261 satius
1655 2212 1744 2261 est
1771 2205 1829 2259 in
1863 2207 2045 2262 ratio-

398 2300 574 2356 nibus
621 2298 907 2366 laborare,
939 2297 1079 2351 dum
1128 2294 1411 2367 Spiritum
1443 2295 1649 2349 ducem
1698 2310 2040 2367 sequamur,

396 2406 573 2462 quam
606 2387 805 2459 impiis
826 2384 1203 2457 dogmatibus
1235 2383 1401 2439 facile
1430 2382 1722 2451 assentiri,
1750 2384 1889 2439 dum
1922 2384 2038 2440 otio

393 2483 593 2534 nostro
618 2483 675 2532 et
699 2474 933 2532 desidia:
956 2474 1341 2529 consulimus.
1364 2473 1562 2529 Instan
1575 2472 1683 2528 tias
1713 2476 1771 2528 et
1802 2473 2035 2545 opposi-

390 2567 602 2631 tiones,
626 2580 953 2636 novamque
976 2563 1270 2635 pietatem,
1294 2567 1350 2617 et
1368 2564 1636 2633 jejunam
1659 2578 1723 2617 ac
1747 2562 2035 2619 minutam

390 2655 738 2726 sapientiam
764 2658 1092 2716 contemne,
1116 2658 1173 2707 et
1203 2651 1441 2721 quidem
1465 2651 1673 2722 magis,
1698 2668 1874 2722 quam
1907 2668 2033 2707 ara-

389 2760 626 2798 nearum
659 2742 826 2807 telas,
860 2757 986 2811 quze
1026 2755 1262 2794 muscas
1294 2739 1527 2809 quidem
1569 2739 1839 2807 retinent,
1874 2757 1908 2795 a
1936 2756 2030 2795 ve-

389 2832 512 2903 spis
543 2840 737 2885 autem
769 2833 1251 2901 perrumpuntur,
1285 2843 1357 2881 ne
1390 2827 1580 2881 dicam
1613 2844 1645 2881 a
1677 2827 1898 2898 digitis,
1932 2832 2033 2883 aut

388 2922 541 2978 469
573 2920 685 2976 alio
708 2919 983 2990 quopiam
1006 2916 1254 2988 graviori
1278 2931 1538 2987 corpore.
1563 2920 1679 2971 Hoc
1708 2933 1891 2971 unum
1924 2934 2032 2974 nos

386 3012 576 3066 timeri
608 3011 770 3077 doce,
802 3006 1080 3062 nimirum
1114 3020 1185 3060 ne
1216 3005 1275 3059 in
1318 3005 1542 3076 argutis
1571 3008 1629 3060 et
1659 3005 2029 3077 captionibus

388 3100 557 3155 fidem
616 3096 934 3154 solvamus.
984 3096 1261 3151 Sermone
1319 3094 1538 3148 victum
1602 3109 1731 3148 esse
1788 3094 2031 3150 minime

384 3204 558 3261 grave
587 3190 760 3257 atque
809 3184 1082 3241 acerbum
1115 3186 1223 3250 est,
1246 3199 1361 3237 non
1418 3182 1575 3238 enim
1624 3181 1889 3237 omnium
1940 3187 2031 3239 est

384 3293 576 3332 sermo
612 3292 624 3332 :
660 3279 719 3331 at
748 3290 881 3329 vero
912 3288 1085 3345 grave
1116 3277 1172 3327 et
1215 3271 1489 3326 acerbum
1540 3275 1630 3327 est
1682 3270 1917 3327 deitatis
1940 3272 2033 3341 ja-

387 3370 615 3419 cturam
646 3362 872 3431 fecisse,
897 3359 1163 3415 omnium
1187 3358 1344 3414 enim
1372 3363 1462 3414 est
1489 3374 1640 3429 spes.
1668 3358 1883 3414 Verum
1912 3359 2034 3415 haec

2167 1585 2201 1652 ἦ
2247 1583 2587 1659 περικόπτων
2635 1584 2863 1655 θεύτητα
2894 1602 2905 1617 '
2968 1588 3106 1658 μήτε
3152 1586 3243 1640 τὸν
3295 1593 3396 1656 τῆς
3443 1590 3679 1664 τριθε’ίας

2167 1671 2422 1747 ἔγκλημα
2453 1672 2771 1748 αἰσχυνθῇς,
2799 1670 2903 1734 ἕως
2934 1672 2991 1728 ἂν
3024 1675 3113 1728 καὶ
3158 1672 3331 1737 ἄλλος
3379 1678 3490 1749 (90)
3539 1677 3817 1755 κινδυνεύῃ

2162 1764 2261 1832 τὴν
2310 1759 2526 1818 διθείαν.
2577 1763 2645 1815 Ἠ
2689 1761 2791 1838 γὰρ
2842 1760 3152 1833 συνὲλυσας,
3203 1764 3237 1832 ἢ
3280 1765 3681 1841 συνηπόρησας,
3731 1770 3813 1838 ἢὸ

2166 1853 2258 1924 μὲν
2311 1851 2619 1925 ἐναυάγησε,
2664 1851 2798 1923 μετὰ
2852 1855 2957 1905 τῶν
3041 1850 3323 1927 λογισμῶν
3398 1855 3487 1908 καὶ
3563 1852 3807 1931 θεότητα,

2159 1941 2243 1993 σοὶ
2302 1938 2359 1993 δὲ
2406 1941 2695 2015 παρέμεινε
2743 1939 2951 2009 θεότης.
3009 1940 3105 1994 Καὶ
3165 1941 3209 1995 εἰ
3260 1943 3288 1995 ὁ
3333 1944 3498 2019 Λόγος
3528 1947 3808 2018 ἠσθένησε,

2155 2034 2402 2102 κρεῖσσον
2453 2034 2645 2100 καμεῖν
2692 2030 2802 2100 (91)
2877 2028 2928 2082 ἐν
2977 2034 3093 2090 τοῖς
3164 2028 3457 2104 λογισμοῖς
3517 2035 3653 2104 μετά
3710 2043 3803 2104 τῆς

2155 2115 2382 2192 ὁδηγίας
2431 2121 2528 2171 τοῦ
2578 2116 2909 2188 Ηνεύματος,
2960 2119 2994 2185 ἣ
3043 2119 3355 2194 προχείρως
3416 2116 3677 2191 ἀσεϐῆσαι
3707 2126 3799 2192 τὴν

2154 2205 2430 2281 ῥᾳστώνην
2488 2203 2773 2261 διώκοντα.
2826 2205 3057 2260 Διάπτυὲ
3109 2228 3199 2279 μοι
3246 2208 3340 2269 τὰς
3370 2208 3657 2279 ἐνστάσεις,
3715 2215 3798 2267 καί

2148 2295 2241 2357 τὰς
2298 2295 2610 2363 ἀντιθέσεις,
2666 2294 2754 2348 καὶ
2811 2296 2910 2363 τὴν
2972 2294 3089 2349 νέαν
3154 2299 3265 2369 (92)
3331 2294 3625 2366 εὐσέϐειαν,
3711 2301 3795 2356 καὶ

2146 2384 2244 2452 τήν
2283 2382 2610 2459 μικρολόγον
2644 2383 2830 2460 σοφίαν
2857 2402 2869 2413 ·
2904 2384 2990 2438 καὶ
3023 2382 3245 2439 διάπτυε
3290 2385 3455 2441 πλέον
3502 2390 3535 2457 ἦ
3581 2389 3647 2443 τα
3691 2395 3791 2445 τῶν

2146 2470 2419 2548 ἀραχνίων
2474 2474 2713 2543 νήματα,
2776 2470 2934 2545 μυίας
3006 2473 3099 2545 μὲν
3154 2478 3474 2550 κρατοῦντα,
3534 2478 3692 2554 σφηξὶ
3740 2476 3794 2533 δὲ

2146 2558 2476 2636 ρηγνύμενα,
2509 2560 2661 2615 οῧπω
2692 2558 2840 2635 λέγω
2872 2558 3179 2632 δακτύλοις,
3214 2559 3338 2617 οὐδὲ
3370 2561 3526 2637 ἄλλῳ
3554 2587 3658 2619 τινι
3689 2571 3793 2621 τῶν

2148 2648 2451 2725 βαρυτέρων
2512 2648 2798 2723 σωμάτων.
2858 2652 2951 2707 Ἕν
3011 2647 3227 2706 δίδασκε
3281 2647 3560 2729 φοϐεῖσθαι
3605 2655 3788 2728 μόνον,

2141 2738 2203 2792 τὸ
2246 2736 2393 2792 λύειν
2440 2740 2539 2807 τήν
2598 2739 2775 2792 πίστιν
2835 2737 2885 2792 ἒν
2944 2745 3062 2801 τοῖς
3114 2740 3459 2818 σοφίσμασιν,
3512 2743 3589 2799 Οὐ
3624 2741 3786 2798 δεινὸν

2143 2828 2443 2897 ἡττηθῆναι
2471 2825 2640 2902 λόγῳ,
2671 2827 2731 2881 οὐ
2779 2828 2880 2902 γὰρ
2912 2829 3126 2882 πάντων
3160 2830 3187 2881 ὁ
3244 2828 3412 2902 λόγος
3434 2851 3444 2863 '
3507 2828 3677 2886 δεινὸν
3729 2830 3783 2887 δὲ

2144 2918 2488 2987 ζημιωθῆναι
2547 2916 2794 2985 θεότητα,
2852 2917 3064 2970 πάντων
3124 2918 3225 2991 γὰρ
3275 2920 3310 2986 ἡ
3377 2916 3557 2980 ἐλπίς.
3616 2925 3785 2975 Ταῦτα

2144 3004 2237 3078 μὶν
2294 3003 2382 3058 οὖν
2433 3006 2522 3059 καὶ
2568 3005 2704 3059 κατᾶ
2760 3006 2976 3059 σεαυτὸν
3037 3005 3453 3081 φιλοσοφήσειν,
3520 3006 3621 3062 οἶδ’
3680 3008 3783 3078 δτι,

2140 3093 2544 3168 προθυμότερόν
2608 3113 2665 3147 τε
2732 3096 2843 3166 (93)
2916 3093 3005 3148 καὶ
3078 3093 3450 3170 τελεώτερον·
3534 3097 3787 3173 ὶγγυᾶταί

2147 3203 2239 3255 μοι
2289 3184 2402 3253 (94)
2450 3182 2516 3236 τα
2563 3183 2629 3236 σὰ
2674 3182 2974 3258 τραύματα,
3027 3182 3115 3237 καὶ
3145 3184 3207 3237 τὸ
3229 3184 3320 3237 σὸν
3351 3190 3509 3257 σῶμα
3543 3187 3672 3262 ὑπὲρ
3702 3187 3789 3241 εύ-

2145 3265 2352 3333 σεϐείας
2382 3270 2687 3341 πεπονηκός
2712 3290 2724 3303 ’
2758 3272 2848 3325 καὶ
2893 3273 3058 3345 ἡμεῖς
3107 3269 3164 3326 δὲ
3210 3271 3790 3353 συμφιλοσοφήσομεν,

2145 3357 2244 3428 ὅση
2278 3362 2391 3434 (95)
2422 3357 2667 3432 δύναμις.

386 3455 512 3526 ipse
543 3469 647 3526 per
673 3457 749 3522 te,
783 3454 874 3508 sat
904 3450 1043 3517 scio,
1081 3448 1406 3521 promptius
1435 3453 1493 3505 et
1522 3449 1833 3520 perfectius
1861 3450 2400 3524 philosophaberis;
2434 3452 2493 3508 id
2524 3452 2667 3508 mihi
2697 3451 2939 3508 vulnera
2976 3456 3076 3508 tua
3119 3454 3430 3524 spondent,
3462 3472 3794 3527 corpusque

387 3543 570 3611 istud,
602 3542 757 3614 quod
790 3555 892 3612 pro
922 3538 1137 3610 pietate
1184 3537 1504 3609 permultos
1551 3537 1779 3594 labores
1826 3539 2168 3609 exantlavit;
2202 3558 2425 3611 nosque
2454 3542 2630 3598 etiam
2663 3558 2781 3597 una
2810 3547 3003 3598 tecum
3034 3558 3137 3614 pro
3165 3542 3322 3599 virili
3354 3548 3556 3601 nostra
3602 3545 3793 3617 philo-

382 3631 787 3705 sophabimur.

455 3719 595 3775 XIX.
627 3720 699 3773 At
728 3722 814 3787 tu,
838 3731 970 3771 cum
1003 3712 1294 3785 egregiam
1321 3713 1845 3786 peregrinationem
1879 3717 2052 3773 obie--

383 3810 487 3878 ris,
512 3806 835 3873 Trinitatis,
860 3805 916 3860 in
949 3802 1343 3859 tabernaculis
1388 3802 1724 3872 habitantis,
1750 3805 1798 3859 si
1830 3812 2027 3862 tamen

385 3900 535 3955 Deus
565 3897 803 3954 omnino
834 3894 895 3950 in
945 3891 1296 3949 manufactis
1338 3891 1582 3961 habitat,
1616 3908 1841 3949 memor
1881 3900 2025 3964 esto,

381 3987 709 4059 messisque
731 3986 906 4053 hujus
931 3982 1168 4054 exiguae,
1195 3998 1305 4036 non
1329 3997 1398 4036 ex
1421 3981 1613 4053 parvis
1637 3982 1873 4053 quidem
1905 3984 2026 4056 pic-

379 4078 517 4131 tatis
561 4074 909 4139 seminibus,
943 4088 1128 4143 parvas
1179 4076 1372 4125 tamen
1405 4070 1596 4125 adhuc
1646 4076 1702 4127 et
1749 4072 1937 4139 exilis,
1972 4077 2029 4130 et

382 4182 509 4236 quis
560 4161 840 4234 paulatim
883 4159 1209 4231 colligatur.
1242 4159 1395 4214 Facti
1428 4160 1583 4214 enim
1616 4177 1824 4217 sumus
1872 4161 2026 4218 sicut

380 4254 481 4326 qui
511 4250 787 4322 stipulam
827 4249 887 4303 in
922 4263 1113 4304 messe
1142 4247 1443 4319 colligunt,
1480 4252 1543 4303 ut
1572 4265 1705 4304 cum
1734 4250 2025 4323 PrOpheta

2212 3722 2309 3772 ΙΘ⁶.
2345 3716 2420 3770 Σὺ
2462 3715 2519 3772 δὲ
2567 3717 2689 3773 ὅταν
2739 3720 2852 3790 (96)
2897 3715 3213 3791 ὲκδημήσῃς
3259 3720 3357 3788 τήν
3406 3720 3581 3789 καλὴν
3631 3718 3795 3792 ὶκδη-

2141 3806 2287 3879 μίαν,
2324 3805 2570 3879 μέμνησό
2606 3827 2697 3879 μοι
2723 3813 2824 3874 τῆς
2854 3804 3081 3879 Τριάδος
3132 3806 3182 3860 ἐν
3224 3815 3447 3878 σκηναῖς
3503 3814 3794 3864 κατοικού-

2138 3916 2237 3965 σης
2272 3898 2405 3965 (97),
2440 3892 2587 3971 εἷίπερ
2623 3893 2769 3956 ὅλως
2803 3894 2854 3949 ἐν
2884 3898 3298 3971 χειροποιήτοις
3324 3897 3464 3952 οἰκεῖ
3493 3902 3605 3971 (93)
3635 3901 3795 3969 Θεὸς,

2135 3983 2224 4038 καὶ
2281 3988 2377 4037 τοῦ
2440 3988 2633 4056 μικροῦ
2678 3984 2873 4037 τούτου
2916 3983 3126 4058 θέρους,
3184 3985 3282 4039 ούκ
3321 3987 3379 4040 ἐκ
3439 3992 3648 4063 μικρῶν
3692 3990 3791 4061 μὲν

2133 4076 2236 4127 τῶν
2297 4079 2396 4141 τῆς
2449 4067 2717 4134 εὐσεϐείας
2769 4076 3111 4148 σπερμάτων,
3170 4072 3317 4143 πλὴν
3361 4074 3437 4129 ἑτι
3502 4081 3699 4148 μικροῦ
3730 4098 3796 4131 τε

2135 4162 2222 4215 καὶ
2253 4164 2539 4236 πενιχροῦ,
2569 4161 2657 4214 καὶ
2706 4162 2821 4215 κατ’
2873 4160 3060 4236 ὀλίγον
3111 4164 3503 4237 συναγομένου.
3560 4166 3796 4239 Ἐγενή-

2135 4262 2303 4321 θημεν
2363 4252 2475 4323 (99)
2525 4252 2627 4324 γὰρ
2682 4250 2755 4311 ὡς
2812 4252 3131 4325 συνάγοντες
3179 4249 3435 4325 καλάμην
3484 4251 3535 4307 ἂν
3566 4254 3794 4327 ἀμήτῳ,

378 4346 704 4414 Opportune
742 4338 968 4409 loquar,
1001 4342 1059 4391 et
1094 4335 1419 4391 racemulos
1450 4336 1507 4390 in
1538 4337 1854 4410 vindemia,
1888 4357 2025 4398 cum

2155 4338 2184 4392 μί
2214 4337 2295 4393 δεῖ
2321 4339 2383 4393 τὸ
2414 4344 2513 4393 τοῦ
2547 4341 2836 4417 Προφήτου
2869 4339 3035 4395 εἰπεῖν
3082 4339 3134 4395 ἐν
3167 4341 3366 4417 καιρῷ,
3396 4342 3486 4396 καὶ
3545 4343 3619 4404 ὡς
3677 4344 3798 4398 ἑπι-

448 4447 561 4518 (87)
591 4445 686 4499 Ἀν
721 4441 988 4518 Δγνησίως.
1032 4440 1128 4496 Sic
1176 4439 1437 4513 plerique
1489 4442 1657 4498 codd.
1707 4445 1768 4498 In
1827 4447 2023 4517 editis,

378 4513 677 4590 mendose,
710 4513 998 4590 (vincitur.

448 4590 559 4662 (88)
589 4582 671 4644 06'
696 4582 797 4662 γτὶρ
829 4584 1083 4662 ἀνᾴγκην,
1114 4585 1227 4662 etc:
1247 4582 1453 4637 Billius
1478 4598 1491 4637 :
1516 4605 1544 4635 ‹‹
1576 4584 1690 4640 Nec
1719 4587 1875 4641 enim
1909 4588 2024 4643 Deo

374 4653 463 4715 vel
492 4653 823 4731 producere
833 4653 1076 4731 vel'non_
1088 4653 1418 4731 producere
1428 4671 1682 4731 necesse
1691 4664 1809 4731 pst,
1827 4664 2025 4730 utpote

376 4732 432 4785 in
467 4726 743 4786 omnibus
771 4729 955 4784 diviti.
982 4750 1009 4777 ››
1042 4726 1136 4781 Sic
1166 4726 1341 4781 etiam
1372 4726 1625 4783 Nicotas.
1659 4728 1872 4785 Verum
1893 4726 2022 4787 'non

374 4802 647 4858 videntur
666 4801 926 4873 Gregorii
958 4802 1211 4873 mentem
1243 4797 1518 4873 assecuti.
1540 4798 1669 4853 Haec
1689 4802 1845 4856 enim
1868 4802 2023 4859 dicta

375 4881 514 4929 sunt
534 4875 604 4930 de
623 4868 874 4945 Spiritus
897 4870 1082 4945 sancti
1114 4868 1506 4945 propassione,
1532 4886 1657 4945 quae
1680 4876 1820 4945 tunc
1842 4891 1870 4945 θ
1898 4874 2025 4945 plu-

375 4946 537 5001 ribus
555 4939 1530 5018 impugnabatur.Unde_Gregorius
1548 4942 1695 4995 aitzu
1714 4944 1793 4997 Ne
1812 4939 2020 5004 timeas

372 5011 803 5087 processione'm
830 5033 842 5070 :
873 5032 976 5088 nec
1006 5013 1158 5088 enim
1192 5011 1307 5088 De0_
1341 5025 1575 5065 necesse
1603 5018 1710 5082 est,
1733 5032 1858 5088 non
1893 5034 2019 5088 pro-

372 5082 603 5159 ducere,
629 5094 728 5143 aut
754 5086 933 5142 simili
969 5082 1555 5159 modo_producere,__»_
1576 5086 1741 5153 quasi
1776 5082 2016 5144 unicum

368 5159 426 5214 in
460 5153 763 5215 Deo'esset
805 5154 1161 5229 producendi
1192 5168 1398 5223 genus,
1432 5153 1654 5210 scilicet
1703 5174 1804 5228 per
1848 5175 2016 5229 gene-

370 5232 677 5299 rationem,
712 5228 886 5285 itaut
915 5228 1169 5298 Spiritus
1206 5229 1473 5304 tsanctus,
1506 5242 1739 5304 cumex
1768 5228 1883 5284 Deo
1916 5233 2011 5294 sit,

364 5304 601 5360 deberet
644 5296 878 5375 quoque
929 5296 1541 5375 essegenitushsicut
1590 5298 1803 5369 Filius;
1855 5305 2010 5373 quod

366 5376 601 5446 quidem
635 5366 724 5428 est
747 5366 957 5446 _c'ont_ra
983 5366 1512 5446 Deitatis‘divitias.

435 5449 547 5520 (89)
578 5442 1058 5520 Tpieeiag.__l’_ass.,
1090 5432 1501 5520 Tpgéaocjlmc
1540 5440 2008 5520 F\I.a_cedoniorum

366 5510 675 5587 cavillatio,
706 5518 804 5588 qui
838 5515 1047 5570 Filium
1083 5512 1318 5584 quidem
1354 5510 1535 5565 Deum
1571 5513 1859 5583 dicebant,
1896 5535 2010 5573 non

363 5604 497 5644 vero
528 5589 812 5661 Spiritum
844 5591 1140 5661 sanctum.
1220 5650 1231 5661 ι
1272 5648 1295 5661 υ

456 5660 551 5727 90)
572 5647 679 5713 ⁸Καὶ
712 5656 900 5718 ἄλλος.
934 5658 1029 5713 Or.
1064 5658 1114 5725 1,
1146 5647 1446 5727 καὶᾏᾶλλῳ.

454 5722 545 5806 91)
576 5730 804 5803 Καμεῖν.
837 5729 1008 5788 Coisl.
1058 5722 1111 5797 1,
1150 5730 1207 5782 et
1239 5723 1425 5790 Pass.,
1474 5722 1718 5796 κάμνειν.
1753 5727 1899 5787 Male
1948 5732 2007 5789 in

2134 4446 2297 4513 edit.,
2330 4444 2546 4516 κᾴμεῖν.

2207 4518 2318 4589 (92)
2352 4516 2762 4593 Καὶ-τήνῌνίαν.
2811 4517 2903 4573 Sic
2948 4523 3067 4575 tres
3117 4519 3317 4592 Regg.,
3351 4520 3446 4576 Or.
3508 4524 3561 4593 1,
3622 4522 3795 4580 Pass.

2134 4587 2307 4644 Deest
2329 4587 2417 4641 καί
2448 4589 2509 4643 in
2534 4588 2675 4644 edit.

2204 4662 2316 4735 (93)
2348 4658 2761 4735 Προθυμόςιιρόν
2790 4679 2869 4715 τε.
2895 4661 2989 4718 Sic
3018 4665 3140 4718 tres
3170 4662 3372 4735 Regg.,
3404 4663 3501 4719 0r.
3533 4664 3582 4733 1,
3617 4664 3792 4722 Pass.

2133 4732 2193 4787 In
2213 4730 2355 4805 ίοά,
2372 4730 2779 4805 προθυμότερόν
2812 4752 2887 4788 τι.

2343 4801 2633 4880 ίῐξγγυᾶξαί
2667 4801 2783 4880 μοιΖ
2817 4805 2883 4880 In
2906 4804 3281 4877 quibusdam,
3309 4803 3475 4880 ἐγγυᾷ
3500 4803 3559 4860 τέ
3593 4827 3710 4879 μοι.

2222 4873 2310 4944 95)
2342 4873 2501 4944 νοσῇ.
2537 4873 2721 4944 Pass.,
2755 4873 2829 4936 ὡς
2860 4876 2915 4943 ἡ.

2343 4920 2721 5027 ξύν-ξὲίὲξσῖλξ
2756 4920 3256 5027 ὀἶοίνΜοχὶωυω
3315 4947 3409 5027 hic
3465 4947 3794 5027 compellat

2128 5017 2470 5090 Gregorius,
2490 5023 2827 5090 atquecum
2863 5024 3146 5090 rogat,ut,
3172 5034 3306 5074 cum
3339 5017 3787 5087 Alexandriam,

2127 5089 2509 5144 confessionis
2539 5089 2723 5160 gloria
2766 5089 3094 5158 decoratus,
3129 5106 3395 5145 reversus
3426 5092 3621 5158 fuerit,
3656 5093 3787 5148 illic

2124 5161 2235 5233 sibi
2270 5176 2494 5233 suoque
2525 5163 2683 5233 gregi
2732 5161 2920 5218 faveat
2950 5164 3104 5233 apud
3132 5161 3591 5217 Alexandrinum
3625 5165 3788 5220 anti-

2126 5232 2346 5305 stitem,
2378 5232 2549 5301 cujus
2592 5249 2805 5305 magna
2852 5232 3083 5290 erat’in
3128 5233 3789 5305 Constantinopolitano.

2125 5302 2381 5383 Ecclesia
2411 5302 2745 5383 auctoritas.
2783 5306 2888 5361 Sed
2921 5322 3029 5362 sua
3071 5306 3414 5378 Gregorium
3447 5302 3584 5378 spes
3617 5307 3788 5364 fefel-

2121 5372 2208 5442 lit,
2242 5378 2306 5431 ut
2334 5391 2468 5431 mox
2496 5374 2845 5433 videbimus.

2333 5446 2415 5499 Ἐν
2454 5452 2673 5515 σκηναῖς
2702 5447 3078 5517 κατοικούσης.
3113 5448 3217 5503 Hic
3252 5446 3590 5520 signiﬁcare
3617 5449 3790 5507 vitie-

2122 5522 2215 5572 tur
2245 5518 2576 5590 Gregorius,
2626 5523 2910 5577 Ecclesiae
2959 5523 3150 5576 adhuc
3180 5518 3420 5577 essein
3472 5521 3787 5579 hazretico-

2118 5606 2247 5645 rum
2285 5596 2588 5662 potestate.

2189 5662 2301 5729 (98)
2333 5660 2500 5715 Οἰκεῖ.
2539 5668 2717 5729 Pass,
2751 5667 3014 5718 κατοικεῖ.
3122 5710 3131 5715 .

2210 5732 2300 5806 99)
2334 5732 2719 5808 Ἐγενήθημεν.
2753 5736 2937 5805 Pass.,
2970 5732 3273 5812 ἐγενόμεθα.
