4056 6274
0 1509 12 1664 l

0 1669 6 1808 ξ

0 1817 8 1878 ι

0 1885 7 1938 ξ

0 1943 6 2032 l

0 2069 6 2138 ἓ

0 2207 4 2222 ,

364 323 518 386 1227
1604 320 1667 381 S.
1717 321 1993 383 GREGO]

2133 319 2532 383 THEOLOGI
3619 320 3776 384 1228

436 459 540 518 Ill.
588 454 1127 535 Constantinopoli
1164 454 1639 537 Adictamﬂhanc
1695 454 2050 537 orationem
2109 454 2280 537 circa
2340 454 2617 516 medium
2675 473 2910 517 annum
2959 456 3080 518 380
3125 455 3470 537 conjiciunt
3521 455 3770 518 eruditi.

356 537 548 600 Mirus
603 537 668 597 in
725 556 798 597 ea
854 538 1064 598 statim
1123 535 1202 596 ab
1261 535 1520 597 exordio
1576 555 1640 595 se
1697 535 1907 614 prodit
1967 536 2231 614 pastoris
2287 555 2438 614 erga
2495 542 2652 597 4'11
2737 555 2883 597 oves
2942 554 3146 597 amor.
3239 535 3269 593 ἑ(
3325 537 3774 598 Desiderabam

353 637 488 691 vos,
551 617 755 696 inquit
811 617 896 696 (ιι,
961 617 1053 698 1),
1116 617 1246 687 ﬁlii,
1311 624 1373 676 et
1430 615 1565 696 pari
1624 635 1660 676 a
1717 616 1895 676 vobis
1949 616 2259 698 desiderio
2319 617 2789 696 expetebar.....
2852 618 3130 698 Quorum
3191 617 3355 678 enim
3415 619 3775 679 communis

357 705 451 759 est
505 699 798 777 spiritus,
882 698 1106 759 horum
1169 715 1420 776 quoque
1476 697 1826 758 communis
1883 703 1976 758 est
2031 697 2391 757 affectus...
2456 699 2877 769 Quamobrem
2935 717 2972 760 a
3029 697 3206 759 vobis
3263 698 3499 759 diutius
3558 699 3777 760 abesse

357 779 618 839 minime
672 777 960 840 sustinui.
1016 802 1045 834 »
1125 781 1249 838 Nec
1305 795 1454 858 vero
1512 777 1646 858 sola
1706 783 1939 858 mutuae
1996 777 2346 838 dilectionis
2401 778 2561 839 ratio
2619 779 2988 858 Gregorium
3044 779 3124 840 ad
3181 779 3447 840 celerem
3501 780 3775 841 reditum

356 859 632 940 impulit.
690 859 1008 921 Metuebat
1066 859 1254 918 etiam
1315 857 1524 919 adhuc
1581 857 1669 933 (η.
1723 857 1782 938 3)
1853 858 2250 940 proAdilecto
2309 877 2519 936 grege,
2579 864 2641 919 et
2699 881 2732 940 ς(
2783 860 3077 938 luporum
3129 884 3158 916 »
3219 859 3654 933 voracitatem,
3714 866 3779 922 et

363 964 396 997 «
450 937 769 1002 latronum
829 962 858 994 ››
938 940 1216 1013 insidias,
1293 945 1353 1000 et
1435 961 1465 994 «
1522 937 1769 999 canum
1808 960 1836 997 ››
1916 937 2178 1020 rabiem,
2239 941 2348 1018 qui
2396 940 2553 1017 jam,
2613 939 2788 1000 irrito
2846 937 2991 1001 licet
3044 940 3305 1020 impetu,
3364 940 3430 1000 in
3485 946 3777 1020 pastores

353 1021 736 1102 irruperant,
784 1025 973 1098 atque
1032 1020 1525 1102 ovesdiripere,
1577 1025 1853 1081 mactare
1909 1025 2020 1080 aut
2065 1019 2424 1102 dispergere
2472 1026 2887 1081 tentaverant.
2937 1019 3293 1102 Tumgﬁdei
3339 1040 3414 1082 ac
3465 1021 3774 1082 doctrinae

356 1100 664 1164 rationem
712 1121 750 1164 a
806 1120 995 1180 grege
1050 1100 1244 1180 exigit
1291 1101 1376 1180 (n.
1429 1101 1536 1180 5);
1597 1119 1800 1181 neque
1859 1104 2274 1181 «mutuum»
2325 1101 2636 1162 duntaxat
2680 1101 2984 1179 exposcit,
3035 1101 3143 1163 sed
3191 1103 3381 1163 etiam
3420 1125 3452 1159 «
3481 1103 3706 1176 fenus;
3741 1125 3770 1162 υ

354 1201 469 1244 nec
548 1207 577 1239 «
638 1182 945 1243 talentum
1003 1205 1035 1236 »
1115 1182 1342 1253 solum,
1403 1181 1508 1241 sed
1572 1186 1633 1241 et
1699 1180 1743 1237 “‹‹
1800 1180 2024 1262 talenti
2079 1187 2446 1260 quaestum;
2499 1205 2529 1238 »
2613 1201 2690 1242 ne
2746 1184 2904 1243 forte
2960 1182 3123 1262 quis,
3183 1183 3423 1244 talento
3479 1184 3542 1243 in
3601 1190 3774 1245 terra

353 1263 599 1324 defosso
658 1270 719 1324 et
774 1263 1110 1335 occultato,
1173 1262 1569 1335 creditorem,
1634 1285 1664 1317 «
1710 1267 1778 1322 ut
1836 1261 2064 1322 durum
2123 1268 2184 1322 et
2239 1281 2557 1340 asperum,
2603 1285 2635 1319 »
2697 1263 2855 1324 falso
2913 1261 3300 1324 criminetur.
3363 1263 3520 1324 Hinc
3576 1264 3770 1324 ﬁdem

349 1344 480 1404 sine
537 1344 831 1424 operibus
888 1348 1200 1404 mortuam
1261 1360 1392 1424 esse
1449 1342 1744 1424 ostendit,
1799 1347 1859 1402 et
1915 1342 2008 1424 ab;
2051 1343 2444 1424 auditoribus
2499 1342 2800 1424 postulat,
2833 1362 2983 1403 num
3041 1344 3261 1424 sedulo
3318 1343 3501 1405 bonis
3567 1345 3778 1424 operi-

345 1424 464 1485 bus
521 1422 876 1485 studuerint
926 1447 940 1501 ;
996 1430 1222 1504 ﬁatque
1302 1423 1574 1483 dilucide
1648 1422 2045 1501 pertractatis
2105 1423 2293 1504 variis
2347 1422 2510 1483 vita!
2547 1423 2916 1484 Christianas
2975 1423 3239 1502 ofﬁciis,
3303 1424 3436 1503 ipse
3512 1422 3771 1504 quoque

344 1505 655 1566 rationem
713 1504 919 1565 reddit
976 1503 1052 1563 de
1109 1504 1423 1578 omnibus,
1484 1523 1624 1580 quae
1684 1504 1908 1584 absens
1964 1521 2174 1584 secum
2237 1503 2721 1583 philosophatus
2779 1511 2894 1566 est.
2957 1505 3136 1575 Quod
3205 1511 3274 1566 ut
3349 1503 3772 1584 assequatur,

345 1586 629 1665 amplum
688 1591 750 1646 et
810 1584 1216 1666 magniﬁcum
1271 1584 1404 1666 veri
1460 1583 1825 1666 philQSOphi
1880 1583 2204 1666 exemplar
2263 1602 2336 1666 eo
2391 1585 2535 1666 loci
2569 1585 2650 1666 ob
2708 1585 2925 1646 oculos
2981 1586 3183 1664 ponit,
3237 1591 3300 1646 et
3355 1583 3574 1646 eadem
3628 1605 3776 1666 quae

346 1664 828 1746 Chrysostomus
884 1665 1287 1746 postmodum
1345 1665 1406 1725 in
1467 1665 1772 1738 oratione,
1842 1688 1871 1719 «
1921 1667 2118 1726 Nemo
2171 1665 2421 1730 laeditur
2479 1664 2598 1726 nisi
2650 1684 2687 1726 a
2743 1684 2808 1726 se
2862 1666 3000 1746 ipso
3033 1665 3138 1746 (9),
3187 1690 3218 1721 »
3272 1666 3586 1740 tractavit,
3638 1664 3777 1746 ipse

345 1745 554 1810 verbis
608 1751 672 1808 et
725 1745 1030 1825 exemplis
1086 1745 1333 1824 egregie
1391 1745 1801 1807 demonstrat.

423 1861 498 1932 (9)
528 1859 849 1932 Chrysost.,
882 1862 924 1913 t.
961 1859 1057 1928 IlI,
1092 1875 1147 1930 p.
1182 1859 1312 1915 444.

729 2073 1194 2168 ORATIO
1255 2074 1621 2166 XXVI“.

348 2239 409 2294 In
467 2251 920 2309 sezpsnm,__cw_n
975 2249 1103 2289 rure
1158 2233 1429 2301 rediisset,
1483 2242 1603 2304 post
1659 2250 1728 2289 ea
1786 2249 1912 2305 quae
1967 2249 2001 2287 a

736 2305 976 2362 Maximo
999 2313 1328 2377 perpetrata
1357 2309 1603 2377 fuerant.

417 2435 461 2490 Ι.
493 2431 904 2488 Desiderabam
934 2446 1055 2500 vos,
1093 2429 1218 2500 ﬁlii,
1247 2433 1303 2485 et
1333 2430 1457 2500 pari
1492 2446 1525 2484 a
1563 2429 1726 2484 vobis
1770 2428 1998 2484 deside-

351 2522 439 2578 rio
470 2521 798 2593 expetebar.
850 2519 1200 2573 Persuasum
1260 2518 1417 2572 enim
1477 2519 1533 2572 id
1597 2517 1783 2573 habeo
1815 2537 1827 2584 ;
1856 2534 1920 2572 ac
1951 2517 2001 2572 si

350 2613 423 2669 ad
455 2628 582 2667 eam
610 2626 731 2665 rem
757 2607 1189 2680 jusjurandum
1214 2606 1702 2678 interponendum
1727 2609 1998 2675 est,Juro,

349 2703 572 2772 fratres,
603 2715 701 2771 per
749 2706 981 2753 vestram
1013 2695 1431 2767 gloriationem,
1500 2713 1668 2767 quam
1714 2696 1883 2751 habeo
1942 2699 2003 2751 in

356 2791 564 2844 Christo
593 2790 719 2845 Jesu
745 2788 977 2842 Domino
1006 2795 1187 2842 nostro
1211 2790 1272 2839 63.
1293 2790 1451 2841 Hanc
1483 2784 1636 2840 enim
1661 2785 1999 2856 jusjurandi

354 2879 604 2935 formam
638 2876 784 2932 mihi
817 2875 1078 2931 condidit
1107 2874 1361 2947 Spiritus
1391 2877 1652 2944 sanctus,
1688 2875 1858 2944 cujus
1893 2891 2004 2929 nu-

355 2968 514 3024 mine
544 2971 720 3037 atque
751 2965 950 3020 afﬂatu
983 2964 1054 3019 ad
1085 2980 1187 3018 vos
1216 2964 1506 3030 venimus,
1526 2968 1591 3018 ut
1620 2963 1866 3018 Domino
1901 2981 2001 3035 po-

356 3056 563 3130 pulum
594 3054 875 3111 eximium
906 3057 961 3109 et
992 3052 1345 3124 peculiarem
1379 3069 1782 3123 comparemus
1829 3053 1890 3106 ⁸⁸.
1925 3055 2004 3107 Ac

357 3146 494 3203 ﬁdei
523 3143 1012 3216 magnitudinem,
1048 3142 1761 3214 quznso,perspicitc.Nam
1797 3146 1852 3197 et
1876 3143 2000 3196 ani-

357 3235 439 3290 mi
471 3233 584 3290 mei
616 3233 890 3289 affectum
919 3232 1084 3287 vobis
1116 3248 1462 3302 persuasum
1495 3231 1693 3299 reddo,
1727 3234 1784 3285 et
1815 3231 1884 3284 de
1914 3247 2002 3286 ve-

353 3328 475 3380 stro
502 3340 640 3395 erga
667 3339 761 3378 me
813 3322 1008 3378 animo
1060 3321 1290 3376 afﬁrmo
1339 3325 1396 3376 et
1439 3337 1726 3376 assevcro.
1778 3319 1893 3374 Nec
1942 3320 2000 3375 id

2030 2076 2086 2141 Α

2600 2097 3002 2194 ΛΟΓΟΣ
3103 2099 3277 2203 Kc’.

2110 2231 2202 2293 Εἷς
2257 2232 2441 2288 ἑαυτὸν
2493 2235 2626 2308 (10),
2661 2232 2712 2303 ἐξ
2760 2232 2929 2310 ἀγροῦ
2957 2231 3320 2310 ’ἐπανήκοντα
3366 2236 3480 2310 (11)
3525 2236 3656 2310 μετὰ
3703 2237 3771 2292 τὰ

2717 2304 2853 2361 κατὰ
2884 2304 3153 2378 Μάξιμον.

2182 2429 2260 2484 A'.
2315 2427 2570 2492 Ἐπόοουν
2630 2428 2806 2502 ὑμᾶς,
2866 2429 2910 2482 ὦ
2966 2429 3145 2500 τέκνα,
3206 2429 3296 2484 καὶ
3355 2430 3764 2504 ἀντεποθούμην

2107 2520 2226 2578 τοῖς
2256 2514 2393 2578 ξ’σοις
2446 2519 2685 2593 μέτροις.
2736 2516 3008 2590 ΙΙείθομαι
3058 2517 3182 2593 γὰρ,
3235 2517 3280 2571 εἰ
3332 2515 3414 2573 δεῖ
3460 2519 3548 2574 καὶ
3579 2520 3762 2576 πίστιν

2109 2608 2418 2680 προσθεῖναι
2476 2605 2555 2679 τῷ
2632 2602 2782 2682 λόγῳ
2817 2652 2830 2679 ,
2893 2605 2993 2661 Ναὶ
3051 2606 3118 2674 νὴ
3173 2608 3272 2676 τήν
3335 2607 3592 2681 ὑμετέραν
3651 2614 3764 2685 (12)

2109 2695 2404 2768 καύχησιν,
2461 2693 2692 2774 ἀδελφοὶ
2751 2697 2862 2769 (43)
2898 2738 2912 2764 ,
2970 2695 3035 2764 ἢν
3093 2693 3206 2770 ἔχω
3267 2695 3317 2750 ἐν
3377 2699 3593 2770 Χριστῷ
3651 2699 3762 2770 Ἰη-

2112 2787 2206 2838 σοῦ
2236 2788 2314 2856 τῷ
2344 2783 2526 2859 Κνρίῳ
2574 2787 2756 2856 ἡμῶν.
2803 2789 3001 2839 Τοῦτον
3050 2785 3154 2860 γάρ
3213 2805 3306 2857 μοι
3353 2785 3619 2856 πεποίηκε
3666 2788 3760 2842 τὸν

2112 2869 2271 2946 ὅρκον
2303 2873 2365 2926 τὸ
2396 2877 2614 2946 Πνεῦμα
2655 2873 2719 2926 τὸ
2765 2875 2939 2949 ἅγιον,
2972 2874 3017 2943 ᾦ
3047 2872 3184 2948 πρὸς
3237 2873 3373 2946 ὑμᾶς
3405 2877 3760 2950 κεκινήμεθα,

2105 2961 2196 3016 ’ίνοι
2253 2960 2732 3035 κατασκευάσωμεν
2787 2962 2964 3038 Κυρίῳ
3023 2960 3152 3017 λαὸν
3213 2964 3564 3038 περιούσιον.
3625 2971 3766 3018 Σκο-

2110 3056 2261 3105 πεῖτε
2315 3053 2414 3119 τὴν
2469 3051 2648 3106 πίστιν
2709 3049 2830 3121 ὅση·
2873 3051 2962 3105 καὶ
3019 3051 3081 3104 τὸ
3144 3049 3380 3122 ἐμαυτοῦ
3428 3052 3616 3120 πείθω,
3669 3055 3765 3108 καὶ

2108 3140 2170 3194 τὸ
2197 3141 2309 3213 (14)
2353 3141 2483 3215 ὑπὲρ
2538 3141 2687 3212 ὑμῶν
2736 3141 2846 3214 (15)
2900 3137 3255 3213 διατείνομαι.
3307 3140 3405 3194 Καὶ
3459 3144 3769 3214 θαυμαστὸν

2111 3226 2286 3285 οὐδὲν.
2320 3232 2412 3282 Ὧν
2447 3230 2549 3304 γὰρ
2579 3228 2754 3283 κοινὸν
2803 3229 2865 3283 τὸ
2915 3232 3151 3301 Πνεῦμα,
3201 3230 3380 3285 κοινὸν
3431 3231 3610 3285 καὶτὸ
3661 3237 3772 3286 πά-

2111 3327 2226 3380 θοςο
2274 3318 2356 3380 οἷς
2406 3314 2461 3372 δὲ
2490 3319 2552 3372 τὸ
2601 3317 2829 3391 πάσχειν
2875 3315 3018 3390 ἶσον,
3062 3314 3176 3373 ἴσον
3221 3318 3310 3373 καὶ
3358 3321 3420 3374 τὸ
3467 3320 3767 3377 πιστεύειν·

353 3429 495 3471 sane
525 3411 743 3467 mirum
771 3409 954 3466 videri
984 3409 1444 3474 debet.Quorum
1473 3408 1630 3464 enim
1663 3408 1993 3465 communis

2111 3410 2172 3459 "0
2228 3405 2328 3482 γὰρ
2391 3409 2464 3480 μή
2519 3428 2602 3469 τις
2651 3407 2936 3475 πέπονθεν,
2997 3403 3110 3462 οὐδ’
3168 3409 3227 3462 ἂν
3289 3408 3456 3485 ἑτέρῳ
3512 3410 3701 3465 πιστεῦ
3739 3445 3766 3454 -

2295 3498 2396 3511 ην..
2480 3497 2492 3511 .
2557 3494 2599 3511 Μ
2731 3497 2789 3511 ,η
2950 3495 2970 3511 ,.
3265 3498 3309 3511 ,λ
3477 3498 3489 3511 .
3655 3499 3664 3511 .

351 3507 440 3560 est
461 3501 736 3574 Spiritus,
785 3499 994 3555 horum
1028 3499 1272 3554 affectus
1319 3513 1549 3569 quoque
1609 3498 1990 3554 communis:

353 3592 570 3665 quibus
599 3594 794 3646 autem
825 3588 979 3643 idem
1011 3587 1251 3642 affectus
1273 3587 1544 3654 est,idem
1576 3587 1752 3642 etiam
1786 3588 1857 3642 ad
1879 3604 1995 3643 cre-

352 3681 608 3737 dendum
638 3694 800 3749 aeque
831 3676 1105 3749 propensi
1137 3681 1295 3732 sunt.
1331 3676 1476 3730 Nam
1511 3676 1664 3747 quod
1712 3676 1771 3730 in
1803 3676 1994 3747 seipso

353 3769 566 3842 aliquis
599 3768 840 3824 minime
880 3767 1081 3833 sensit,
1116 3766 1165 3821 is
1196 3781 1302 3820 nec
1332 3765 1495 3820 alteri
1555 3765 1610 3819 id
1643 3765 1715 3820 de
1745 3782 1807 3820 se
1839 3767 1994 3820 afﬁr-

351 3860 535 3917 manti
566 3874 826 3930 unquam
859 3855 1209 3911 crediderit:
1236 3853 1338 3926 qui
1359 3859 1552 3910 autem
1578 3853 1660 3908 ita
1682 3853 1994 3926 aliquando

350 3967 413 4006 se
443 3951 717 4006 affectum
747 3945 1006 4013 sensit,is
1040 3945 1298 4015 profecto
1330 3943 1400 3998 ad
1433 3943 1876 3999 assentiendum
1909 3943 1992 3999 fa-

349 4039 606 4095 ciliorem
640 4053 699 4092 se
732 4034 1031 4107 praebebit,
1061 4036 1259 4104 utpote
1309 4032 1620 4089 invisibilis
1671 4032 1994 4089 affectionis

349 4124 660 4184 invisibilis
690 4124 878 4190 testis,
914 4123 1229 4193 formaque
1269 4121 1466 4177 aliena:
1524 4121 1824 4193 proprium
1855 4138 1992 4192 spe-

349 4215 571 4273 culum.
607 4214 994 4280 Quamobrem
1029 4228 1061 4265 a
1090 4210 1253 4266 vobis
1294 4212 1446 4266 472
1503 4211 1728 4266 diutius
1787 4211 1990 4267 abesse

347 4304 593 4361 minime
623 4301 1245 4371 sustinui,quanquam
1272 4299 1489 4370 alioqui
1520 4315 1611 4355 res
1634 4299 1809 4356 hasce
1841 4317 1990 4372 aegre

347 4411 413 4451 ac
443 4392 687 4450 molesto
719 4390 915 4446 animo
951 4391 1138 4444 ferens
1167 4405 1188 4449 ;
1221 4405 1335 4444 non
1365 4387 1556 4444 solum
1606 4405 1754 4460 quas
1785 4389 1986 4445 civita-

345 4489 432 4540 tes
461 4484 656 4539 ferunt
685 4477 1048 4552 (popularem
1097 4477 1319 4533 scilicet
1375 4477 1833 4548 multitudinem,
1899 4482 1986 4534 tu-

345 4571 590 4640 multus,
624 4571 837 4638 torum,
880 4567 1235 4640 spectacula,
1282 4567 1642 4633 saturitates,
1677 4570 1986 4622 contume-

414 4672 458 4712 ⁵³
487 4669 510 4726 Ι
539 4670 667 4726 Cor.
697 4685 793 4736 xv,
824 4667 912 4722 31.
1014 4667 1059 4708 δι’
1093 4667 1238 4723 Deut
1265 4683 1367 4736 vn,
1396 4668 1450 4721 6.

416 4786 494 4857 (α)
523 4784 681 4840 Alias
708 4784 798 4851 28,
850 4799 976 4857 quin
1017 4785 1213 4838 autem
1242 4784 1512 4857 26_e_rat,
1573 4797 1729 4836 nunc
1786 4781 1878 4837 32.
1925 4811 1995 4822 -κ

351 4854 562 4916 Habita
593 4857 745 4910 circa
775 4855 1034 4911 medium
1068 4870 1288 4910 annum
1319 4854 1442 4908 380.

413 4931 524 4999 (10)
555 4925 660 4999 Et;
681 4925 881 4980 ἑαυτόν.
916 4927 1033 4999 «_Iu
1067 4927 1397 4999 seipsum.»
1427 4923 1660 4978 Addunt
1692 4922 1982 4999 nonnulli,

339 4995 428 5056 καῖ
454 4995 544 5054 τόν
576 4995 729 5070 λαὸν,
762 4999 848 5052 καὶ
879 4996 1005 5057 τοὺς
1042 4995 1326 5066 ποιμένας,
1391 5015 1412 5043 α
1474 5000 1529 5050 et
1587 4995 1868 5066 populum
1930 5000 1987 5050 et

342 5080 626 5148 pastores-
665 5093 684 5120 υ
748 5140 756 5148 .
979 5137 1037 5148 π.
1301 5136 1338 5148 ,.

412 5145 525 5217 (21)
559 5137 1182 5217 ἘπανιήκρνταηΡΙιπϐε
1215 5136 1444 5191 codices
1475 5136 1711 5207 habent,
1747 5133 1985 5189 ἐπιστάν-

339 5209 426 5271 ταί
460 5209 755 5276 Nonnulli,
791 5209 1029 5267 ἐπιστάς.

414 5291 529 5360 (12)
560 5285 639 5351 Νὴ
697 5283 794 5348 τήν
853 5279 1134 5352 ὑμετέραν,
1168 5303 1193 5328 ‹‹
1218 5283 1326 5360 ζῆθι
1355 5284 1667 5360 vestram.»
1702 5280 1794 5334 Sic
1843 5279 1985 5333 Vul-

339 5352 620 5431 gata’sic
670 5371 814 5431 pene
870 5368 1080 5431 omnes
1141 5352 1386 5431 codices,
1432 5353 1519 5431 sic
1578 5356 1986 5431 Patrumupars

339 5421 614 5494 maxima,
667 5421 879 5496 quibus
935 5423 1304 5496 posthabitis,
1365 5421 1581 5477 mirum
1633 5429 1721 5496 est
1753 5421 1984 5476 Billium

341 5493 758 5572 Complutcnse
816 5494 1113 5568 exemplar
1173 5497 1467 5559 secutum,
1525 5493 1790 5562 vertisse,
1829 5513 1850 5541 ε
1885 5509 1988 5565 per

345 5578 630 5628 nostram.
665 5591 691 5619 ››

415 5644 524 5715 (15)
557 5636 830 5715 Ἀδελφοί.
865 5641 1055 5715 Deest.
1091 5636 1149 5691 in
1175 5637 1320 5715 βας.
1356 5637 1478 5715 bm.

418 5706 529 5792 (14)
558 5711 644 5766 Τό.
670 5706 841 5768 Deest
870 5712 927 5765 in
956 5711 1145 5764 tribus
1175 5706 1353 5780 ltegg.
1389 5711 1444 5763 et
1475 5708 1725 5779 quatuor
1753 5706 1911 5764 Golb.

2102 3516 2237 3550 σειεν
2288 3498 2420 3570 (16)*
2472 3497 2500 3551 ὁ
2553 3494 2610 3550 δὲ
2653 3497 2870 3567 παθὼν,
2923 3495 2996 3558 είς
3047 3498 3428 3572 συγκατάθεσιν
3477 3498 3770 3572 ἑτοιμότε-

2108 3606 2218 3661 ρος,
2257 3586 2458 3661 μάρτυς
2511 3584 2741 3661 ἀόρατος
2787 3585 3021 3662 ἀοράτου
3069 3588 3297 3656 πάθους,
3340 3591 3553 3665 μορφῆς
3583 3587 3766 3644 ἀλλο-

2102 3676 2254 3750 τρίας
2295 3674 2493 3729 οἰκεῖον
2547 3672 2806 3748 ἔσοπτρον
2843 3719 2856 3732 .
2907 3676 3005 3731 Διά
3046 3681 3206 3733 τοῦτο
3259 3675 3385 3733 οὐδὲ
3431 3678 3762 3754 ἠνεσχόμην

2105 3765 2469 3842 ἀποφοιτῆσαι
2527 3765 2676 3838 ὑμῶν
2732 3765 3061 3842 μακρότερα,
3109 3767 3354 3842 καίτοιγε
3404 3769 3605 3830 ἱκανῶς
3645 3777 3775 3832 τοῖς

2105 3852 2324 3908 ἐνταῦθα
2372 3850 2733 3929 δυσχεραίνων
2777 3875 2836 3910 τε
2873 3855 2961 3909 καὶ
3014 3852 3360 3931 ἀχθόμενος·
3418 3857 3523 3932 οὐχ
3575 3859 3661 3919 οἷς
3714 3861 3776 3913 αἱ

2104 3941 2293 4005 πόλεις
2326 3944 2545 4021 φέρουσι
2579 3946 2688 4017 (17)
2722 3943 2883 4017 μόνον
2919 3942 3166 4018 (δήμοις,
3198 3940 3474 4020 Θορύϐοις,
3509 3946 3769 4022 ἀγοραῖς,

2106 4033 2371 4108 θεάτροις,
2404 4031 2774 4106 πλησμοναῖς,
2809 4028 3044 4107 ὕϐρεσιν,
3080 4035 3270 4108 ἄγουσι
3321 4035 3409 4088 καὶ
3443 4035 3770 4110 ἀγομένοις,

2109 4125 2365 4194 ζημιοῦσι
2410 4121 2498 4176 καὶ
2552 4122 2964 4195 ζημιουμένοις,
3015 4125 3266 4177 πενθοῦσι
3319 4123 3408 4177 καὶ
3457 4127 3770 4198 πενθουμέ-

2104 4231 2240 4282 νοις,
2273 4208 2543 4282 κλαίουσι,
2589 4210 2863 4287 χαίρουσι,
2915 4215 3177 4285 γαμοῦσι,
3225 4213 3543 4282 θάπτουσιν,
3598 4214 3773 4293 εὐφη-

2110 4298 2424 4373 μουμένοις,
2489 4298 3032 4378 βλὰσφημουμένοις,
3091 4299 3196 4373 ὕλῃ
3253 4300 3487 4372 κακίας,
3548 4303 3770 4376 κόσμου

2110 4387 2400 4464 βράσματι,
2454 4393 2571 4450 ταῖς
2625 4388 3015 4466 ἆγχιστρόφοις
3070 4383 3421 4462 μεταϐολαῖς,
3474 4390 3665 4466 ὥσπερ
3715 4393 3767 4449 ἐν

2105 4476 2330 4551 Εὐρίπῳ
2376 4478 2465 4532 καὶ
2509 4477 2852 4552 πνεύμασιν),
2903 4475 3047 4533 ἀλλά
3088 4479 3177 4533 καὶ
3219 4477 3440 4542 τούτοις
3486 4478 3600 4549 ἤδη
3644 4489 3766 4544 τοῖς

2105 4565 2453 4642 σεμνοτέροις
2483 4565 2573 4621 καὶ
2602 4567 2975 4644 τιμιωτέροις,
3006 4573 3125 4630 τοῖς
3176 4569 3297 4643 περὶ
3343 4568 3406 4624 τὸ
3456 4569 3617 4644 βῆμα
3652 4574 3765 4646 (18)

2176 4782 2290 4856 (15)
2314 4781 2514 4856 ’ξ’μῶν,
2541 4783 2678 4854 Reg.
2713 4783 2810 4856 bm
2843 4786 2900 4856 et
2927 4783 3340 4856 εονὶιηλήμῶν.

2177 4854 2286 4924 (16)
2312 4851 2670 4924 ΙΙιξστεύσειεν.
2704 4855 2933 4923 Comb.,
2965 4851 3287 4910 πιστεύοιεν.

2317 4922 2568 4998 Φὲρουσι,
2603 4926 2882 5000 Nonnulli
2911 4922 3106 4991 Codd.,
3137 4925 3416 5000 χαίρουσι.

2202 4997 2284 5065 18)
2341 4997 2466 5056 Τοῖς
2522 4997 2646 5071 περί
2701 4997 2788 5071 τοί,
2826 4999 2998 5071 βῆμα,
3057 4997 3177 5054 οἰοῖ
3229 4997 3251 5048 ιι
3300 4998 3647 5071 Sacrariuru
3707 5006 3775 5056 et

2105 5084 2332 5122 sacram
2368 5069 2653 5124 mensam.
2688 5091 2716 5119 ››
2746 5069 2872 5124 Haec
2899 5070 3056 5124 enim
3089 5074 3230 5124 sunt
3270 5093 3298 5119 «
3330 5070 3778 5128 venerabilior:

2105 5144 2161 5194 et
2192 5140 2598 5213 praestantiora
2633 5163 2653 5190 ι
2691 5141 2810 5213 illa,
2843 5158 2970 5211 quas
2999 5141 3111 5196 sibi
3147 5141 3455 5213 displicere
3506 5141 3590 5196 ait
3623 5147 3769 5199 Gre-

2108 5211 2328 5282 gorius,
2363 5229 2474 5266 non
2505 5229 2641 5268 vero
2684 5212 2746 5283 ii,
2797 5235 2823 5262 «
2877 5213 2978 5284 qui
3027 5211 3351 5284 sacrarium
3408 5218 3466 5268 et
3525 5229 3777 5284 sacram

2106 5300 2370 5338 mensam
2397 5284 2699 5358 cingunt,»
2731 5289 2798 5339 ut
2825 5283 2999 5358 vertit
3019 5283 3456 5358 Bill_i_us,contra
3474 5283 3780 5358 Theologi

2109 5357 2494 5428 mentem,qui
2525 5356 2758 5428 ﬁdelem
2791 5355 3018 5428 plebem
3050 5355 3385 5428 deliniebat,
3410 5362 3470 5412 et
3501 5355 3782 5414 multufn

2103 5425 2157 5507 ei
2186 5425 3020 5510 amoremgratulabaturdpsi
3051 5427 3610 5510 displicebant,tuz_n
3633 5447 3780 5510 quae

2096 5497 2221 5566 jam
2255 5516 2288 5553 a
2311 5497 2561 5572 Maximo
2595 5500 2655 5572 in
2689 5497 2949 5556 sacrario
2971 5497 3302 5572 perpetrata
3335 5503 3604 5570 fuerant,
3635 5497 3782 5558 tum

2104 5586 2272 5640 onus,
2308 5570 2463 5640 quod
2497 5571 2614 5626 fere
2645 5571 2822 5627 invito
2865 5570 3220 5645 susceperat,
3277 5578 3407 5645 tum
3469 5573 3774 5645 dignitas,

2103 5647 2346 5718 queatut
2375 5645 2688 5718 tantasque
2719 5659 2890 5702 curas
2921 5643 3218 5714 afferebat,
3263 5649 3322 5701 et
3350 5643 3771 5718 plurimorum

2103 5711 2384 5771 invidiam
2416 5711 2783 5774 conciliabat.
