4056 6274
301 355 438 418 1229

1387 349 1683 413 ORATIO
1729 350 1945 412 XXVI.
1976 385 2056 396 —
2091 351 2170 411 IN
2217 350 2576 413 SEIPSUM.

3533 348 3688 410 1230

297 490 439 542 τοῦτο
479 484 650 560 Αέγω,
697 482 787 539 καὶ
830 484 929 552 τὴν
981 479 1135 558 ἁγίαν
1183 481 1472 559 τράπεζαν
1531 483 1606 536 ὧν
1650 483 1814 555 ἡμεῖς
1861 482 1925 536 τὸ

2063 482 2171 548 ias,
2199 498 2298 538 eos
2329 482 2430 553 qui
2461 482 2705 548 ducunt,
2728 483 2787 537 et
2804 480 2900 552 qui
2933 482 3253 550 ducuntur,
3277 495 3376 540 eos
3397 480 3497 552 qui
3519 480 3685 537 dam-

298 577 474 650 κράτος
520 572 666 650 ἔχειν
715 571 1041 644 δοκοῦντες,
1091 572 1180 627 καὶ
1230 577 1342 627 τῶν
1401 571 1722 647 ἐγγιζόντων
1776 565 1926 632 ὄντες

300 669 416 737 Θεῷ,
452 660 670 719 δέδοικα
719 664 794 736 μὴ
843 666 1021 724 κακῶς
1072 659 1396 737 ἑγγίζωμεν,
1445 660 1555 733 καὶ,
1597 661 1670 723 ὡς
1699 659 1924 734 καλάμη

296 754 430 828 πυρὶ,
466 757 572 828 πῦρ
604 752 666 808 οὐ
698 751 966 828 φέροντες.

2038 588 2179 627 num
2211 571 2492 642 inferunt,
2523 575 2579 626 et
2609 571 2708 643 qui
2751 571 3081 642 patiuntur,
3113 585 3213 625 eos
3244 570 3343 641 qui
3371 568 3594 640 lugent,
3628 573 3687 624 et

2037 662 2140 733 qui
2168 661 2464 735 lugentur,
2497 678 2596 717 eos
2643 660 2744 732 qui
2793 659 3042 732 ploraut,
3075 661 3349 732 gaudent,
3382 659 3687 714 matrimo-

2037 750 2204 806 nium
2252 750 2477 817 ineunt,
2529 749 2839 822 sepeliunt,
2889 748 3226 818 laudantur,
3260 748 3683 819 vituperantur.

296 845 450 916 hanc,
483 845 748 916 inquam,
779 842 906 899 vitii
951 842 1179 910 silvam,
1213 842 1419 898 mundi
1475 842 1778 910 fervorem,
1809 839 2034 897 subitas
2080 849 2135 897 et
2183 840 2538 912 repentinas,
2573 839 2729 894 velut
2759 839 2816 895 in
2847 839 3062 911 Euripo
3111 843 3167 895 et
3214 843 3517 895 ventorum
3563 838 3686 909 agi-

295 934 516 1003 tatione,
551 933 952 1004 mutationes),
980 948 1184 988 verum
1242 931 1416 988 etiam
1475 929 1898 988 venerabiliora
1953 929 2076 985 haec
2107 932 2187 985 -θι
2237 930 2662 1002 praestantiora,
2698 929 3021 984 sacrarium
3082 945 3291 1000 nempe
3347 932 3404 982 et
3460 943 3690 983 sacram

294 1040 574 1091 mensam;
609 1038 860 1095 quorum
891 1038 1024 1077 cum
1070 1021 1181 1094 ipsi
1215 1020 1608 1094 principatum
1641 1024 1838 1076 tenere
1868 1019 2188 1087 videamur,
2219 1024 2274 1075 et
2327 1019 2386 1074 in
2418 1035 2641 1087 eorum,
2677 1017 2777 1090 qui
2824 1018 2896 1073 ad
2957 1022 3137 1073 Deum
3187 1017 3687 1089 appropinquant,

295 1130 522 1170 numero
555 1114 764 1184 simus,
798 1128 998 1168 vereor
1027 1127 1099 1167 ne
1131 1111 1282 1167 male
1315 1111 1878 1184 appropinquemus,
1909 1113 1986 1177 et,
2011 1113 2291 1179 tanquam
2323 1108 2540 1180 stipula
2571 1108 2641 1164 ad
2675 1107 2894 1180 ignem,
2927 1106 3081 1179 ignis
3111 1106 3227 1164 vim
3260 1108 3408 1163 ferre
3440 1121 3696 1177 nequea-

297 1219 436 1259 mus

357 1297 424 1347 B'.
458 1289 610 1359 Ιιλήν
643 1286 946 1358 ἐπανῆλθον
997 1288 1147 1360 ὑμῖν,
1202 1286 1294 1364 βίᾳ
1345 1289 1437 1360 μὲν
1480 1284 1833 1362 ἀποδραμὼν,
1865 1284 1927 1340 οὗ

300 1379 382 1456 βίᾳ
409 1377 467 1434 δὲ
517 1377 903 1456 προσδραμὼν,
951 1375 1098 1431 ἀλλά
1143 1376 1234 1431 καὶ
1283 1376 1430 1450 μάλα
1476 1374 1797 1453 προθύμως,
1838 1376 1927 1429 καὶ

296 1466 612 1542 αὐτομάτοις
642 1468 793 1540 ποσὶ,
824 1467 886 1521 τὸ
922 1471 1020 1521 τοῦ
1051 1466 1236 1541 λόγου,
1267 1470 1366 1520 τοῦ
1410 1464 1722 1539 Πνεύματος
1756 1464 1928 1527 οὕτως

296 1555 536 1633 ἄγοντος,
565 1559 803 1633 καθάπερ
833 1578 884 1610 τι
919 1556 1111 1632 ῥεῦμα,
1153 1555 1291 1632 πρὸς
1343 1555 1437 1628 μὲν
1468 1556 1530 1609 τὸ
1569 1556 1785 1616 ἄναντες
1817 1555 1930 1625 (19)

298 1647 632 1722 βιαζόμενον,
669 1645 745 1708 εἷς
797 1643 853 1700 δὲ
881 1646 943 1700 τὸ
990 1645 1185 1717 πρανὲς
1231 1645 1346 1716 (20)
1391 1642 1760 1719 ἐπειγόμενον.
1794 1644 1929 1700 "0v-

291 1757 388 1798 τως
415 1737 598 1813 ἡμέρα
630 1735 748 1809 μία,
785 1733 901 1810 βίος
935 1733 1066 1796 ὅλος
1101 1735 1406 1807 ἀνθρώπου,
1437 1739 1555 1795 τοῖς
1602 1733 1758 1805 πόθῳ
1787 1729 1927 1806 κάμ-

294 1846 485 1881 νουσιν.
545 1825 615 1878 Τὸ
672 1825 776 1910 γαρ
835 1827 929 1878 τοῦ
990 1819 1182 1878 Ἰακὼϐ
1242 1823 1439 1910 ἑτέρως
1492 1824 1602 1896 (21)
1649 1821 1794 1898 ἔχειν
1840 1843 1931 1894 μοι
1964 1846 2010 1910 Β

295 1913 544 1991 φαίνεταν
606 1914 663 1975 ὃς
720 1909 812 1982 ἔτη
891 1910 1250 1985 δεκατέσσαρα
1307 1909 1580 1967 δουλεύων
1635 1916 1714 1982 τῷ
1772 1910 1933 1986 Σύρῳ

296 1999 466 2057 Λάϐαν
515 2003 647 2078 ὑπὲρ
696 2006 803 2056 τῶν
848 1999 944 2056 δύο
985 1999 1262 2076 παρθένων
1315 1999 1413 2055 οὐκ
1461 1996 1717 2072 ἔκαμνενθ
1767 2002 1934 2054 Ἦσαν

293 2092 389 2166 γὰρ
434 2091 600 2162 αὐτῷ,
635 2090 820 2167 φησὶν,
869 2090 923 2143 αἱ
971 2095 1135 2143 πᾶσαι
1187 2088 1411 2164 ἡμέραι,
1459 2089 1533 2150 ὡς
1585 2091 1766 2164 ἡμέρα
1814 2088 1930 2161 μία,

296 2177 378 2234 διὰ
425 2180 488 2235 τὸ
546 2181 756 2255 ἀγαπᾷν
814 2178 992 2239 αὐτάς.
1054 2184 1212 2240 Ἴσως
1272 2177 1353 2232 ὅτι
1408 2177 1457 2232 ἐν
1518 2173 1702 2250 ὄψεσιν
1757 2178 1823 2247 ἦν
1869 2178 1932 2232 τὸ

292 2269 644 2341 ποθούμενον,
695 2269 730 2337 ἢ
783 2269 864 2322 ὅτι
923 2271 1123 2344 κοῦφον
1170 2268 1233 2321 τὸ
1278 2266 1500 2340 κάμνειν
1553 2265 1736 2342 ἔρωτι,
1767 2267 1860 2322 κᾶν
1894 2270 1928 2337 ἠ

292 2353 529 2426 ἀναϐολὴ
562 2357 626 2412 τὸ
657 2355 903 2432 λυπηρὸν
933 2354 1034 2431 ἔχῃ
1077 2358 1208 2426 (22).
1241 2355 1426 2418 Οὕτως
1473 2357 1537 2411 τὸ
1565 2353 1785 2429 ἕτοιμον
1822 2359 1931 2430 (23)

291 2447 362 2509 εἷς
413 2444 673 2519 ἐξουσίαν,
720 2445 884 2521 ἀργὸν
937 2444 1011 2506 εἷς
1063 2445 1370 2518 ἐπιθυμίαν,
1422 2444 1496 2507 ὥς
1545 2467 1630 2508 τις
1674 2443 1774 2523 ἔφη
1823 2450 1928 2500 τῶν

288 2537 390 2610 πρὸ
417 2538 608 2610 ἡμῶν.
649 2535 792 2610 Ἐγὼ
839 2538 965 2610 γοῦν
1008 2533 1172 2603 ἡνίκα
1221 2534 1316 2607 μὲν
1346 2537 1635 2608 παρήμην,
1670 2534 1933 2611 ἐλάχιστα

287 2630 379 2680 τοῦ
410 2626 616 2688 πάθους
649 2622 1125 2695 ἐπαισθανόμενος,
1157 2621 1318 2692 ἥνίκα
1350 2619 1407 2678 δὲ
1451 2626 1561 2697 (24)
1602 2623 1929 2700 ἐχωρίσθη-θ,

290 2713 449 2790 ἔγνων
498 2715 590 2769 τὸν
630 2713 795 2768 πόθον
853 2712 944 2766 τὸν
991 2711 1194 2788 γλυκὺν
1251 2711 1536 2787 τύραννον·
1585 2713 1765 2767 καινὸν
1819 2717 1930 2788 (25)

293 2802 347 2858 δὲ
376 2801 549 2858 οὐδέν.
581 2802 640 2858 Εἰ
670 2803 771 2878 γὰρ
800 2801 1058 2856 τοσοῦτον
1093 2798 1341 2876 ὀδύρεται
1391 2802 1479 2857 καὶ
1525 2802 1793 2877 βουκόλος
1832 2803 1930 2874 μό-

294 2913 426 2968 σχον
456 2899 556 2962 τῆς
604 2891 810 2966 ἀγέλης
857 2891 1322 2968 ἀποφοιτήσαντα,
1351 2890 1440 2944 καὶ
1487 2892 1694 2963 ποιμήν
1725 2886 1936 2966 πρόϐα-

290 3003 378 3036 τον
441 2980 700 3054 ἐλλεῖψαν
757 2977 960 3050 δεκάδι,
1017 2980 1107 3033 καὶ
1167 2974 1348 3053 ὄρνεον
1394 2982 1632 3047 νοσσιὰν,
1680 2983 1740 3049 ἣν
1796 2979 1934 3056 πρὸς

295 3069 476 3147 ὀλίγον
527 3067 787 3124 ἀπέλιπεν
839 3071 974 3142 (26),
1025 3067 1161 3123 ὥστε
1192 3069 1245 3122 οἱ
1279 3069 1373 3141 μὲν
1399 3069 1494 3130 τὰς
1546 3076 1802 3145 σύριγγας
1836 3069 1932 3124 λα-

289 3155 494 3232 ϐόντες,
557 3158 644 3214 ἐπί
691 3179 810 3214 τινα
867 3157 1092 3212 σκοπιὰν
1145 3157 1794 3234 ἀνελθόντες,ὶ,πληροῦσι
1834 3166 1933 3229 τῆς

290 3247 522 3322 ἀθυμίας
551 3249 679 3310 τοὺς
729 3245 975 3318 δόνακας,
1027 3245 1116 3300 καὶ
1165 3244 1575 3320 ἀνακαλοῦνται,
1609 3248 1683 3310 ὡς
1715 3246 1928 3324 λογικὰ,
1967 3223 2008 3290 CI

284 3339 352 3392 τὰ
407 3336 760 3411 πλανώμενα⁸
812 3336 908 3390 κᾶν
971 3336 1338 3405 ὑπακούσωσι,
1396 3336 1648 3412 χαίρουσι
1717 3335 1929 3410 μᾶλλον

287 3427 322 3496 ἢ
354 3433 514 3481 πᾶσιν
545 3427 686 3500 ἐμοῦ
733 3431 848 3487 τοῖς
897 3423 1115 3494 ἄλλοις,
1161 3426 1233 3479 ὧν
1267 3424 1366 3480 οὐκ
1414 3424 1749 3503 ἐφρόντισαν⁹
1781 3425 1843 3480 τὸ
1875 3423 1932 3480 δὲ

279 3515 474 3590 τρύζον
507 3515 593 3570 ἐπὶ
620 3516 720 3586 τήν
752 3511 947 3569 καλιὰν
977 3511 1133 3586 ἵεται,
1165 3512 1255 3569 καί
1297 3513 1550 3587 τρόζουσι
1603 3515 1931 3591 προσπίπτει

273 3611 399 3666 τοῖς
456 3610 719 3673 νεοσσοῖς,
777 3603 867 3659 καὶ
928 3604 1172 3679 περιέπει
1229 3609 1348 3666 ταῖς
1394 3603 1632 3680 πτέρυξι’
1693 3604 1929 3674 πηλίκον

278 3694 340 3748 ἃν
405 3691 485 3765 εἴη
540 3692 697 3766 δεξιῷ
747 3691 969 3766 ποιμένι
1019 3691 1214 3768 λογικὰ
1261 3691 1565 3768 θρέμματα,
1614 3693 1704 3748 καὶ
1755 3695 1828 3747 ὧν
1881 3716 1931 3748 τι

278 3782 772 3860 προεκινδύνευσεν,
804 3783 920 3838 ἐπεὶ
952 3782 1041 3837 καὶ
1070 3787 1231 3836 τοῦτο
1268 3786 1347 3853 τῷ
1377 3781 1589 3860 φίλτρῳ
1621 3785 1732 3854 (27)
1767 3805 1933 3856 προσ-

279 3874 500 3943 τίθησιν
535 3891 549 3940 ;

2109 1286 2178 1342 II.
2214 1287 2496 1342 Gestarum
2546 1287 2617 1342 ad
2652 1303 2751 1342 vos
2782 1285 2951 1354 redii,
2981 1289 3037 1341 et
3067 1285 3166 1357 qui
3198 1302 3232 1341 a
3261 1283 3423 1340 vobis
3471 1284 3690 1341 invitus

2037 1375 2450 1443 discesseram,
2470 1376 2625 1431 idem
2649 1392 2765 1431 non
2796 1375 3032 1442 invitus,
3059 1375 3159 1430 sed
3183 1374 3379 1430 animo
3403 1390 3687 1446 perquam

2039 1464 2236 1535 alacri,
2269 1464 2750 1537 spontaneisque,
2806 1468 2870 1520 ut
2917 1463 3032 1519 dici
3081 1463 3248 1534 solet,
3299 1463 3545 1534 pedibus
3593 1479 3687 1518 ac-

2039 1554 2216 1624 curri,
2250 1554 2469 1626 Spiritu
2516 1553 2740 1610 scilicet
2769 1570 2883 1623 me,
2917 1552 3078 1608 ﬂuvii
3127 1553 3436 1622 cujusdam
3467 1552 3525 1606 in
3558 1568 3690 1607 mo-

2040 1645 2204 1714 dum,
2236 1648 2462 1716 agente,
2495 1643 2595 1714 qui
2626 1660 2730 1714 per
2758 1641 2996 1698 acclivia
3025 1642 3262 1713 quidem
3296 1659 3409 1696 non
3442 1640 3557 1697 nisi
3588 1657 3688 1696 co-

2041 1738 2208 1788 actus
2242 1733 2444 1800 fertur,
2475 1749 2577 1803 per
2607 1749 2791 1803 prona
2821 1736 3014 1787 autem
3047 1735 3102 1786 et
3127 1730 3368 1787 declivia
3388 1729 3691 1785 celerrime

2040 1821 2276 1878 labitur.
2309 1823 2388 1877 Ac
2419 1823 2675 1894 profecto
2707 1821 2793 1877 vel
2827 1821 3036 1877 unicus
3067 1820 3191 1876 dies
3223 1819 3401 1875 totius
3433 1819 3558 1873 vitae
3590 1818 3696 1874 hu-

2045 1929 2227 1966 mana:
2258 1910 2445 1966 instar
2476 1914 2566 1966 est
2590 1909 2877 1966 desiderio
2911 1909 3333 1966 laborantibus.
3368 1908 3515 1964 Nam
3549 1906 3694 1962 illud

2044 2000 2389 2072 patriarchae
2410 2000 2588 2055 Jacob
2613 1998 2758 2054 mihi
2781 1998 2894 2054 alio
2925 2000 3099 2054 modo
3122 2015 3183 2054 se
3206 1997 3418 2053 habere
3443 1997 3695 2064 videtur,

2042 2090 2141 2162 qui
2201 2107 2305 2162 pro
2365 2089 2598 2144 duabus
2653 2087 2982 2160 virginibus
3025 2086 3463 2158 quatuordecim
3525 2086 3697 2142 annis

2043 2181 2240 2237 Laban
2271 2182 2413 2253 Syro
2444 2179 2724 2246 serviens,
2749 2179 3211 2250 haudquaquam
3242 2178 3440 2234 labore
3472 2178 3698 2250 frange-

2041 2271 2234 2326 batur.
2266 2272 2441 2325 Erant
2468 2271 2636 2337 cm’m,
2670 2268 2882 2340 inquit,
2917 2284 3100 2323 omnes
3130 2270 3220 2323 illi
3247 2269 3363 2324 dies
3394 2270 3552 2339 quasi
3580 2269 3699 2323 dies

2042 2377 2204 2429 unus,
2239 2359 2378 2430 quod
2407 2375 2599 2415 earum
2642 2372 2827 2413 amore
2875 2357 3221 2429 ﬂagraret“.
3255 2358 3434 2427 Cujus
3465 2356 3545 2412 rei
3574 2356 3697 2412 haec

2041 2449 2286 2504 fortasse
2329 2464 2507 2504 causa
2555 2451 2698 2514 erat,
2733 2445 2872 2518 quia
2927 2446 3011 2502 rei
3067 2446 3330 2518 expetitae
3378 2450 3694 2518 conspectu

2042 2539 2346 2594 fruebatur
2381 2553 2392 2594 :
2425 2537 2514 2592 vel
2551 2536 2747 2603 etiam,
2781 2535 2918 2608 quia
2965 2535 3108 2592 levis
3157 2540 3245 2592 est
3292 2537 3476 2592 amori
3505 2536 3692 2606 labor,

2040 2627 2275 2682 tametsi
2307 2626 2509 2683 dilatio
2538 2626 2667 2698 ipsa
2695 2624 3023 2682 molestiam
3057 2625 3276 2680 afferat.
3301 2625 3393 2681 Sic
3425 2624 3692 2680 videlicet

2043 2721 2254 2772 natura
2284 2719 2687 2788 comparatum
2718 2718 2827 2780 est,
2861 2717 2925 2768 ut
2954 2730 3022 2769 ea
3048 2713 3287 2786 segnius
3319 2717 3690 2785 appetamus,

2044 2806 2259 2878 quibus
2293 2805 2458 2860 facile
2497 2804 2794 2876 libereque
2839 2803 2952 2858 frui
3001 2802 3155 2871 licet,
3191 2803 3690 2874 quemadmodum

2041 2898 2306 2949 veterum
2330 2893 2570 2965 quidam
2595 2893 2926 2948 afﬁrmavit.
2951 2893 3236 2964 Equidem
3257 2892 3402 2964 ipse,
3419 2892 3691 2964 qui,cum

2044 2984 2335 3052 adessem,
2357 2983 2474 3038 vim
2506 2983 2684 3054 hujus
2717 2983 2958 3038 affectus
2980 2999 3188 3054 parum
3216 2982 3534 3037 admodum
3566 2998 3693 3038 sen-

2045 3072 2282 3137 tiebam,
2316 3076 2698 3144 posteaquam
2730 3088 2764 3128 a
2791 3071 2957 3126 vobis
2987 3069 3096 3141 disj
3108 3073 3318 3126 unctus
3350 3087 3506 3139 sum,
3529 3070 3691 3142 cupi-

2045 3160 2285 3216 ditatem
2319 3177 2716 3232 amoremque,
2750 3160 2979 3216 dulcem
3008 3163 3346 3231 tyrannum,
3379 3176 3693 3232 agnoscere

2041 3253 2218 3321 ccepi;
2255 3252 2408 3322 quod
2443 3250 2680 3322 quidem
2722 3267 2837 3306 non
2871 3253 2960 3305 est
3005 3266 3109 3305 cur
3158 3266 3372 3305 novum
3403 3249 3689 3306 videatur.

2041 3338 2268 3394 Etenim
2302 3339 2351 3394 si
2394 3339 2480 3394 vel
2514 3338 2806 3396 bubulcus
2837 3339 2909 3394 ob
2940 3336 3189 3394 vitulum
3238 3354 3424 3394 unum
3474 3339 3546 3393 ab
3598 3355 3688 3393 ar~

2041 3433 2237 3483 mento
2286 3428 2676 3497 aberrantem,
2709 3427 2798 3484 vel
2843 3432 3042 3500 pastor
3079 3428 3150 3483 ob
3183 3427 3465 3499 pecudem
3493 3443 3561 3483 ex
3591 3428 3688 3483 de-

2043 3520 2206 3576 nario
2254 3537 2498 3577 numero
2531 3519 2916 3591 deﬁcientem,
2948 3519 3037 3576 vel
3087 3519 3207 3576 avis
3264 3521 3336 3575 ob
3395 3519 3686 3589 nidulum,

2043 3626 2218 3680 quem
2251 3611 2323 3665 ad
2355 3611 2526 3665 breve
2546 3614 2780 3682 tempus
2811 3608 3065 3681 reliquit,
3087 3625 3274 3681 usque
3295 3610 3437 3665 adeo
3467 3609 3690 3664 discru-

2046 3698 2185 3753 ciari
2216 3697 2426 3765 solent,
2451 3703 2514 3754 ut
2536 3704 2592 3754 et
2617 3699 2719 3769 illi,
2744 3699 2992 3771 arreptis
3025 3699 3258 3766 fistulis,
3291 3699 3445 3754 473
3477 3699 3535 3753 in
3568 3715 3690 3770 spe-

2045 3788 2237 3843 culam
2266 3789 2585 3859 quamdam
2618 3788 2816 3855 evecti,
2850 3792 3086 3844 mmstos
3107 3788 3312 3843 inﬂent
3341 3787 3693 3854 calamos,et

2047 3877 2304 3947 palantia
2332 3877 2631 3942 animalia,
2664 3876 2831 3948 quasi
2861 3876 3088 3932 ratione
3121 3877 3382 3948 praedita,
3417 3884 3690 3945 evocent;

282 3981 351 4020 ac
381 3963 433 4019 si
465 3961 785 4035 paruerint,
815 3961 1094 4031 majorem
1146 3975 1214 4014 ex
1265 3958 1405 4030 illis,
1437 3975 1615 4030 quam
1645 3977 1714 4015 ex
1751 3960 1992 4033 reliquis
2023 3965 2311 4020 universis
2342 3966 2412 4020 de
2443 3965 2658 4036 quibus
2688 3965 2923 4022 solliciti
2983 3983 3098 4021 non
3158 3966 3410 4033 fuerant,
3446 3965 3696 4020 deleeta-

277 4055 502 4109 tionem
535 4050 886 4124 percipiant;
927 4049 1049 4105 haec
1095 4065 1230 4104 vero
1290 4048 1543 4104 stridens
1601 4049 1672 4104 ad
1730 4050 1936 4107 nidum
1993 4054 2276 4122 convolet,
2311 4055 2602 4127 pullisque
2661 4055 3050 4112 stridentibus
3109 4055 3422 4123 allabatur,
3478 4073 3696 4128 eosque

278 4144 495 4217 pennis
525 4144 713 4198 foveat
743 4158 757 4197 :
793 4144 1009 4212 quanto
1040 4139 1278 4195 tandem
1332 4137 1627 4196 chariores
1657 4157 1785 4195 esse
1813 4158 1920 4212 par
1947 4147 2037 4198 est
2066 4145 2219 4216 apud
2252 4145 2471 4200 bonum
2504 4162 2570 4201 ac
2602 4145 2937 4217 pervigilem
2985 4150 3280 4218 pastorem
3311 4163 3443 4202 oves
3477 4147 3699 4202 ratione

276 4233 580 4307 praeditas,
613 4237 670 4288 et
700 4247 802 4303 pro
833 4246 1085 4302 quarum
1113 4227 1303 4285 salute
1335 4227 1598 4286 nonnihil
1649 4228 1891 4300 periculi
1933 4233 2134 4301 subiit,
2165 4250 2300 4289 cum
2339 4233 2447 4290 hoc
2480 4251 2713 4306 quoque
2743 4235 2992 4291 acriores
3036 4235 3254 4292 amoris
3302 4237 3572 4292 ﬂammas
3601 4253 3698 4292 ex-

279 4323 473 4380 citet?

355 4417 428 4469 Γ¹.
463 4416 551 4472 Ὡς
599 4408 709 4484 ἐγὼ
759 4405 975 4463 δέδοικα
1026 4405 1120 4480 μὲν
1167 4403 1293 4467 τοὺς
1346 4406 1528 4480 βαρεῖς
1580 4404 1801 4475 λύκους,
1855 4409 1930 4481 μὴ
1960 4413 2007 4477 D

271 4502 382 4571 τήν
418 4498 782 4571 σκοτόμαιναν
823 4499 930 4571 (28)
961 4497 1122 4569 ἡμῶν
1176 4497 1533 4570 τηρήσαντες,
1563 4496 1662 4564 τήν
1695 4495 1936 4569 ποίμνην

277 4588 597 4666 σπαράξωσι
648 4585 834 4662 λόγοις
885 4588 1336 4662 συναροπακτικῖς
1362 4604 1422 4640 τε
1451 4586 1562 4658 (29)
1592 4585 1682 4640 καὶ
1719 4584 1936 4661 βιαίοιςο

355 4707 402 4743 ⁶¹⁵
430 4709 571 4763 Gen.
603 4720 782 4776 xxvn,
814 4704 904 4760 26.

284 4910 312 4930 ν
358 4840 474 4913 (19)
501 4837 775 4900 νΑναντες.
807 4838 902 4895 Sic
948 4836 1208 4910 plerique
1236 4835 1405 4893 codd.
1438 4836 1617 4894 Prave
1665 4836 1724 4892 in
1773 4837 1936 4910 edit.,

277 4929 346 4967 αν
354 4930 486 4966 ακτο
494 4929 519 4972 ς
527 4955 540 4967 .

358 4986 470 5056 (20)
504 4979 730 5056 Πρανές.
763 4982 858 5039 Sic
900 4984 1017 5036 tres
1066 4979 1269 5052 Regg.,
1303 4979 1476 5037 Coisl.
1510 4981 1561 5051 1,
1594 4983 1651 5036 et
1679 4979 1937 5037 Combef.

281 5050 749 5130 In'_ed'.,.'t'pavéq.

364 5120 760 5199 (21)”Ἑ⁵ιέρως.
795 5124 945 5184 Cois.
978 5125 1029 5193 1,
1062 5120 1168 5198 οὐχ
1200 5121 1415 5197 ἐτέρως.
1450 5122 1542 5178 Sic
1587 5121 1761 5178 etiam
1799 5121 1942 5195 legit

280 5197 566 5254 Ruﬁnus.

343 5215 566 5254 unnus

358 5272 472 5342 (22)
503 5264 783 5342 "ﬁliani.
835 5261 1080 5338 λυπηρὸν
1111 5262 1232 5342 ἔχῃ.
1265 5266 1397 5342 Haec
1444 5266 1657 5342 desunt
1701 5263 1940 5342 inuplu-

280 5336 464 5397 ribus
504 5341 671 5397 codd.
705 5337 819 5394 Nec
867 5336 1062 5394 tamen
1093 5336 1431 5410 a'Gregorio
1481 5340 1682 5392 nostro
1729 5336 1941 5410 aliena.

279 5413 662 5484 Augustinus
711 5410 868 5465 enim
899 5410 999 5484 lib.
1034 5411 1106 5465 De
1150 5408 1296 5465 bona
1317 5409 1636 5484 viduitatis,
1669 5413 1821 5484 tom_._
1845 5408 1942 5484 Vl,

283 5479 433 5557 pag.
464 5484 592 5557 384,
623 5484 890 5557 eamdem
922 5483 1039 5538 fere
1077 5481 1429 5557 sententiam
1471 5481 1647 5537 habet
1679 5498 1692 5534 :
1718 5503 1745 5557 ε(
1776 5479 1946 5536 Nullo

284 5553 498 5623 inddo,
530 5553 738 5625 inquit,
771 5558 912 5610 sunt
957 5554 1186 5610 onerosi
1235 5553 1464 5609 labores
1514 5553 1938 5609 amantium...

283 5628 448 5701 Nam
480 5627 540 5683 in
570 5642 636 5683 eo
666 5627 821 5698 quod
850 5631 1103 5701 amatur,
1131 5628 1233 5684 aut
1262 5641 1380 5683 non
1409 5625 1728 5693 laboratur,
1761 5629 1864 5682 aut
1893 5627 1951 5681 et

281 5700 466 5759 labor
495 5702 746 5760 amatur.
772 5720 802 5750 ››

2111 4411 2206 4466 ΙΙΙ.
2241 4411 2526 4482 Equidem
2559 4412 2685 4484 ipse
2709 4428 2912 4484 graves
2946 4417 3002 4470 et
3034 4418 3259 4471 atroces
3291 4415 3460 4487 lupos
3491 4414 3694 4482 timeo,

2053 4515 2144 4566 ne,
2180 4500 2429 4572 caligine
2478 4507 2678 4557 nostra
2727 4503 3050 4570 observata,
3097 4504 3289 4575 rapaci
3335 4521 3400 4560 ac
3446 4503 3698 4561 violenta

2052 4589 2315 4646 doctrina
2343 4605 2581 4663 gregem
2604 4589 2942 4648 dilacerent.
2969 4594 3387 4665 Intempestam
3412 4593 3568 4650 enim
3601 4610 3702 4650 no-

2117 4838 2230 4912 (23)
2275 4837 2462 4915 Οὕτως
2519 4859 2582 4894 το
2637 4835 2883 4915 ἕτοιμον,
2931 4845 3039 4898 etc.
3103 4842 3552 4915 Pliniusepist.
3603 4845 3696 4913 20,

2045 4909 2146 4966 115.
2180 4909 2420 4989 vi_II,__ait
2454 4929 2466 4967 :
2495 4933 2522 4963 ε(
2553 4909 2828 4989 omnium
2860 4909 3055 4969 rerum
3101 4915 3313 4988 cupido
3344 4909 3694 4989 languescit,

2049 4999 2182 5039 cum
2217 4983 2407 5039 facilis
2439 4985 2668 5040 occasio
2698 4989 2808 5041 est.
2830 5007 2859 5034 »

2144 5055 2235 5129 24)
2262 5059 2348 5108 ἹΙν
2376 5073 2445 5107 κα
2476 5054 2869 5129 μένηεὲἡνίκα
2916 5051 2996 5112 δέ.
3039 5057 3134 5113 Sic
3182 5058 3380 5129 plures
3423 5059 3591 5115 codd.
3635 5058 3700 5116 In

2050 5126 2141 5181 ed.
2179 5124 2392 5181 desunt
2428 5124 2519 5192 μὲν
2554 5133 2611 5183 et
2641 5124 2716 5182 δέ.

2125 5198 2233 5268 (25)
2266 5196 2478 5268 Καινόν.
2513 5200 2652 5268 Reg.
2686 5200 2806 5266 bII],
2841 5198 2929 5252 καὶ
2969 5198 3170 5255 καινόνο

2122 5270 2234 5340 (26)
2264 5267 2576 5340 Ἀπέλι-πεν.
2600 5267 2748 5340 Reg.
2782 5272 2902 5338 bm,
2934 5269 3243 5327 κατέλιπεν.

2125 5338 2236 5424 (2η
2265 5338 2621 5424 Τέῷσφίλτρῳ.
2656 5338 2750 5400 Sic
2809 5343 2950 5416 Reg.
2984 5344 3104 5417 bm,
3151 5345 3246 5400 Or.
3298 5343 3324 5397 1
3385 5346 3442 5398 et
3495 5342 3696 5399 Comb.

2053 5415 2222 5466 Deest
2249 5414 2328 5483 τῷ
2358 5414 2417 5468 iri
2446 5414 2586 5469 edit.

2148 5484 2239 5558 28)
2273 5483 2662 5557 Σκοτόμαιναν.
2696 5490 2865 5542 Leuv.
2898 5487 3088 5558 vertit,
3119 5507 3140 5536 ι
3175 5485 3578 5542 interlunium.
3606 5507 3635 5535 ››

2273 5561 2733 5635 Συ-ναρπακτικοξς
2788 5577 2866 5613 τε.
2921 5559 3059 5632 Reg.
3119 5559 3698 5635 ὺω,,σπαρακτικοῖς.

2056 5628 2228 5685 Deest
2255 5648 2312 5682 τε
2342 5629 2401 5685 in
2422 5628 2662 5688 duobus
2689 5634 2867 5706 Regg.
