4056 6274
1 0 10 8 v

0 25 14 40 ‘.'

1 81 10 88 .

1 107 10 120 ’\

1 123 12 132 α

1 267 8 278 1

0 385 8 392 v

21 923 72 1024 2i

29 1107 34 1114 -
51 1095 68 1120 'i

39 1241 63 1416 ἐ

25 1441 62 2202 ἰ

37 1643 50 1664 ξ

45 2205 58 2284 ἢ

51 2295 56 2348 ἓ

45 2353 55 2376 3

47 2447 54 2514 ῃ

45 2563 51 2608 i

373 339 526 406 1231
1613 340 1679 402 S.
1725 340 2021 402 GREGOF

2142 339 2537 405 THEOLOGI
3633 343 3766 404 1232

374 482 526 532 ctem
561 477 817 548 captant,
843 473 998 544 quod
1039 472 1230 546 palam
1274 477 1586 546 aperteque
1614 472 1759 529 nihil
1793 473 2019 530 efﬁcere

2135 471 2320 541 ἐπειδὴ
2351 475 2444 535 τάς
2474 471 2720 548 ἀκαιρίας
2903 475 3154 548 τηροῦσι,
3185 470 3248 528 τὰ
3295 474 3542 551 φανερῶς
3575 472 3762 549 ἰσχύειν

375 565 621 638 possint.
652 565 825 618 Fures
856 562 1028 618 etiam
1058 579 1122 618 ac
1143 562 1396 619 latrones
1427 568 1643 630 metuo,
1669 578 1740 619 ne
1772 579 1874 634 per
1895 581 2026 617 cau-

376 653 494 709 lam
533 652 952 718 transilientos,
986 657 1087 708 aut
1113 652 1442 722 impudenti
1474 657 1650 724 atque
1681 656 1878 723 aperto
1910 653 2023 707 im-

378 747 516 815 petu
551 759 683 798 oves
712 741 1011 812 diripiant,
1035 745 1133 796 aut
1166 742 1362 794 tux-tim
1397 741 1790 812 intercipiunt,
1819 745 1882 795 ut
1910 759 2026 796 ma-

380 836 562 898 ctent,
601 835 661 886 et
698 829 996 902 jugulent,
1047 844 1113 884 ac
1161 829 1409 900 perdant
1430 831 1494 896 εδ,
1528 829 1821 900 rapientes
1869 830 2024 901 rapi-

379 937 508 987 nas,
541 925 598 976 et
626 922 855 976 animas
885 920 1275 986 comedentes,
1311 923 1376 974 ut
1415 918 1697 990 propheta
1729 919 2023 990 quispiam

376 1010 587 1066 cecinit
610 1011 673 1064 5".
705 1008 852 1074 Quin
885 1008 1060 1063 etiam
1101 1008 1246 1063 illud
1278 1024 1496 1077 vereor,
1531 1026 1602 1063 ne
1633 1009 1767 1079 quis
1796 1025 2024 1077 eorum,

378 1100 478 1170 qui
509 1098 630 1153 heri
651 1103 708 1152 et
737 1098 1168 1152 nudiustertius
1191 1113 1224 1151 a
1247 1097 1415 1152 nobis
1437 1098 1688 1163 stabant,
1715 1098 2025 1168 angustius

373 1188 593 1242 ostium
624 1187 781 1242 haud
815 1188 1082 1241 clausum
1115 1191 1342 1255 nactus,
1377 1202 1442 1241 ac
1473 1203 1574 1257 per
1606 1185 2024 1242 familiaritatis

374 1275 630 1347 speciem
663 1275 988 1346 ingressus,
1016 1275 1136 1344 jam
1178 1278 1244 1328 ut
1283 1275 1511 1330 alienus
1542 1274 1786 1329 insidias
1819 1274 2021 1329 molia-

371 1368 489 1419 tur.
524 1362 717 1419 Multae
749 1363 902 1418 enim
934 1363 1221 1433 variaeque
1254 1364 1403 1433 ejus,
1427 1361 1527 1433 qui
1558 1363 1898 1434 hujusmodi
1931 1378 2023 1419 res

373 1453 431 1508 in
454 1452 762 1508 hominum
785 1451 1013 1508 animos
1035 1451 1324 1520 immittit,
1350 1455 1502 1506 artes
1528 1455 1585 1506 et
1605 1450 1829 1506 insidiae
1853 1457 2018 1519 sunt;

375 1559 480 1598 nec
514 1541 827 1614 quisquam
858 1547 978 1596 tam
1009 1538 1193 1596 solers
1236 1545 1326 1596 est
1375 1557 1568 1595 rerum
1602 1540 1892 1595 variarum
1925 1557 2022 1596 ar-

375 1631 684 1702 chitectus,
735 1647 909 1702 quam
971 1630 1192 1702 peritus
1237 1629 1364 1685 vitii
1423 1628 1625 1684 artifex
1683 1633 1770 1685 est
1827 1633 2024 1686 noster

375 1720 766 1778 adversarius.
798 1721 927 1776 Jam
965 1719 1108 1774 mihi
1141 1736 1374 1790 quoque
1423 1718 1692 1774 timorem
1749 1719 2022 1789 injiciunt

375 1827 570 1880 canes,
601 1826 704 1881 per
732 1809 850 1863 vim
896 1811 955 1862 in
988 1814 1286 1880 pastorum
1317 1807 1562 1863 classem
1604 1809 2017 1879 irrumpentes,

372 1898 738 1972 idque,quod
771 1897 1092 1953 absurdum
1117 1896 1279 1952 valde
1305 1901 1410 1966 est,
1436 1913 1571 1951 cum
1603 1897 1672 1951 ad
1707 1897 2017 1968 pastoralis

370 1987 633 2043 muneris
664 1984 1228 2041 administrationem
1250 1984 1397 2039 nihil
1421 1983 1658 2041 omnino
1691 1985 1846 2041 aliud
1879 2002 2014 2041 con-

366 2076 819 2147 tulerint,quam
844 2075 998 2146 quod
1030 2089 1278 2143 comam,
1301 2074 1392 2129 cui
1425 2075 1699 2130 ornandae
1721 2078 1776 2130 et
1798 2073 2016 2130 alendae

366 2165 616 2238 turpiter
664 2163 1032 2231 studuerant,
1066 2168 1364 2230 raserunt;
1397 2163 1498 2234 qui
1539 2179 1642 2219 uec
1693 2163 1752 2217 in
1803 2179 2015 2218 canum

367 2253 569 2310 ordine
598 2256 966 2319 manserunt,
1001 2267 1105 2306 nec
1137 2255 1400 2323 pastores
1448 2251 1578 2306 facti
1615 2255 1774 2316 sunt,
1807 2251 1922 2306 nisi
1953 2255 2019 2306 ut

367 2343 592 2400 lanient
619 2347 677 2400 et
693 2342 1056 2415 dispergant,
1079 2347 1253 2413 atque
1277 2340 1524 2397 aliorum
1559 2340 1786 2396 labores
1816 2340 2020 2396 infrin-

370 2437 530 2505 gant.
555 2432 1037 2503 Quandoquidem
1061 2430 1288 2486 facilius
1309 2447 1540 2502 semper
1559 2435 1648 2485 est
1667 2430 2018 2485 labefactare

371 2539 439 2578 ac
461 2522 720 2592 perdere,
744 2536 922 2591 quam
944 2534 1284 2575 conservare
1313 2535 1325 2573 :
1353 2523 1408 2573 et
1438 2517 1622 2574 labori
1654 2518 1888 2588 quidem
1920 2519 2017 2573 ho-

373 2627 470 2666 mo
493 2611 775 2677 nascitur,
800 2608 1297 2679 quemadmodum
1323 2607 1403 2662 ait
1431 2609 1538 2662 Job
1559 2608 1622 2673 ⁶⁸,
1648 2613 1704 2662 et
1735 2608 1895 2662 navis
1927 2622 2018 2662 ex-

373 2700 640 2766 struitur,
660 2703 716 2753 et
737 2699 946 2752 domus
967 2697 1314 2764 aedificatur;
1339 2695 1660 2750 interﬁcere
1681 2700 1897 2765 autem,
1916 2700 2018 2750 aut

372 2793 646 2854 evertere,
680 2793 783 2842 aut
835 2787 1146 2842 incendere
1195 2784 1388 2856 quivis
1444 2785 1611 2839 facile
1669 2788 1878 2856 potest.
1936 2787 2015 2840 Ac

369 2877 614 2949 proinde
644 2893 716 2932 ne
746 2891 902 2930 nunc
941 2873 1178 2946 quidem
1211 2873 1562 2929 insolentius
1594 2889 1720 2928 sese
1749 2873 2012 2944 efferant,

368 2967 468 3038 qui
514 2981 688 3021 canes
743 2966 1022 3020 adversus
1077 2979 1314 3035 gregem
1367 2962 1753 3031 concitarunt,
1783 2963 1882 3032 qui
1941 2979 2012 3017 ne

367 3057 652 3114 oviculam
702 3055 936 3127 quidem
995 3071 1171 3110 unam
1226 3054 1480 3126 proferre
1529 3057 1798 3125 possunt,
1833 3069 2009 3124 quam

365 3147 731 3213 adduxerint,
764 3145 853 3200 vel
885 3143 1282 3200 conservarint
1322 3143 1435 3197 Nec
1459 3143 1614 3196 enim
1641 3148 1793 3196 recte
1826 3143 2010 3197 facere

2050 1858 2098 1924 B

2136 562 2233 616 οὐκ
2275 559 2508 638 ἔχοντες.
2561 561 2788 618 Δέδοικα
2841 559 2899 616 δὲ
2943 561 3072 624 τοὺς
3132 561 3333 629 ληστάς
3389 561 3482 617 καὶ
3525 561 3766 635 κλέπτας,

2138 653 2213 722 μὴ
2257 648 2345 705 διὰ
2390 659 2492 721 τῆς
2545 651 2717 720 αὐλῆς
2769 646 3117 727 ὑπερϐάντες,
3159 652 3196 720 ἢ
3242 649 3484 723 ἀναιδείᾳ
3534 650 3766 722 συλήσω-

2135 761 2236 811 σιν,
2271 741 2305 808 ἢ
2368 737 2437 793 δι’
2495 740 2703 811 ἀπάτης
2759 739 3057 813 κλέψωσιν,
3113 739 3249 794 ὥστε
3291 742 3467 812 θῦσαι,
3517 741 3606 796 καὶ
3653 741 3767 795 ἀπο-

2132 834 2357 901 κτεῖναι,
2397 829 2486 883 καὶ
2538 828 2821 898 ἀπολέσαι,
2856 829 3184 905 ἁρπάζοντες
3217 828 3566 905 ἁρπάγματα,
3601 830 3765 906 ψυχὰς

2131 918 2518 984 κατεσθίοντες,
2555 917 2628 982 ὥς
2659 939 2742 980 τις
2793 917 2894 994 ἔφη
2950 924 3058 973 τῶν
3104 924 3424 997 προφητῶν.
3473 917 3691 974 Δέδοικα
3718 917 3768 974 δὲ

2130 1007 2230 1075 τὴν
2280 1007 2608 1082 παράθυρον,
2675 1009 2750 1078 μή
2811 1027 2891 1069 τις
2944 1005 3224 1063 ἄκλειστον
3278 1009 3449 1081 εὑρὼν
3496 1013 3602 1062 τῶν
3649 1010 3767 1084 χθὲς

2131 1096 2414 1171 ἡμετέρων
2458 1100 2564 1167 (31)
2620 1097 2709 1150 καὶ
2757 1097 2970 1168 πρώην,
3022 1099 3134 1151 εἶτα
3180 1097 3256 1159 ὡς
3308 1093 3446 1158 ἴδιος
3498 1096 3766 1168 εἰσελθὼν,

2132 1178 2490 1258 ἐπιϐουλεύσῃ
2539 1185 2613 1246 ὡς
2659 1183 2973 1260 ἀλλότριος.
3010 1184 3227 1241 Ιιολλαὶ
3257 1187 3358 1261 γὰρ
3402 1186 3492 1240 καὶ
3531 1185 3769 1240 ποικίλαι

2129 1276 2226 1326 τοῦ
2255 1274 2321 1327 τὰ
2349 1278 2571 1327 τοιαῦτα
2628 1273 2977 1348 ἐνεργοῦντος
3024 1275 3078 1328 αἱ
3130 1272 3426 1347 μεθοδεῖαι·
3473 1275 3563 1330 καὶ
3603 1273 3768 1335 οὐδεὶς

2131 1360 2304 1422 οὕτως
2354 1361 2687 1437 ἀρχιτέκτων
2743 1360 2962 1424 οὐδενὸς
3005 1368 3109 1418 τῶν
3157 1363 3449 1435 ποικίλων,
3503 1363 3578 1425 ὡς
3625 1384 3768 1442 σοφι-

2132 1449 2260 1518 στὴς
2291 1450 2478 1512 κακίας
2528 1452 2556 1505 ὁ
2608 1451 3002 1525 ἀντικείμενος.
3053 1449 3278 1507 Δὲδοικα
3327 1449 3383 1506 δὲ
3412 1450 3521 1522 ἤδη
3563 1452 3651 1507 καὶ
3681 1451 3768 1507 κύ-

2127 1559 2222 1600 νας
2467 1541 2732 1613 ποιμένας
2791 1541 2923 1596 εἶναι
2989 1541 3370 1616 βιαζομένους,
3428 1541 3518 1596 καὶ
3564 1543 3628 1595 τὸ
3668 1543 3770 1614 (33)

2128 1626 2456 1704 παράδοξον,
2505 1627 2657 1684 οὐδὲν
2709 1629 2786 1692 εἰς
2835 1633 3200 1704 ποιμαντικήν
3263 1630 3681 1707 εἰσενεγκόντας,
3735 1631 3769 1700 ἢ

2127 1717 2189 1771 τὸ
2245 1723 2418 1792 κεῖραι
2493 1714 2667 1792 κόμας
2699 1763 2717 1787 ,
2771 1718 2832 1781 ἆς
2907 1724 3086 1782 κακῶς
3164 1717 3409 1791 ἤσκησαν
3455 1739 3467 1752 ⁸
3530 1720 3582 1774 οἳ
3644 1722 3775 1793 μήτε

2127 1805 2282 1867 κύνες
2313 1808 2425 1879 (34)
2456 1805 2690 1880 ἔμειναν,
2726 1810 2864 1881 μήτε
2908 1810 3163 1882 ποιμένες
3202 1809 3474 1884 γεγόνασι,
3507 1809 3656 1879 πλὴν
3682 1814 3773 1864 τοῦ

2128 1895 2410 1970 σπαράξαι,
2471 1898 2558 1951 καὶ
2615 1895 2919 1972 διασπεῖραι
2981 1900 3116 1972 (35),
3173 1900 3264 1953 καὶ
3315 1897 3568 1954 διαλῦσαι
3611 1899 3772 1954 κόπον

2128 1983 2440 2054 ἀλλότριον.
2476 1985 2695 2055 Ἐπειδὴ
2730 1989 2855 2063 ῥᾷον
2910 1988 2989 2043 ἀεὶ
3037 1991 3100 2043 τὸ
3149 1986 3475 2066 διαφθείρειν
3528 1994 3624 2044 τοῦ
3657 2011 3771 2043 συν-

2122 2079 2330 2149 τηρεῖν
2385 2075 2473 2128 καὶ
2524 2082 2770 2150 γεννᾶται
2821 2077 2916 2149 μὲν
2966 2078 3250 2154 ἄνθρωπος
3309 2079 3486 2153 κόπῳ,
3542 2079 3701 2157 φησὶν
3743 2080 3772 2133 ὁ

2126 2158 2271 2234 Ἰὼϐ,
2319 2164 2409 2218 καὶ
2457 2171 2806 2242 ναυπηγεῖται
2865 2171 3010 2236 ναῦς,
3065 2168 3155 2222 καὶ
3217 2167 3365 2224 οἰκία
3423 2168 3720 2223 συνίσταται
3755 2186 3768 2201 ⁸

2125 2252 2441 2306 ἀποκτεῖναι
2500 2251 2576 2323 δὲ,
2627 2254 2662 2322 ἢ
2711 2253 3005 2310 καταλῦσαι
3057 2257 3190 2329 (36),
3241 2257 3277 2325 ἢ
3331 2256 3626 2332 ἐμπρῆσαι,
3680 2262 3773 2311 τοῦ

2130 2340 2471 2417 βουλομένου
2519 2339 2741 2405 παντός.
2789 2347 2948 2398 Ὥστε
2994 2341 3134 2418 μηδὲ
3175 2349 3266 2400 νῦν
3317 2346 3453 2422 μέγα
3481 2345 3772 2422 φρονείτω-

2126 2451 2217 2484 σαν
2274 2432 2326 2485 οἱ
2380 2436 2449 2504 τῇ
2498 2432 2701 2506 ποίμνῃ
2767 2433 2897 2496 τοὺς
2967 2433 3129 2496 κύνας
3180 2433 3662 2505 ἐπαναστήσαντες,
3720 2433 3775 2489 o'i'.

2124 2514 2395 2594 πρόϐατον
2449 2521 2543 2593 μὲν
2593 2518 2647 2574 ἓν
2700 2521 2798 2576 οὐκ
2844 2520 2903 2576 ἂν
2950 2519 3129 2598 ἔχοιεν
3163 2523 3355 2595 εἰπεῖν,
3389 2524 3462 2586 ὡς
3493 2527 3774 2598 προσήγαο

2122 2629 2235 2684 γον,
2288 2608 2322 2678 ἥ
2374 2607 2632 2665 διέσῶσαν
2655 2630 2666 2642 ·
2721 2611 2782 2666 οὐ
2812 2613 2912 2688 γὰρ
2945 2609 3144 2684 ἔμαθον
3177 2610 3346 2667 καλὸν
3374 2618 3571 2685 ποεῖιν,
3605 2634 3775 2683 πονη-

2125 2698 2239 2772 ρίαν
2300 2695 2643 2768 ἄσκήσαντες.
2704 2699 2768 2755 Εἰ
2829 2697 2884 2754 δὲ
2947 2702 3046 2771 τὴν
3118 2701 3356 2775 ποίμνην
3423 2703 3772 2778 ταράσσουσι,

2121 2791 2281 2841 τοῦτο
2329 2789 2419 2841 καὶ
2471 2787 2607 2857 ζάλη
2664 2789 2849 2864 μικρὰ,
2891 2795 3051 2845 τοῦτο
3083 2791 3172 2845 καὶ
3202 2791 3363 2854 νόσος
3392 2790 3580 2865 ὀλίγη,
3613 2796 3771 2846 τοῦτο

2120 2875 2209 2930 καὶ
2258 2876 2444 2951 Θηρίον
2499 2877 2549 2930 ἓν
2600 2877 2808 2950 ἀθρόως
2858 2876 3130 2934 ἐπιπεσόν.
3174 2882 3463 2950 Στήτωσαν
3499 2877 3588 2933 οὖν
3621 2881 3671 2933 οἱ
3700 2883 3768 2952 τῇ

2121 2965 2320 3018 ἑαυτῶν
2385 2963 2612 3039 αἰσχύνῃ
2675 2965 3178 3042 μεγαλαυχούμενοι
3215 2988 3227 3001 ·
3288 2968 3376 3022 καὶ
3436 2970 3768 3041 παυσάμενοι

2116 3060 2216 3123 τῆς
2289 3052 2498 3123 κακίας,
2575 3053 2632 3107 ἃν
2713 3052 2812 3130 ἄρα
2871 3053 3152 3127 δύνωνται,
3220 3059 3766 3131 προσκυνησάτωσαν,

2118 3141 2206 3194 xvi
2267 3141 2741 3216 προσπεσέτωσαν,
2798 3144 2889 3197 καὶ
2948 3145 3335 3200 κλαυσάτωσαν
3393 3145 3622 3200 ἐναντίον
3671 3149 3781 3202 Κυ-

367 3237 716 3302 didicerunt,
749 3251 878 3290 cum
909 3233 1344 3305 improbitatem
1391 3231 1652 3286 studiose
1683 3230 2008 3286 coluerunt.

2135 3229 2247 3283 σίου
2274 3235 2370 3284 τοῦ
2418 3232 2745 3300 ποιήσαντος
2773 3231 2988 3301 αὐτοὺς,
3021 3233 3110 3287 καὶ
3140 3237 3208 3307 τῇ
3240 3234 3447 3309 ποίμνῃ
3482 3236 3777 3311 μιχθήτω-

373 3328 528 3382 474
558 3326 719 3390 Quod
769 3325 819 3379 si
868 3339 1101 3396 gregem
1138 3323 1504 3392 perturbant,
1537 3320 1689 3374 idem
1741 3323 1797 3375 et
1844 3336 2021 3391 parva

2135 3339 2245 3388 σαν,
2277 3319 2394 3372 ὃσοι
2431 3321 2504 3392 μή
2538 3318 2816 3382 παντελῶς
2849 3321 3074 3379 ἀνίατοι.

370 3420 691 3488 tempestas
720 3414 946 3470 efficere
967 3415 1178 3485 potest,
1199 3410 1354 3465 idem
1387 3415 1443 3465 et
1471 3409 1715 3480 exiguus
1748 3410 2010 3476 morbus,
2033 3408 2185 3464 idem
2218 3414 2273 3465 et
2306 3410 2489 3466 bestia
2515 3427 2634 3466 una
2655 3416 2890 3482 repente
2920 3412 3166 3468 irruens.
3193 3414 3512 3470 Cohibeant
3537 3430 3672 3487 ergo
3699 3430 3788 3481 se,

377 3506 473 3577 qui
507 3523 574 3561 ex
602 3503 922 3577 ignominia
952 3518 1059 3558 sua
1089 3499 1372 3572 gloriandi
1407 3515 1612 3554 ansam
1640 3498 1960 3568 arripiunt;
1995 3503 2169 3569 atque
2201 3499 2557 3571 improbitati
2591 3517 2730 3570 suae,
2756 3501 2801 3555 si
2837 3502 3071 3572 quidem
3105 3504 3356 3572 possint,
3389 3505 3564 3560 finem
3594 3503 3794 3576 impo-

375 3600 604 3665 nentes,
637 3596 899 3660 adorent,
931 3595 990 3646 et
1020 3589 1338 3662 procident,
1372 3593 1428 3644 et
1462 3587 1690 3659 plorent
1721 3602 1918 3644 coram
1948 3587 2194 3644 Domino
2225 3589 2324 3660 qui
2359 3589 2494 3644 fecit
2521 3605 2619 3644 eos
2639 3591 2703 3657 ⁸9,
2739 3591 3016 3663 gregique
3047 3594 3466 3666 adjungantur,
3498 3599 3804 3666 quotquot

4053 3176 4056 3234 Ἐ

389 3703 502 3742 non
537 3689 676 3742 sunt
705 3682 944 3739 omnino
974 3677 1352 3734 insanabiles

454 3775 546 3830 IV.
580 3774 698 3828 Hoc
719 3787 824 3844 ego
854 3769 952 3826 ille
975 3767 1220 3823 timidus
1251 3769 1450 3838 pastor
1470 3769 1525 3820 et
1547 3763 2026 3836 circumspectus,
2062 3772 2106 3833 υ

383 3878 631 3936 eamque
651 3862 724 3916 ob
748 3875 983 3916 causam
1011 3855 1319 3920 cautionis,
1343 3859 1641 3926 tamquam
1665 3854 1906 3924 ignaviae
1930 3870 2029 3909 no-

382 3958 503 4010 tam
536 3952 795 4009 subiens.
825 3949 951 4004 Non
996 3947 1148 4001 enim
1180 3950 1377 4017 pastor
1405 3960 1536 3999 sum
1567 3959 1636 3998 ex
1665 3959 1864 3998 eorum
1916 3960 2024 3998 nu-

383 4059 544 4098 mero
577 4040 891 4112 quispiam,
926 4037 1026 4107 qui
1085 4037 1170 4090 lac
1217 4033 1552 4098 comedunt,
1585 4036 1643 4086 et
1690 4031 1842 4087 lanis
1888 4047 2024 4102 ope-

380 4133 634 4196 riuntur,
666 4134 723 4185 et
755 4127 910 4200 quod
943 4141 1203 4180 crassum
1235 4127 1324 4179 est
1347 4121 1623 4194 jugulant
1641 4121 1706 4190 7°,
1731 4137 1797 4176 ac
1829 4119 2024 4176 labore

381 4219 718 4288 conﬁciunt,
745 4220 844 4271 aut
874 4215 1152 4277 vendunt,
1177 4216 1233 4267 et
1276 4212 1482 4266 dicunt
1515 4228 1526 4264 :
1561 4209 1880 4264 Benedictus
1912 4210 2020 4263 Do-

378 4311 587 4379 minus,
618 4308 753 4379 quia
791 4306 989 4360 divites
1035 4304 1178 4374 facti
1205 4317 1392 4355 sumus
1413 4302 1487 4366 71;
1517 4299 1616 4370 qui
1648 4298 1872 4369 seipsos
1922 4315 2020 4367 pa-

378 4403 573 4466 scunt,
605 4403 661 4453 et
699 4411 813 4451 non
863 4409 1020 4459 oves,
1052 4391 1098 4446 si
1151 4389 1569 4462 prophetarum
1615 4404 1780 4443 voces
1832 4403 2020 4442 recor-

377 4486 622 4553 damini,
657 4484 873 4558 quibus
903 4480 986 4535 illi
1031 4480 1092 4534 in
1121 4479 1308 4534 malos
1339 4483 1601 4550 pastores
1628 4476 2016 4544 invehuntur;

373 4594 575 4633 verum
613 4592 679 4631 ex
710 4572 828 4628 illis
858 4571 1074 4644 potius,
1107 4569 1205 4640 qui
1252 4584 1386 4623 cum
1436 4566 1612 4621 Paulo
1644 4566 1835 4620 dicere
1885 4581 2018 4635 pos-

374 4669 515 4726 sunt
548 4683 560 4720 :
595 4665 736 4736 Qui:
762 4663 1100 4732 inﬁrmat-ur,
1133 4660 1186 4712 et
1218 4671 1329 4713 non
1371 4657 1667 4726 inﬁrmor?
1698 4654 1828 4722 Quis
1855 4670 2019 4708 scan-

442 4793 486 4828 “
513 4791 681 4849 Joan.
730 4805 785 4857 x,
840 4787 924 4841 10.
1000 4782 1279 4838 6"Ezech.
1339 4799 1476 4851 XXII,
1535 4781 1624 4835 25.
1701 4779 1746 4814 ⁸⁸
1773 4778 1884 4834 Job
1939 4795 1996 4846 v,
2055 4777 2110 4832 7.

370 4880 450 4937 XI,
478 4866 532 4920 5.

443 4989 552 5060 (30)
581 4985 682 5042 Τὰς
717 4979 986 5060 ἀκαιρίας,
1020 4981 1433 5060 ((Ᾱηίθῐῐὶμϐβὶςὶ
1463 4980 1745 5060 tempora:
1773 4997 1802 5060 ξ)
1837 4973 2014 5029 Intel-

367 5046 499 5134 lig‘it
529 5046 1300 5134 GregoriusCatholi‘coru‘m
1333 5053 1485 5104 inter
1513 5064 1576 5129 se
1606 5046 1868 5134 dissidta.

438 5117 551 5202 (31)
584 5117 718 5191 Χόἓς
751 5126 1052 5202 ἡμετέρων.
1084 5123 1256 5202 Notat
1291 5135 1410 5188 cos,
1444 5119 1542 5192 qui
1583 5135 1716 5173 cum
1763 5117 2013 5174 Maximo

364 5199 794 5273 contraipsum
827 5199 1284 5273 insurrexerunt.
1333 5262 1364 5273 η
1612 5261 1626 5273 .
1689 5260 1741 5273 η
1826 5259 1835 5268 ,

436 5277 544 5344 (32)
580 5260 675 5325 Καὶ
732 5261 1077 5344 κύναςηὲιε
1128 5264 1256 5344 llic.
1298 5261 1502 5316 alludit
1559 5261 1627 5315 ad
1688 5260 2008 5344 Maaimum

361 5333 659 5420 Cynicum.
691 5343 814 5396 Vox
863 5335 1368 5420 enim‘a‘Uynilcus
1398 5356 1425 5384 ››
1461 5351 1499 5416 a
1533 5349 1747 5420 canum
1795 5333 2008 5385 latratu

357 5404 720 5481 desumitur;
774 5412 928 5483 quod
986 5404 1317 5483 philosophi
1374 5405 1558 5476 cynici
1617 5404 2008 5483 undequaque

357 5474 749 5552 oblatrabant,
782 5474 840 5540 et
869 5474 1045 5537 com-aa
1095 5474 1316 5535 alen'dte
1349 5474 1709 5531 et'ornandaa
1759 5474 2009 5544 turpiter

358 5562 694 5616 studebant.

428 5634 538 5700 (33)
570 5628 663 5700 ιςᾳῖ
692 5625 780 5681 τό.
815 5626 954 5700 Reg.
987 5623 1107 5690 brn,
1143 5618 1174 5674 ὅ
1203 5640 1314 5700 καιἶ
1369 5689 1380 5700 .
1569 5687 1580 5697 Ι

428 5689 537 5778 (34)
569 5697 635 5754 O't
688 5700 826 5771 μήτε
870 5689 1047 5766 κύνες,
1082 5689 1189 5749 etc.
1222 5712 1243 5740 «
1278 5689 1385 5756 Qui
1416 5704 1518 5744 nec
1566 5689 1624 5742 in
1665 5701 1876 5742 canum
1911 5703 2002 5743 or-

2209 3764 2278 3818 Δ’,
2326 3768 2499 3818 Ταῦτα
2547 3765 2574 3817 ὁ
2620 3762 2798 3828 δειλὸς
2848 3765 2952 3842 ἐγὼ
2995 3769 3204 3840 ποιμὴν
3252 3769 3342 3823 καὶ
3392 3790 3799 3844 περιεσκεμμε-

2135 3871 2248 3918 νος,
2281 3852 2368 3905 καὶ
2403 3850 2491 3906 διὰ
2536 3857 2698 3907 τοῦτο
2740 3854 2839 3922 τὴν
2883 3855 3176 3933 ἀσφάλειαν
3210 3857 3287 3919 ὡς
3327 3856 3590 3933 ῥᾳθυμίαν
3637 3858 3803 3934 ἐγκα-

2137 3939 2423 4012 λούμενος.
2474 3940 2551 3997 Οὐ
2599 3945 2700 4018 γάρ
2751 3942 2866 4015 εἰμι
2914 3946 3124 4017 ποιμὴν
3177 3945 3394 4000 ἐκείνων
3439 3967 3523 4008 τις
3568 3951 3676 4001 τῶν
3727 3948 3796 4002 τὸ

2135 4028 2279 4103 γάλα
2331 4029 2745 4100 κατεσθιόντων,
2803 4031 2894 4086 καὶ
2945 4034 3012 4086 τὰ
3070 4032 3188 4108 ἔρια
3263 4030 3792 4110 περιϐαλλομένων,

2133 4115 2224 4172 καί
2270 4119 2332 4173 τὸ
2378 4119 2528 4193 παχὺ
2579 4119 2910 4197 σφαζόντων,
2975 4119 3065 4175 καί
3125 4121 3323 4197 μόχθῳ
3385 4124 3798 4198 κατεργαζομέ-

2130 4228 2257 4275 νων,
2403 4208 2877 4281 ἀπεμπωλούντων
2939 4213 3052 4281 (37)
3110 4211 3198 4266 καὶ
3249 4210 3540 4286 λεγόντων·
3592 4213 3794 4268 ἘύΑο-

2130 4297 2300 4367 γητὸς
2373 4295 2588 4371 Κύριος,
2661 4299 2749 4352 καὶ
2821 4298 3298 4372 πεπλουτήκαμεν*
3379 4301 3798 4372 ποιμαινόντων

2133 4382 2375 4451 ἑαυτοὺς,
2422 4383 2484 4437 ού
2531 4385 2598 4439 τὰ
2643 4381 2910 4460 πρόϐατα,
2961 4385 3014 4440 εἷ’
3052 4409 3104 4441 τι
3143 4393 3252 4442 τῶν
3280 4396 3635 4468 προφητικῶν
3669 4413 3798 4468 φω-

2130 4475 2234 4526 νῶν
2273 4471 2547 4544 μέμνησθε
2606 4476 2738 4546 (38),
2802 4472 2870 4528 δι’
2921 4474 2992 4529 ὦν
3050 4476 3243 4531 ἐκεῖνοι
3273 4477 3400 4539 τοὺς
3430 4479 3634 4541 κακοὺς
3667 4500 3801 4534 ποι-

2134 4560 2289 4632 μένας
2350 4559 2687 4616 ἐλαύνουσιν·
2749 4562 2876 4618 ἀλλ’
2915 4563 3130 4619 ἐκείνων
3169 4565 3386 4639 μᾶλλον
3412 4571 3518 4622 τῶν
3553 4565 3800 4640 δυναμέ-

2127 4670 2230 4704 νων
2282 4649 2449 4704 εἶπεῖν
2513 4652 2646 4723 μετὰ
2702 4649 2970 4707 Παύλυυ·
3050 4654 3150 4716 Τίς
3227 4655 3453 4728 ἀσθενεῖ,
3532 4658 3622 4710 καὶ
3695 4657 3803 4713 οὐκ

2187 4777 2232 4812 ⁶⁹
2269 4777 2420 4833 Psal.
2470 4793 2618 4847 xcrv,
2667 4779 2722 4834 6.
2800 4780 2844 4814 7°
2874 4779 3073 4834 Ezecb.
3135 4797 3330 4848 xxxxv,
3389 4782 3443 4837 3.
3520 4784 3563 4819 τί
3608 4784 3797 4840 Zach.

2126 4971 2260 5048 dine
2302 4975 2720 5048 manserunt,»
2752 4979 2885 5039 etc.,
2921 4974 3363 5048 id__est,_inquit
3410 4977 3587 5044 Elias,
3614 5002 3644 5028 ‹‹
3685 4996 3802 5036 nec

2125 5043 2639 5120 Cynicuspansit,
2665 5061 2770 5100 nec
2799 5062 2932 5102 vero
2956 5043 3326 5105 Christianus
3356 5049 3598 5106 effectus
3630 5059 3803 5120 est,»

2123 5115 2349 5171 scilicet
2380 5114 2689 5171 Maximus.

2191 5188 2669 5266 (35,_A_taq1raipatt.
2701 5187 2841 5266 Tres
2867 5186 3052 5243 Colb..
3088 5185 3472 5266 διαφθεῖραιηι(
3503 5209 3802 5250 corrum-

2121 5257 2729 5333 pere,_labetactare.3
2767 5258 3123 5333 Sie_quoque
3153 5257 3593 5333 légit'Rufinus.

2189 5329 2302 5400 (3(3)
2335 5325 2659 5406 Καταλῦσαι.
2691 5329 2817 5386 Duo
2849 5325 3052 5404 Reggf,
3085 5325 3338 5404 quatuor
3366 5334 3549 5403 Colb.,
3584 5335 3698 5392 Or.
3742 5339 3807 5406 1,

2117 5395 2226 5455 etc.
2239 5442 2252 5465 ,
2284 5395 2595 5454 καταδῦσαι.

2189 5473 2300 5542 (37)
2363 5468 2906 5543 Ἀπεμπιυλούντων.
2998 5473 3139 5546 Reg.
3223 5475 3295 5543 b,
3381 5473 3814 5548 ἀπεμπολούν-

2329 5609 2725 5694 3115;131anch
2761 5615 3146 5694 quibusdam,
3195 5619 3285 5671 νῦν
3337 5621 3687 5694 μεμνῆσθαι.
3725 5623 3813 5681 In

2113 5681 2607 5756 ἃΙιὶε,’μεμνῆσθαι
2642 5681 2723 5740 δεῖ
2753 5681 2850 5747 ὧν.
