4056 6274
346 485 504 547 1233

349 619 550 672 ἂσθενῶ
582 635 596 686 ;

349 728 453 776 σις,
511 707 546 774 ἢ
606 704 822 783 φροντίς
879 707 1030 779 (30);
1085 704 1156 759 Οὑ
1199 706 1298 780 γὰρ
1353 709 1498 776 ζητῶ
1540 704 1606 759 τά
1637 705 1809 777 ὑμῶν,
1867 701 1994 757 ἀλλ’

344 797 504 869 ὑμᾶς.
562 795 666 851 Καὶ
721 793 1018 870 Ἐγενόμην
1078 794 1466 871 συγκαιόμενος
1538 797 1648 867 (40)
1725 797 1803 864 τῷ
1865 792 1992 847 καύ-

343 906 470 940 σωνι
539 886 637 952 τῆς
715 882 949 960 ἡμέρας,
1025 883 1115 938 καὶ
1190 888 1269 956 τῷ
1343 887 1557 958 παγετῷ
1628 889 1727 951 τῆς
1803 883 1990 943 νυκτὸς

347 973 689 1046 πιεζόμενοςο
739 972 1080 1048 πατριάρχου
1129 979 1282 1051 φωνή
1339 972 1624 1046 ποιμένος,
1683 973 1743 1026 οὗ
1781 973 1848 1026 τὰ
1877 970 1992 1025 ἐπί-

345 1084 495 1137 σημα
551 1056 818 1138 πρόϐατα,
877 1063 967 1117 καὶ
1022 1067 1140 1124 ταῖς
1211 1062 1411 1126 ἐκεῖθεν
1483 1061 1670 1132 ληνοῖς
1743 1060 1988 1136 ἐγκισσᾷν

349 1151 743 1227 μελετήσαντα.
784 1150 937 1206 Οὕτω
972 1152 1064 1224 μὲν
1098 1151 1212 1221 οὗν,
1272 1152 1361 1206 καὶ
1420 1149 1507 1206 διὰ
1552 1156 1717 1206 ταῦτα
1765 1149 1989 1218 ἐπέστην

345 1243 497 1315 ὑμῖν,
545 1241 634 1296 καὶ
681 1239 854 1303 οὕτως
894 1237 1140 1315 ἔχουσιν.
1191 1240 1340 1296 Ἐπεὶ
1388 1238 1446 1295 δὲ
1502 1239 1750 1311 ἐπέστην,
1810 1237 1989 1312 δῶμεν

344 1329 511 1405 λόγον
557 1329 850 1400 ἀλλήλοις,
903 1330 974 1383 ὧν
1031 1328 1224 1402 μεταξὺ
1281 1331 1734 1404 κατωρθώσαμεν.
1771 1325 1988 1397 Ἐπειδὴ

344 1418 510 1476 καλὸν
586 1421 662 1493 μὴ
724 1418 966 1494 ῥήματος
1020 1419 1178 1492 μόνον
1233 1419 1322 1473 καὶ
1379 1420 1643 1495 πράξεως,
1705 1415 1850 1472 ἀλλά
1904 1415 1992 1472 καί

345 1513 535 1586 καιροῦ
580 1509 798 1579 παντὸς,
857 1507 945 1563 καὶ
991 1506 1136 1583 ὥρας
1193 1507 1359 1577 αὐτῆς
1414 1512 1512 1562 τοῦ
1563 1507 1846 1582 ἀκαριαίου
1903 1507 1993 1560 καὶ

349 1596 681 1654 λεπτοτάτου
730 1595 931 1652 ο⁹ίεσθαι
989 1596 1150 1672 λόγον
1203 1596 1536 1651 ἀπαιτεῖσθαι
1592 1599 1762 1670 ἡμᾶς.
1812 1598 1992 1669 Ὑμεῖς

352 1687 446 1758 μὲν
475 1689 586 1760 (41)
645 1684 1010 1761 ἀπαγγείλατέ
1044 1707 1136 1759 μοι
1166 1688 1262 1755 τὴν
1298 1685 1546 1762 ἐργασίαν
1574 1689 1672 1754 τὴν
1708 1687 1989 1761 ὑμετέραν·

341 1777 451 1851 ἐγὼ
480 1774 537 1831 δὲ
566 1775 641 1838 εἷς
678 1775 839 1849 μέσον
868 1777 1040 1845 θήσω,
1075 1774 1106 1829 ἃ
1135 1776 1250 1840 καθ’
1283 1774 1515 1851 ἡσυχίαν
1551 1775 1769 1848 ἐμαυτῷ
1799 1795 1991 1850 συγγε-

343 1865 569 1937 νόμενος
602 1863 993 1942 ἐφιλοσόφησα.

414 2134 469 2187 E'
497 2131 624 2186 Τίνα
659 2133 751 2205 μὶν
776 2129 1000 2204 θεωρίαν
1018 2134 1122 2186 τῶν
1146 2128 1392 2204 ὑψηλῶν,
1414 2127 1450 2199 ἤ
1472 2131 1599 2204 παρ’
1627 2130 1763 2204 ἐμοῦ
1792 2124 1990 2184 λαϐόν-

344 2242 430 2282 τες
464 2219 777 2298 ἐφυλάξατε,
809 2221 843 2288 ἢ
870 2221 994 2292 παρ’
1018 2220 1169 2291 ὑμῶν
1198 2219 1370 2274 αὐτῶν
1406 2218 1769 2295 εἰσηνέγκατε,
1801 2220 1834 2288 ἢ
1868 2218 1991 2294 περὶ

342 2308 652 2384 θεολογίας,
683 2310 718 2378 ἢ
751 2309 874 2383 περὶ
911 2313 1017 2363 τῶν
1053 2306 1237 2364 ἄλλων
1273 2305 1581 2383 δογμάτων,
1627 2310 1660 2362 ἅ
1688 2307 1874 2363 πολλὰ
1902 2308 1990 2362 καὶ

342 2399 611 2460 πολλάκις
643 2399 766 2471 ὑμῖν
801 2398 1110 2473 παρεθέμην
1135 2417 1147 2466 ;
1183 2402 1337 2467 Ζητῶ
1360 2399 1464 2474 γάρ
1490 2399 1552 2452 οὑ
1578 2398 1638 2452 τὸ
1662 2396 1867 2452 δάνειον
1899 2397 1993 2470 μό-

341 2511 461 2557 νον,
493 2486 637 2543 ἀλλά
664 2489 752 2542 καὶ
784 2489 874 2542 τὸν
903 2486 1084 2542 τόκον·
1132 2487 1193 2541 οὐ
1239 2487 1300 2542 τὸ
1329 2487 1591 2543 τάλαντον
1629 2487 1815 2562 μόνον,
1850 2487 1994 2543 ἀλλὰ

340 2578 430 2632 καὶ
461 2579 560 2646 τήν
596 2575 867 2653 ἐργασίαν·
906 2578 979 2649 μή
1013 2597 1097 2638 τις
1149 2575 1490 2652 κατακρύψας
1535 2577 1623 2631 καὶ
1668 2578 1990 2652 καταχώσας

341 2666 403 2721 τὰ
462 2666 764 2737 πιστευθὲν,
810 2662 886 2720 ἔτι
944 2667 1032 2719 καὶ
1088 2663 1488 2738 καταψεύδηται
1537 2671 1633 2720 τοῦ
1673 2667 1993 2721 πιστεύσαν-

341 2777 459 2828 τος,
510 2755 583 2817 ὡς
626 2753 868 2831 σκληροῦ
899 2777 954 2810 τε
983 2754 1071 2810 καὶ
1101 2759 1208 2809 τῶν
1241 2754 1546 2832 ἀλλοτρίων
1582 2755 1990 2828 ἐπιθυμοῦντος.

342 2844 466 2898 Τίνα
517 2842 573 2899 δὲ
619 2844 808 2920 πρᾶξιν
856 2848 964 2899 τῶν
1017 2843 1440 2916 ἐπαινουμένων,
1500 2845 1534 2913 ἢ
1574 2842 1714 2916 μηδὲ
1740 2847 1839 2913 τῆς
1874 2847 1990 2919 ἀρι-

342 2938 529 3008 στερᾶς
576 2931 970 3008 γινωσκοῦσης,
1021 2931 1518 3010 ἐκαρποφορήσατε,
1656 2931 1792 2987 ὥστε
1851 2933 1991 3006 λάμ-

340 3041 458 3076 πειν
506 3022 570 3075 τὸ
618 3025 732 3098 φῶς
785 3020 934 3092 ὑμῶν
984 3017 1287 3096 ἔμπροσθεν
1331 3025 1437 3076 τῶν
1479 3021 1902 3097 ἀνθρώπιυν’ἲν’
1935 3021 1994 3076 ἐκ

338 3113 436 3166 τοῦ
462 3114 671 3184 καρποῦ
700 3110 761 3163 τὸ
793 3105 1007 3184 δένδρον
1041 3107 1256 3184 δειχθῇ,
1314 3110 1402 3163 καὶ
1458 3107 1547 3163 διὰ
1591 3113 1698 3164 τῶν
1735 3111 1988 3182 μαθητῶν

341 3200 368 3253 ὁ
430 3195 754 3260 διδάσκαλος
812 3200 924 3272 (42)
971 3200 1262 3274 γνωρισθῇ,
1319 3196 1408 3252 καὶ
1458 3195 1580 3271 εἷ’πῃ
1625 3219 1706 3260 τις
1753 3203 1858 3253 τῶν
1903 3197 1992 3253 ἐπ-

341 3287 677 3342 οπτευόντων
704 3287 770 3340 τὰ
800 3287 1038 3361 ἡμέτερα
1068 3285 1293 3360 (πολλοὶ
1327 3284 1383 3341 δέ
1415 3286 1565 3358 εἰσιν,
1589 3287 1639 3340 o't
1675 3288 1768 3359 μὲν
1803 3285 1872 3342 δι’
1903 3288 1991 3342 εὑ-

1469 484 1761 545 ORATIO
1808 482 2023 543 XXVI.
2067 515 2140 526 -—
2184 484 2262 542 ΙΝ
2309 483 2674 545 SElPSUM.

675 615 757 677 τίς
815 612 1246 685 σκανδαλίζεται,
1302 615 1391 670 καὶ
1450 615 1549 669 οὐκ
1623 614 1730 686 ἐμὴ
1807 613 1984 690 πόρω-

2105 615 2406 681 dalizatur,
2439 625 2490 671 et
2533 633 2626 687 ego
2673 631 2781 670 non
2825 631 2980 686 uror,
3030 623 3084 670 et
3129 632 3262 670 cura
3310 614 3616 669 discrucior
3661 613 3757 668 τη

3601 481 3756 542 1234

2100 703 2216 759 Non
2249 707 2392 760 enim
2445 723 2564 776 quae
2613 713 2788 760 vestra
2833 709 2965 760 sunt
3003 719 3208 775 quacro,
3259 703 3348 758 sed
3389 719 3479 758 vos
3527 703 3590 757 ⁷³.
3636 702 3750 757 Et:

2102 795 2354 850 Perustus
2393 811 2515 850 sum
2545 805 2682 851 aestu
2727 795 2858 860 diei,
2895 803 2946 849 ct
2992 802 3268 850 nocturna
3295 793 3470 864 glacie
3500 799 3753 858 vexatus,

2101 883 2293 954 inquit
2340 883 2672 955 patriarcha
2723 884 2902 940 Jacob
2940 883 3005 954 7‘,
3056 884 3226 953 cuius
3276 885 3416 938 sunt
3461 897 3592 937 oves
3641 881 3753 937 illae

2102 973 2343 1044 signata:
2374 974 2438 1042 ⁷⁵,
2471 977 2526 1029 et
2575 991 2702 1046 quae
2734 973 2794 1028 in
2843 973 3174 1029 coelestibus
3206 972 3509 1028 canalibus
3557 971 3752 1026 conci-

2102 1079 2236 1134 pere
2267 1063 2613 1118 didicerunt.
2652 1063 2745 1119 Sic
2775 1063 2972 1135 igitur,
3006 1067 3178 1134 atque
3209 1061 3299 1116 his
3331 1061 3400 1116 de
3431 1059 3644 1126 causis,
3679 1060 3750 1115 ad

2100 1169 2222 1220 vos,
2256 1153 2328 1208 ad
2360 1152 2515 1208 hunc
2549 1154 2785 1208 modum
2816 1153 3074 1219 affectos,
3107 1151 3752 1221 accessi.Posteaquam

2103 1248 2295 1298 autem
2329 1243 2568 1308 accessi,
2597 1259 2721 1314 age,
2757 1242 2906 1297 inter
2937 1259 3038 1297 nos
3072 1258 3138 1296 ea
3167 1241 3587 1307 subducamus,
3622 1256 3752 1310 quae

2101 1331 2322 1387 interea
2353 1337 2506 1386 recte
2537 1335 2593 1386 et
2631 1349 2765 1387 cum
2794 1331 3008 1386 virtute
3055 1329 3368 1402 gessimus.
3400 1328 3750 1385 Praeclarum

2102 1422 2256 1477 enim
2289 1426 2378 1476 est
2409 1437 2514 1475 nos
2546 1421 2604 1476 in
2636 1420 2743 1476 hac
2773 1419 3044 1492 opinione
3074 1419 3314 1484 versari,
3342 1422 3403 1474 ut
3434 1436 3546 1473 non
3579 1419 3749 1474 modo

2102 1510 2410 1575 sermonis,
2445 1515 2546 1564 aut
2576 1509 2841 1575 actionis,
2876 1509 2977 1564 sed
3007 1508 3187 1564 totius
3217 1507 3390 1563 etiam
3443 1507 3748 1578 temporis,

2101 1604 2279 1670 atque
2311 1598 2452 1654 adeo
2487 1598 2817 1654 tenuissimi
2841 1602 2896 1652 et
2925 1596 3254 1653 brevissimi
3275 1597 3563 1667 cujusque
3592 1595 3748 1651 horis

2103 1687 2389 1744 momenti
2435 1688 2720 1742 rationem
2751 1705 2785 1741 a
2835 1686 3005 1742 nobis
3053 1683 3278 1758 reposci
3324 1684 3746 1741 existimemus.

2103 1777 2293 1832 Facite
2321 1775 2522 1848 igitur,
2555 1782 2618 1831 ut
2648 1775 2788 1832 mihi
2837 1792 3072 1848 operam
3103 1779 3360 1830 vestram
3391 1779 3448 1830 et
3484 1773 3748 1829 studium

2102 1867 2444 1936 exponatis:
2481 1868 2536 1920 et
2587 1864 2712 1937 ipse
2759 1864 3018 1920 vicissim
3069 1863 3129 1918 in
3179 1861 3438 1918 medium
3488 1863 3747 1929 afferam,

2022 1990 2071 2054 B
2102 1971 2232 2026 quae
2260 1970 2490 2009 mecum
2523 1953 2668 2025 ipse,
2699 1969 2833 2010 cum
2867 1953 3027 2010 solus
3057 1969 3270 2022 essem,
3303 1950 3750 2023 philosophatus

2103 2060 2256 2100 sum.

2173 2132 2235 2185 V.
2273 2132 2529 2203 Ecquam
2559 2148 2754 2187 rerum
2786 2129 3131 2187 sublimium
3173 2127 3749 2200 contemplationem,

2103 2225 2203 2277 aut
2232 2239 2265 2276 a
2301 2238 2390 2276 me
2420 2225 2714 2292 acceptam
2767 2221 2980 2275 animis
3011 2219 3218 2275 vestris
3266 2216 3612 2283 retinuistis,
3648 2219 3752 2272 aut

2102 2327 2136 2364 a
2180 2309 2343 2365 vobis
2395 2309 2538 2380 ipsis
2584 2308 2937 2376 contulistis,
2976 2307 3065 2363 vel
3115 2309 3187 2362 de
3239 2305 3561 2361 divinitatis
3613 2305 3749 2360 doc-

2102 2400 2275 2467 trina,
2314 2397 2402 2453 vel
2451 2399 2520 2453 de
2570 2397 2701 2453 aliis
2755 2397 2886 2452 ﬁdei
2936 2397 3246 2469 capitibus,
3297 2413 3420 2465 qua:
3467 2411 3572 2467 ego
3621 2410 3751 2466 per-

2104 2487 2294 2542 multa
2322 2493 2378 2543 et
2407 2504 2663 2558 persaepe
2697 2487 2858 2542 vobis
2890 2485 3181 2558 apposui?
3211 2486 3409 2557 Neque
3439 2484 3595 2540 enim
3631 2500 3755 2538 mu-

2106 2585 2271 2631 tuum
2323 2577 2606 2631 duntaxat
2653 2593 2880 2648 quaero,
2919 2592 3120 2632 verum
3170 2574 3347 2630 etiam
3397 2574 3606 2641 fenus;
3648 2589 3754 2628 nec

2102 2665 2386 2720 talentum
2435 2664 2646 2732 solum,
2698 2665 2800 2720 sed
2853 2668 2911 2719 et
2961 2662 3165 2719 talenti
3217 2667 3508 2734 quaestum
3555 2661 3641 2716 7°:
3682 2676 3755 2715 ne

2102 2755 2232 2826 quis
2266 2756 2427 2822 forte,
2480 2771 2612 2810 cum
2643 2755 2701 2809 in
2735 2760 2887 2808 terra
2911 2753 2989 2824 id,
3025 2752 3179 2825 quod
3227 2750 3340 2824 ipsi
3369 2749 3754 2806 commissum

2103 2849 2209 2914 est,
2262 2844 2586 2914 occultarit,
2635 2848 2693 2900 et
2747 2842 3051 2908 defoderit,
3109 2840 3456 2897 creditorem
3515 2838 3757 2910 insuper

2103 2933 2269 3002 falso,
2305 2938 2366 2988 ut
2413 2934 2627 2988 durum
2660 2937 2717 2987 et
2745 2932 3044 3000 acerbum,
3074 2937 3248 3002 atque
3298 2927 3624 2985 alienarum
3666 2944 3754 2983 re-

2103 3041 2232 3078 rum
2266 3023 2582 3094 cupiditate
2614 3024 2760 3080 475
2798 3023 3143 3094 flagrantem
3173 3019 3534 3075 criminetur.
3568 3020 3755 3086 Quam

2103 3112 2408 3168 honestam
2461 3116 2517 3168 et
2544 3110 2901 3167 laudabilem
2952 3111 3239 3166 actionem
3289 3107 3638 3180 protulistis,
3664 3106 3754 3163 vel

2100 3201 2182 3256 ita
2211 3200 2453 3268 occulte,
2490 3205 2554 3255 ut
2598 3216 2667 3255 ne
2697 3199 2935 3256 sinistra
2983 3198 3221 3270 quidem
3255 3214 3467 3254 manus
3511 3196 3657 3252 sciat
3684 3197 3751 3266 ⁷⁷,

2100 3289 2186 3344 vel
2218 3289 2392 3345 etiam
2438 3294 2656 3362 aperte,
2691 3293 2756 3344 ut
2782 3287 2882 3344 lux
2929 3292 3122 3344 vestra
3169 3303 3364 3342 coram
3411 3285 3752 3342 hominibus

341 3376 546 3445 δοκίαν,
605 3379 656 3431 oi
710 3374 767 3431 δὲ
823 3357 914 3431 καὶ
966 3357 1310 3452 περιέργως),
1370 3377 1451 3432 ὅτι
1494 3357 1722 3440 ὅντωςὺ
1754 3379 1882 3441 Θεὸς
1937 3380 1984 3434 ἐν

2101 3378 2292 3434 luceat
2319 3380 2384 3444 ⁷⁸,
2416 3384 2474 3434 et
2520 3379 2694 3434 arbor
2721 3394 2790 3433 ex
2837 3379 3029 3433 fructu
3063 3381 3414 3449 agnoscatur
3443 3376 3507 3444 ⁷⁸,
3541 3378 3598 3431 et
3625 3391 3750 3432 ma-

340 3467 467 3541 ὑμῖν
515 3469 629 3541 (43)
683 3465 841 3538 ἐστιν,
891 3466 952 3521 οὐ
983 3466 1388 3540 κηρυσσόμενος
1425 3467 1592 3541 ὑγιῶς
1628 3465 1812 3539 μόνον,
1845 3465 1991 3522 ἀλλὰ

345 3555 434 3611 καὶ
479 3554 916 3630 λατρευόμενος;
965 3561 1050 3617 Ὡς
1109 3555 1210 3631 γὰρ
1253 3555 1351 3610 οὑκ
1407 3553 1514 3609 ἔστι
1549 3556 1723 3630 χωρὶς
1755 3554 1988 3618 πίστεως

340 3644 530 3718 πρᾶξις
581 3643 824 3720 ἔγκριτος
871 3642 1080 3718 (ἐπειδὴ
1121 3644 1208 3698 καὶ
1259 3642 1420 3715 δόξης
1450 3641 1619 3699 ἕνεκεν
1678 3645 1729 3698 οἱ
1783 3643 1988 3700 πολλοὶ

334 3735 396 3789 τὸ
438 3732 604 3789 καλὸν
657 3731 1056 3803 ἐπιτηδεύουσι,
1105 3733 1194 3786 καὶ
1257 3733 1466 3810 φύσεως
1507 3734 1677 3794 οὕτως
1723 3733 1983 3808 ἔχοντες)

337 3823 480 3878 οὕτω
523 3824 611 3877 καὶ
658 3825 692 3891 ἡ
743 3823 921 3883 πίστις
980 3821 1155 3896 χωρὶς
1213 3819 1380 3896 ἔργων
1430 3821 1610 3895 νεκρά.
1662 3823 1759 3875 Καὶ
1793 3825 1866 3894 μή
1902 3844 1985 3884 τις

337 3912 475 3984 ὑμᾶς
527 3912 780 3966 ἀπατάτω
827 3915 1003 3972 κενοῖς
1055 3907 1240 3985 λόγοις
1284 3913 1390 3964 τῶν
1426 3911 1596 3964 πάντα
1635 3911 1985 3986 συγχωρούν-

329 4021 436 4054 των
487 3999 741 4073 ἰτοίμιυς,
795 3999 926 4073 ὑπὲρ
972 3998 1086 4059 ἐνὸς
1131 4003 1226 4052 τοῦ
1257 3993 1464 4052 ἀσεϐεῖν
1500 3997 1551 4053 ἐν
1582 4005 1697 4060 τοῖς
1729 3996 1982 4074 δόγμασι,

329 4088 419 4142 καὶ
465 4089 669 4166 φαῦλον
711 4082 1166 4142 καταϐαλλόντων
1223 4086 1410 4159 μισθὸν
1462 4086 1670 4160 φαύλου
1729 4087 1980 4163 πράγμα-

329 4198 445 4239 τος.
479 4177 690 4248 Δείξατε
720 4177 810 4230 οῦν
844 4175 902 4230 ἐκ
941 4180 1048 4230 τῶν
1082 4172 1253 4250 ἔργων
1300 4175 1396 4243 τήν
1430 4174 1630 4247 πίστιν,
1661 4183 1758 4244 τῆς
1791 4178 1979 4252 χώρας

333 4265 486 4338 ὑμῶν
543 4267 605 4321 τὸ
657 4265 906 4337 γόνιμον,
960 4264 1005 4318 εἷ
1063 4265 1138 4336 μὴ
1199 4263 1272 4325 εἷς
1328 4265 1479 4319 κενὸν
1537 4263 1877 4340 ἐσπείραμεν,
1933 4267 1981 4321 εἴ

331 4352 546 4430 δράγμα
590 4375 640 4408 τι
693 4353 746 4408 ἐν
794 4354 947 4426 ὑμῖν,
991 4357 1088 4407 τοῦ
1135 4360 1360 4422 ποιῆσαι
1402 4351 1603 4429 ἄλευρα
1635 4353 1792 4429 ἰσχὺν
1825 4354 1976 4431 ἔχον,

327 4443 415 4497 καὶ
475 4444 761 4511 ἀποθηκῶν
825 4439 991 4514 ἄξιον,
1059 4439 1151 4495 τίνα
1221 4441 1309 4495 καὶ
1366 4441 1772 4518 προθυμότερον
1833 4443 1972 4516 ὑμᾶς

325 4532 749 4607 γεωργήσωμεν.
807 4530 897 4592 Τίς
947 4529 1020 4591 εἷς
1078 4530 1262 4585 ἑκατὸν
1338 4537 1684 4606 καρποτοκεῖ,
1760 4533 1843 4594 τίς
1901 4533 1975 4596 εἶς

327 4621 605 4690 ἑξήκοντα,
636 4619 720 4681 τίς
749 4620 810 4673 τὸ
839 4617 1148 4674 τελευταῖον
1181 4619 1276 4674 κᾶν
1309 4619 1386 4681 εἷς
1432 4621 1721 4695 τριάκοντα
1753 4639 1764 4650 ·
1799 4621 1833 4690 ἢ
1891 4621 1971 4683 τίς

2098 3467 2280 3540 gister
2305 3484 2406 3538 per
2436 3467 2756 3538 discipulos
2785 3467 3134 3534 innotescat,
3169 3483 3234 3522 ac
3267 3466 3422 3521 dicat
3451 3463 3748 3536 quispiam

2097 3576 2317 3630 eorum,
2351 3560 2450 3631 qui
2511 3560 2636 3614 vita:
2697 3563 2906 3614 nostra;
2966 3557 3219 3612 rationes
3276 3556 3609 3628 inspectant
3665 3555 3746 3626 (id

2098 3650 2252 3720 quod
2289 3650 2453 3704 multi
2502 3648 2744 3716 faciunt,
2779 3647 2876 3702 alii
2926 3647 3178 3719 benigna
3219 3645 3516 3701 voluntate
3565 3643 3748 3713 ducti,

2097 3738 2191 3793 alii
2225 3739 2560 3794 curiositate
2609 3737 2896 3808 impulsi),
2931 3737 3084 3807 quod
3118 3751 3246 3790 vere
3291 3734 3444 3789 Deus
3478 3733 3536 3789 in
3584 3733 3748 3790 vobis

2096 3827 2172 3881 sit
2200 3827 2266 3892 ⁸ο,
2300 3844 2412 3879 non
2469 3826 2638 3880 modo
2672 3841 2812 3879 sane
2863 3841 2928 3879 ac
2970 3823 3194 3879 sincere
3241 3823 3609 3894 praedicatus,
3644 3823 3745 3878 sed

2093 3914 2268 3969 etiam
2301 3913 2495 3968 cultus
2529 3917 2585 3968 et
2631 3915 2910 3968 adoratus
2933 3912 2960 3966 ‘I
2994 3911 3067 3966 Ut
3096 3910 3253 3966 enim
3285 3911 3433 3965 actio
3475 3909 3602 3965 sine
3633 3910 3747 3966 ﬁde

2094 4020 2209 4057 non
2243 4007 2331 4057 est
2360 4006 2596 4073 accepta
2624 4000 3121 4073 (quandoquidem
3174 3998 3342 4054 multi
3375 3998 3570 4070 gloriae
3618 4004 3740 4054 stu-

2091 4091 2207 4157 dio,
2243 4096 2418 4162 atque
2467 4091 2642 4146 etiam
2676 4108 2709 4146 a
2739 4095 2949 4144 natura
2987 4089 3067 4144 ita
3115 4087 3433 4158 informati,
3466 4087 3741 4146 virtutem

2090 4180 2332 4251 colunt),
2365 4180 2444 4235 ita
2492 4180 2634 4234 ﬁdes
2666 4179 2790 4234 sine
2839 4178 3110 4250 operibus
3157 4185 3387 4232 mortua
3439 4183 3528 4232 est
3555 4177 3622 4232 ⁸¹.
3659 4181 3740 4232 Ac

2089 4269 2372 4337 videte,ne
2394 4269 2528 4340 quis
2541 4285 2742 4324 eorum
2756 4285 2856 4324 vos
2869 4268 3143 4323 inanibus
3155 4267 3347 4322 verbis
3361 4256 3670 4337 decipiat,q
3681 4266 3737 4321 ui

2087 4359 2286 4414 omnia
2332 4359 2604 4413 omnibus
2655 4358 2763 4413 hac
2819 4374 2934 4412 una
2983 4358 3055 4412 de
3094 4373 3270 4412 causa
3317 4354 3484 4410 facile
3531 4372 3740 4410 conce-

2086 4449 2251 4517 dunt,
2271 4453 2334 4503 ut
2367 4448 2547 4520 impia
2567 4449 2841 4518 dogmata
2863 4445 3130 4501 homines
3155 4444 3737 4513 complexentur,ma~

2083 4537 2316 4609 Iamque
2349 4537 2429 4592 rei
2482 4537 2645 4592 malae
2677 4536 3002 4592 mercedem
3049 4533 3406 4607 persolvunt.
3438 4537 3512 4587 Ex
3547 4532 3734 4603 operi-

2083 4627 2193 4682 bus
2257 4642 2393 4698 ergo
2453 4625 2646 4692 ﬁdem,
2710 4630 2991 4696 terraeque
3053 4628 3258 4678 vestrae
3317 4621 3733 4678 fecunditatem

325 4707 561 4782 ἔμπαλιν
609 4708 714 4762 ἀπὸ
759 4713 856 4763 τοῦ
903 4710 1196 4784 τριάκοντα
1234 4709 1310 4771 εἰς
1358 4710 1448 4764 τὸν
1483 4710 1742 4780 ἑξήκοντα
1770 4710 1970 4784 προελ-

2098 4715 2389 4782 )stendite,
2424 4718 2486 4768 ut
2539 4715 2914 4786 perspicuum
2955 4713 3076 4781 ﬁat,
3110 4730 3182 4768 an
3235 4711 3455 4766 frustra
3501 4727 3730 4767 semen-

323 4799 429 4862 θὼν
472 4794 694 4874 (ἔχομεν
744 4798 845 4873 γὰρ
876 4797 967 4851 καὶ
1006 4796 1204 4866 ταύτην
1233 4795 1284 4851 ἐν
1317 4803 1433 4859 τοῖς
1465 4797 1836 4875 ’Χὺαγγελίοις
1868 4802 1966 4870 τὴν

321 4886 510 4960 τάξιν),
573 4886 648 4949 εἷς
709 4887 799 4942 τὸν
853 4887 1038 4942 ἑκατὸν
1090 4885 1434 4957 ἐτελεύτησεν
1469 4886 1594 4941 ’ἵνα
1639 4883 1970 4963 προϐαίνων,

321 4976 395 5039 ὡς
456 4977 484 5030 ὁ
541 4975 740 5047 Ἰσαὰκ,
799 4978 967 5050 μέγας
1011 4975 1254 5051 γένηται,
1301 4975 1666 5050 πορευόμενος
1721 4977 1779 5032 ἐκ
1809 4976 1967 5033 δυνά-

324 5086 469 5138 μεως
500 5064 575 5125 εἰς
624 5061 872 5136 δύναμιν,
922 5064 1011 5118 καὶ
1038 5063 1133 5126 τὰς
1160 5061 1304 5137 ᾠδὰς
1331 5069 1438 5119 τῶν
1473 5061 1826 5138 Ἀναϐαθμῶν
1857 5071 1968 5143 (44)

307 5152 486 5226 ᾄδων,
511 5153 600 5208 καὶ
633 5147 933 5223 ἀναϐάσεις,
967 5151 1018 5207 ἐν
1044 5157 1113 5227 τῇ
1145 5151 1338 5230 καρδίᾳ
1359 5153 1646 5228 ’τιθέμενος
1671 5175 1684 5225 ;

2079 4811 2198 4861 tem
2230 4804 2560 4871 fecerimus,
2595 4819 2667 4858 an
2701 4801 3036 4873 manipulus
3069 4801 3310 4872 quidam
3355 4800 3414 4855 in
3445 4799 3609 4855 vobis
3638 4816 3732 4855 re-

2081 4894 2360 4967 periatur,
2389 4910 2458 4948 ex
2506 4908 2620 4962 quo
2669 4891 2875 4946 conﬁci
2927 4890 3108 4945 farina
3155 4894 3348 4961 queat,
3398 4889 3730 4962 dignusque

2079 4983 2176 5054 qui
2207 4982 2266 5038 in
2298 4982 2570 5037 horreum
2623 4980 2924 5048 inferatur,
2959 4996 3073 5050 quo
3107 4977 3488 5034 alacrioribus
3517 4977 3729 5034 animis

2079 5089 2178 5127 vos
2209 5071 2267 5126 in
2300 5075 2596 5143 posterum
2627 5069 2982 5124 excolamus.
3013 5069 3154 5133 Quis
3183 5067 3569 5123 centesimum
3601 5067 3728 5123 fru-

2079 5167 2238 5216 ctum
2271 5160 2432 5215 edit?
2460 5159 2601 5223 Quis
2633 5158 3063 5230 sexagesimum
3083 5157 3110 5211 ‘I
3131 5158 3271 5223 Quis
3303 5161 3597 5229 postremo
3631 5158 3727 5211 tri-

389 5272 433 5305 ⁷²
464 5271 513 5326 lI
544 5270 784 5346 ϐοῇ-ιιι,
815 5270 906 5346 29.
982 5271 1108 5346 ⁷³⁸11
1158 5271 1290 5346 ger.
1331 5243 1437 5346 Ξιιι,
1469 5273 1581 5346 14.
1614 5274 1677 5346 ⁷⁴
1705 5274 1845 5330 Gen.
1897 5294 1984 5332 xx:

2098 5279 2170 5332 i0.
2248 5277 2292 5311 ⁷³
2321 5277 2462 5332 Gen.
2513 5292 2643 5343 xxx,
2689 5276 2778 5337 32,
2829 5277 2886 5330 et
2937 5290 3058 5346 seq.
3139 5275 3182 5310 ⁷⁸
3213 5274 3419 5330 Matth.
3470 5289 3598 5343 xxv,
3631 5273 3723 5341 18,

603 5342 646 5375 ⁷⁷
679 5341 886 5397 Matth.
919 5357 998 5408 v1,
1033 5343 1086 5396 3.
1163 5343 1206 5377 ⁷³
1239 5341 1444 5400 Matth.
1472 5360 1528 5413 v,
1567 5345 1650 5400 16.

374 5465 501 5554 ’(39)
552 5463 910 5554 Πὺρωσιςηῆ
960 5464 1196 5542 φροντίς.
1247 5468 1341 5524 Sic
1389 5469 1528 5542 Reg.
1580 5470 1637 5526 d.
1689 5475 1754 5526 In
1805 5472 1966 5542 edit.,

318 5537 560 5612 πύρωσις
592 5537 643 5602 ﬂ
661 5537 901 5612 φροντίς.

392 5601 504 5685 (ιρ)
561 5601 982 5685 ὶἶύγ⁵ιί<ιιιόμενι)ι;.
1030 5609 1166 5680 Reg.
1219 5610 1317 5664 bm
1368 5615 1426 5666 et
1472 5613 1730 5685 quinque
1782 5614 1968 5682 Colb.,

320 5677 786 5755 συμφλεγόμενος.

388 5749 502 5839 (lii)
530 5749 709 5822 Ὑμεῖς
763 5749 881 5839 μέν,
922 5755 1030 5807 etc.
1071 5773 1091 5800 α
1126 5751 1236 5808 Vos
1285 5752 1967 5839 igitprpegotiatiqpem

317 5830 572 5884 vestram
603 5826 891 5899 exponite,
936 5840 1129 5883 meam
1159 5841 1265 5898 ego
1301 5826 1556 5885 vicissim
1599 5826 1667 5883 in
1709 5830 1967 5888 medium

319 5347 376 5397 et
404 5358 526 5414 seq.

1728 5347 1773 5381 7°
1797 5347 2002 5404 Matth.
2034 5365 2135 5416 vn,
2167 5350 2251 5403 16.

2327 5349 2371 5383 ⁸ο
2401 5347 2422 5402 ι
2451 5347 2580 5401 Cor.
2612 5363 2726 5414 xxv,
2757 5347 2846 5402 25.
2922 5347 2965 5380 ⁸¹

2079 5473 2391 5546 proferam:
2408 5493 2456 5546 _»

2173 5545 2261 5614 42)
2294 5538 2646 5603 Διδάσκαλος.
2681 5542 2776 5597 0r.
2812 5543 2836 5596 1
2873 5542 3053 5611 addit,
3087 5541 3260 5613 ὑμῶν.

2173 5615 2262 5686 43)
2290 5615 2636 5687 ὙμῖνκΒΘΒ.
2671 5631 2723 5684 ε,
2755 5615 2913 5687 ἡμῖν,

2149 5679 2259 5757 (44)
2288 5679 2389 5747 Τάς
2422 5681 2564 5758 ᾠδὰς
2581 5679 2720 5739 *τῶν
2767 5679 3144 5754 Ἃναϐαθμῶν.
3180 5684 3536 5758 «_Graduum
3585 5701 3726 5740 can—

2078 5759 2210 5815 tica.
2259 5760 2351 5814 Sic
2401 5756 2697 5828 dicuntur,
2750 5758 2942 5829 inquit
2987 5758 3183 5829 tilias,
3214 5756 3430 5812 Psalmi
3480 5771 3721 5829 numero

2079 5831 2617 5905 quindecim,pares
2638 5826 2918 5903 gradibus
2951 5829 3066 5885 illis
3088 5827 3187 5900 qui
3213 5832 3380 5886 erant
3410 5829 3469 5885 in
3500 5826 3720 5900 templo

3034 5363 3118 5403 ac.
3151 5363 3211 5412 ιι,
3241 5348 3329 5402 20.
