  <div class='ocr_page' id='page_1' title='image "/cluster/home/n/w/nwhite01/storage/ocr_20150623/35/mdp.39015012934389/625.png"; bbox 0 0 4056 6274; ppageno 0'>
   <div class='ocr_carea' id='block_1_1' title="bbox 302 476 3706 549">
    <p class='ocr_par' dir='ltr' id='par_1_1' title="bbox 302 476 3706 549">
     <span class='ocr_line' id='line_1_1' title="bbox 302 476 3706 549; baseline -0.001 -3"><span class='ocrx_word' id='word_1_1' title='bbox 302 489 455 549; x_wconf 71' lang='lat'>{235</span> <span class='ocrx_word' id='word_1_2' title='bbox 1538 486 1602 547; x_wconf 92' lang='lat' dir='ltr'>S.</span> <span class='ocrx_word' id='word_1_3' title='bbox 1651 484 2022 547; x_wconf 78' lang='lat' dir='ltr'>GREGORII</span> <span class='ocrx_word' id='word_1_4' title='bbox 2067 476 2464 546; x_wconf 82' lang='lat' dir='ltr'>THEOLOGI</span> <span class='ocrx_word' id='word_1_5' title='bbox 3552 483 3706 545; x_wconf 74' lang='grc'>1236</span> 
     </span>
    </p>
   </div>
   <div class='ocr_carea' id='block_1_2' title="bbox 289 617 3705 693">
    <p class='ocr_par' dir='ltr' id='par_1_2' title="bbox 289 617 3705 693">
     <span class='ocr_line' id='line_1_2' title="bbox 289 617 3705 693; baseline -0.001 -16"><span class='ocrx_word' id='word_1_6' title='bbox 289 620 573 678; x_wconf 90' lang='lat' dir='ltr'>cesimum</span> <span class='ocrx_word' id='word_1_7' title='bbox 603 619 694 675; x_wconf 72' lang='grc' dir='ltr'>⁸ίῖ</span> <span class='ocrx_word' id='word_1_8' title='bbox 726 623 844 675; x_wconf 86' lang='lat' dir='ltr'>Aut</span> <span class='ocrx_word' id='word_1_9' title='bbox 875 636 1153 677; x_wconf 89' lang='lat' dir='ltr'>converso</span> <span class='ocrx_word' id='word_1_10' title='bbox 1184 620 1408 689; x_wconf 82' lang='lat' dir='ltr'>ordine,</span> <span class='ocrx_word' id='word_1_11' title='bbox 1431 621 1563 693; x_wconf 88' lang='lat' dir='ltr'>quis</span> <span class='ocrx_word' id='word_1_12' title='bbox 1604 638 1636 676; x_wconf 91' lang='lat' dir='ltr'>a</span> <span class='ocrx_word' id='word_1_13' title='bbox 1667 620 1959 675; x_wconf 85' lang='lat' dir='ltr'>tricesimo</span> <span class='ocrx_word' id='word_1_14' title='bbox 1991 620 2062 675; x_wconf 88' lang='lat' dir='ltr'>ad</span> <span class='ocrx_word' id='word_1_15' title='bbox 2095 620 2524 691; x_wconf 81' lang='lat' dir='ltr'>sexagesimum</span> <span class='ocrx_word' id='word_1_16' title='bbox 2569 632 2918 691; x_wconf 87' lang='lat' dir='ltr'>progressus</span> <span class='ocrx_word' id='word_1_17' title='bbox 2949 617 3132 690; x_wconf 90' lang='lat' dir='ltr'>(hunc</span> <span class='ocrx_word' id='word_1_18' title='bbox 3163 633 3399 691; x_wconf 88' lang='lat' dir='ltr'>quoque</span> <span class='ocrx_word' id='word_1_19' title='bbox 3432 619 3487 673; x_wconf 91' lang='lat' dir='ltr'>in</span> <span class='ocrx_word' id='word_1_20' title='bbox 3521 619 3705 675; x_wconf 82' lang='lat' dir='ltr'>Evan-</span> 
     </span>
    </p>
   </div>
   <div class='ocr_carea' id='block_1_3' title="bbox 284 707 3701 783">
    <p class='ocr_par' dir='ltr' id='par_1_3' title="bbox 284 707 3701 783">
     <span class='ocr_line' id='line_1_3' title="bbox 284 707 3701 783; baseline -0.001 -16"><span class='ocrx_word' id='word_1_21' title='bbox 284 710 451 783; x_wconf 85' lang='lat' dir='ltr'>geliis</span> <span class='ocrx_word' id='word_1_22' title='bbox 485 710 745 765; x_wconf 83' lang='lat' dir='ltr'>ordinem</span> <span class='ocrx_word' id='word_1_23' title='bbox 798 710 1128 783; x_wconf 87' lang='lat' dir='ltr'>habemus),</span> <span class='ocrx_word' id='word_1_24' title='bbox 1163 711 1219 764; x_wconf 91' lang='lat' dir='ltr'>in</span> <span class='ocrx_word' id='word_1_25' title='bbox 1251 710 1637 766; x_wconf 90' lang='lat' dir='ltr'>centesimum</span> <span class='ocrx_word' id='word_1_26' title='bbox 1690 709 1883 774; x_wconf 78' lang='lat' dir='ltr'>desiit,</span> <span class='ocrx_word' id='word_1_27' title='bbox 1924 712 1989 764; x_wconf 88' lang='lat' dir='ltr'>ut</span> <span class='ocrx_word' id='word_1_28' title='bbox 2040 725 2217 763; x_wconf 89' lang='lat' dir='ltr'>novos</span> <span class='ocrx_word' id='word_1_29' title='bbox 2265 707 2514 762; x_wconf 84' lang='lat' dir='ltr'>subinde</span> <span class='ocrx_word' id='word_1_30' title='bbox 2564 722 2910 778; x_wconf 89' lang='lat' dir='ltr'>progressus</span> <span class='ocrx_word' id='word_1_31' title='bbox 2964 708 3207 777; x_wconf 84' lang='lat' dir='ltr'>faciens,</span> <span class='ocrx_word' id='word_1_32' title='bbox 3242 707 3403 763; x_wconf 85' lang='lat' dir='ltr'>velut</span> <span class='ocrx_word' id='word_1_33' title='bbox 3453 708 3615 763; x_wconf 89' lang='lat' dir='ltr'>Isaac</span> <span class='ocrx_word' id='word_1_34' title='bbox 3638 710 3701 777; x_wconf 80' lang='grc'>⁸³,</span> 
     </span>
    </p>
   </div>
   <div class='ocr_carea' id='block_1_4' title="bbox 282 795 3706 871">
    <p class='ocr_par' dir='ltr' id='par_1_4' title="bbox 282 795 3706 871">
     <span class='ocr_line' id='line_1_4' title="bbox 282 795 3706 871; baseline 0 -18"><span class='ocrx_word' id='word_1_35' title='bbox 282 814 536 871; x_wconf 87' lang='lat' dir='ltr'>magnus</span> <span class='ocrx_word' id='word_1_36' title='bbox 564 799 798 853; x_wconf 79' lang='lat' dir='ltr'>tandem</span> <span class='ocrx_word' id='word_1_37' title='bbox 834 799 953 868; x_wconf 81' lang='lat' dir='ltr'>ﬁat,</span> <span class='ocrx_word' id='word_1_38' title='bbox 987 799 1057 854; x_wconf 91' lang='lat' dir='ltr'>de</span> <span class='ocrx_word' id='word_1_39' title='bbox 1087 800 1299 854; x_wconf 90' lang='lat' dir='ltr'>virtute</span> <span class='ocrx_word' id='word_1_40' title='bbox 1331 798 1390 853; x_wconf 91' lang='lat' dir='ltr'>in</span> <span class='ocrx_word' id='word_1_41' title='bbox 1420 799 1694 855; x_wconf 80' lang='lat' dir='ltr'>virtutem</span> <span class='ocrx_word' id='word_1_42' title='bbox 1720 796 2031 853; x_wconf 84' lang='lat' dir='ltr'>ambulans</span> <span class='ocrx_word' id='word_1_43' title='bbox 2062 796 2128 865; x_wconf 70' lang='lat'>3‘,</span> <span class='ocrx_word' id='word_1_44' title='bbox 2161 800 2219 851; x_wconf 91' lang='lat' dir='ltr'>et</span> <span class='ocrx_word' id='word_1_45' title='bbox 2247 795 2476 851; x_wconf 90' lang='lat' dir='ltr'>cantica</span> <span class='ocrx_word' id='word_1_46' title='bbox 2505 795 2806 851; x_wconf 86' lang='lat' dir='ltr'>Graduum</span> <span class='ocrx_word' id='word_1_47' title='bbox 2858 812 3097 863; x_wconf 88' lang='lat' dir='ltr'>canens,</span> <span class='ocrx_word' id='word_1_48' title='bbox 3131 800 3303 867; x_wconf 85' lang='lat' dir='ltr'>atque</span> <span class='ocrx_word' id='word_1_49' title='bbox 3334 797 3706 853; x_wconf 80' lang='lat' dir='ltr'>escensiones</span> 
     </span>
    </p>
   </div>
   <div class='ocr_carea' id='block_1_5' title="bbox 285 888 1070 958">
    <p class='ocr_par' dir='ltr' id='par_1_5' title="bbox 285 888 1070 958">
     <span class='ocr_line' id='line_1_5' title="bbox 285 888 1070 958; baseline 0 -16"><span class='ocrx_word' id='word_1_50' title='bbox 285 889 344 944; x_wconf 92' lang='lat' dir='ltr'>in</span> <span class='ocrx_word' id='word_1_51' title='bbox 380 889 552 944; x_wconf 88' lang='lat' dir='ltr'>corde</span> <span class='ocrx_word' id='word_1_52' title='bbox 586 904 692 943; x_wconf 88' lang='lat' dir='ltr'>suo</span> <span class='ocrx_word' id='word_1_53' title='bbox 724 904 947 958; x_wconf 90' lang='lat' dir='ltr'>ponens</span> <span class='ocrx_word' id='word_1_54' title='bbox 978 889 1021 922; x_wconf 74' lang='grc'>⁸⁵</span> <span class='ocrx_word' id='word_1_55' title='bbox 1044 888 1070 942; x_wconf 84' lang='lat'><strong>?</strong></span> 
     </span>
    </p>
   </div>
   <div class='ocr_carea' id='block_1_6' title="bbox 356 970 1955 1053">
    <p class='ocr_par' dir='ltr' id='par_1_6' title="bbox 356 976 1939 1053">
     <span class='ocr_line' id='line_1_6' title="bbox 356 976 1939 1053; baseline 0.001 -24"><span class='ocrx_word' id='word_1_56' title='bbox 356 977 452 1031; x_wconf 88' lang='lat' dir='ltr'>Vl.</span> <span class='ocrx_word' id='word_1_57' title='bbox 474 978 676 1040; x_wconf 63' lang='lat' dir='ltr'>Quaro</span> <span class='ocrx_word' id='word_1_58' title='bbox 707 977 1139 1053; x_wconf 89' lang='lat' dir='ltr'>enimfructum</span> <span class='ocrx_word' id='word_1_59' title='bbox 1162 976 1557 1031; x_wconf 81' lang='lat' dir='ltr'>abundantem</span> <span class='ocrx_word' id='word_1_60' title='bbox 1577 976 1633 1031; x_wconf 94' lang='lat' dir='ltr'>in</span> <span class='ocrx_word' id='word_1_61' title='bbox 1657 976 1939 1031; x_wconf 90' lang='lat' dir='ltr'>rationem</span> 
     </span>
    </p>
   </div>
   <div class='ocr_carea' id='block_1_7' title="bbox 2073 970 3704 1053">
    <p class='ocr_par' dir='ltr' id='par_1_7' title="bbox 2130 970 3704 1047">
     <span class='ocr_line' id='line_1_7' title="bbox 2130 970 3704 1047; baseline -0.001 -22"><span class='ocrx_word' id='word_1_62' title='bbox 2130 974 2188 1040; x_wconf 87' lang='grc' dir='ltr'>ζ’.</span> <span class='ocrx_word' id='word_1_63' title='bbox 2224 976 2379 1042; x_wconf 88' lang='grc' dir='ltr'>Ζητῶ</span> <span class='ocrx_word' id='word_1_64' title='bbox 2433 974 2523 1027; x_wconf 84' lang='grc' dir='ltr'>τὸν</span> <span class='ocrx_word' id='word_1_65' title='bbox 2582 974 2787 1046; x_wconf 83' lang='grc' dir='ltr'>καρπὸν</span> <span class='ocrx_word' id='word_1_66' title='bbox 2844 970 3213 1040; x_wconf 84' lang='grc' dir='ltr'>πλεονάζοντα</span> <span class='ocrx_word' id='word_1_67' title='bbox 3268 974 3379 1045; x_wconf 88' lang='grc'>(45)</span> <span class='ocrx_word' id='word_1_68' title='bbox 3433 972 3510 1034; x_wconf 84' lang='grc' dir='ltr'>εἷς</span> <span class='ocrx_word' id='word_1_69' title='bbox 3544 972 3704 1047; x_wconf 72' lang='grc' dir='ltr'>λόγον</span> 
     </span>
    </p>
   </div>
   <div class='ocr_carea' id='block_1_8' title="bbox 286 1066 1938 1136">
    <p class='ocr_par' dir='ltr' id='par_1_8' title="bbox 286 1066 1938 1136">
     <span class='ocr_line' id='line_1_8' title="bbox 286 1066 1938 1136; baseline -0.001 -16"><span class='ocrx_word' id='word_1_70' title='bbox 286 1070 562 1121; x_wconf 87' lang='lat' dir='ltr'>vestram.</span> <span class='ocrx_word' id='word_1_71' title='bbox 598 1066 865 1121; x_wconf 90' lang='lat' dir='ltr'>Vestrum</span> <span class='ocrx_word' id='word_1_72' title='bbox 907 1066 1063 1120; x_wconf 89' lang='lat' dir='ltr'>enim</span> <span class='ocrx_word' id='word_1_73' title='bbox 1105 1066 1335 1121; x_wconf 92' lang='lat' dir='ltr'>lucrum</span> <span class='ocrx_word' id='word_1_74' title='bbox 1386 1070 1493 1136; x_wconf 85' lang='lat' dir='ltr'>est,</span> <span class='ocrx_word' id='word_1_75' title='bbox 1528 1083 1643 1121; x_wconf 92' lang='lat' dir='ltr'>non</span> <span class='ocrx_word' id='word_1_76' title='bbox 1694 1080 1888 1119; x_wconf 91' lang='lat' dir='ltr'>meum</span> <span class='ocrx_word' id='word_1_77' title='bbox 1926 1081 1938 1118; x_wconf 92' lang='lat'>:</span> 
     </span>
    </p>
   </div>
   <div class='ocr_carea' id='block_1_9' title="bbox 292 1156 1942 1227">
    <p class='ocr_par' dir='ltr' id='par_1_9' title="bbox 292 1156 1942 1227">
     <span class='ocr_line' id='line_1_9' title="bbox 292 1156 1942 1227; baseline -0.001 -17"><span class='ocrx_word' id='word_1_78' title='bbox 292 1171 627 1227; x_wconf 80' lang='lat' dir='ltr'>quanquam</span> <span class='ocrx_word' id='word_1_79' title='bbox 662 1171 858 1210; x_wconf 91' lang='lat' dir='ltr'>meum</span> <span class='ocrx_word' id='word_1_80' title='bbox 892 1170 1145 1225; x_wconf 91' lang='lat' dir='ltr'>quoque,</span> <span class='ocrx_word' id='word_1_81' title='bbox 1180 1156 1458 1226; x_wconf 83' lang='lat' dir='ltr'>quoniam</span> <span class='ocrx_word' id='word_1_82' title='bbox 1493 1159 1774 1221; x_wconf 89' lang='lat' dir='ltr'>vestrum,</span> <span class='ocrx_word' id='word_1_83' title='bbox 1807 1170 1942 1208; x_wconf 90' lang='lat' dir='ltr'>cum</span> 
     </span>
    </p>
   </div>
   <div class='ocr_carea' id='block_1_10' title="bbox 293 1242 1943 1310">
    <p class='ocr_par' dir='ltr' id='par_1_10' title="bbox 293 1242 1943 1310">
     <span class='ocr_line' id='line_1_10' title="bbox 293 1242 1943 1310; baseline -0.002 -11"><span class='ocrx_word' id='word_1_84' title='bbox 293 1243 520 1299; x_wconf 81' lang='lat' dir='ltr'>utilitas</span> <span class='ocrx_word' id='word_1_85' title='bbox 552 1261 585 1298; x_wconf 90' lang='lat' dir='ltr'>a</span> <span class='ocrx_word' id='word_1_86' title='bbox 613 1244 779 1298; x_wconf 84' lang='lat' dir='ltr'>vobis</span> <span class='ocrx_word' id='word_1_87' title='bbox 827 1245 897 1297; x_wconf 91' lang='lat' dir='ltr'>ad</span> <span class='ocrx_word' id='word_1_88' title='bbox 934 1260 1061 1310; x_wconf 89' lang='lat' dir='ltr'>nos,</span> <span class='ocrx_word' id='word_1_89' title='bbox 1095 1248 1159 1297; x_wconf 91' lang='lat' dir='ltr'>ut</span> <span class='ocrx_word' id='word_1_90' title='bbox 1208 1243 1265 1297; x_wconf 92' lang='lat' dir='ltr'>in</span> <span class='ocrx_word' id='word_1_91' title='bbox 1316 1243 1615 1299; x_wconf 89' lang='lat' dir='ltr'>radiorum</span> <span class='ocrx_word' id='word_1_92' title='bbox 1662 1242 1943 1298; x_wconf 89' lang='lat' dir='ltr'>solarium</span> 
     </span>
    </p>
   </div>
   <div class='ocr_carea' id='block_1_11' title="bbox 294 1331 1942 1401">
    <p class='ocr_par' dir='ltr' id='par_1_11' title="bbox 294 1331 1942 1401">
     <span class='ocr_line' id='line_1_11' title="bbox 294 1331 1942 1401; baseline -0.002 -12"><span class='ocrx_word' id='word_1_93' title='bbox 294 1333 600 1389; x_wconf 83' lang='lat' dir='ltr'>reﬂexione</span> <span class='ocrx_word' id='word_1_94' title='bbox 648 1333 908 1388; x_wconf 89' lang='lat' dir='ltr'>accidere</span> <span class='ocrx_word' id='word_1_95' title='bbox 959 1332 1245 1401; x_wconf 89' lang='lat' dir='ltr'>videmus,</span> <span class='ocrx_word' id='word_1_96' title='bbox 1297 1347 1423 1387; x_wconf 89' lang='lat' dir='ltr'>sese</span> <span class='ocrx_word' id='word_1_97' title='bbox 1470 1333 1744 1387; x_wconf 88' lang='lat' dir='ltr'>reﬂectat.</span> <span class='ocrx_word' id='word_1_98' title='bbox 1791 1331 1942 1386; x_wconf 92' lang='lat' dir='ltr'>Num</span> 
     </span>
    </p>
   </div>
   <div class='ocr_carea' id='block_1_12' title="bbox 292 1420 1941 1495">
    <p class='ocr_par' dir='ltr' id='par_1_12' title="bbox 292 1420 1941 1495">
     <span class='ocr_line' id='line_1_12' title="bbox 292 1420 1941 1495; baseline -0.001 -18"><span class='ocrx_word' id='word_1_99' title='bbox 292 1438 579 1495; x_wconf 85' lang='lat' dir='ltr'>pauperes</span> <span class='ocrx_word' id='word_1_100' title='bbox 618 1420 896 1478; x_wconf 83' lang='lat' dir='ltr'>aluistis?</span> <span class='ocrx_word' id='word_1_101' title='bbox 921 1422 1071 1475; x_wconf 90' lang='lat' dir='ltr'>Num</span> <span class='ocrx_word' id='word_1_102' title='bbox 1105 1421 1359 1493; x_wconf 83' lang='lat' dir='ltr'>hospitio</span> <span class='ocrx_word' id='word_1_103' title='bbox 1408 1421 1714 1492; x_wconf 81' lang='lat' dir='ltr'>excepistis</span> <span class='ocrx_word' id='word_1_104' title='bbox 1735 1420 1762 1475; x_wconf 87' lang='lat'><strong><em>?</em></strong></span> <span class='ocrx_word' id='word_1_105' title='bbox 1792 1425 1941 1476; x_wconf 84' lang='lat' dir='ltr'>Num</span> 
     </span>
    </p>
   </div>
   <div class='ocr_carea' id='block_1_13' title="bbox 292 1509 1944 1581">
    <p class='ocr_par' dir='ltr' id='par_1_13' title="bbox 292 1509 1944 1581">
     <span class='ocr_line' id='line_1_13' title="bbox 292 1509 1944 1581; baseline -0.002 -14"><span class='ocrx_word' id='word_1_106' title='bbox 292 1516 627 1567; x_wconf 88' lang='lat' dir='ltr'>sanctorum</span> <span class='ocrx_word' id='word_1_107' title='bbox 678 1511 851 1581; x_wconf 89' lang='lat' dir='ltr'>pedes</span> <span class='ocrx_word' id='word_1_108' title='bbox 903 1510 1175 1566; x_wconf 89' lang='lat' dir='ltr'>abluistis</span> <span class='ocrx_word' id='word_1_109' title='bbox 1222 1512 1318 1564; x_wconf 73' lang='grc' dir='ltr'>⁸δῖ</span> <span class='ocrx_word' id='word_1_110' title='bbox 1357 1511 1506 1565; x_wconf 92' lang='lat' dir='ltr'>Num</span> <span class='ocrx_word' id='word_1_111' title='bbox 1559 1509 1797 1576; x_wconf 86' lang='lat' dir='ltr'>ventris,</span> <span class='ocrx_word' id='word_1_112' title='bbox 1847 1509 1944 1579; x_wconf 87' lang='lat' dir='ltr'>qui</span> 
     </span>
    </p>
   </div>
   <div class='ocr_carea' id='block_1_14' title="bbox 291 1599 1947 1671">
    <p class='ocr_par' dir='ltr' id='par_1_14' title="bbox 291 1599 1947 1671">
     <span class='ocr_line' id='line_1_14' title="bbox 291 1599 1947 1671; baseline -0.001 -16"><span class='ocrx_word' id='word_1_113' title='bbox 291 1600 615 1657; x_wconf 88' lang='lat' dir='ltr'>destruitur</span> <span class='ocrx_word' id='word_1_114' title='bbox 643 1601 708 1671; x_wconf 67' lang='grc' dir='ltr'>ετ,</span> <span class='ocrx_word' id='word_1_115' title='bbox 741 1600 1139 1670; x_wconf 84' lang='lat' dir='ltr'>voluptatibus</span> <span class='ocrx_word' id='word_1_116' title='bbox 1190 1600 1560 1670; x_wconf 83' lang='lat' dir='ltr'>indulgentes</span> <span class='ocrx_word' id='word_1_117' title='bbox 1607 1600 1799 1670; x_wconf 89' lang='lat' dir='ltr'>(detur</span> <span class='ocrx_word' id='word_1_118' title='bbox 1838 1599 1947 1654; x_wconf 90' lang='lat' dir='ltr'>hoc</span> 
     </span>
    </p>
   </div>
   <div class='ocr_carea' id='block_1_15' title="bbox 292 1688 1943 1760">
    <p class='ocr_par' dir='ltr' id='par_1_15' title="bbox 292 1688 1943 1760">
     <span class='ocr_line' id='line_1_15' title="bbox 292 1688 1943 1760; baseline 0 -18"><span class='ocrx_word' id='word_1_119' title='bbox 292 1688 494 1760; x_wconf 90' lang='lat' dir='ltr'>enim),</span> <span class='ocrx_word' id='word_1_120' title='bbox 528 1690 584 1743; x_wconf 94' lang='lat' dir='ltr'>id</span> <span class='ocrx_word' id='word_1_121' title='bbox 618 1689 793 1743; x_wconf 83' lang='lat' dir='ltr'>etiam</span> <span class='ocrx_word' id='word_1_122' title='bbox 827 1688 1050 1759; x_wconf 84' lang='lat' dir='ltr'>egistis,</span> <span class='ocrx_word' id='word_1_123' title='bbox 1086 1692 1151 1742; x_wconf 86' lang='lat' dir='ltr'>ut</span> <span class='ocrx_word' id='word_1_124' title='bbox 1180 1689 1237 1743; x_wconf 91' lang='lat' dir='ltr'>in</span> <span class='ocrx_word' id='word_1_125' title='bbox 1271 1689 1563 1743; x_wconf 86' lang='lat' dir='ltr'>mandatis</span> <span class='ocrx_word' id='word_1_126' title='bbox 1610 1688 1821 1743; x_wconf 79' lang='lat' dir='ltr'>divinis</span> <span class='ocrx_word' id='word_1_127' title='bbox 1848 1688 1943 1742; x_wconf 87' lang='lat' dir='ltr'>de-</span> 
     </span>
    </p>
   </div>
   <div class='ocr_carea' id='block_1_16' title="bbox 293 1776 1945 1849">
    <p class='ocr_par' dir='ltr' id='par_1_16' title="bbox 293 1776 1945 1849">
     <span class='ocr_line' id='line_1_16' title="bbox 293 1776 1945 1849; baseline -0.001 -17"><span class='ocrx_word' id='word_1_128' title='bbox 293 1777 457 1832; x_wconf 90' lang='lat' dir='ltr'>licias</span> <span class='ocrx_word' id='word_1_129' title='bbox 488 1778 707 1849; x_wconf 87' lang='lat' dir='ltr'>positas</span> <span class='ocrx_word' id='word_1_130' title='bbox 739 1778 1037 1832; x_wconf 90' lang='lat' dir='ltr'>haberetis</span> <span class='ocrx_word' id='word_1_131' title='bbox 1059 1778 1085 1831; x_wconf 81' lang='lat'>‘?</span> <span class='ocrx_word' id='word_1_132' title='bbox 1115 1778 1258 1832; x_wconf 89' lang='lat' dir='ltr'>Nam</span> <span class='ocrx_word' id='word_1_133' title='bbox 1295 1778 1550 1849; x_wconf 91' lang='lat' dir='ltr'>profecto</span> <span class='ocrx_word' id='word_1_134' title='bbox 1584 1794 1686 1833; x_wconf 88' lang='lat' dir='ltr'>nec</span> <span class='ocrx_word' id='word_1_135' title='bbox 1727 1776 1945 1832; x_wconf 66' lang='lat' dir='ltr'>deliciae</span> 
     </span>
    </p>
   </div>
   <div class='ocr_carea' id='block_1_17' title="bbox 296 1865 1947 1935">
    <p class='ocr_par' dir='ltr' id='par_1_17' title="bbox 296 1865 1947 1935">
     <span class='ocr_line' id='line_1_17' title="bbox 296 1865 1947 1935; baseline -0.001 -14"><span class='ocrx_word' id='word_1_136' title='bbox 296 1866 426 1921; x_wconf 75' lang='lat' dir='ltr'>ullae</span> <span class='ocrx_word' id='word_1_137' title='bbox 454 1867 546 1922; x_wconf 87' lang='lat' dir='ltr'>his</span> <span class='ocrx_word' id='word_1_138' title='bbox 572 1867 839 1923; x_wconf 89' lang='lat' dir='ltr'>meliores</span> <span class='ocrx_word' id='word_1_139' title='bbox 871 1872 1028 1935; x_wconf 91' lang='lat' dir='ltr'>sunt,</span> <span class='ocrx_word' id='word_1_140' title='bbox 1061 1885 1165 1922; x_wconf 92' lang='lat' dir='ltr'>nec</span> <span class='ocrx_word' id='word_1_141' title='bbox 1199 1866 1596 1922; x_wconf 90' lang='lat' dir='ltr'>diuturniores</span> <span class='ocrx_word' id='word_1_142' title='bbox 1628 1871 1685 1921; x_wconf 89' lang='lat' dir='ltr'>et</span> <span class='ocrx_word' id='word_1_143' title='bbox 1715 1865 1947 1921; x_wconf 89' lang='lat' dir='ltr'>stabili-</span> 
     </span>
    </p>
   </div>
   <div class='ocr_carea' id='block_1_18' title="bbox 299 1955 1945 2028">
    <p class='ocr_par' dir='ltr' id='par_1_18' title="bbox 299 1955 1945 2028">
     <span class='ocr_line' id='line_1_18' title="bbox 299 1955 1945 2028; baseline -0.001 -17"><span class='ocrx_word' id='word_1_144' title='bbox 299 1973 427 2012; x_wconf 89' lang='lat' dir='ltr'>ores</span> <span class='ocrx_word' id='word_1_145' title='bbox 460 1956 531 2012; x_wconf 89' lang='lat' dir='ltr'>iis</span> <span class='ocrx_word' id='word_1_146' title='bbox 553 1956 653 2028; x_wconf 92' lang='lat' dir='ltr'>qui</span> <span class='ocrx_word' id='word_1_147' title='bbox 684 1957 744 2011; x_wconf 92' lang='lat' dir='ltr'>in</span> <span class='ocrx_word' id='word_1_148' title='bbox 776 1956 999 2012; x_wconf 88' lang='lat' dir='ltr'>deliciis</span> <span class='ocrx_word' id='word_1_149' title='bbox 1023 1957 1196 2011; x_wconf 88' lang='lat' dir='ltr'>vitam</span> <span class='ocrx_word' id='word_1_150' title='bbox 1223 1956 1545 2028; x_wconf 83' lang='lat' dir='ltr'>transigere</span> <span class='ocrx_word' id='word_1_151' title='bbox 1565 1955 1945 2012; x_wconf 85' lang='lat' dir='ltr'>volunt.Num</span> 
     </span>
    </p>
   </div>
   <div class='ocr_carea' id='block_1_19' title="bbox 300 2045 1949 2118">
    <p class='ocr_par' dir='ltr' id='par_1_19' title="bbox 300 2045 1949 2118">
     <span class='ocr_line' id='line_1_19' title="bbox 300 2045 1949 2118; baseline 0 -17"><span class='ocrx_word' id='word_1_152' title='bbox 300 2047 586 2117; x_wconf 90' lang='lat' dir='ltr'>quosdam</span> <span class='ocrx_word' id='word_1_153' title='bbox 618 2062 684 2102; x_wconf 79' lang='lat' dir='ltr'>ex</span> <span class='ocrx_word' id='word_1_154' title='bbox 728 2046 840 2117; x_wconf 88' lang='lat' dir='ltr'>his,</span> <span class='ocrx_word' id='word_1_155' title='bbox 877 2046 975 2117; x_wconf 91' lang='lat' dir='ltr'>qui</span> <span class='ocrx_word' id='word_1_156' title='bbox 1009 2045 1175 2101; x_wconf 90' lang='lat' dir='ltr'>altari</span> <span class='ocrx_word' id='word_1_157' title='bbox 1231 2046 1589 2116; x_wconf 85' lang='lat' dir='ltr'>ministrant,</span> <span class='ocrx_word' id='word_1_158' title='bbox 1622 2050 1678 2100; x_wconf 90' lang='lat' dir='ltr'>et</span> <span class='ocrx_word' id='word_1_159' title='bbox 1708 2046 1949 2118; x_wconf 83' lang='lat' dir='ltr'>pulchre</span> 
     </span>
    </p>
   </div>
   <div class='ocr_carea' id='block_1_20' title="bbox 299 2134 1948 2207">
    <p class='ocr_par' dir='ltr' id='par_1_20' title="bbox 299 2134 1948 2207">
     <span class='ocr_line' id='line_1_20' title="bbox 299 2134 1948 2207; baseline 0 -19"><span class='ocrx_word' id='word_1_160' title='bbox 299 2134 503 2207; x_wconf 90' lang='lat' dir='ltr'>inopes</span> <span class='ocrx_word' id='word_1_161' title='bbox 534 2138 672 2189; x_wconf 86' lang='lat' dir='ltr'>sunt</span> <span class='ocrx_word' id='word_1_162' title='bbox 701 2134 889 2205; x_wconf 80' lang='lat' dir='ltr'>(liceat</span> <span class='ocrx_word' id='word_1_163' title='bbox 940 2136 1097 2190; x_wconf 90' lang='lat' dir='ltr'>enim</span> <span class='ocrx_word' id='word_1_164' title='bbox 1132 2134 1276 2189; x_wconf 90' lang='lat' dir='ltr'>mihi</span> <span class='ocrx_word' id='word_1_165' title='bbox 1324 2135 1432 2189; x_wconf 92' lang='lat' dir='ltr'>hoc</span> <span class='ocrx_word' id='word_1_166' title='bbox 1464 2135 1699 2205; x_wconf 89' lang='lat' dir='ltr'>dicere),</span> <span class='ocrx_word' id='word_1_167' title='bbox 1734 2152 1835 2206; x_wconf 90' lang='lat' dir='ltr'>pro</span> <span class='ocrx_word' id='word_1_168' title='bbox 1867 2134 1948 2189; x_wconf 92' lang='lat' dir='ltr'>vi-</span> 
     </span>
    </p>
   </div>
   <div class='ocr_carea' id='block_1_21' title="bbox 300 2223 1950 2294">
    <p class='ocr_par' dir='ltr' id='par_1_21' title="bbox 300 2223 1950 2294">
     <span class='ocr_line' id='line_1_21' title="bbox 300 2223 1950 2294; baseline -0.001 -15"><span class='ocrx_word' id='word_1_169' title='bbox 300 2226 463 2279; x_wconf 92' lang='lat' dir='ltr'>ribus</span> <span class='ocrx_word' id='word_1_170' title='bbox 496 2224 818 2289; x_wconf 88' lang='lat' dir='ltr'>recreastis,</span> <span class='ocrx_word' id='word_1_171' title='bbox 853 2228 935 2294; x_wconf 89' lang='lat' dir='ltr'>ut,</span> <span class='ocrx_word' id='word_1_172' title='bbox 970 2224 1184 2279; x_wconf 88' lang='lat' dir='ltr'>animis</span> <span class='ocrx_word' id='word_1_173' title='bbox 1214 2224 1414 2279; x_wconf 90' lang='lat' dir='ltr'>minus</span> <span class='ocrx_word' id='word_1_174' title='bbox 1441 2224 1757 2293; x_wconf 87' lang='lat' dir='ltr'>distractis,</span> <span class='ocrx_word' id='word_1_175' title='bbox 1783 2223 1950 2279; x_wconf 86' lang='lat' dir='ltr'>altari</span> 
     </span>
    </p>
   </div>
   <div class='ocr_carea' id='block_1_22' title="bbox 299 2312 2029 2400">
    <p class='ocr_par' dir='ltr' id='par_1_22' title="bbox 299 2312 2029 2400">
     <span class='ocr_line' id='line_1_22' title="bbox 299 2312 2029 2400; baseline -0.001 -32"><span class='ocrx_word' id='word_1_176' title='bbox 299 2313 485 2385; x_wconf 87' lang='lat' dir='ltr'>magis</span> <span class='ocrx_word' id='word_1_177' title='bbox 516 2314 669 2368; x_wconf 78' lang='lat'>476</span> <span class='ocrx_word' id='word_1_178' title='bbox 702 2312 1018 2379; x_wconf 86' lang='lat' dir='ltr'>assideant,</span> <span class='ocrx_word' id='word_1_179' title='bbox 1053 2330 1118 2367; x_wconf 89' lang='lat' dir='ltr'>ac</span> <span class='ocrx_word' id='word_1_180' title='bbox 1147 2313 1435 2367; x_wconf 91' lang='lat' dir='ltr'>bonorum</span> <span class='ocrx_word' id='word_1_181' title='bbox 1466 2316 1792 2368; x_wconf 90' lang='lat' dir='ltr'>vestrorum</span> <span class='ocrx_word' id='word_1_182' title='bbox 1825 2329 1947 2383; x_wconf 86' lang='lat' dir='ltr'>par-</span> <span class='ocrx_word' id='word_1_183' title='bbox 1981 2336 2029 2400; x_wconf 84' lang='lat' dir='ltr'><strong>B</strong></span> 
     </span>
    </p>
   </div>
   <div class='ocr_carea' id='block_1_23' title="bbox 297 2401 1954 2474">
    <p class='ocr_par' dir='ltr' id='par_1_23' title="bbox 297 2401 1954 2474">
     <span class='ocr_line' id='line_1_23' title="bbox 297 2401 1954 2474; baseline -0.001 -17"><span class='ocrx_word' id='word_1_184' title='bbox 297 2402 504 2474; x_wconf 87' lang='lat' dir='ltr'>ticipes</span> <span class='ocrx_word' id='word_1_185' title='bbox 532 2403 690 2467; x_wconf 86' lang='lat' dir='ltr'>facti,</span> <span class='ocrx_word' id='word_1_186' title='bbox 725 2419 833 2457; x_wconf 88' lang='lat' dir='ltr'>sua</span> <span class='ocrx_word' id='word_1_187' title='bbox 864 2417 1094 2473; x_wconf 87' lang='lat' dir='ltr'>quoque</span> <span class='ocrx_word' id='word_1_188' title='bbox 1128 2401 1385 2457; x_wconf 85' lang='lat' dir='ltr'>vicissim</span> <span class='ocrx_word' id='word_1_189' title='bbox 1420 2402 1581 2457; x_wconf 87' lang='lat' dir='ltr'>vobis</span> <span class='ocrx_word' id='word_1_190' title='bbox 1611 2402 1954 2457; x_wconf 79' lang='lat' dir='ltr'>conferant?</span> 
     </span>
    </p>
   </div>
   <div class='ocr_carea' id='block_1_24' title="bbox 299 2491 1954 2562">
    <p class='ocr_par' dir='ltr' id='par_1_24' title="bbox 299 2491 1954 2562">
     <span class='ocr_line' id='line_1_24' title="bbox 299 2491 1954 2562; baseline 0 -16"><span class='ocrx_word' id='word_1_191' title='bbox 299 2493 493 2562; x_wconf 87' lang='lat' dir='ltr'>Turpe</span> <span class='ocrx_word' id='word_1_192' title='bbox 539 2508 680 2546; x_wconf 88' lang='lat' dir='ltr'>sane</span> <span class='ocrx_word' id='word_1_193' title='bbox 708 2496 816 2559; x_wconf 89' lang='lat' dir='ltr'>est,</span> <span class='ocrx_word' id='word_1_194' title='bbox 850 2491 969 2545; x_wconf 78' lang='lat' dir='ltr'>hazc</span> <span class='ocrx_word' id='word_1_195' title='bbox 1018 2494 1075 2546; x_wconf 91' lang='lat' dir='ltr'>et</span> <span class='ocrx_word' id='word_1_196' title='bbox 1107 2508 1212 2546; x_wconf 93' lang='lat' dir='ltr'>nos</span> <span class='ocrx_word' id='word_1_197' title='bbox 1260 2507 1570 2562; x_wconf 81' lang='lat' dir='ltr'>exposcere</span> <span class='ocrx_word' id='word_1_198' title='bbox 1600 2495 1657 2546; x_wconf 86' lang='lat' dir='ltr'>et</span> <span class='ocrx_word' id='word_1_199' title='bbox 1707 2508 1807 2546; x_wconf 94' lang='lat' dir='ltr'>vos</span> <span class='ocrx_word' id='word_1_200' title='bbox 1838 2508 1954 2547; x_wconf 90' lang='lat' dir='ltr'>non</span> 
     </span>
    </p>
   </div>
   <div class='ocr_carea' id='block_1_25' title="bbox 298 2579 1953 2651">
    <p class='ocr_par' dir='ltr' id='par_1_25' title="bbox 298 2579 1953 2651">
     <span class='ocr_line' id='line_1_25' title="bbox 298 2579 1953 2651; baseline -0.001 -16"><span class='ocrx_word' id='word_1_201' title='bbox 298 2580 552 2651; x_wconf 86' lang='lat' dir='ltr'>elargiri.</span> <span class='ocrx_word' id='word_1_202' title='bbox 587 2580 700 2634; x_wconf 89' lang='lat' dir='ltr'>Nec</span> <span class='ocrx_word' id='word_1_203' title='bbox 731 2596 865 2634; x_wconf 86' lang='lat' dir='ltr'>vero</span> <span class='ocrx_word' id='word_1_204' title='bbox 910 2580 1038 2633; x_wconf 90' lang='lat' dir='ltr'>ideo</span> <span class='ocrx_word' id='word_1_205' title='bbox 1069 2579 1220 2634; x_wconf 89' lang='lat' dir='ltr'>hanc</span> <span class='ocrx_word' id='word_1_206' title='bbox 1264 2580 1720 2634; x_wconf 86' lang='lat' dir='ltr'>admonitionem</span> <span class='ocrx_word' id='word_1_207' title='bbox 1754 2580 1953 2648; x_wconf 88' lang='lat' dir='ltr'>habui,</span> 
     </span>
    </p>
   </div>
   <div class='ocr_carea' id='block_1_26' title="bbox 300 2668 1957 2740">
    <p class='ocr_par' dir='ltr' id='par_1_26' title="bbox 300 2668 1957 2740">
     <span class='ocr_line' id='line_1_26' title="bbox 300 2668 1957 2740; baseline 0.001 -17"><span class='ocrx_word' id='word_1_208' title='bbox 300 2674 367 2723; x_wconf 93' lang='lat' dir='ltr'>ut</span> <span class='ocrx_word' id='word_1_209' title='bbox 395 2669 476 2723; x_wconf 89' lang='lat' dir='ltr'>ita</span> <span class='ocrx_word' id='word_1_210' title='bbox 508 2669 565 2723; x_wconf 91' lang='lat' dir='ltr'>in</span> <span class='ocrx_word' id='word_1_211' title='bbox 599 2685 688 2724; x_wconf 90' lang='lat' dir='ltr'>me</span> <span class='ocrx_word' id='word_1_212' title='bbox 719 2670 820 2723; x_wconf 86' lang='lat' dir='ltr'>fiat</span> <span class='ocrx_word' id='word_1_213' title='bbox 852 2668 1085 2739; x_wconf 89' lang='lat' dir='ltr'>(melius</span> <span class='ocrx_word' id='word_1_214' title='bbox 1108 2669 1263 2722; x_wconf 91' lang='lat' dir='ltr'>enim</span> <span class='ocrx_word' id='word_1_215' title='bbox 1297 2673 1387 2723; x_wconf 90' lang='lat' dir='ltr'>est</span> <span class='ocrx_word' id='word_1_216' title='bbox 1418 2669 1560 2723; x_wconf 88' lang='lat' dir='ltr'>mihi</span> <span class='ocrx_word' id='word_1_217' title='bbox 1597 2670 1957 2740; x_wconf 87' lang='lat' dir='ltr'>mori,quam</span> 
     </span>
    </p>
   </div>
   <div class='ocr_carea' id='block_1_27' title="bbox 302 2757 1960 2830">
    <p class='ocr_par' dir='ltr' id='par_1_27' title="bbox 302 2757 1960 2830">
     <span class='ocr_line' id='line_1_27' title="bbox 302 2757 1960 2830; baseline 0.001 -18"><span class='ocrx_word' id='word_1_218' title='bbox 302 2762 369 2812; x_wconf 90' lang='lat' dir='ltr'>ut</span> <span class='ocrx_word' id='word_1_219' title='bbox 416 2757 709 2830; x_wconf 82' lang='lat' dir='ltr'>gloriatio</span> <span class='ocrx_word' id='word_1_220' title='bbox 739 2774 868 2813; x_wconf 92' lang='lat' dir='ltr'>mea</span> <span class='ocrx_word' id='word_1_221' title='bbox 909 2762 1220 2813; x_wconf 89' lang='lat' dir='ltr'>evacuetur</span> <span class='ocrx_word' id='word_1_222' title='bbox 1249 2758 1314 2825; x_wconf 79' lang='grc'>⁸⁸,</span> <span class='ocrx_word' id='word_1_223' title='bbox 1360 2774 1425 2812; x_wconf 90' lang='lat' dir='ltr'>ac</span> <span class='ocrx_word' id='word_1_224' title='bbox 1473 2758 1618 2812; x_wconf 90' lang='lat' dir='ltr'>mihi</span> <span class='ocrx_word' id='word_1_225' title='bbox 1667 2758 1960 2829; x_wconf 65' lang='lat' dir='ltr'>praadicati</span> 
     </span>
    </p>
   </div>
   <div class='ocr_carea' id='block_1_28' title="bbox 308 2846 1958 2918">
    <p class='ocr_par' dir='ltr' id='par_1_28' title="bbox 308 2846 1958 2918">
     <span class='ocr_line' id='line_1_28' title="bbox 308 2846 1958 2918; baseline 0.001 -17"><span class='ocrx_word' id='word_1_226' title='bbox 308 2846 601 2918; x_wconf 85' lang='lat' dir='ltr'>Evangelii</span> <span class='ocrx_word' id='word_1_227' title='bbox 651 2862 874 2903; x_wconf 88' lang='lat' dir='ltr'>merces</span> <span class='ocrx_word' id='word_1_228' title='bbox 906 2851 1120 2918; x_wconf 89' lang='lat' dir='ltr'>pereat,</span> <span class='ocrx_word' id='word_1_229' title='bbox 1153 2846 1201 2902; x_wconf 89' lang='lat' dir='ltr'>si</span> <span class='ocrx_word' id='word_1_230' title='bbox 1253 2846 1347 2901; x_wconf 90' lang='lat' dir='ltr'>hic</span> <span class='ocrx_word' id='word_1_231' title='bbox 1390 2846 1657 2902; x_wconf 90' lang='lat' dir='ltr'>laborum</span> <span class='ocrx_word' id='word_1_232' title='bbox 1707 2864 1958 2903; x_wconf 89' lang='lat' dir='ltr'>messem</span> 
     </span>
    </p>
   </div>
   <div class='ocr_carea' id='block_1_29' title="bbox 307 2935 1959 3007">
    <p class='ocr_par' dir='ltr' id='par_1_29' title="bbox 307 2935 1959 3007">
     <span class='ocr_line' id='line_1_29' title="bbox 307 2935 1959 3007; baseline -0.001 -16"><span class='ocrx_word' id='word_1_233' title='bbox 307 2937 515 2991; x_wconf 78' lang='lat' dir='ltr'>fecero.</span> <span class='ocrx_word' id='word_1_234' title='bbox 550 2935 841 3007; x_wconf 88' lang='lat' dir='ltr'>Evangelii</span> <span class='ocrx_word' id='word_1_235' title='bbox 874 2937 1029 2991; x_wconf 90' lang='lat' dir='ltr'>enim</span> <span class='ocrx_word' id='word_1_236' title='bbox 1062 2936 1397 3007; x_wconf 69' lang='lat' dir='ltr'>praedicatio</span> <span class='ocrx_word' id='word_1_237' title='bbox 1439 2937 1803 2992; x_wconf 89' lang='lat' dir='ltr'>necessitatis</span> <span class='ocrx_word' id='word_1_238' title='bbox 1834 2941 1959 3003; x_wconf 87' lang='lat' dir='ltr'>est;</span> 
     </span>
    </p>
   </div>
   <div class='ocr_carea' id='block_1_30' title="bbox 314 3024 1964 3098">
    <p class='ocr_par' dir='ltr' id='par_1_30' title="bbox 314 3024 1964 3098">
     <span class='ocr_line' id='line_1_30' title="bbox 314 3024 1964 3098; baseline 0.001 -19"><span class='ocrx_word' id='word_1_239' title='bbox 314 3026 715 3081; x_wconf 88' lang='lat' dir='ltr'>munificentia</span> <span class='ocrx_word' id='word_1_240' title='bbox 758 3030 953 3080; x_wconf 91' lang='lat' dir='ltr'>autem</span> <span class='ocrx_word' id='word_1_241' title='bbox 986 3029 1043 3080; x_wconf 90' lang='lat' dir='ltr'>et</span> <span class='ocrx_word' id='word_1_242' title='bbox 1070 3024 1199 3080; x_wconf 91' lang='lat' dir='ltr'>laus</span> <span class='ocrx_word' id='word_1_243' title='bbox 1230 3026 1288 3079; x_wconf 91' lang='lat' dir='ltr'>in</span> <span class='ocrx_word' id='word_1_244' title='bbox 1321 3041 1388 3080; x_wconf 91' lang='lat' dir='ltr'>eo</span> <span class='ocrx_word' id='word_1_245' title='bbox 1418 3027 1531 3080; x_wconf 88' lang='lat' dir='ltr'>sita</span> <span class='ocrx_word' id='word_1_246' title='bbox 1558 3030 1665 3092; x_wconf 88' lang='lat' dir='ltr'>est,</span> <span class='ocrx_word' id='word_1_247' title='bbox 1689 3030 1753 3080; x_wconf 89' lang='lat' dir='ltr'>ut</span> <span class='ocrx_word' id='word_1_248' title='bbox 1782 3027 1964 3098; x_wconf 88' lang='lat' dir='ltr'>gratis</span> 
     </span>
    </p>
   </div>
   <div class='ocr_carea' id='block_1_31' title="bbox 316 3115 1965 3186">
    <p class='ocr_par' dir='ltr' id='par_1_31' title="bbox 316 3115 1965 3186">
     <span class='ocr_line' id='line_1_31' title="bbox 316 3115 1965 3186; baseline 0 -17"><span class='ocrx_word' id='word_1_249' title='bbox 316 3115 423 3170; x_wconf 91' lang='lat' dir='ltr'>hoc</span> <span class='ocrx_word' id='word_1_250' title='bbox 455 3132 670 3170; x_wconf 91' lang='lat' dir='ltr'>munus</span> <span class='ocrx_word' id='word_1_251' title='bbox 702 3116 983 3170; x_wconf 88' lang='lat' dir='ltr'>obeamus</span> <span class='ocrx_word' id='word_1_252' title='bbox 1013 3115 1077 3186; x_wconf 71' lang='lat'>89)</span> <span class='ocrx_word' id='word_1_253' title='bbox 1104 3133 1116 3184; x_wconf 90' lang='lat'><strong>;</strong></span> <span class='ocrx_word' id='word_1_254' title='bbox 1150 3131 1348 3170; x_wconf 89' lang='lat' dir='ltr'>verum</span> <span class='ocrx_word' id='word_1_255' title='bbox 1380 3130 1445 3169; x_wconf 91' lang='lat' dir='ltr'>eo</span> <span class='ocrx_word' id='word_1_256' title='bbox 1477 3115 1595 3170; x_wconf 87' lang='lat' dir='ltr'>haec</span> <span class='ocrx_word' id='word_1_257' title='bbox 1627 3115 1808 3171; x_wconf 88' lang='lat' dir='ltr'>oratio</span> <span class='ocrx_word' id='word_1_258' title='bbox 1839 3131 1965 3186; x_wconf 88' lang='lat' dir='ltr'>spe-</span> 
     </span>
    </p>
   </div>
   <div class='ocr_carea' id='block_1_32' title="bbox 314 3203 1966 3275">
    <p class='ocr_par' dir='ltr' id='par_1_32' title="bbox 314 3203 1966 3275">
     <span class='ocr_line' id='line_1_32' title="bbox 314 3203 1966 3275; baseline 0 -17"><span class='ocrx_word' id='word_1_259' title='bbox 314 3207 523 3275; x_wconf 88' lang='lat' dir='ltr'>ctat,ut</span> <span class='ocrx_word' id='word_1_260' title='bbox 551 3205 619 3259; x_wconf 90' lang='lat' dir='ltr'>de</span> <span class='ocrx_word' id='word_1_261' title='bbox 650 3204 882 3259; x_wconf 89' lang='lat' dir='ltr'>Christo</span> <span class='ocrx_word' id='word_1_262' title='bbox 917 3204 1062 3259; x_wconf 89' lang='lat' dir='ltr'>bene</span> <span class='ocrx_word' id='word_1_263' title='bbox 1095 3204 1304 3259; x_wconf 89' lang='lat' dir='ltr'>mereri</span> <span class='ocrx_word' id='word_1_264' title='bbox 1334 3203 1574 3259; x_wconf 87' lang='lat' dir='ltr'>discatis</span> <span class='ocrx_word' id='word_1_265' title='bbox 1606 3221 1618 3258; x_wconf 90' lang='lat'><strong>:</strong></span> <span class='ocrx_word' id='word_1_266' title='bbox 1655 3205 1807 3275; x_wconf 89' lang='lat' dir='ltr'>quod</span> <span class='ocrx_word' id='word_1_267' title='bbox 1842 3204 1966 3275; x_wconf 91' lang='lat' dir='ltr'>qui-</span> 
     </span>
    </p>
   </div>
   <div class='ocr_carea' id='block_1_33' title="bbox 312 3293 1967 3365">
    <p class='ocr_par' dir='ltr' id='par_1_33' title="bbox 312 3293 1967 3365">
     <span class='ocr_line' id='line_1_33' title="bbox 312 3293 1967 3365; baseline 0 -18"><span class='ocrx_word' id='word_1_268' title='bbox 312 3294 443 3347; x_wconf 91' lang='lat' dir='ltr'>dem</span> <span class='ocrx_word' id='word_1_269' title='bbox 478 3293 641 3348; x_wconf 88' lang='lat' dir='ltr'>vobis</span> <span class='ocrx_word' id='word_1_270' title='bbox 672 3293 993 3365; x_wconf 87' lang='lat' dir='ltr'>continget,</span> <span class='ocrx_word' id='word_1_271' title='bbox 1027 3294 1075 3347; x_wconf 90' lang='lat' dir='ltr'>si</span> <span class='ocrx_word' id='word_1_272' title='bbox 1105 3293 1192 3347; x_wconf 89' lang='lat' dir='ltr'>vel</span> <span class='ocrx_word' id='word_1_273' title='bbox 1224 3294 1282 3346; x_wconf 93' lang='lat' dir='ltr'>in</span> <span class='ocrx_word' id='word_1_274' title='bbox 1314 3309 1497 3347; x_wconf 92' lang='lat' dir='ltr'>unum</span> <span class='ocrx_word' id='word_1_275' title='bbox 1532 3309 1599 3347; x_wconf 85' lang='lat' dir='ltr'>ex</span> <span class='ocrx_word' id='word_1_276' title='bbox 1629 3293 1821 3364; x_wconf 88' lang='lat' dir='ltr'>parvis</span> <span class='ocrx_word' id='word_1_277' title='bbox 1847 3294 1890 3328; x_wconf 74' lang='lat'>9°</span> <span class='ocrx_word' id='word_1_278' title='bbox 1911 3296 1967 3347; x_wconf 90' lang='lat' dir='ltr'>et</span> 
     </span>
    </p>
   </div>
   <div class='ocr_carea' id='block_1_34' title="bbox 312 3380 1962 3453">
    <p class='ocr_par' dir='ltr' id='par_1_34' title="bbox 312 3380 1962 3453">
     <span class='ocr_line' id='line_1_34' title="bbox 312 3380 1962 3453; baseline 0 -16"><span class='ocrx_word' id='word_1_279' title='bbox 312 3382 554 3453; x_wconf 87' lang='lat' dir='ltr'>abjectis</span> <span class='ocrx_word' id='word_1_280' title='bbox 585 3382 923 3438; x_wconf 82' lang='lat' dir='ltr'>hominibus</span> <span class='ocrx_word' id='word_1_281' title='bbox 955 3381 1334 3453; x_wconf 87' lang='lat' dir='ltr'>benignitatis</span> <span class='ocrx_word' id='word_1_282' title='bbox 1366 3380 1588 3453; x_wconf 90' lang='lat' dir='ltr'>aliquid</span> <span class='ocrx_word' id='word_1_283' title='bbox 1629 3383 1962 3438; x_wconf 80' lang='lat' dir='ltr'>conferatis.</span> 
     </span>
    </p>
   </div>
   <div class='ocr_carea' id='block_1_35' title="bbox 311 3469 1963 3542">
    <p class='ocr_par' dir='ltr' id='par_1_35' title="bbox 311 3469 1963 3542">
     <span class='ocr_line' id='line_1_35' title="bbox 311 3469 1963 3542; baseline 0.001 -18"><span class='ocrx_word' id='word_1_284' title='bbox 311 3469 813 3534; x_wconf 89' lang='lat' dir='ltr'>Quemadmodum</span> <span class='ocrx_word' id='word_1_285' title='bbox 833 3470 987 3525; x_wconf 89' lang='lat' dir='ltr'>enim</span> <span class='ocrx_word' id='word_1_286' title='bbox 1009 3470 1104 3525; x_wconf 91' lang='lat' dir='ltr'>ille</span> <span class='ocrx_word' id='word_1_287' title='bbox 1122 3470 1333 3525; x_wconf 88' lang='lat' dir='ltr'>salutis</span> <span class='ocrx_word' id='word_1_288' title='bbox 1355 3487 1497 3525; x_wconf 86' lang='lat' dir='ltr'>meae</span> <span class='ocrx_word' id='word_1_289' title='bbox 1529 3487 1725 3534; x_wconf 85' lang='lat' dir='ltr'>causa,</span> <span class='ocrx_word' id='word_1_290' title='bbox 1747 3471 1963 3542; x_wconf 87' lang='lat' dir='ltr'>omnia,</span> 
     </span>
    </p>
   </div>
   <div class='ocr_carea' id='block_1_36' title="bbox 309 3558 1963 3631">
    <p class='ocr_par' dir='ltr' id='par_1_36' title="bbox 309 3558 1963 3631">
     <span class='ocr_line' id='line_1_36' title="bbox 309 3558 1963 3631; baseline 0 -18"><span class='ocrx_word' id='word_1_291' title='bbox 309 3574 673 3630; x_wconf 59' lang='lat' dir='ltr'>quaecunque</span> <span class='ocrx_word' id='word_1_292' title='bbox 726 3575 856 3614; x_wconf 91' lang='lat' dir='ltr'>sum</span> <span class='ocrx_word' id='word_1_293' title='bbox 900 3576 1026 3631; x_wconf 86' lang='lat' dir='ltr'>ego,</span> <span class='ocrx_word' id='word_1_294' title='bbox 1061 3566 1294 3630; x_wconf 84' lang='lat' dir='ltr'>peccato</span> <span class='ocrx_word' id='word_1_295' title='bbox 1343 3563 1601 3629; x_wconf 81' lang='lat' dir='ltr'>excepto,</span> <span class='ocrx_word' id='word_1_296' title='bbox 1638 3558 1824 3613; x_wconf 89' lang='lat' dir='ltr'>factus</span> <span class='ocrx_word' id='word_1_297' title='bbox 1855 3564 1963 3627; x_wconf 89' lang='lat' dir='ltr'>est,</span> 
     </span>
    </p>
   </div>
   <div class='ocr_carea' id='block_1_37' title="bbox 311 3646 1963 3717">
    <p class='ocr_par' dir='ltr' id='par_1_37' title="bbox 311 3646 1963 3717">
     <span class='ocr_line' id='line_1_37' title="bbox 311 3646 1963 3717; baseline 0.001 -16"><span class='ocrx_word' id='word_1_298' title='bbox 311 3647 385 3702; x_wconf 83' lang='lat' dir='ltr'>ita</span> <span class='ocrx_word' id='word_1_299' title='bbox 416 3648 501 3702; x_wconf 90' lang='lat' dir='ltr'>vel</span> <span class='ocrx_word' id='word_1_300' title='bbox 533 3647 781 3702; x_wconf 89' lang='lat' dir='ltr'>minima</span> <span class='ocrx_word' id='word_1_301' title='bbox 812 3663 942 3702; x_wconf 86' lang='lat' dir='ltr'>mea</span> <span class='ocrx_word' id='word_1_302' title='bbox 972 3646 1163 3702; x_wconf 83' lang='lat' dir='ltr'>ofﬁcia</span> <span class='ocrx_word' id='word_1_303' title='bbox 1193 3647 1251 3700; x_wconf 90' lang='lat' dir='ltr'>in</span> <span class='ocrx_word' id='word_1_304' title='bbox 1286 3663 1346 3701; x_wconf 89' lang='lat' dir='ltr'>se</span> <span class='ocrx_word' id='word_1_305' title='bbox 1387 3646 1631 3717; x_wconf 89' lang='lat' dir='ltr'>recipit;</span> <span class='ocrx_word' id='word_1_306' title='bbox 1664 3647 1783 3702; x_wconf 87' lang='lat' dir='ltr'>sive</span> <span class='ocrx_word' id='word_1_307' title='bbox 1814 3652 1963 3703; x_wconf 90' lang='lat' dir='ltr'>tecto</span> 
     </span>
    </p>
   </div>
   <div class='ocr_carea' id='block_1_38' title="bbox 309 3734 1964 3807">
    <p class='ocr_par' dir='ltr' id='par_1_38' title="bbox 309 3734 1964 3807">
     <span class='ocr_line' id='line_1_38' title="bbox 309 3734 1964 3807; baseline 0 -16"><span class='ocrx_word' id='word_1_308' title='bbox 309 3752 621 3807; x_wconf 88' lang='lat' dir='ltr'>pauperem</span> <span class='ocrx_word' id='word_1_309' title='bbox 655 3736 1109 3805; x_wconf 87' lang='lat' dir='ltr'>donaveris,sive</span> <span class='ocrx_word' id='word_1_310' title='bbox 1129 3736 1187 3790; x_wconf 92' lang='lat' dir='ltr'>in</span> <span class='ocrx_word' id='word_1_311' title='bbox 1206 3734 1440 3791; x_wconf 88' lang='lat' dir='ltr'>vincula</span> <span class='ocrx_word' id='word_1_312' title='bbox 1469 3738 1799 3807; x_wconf 87' lang='lat' dir='ltr'>conjectum</span> <span class='ocrx_word' id='word_1_313' title='bbox 1824 3737 1964 3791; x_wconf 91' lang='lat' dir='ltr'>invi-</span> 
     </span>
    </p>
   </div>
   <div class='ocr_carea' id='block_1_39' title="bbox 308 3820 1962 3898">
    <p class='ocr_par' dir='ltr' id='par_1_39' title="bbox 308 3820 1962 3898">
     <span class='ocr_line' id='line_1_39' title="bbox 308 3820 1962 3898; baseline 0.001 -19"><span class='ocrx_word' id='word_1_314' title='bbox 308 3826 476 3893; x_wconf 88' lang='lat' dir='ltr'>seris,</span> <span class='ocrx_word' id='word_1_315' title='bbox 514 3825 633 3882; x_wconf 89' lang='lat' dir='ltr'>sive</span> <span class='ocrx_word' id='word_1_316' title='bbox 663 3830 1040 3898; x_wconf 68' lang='lat' dir='ltr'>aegrotantem</span> <span class='ocrx_word' id='word_1_317' title='bbox 1075 3820 1313 3892; x_wconf 87' lang='lat' dir='ltr'>adieris,</span> <span class='ocrx_word' id='word_1_318' title='bbox 1348 3825 1469 3881; x_wconf 90' lang='lat' dir='ltr'>sive</span> <span class='ocrx_word' id='word_1_319' title='bbox 1500 3825 1773 3897; x_wconf 91' lang='lat' dir='ltr'>denique,</span> <span class='ocrx_word' id='word_1_320' title='bbox 1808 3828 1962 3898; x_wconf 91' lang='lat' dir='ltr'>quod</span> 
     </span>
    </p>
   </div>
   <div class='ocr_carea' id='block_1_40' title="bbox 2054 1059 3710 1137">
    <p class='ocr_par' dir='ltr' id='par_1_40' title="bbox 2054 1059 3710 1137">
     <span class='ocr_line' id='line_1_40' title="bbox 2054 1059 3710 1137; baseline 0 -22"><span class='ocrx_word' id='word_1_321' title='bbox 2054 1061 2230 1133; x_wconf 84' lang='grc' dir='ltr'>ὑμῶν.</span> <span class='ocrx_word' id='word_1_322' title='bbox 2290 1060 2573 1137; x_wconf 83' lang='grc' dir='ltr'>Ὑμέτερον</span> <span class='ocrx_word' id='word_1_323' title='bbox 2622 1062 2747 1137; x_wconf 80' lang='grc' dir='ltr'>γὰρ,</span> <span class='ocrx_word' id='word_1_324' title='bbox 2808 1061 2907 1116; x_wconf 78' lang='grc' dir='ltr'>οὐκ</span> <span class='ocrx_word' id='word_1_325' title='bbox 2966 1059 3124 1133; x_wconf 78' lang='grc' dir='ltr'>ἐμὸν,</span> <span class='ocrx_word' id='word_1_326' title='bbox 3182 1061 3244 1116; x_wconf 87' lang='grc' dir='ltr'>τὸ</span> <span class='ocrx_word' id='word_1_327' title='bbox 3300 1059 3511 1137; x_wconf 73' lang='grc' dir='ltr'>κέρδος·</span> <span class='ocrx_word' id='word_1_328' title='bbox 3573 1062 3619 1116; x_wconf 81' lang='grc' dir='ltr'>εἰ</span> <span class='ocrx_word' id='word_1_329' title='bbox 3654 1060 3710 1116; x_wconf 66' lang='grc' dir='ltr'>δὲ</span> 
     </span>
    </p>
   </div>
   <div class='ocr_carea' id='block_1_41' title="bbox 2051 1150 3708 1228">
    <p class='ocr_par' dir='ltr' id='par_1_41' title="bbox 2051 1150 3708 1228">
     <span class='ocr_line' id='line_1_41' title="bbox 2051 1150 3708 1228; baseline 0.001 -25"><span class='ocrx_word' id='word_1_330' title='bbox 2051 1150 2140 1204; x_wconf 80' lang='grc' dir='ltr'>καὶ</span> <span class='ocrx_word' id='word_1_331' title='bbox 2200 1153 2491 1225; x_wconf 63' lang='grc' dir='ltr'>ἡμέτερον,</span> <span class='ocrx_word' id='word_1_332' title='bbox 2569 1152 2653 1205; x_wconf 73' lang='grc' dir='ltr'>’ὀτί</span> <span class='ocrx_word' id='word_1_333' title='bbox 2726 1150 3007 1226; x_wconf 67' lang='grc' dir='ltr'>ὑμέτερον,</span> <span class='ocrx_word' id='word_1_334' title='bbox 3088 1151 3544 1228; x_wconf 77' lang='grc' dir='ltr'>ἀντιστρεφούσης</span> <span class='ocrx_word' id='word_1_335' title='bbox 3609 1158 3708 1220; x_wconf 82' lang='grc' dir='ltr'>τῆς</span> 
     </span>
    </p>
   </div>
   <div class='ocr_carea' id='block_1_42' title="bbox 2054 1238 3710 1317">
    <p class='ocr_par' dir='ltr' id='par_1_42' title="bbox 2054 1238 3710 1317">
     <span class='ocr_line' id='line_1_42' title="bbox 2054 1238 3710 1317; baseline 0.003 -24"><span class='ocrx_word' id='word_1_336' title='bbox 2054 1239 2319 1316; x_wconf 76' lang='grc' dir='ltr'>ὡφελείας</span> <span class='ocrx_word' id='word_1_337' title='bbox 2353 1240 2440 1317; x_wconf 73' lang='grc' dir='ltr'>ἀφ’</span> <span class='ocrx_word' id='word_1_338' title='bbox 2466 1241 2613 1311; x_wconf 84' lang='grc' dir='ltr'>ὑμῶν</span> <span class='ocrx_word' id='word_1_339' title='bbox 2648 1239 2722 1300; x_wconf 81' lang='grc' dir='ltr'>εἰς</span> <span class='ocrx_word' id='word_1_340' title='bbox 2769 1242 2939 1311; x_wconf 76' lang='grc' dir='ltr'>ἡμᾶς,</span> <span class='ocrx_word' id='word_1_341' title='bbox 2998 1238 3177 1316; x_wconf 81' lang='grc' dir='ltr'>ὥσπερ</span> <span class='ocrx_word' id='word_1_342' title='bbox 3233 1239 3285 1294; x_wconf 68' lang='grc' dir='ltr'>ἐν</span> <span class='ocrx_word' id='word_1_343' title='bbox 3344 1244 3464 1301; x_wconf 84' lang='grc' dir='ltr'>ταῖς</span> <span class='ocrx_word' id='word_1_344' title='bbox 3524 1239 3710 1315; x_wconf 78' lang='grc' dir='ltr'>αὐγαῖς</span> 
     </span>
    </p>
   </div>
   <div class='ocr_carea' id='block_1_43' title="bbox 2051 1326 3710 1405">
    <p class='ocr_par' dir='ltr' id='par_1_43' title="bbox 2051 1326 3710 1405">
     <span class='ocr_line' id='line_1_43' title="bbox 2051 1326 3710 1405; baseline 0 -22"><span class='ocrx_word' id='word_1_345' title='bbox 2051 1333 2159 1383; x_wconf 86' lang='grc' dir='ltr'>τῶν</span> <span class='ocrx_word' id='word_1_346' title='bbox 2209 1326 2671 1385; x_wconf 82' lang='grc' dir='ltr'>ἀντανακλάσεων.</span> <span class='ocrx_word' id='word_1_347' title='bbox 2723 1328 2786 1385; x_wconf 83' lang='grc' dir='ltr'>Εἰ</span> <span class='ocrx_word' id='word_1_348' title='bbox 2836 1328 3389 1405; x_wconf 75' lang='grc' dir='ltr'>ἐπτωχοτροφήσατε,</span> <span class='ocrx_word' id='word_1_349' title='bbox 3433 1328 3478 1382; x_wconf 84' lang='grc' dir='ltr'>εἷ</span> <span class='ocrx_word' id='word_1_350' title='bbox 3538 1328 3710 1398; x_wconf 77' lang='grc' dir='ltr'>ἐξενο-</span> 
     </span>
    </p>
   </div>
   <div class='ocr_carea' id='block_1_44' title="bbox 2057 1414 3711 1494">
    <p class='ocr_par' dir='ltr' id='par_1_44' title="bbox 2057 1414 3711 1494">
     <span class='ocr_line' id='line_1_44' title="bbox 2057 1414 3711 1494; baseline -0.002 -23"><span class='ocrx_word' id='word_1_351' title='bbox 2057 1414 2351 1492; x_wconf 75' lang='grc' dir='ltr'>δοχήσατε,</span> <span class='ocrx_word' id='word_1_352' title='bbox 2402 1416 2447 1471; x_wconf 79' lang='grc' dir='ltr'>εἰ</span> <span class='ocrx_word' id='word_1_353' title='bbox 2499 1417 2667 1491; x_wconf 73' lang='grc' dir='ltr'>ἁγίων</span> <span class='ocrx_word' id='word_1_354' title='bbox 2711 1414 2881 1479; x_wconf 79' lang='grc' dir='ltr'>πόδας</span> <span class='ocrx_word' id='word_1_355' title='bbox 2931 1415 3163 1490; x_wconf 76' lang='grc' dir='ltr'>ἐνίψατε,</span> <span class='ocrx_word' id='word_1_356' title='bbox 3200 1417 3245 1471; x_wconf 78' lang='grc' dir='ltr'>εἰ</span> <span class='ocrx_word' id='word_1_357' title='bbox 3276 1420 3582 1494; x_wconf 73' lang='grc' dir='ltr'>τρυφῶντες</span> 
     </span>
    </p>
   </div>
   <div class='ocr_carea' id='block_1_45' title="bbox 2052 1503 3707 1583">
    <p class='ocr_par' dir='ltr' id='par_1_45' title="bbox 2052 1503 3707 1583">
     <span class='ocr_line' id='line_1_45' title="bbox 2052 1503 3707 1583; baseline -0.001 -22"><span class='ocrx_word' id='word_1_358' title='bbox 2052 1505 2457 1583; x_wconf 80' lang='grc' dir='ltr'>καταργουμένῃ</span> <span class='ocrx_word' id='word_1_359' title='bbox 2514 1506 2706 1581; x_wconf 83' lang='grc' dir='ltr'>γαστρὶ</span> <span class='ocrx_word' id='word_1_360' title='bbox 2766 1503 3027 1576; x_wconf 83' lang='grc' dir='ltr'>(δεδόσθω</span> <span class='ocrx_word' id='word_1_361' title='bbox 3106 1506 3254 1581; x_wconf 78' lang='grc' dir='ltr'>γὰρ),</span> <span class='ocrx_word' id='word_1_362' title='bbox 3314 1505 3405 1560; x_wconf 84' lang='grc' dir='ltr'>καὶ</span> <span class='ocrx_word' id='word_1_363' title='bbox 3456 1503 3544 1560; x_wconf 85' lang='grc' dir='ltr'>’διά</span> <span class='ocrx_word' id='word_1_364' title='bbox 3598 1509 3707 1559; x_wconf 83' lang='grc' dir='ltr'>τῶν</span> 
     </span>
    </p>
   </div>
   <div class='ocr_carea' id='block_1_46' title="bbox 2054 1594 3710 1673">
    <p class='ocr_par' dir='ltr' id='par_1_46' title="bbox 2054 1594 3710 1673">
     <span class='ocr_line' id='line_1_46' title="bbox 2054 1594 3710 1673; baseline -0.001 -23"><span class='ocrx_word' id='word_1_365' title='bbox 2054 1594 2288 1651; x_wconf 73' lang='grc' dir='ltr'>ἐντολῶν</span> <span class='ocrx_word' id='word_1_366' title='bbox 2318 1595 2683 1672; x_wconf 74' lang='grc' dir='ltr'>ἐτρυφήσατε;</span> <span class='ocrx_word' id='word_1_367' title='bbox 2747 1596 2821 1657; x_wconf 84' lang='grc' dir='ltr'>ὡς</span> <span class='ocrx_word' id='word_1_368' title='bbox 2876 1594 2974 1649; x_wconf 76' lang='grc' dir='ltr'>οὐκ</span> <span class='ocrx_word' id='word_1_369' title='bbox 3030 1594 3139 1649; x_wconf 79' lang='grc' dir='ltr'>ἔστι</span> <span class='ocrx_word' id='word_1_370' title='bbox 3190 1596 3390 1665; x_wconf 82' lang='grc' dir='ltr'>ταύτης</span> <span class='ocrx_word' id='word_1_371' title='bbox 3416 1597 3593 1673; x_wconf 71' lang='grc' dir='ltr'>τρυφή</span> <span class='ocrx_word' id='word_1_372' title='bbox 3626 1617 3710 1656; x_wconf 86' lang='grc' dir='ltr'>τις</span> 
     </span>
    </p>
   </div>
   <div class='ocr_carea' id='block_1_47' title="bbox 2054 1682 3712 1761">
    <p class='ocr_par' dir='ltr' id='par_1_47' title="bbox 2054 1682 3712 1761">
     <span class='ocr_line' id='line_1_47' title="bbox 2054 1682 3712 1761; baseline 0 -22"><span class='ocrx_word' id='word_1_373' title='bbox 2054 1684 2314 1757; x_wconf 78' lang='grc' dir='ltr'>ἀμείνων,</span> <span class='ocrx_word' id='word_1_374' title='bbox 2374 1682 2498 1738; x_wconf 77' lang='grc' dir='ltr'>οὐδὲ</span> <span class='ocrx_word' id='word_1_375' title='bbox 2559 1683 2904 1757; x_wconf 74' lang='grc' dir='ltr'>μονιμωτέρα</span> <span class='ocrx_word' id='word_1_376' title='bbox 2964 1689 3079 1745; x_wconf 83' lang='grc' dir='ltr'>τοῖς</span> <span class='ocrx_word' id='word_1_377' title='bbox 3148 1704 3351 1761; x_wconf 76' lang='grc' dir='ltr'>τρυιρᾳν</span> <span class='ocrx_word' id='word_1_378' title='bbox 3412 1683 3712 1747; x_wconf 69' lang='grc' dir='ltr'>ἐθέλουσιν.</span> 
     </span>
    </p>
   </div>
   <div class='ocr_carea' id='block_1_48' title="bbox 2055 1772 3709 1849">
    <p class='ocr_par' dir='ltr' id='par_1_48' title="bbox 2055 1772 3709 1849">
     <span class='ocr_line' id='line_1_48' title="bbox 2055 1772 3709 1849; baseline -0.001 -20"><span class='ocrx_word' id='word_1_379' title='bbox 2055 1772 2128 1829; x_wconf 37' lang='grc' dir='ltr'>Εἰ(</span> <span class='ocrx_word' id='word_1_380' title='bbox 2167 1794 2312 1836; x_wconf 82' lang='grc' dir='ltr'>τινας</span> <span class='ocrx_word' id='word_1_381' title='bbox 2364 1776 2474 1847; x_wconf 86' lang='grc'>(46)</span> <span class='ocrx_word' id='word_1_382' title='bbox 2524 1777 2630 1827; x_wconf 85' lang='grc' dir='ltr'>τῶν</span> <span class='ocrx_word' id='word_1_383' title='bbox 2684 1772 3143 1849; x_wconf 83' lang='grc' dir='ltr'>λειτουργούντων</span> <span class='ocrx_word' id='word_1_384' title='bbox 3190 1777 3269 1845; x_wconf 78' lang='grc' dir='ltr'>τῷ</span> <span class='ocrx_word' id='word_1_385' title='bbox 3320 1773 3709 1849; x_wconf 74' lang='grc' dir='ltr'>Θυσιαπηρίφ,</span> 
     </span>
    </p>
   </div>
   <div class='ocr_carea' id='block_1_49' title="bbox 2055 1861 3709 1937">
    <p class='ocr_par' dir='ltr' id='par_1_49' title="bbox 2055 1861 3709 1937">
     <span class='ocr_line' id='line_1_49' title="bbox 2055 1861 3709 1937; baseline -0.001 -20"><span class='ocrx_word' id='word_1_386' title='bbox 2055 1863 2143 1917; x_wconf 83' lang='grc' dir='ltr'>καὶ</span> <span class='ocrx_word' id='word_1_387' title='bbox 2173 1861 2357 1924; x_wconf 80' lang='grc' dir='ltr'>καλῶς</span> <span class='ocrx_word' id='word_1_388' title='bbox 2402 1864 2707 1935; x_wconf 70' lang='grc' dir='ltr'>πενομένων</span> <span class='ocrx_word' id='word_1_389' title='bbox 2747 1861 2893 1934; x_wconf 82' lang='grc' dir='ltr'>(δότε</span> <span class='ocrx_word' id='word_1_390' title='bbox 2922 1862 3023 1937; x_wconf 85' lang='grc' dir='ltr'>γάρ</span> <span class='ocrx_word' id='word_1_391' title='bbox 3060 1883 3153 1935; x_wconf 87' lang='grc' dir='ltr'>μοι</span> <span class='ocrx_word' id='word_1_392' title='bbox 3181 1862 3270 1917; x_wconf 76' lang='grc' dir='ltr'>καὶ</span> <span class='ocrx_word' id='word_1_393' title='bbox 3300 1867 3461 1917; x_wconf 70' lang='grc' dir='ltr'>τοῦτο</span> <span class='ocrx_word' id='word_1_394' title='bbox 3495 1863 3709 1933; x_wconf 74' lang='grc' dir='ltr'>εἰπεῖν),</span> 
     </span>
    </p>
   </div>
   <div class='ocr_carea' id='block_1_50' title="bbox 2057 1949 3711 2025">
    <p class='ocr_par' dir='ltr' id='par_1_50' title="bbox 2057 1949 3711 2025">
     <span class='ocr_line' id='line_1_50' title="bbox 2057 1949 3711 2025; baseline 0.001 -20"><span class='ocrx_word' id='word_1_395' title='bbox 2057 1951 2131 2013; x_wconf 83' lang='grc' dir='ltr'>εἷς</span> <span class='ocrx_word' id='word_1_396' title='bbox 2165 1949 2391 2023; x_wconf 81' lang='grc' dir='ltr'>δύναμιν</span> <span class='ocrx_word' id='word_1_397' title='bbox 2442 1950 2787 2024; x_wconf 82' lang='grc' dir='ltr'>ἀνεπαύσατε,</span> <span class='ocrx_word' id='word_1_398' title='bbox 2823 1950 2894 2005; x_wconf 70' lang='grc' dir='ltr'>’ἶν’</span> <span class='ocrx_word' id='word_1_399' title='bbox 2944 1951 3355 2014; x_wconf 70' lang='grc' dir='ltr'>ἀπερισπάστως</span> <span class='ocrx_word' id='word_1_400' title='bbox 3409 1954 3524 2025; x_wconf 88' lang='grc'>(47)</span> <span class='ocrx_word' id='word_1_401' title='bbox 3568 1953 3711 2025; x_wconf 78' lang='grc' dir='ltr'>μᾶλ-</span> 
     </span>
    </p>
   </div>
   <div class='ocr_carea' id='block_1_51' title="bbox 2060 2038 3710 2116">
    <p class='ocr_par' dir='ltr' id='par_1_51' title="bbox 2060 2038 3710 2116">
     <span class='ocr_line' id='line_1_51' title="bbox 2060 2038 3710 2116; baseline -0.001 -20"><span class='ocrx_word' id='word_1_402' title='bbox 2060 2041 2155 2096; x_wconf 86' lang='grc' dir='ltr'>λον</span> <span class='ocrx_word' id='word_1_403' title='bbox 2204 2046 2281 2112; x_wconf 79' lang='grc' dir='ltr'>τῷ</span> <span class='ocrx_word' id='word_1_404' title='bbox 2341 2041 2705 2116; x_wconf 76' lang='grc' dir='ltr'>θυσιαστηρίῳ</span> <span class='ocrx_word' id='word_1_405' title='bbox 2772 2038 3141 2116; x_wconf 81' lang='grc' dir='ltr'>παρεδρεύωσι</span> <span class='ocrx_word' id='word_1_406' title='bbox 3199 2044 3335 2114; x_wconf 77' lang='grc'>(48),</span> <span class='ocrx_word' id='word_1_407' title='bbox 3394 2041 3484 2095; x_wconf 86' lang='grc' dir='ltr'>καὶ</span> <span class='ocrx_word' id='word_1_408' title='bbox 3547 2062 3710 2113; x_wconf 72' lang='grc' dir='ltr'>μετα-</span> 
     </span>
    </p>
   </div>
   <div class='ocr_carea' id='block_1_52' title="bbox 2060 2124 3707 2205">
    <p class='ocr_par' dir='ltr' id='par_1_52' title="bbox 2060 2124 3707 2205">
     <span class='ocr_line' id='line_1_52' title="bbox 2060 2124 3707 2205; baseline 0 -22"><span class='ocrx_word' id='word_1_409' title='bbox 2060 2124 2426 2201; x_wconf 73' lang='grc' dir='ltr'>λαμϐάνοντες</span> <span class='ocrx_word' id='word_1_410' title='bbox 2473 2134 2579 2183; x_wconf 86' lang='grc' dir='ltr'>τῶν</span> <span class='ocrx_word' id='word_1_411' title='bbox 2633 2130 2925 2204; x_wconf 69' lang='grc' dir='ltr'>ὑμετέρων,</span> <span class='ocrx_word' id='word_1_412' title='bbox 2980 2131 3048 2183; x_wconf 77' lang='grc' dir='ltr'>τὰ</span> <span class='ocrx_word' id='word_1_413' title='bbox 3085 2130 3211 2205; x_wconf 89' lang='grc' dir='ltr'>παρ’</span> <span class='ocrx_word' id='word_1_414' title='bbox 3268 2129 3471 2183; x_wconf 70' lang='grc' dir='ltr'>ἑαυτῶν</span> <span class='ocrx_word' id='word_1_415' title='bbox 3502 2130 3707 2184; x_wconf 80' lang='grc' dir='ltr'>ἀντεισ-</span> 
     </span>
    </p>
   </div>
   <div class='ocr_carea' id='block_1_53' title="bbox 2061 2217 3712 2296">
    <p class='ocr_par' dir='ltr' id='par_1_53' title="bbox 2061 2217 3712 2296">
     <span class='ocr_line' id='line_1_53' title="bbox 2061 2217 3712 2296; baseline -0.001 -24"><span class='ocrx_word' id='word_1_416' title='bbox 2061 2217 2333 2296; x_wconf 52' lang='grc' dir='ltr'>φᾶρωσιη</span> <span class='ocrx_word' id='word_1_417' title='bbox 2384 2218 2459 2280; x_wconf 84' lang='grc' dir='ltr'>ὡς</span> <span class='ocrx_word' id='word_1_418' title='bbox 2508 2219 2735 2293; x_wconf 82' lang='grc' dir='ltr'>αἰσχρὸν</span> <span class='ocrx_word' id='word_1_419' title='bbox 2784 2223 2952 2273; x_wconf 79' lang='grc' dir='ltr'>ταῦτα</span> <span class='ocrx_word' id='word_1_420' title='bbox 2999 2217 3089 2273; x_wconf 82' lang='grc' dir='ltr'>καὶ</span> <span class='ocrx_word' id='word_1_421' title='bbox 3136 2220 3285 2291; x_wconf 83' lang='grc' dir='ltr'>ἡμᾶς</span> <span class='ocrx_word' id='word_1_422' title='bbox 3327 2220 3593 2288; x_wconf 80' lang='grc' dir='ltr'>ἀπαιτεῖν,</span> <span class='ocrx_word' id='word_1_423' title='bbox 3622 2218 3712 2273; x_wconf 81' lang='grc' dir='ltr'>καὶ</span> 
     </span>
    </p>
   </div>
   <div class='ocr_carea' id='block_1_54' title="bbox 2065 2304 3715 2383">
    <p class='ocr_par' dir='ltr' id='par_1_54' title="bbox 2065 2304 3715 2383">
     <span class='ocr_line' id='line_1_54' title="bbox 2065 2304 3715 2383; baseline -0.001 -22"><span class='ocrx_word' id='word_1_424' title='bbox 2065 2308 2139 2379; x_wconf 82' lang='grc' dir='ltr'>μὴ</span> <span class='ocrx_word' id='word_1_425' title='bbox 2194 2306 2452 2383; x_wconf 72' lang='grc' dir='ltr'>παρέχειν</span> <span class='ocrx_word' id='word_1_426' title='bbox 2508 2306 2668 2379; x_wconf 77' lang='grc' dir='ltr'>ὑμᾶς.</span> <span class='ocrx_word' id='word_1_427' title='bbox 2726 2307 2836 2362; x_wconf 73' lang='grc' dir='ltr'>Οὐκ</span> <span class='ocrx_word' id='word_1_428' title='bbox 2884 2306 3204 2374; x_wconf 74' lang='grc' dir='ltr'>ἐνουθέτησα</span> <span class='ocrx_word' id='word_1_429' title='bbox 3262 2304 3320 2362; x_wconf 80' lang='grc' dir='ltr'>δὶ</span> <span class='ocrx_word' id='word_1_430' title='bbox 3376 2312 3563 2380; x_wconf 76' lang='grc' dir='ltr'>ταῦτα,</span> <span class='ocrx_word' id='word_1_431' title='bbox 3620 2305 3715 2361; x_wconf 75' lang='grc' dir='ltr'>’ἶνα</span> 
     </span>
    </p>
   </div>
   <div class='ocr_carea' id='block_1_55' title="bbox 2064 2394 3718 2471">
    <p class='ocr_par' dir='ltr' id='par_1_55' title="bbox 2064 2394 3718 2471">
     <span class='ocr_line' id='line_1_55' title="bbox 2064 2394 3718 2471; baseline 0.001 -21"><span class='ocrx_word' id='word_1_432' title='bbox 2064 2395 2235 2457; x_wconf 71' lang='grc' dir='ltr'>οὕτως</span> <span class='ocrx_word' id='word_1_433' title='bbox 2265 2396 2315 2450; x_wconf 81' lang='grc' dir='ltr'>ἐν</span> <span class='ocrx_word' id='word_1_434' title='bbox 2350 2395 2471 2469; x_wconf 83' lang='grc' dir='ltr'>ἐμοὶ</span> <span class='ocrx_word' id='word_1_435' title='bbox 2503 2396 2724 2470; x_wconf 80' lang='grc' dir='ltr'>γένηται</span> <span class='ocrx_word' id='word_1_436' title='bbox 2754 2394 2943 2468; x_wconf 81' lang='grc' dir='ltr'>(καλὸν</span> <span class='ocrx_word' id='word_1_437' title='bbox 3003 2396 3107 2471; x_wconf 79' lang='grc' dir='ltr'>γὰρ</span> <span class='ocrx_word' id='word_1_438' title='bbox 3170 2418 3264 2469; x_wconf 91' lang='grc' dir='ltr'>μοι</span> <span class='ocrx_word' id='word_1_439' title='bbox 3312 2396 3524 2469; x_wconf 78' lang='grc' dir='ltr'>μᾶλλον</span> <span class='ocrx_word' id='word_1_440' title='bbox 3575 2396 3718 2451; x_wconf 82' lang='grc' dir='ltr'>ἀπο-</span> 
     </span>
    </p>
   </div>
   <div class='ocr_carea' id='block_1_56' title="bbox 2067 2483 3717 2561">
    <p class='ocr_par' dir='ltr' id='par_1_56' title="bbox 2067 2483 3717 2561">
     <span class='ocr_line' id='line_1_56' title="bbox 2067 2483 3717 2561; baseline 0 -23"><span class='ocrx_word' id='word_1_441' title='bbox 2067 2485 2263 2554; x_wconf 81' lang='grc' dir='ltr'>Θανεῖν,</span> <span class='ocrx_word' id='word_1_442' title='bbox 2315 2485 2349 2553; x_wconf 72' lang='grc' dir='ltr'><strong>ἢ</strong></span> <span class='ocrx_word' id='word_1_443' title='bbox 2399 2485 2694 2555; x_wconf 80' lang='grc' dir='ltr'>κενωθῆναί</span> <span class='ocrx_word' id='word_1_444' title='bbox 2746 2507 2849 2558; x_wconf 90' lang='grc' dir='ltr'>μου</span> <span class='ocrx_word' id='word_1_445' title='bbox 2895 2487 2958 2540; x_wconf 90' lang='grc' dir='ltr'>τὸ</span> <span class='ocrx_word' id='word_1_446' title='bbox 3011 2486 3301 2561; x_wconf 83' lang='grc' dir='ltr'>καύχημα,</span> <span class='ocrx_word' id='word_1_447' title='bbox 3345 2487 3437 2540; x_wconf 82' lang='grc' dir='ltr'>καὶ</span> <span class='ocrx_word' id='word_1_448' title='bbox 3485 2483 3717 2559; x_wconf 72' lang='grc' dir='ltr'>ἄμισθον</span> 
     </span>
    </p>
   </div>
   <div class='ocr_carea' id='block_1_57' title="bbox 2072 2574 3717 2652">
    <p class='ocr_par' dir='ltr' id='par_1_57' title="bbox 2072 2574 3717 2652">
     <span class='ocr_line' id='line_1_57' title="bbox 2072 2574 3717 2652; baseline 0 -24"><span class='ocrx_word' id='word_1_449' title='bbox 2072 2596 2163 2647; x_wconf 86' lang='grc' dir='ltr'>μοι</span> <span class='ocrx_word' id='word_1_450' title='bbox 2215 2574 2457 2649; x_wconf 71' lang='grc' dir='ltr'>γενέσθαι</span> <span class='ocrx_word' id='word_1_451' title='bbox 2513 2575 2574 2629; x_wconf 88' lang='grc' dir='ltr'>τὸ</span> <span class='ocrx_word' id='word_1_452' title='bbox 2632 2574 2959 2651; x_wconf 76' lang='grc' dir='ltr'>Εύαγγὲλιον</span> <span class='ocrx_word' id='word_1_453' title='bbox 3012 2575 3233 2630; x_wconf 76' lang='grc' dir='ltr'>ἐνταῦθα</span> <span class='ocrx_word' id='word_1_454' title='bbox 3280 2574 3717 2652; x_wconf 78' lang='grc' dir='ltr'>καρπωσαμένῳ.</span> 
     </span>
    </p>
   </div>
   <div class='ocr_carea' id='block_1_58' title="bbox 2066 2663 3719 2740">
    <p class='ocr_par' dir='ltr' id='par_1_58' title="bbox 2066 2663 3719 2740">
     <span class='ocr_line' id='line_1_58' title="bbox 2066 2663 3719 2740; baseline -0.001 -22"><span class='ocrx_word' id='word_1_455' title='bbox 2066 2665 2136 2718; x_wconf 88' lang='grc' dir='ltr'>Τὸ</span> <span class='ocrx_word' id='word_1_456' title='bbox 2191 2664 2283 2736; x_wconf 71' lang='grc' dir='ltr'>μὲν</span> <span class='ocrx_word' id='word_1_457' title='bbox 2335 2663 2436 2738; x_wconf 74' lang='grc' dir='ltr'>γὰρ</span> <span class='ocrx_word' id='word_1_458' title='bbox 2486 2663 2930 2739; x_wconf 75' lang='grc' dir='ltr'>εὐαγγελίσασθαι</span> <span class='ocrx_word' id='word_1_459' title='bbox 2978 2667 3111 2739; x_wconf 80' lang='grc'>(49),</span> <span class='ocrx_word' id='word_1_460' title='bbox 3169 2671 3265 2733; x_wconf 85' lang='grc' dir='ltr'>τῆς</span> <span class='ocrx_word' id='word_1_461' title='bbox 3328 2664 3568 2740; x_wconf 78' lang='grc' dir='ltr'>ἀνάγκης</span> <span class='ocrx_word' id='word_1_462' title='bbox 3605 2683 3618 2698; x_wconf 80' lang='grc'><em>’</em></span> <span class='ocrx_word' id='word_1_463' title='bbox 3682 2668 3719 2733; x_wconf 76' lang='grc' dir='ltr'>ἡ</span> 
     </span>
    </p>
   </div>
   <div class='ocr_carea' id='block_1_59' title="bbox 2070 2749 3725 2831">
    <p class='ocr_par' dir='ltr' id='par_1_59' title="bbox 2070 2749 3725 2831">
     <span class='ocr_line' id='line_1_59' title="bbox 2070 2749 3725 2831; baseline 0.001 -25"><span class='ocrx_word' id='word_1_464' title='bbox 2070 2751 2361 2831; x_wconf 73' lang='grc' dir='ltr'>φιλοτιμία</span> <span class='ocrx_word' id='word_1_465' title='bbox 2418 2749 2495 2822; x_wconf 72' lang='grc' dir='ltr'>δὲ,</span> <span class='ocrx_word' id='word_1_466' title='bbox 2561 2754 2625 2807; x_wconf 81' lang='grc' dir='ltr'>τὸ</span> <span class='ocrx_word' id='word_1_467' title='bbox 2682 2751 2993 2827; x_wconf 58' lang='grc' dir='ltr'>ἀδάπανον)</span> <span class='ocrx_word' id='word_1_468' title='bbox 3047 2751 3172 2809; x_wconf 86' lang='grc' dir='ltr'>ἀλλ’</span> <span class='ocrx_word' id='word_1_469' title='bbox 3196 2752 3268 2808; x_wconf 64' lang='grc' dir='ltr'>’ἶν’</span> <span class='ocrx_word' id='word_1_470' title='bbox 3303 2755 3457 2827; x_wconf 75' lang='grc' dir='ltr'>ὑμεῖς</span> <span class='ocrx_word' id='word_1_471' title='bbox 3517 2756 3725 2827; x_wconf 77' lang='grc' dir='ltr'>μάθητε</span> 
     </span>
    </p>
   </div>
   <div class='ocr_carea' id='block_1_60' title="bbox 2072 2840 3723 2917">
    <p class='ocr_par' dir='ltr' id='par_1_60' title="bbox 2072 2840 3723 2917">
     <span class='ocr_line' id='line_1_60' title="bbox 2072 2840 3723 2917; baseline -0.001 -20"><span class='ocrx_word' id='word_1_472' title='bbox 2072 2842 2296 2917; x_wconf 76' lang='grc' dir='ltr'>Χριστὸν</span> <span class='ocrx_word' id='word_1_473' title='bbox 2352 2843 2407 2895; x_wconf 75' lang='grc' dir='ltr'>εὖ</span> <span class='ocrx_word' id='word_1_474' title='bbox 2456 2848 2654 2914; x_wconf 77' lang='grc' dir='ltr'>ποιεῖν,</span> <span class='ocrx_word' id='word_1_475' title='bbox 2702 2840 2789 2896; x_wconf 77' lang='grc' dir='ltr'>διὰ</span> <span class='ocrx_word' id='word_1_476' title='bbox 2828 2847 2925 2897; x_wconf 77' lang='grc' dir='ltr'>τοῦ</span> <span class='ocrx_word' id='word_1_477' title='bbox 2972 2842 3063 2897; x_wconf 84' lang='grc' dir='ltr'>καὶ</span> <span class='ocrx_word' id='word_1_478' title='bbox 3106 2847 3214 2897; x_wconf 85' lang='grc' dir='ltr'>τῶν</span> <span class='ocrx_word' id='word_1_479' title='bbox 3261 2848 3465 2917; x_wconf 83' lang='grc' dir='ltr'>μικρῶν</span> <span class='ocrx_word' id='word_1_480' title='bbox 3516 2864 3634 2897; x_wconf 88' lang='grc' dir='ltr'>τινα</span> <span class='ocrx_word' id='word_1_481' title='bbox 3666 2844 3723 2897; x_wconf 75' lang='grc' dir='ltr'>εὖ</span> 
     </span>
    </p>
   </div>
   <div class='ocr_carea' id='block_1_61' title="bbox 2071 2928 3721 3008">
    <p class='ocr_par' dir='ltr' id='par_1_61' title="bbox 2071 2928 3721 3008">
     <span class='ocr_line' id='line_1_61' title="bbox 2071 2928 3721 3008; baseline 0.001 -23"><span class='ocrx_word' id='word_1_482' title='bbox 2071 2936 2266 2987; x_wconf 81' lang='grc' dir='ltr'>ποιεῖν.</span> <span class='ocrx_word' id='word_1_483' title='bbox 2329 2928 2568 3002; x_wconf 77' lang='grc' dir='ltr'>Ἐπειδὴ,</span> <span class='ocrx_word' id='word_1_484' title='bbox 2621 2932 2694 2993; x_wconf 84' lang='grc' dir='ltr'>ὡς</span> <span class='ocrx_word' id='word_1_485' title='bbox 2749 2931 2921 2986; x_wconf 88' lang='grc' dir='ltr'>πάντα</span> <span class='ocrx_word' id='word_1_486' title='bbox 2966 2932 3066 2986; x_wconf 87' lang='grc' dir='ltr'>’ὀσα</span> <span class='ocrx_word' id='word_1_487' title='bbox 3095 2932 3224 3007; x_wconf 78' lang='grc' dir='ltr'>ἐγὼ,</span> <span class='ocrx_word' id='word_1_488' title='bbox 3257 2931 3402 3001; x_wconf 76' lang='grc' dir='ltr'>πλὴν</span> <span class='ocrx_word' id='word_1_489' title='bbox 3432 2932 3721 3008; x_wconf 78' lang='grc' dir='ltr'>ἁμαρτίας,</span> 
     </span>
    </p>
   </div>
   <div class='ocr_carea' id='block_1_62' title="bbox 2073 3018 3725 3096">
    <p class='ocr_par' dir='ltr' id='par_1_62' title="bbox 2073 3018 3725 3096">
     <span class='ocr_line' id='line_1_62' title="bbox 2073 3018 3725 3096; baseline 0 -23"><span class='ocrx_word' id='word_1_490' title='bbox 2073 3020 2283 3094; x_wconf 66' lang='grc' dir='ltr'>ἐγένετο</span> <span class='ocrx_word' id='word_1_491' title='bbox 2319 3018 2387 3073; x_wconf 77' lang='grc' dir='ltr'>δι’</span> <span class='ocrx_word' id='word_1_492' title='bbox 2427 3018 2523 3092; x_wconf 71' lang='grc' dir='ltr'>ἐμὲ</span> <span class='ocrx_word' id='word_1_493' title='bbox 2547 3038 2560 3051; x_wconf 87' lang='grc'><strong>·</strong></span> <span class='ocrx_word' id='word_1_494' title='bbox 2594 3018 2736 3073; x_wconf 79' lang='grc' dir='ltr'>οὕτω</span> <span class='ocrx_word' id='word_1_495' title='bbox 2793 3019 2882 3074; x_wconf 84' lang='grc' dir='ltr'>καὶ</span> <span class='ocrx_word' id='word_1_496' title='bbox 2913 3021 2980 3074; x_wconf 80' lang='grc' dir='ltr'>τὰ</span> <span class='ocrx_word' id='word_1_497' title='bbox 3026 3018 3291 3096; x_wconf 78' lang='grc' dir='ltr'>ἐλάχιστα</span> <span class='ocrx_word' id='word_1_498' title='bbox 3326 3024 3432 3075; x_wconf 87' lang='grc' dir='ltr'>τῶν</span> <span class='ocrx_word' id='word_1_499' title='bbox 3469 3019 3613 3093; x_wconf 82' lang='grc' dir='ltr'>ἐμῶν</span> <span class='ocrx_word' id='word_1_500' title='bbox 3645 3021 3725 3083; x_wconf 82' lang='grc' dir='ltr'>εἷς</span> 
     </span>
    </p>
   </div>
   <div class='ocr_carea' id='block_1_63' title="bbox 2073 3106 3724 3183">
    <p class='ocr_par' dir='ltr' id='par_1_63' title="bbox 2073 3106 3724 3183">
     <span class='ocr_line' id='line_1_63' title="bbox 2073 3106 3724 3183; baseline 0.001 -21"><span class='ocrx_word' id='word_1_501' title='bbox 2073 3108 2257 3163; x_wconf 71' lang='grc' dir='ltr'>ἑαυτὸν</span> <span class='ocrx_word' id='word_1_502' title='bbox 2335 3106 2670 3183; x_wconf 64' lang='grc' dir='ltr'>ἀναδέχεταν</span> <span class='ocrx_word' id='word_1_503' title='bbox 2738 3109 2831 3163; x_wconf 76' lang='grc' dir='ltr'>κᾶν</span> <span class='ocrx_word' id='word_1_504' title='bbox 2893 3110 3089 3177; x_wconf 73' lang='grc' dir='ltr'>στέγης</span> <span class='ocrx_word' id='word_1_505' title='bbox 3330 3106 3571 3182; x_wconf 79' lang='grc' dir='ltr'>μεταδῷς</span> <span class='ocrx_word' id='word_1_506' title='bbox 3625 3109 3724 3163; x_wconf 71' lang='grc' dir='ltr'>κᾶν</span> 
     </span>
    </p>
   </div>
   <div class='ocr_carea' id='block_1_64' title="bbox 2074 3194 3725 3275">
    <p class='ocr_par' dir='ltr' id='par_1_64' title="bbox 2074 3194 3725 3275">
     <span class='ocr_line' id='line_1_64' title="bbox 2074 3194 3725 3275; baseline 0 -23"><span class='ocrx_word' id='word_1_507' title='bbox 2074 3195 2397 3270; x_wconf 79' lang='grc' dir='ltr'>ἐνδύματος,</span> <span class='ocrx_word' id='word_1_508' title='bbox 2466 3196 2559 3252; x_wconf 72' lang='grc' dir='ltr'>κᾶν</span> <span class='ocrx_word' id='word_1_509' title='bbox 2636 3197 2689 3252; x_wconf 82' lang='grc' dir='ltr'>ἐν</span> <span class='ocrx_word' id='word_1_510' title='bbox 2764 3194 2978 3275; x_wconf 72' lang='grc' dir='ltr'>φυλακῇ</span> <span class='ocrx_word' id='word_1_511' title='bbox 3049 3199 3329 3272; x_wconf 69' lang='grc' dir='ltr'>ἐπισκέψῃ,</span> <span class='ocrx_word' id='word_1_512' title='bbox 3394 3200 3489 3253; x_wconf 71' lang='grc' dir='ltr'>κᾶν</span> <span class='ocrx_word' id='word_1_513' title='bbox 3547 3198 3725 3275; x_wconf 74' lang='grc' dir='ltr'>ἆρῥω-</span> 
     </span>
    </p>
   </div>
   <div class='ocr_carea' id='block_1_65' title="bbox 2074 3283 3724 3364">
    <p class='ocr_par' dir='ltr' id='par_1_65' title="bbox 2074 3283 3724 3364">
     <span class='ocr_line' id='line_1_65' title="bbox 2074 3283 3724 3364; baseline 0.001 -23"><span class='ocrx_word' id='word_1_514' title='bbox 2074 3291 2300 3341; x_wconf 76' lang='grc' dir='ltr'>στοῦντα</span> <span class='ocrx_word' id='word_1_515' title='bbox 2356 3283 2471 3359; x_wconf 67' lang='grc' dir='ltr'>ἴδῃς</span> <span class='ocrx_word' id='word_1_516' title='bbox 2503 3304 2513 3315; x_wconf 91' lang='grc'><strong>·</strong></span> <span class='ocrx_word' id='word_1_517' title='bbox 2570 3287 2632 3340; x_wconf 87' lang='grc' dir='ltr'>τὸ</span> <span class='ocrx_word' id='word_1_518' title='bbox 2681 3285 3042 3364; x_wconf 81' lang='grc' dir='ltr'>φαυλότατον,</span> <span class='ocrx_word' id='word_1_519' title='bbox 3069 3287 3165 3341; x_wconf 76' lang='grc' dir='ltr'>κᾶν</span> <span class='ocrx_word' id='word_1_520' title='bbox 3224 3288 3475 3363; x_wconf 77' lang='grc' dir='ltr'>ποτηρίῳ</span> <span class='ocrx_word' id='word_1_521' title='bbox 3504 3291 3724 3363; x_wconf 69' lang='grc' dir='ltr'>ψυχροῦ</span> 
     </span>
    </p>
   </div>
   <div class='ocr_carea' id='block_1_66' title="bbox 2078 3374 3724 3452">
    <p class='ocr_par' dir='ltr' id='par_1_66' title="bbox 2078 3374 3724 3452">
     <span class='ocr_line' id='line_1_66' title="bbox 2078 3374 3724 3452; baseline 0.001 -23"><span class='ocrx_word' id='word_1_522' title='bbox 2078 3375 2229 3448; x_wconf 76' lang='grc' dir='ltr'>μόνῳ</span> <span class='ocrx_word' id='word_1_523' title='bbox 2287 3375 2587 3449; x_wconf 77' lang='grc' dir='ltr'>καταψυξῃς</span> <span class='ocrx_word' id='word_1_524' title='bbox 2648 3374 2868 3449; x_wconf 86' lang='grc' dir='ltr'>γλώσαν</span> <span class='ocrx_word' id='word_1_525' title='bbox 2942 3376 3273 3449; x_wconf 69' lang='grc' dir='ltr'>πιεζομένου</span> <span class='ocrx_word' id='word_1_526' title='bbox 3349 3378 3482 3450; x_wconf 90' lang='grc'>(51),</span> <span class='ocrx_word' id='word_1_527' title='bbox 3542 3376 3724 3452; x_wconf 84' lang='grc' dir='ltr'>ὥσπερ</span> 
     </span>
    </p>
   </div>
   <div class='ocr_carea' id='block_1_67' title="bbox 2074 3462 3727 3543">
    <p class='ocr_par' dir='ltr' id='par_1_67' title="bbox 2074 3462 3727 3543">
     <span class='ocr_line' id='line_1_67' title="bbox 2074 3462 3727 3543; baseline 0.001 -25"><span class='ocrx_word' id='word_1_528' title='bbox 2074 3462 2245 3519; x_wconf 78' lang='grc' dir='ltr'>ἐδεῖτο</span> <span class='ocrx_word' id='word_1_529' title='bbox 2292 3464 2537 3537; x_wconf 80' lang='grc' dir='ltr'>Λαζάρου</span> <span class='ocrx_word' id='word_1_530' title='bbox 2585 3467 2684 3517; x_wconf 77' lang='grc' dir='ltr'>τοῦ</span> <span class='ocrx_word' id='word_1_531' title='bbox 2732 3466 2964 3530; x_wconf 72' lang='grc' dir='ltr'>πένητος</span> <span class='ocrx_word' id='word_1_532' title='bbox 3024 3465 3052 3519; x_wconf 82' lang='grc' dir='ltr'>ὁ</span> <span class='ocrx_word' id='word_1_533' title='bbox 3109 3464 3326 3538; x_wconf 81' lang='grc' dir='ltr'>κάμνων</span> <span class='ocrx_word' id='word_1_534' title='bbox 3389 3465 3440 3520; x_wconf 82' lang='grc' dir='ltr'>ἐν</span> <span class='ocrx_word' id='word_1_535' title='bbox 3469 3487 3534 3539; x_wconf 77' lang='grc' dir='ltr'>τῃ</span> <span class='ocrx_word' id='word_1_536' title='bbox 3560 3464 3727 3543; x_wconf 79' lang='grc' dir='ltr'>φλογὶ</span> 
     </span>
    </p>
   </div>
   <div class='ocr_carea' id='block_1_68' title="bbox 2075 3550 3725 3632">
    <p class='ocr_par' dir='ltr' id='par_1_68' title="bbox 2075 3550 3725 3632">
     <span class='ocr_line' id='line_1_68' title="bbox 2075 3550 3725 3632; baseline 0 -24"><span class='ocrx_word' id='word_1_537' title='bbox 2075 3552 2363 3624; x_wconf 84' lang='grc' dir='ltr'>πλούσιος,</span> <span class='ocrx_word' id='word_1_538' title='bbox 2412 3552 2501 3606; x_wconf 80' lang='grc' dir='ltr'>καί</span> <span class='ocrx_word' id='word_1_539' title='bbox 2549 3574 2598 3606; x_wconf 89' lang='grc' dir='ltr'>τι</span> <span class='ocrx_word' id='word_1_540' title='bbox 2642 3554 2752 3627; x_wconf 80' lang='grc'>(52)</span> <span class='ocrx_word' id='word_1_541' title='bbox 2782 3556 2880 3622; x_wconf 73' lang='grc' dir='ltr'>τῆς</span> <span class='ocrx_word' id='word_1_542' title='bbox 2913 3552 3135 3608; x_wconf 73' lang='grc' dir='ltr'>ἐνταυθα</span> <span class='ocrx_word' id='word_1_543' title='bbox 3163 3557 3369 3632; x_wconf 73' lang='grc' dir='ltr'>τρυφῆς</span> <span class='ocrx_word' id='word_1_544' title='bbox 3399 3550 3725 3629; x_wconf 71' lang='grc' dir='ltr'>ἀντιλαϐὼν,</span> 
     </span>
    </p>
   </div>
   <div class='ocr_carea' id='block_1_69' title="bbox 2074 3642 3727 3717">
    <p class='ocr_par' dir='ltr' id='par_1_69' title="bbox 2074 3642 3727 3717">
     <span class='ocr_line' id='line_1_69' title="bbox 2074 3642 3727 3717; baseline 0.001 -20"><span class='ocrx_word' id='word_1_545' title='bbox 2074 3642 2162 3697; x_wconf 85' lang='grc' dir='ltr'>καὶ</span> <span class='ocrx_word' id='word_1_546' title='bbox 2218 3646 2316 3696; x_wconf 72' lang='grc' dir='ltr'>τοῦ</span> <span class='ocrx_word' id='word_1_547' title='bbox 2367 3646 2621 3717; x_wconf 80' lang='grc' dir='ltr'>περιορᾷν</span> <span class='ocrx_word' id='word_1_548' title='bbox 2678 3642 2920 3715; x_wconf 80' lang='grc' dir='ltr'>Λάζαρον</span> <span class='ocrx_word' id='word_1_549' title='bbox 2993 3648 3257 3698; x_wconf 85' lang='grc' dir='ltr'>πεινῶντα</span> <span class='ocrx_word' id='word_1_550' title='bbox 3312 3644 3401 3699; x_wconf 80' lang='grc' dir='ltr'>καὶ</span> <span class='ocrx_word' id='word_1_551' title='bbox 3460 3643 3727 3717; x_wconf 73' lang='grc' dir='ltr'>ἡλκωμέ-</span> 
     </span>
    </p>
   </div>
   <div class='ocr_carea' id='block_1_70' title="bbox 2073 3728 3728 3809">
    <p class='ocr_par' dir='ltr' id='par_1_70' title="bbox 2073 3728 3728 3809">
     <span class='ocr_line' id='line_1_70' title="bbox 2073 3728 3728 3809; baseline 0 -22"><span class='ocrx_word' id='word_1_552' title='bbox 2073 3753 2184 3804; x_wconf 91' lang='grc' dir='ltr'>νον,</span> <span class='ocrx_word' id='word_1_553' title='bbox 2231 3732 2291 3787; x_wconf 88' lang='grc' dir='ltr'>τὸ</span> <span class='ocrx_word' id='word_1_554' title='bbox 2342 3730 2538 3786; x_wconf 77' lang='grc' dir='ltr'>ἐκεῖθεν</span> <span class='ocrx_word' id='word_1_555' title='bbox 2580 3728 2780 3785; x_wconf 80' lang='grc' dir='ltr'>δεῖσθαι</span> <span class='ocrx_word' id='word_1_556' title='bbox 2826 3733 2936 3805; x_wconf 89' lang='grc'>(53)</span> <span class='ocrx_word' id='word_1_557' title='bbox 2994 3731 3265 3808; x_wconf 83' lang='grc' dir='ltr'>Λαζάρου,</span> <span class='ocrx_word' id='word_1_558' title='bbox 3324 3732 3415 3788; x_wconf 82' lang='grc' dir='ltr'>καὶ</span> <span class='ocrx_word' id='word_1_559' title='bbox 3470 3736 3545 3806; x_wconf 83' lang='grc' dir='ltr'><strong>μή</strong></span> <span class='ocrx_word' id='word_1_560' title='bbox 3595 3754 3728 3809; x_wconf 62' lang='lat'>127-</span> 
     </span>
    </p>
   </div>
   <div class='ocr_carea' id='block_1_71' title="bbox 2075 3843 2282 3899">
    <p class='ocr_par' dir='ltr' id='par_1_71' title="bbox 2075 3843 2282 3899">
     <span class='ocr_line' id='line_1_71' title="bbox 2075 3843 2282 3899; baseline 0 -22"><span class='ocrx_word' id='word_1_561' title='bbox 2075 3843 2282 3899; x_wconf 81' lang='grc' dir='ltr'>χανειν.</span> 
     </span>
    </p>
   </div>
   <div class='ocr_carea' id='block_1_72' title="bbox 308 3910 3728 3989">
    <p class='ocr_par' dir='ltr' id='par_1_72' title="bbox 308 3910 3728 3989">
     <span class='ocr_line' id='line_1_72' title="bbox 308 3910 3728 3989; baseline 0 -21"><span class='ocrx_word' id='word_1_562' title='bbox 308 3914 657 3971; x_wconf 89' lang='lat' dir='ltr'>vilissimum</span> <span class='ocrx_word' id='word_1_563' title='bbox 692 3920 800 3983; x_wconf 90' lang='lat' dir='ltr'>est,</span> <span class='ocrx_word' id='word_1_564' title='bbox 834 3916 1092 3971; x_wconf 90' lang='lat' dir='ltr'>hominis</span> <span class='ocrx_word' id='word_1_565' title='bbox 1124 3916 1219 3970; x_wconf 88' lang='lat' dir='ltr'>siti</span> <span class='ocrx_word' id='word_1_566' title='bbox 1252 3916 1516 3987; x_wconf 84' lang='lat' dir='ltr'>Oppressi</span> <span class='ocrx_word' id='word_1_567' title='bbox 1568 3915 1833 3989; x_wconf 86' lang='lat' dir='ltr'>linguam</span> <span class='ocrx_word' id='word_1_568' title='bbox 1866 3916 1991 3971; x_wconf 90' lang='lat' dir='ltr'>solo</span> <span class='ocrx_word' id='word_1_569' title='bbox 2023 3914 2248 3987; x_wconf 75' lang='lat' dir='ltr'>frigidae</span> <span class='ocrx_word' id='word_1_570' title='bbox 2295 3910 2502 3984; x_wconf 89' lang='lat' dir='ltr'>poculo</span> <span class='ocrx_word' id='word_1_571' title='bbox 2533 3910 2986 3983; x_wconf 85' lang='lat' dir='ltr'>refrigeraveris,</span> <span class='ocrx_word' id='word_1_572' title='bbox 3035 3912 3191 3983; x_wconf 88' lang='lat' dir='ltr'>quod</span> <span class='ocrx_word' id='word_1_573' title='bbox 3244 3929 3276 3967; x_wconf 90' lang='lat' dir='ltr'>a</span> <span class='ocrx_word' id='word_1_574' title='bbox 3324 3929 3578 3985; x_wconf 88' lang='lat' dir='ltr'>paupere</span> <span class='ocrx_word' id='word_1_575' title='bbox 3610 3916 3728 3969; x_wconf 86' lang='lat' dir='ltr'>La-</span> 
     </span>
    </p>
   </div>
   <div class='ocr_carea' id='block_1_73' title="bbox 308 4000 3721 4077">
    <p class='ocr_par' dir='ltr' id='par_1_73' title="bbox 308 4000 3721 4077">
     <span class='ocr_line' id='line_1_73' title="bbox 308 4000 3721 4077; baseline 0 -19"><span class='ocrx_word' id='word_1_576' title='bbox 308 4021 440 4059; x_wconf 89' lang='lat' dir='ltr'>zaro</span> <span class='ocrx_word' id='word_1_577' title='bbox 474 4006 821 4077; x_wconf 82' lang='lat' dir='ltr'>exposcebat</span> <span class='ocrx_word' id='word_1_578' title='bbox 868 4005 1027 4060; x_wconf 88' lang='lat' dir='ltr'>dives</span> <span class='ocrx_word' id='word_1_579' title='bbox 1076 4004 1193 4074; x_wconf 89' lang='lat' dir='ltr'>ille,</span> <span class='ocrx_word' id='word_1_580' title='bbox 1247 4005 1348 4076; x_wconf 91' lang='lat' dir='ltr'>qui</span> <span class='ocrx_word' id='word_1_581' title='bbox 1380 4004 1438 4059; x_wconf 91' lang='lat' dir='ltr'>in</span> <span class='ocrx_word' id='word_1_582' title='bbox 1491 4006 1731 4059; x_wconf 86' lang='lat' dir='ltr'>ﬂamma</span> <span class='ocrx_word' id='word_1_583' title='bbox 1774 4006 2179 4077; x_wconf 86' lang='lat' dir='ltr'>torquebatur,</span> <span class='ocrx_word' id='word_1_584' title='bbox 2231 4019 2295 4058; x_wconf 90' lang='lat' dir='ltr'>ac</span> <span class='ocrx_word' id='word_1_585' title='bbox 2342 4017 2447 4073; x_wconf 90' lang='lat' dir='ltr'>pro</span> <span class='ocrx_word' id='word_1_586' title='bbox 2496 4001 2676 4071; x_wconf 91' lang='lat' dir='ltr'>hujus</span> <span class='ocrx_word' id='word_1_587' title='bbox 2722 4000 2853 4056; x_wconf 73' lang='lat' dir='ltr'>vitae</span> <span class='ocrx_word' id='word_1_588' title='bbox 2907 4001 3333 4073; x_wconf 82' lang='lat' dir='ltr'>voluptatibus,</span> <span class='ocrx_word' id='word_1_589' title='bbox 3368 4007 3424 4058; x_wconf 88' lang='lat' dir='ltr'>et</span> <span class='ocrx_word' id='word_1_590' title='bbox 3471 4002 3721 4074; x_wconf 85' lang='lat' dir='ltr'>deliciis,</span> 
     </span>
    </p>
   </div>
   <div class='ocr_carea' id='block_1_74' title="bbox 311 4089 3727 4166">
    <p class='ocr_par' dir='ltr' id='par_1_74' title="bbox 311 4089 3727 4166">
     <span class='ocr_line' id='line_1_74' title="bbox 311 4089 3727 4166; baseline 0 -18"><span class='ocrx_word' id='word_1_591' title='bbox 311 4094 629 4165; x_wconf 84' lang='lat' dir='ltr'>Lazarique</span> <span class='ocrx_word' id='word_1_592' title='bbox 659 4095 971 4149; x_wconf 89' lang='lat' dir='ltr'>esurientis</span> <span class='ocrx_word' id='word_1_593' title='bbox 1020 4099 1075 4149; x_wconf 94' lang='lat' dir='ltr'>et</span> <span class='ocrx_word' id='word_1_594' title='bbox 1124 4094 1373 4150; x_wconf 90' lang='lat' dir='ltr'>ulcerosi</span> <span class='ocrx_word' id='word_1_595' title='bbox 1420 4100 1781 4166; x_wconf 87' lang='lat' dir='ltr'>contemptu,</span> <span class='ocrx_word' id='word_1_596' title='bbox 1815 4095 1967 4151; x_wconf 88' lang='lat' dir='ltr'>hanc</span> <span class='ocrx_word' id='word_1_597' title='bbox 2016 4093 2343 4150; x_wconf 89' lang='lat' dir='ltr'>mercedem</span> <span class='ocrx_word' id='word_1_598' title='bbox 2377 4090 2678 4157; x_wconf 89' lang='lat' dir='ltr'>referebat,</span> <span class='ocrx_word' id='word_1_599' title='bbox 2713 4094 2777 4144; x_wconf 89' lang='lat' dir='ltr'>ut</span> <span class='ocrx_word' id='word_1_600' title='bbox 2821 4089 2940 4145; x_wconf 89' lang='lat' dir='ltr'>illic</span> <span class='ocrx_word' id='word_1_601' title='bbox 2990 4091 3271 4147; x_wconf 87' lang='lat' dir='ltr'>Lazarum</span> <span class='ocrx_word' id='word_1_602' title='bbox 3322 4096 3569 4165; x_wconf 87' lang='lat' dir='ltr'>rogaret,</span> <span class='ocrx_word' id='word_1_603' title='bbox 3614 4110 3727 4149; x_wconf 88' lang='lat' dir='ltr'>nec</span> 
     </span>
    </p>
   </div>
   <div class='ocr_carea' id='block_1_75' title="bbox 308 4184 1338 4256">
    <p class='ocr_par' dir='ltr' id='par_1_75' title="bbox 308 4184 1338 4256">
     <span class='ocr_line' id='line_1_75' title="bbox 308 4184 1338 4256; baseline 0.001 -19"><span class='ocrx_word' id='word_1_604' title='bbox 308 4189 503 4238; x_wconf 88' lang='lat' dir='ltr'>tamen</span> <span class='ocrx_word' id='word_1_605' title='bbox 537 4184 665 4254; x_wconf 84' lang='lat' dir='ltr'>ejus</span> <span class='ocrx_word' id='word_1_606' title='bbox 696 4201 862 4255; x_wconf 88' lang='lat' dir='ltr'>opem</span> <span class='ocrx_word' id='word_1_607' title='bbox 897 4184 1240 4256; x_wconf 89' lang='lat' dir='ltr'>impetraret</span> <span class='ocrx_word' id='word_1_608' title='bbox 1268 4185 1338 4238; x_wconf 74' lang='grc' dir='ltr'>οι.</span> 
     </span>
    </p>
   </div>
   <div class='ocr_carea' id='block_1_76' title="bbox 378 4272 1962 4345">
    <p class='ocr_par' dir='ltr' id='par_1_76' title="bbox 378 4272 1962 4345">
     <span class='ocr_line' id='line_1_76' title="bbox 378 4272 1962 4345; baseline 0.003 -21"><span class='ocrx_word' id='word_1_609' title='bbox 378 4272 637 4327; x_wconf 72' lang='lat' dir='ltr'>Vll.Ha=.c</span> <span class='ocrx_word' id='word_1_610' title='bbox 659 4274 893 4341; x_wconf 88' lang='lat' dir='ltr'>quidem</span> <span class='ocrx_word' id='word_1_611' title='bbox 925 4277 1084 4342; x_wconf 87' lang='lat' dir='ltr'>sunt,</span> <span class='ocrx_word' id='word_1_612' title='bbox 1115 4290 1240 4344; x_wconf 75' lang='lat' dir='ltr'>quae</span> <span class='ocrx_word' id='word_1_613' title='bbox 1273 4290 1307 4327; x_wconf 91' lang='lat' dir='ltr'>a</span> <span class='ocrx_word' id='word_1_614' title='bbox 1334 4272 1499 4328; x_wconf 91' lang='lat' dir='ltr'>vobis</span> <span class='ocrx_word' id='word_1_615' title='bbox 1535 4272 1864 4345; x_wconf 80' lang='lat' dir='ltr'>exigimus;</span> <span class='ocrx_word' id='word_1_616' title='bbox 1897 4290 1962 4329; x_wconf 88' lang='lat' dir='ltr'>ac</span> 
     </span>
    </p>
   </div>
   <div class='ocr_carea' id='block_1_77' title="bbox 308 4360 1961 4434">
    <p class='ocr_par' dir='ltr' id='par_1_77' title="bbox 308 4360 1961 4434">
     <span class='ocr_line' id='line_1_77' title="bbox 308 4360 1961 4434; baseline 0.001 -19"><span class='ocrx_word' id='word_1_617' title='bbox 308 4377 410 4431; x_wconf 91' lang='lat' dir='ltr'>pro</span> <span class='ocrx_word' id='word_1_618' title='bbox 442 4365 595 4415; x_wconf 88' lang='lat' dir='ltr'>certo</span> <span class='ocrx_word' id='word_1_619' title='bbox 628 4360 1096 4429; x_wconf 87' lang='lat' dir='ltr'>habeo,minime</span> <span class='ocrx_word' id='word_1_620' title='bbox 1129 4362 1184 4416; x_wconf 93' lang='lat' dir='ltr'>id</span> <span class='ocrx_word' id='word_1_621' title='bbox 1218 4362 1383 4416; x_wconf 89' lang='lat' dir='ltr'>vobis</span> <span class='ocrx_word' id='word_1_622' title='bbox 1409 4362 1617 4432; x_wconf 91' lang='lat' dir='ltr'>pudori</span> <span class='ocrx_word' id='word_1_623' title='bbox 1642 4364 1961 4434; x_wconf 90' lang='lat' dir='ltr'>esse,quod</span> 
     </span>
    </p>
   </div>
   <div class='ocr_carea' id='block_1_78' title="bbox 303 4448 1965 4521">
    <p class='ocr_par' dir='ltr' id='par_1_78' title="bbox 303 4448 1965 4521">
     <span class='ocr_line' id='line_1_78' title="bbox 303 4448 1965 4521; baseline 0.003 -20"><span class='ocrx_word' id='word_1_624' title='bbox 303 4448 429 4502; x_wconf 70' lang='lat' dir='ltr'>vitae</span> <span class='ocrx_word' id='word_1_625' title='bbox 485 4450 739 4504; x_wconf 89' lang='lat' dir='ltr'>rationes</span> <span class='ocrx_word' id='word_1_626' title='bbox 770 4468 803 4505; x_wconf 89' lang='lat' dir='ltr'>a</span> <span class='ocrx_word' id='word_1_627' title='bbox 832 4451 996 4505; x_wconf 87' lang='lat' dir='ltr'>vobis</span> <span class='ocrx_word' id='word_1_628' title='bbox 1030 4466 1429 4521; x_wconf 87' lang='lat' dir='ltr'>reposcamus,</span> <span class='ocrx_word' id='word_1_629' title='bbox 1466 4466 1569 4504; x_wconf 91' lang='lat' dir='ltr'>nec</span> <span class='ocrx_word' id='word_1_630' title='bbox 1614 4450 1787 4506; x_wconf 87' lang='lat' dir='ltr'>etiam</span> <span class='ocrx_word' id='word_1_631' title='bbox 1823 4452 1965 4519; x_wconf 89' lang='lat' dir='ltr'>fore,</span> 
     </span>
    </p>
   </div>
   <div class='ocr_carea' id='block_1_79' title="bbox 304 4537 1966 4608">
    <p class='ocr_par' dir='ltr' id='par_1_79' title="bbox 304 4537 1966 4608">
     <span class='ocr_line' id='line_1_79' title="bbox 304 4537 1966 4608; baseline 0.002 -17"><span class='ocrx_word' id='word_1_632' title='bbox 304 4553 436 4592; x_wconf 92' lang='lat' dir='ltr'>cum</span> <span class='ocrx_word' id='word_1_633' title='bbox 469 4555 567 4593; x_wconf 89' lang='lat' dir='ltr'>eas</span> <span class='ocrx_word' id='word_1_634' title='bbox 598 4542 854 4593; x_wconf 77' lang='lat' dir='ltr'>extremo</span> <span class='ocrx_word' id='word_1_635' title='bbox 904 4537 1003 4593; x_wconf 92' lang='lat' dir='ltr'>illo</span> <span class='ocrx_word' id='word_1_636' title='bbox 1037 4539 1130 4593; x_wconf 92' lang='lat' dir='ltr'>die</span> <span class='ocrx_word' id='word_1_637' title='bbox 1162 4539 1494 4595; x_wconf 88' lang='lat' dir='ltr'>referendas</span> <span class='ocrx_word' id='word_1_638' title='bbox 1547 4539 1860 4608; x_wconf 86' lang='lat' dir='ltr'>habebitis,</span> <span class='ocrx_word' id='word_1_639' title='bbox 1896 4541 1966 4595; x_wconf 90' lang='lat' dir='ltr'>ad</span> 
     </span>
    </p>
   </div>
   <div class='ocr_carea' id='block_1_80' title="bbox 376 4707 1489 4776">
    <p class='ocr_par' dir='ltr' id='par_1_80' title="bbox 376 4707 1489 4776">
     <span class='ocr_line' id='line_1_80' title="bbox 376 4707 1489 4776; baseline 0.002 -17"><span class='ocrx_word' id='word_1_640' title='bbox 376 4708 420 4741; x_wconf 73' lang='grc'>⁸³</span> <span class='ocrx_word' id='word_1_641' title='bbox 451 4707 652 4762; x_wconf 84' lang='lat' dir='ltr'>Matth.</span> <span class='ocrx_word' id='word_1_642' title='bbox 684 4724 807 4776; x_wconf 78' lang='lat' dir='ltr'>xm,</span> <span class='ocrx_word' id='word_1_643' title='bbox 840 4707 894 4760; x_wconf 90' lang='lat'>8.</span> <span class='ocrx_word' id='word_1_644' title='bbox 971 4707 1015 4741; x_wconf 80' lang='grc'>⁸³</span> <span class='ocrx_word' id='word_1_645' title='bbox 1046 4708 1183 4761; x_wconf 89' lang='lat' dir='ltr'>Gen.</span> <span class='ocrx_word' id='word_1_646' title='bbox 1212 4723 1365 4774; x_wconf 70' lang='lat' dir='ltr'>xxvx,</span> <span class='ocrx_word' id='word_1_647' title='bbox 1404 4708 1489 4762; x_wconf 85' lang='lat' dir='ltr'>l3.</span> 
     </span>
    </p>
   </div>
   <div class='ocr_carea' id='block_1_81' title="bbox 308 4778 1357 4849">
    <p class='ocr_par' dir='ltr' id='par_1_81' title="bbox 308 4778 1357 4849">
     <span class='ocr_line' id='line_1_81' title="bbox 308 4778 1357 4849; baseline 0 -16"><span class='ocrx_word' id='word_1_648' title='bbox 308 4778 349 4813; x_wconf 71' lang='grc'>⁸⁸</span> <span class='ocrx_word' id='word_1_649' title='bbox 382 4781 401 4833; x_wconf 94' lang='grc' dir='ltr'>Ι</span> <span class='ocrx_word' id='word_1_650' title='bbox 433 4780 560 4835; x_wconf 90' lang='lat' dir='ltr'>Cor.</span> <span class='ocrx_word' id='word_1_651' title='bbox 593 4795 669 4849; x_wconf 87' lang='lat' dir='ltr'>1x,</span> <span class='ocrx_word' id='word_1_652' title='bbox 705 4780 792 4833; x_wconf 84' lang='lat'>15.</span> <span class='ocrx_word' id='word_1_653' title='bbox 870 4779 913 4812; x_wconf 75' lang='lat'><strong>39</strong></span> <span class='ocrx_word' id='word_1_654' title='bbox 946 4780 964 4833; x_wconf 96' lang='grc' dir='ltr'>Ι</span> <span class='ocrx_word' id='word_1_655' title='bbox 997 4779 1125 4835; x_wconf 87' lang='lat' dir='ltr'>Cor.</span> <span class='ocrx_word' id='word_1_656' title='bbox 1159 4796 1236 4847; x_wconf 70' lang='grc' dir='ltr'>ιχ,</span> <span class='ocrx_word' id='word_1_657' title='bbox 1270 4780 1357 4833; x_wconf 85' lang='grc'>18.</span> 
     </span>
    </p>
   </div>
   <div class='ocr_carea' id='block_1_82' title="bbox 309 4976 2038 5049">
    <p class='ocr_par' dir='ltr' id='par_1_82' title="bbox 309 4976 2038 5049">
     <span class='ocr_line' id='line_1_82' title="bbox 309 4976 2038 5049; baseline 0.002 -19"><span class='ocrx_word' id='word_1_658' title='bbox 309 4976 819 5049; x_wconf 79' lang='lat' dir='ltr'>Jerosolymitano,</span> <span class='ocrx_word' id='word_1_659' title='bbox 868 4976 927 5030; x_wconf 92' lang='lat' dir='ltr'>in</span> <span class='ocrx_word' id='word_1_660' title='bbox 978 4993 1122 5045; x_wconf 89' lang='lat' dir='ltr'>quos</span> <span class='ocrx_word' id='word_1_661' title='bbox 1168 4978 1548 5033; x_wconf 87' lang='lat' dir='ltr'>ascendentes</span> <span class='ocrx_word' id='word_1_662' title='bbox 1602 4978 1704 5043; x_wconf 85' lang='lat' dir='ltr'>illi,</span> <span class='ocrx_word' id='word_1_663' title='bbox 1739 4978 1839 5049; x_wconf 90' lang='lat' dir='ltr'>qui</span> <span class='ocrx_word' id='word_1_664' title='bbox 1889 4980 1960 5033; x_wconf 88' lang='lat' dir='ltr'>ad</span> <span class='ocrx_word' id='word_1_665' title='bbox 1991 4983 2038 5047; x_wconf 77' lang='grc' dir='ltr'><strong>Β</strong></span> 
     </span>
    </p>
   </div>
   <div class='ocr_carea' id='block_1_83' title="bbox 312 5047 1963 5121">
    <p class='ocr_par' dir='ltr' id='par_1_83' title="bbox 312 5047 1963 5121">
     <span class='ocr_line' id='line_1_83' title="bbox 312 5047 1963 5121; baseline 0.002 -19"><span class='ocrx_word' id='word_1_666' title='bbox 312 5047 631 5121; x_wconf 83' lang='lat' dir='ltr'>cantandos</span> <span class='ocrx_word' id='word_1_667' title='bbox 663 5047 911 5121; x_wconf 77' lang='lat' dir='ltr'>hymnos</span> <span class='ocrx_word' id='word_1_668' title='bbox 942 5054 1107 5103; x_wconf 86' lang='lat' dir='ltr'>erant</span> <span class='ocrx_word' id='word_1_669' title='bbox 1134 5049 1405 5121; x_wconf 81' lang='lat' dir='ltr'>ordinati,</span> <span class='ocrx_word' id='word_1_670' title='bbox 1430 5050 1552 5104; x_wconf 62' lang='lat' dir='ltr'>haec</span> <span class='ocrx_word' id='word_1_671' title='bbox 1581 5050 1708 5121; x_wconf 91' lang='lat' dir='ltr'>ipsa</span> <span class='ocrx_word' id='word_1_672' title='bbox 1739 5047 1963 5105; x_wconf 77' lang='lat' dir='ltr'>cantica</span> 
     </span>
    </p>
   </div>
   <div class='ocr_carea' id='block_1_84' title="bbox 313 5119 1962 5175">
    <p class='ocr_par' dir='ltr' id='par_1_84' title="bbox 313 5119 1962 5175">
     <span class='ocr_line' id='line_1_84' title="bbox 313 5119 1962 5175; baseline 0.001 -2"><span class='ocrx_word' id='word_1_673' title='bbox 313 5119 719 5175; x_wconf 78' lang='lat' dir='ltr'>concinebant.</span> <span class='ocrx_word' id='word_1_674' title='bbox 742 5119 871 5174; x_wconf 76' lang='lat' dir='ltr'>Haec</span> <span class='ocrx_word' id='word_1_675' title='bbox 901 5125 1091 5175; x_wconf 85' lang='lat' dir='ltr'>autem</span> <span class='ocrx_word' id='word_1_676' title='bbox 1126 5120 1350 5175; x_wconf 88' lang='lat' dir='ltr'>cantica</span> <span class='ocrx_word' id='word_1_677' title='bbox 1378 5119 1634 5175; x_wconf 81' lang='lat' dir='ltr'>tractant</span> <span class='ocrx_word' id='word_1_678' title='bbox 1664 5123 1734 5174; x_wconf 89' lang='lat' dir='ltr'>de</span> <span class='ocrx_word' id='word_1_679' title='bbox 1767 5138 1962 5175; x_wconf 88' lang='lat' dir='ltr'>ascen-</span> 
     </span>
    </p>
   </div>
   <div class='ocr_carea' id='block_1_85' title="bbox 314 5192 1955 5262">
    <p class='ocr_par' dir='ltr' id='par_1_85' title="bbox 314 5192 1955 5262">
     <span class='ocr_line' id='line_1_85' title="bbox 314 5192 1955 5262; baseline 0.001 -17"><span class='ocrx_word' id='word_1_680' title='bbox 314 5208 377 5246; x_wconf 90' lang='lat' dir='ltr'>su</span> <span class='ocrx_word' id='word_1_681' title='bbox 412 5198 466 5245; x_wconf 93' lang='lat' dir='ltr'>et</span> <span class='ocrx_word' id='word_1_682' title='bbox 497 5192 683 5245; x_wconf 89' lang='lat' dir='ltr'>reditu</span> <span class='ocrx_word' id='word_1_683' title='bbox 730 5192 1064 5245; x_wconf 70' lang='lat' dir='ltr'>Judzeorum</span> <span class='ocrx_word' id='word_1_684' title='bbox 1099 5208 1128 5245; x_wconf 93' lang='lat' dir='ltr'>e</span> <span class='ocrx_word' id='word_1_685' title='bbox 1160 5192 1449 5262; x_wconf 77' lang='lat' dir='ltr'>Babylone</span> <span class='ocrx_word' id='word_1_686' title='bbox 1500 5192 1558 5246; x_wconf 92' lang='lat' dir='ltr'>in</span> <span class='ocrx_word' id='word_1_687' title='bbox 1607 5192 1955 5246; x_wconf 84' lang='lat' dir='ltr'>Jerusalem.</span> 
     </span>
    </p>
   </div>
   <div class='ocr_carea' id='block_1_86' title="bbox 313 5262 1962 5333">
    <p class='ocr_par' dir='ltr' id='par_1_86' title="bbox 313 5262 1962 5333">
     <span class='ocr_line' id='line_1_86' title="bbox 313 5262 1962 5333; baseline 0.001 -16"><span class='ocrx_word' id='word_1_688' title='bbox 313 5263 474 5317; x_wconf 91' lang='lat' dir='ltr'>Unde</span> <span class='ocrx_word' id='word_1_689' title='bbox 507 5263 750 5333; x_wconf 77' lang='lat' dir='ltr'>mystico</span> <span class='ocrx_word' id='word_1_690' title='bbox 799 5278 974 5317; x_wconf 87' lang='lat' dir='ltr'>sensu</span> <span class='ocrx_word' id='word_1_691' title='bbox 1005 5264 1043 5316; x_wconf 90' lang='lat' dir='ltr'>ii</span> <span class='ocrx_word' id='word_1_692' title='bbox 1080 5262 1355 5316; x_wconf 89' lang='lat' dir='ltr'>dicuntur</span> <span class='ocrx_word' id='word_1_693' title='bbox 1401 5263 1701 5318; x_wconf 87' lang='lat' dir='ltr'>Graduum</span> <span class='ocrx_word' id='word_1_694' title='bbox 1733 5265 1962 5319; x_wconf 86' lang='lat' dir='ltr'>cantica</span> 
     </span>
    </p>
   </div>
   <div class='ocr_carea' id='block_1_87' title="bbox 312 5333 1430 5405">
    <p class='ocr_par' dir='ltr' id='par_1_87' title="bbox 312 5333 1430 5405">
     <span class='ocr_line' id='line_1_87' title="bbox 312 5333 1430 5405; baseline -0.007 -15"><span class='ocrx_word' id='word_1_695' title='bbox 312 5334 634 5405; x_wconf 76' lang='lat' dir='ltr'>concinere,</span> <span class='ocrx_word' id='word_1_696' title='bbox 669 5333 768 5405; x_wconf 83' lang='lat' dir='ltr'>qui</span> <span class='ocrx_word' id='word_1_697' title='bbox 797 5334 1007 5388; x_wconf 88' lang='lat' dir='ltr'>virtute</span> <span class='ocrx_word' id='word_1_698' title='bbox 1041 5333 1372 5405; x_wconf 81' lang='lat' dir='ltr'>proﬁciunt.</span> <span class='ocrx_word' id='word_1_699' title='bbox 1410 5356 1430 5382; x_wconf 74' lang='grc' dir='ltr'><strong>ι</strong></span> 
     </span>
    </p>
   </div>
   <div class='ocr_carea' id='block_1_88' title="bbox 378 5400 1371 5473">
    <p class='ocr_par' dir='ltr' id='par_1_88' title="bbox 378 5400 1371 5473">
     <span class='ocr_line' id='line_1_88' title="bbox 378 5400 1371 5473; baseline -0.002 -14"><span class='ocrx_word' id='word_1_700' title='bbox 378 5406 492 5473; x_wconf 81' lang='grc'>(45)</span> <span class='ocrx_word' id='word_1_701' title='bbox 529 5400 911 5470; x_wconf 70' lang='grc' dir='ltr'>Πλεονάζοντα.</span> <span class='ocrx_word' id='word_1_702' title='bbox 947 5400 1130 5469; x_wconf 39' lang='lat'>012.1,</span> <span class='ocrx_word' id='word_1_703' title='bbox 1163 5401 1371 5457; x_wconf 86' lang='grc' dir='ltr'>πλεῖον.</span> 
     </span>
    </p>
   </div>
   <div class='ocr_carea' id='block_1_89' title="bbox 380 5474 1249 5547">
    <p class='ocr_par' dir='ltr' id='par_1_89' title="bbox 380 5474 1249 5547">
     <span class='ocr_line' id='line_1_89' title="bbox 380 5474 1249 5547; baseline -0.002 -16"><span class='ocrx_word' id='word_1_704' title='bbox 380 5474 490 5547; x_wconf 88' lang='grc'>(46)</span> <span class='ocrx_word' id='word_1_705' title='bbox 516 5481 689 5535; x_wconf 64' lang='grc' dir='ltr'>Τίνας.</span> <span class='ocrx_word' id='word_1_706' title='bbox 722 5477 846 5547; x_wconf 88' lang='lat' dir='ltr'>Duo</span> <span class='ocrx_word' id='word_1_707' title='bbox 879 5476 1079 5547; x_wconf 30' lang='lat' dir='ltr'>Reggt,</span> <span class='ocrx_word' id='word_1_708' title='bbox 1112 5494 1249 5529; x_wconf 79' lang='grc' dir='ltr'>τινα.</span> 
     </span>
    </p>
   </div>
   <div class='ocr_carea' id='block_1_90' title="bbox 407 5544 1952 5621">
    <p class='ocr_par' dir='ltr' id='par_1_90' title="bbox 407 5544 1952 5621">
     <span class='ocr_line' id='line_1_90' title="bbox 407 5544 1952 5621; baseline -0.005 -11"><span class='ocrx_word' id='word_1_709' title='bbox 525 5544 1132 5621; x_wconf 30' lang='grc' dir='ltr'>Ἀπερεσπάστωνῖήοιν.</span> <span class='ocrx_word' id='word_1_710' title='bbox 1176 5548 1233 5621; x_wconf 72' lang='grc'>1,</span> <span class='ocrx_word' id='word_1_711' title='bbox 1284 5544 1662 5620; x_wconf 85' lang='grc' dir='ltr'>ἀπερισπάτως</span> <span class='ocrx_word' id='word_1_712' title='bbox 1692 5550 1952 5621; x_wconf 65' lang='lat' dir='ltr'>(prave).</span> 
     </span>
    </p>
   </div>
   <div class='ocr_carea' id='block_1_91' title="bbox 340 5550 1956 5736">
    <p class='ocr_par' dir='ltr' id='par_1_91' title="bbox 340 5550 1956 5736">
     <span class='ocr_line' id='line_1_91' title="bbox 380 5550 1952 5685; baseline 0.002 -86"><span class='ocrx_word' id='word_1_713' title='bbox 380 5550 492 5685; x_wconf 71' lang='grc'>(47)</span> <span class='ocrx_word' id='word_1_714' title='bbox 525 5550 984 5619; x_wconf 80' lang='grc' dir='ltr'>Ἀπερισπάστων.</span> <span class='ocrx_word' id='word_1_715' title='bbox 1038 5550 1132 5601; x_wconf 89' lang='lat' dir='ltr'>Or.</span> <span class='ocrx_word' id='word_1_716' title='bbox 1182 5550 1233 5617; x_wconf 87' lang='grc'>1,</span> <span class='ocrx_word' id='word_1_717' title='bbox 1284 5550 1662 5620; x_wconf 85' lang='grc' dir='ltr'>ἀπερισπάτως</span> <span class='ocrx_word' id='word_1_718' title='bbox 1713 5550 1952 5621; x_wconf 66' lang='lat' dir='ltr'>[prave].</span> 
     </span>
     <span class='ocr_line' id='line_1_92' title="bbox 340 5614 1956 5736; baseline 0.002 -69"><span class='ocrx_word' id='word_1_719' title='bbox 340 5614 949 5736; x_wconf 49' lang='lat' dir='ltr'>801;?)Mllapsapsi5wai.</span> <span class='ocrx_word' id='word_1_720' title='bbox 1000 5622 1120 5675; x_wconf 88' lang='lat' dir='ltr'>Duo</span> <span class='ocrx_word' id='word_1_721' title='bbox 1174 5619 1351 5691; x_wconf 81' lang='lat' dir='ltr'>Regg.</span> <span class='ocrx_word' id='word_1_722' title='bbox 1412 5625 1467 5675; x_wconf 90' lang='lat' dir='ltr'>et</span> <span class='ocrx_word' id='word_1_723' title='bbox 1522 5622 1617 5675; x_wconf 87' lang='lat' dir='ltr'>Or.</span> <span class='ocrx_word' id='word_1_724' title='bbox 1678 5620 1729 5691; x_wconf 74' lang='grc'>1,</span> <span class='ocrx_word' id='word_1_725' title='bbox 1790 5639 1956 5693; x_wconf 80' lang='grc' dir='ltr'>προσ-</span> 
     </span>
    </p>
   </div>
   <div class='ocr_carea' id='block_1_92' title="bbox 312 5704 588 5740">
    <p class='ocr_par' dir='ltr' id='par_1_92' title="bbox 312 5704 588 5740">
     <span class='ocr_line' id='line_1_93' title="bbox 312 5704 588 5740; baseline 0.011 -4"><span class='ocrx_word' id='word_1_726' title='bbox 312 5704 588 5740; x_wconf 79' lang='grc' dir='ltr'>εορευωσι.</span> 
     </span>
    </p>
   </div>
   <div class='ocr_carea' id='block_1_93' title="bbox 374 5704 1045 5829">
    <p class='ocr_par' dir='ltr' id='par_1_93' title="bbox 374 5704 1045 5829">
     <span class='ocr_line' id='line_1_94' title="bbox 374 5704 1045 5829; baseline 0.001 -19"><span class='ocrx_word' id='word_1_727' title='bbox 374 5704 1045 5829; x_wconf 28' lang='grc' dir='ltr'>ῗὲγέὶῗσιὲύαγγελίσασθαι,</span> 
     </span>
    </p>
   </div>
   <div class='ocr_carea' id='block_1_94' title="bbox 318 5822 515 5875">
    <p class='ocr_par' dir='ltr' id='par_1_94' title="bbox 318 5822 515 5875">
     <span class='ocr_line' id='line_1_95' title="bbox 318 5822 515 5875; baseline 0.03 -6"><span class='ocrx_word' id='word_1_728' title='bbox 318 5822 515 5875; x_wconf 77' lang='grc' dir='ltr'>σεσθαι.</span> 
     </span>
    </p>
   </div>
   <div class='ocr_carea' id='block_1_95' title="bbox 1140 5757 1957 5833">
    <p class='ocr_par' dir='ltr' id='par_1_95' title="bbox 1140 5757 1957 5833">
     <span class='ocr_line' id='line_1_96' title="bbox 1140 5757 1957 5833; baseline -0.005 -18"><span class='ocrx_word' id='word_1_729' title='bbox 1140 5761 1263 5815; x_wconf 91' lang='lat' dir='ltr'>Duo</span> <span class='ocrx_word' id='word_1_730' title='bbox 1353 5761 1488 5815; x_wconf 88' lang='lat' dir='ltr'>Colb</span> <span class='ocrx_word' id='word_1_731' title='bbox 1514 5801 1526 5814; x_wconf 91' lang='lat'>.</span> <span class='ocrx_word' id='word_1_732' title='bbox 1556 5802 1568 5825; x_wconf 91' lang='lat'>,</span> <span class='ocrx_word' id='word_1_733' title='bbox 1656 5757 1905 5833; x_wconf 75' lang='grc' dir='ltr'>εὐαγγεΛί</span> <span class='ocrx_word' id='word_1_734' title='bbox 1933 5791 1957 5802; x_wconf 94' lang='grc'><strong><em>-</em></strong></span> 
     </span>
    </p>
   </div>
   <div class='ocr_carea' id='block_1_96' title="bbox 1567 4708 2232 4776">
    <p class='ocr_par' dir='ltr' id='par_1_96' title="bbox 1567 4708 2232 4776">
     <span class='ocr_line' id='line_1_97' title="bbox 1567 4708 2232 4776; baseline 0.003 -15"><span class='ocrx_word' id='word_1_735' title='bbox 1567 4708 1612 4741; x_wconf 77' lang='grc'>⁸⁴</span> <span class='ocrx_word' id='word_1_736' title='bbox 1644 4708 1789 4764; x_wconf 87' lang='lat' dir='ltr'>Psal.</span> <span class='ocrx_word' id='word_1_737' title='bbox 1829 4725 2061 4776; x_wconf 83' lang='lat' dir='ltr'>Lxxxm,</span> <span class='ocrx_word' id='word_1_738' title='bbox 2094 4710 2150 4775; x_wconf 87' lang='lat'>6,</span> <span class='ocrx_word' id='word_1_739' title='bbox 2180 4710 2232 4763; x_wconf 91' lang='lat'>8.</span> 
     </span>
    </p>
   </div>
   <div class='ocr_carea' id='block_1_97' title="bbox 1435 4780 1999 4849">
    <p class='ocr_par' dir='ltr' id='par_1_97' title="bbox 1435 4780 1999 4849">
     <span class='ocr_line' id='line_1_98' title="bbox 1435 4780 1999 4849; baseline -0.002 -15"><span class='ocrx_word' id='word_1_740' title='bbox 1435 4781 1479 4814; x_wconf 69' lang='lat'>9°</span> <span class='ocrx_word' id='word_1_741' title='bbox 1507 4780 1712 4835; x_wconf 87' lang='lat' dir='ltr'>Matth.</span> <span class='ocrx_word' id='word_1_742' title='bbox 1746 4797 1879 4849; x_wconf 83' lang='lat' dir='ltr'>xxv,</span> <span class='ocrx_word' id='word_1_743' title='bbox 1912 4782 1999 4834; x_wconf 88' lang='grc'>40.</span> 
     </span>
    </p>
   </div>
   <div class='ocr_carea' id='block_1_98' title="bbox 2143 4264 3728 4341">
    <p class='ocr_par' dir='ltr' id='par_1_98' title="bbox 2143 4264 3728 4341">
     <span class='ocr_line' id='line_1_99' title="bbox 2143 4264 3728 4341; baseline 0.002 -18"><span class='ocrx_word' id='word_1_744' title='bbox 2143 4271 2283 4323; x_wconf 78' lang='grc' dir='ltr'>Ζ’“Δ</span> <span class='ocrx_word' id='word_1_745' title='bbox 2367 4268 2458 4340; x_wconf 75' lang='grc' dir='ltr'>μὲν</span> <span class='ocrx_word' id='word_1_746' title='bbox 2533 4264 2623 4321; x_wconf 74' lang='grc' dir='ltr'>οὖν</span> <span class='ocrx_word' id='word_1_747' title='bbox 2702 4267 2839 4339; x_wconf 80' lang='grc' dir='ltr'>ὑμᾶς</span> <span class='ocrx_word' id='word_1_748' title='bbox 2915 4268 3271 4341; x_wconf 75' lang='grc' dir='ltr'>ἀπαιτοῦμεν,</span> <span class='ocrx_word' id='word_1_749' title='bbox 3344 4270 3512 4324; x_wconf 76' lang='grc' dir='ltr'>ταῦτά</span> <span class='ocrx_word' id='word_1_750' title='bbox 3558 4269 3673 4324; x_wconf 65' lang='grc' dir='ltr'>ἔστι</span> <span class='ocrx_word' id='word_1_751' title='bbox 3716 4315 3728 4326; x_wconf 95' lang='grc'>.</span> 
     </span>
    </p>
   </div>
   <div class='ocr_carea' id='block_1_99' title="bbox 2072 4356 3733 4433">
    <p class='ocr_par' dir='ltr' id='par_1_99' title="bbox 2072 4356 3733 4433">
     <span class='ocr_line' id='line_1_100' title="bbox 2072 4356 3733 4433; baseline -0.001 -19"><span class='ocrx_word' id='word_1_752' title='bbox 2072 4360 2160 4414; x_wconf 84' lang='grc' dir='ltr'>καὶ</span> <span class='ocrx_word' id='word_1_753' title='bbox 2195 4356 2319 4424; x_wconf 75' lang='grc' dir='ltr'>οἶδ’,</span> <span class='ocrx_word' id='word_1_754' title='bbox 2373 4356 2456 4411; x_wconf 76' lang='grc' dir='ltr'>ὅτι</span> <span class='ocrx_word' id='word_1_755' title='bbox 2505 4356 2607 4411; x_wconf 83' lang='grc' dir='ltr'>αὐκ</span> <span class='ocrx_word' id='word_1_756' title='bbox 2656 4356 2993 4431; x_wconf 83' lang='grc' dir='ltr'>αἰσχύνεσθε,</span> <span class='ocrx_word' id='word_1_757' title='bbox 3044 4356 3165 4412; x_wconf 76' lang='grc' dir='ltr'>οὕτε</span> <span class='ocrx_word' id='word_1_758' title='bbox 3222 4359 3349 4431; x_wconf 88' lang='grc' dir='ltr'>παρ’</span> <span class='ocrx_word' id='word_1_759' title='bbox 3408 4363 3567 4431; x_wconf 81' lang='grc' dir='ltr'>ἧμῶν</span> <span class='ocrx_word' id='word_1_760' title='bbox 3615 4362 3733 4433; x_wconf 76' lang='grc'>(5⁸7)</span> 
     </span>
    </p>
   </div>
   <div class='ocr_carea' id='block_1_100' title="bbox 2074 4444 3735 4522">
    <p class='ocr_par' dir='ltr' id='par_1_100' title="bbox 2074 4444 3735 4522">
     <span class='ocr_line' id='line_1_101' title="bbox 2074 4444 3735 4522; baseline -0.001 -19"><span class='ocrx_word' id='word_1_761' title='bbox 2074 4447 2461 4520; x_wconf 85' lang='grc' dir='ltr'>ἀπαιτούμενοι</span> <span class='ocrx_word' id='word_1_762' title='bbox 2514 4444 2702 4520; x_wconf 82' lang='grc' dir='ltr'>λόγον,</span> <span class='ocrx_word' id='word_1_763' title='bbox 2763 4445 2883 4500; x_wconf 78' lang='grc' dir='ltr'>οὕτε</span> <span class='ocrx_word' id='word_1_764' title='bbox 2935 4447 3080 4522; x_wconf 85' lang='grc' dir='ltr'>παρά</span> <span class='ocrx_word' id='word_1_765' title='bbox 3133 4448 3244 4520; x_wconf 85' lang='grc'>(55)</span> <span class='ocrx_word' id='word_1_766' title='bbox 3286 4454 3385 4516; x_wconf 81' lang='grc' dir='ltr'>τῆς</span> <span class='ocrx_word' id='word_1_767' title='bbox 3413 4446 3735 4510; x_wconf 73' lang='grc' dir='ltr'>τελευταίας</span> 
     </span>
    </p>
   </div>
   <div class='ocr_carea' id='block_1_101' title="bbox 2074 4534 3738 4613">
    <p class='ocr_par' dir='ltr' id='par_1_101' title="bbox 2074 4534 3738 4613">
     <span class='ocr_line' id='line_1_102' title="bbox 2074 4534 3738 4613; baseline 0 -21"><span class='ocrx_word' id='word_1_768' title='bbox 2074 4539 2307 4613; x_wconf 79' lang='grc' dir='ltr'>ἡμέρας,</span> <span class='ocrx_word' id='word_1_769' title='bbox 2360 4536 2434 4590; x_wconf 80' lang='grc' dir='ltr'>εἷς</span> <span class='ocrx_word' id='word_1_770' title='bbox 2484 4537 2549 4604; x_wconf 76' lang='grc' dir='ltr'>ἢν</span> <span class='ocrx_word' id='word_1_771' title='bbox 2610 4536 2780 4589; x_wconf 89' lang='grc' dir='ltr'>πάντα</span> <span class='ocrx_word' id='word_1_772' title='bbox 2827 4534 3110 4611; x_wconf 87' lang='grc' dir='ltr'>συνάγεται</span> <span class='ocrx_word' id='word_1_773' title='bbox 3157 4536 3224 4590; x_wconf 81' lang='grc' dir='ltr'>τὰ</span> <span class='ocrx_word' id='word_1_774' title='bbox 3273 4538 3533 4613; x_wconf 71' lang='grc' dir='ltr'>ἡμέτερα,</span> <span class='ocrx_word' id='word_1_775' title='bbox 3594 4538 3738 4592; x_wconf 80' lang='grc' dir='ltr'>κατᾶ</span> 
     </span>
    </p>
   </div>
   <div class='ocr_carea' id='block_1_102' title="bbox 2310 4705 3161 4773">
    <p class='ocr_par' dir='ltr' id='par_1_102' title="bbox 2310 4705 3161 4773">
     <span class='ocr_line' id='line_1_103' title="bbox 2310 4705 3161 4773; baseline 0 -12"><span class='ocrx_word' id='word_1_776' title='bbox 2310 4707 2355 4741; x_wconf 74' lang='grc'>⁸⁵</span> <span class='ocrx_word' id='word_1_777' title='bbox 2385 4706 2528 4761; x_wconf 89' lang='lat' dir='ltr'>ibid.</span> <span class='ocrx_word' id='word_1_778' title='bbox 2561 4706 2614 4760; x_wconf 91' lang='lat'>8.</span> <span class='ocrx_word' id='word_1_779' title='bbox 2690 4705 2735 4740; x_wconf 76' lang='grc'><strong>⁸⁵</strong></span> <span class='ocrx_word' id='word_1_780' title='bbox 2766 4709 2789 4759; x_wconf 95' lang='grc' dir='ltr'><strong>Ι</strong></span> <span class='ocrx_word' id='word_1_781' title='bbox 2818 4705 2964 4761; x_wconf 90' lang='lat' dir='ltr'>Tim.</span> <span class='ocrx_word' id='word_1_782' title='bbox 2996 4723 3051 4773; x_wconf 91' lang='lat' dir='ltr'>v,</span> <span class='ocrx_word' id='word_1_783' title='bbox 3076 4707 3161 4761; x_wconf 89' lang='grc'>10.</span> 
     </span>
    </p>
   </div>
   <div class='ocr_carea' id='block_1_103' title="bbox 2078 4779 2698 4849">
    <p class='ocr_par' dir='ltr' id='par_1_103' title="bbox 2078 4779 2698 4849">
     <span class='ocr_line' id='line_1_104' title="bbox 2078 4779 2698 4849; baseline -0.008 -13"><span class='ocrx_word' id='word_1_784' title='bbox 2078 4781 2117 4815; x_wconf 78' lang='grc'>⁹¹</span> <span class='ocrx_word' id='word_1_785' title='bbox 2158 4781 2295 4835; x_wconf 90' lang='lat' dir='ltr'>Luc.</span> <span class='ocrx_word' id='word_1_786' title='bbox 2328 4796 2441 4849; x_wconf 72' lang='lat' dir='ltr'><strong>XVI,</strong></span> <span class='ocrx_word' id='word_1_787' title='bbox 2470 4779 2539 4831; x_wconf 78' lang='grc'>24</span> <span class='ocrx_word' id='word_1_788' title='bbox 2570 4793 2698 4848; x_wconf 83' lang='lat' dir='ltr'>sqq.</span> 
     </span>
    </p>
   </div>
   <div class='ocr_carea' id='block_1_104' title="bbox 3240 4707 3735 4779">
    <p class='ocr_par' dir='ltr' id='par_1_104' title="bbox 3240 4707 3735 4779">
     <span class='ocr_line' id='line_1_105' title="bbox 3240 4707 3735 4779; baseline 0.002 -17"><span class='ocrx_word' id='word_1_789' title='bbox 3240 4708 3283 4742; x_wconf 76' lang='grc'><strong>⁸⁷</strong></span> <span class='ocrx_word' id='word_1_790' title='bbox 3316 4708 3338 4762; x_wconf 92' lang='grc' dir='ltr'><strong>Ι</strong></span> <span class='ocrx_word' id='word_1_791' title='bbox 3368 4707 3496 4764; x_wconf 88' lang='lat' dir='ltr'>Cor.</span> <span class='ocrx_word' id='word_1_792' title='bbox 3520 4724 3599 4779; x_wconf 80' lang='lat' dir='ltr'>v1,</span> <span class='ocrx_word' id='word_1_793' title='bbox 3641 4710 3735 4763; x_wconf 78' lang='lat'>[3-</span> 
     </span>
    </p>
   </div>
   <div class='ocr_carea' id='block_1_105' title="bbox 2141 4972 3737 5051">
    <p class='ocr_par' dir='ltr' id='par_1_105' title="bbox 2141 4972 3737 5051">
     <span class='ocr_line' id='line_1_106' title="bbox 2141 4972 3737 5051; baseline 0 -18"><span class='ocrx_word' id='word_1_794' title='bbox 2141 4978 2253 5049; x_wconf 87' lang='lat'><strong>(50)</strong></span> <span class='ocrx_word' id='word_1_795' title='bbox 2289 4976 2533 5051; x_wconf 60' lang='lat' dir='ltr'>Eréync._</span> <span class='ocrx_word' id='word_1_796' title='bbox 2558 4975 2734 5051; x_wconf 85' lang='lat' dir='ltr'>Coisl.</span> <span class='ocrx_word' id='word_1_797' title='bbox 2778 4976 2803 5029; x_wconf 93' lang='grc'>1</span> <span class='ocrx_word' id='word_1_798' title='bbox 2836 4973 3019 5051; x_wconf 82' lang='lat' dir='ltr'>addit,</span> <span class='ocrx_word' id='word_1_799' title='bbox 3052 4972 3182 5051; x_wconf 64' lang='lat' dir='ltr'>nvi.</span> <span class='ocrx_word' id='word_1_800' title='bbox 3208 4996 3236 5025; x_wconf 91' lang='grc'><em>‹‹</em></span> <span class='ocrx_word' id='word_1_801' title='bbox 3269 4974 3587 5051; x_wconf 84' lang='lat' dir='ltr'>sive_tecto</span> <span class='ocrx_word' id='word_1_802' title='bbox 3617 4977 3737 5033; x_wconf 87' lang='lat' dir='ltr'>ali-</span> 
     </span>
    </p>
   </div>
   <div class='ocr_carea' id='block_1_106' title="bbox 2072 5046 3541 5123">
    <p class='ocr_par' dir='ltr' id='par_1_106' title="bbox 2072 5046 3541 5123">
     <span class='ocr_line' id='line_1_107' title="bbox 2072 5046 3541 5123; baseline -0.005 -18"><span class='ocrx_word' id='word_1_803' title='bbox 2072 5046 2245 5123; x_wconf 82' lang='lat' dir='ltr'>quem</span> <span class='ocrx_word' id='word_1_804' title='bbox 2278 5046 2590 5123; x_wconf 76' lang='lat' dir='ltr'>exceperis,</span> <span class='ocrx_word' id='word_1_805' title='bbox 2624 5048 2743 5103; x_wconf 89' lang='lat' dir='ltr'>sive</span> <span class='ocrx_word' id='word_1_806' title='bbox 2775 5046 3121 5123; x_wconf 75' lang='lat' dir='ltr'>vestimento</span> <span class='ocrx_word' id='word_1_807' title='bbox 3152 5047 3476 5104; x_wconf 83' lang='lat' dir='ltr'>donaveris.</span> <span class='ocrx_word' id='word_1_808' title='bbox 3513 5070 3541 5097; x_wconf 85' lang='lat'>»</span> 
     </span>
    </p>
   </div>
   <div class='ocr_carea' id='block_1_107' title="bbox 2145 5115 3735 5191">
    <p class='ocr_par' dir='ltr' id='par_1_107' title="bbox 2145 5115 3735 5191">
     <span class='ocr_line' id='line_1_108' title="bbox 2145 5115 3735 5191; baseline 0.001 -18"><span class='ocrx_word' id='word_1_809' title='bbox 2145 5122 2256 5191; x_wconf 91' lang='grc'>(51)</span> <span class='ocrx_word' id='word_1_810' title='bbox 2316 5115 2666 5191; x_wconf 67' lang='grc' dir='ltr'>Πιεξομένόυ.</span> <span class='ocrx_word' id='word_1_811' title='bbox 2721 5115 2983 5191; x_wconf 82' lang='lat' dir='ltr'>Coisl.__1</span> <span class='ocrx_word' id='word_1_812' title='bbox 3038 5123 3094 5172; x_wconf 92' lang='lat' dir='ltr'>et</span> <span class='ocrx_word' id='word_1_813' title='bbox 3153 5124 3304 5191; x_wconf 62' lang='lat' dir='ltr'>8am,</span> <span class='ocrx_word' id='word_1_814' title='bbox 3365 5117 3735 5190; x_wconf 75' lang='grc' dir='ltr'>πιεζομένην,</span> 
     </span>
    </p>
   </div>
   <div class='ocr_carea' id='block_1_108' title="bbox 2072 5188 3354 5263">
    <p class='ocr_par' dir='ltr' id='par_1_108' title="bbox 2072 5188 3354 5263">
     <span class='ocr_line' id='line_1_109' title="bbox 2072 5188 3354 5263; baseline -0.008 -15"><span class='ocrx_word' id='word_1_815' title='bbox 2072 5215 2098 5241; x_wconf 92' lang='grc'>‹‹</span> <span class='ocrx_word' id='word_1_816' title='bbox 2129 5188 2387 5247; x_wconf 84' lang='lat' dir='ltr'>arentem</span> <span class='ocrx_word' id='word_1_817' title='bbox 2420 5188 2514 5247; x_wconf 80' lang='lat' dir='ltr'>siti</span> <span class='ocrx_word' id='word_1_818' title='bbox 2548 5192 2807 5263; x_wconf 86' lang='lat' dir='ltr'>linguam</span> <span class='ocrx_word' id='word_1_819' title='bbox 2840 5188 3288 5263; x_wconf 78' lang='lat' dir='ltr'>refrigeraveris.</span> <span class='ocrx_word' id='word_1_820' title='bbox 3326 5212 3354 5239; x_wconf 82' lang='lat'><strong>»</strong></span> 
     </span>
    </p>
   </div>
   <div class='ocr_carea' id='block_1_109' title="bbox 2141 5259 3734 5353">
    <p class='ocr_par' dir='ltr' id='par_1_109' title="bbox 2141 5259 3734 5353">
     <span class='ocr_line' id='line_1_110' title="bbox 2141 5259 3734 5353; baseline 0.003 -38"><span class='ocrx_word' id='word_1_821' title='bbox 2141 5264 2259 5353; x_wconf 52' lang='grc' dir='ltr'>(ὃς)</span> <span class='ocrx_word' id='word_1_822' title='bbox 2290 5263 2487 5353; x_wconf 46' lang='grc' dir='ltr'>ΚαὶΙτι.</span> <span class='ocrx_word' id='word_1_823' title='bbox 2523 5264 2615 5319; x_wconf 91' lang='lat' dir='ltr'>Sic</span> <span class='ocrx_word' id='word_1_824' title='bbox 2637 5259 2909 5335; x_wconf 69' lang='lat' dir='ltr'>quinque</span> <span class='ocrx_word' id='word_1_825' title='bbox 2949 5259 3129 5330; x_wconf 86' lang='lat' dir='ltr'>Colb.,</span> <span class='ocrx_word' id='word_1_826' title='bbox 3162 5261 3337 5317; x_wconf 87' lang='lat' dir='ltr'>Coisl.</span> <span class='ocrx_word' id='word_1_827' title='bbox 3376 5263 3397 5316; x_wconf 91' lang='grc'>1</span> <span class='ocrx_word' id='word_1_828' title='bbox 3432 5266 3488 5317; x_wconf 89' lang='lat' dir='ltr'>et</span> <span class='ocrx_word' id='word_1_829' title='bbox 3517 5264 3734 5321; x_wconf 84' lang='lat' dir='ltr'>Comb.</span> 
     </span>
    </p>
   </div>
   <div class='ocr_carea' id='block_1_110' title="bbox 2072 5336 3742 5477">
    <p class='ocr_par' dir='ltr' id='par_1_110' title="bbox 2072 5336 3742 5477">
     <span class='ocr_line' id='line_1_111' title="bbox 2072 5336 2531 5403; baseline -0.004 -12"><span class='ocrx_word' id='word_1_830' title='bbox 2072 5341 2132 5391; x_wconf 81' lang='lat' dir='ltr'>lu</span> <span class='ocrx_word' id='word_1_831' title='bbox 2164 5336 2278 5403; x_wconf 89' lang='lat' dir='ltr'>ed.,</span> <span class='ocrx_word' id='word_1_832' title='bbox 2314 5336 2398 5389; x_wconf 84' lang='grc' dir='ltr'>καί</span> <span class='ocrx_word' id='word_1_833' title='bbox 2428 5356 2531 5395; x_wconf 87' lang='grc' dir='ltr'>τις.</span> 
     </span>
     <span class='ocr_line' id='line_1_112' title="bbox 2140 5401 3742 5477; baseline 0.003 -17"><span class='ocrx_word' id='word_1_834' title='bbox 2140 5408 2252 5477; x_wconf 85' lang='lat'><strong>(53)</strong></span> <span class='ocrx_word' id='word_1_835' title='bbox 2284 5407 2511 5460; x_wconf 80' lang='grc' dir='ltr'>Ἐκεῖθεν</span> <span class='ocrx_word' id='word_1_836' title='bbox 2562 5401 2790 5471; x_wconf 76' lang='grc' dir='ltr'>δεῖσθαι,</span> <span class='ocrx_word' id='word_1_837' title='bbox 2821 5406 2929 5458; x_wconf 87' lang='lat' dir='ltr'>etc.</span> <span class='ocrx_word' id='word_1_838' title='bbox 2982 5401 3110 5458; x_wconf 90' lang='lat' dir='ltr'>Bill.</span> <span class='ocrx_word' id='word_1_839' title='bbox 3148 5420 3160 5458; x_wconf 89' lang='lat'>:</span> <span class='ocrx_word' id='word_1_840' title='bbox 3198 5428 3225 5453; x_wconf 89' lang='grc'>‹‹</span> <span class='ocrx_word' id='word_1_841' title='bbox 3260 5407 3323 5459; x_wconf 91' lang='lat' dir='ltr'>ut</span> <span class='ocrx_word' id='word_1_842' title='bbox 3352 5404 3468 5460; x_wconf 92' lang='lat' dir='ltr'>illic</span> <span class='ocrx_word' id='word_1_843' title='bbox 3510 5406 3742 5465; x_wconf 84' lang='lat' dir='ltr'>Lazaro</span> 
     </span>
    </p>
   </div>
   <div class='ocr_carea' id='block_1_111' title="bbox 2068 5478 2567 5548">
    <p class='ocr_par' dir='ltr' id='par_1_111' title="bbox 2068 5478 2567 5548">
     <span class='ocr_line' id='line_1_113' title="bbox 2068 5478 2567 5548; baseline -0.004 -15"><span class='ocrx_word' id='word_1_844' title='bbox 2068 5495 2216 5548; x_wconf 89' lang='lat' dir='ltr'>opus</span> <span class='ocrx_word' id='word_1_845' title='bbox 2246 5478 2503 5534; x_wconf 91' lang='lat' dir='ltr'>haberet.</span> <span class='ocrx_word' id='word_1_846' title='bbox 2541 5500 2567 5525; x_wconf 86' lang='lat'>»</span> 
     </span>
    </p>
   </div>
   <div class='ocr_carea' id='block_1_112' title="bbox 2074 5546 3741 5641">
    <p class='ocr_par' dir='ltr' id='par_1_112' title="bbox 2074 5546 3741 5641">
     <span class='ocr_line' id='line_1_114' title="bbox 2074 5546 3741 5641; baseline 0.002 -38"><span class='ocrx_word' id='word_1_847' title='bbox 2074 5546 2248 5641; x_wconf 43' lang='lat'>&quot;($34)</span> <span class='ocrx_word' id='word_1_848' title='bbox 2280 5551 2470 5621; x_wconf 87' lang='grc' dir='ltr'>Ημῶν.</span> <span class='ocrx_word' id='word_1_849' title='bbox 2502 5548 2592 5602; x_wconf 84' lang='lat' dir='ltr'>Sic</span> <span class='ocrx_word' id='word_1_850' title='bbox 2621 5548 2758 5619; x_wconf 77' lang='lat' dir='ltr'>Reg.</span> <span class='ocrx_word' id='word_1_851' title='bbox 2795 5546 2891 5601; x_wconf 93' lang='lat' dir='ltr'>bm</span> <span class='ocrx_word' id='word_1_852' title='bbox 2925 5547 2981 5599; x_wconf 88' lang='lat' dir='ltr'>et</span> <span class='ocrx_word' id='word_1_853' title='bbox 3013 5546 3271 5617; x_wconf 90' lang='lat' dir='ltr'>quinque</span> <span class='ocrx_word' id='word_1_854' title='bbox 3291 5547 3455 5607; x_wconf 85' lang='lat' dir='ltr'>Colb.</span> <span class='ocrx_word' id='word_1_855' title='bbox 3477 5549 3539 5605; x_wconf 91' lang='lat' dir='ltr'>In</span> <span class='ocrx_word' id='word_1_856' title='bbox 3563 5550 3741 5621; x_wconf 87' lang='lat' dir='ltr'>edit.,</span> 
     </span>
    </p>
   </div>
   <div class='ocr_carea' id='block_1_113' title="bbox 2069 5638 3741 5777">
    <p class='ocr_par' dir='ltr' id='par_1_113' title="bbox 2069 5638 3741 5777">
     <span class='ocr_line' id='line_1_115' title="bbox 2069 5638 3741 5777; baseline 0.002 -31"><span class='ocrx_word' id='word_1_857' title='bbox 2069 5638 2249 5777; x_wconf 44' lang='grc' dir='ltr'>υμὲῖξ)</span> <span class='ocrx_word' id='word_1_858' title='bbox 2290 5686 2423 5744; x_wconf 63' lang='grc' dir='ltr'>Οὔτε</span> <span class='ocrx_word' id='word_1_859' title='bbox 2468 5691 2630 5765; x_wconf 83' lang='grc' dir='ltr'>παρὰ.</span> <span class='ocrx_word' id='word_1_860' title='bbox 2684 5692 2777 5748; x_wconf 88' lang='lat' dir='ltr'>Sic</span> <span class='ocrx_word' id='word_1_861' title='bbox 2824 5696 3048 5766; x_wconf 87' lang='lat' dir='ltr'>septem</span> <span class='ocrx_word' id='word_1_862' title='bbox 3096 5693 3272 5765; x_wconf 81' lang='lat' dir='ltr'>Regg.</span> <span class='ocrx_word' id='word_1_863' title='bbox 3328 5691 3391 5747; x_wconf 86' lang='lat' dir='ltr'>In</span> <span class='ocrx_word' id='word_1_864' title='bbox 3442 5693 3613 5766; x_wconf 60' lang='lat' dir='ltr'>edit,</span> <span class='ocrx_word' id='word_1_865' title='bbox 3671 5693 3741 5749; x_wconf 74' lang='grc' dir='ltr'>οὐ</span> 
     </span>
    </p>
   </div>
   <div class='ocr_carea' id='block_1_114' title="bbox 2064 5780 2230 5835">
    <p class='ocr_par' dir='ltr' id='par_1_114' title="bbox 2064 5780 2230 5835">
     <span class='ocr_line' id='line_1_116' title="bbox 2064 5780 2230 5835; baseline 0.018 -21"><span class='ocrx_word' id='word_1_866' title='bbox 2064 5780 2230 5835; x_wconf 90' lang='grc' dir='ltr'>παρα.</span> 
     </span>
    </p>
   </div>
  </div>
