4056 6274
340 463 491 524 1237

1441 463 1736 524 ORATIO
1779 463 1991 524 XXVI.
2045 464 2226 522 -ΙΝ
2276 463 2642 526 SEIPSUM.

3597 463 3752 525 1238

334 594 395 648 τὸ
449 593 779 670 εἰρημένονο
841 594 1000 672 Κάγὼ
1054 590 1292 670 ἔρχομαι
1358 593 1425 649 τὰ
1495 591 1840 669 βουλεύματα
1889 615 1943 648 κε

2062 656 2066 663 ,
2097 613 2270 667 quem
2304 595 2500 651 omnia
2518 600 2718 652 nostra
2739 595 3117 667 colliguntur,
3135 595 3630 667 quemadmodum
3652 595 3748 652 his

331 682 424 745 τάς
508 684 727 760 πράξεις
815 685 964 756 ὑμῶν
1054 688 1399 760 συναγαγεῖν⁸
1489 684 1598 755 καὶ,
1681 681 1822 741 Ἰδοὺ
1887 680 1978 738 ἅν-

333 777 551 848 θρωπος
609 775 740 847 (26),
816 774 905 827 καὶ
969 772 1033 827 τὸ
1101 771 1257 849 ἔργον
1320 772 1507 843 αὐτοῦ,
1562 773 1650 827 καὶ
1701 774 1728 826 ὁ
1788 774 1979 845 μισθὸς

332 860 494 916 αὐτοῦ
555 863 671 935 μετ’
724 861 910 918 αὐτοῦ.
968 864 1042 916 Τὰ
1077 859 1133 916 δὲ
1187 861 1450 938 ἡμέτερα,
1505 863 1594 916 καὶ
1644 861 1848 937 ἂπαρὰ
1874 866 1974 931 τῆς

327 949 556 1025 ἐρημίας
617 951 741 1024 ὑμῖν
796 950 1119 1024 κομίζομεν.
1179 949 1400 1019 Ἐπειδὴ
1430 950 1518 1005 καὶ
1549 949 1739 1013 Ἠλίας
1797 949 1972 1020 ἡδέως

327 1039 694 1119 ἐνεφιλοσόφει
741 1045 820 1112 τῷ
867 1039 1172 1116 Καρμήλῳ,
1231 1039 1320 1095 καὶ
1369 1039 1620 1109 Ἰωάννης
1661 1062 1725 1114 τῃ
1757 1039 1969 1116 ἐρήμῳ,

322 1129 408 1184 καὶ
470 1131 679 1200 Ἰησοῦς
745 1130 926 1199 αὐτὸς,
998 1129 1090 1191 τὰς
1153 1131 1247 1203 μὲν
1301 1130 1518 1205 πραξεις
1575 1135 1692 1192 τοῖς
1749 1125 1968 1205 ὄχλοις,

321 1220 414 1282 τὰς
464 1219 628 1294 εὐχὰς
676 1215 734 1273 δὲ
787 1217 855 1293 τῇ
903 1216 1085 1294 σχολῇ
1142 1218 1231 1273 καὶ
1285 1223 1403 1280 ταῖς
1452 1218 1728 1294 ἐρημίαις,
1781 1218 1857 1280 ὡς
1905 1219 1970 1272 τὰ

320 1305 525 1377 πολλὰ,
606 1307 954 1384 προσένεμεν.
1020 1307 1079 1360 Τί
1135 1308 1480 1380 νομοθετῶν;
1539 1308 1625 1368 Ὡς
1673 1307 1849 1379 οἶμαι,
1906 1307 1968 1361 τὸ

319 1396 516 1472 χρῆναί
544 1418 597 1451 τι
644 1397 734 1452 καὶ
781 1396 1099 1472 ἡσυχάζειν,
1161 1395 1298 1451 ὥστε
1351 1394 1648 1460 ἆθολώτως
1695 1416 1964 1469 προσομι-

320 1484 430 1540 λεῖν
485 1491 562 1558 τῷ
611 1490 748 1558 Θεῷ,
810 1486 899 1541 καὶ
970 1487 1162 1562 μικρὸν
1214 1485 1495 1560 ἐπανάγειν
1550 1487 1640 1540 τὸν
1686 1489 1808 1540 νοῦν
1859 1484 1964 1539 ἀπὸ

315 1579 423 1630 τῶν
474 1575 872 1649 πλανωμένων.
918 1575 992 1630 Ού
1039 1574 1142 1650 γὰρ
1175 1574 1333 1637 αὐτὸς
1359 1573 1530 1630 ἐδεῖτο
1562 1574 1965 1649 ἀναχωρήσεως

315 1662 463 1738 (οὐδὲ
493 1666 594 1741 γὰρ
623 1665 767 1740 εἶχεν
802 1664 878 1726 εἱς
921 1664 950 1718 ὅ
1004 1686 1058 1718 τι
1089 1662 1347 1738 συσταλῇ,
1382 1665 1511 1726 Θεὸς
1543 1662 1639 1736 ὥν,
1671 1664 1760 1718 καὶ
1791 1665 1963 1718 πάντα

313 1753 585 1830 πληρῶν),
645 1752 770 1808 ἀλλ’
820 1751 890 1806 τίν’
938 1755 1104 1827 ἡμεῖς
1153 1753 1406 1826 μάθωμεν
1457 1751 1543 1808 καί
1575 1752 1817 1828 πράξεως
1848 1774 1962 1807 και-

311 1845 426 1917 ρὸν,
496 1842 584 1898 καὶ
663 1840 928 1918 ἀσχολίας
990 1840 1354 1918 ὑψηλοτέρας.
1413 1841 1540 1896 Τίνα
1596 1840 1686 1894 οὖν
1741 1844 1807 1895 τὰ
1861 1849 1959 1911 τῆς

309 1932 444 2006 ἐμῆς
479 1934 590 2006 (57)
639 1932 911 2006 ἐρημίας
962 1931 1245 2005 Βούλομαι
1294 1932 1419 2007 γὰρ,
1452 1932 1526 1993 ὡς
1560 1932 1754 2006 ἀγαθὸς
1785 1929 1956 2003 ἔμπο-

308 2043 398 2098 ρος
425 2021 514 2077 καὶ
544 2021 880 2098 πανταχόθεν
912 2019 1230 2097 κερδαίνων,
1257 2019 1536 2074 κάντεῦθέν
1567 2041 1620 2074 τι
1663 2040 1952 2096 προσενεγ-

303 2117 412 2166 κεῖν
447 2111 573 2184 ὑμῖν
608 2113 912 2186 ἀγώγιμον.

2086 685 2278 742 verbis
2309 686 2608 757 Scriptura
2658 689 2909 741 testatur
2940 702 2952 740 :
2990 688 3053 740 Et
3083 701 3184 758 ego
3213 687 3390 757 venio,
3425 690 3485 740 ut
3510 687 3747 743 consilia

2087 778 2262 830 vestra
2312 778 2365 828 et
2411 777 2648 829 actiones
2695 791 3012 845 congregem
3063 776 3128 826 92.
3181 778 3267 844 Et,
3319 777 3448 829 Ecce
3485 775 3665 843 homo,
3693 785 3743 832 et

2085 881 2218 936 Opus
2247 866 2380 936 ejus,
2431 873 2481 918 et
2508 879 2714 918 merces
2757 865 2873 934 ejus
2901 881 3022 918 cum
3068 881 3128 920 eo
3157 864 3220 919 93.
3251 864 3381 920 Jam
3416 869 3616 920 nostra
3646 880 3741 920 ex-

2087 970 2396 1025 ponamus,
2431 957 2605 1025 atque
2635 969 2722 1018 ea,
2757 970 2886 1024 quae
2918 971 2948 1007 a
2979 952 3295 1009 solitudine
3349 954 3516 1009 vobis
3548 954 3737 1009 afl'eri-

2083 1060 2236 1098 mus.
2261 1043 2407 1097 Nam
2441 1046 2496 1098 et
2526 1042 2677 1097 Elias
2712 1041 2957 1096 libenter
2987 1043 3046 1097 in
3079 1043 3340 1098 Carmelo
3371 1042 3741 1116 philosopha-

2081 1135 2178 1186 tur
2207 1133 2251 1166 ⁹⁴
2282 1135 2338 1186 et
2369 1132 2624 1186 Joannes
2656 1131 2713 1185 in
2768 1133 2992 1186 deserto
3024 1132 3087 1201 95,
3121 1135 3176 1186 et
3206 1133 3378 1188 Jesus
3421 1131 3546 1204 ipse
3575 1133 3640 1198 οδ,
3672 1139 3738 1189 ut

2081 1223 2334 1276 actiones
2388 1219 2753 1275 multitudini
2785 1220 3211 1293 hominumque
3263 1222 3621 1292 frequentia),
3653 1223 3735 1278 ita

2078 1327 2276 1382 preces
2308 1310 2487 1381 quieti
2519 1310 2778 1381 locisque
2806 1311 2876 1364 ab
2908 1310 3216 1365 hominum
3254 1312 3604 1366 commercio
3636 1329 3731 1367 se-

2076 1399 2254 1455 motis
2303 1399 2417 1454 fere
2464 1399 2778 1454 tribuebat.
2829 1399 2976 1463 Quid
3027 1399 3183 1466 hinc,
3215 1398 3372 1455 velut
3416 1399 3536 1455 lata
3583 1399 3729 1474 lege,

2074 1489 2320 1544 statuit?
2349 1488 2569 1559 Nempe
2597 1488 2767 1544 nobis
2799 1505 3051 1560 quoque,
3087 1493 3151 1543 ut
3209 1489 3438 1560 opinor,
3461 1491 3726 1546 nonnihil

2071 1577 2493 1648 quiescendum
2525 1593 2673 1644 esse,
2711 1581 2774 1632 ut
2803 1577 2998 1632 animo
3050 1577 3292 1632 minime
3322 1577 3557 1633 turbido
3588 1595 3722 1635 cum

2071 1666 2186 1722 Deo
2216 1683 2536 1733 versemur,
2563 1670 2937 1736 mentemque
2968 1667 3039 1722 ab
3070 1667 3328 1722 erroneis
3360 1666 3518 1722 hisce
3549 1668 3724 1724 rebus

2071 1753 2380 1826 paululum
2410 1754 2781 1809 reducamus.
2815 1754 3013 1825 Neque
3045 1754 3202 1810 enim
3233 1754 3345 1825 ipsi
3398 1756 3722 1813 secessione

2069 1859 2218 1914 opus
2249 1847 2373 1898 erat
2421 1843 2560 1915 (non
2593 1843 2749 1898 enim
2781 1843 3036 1899 habebat
3089 1861 3204 1915 quo
3237 1859 3298 1898 se
3328 1844 3718 1915 contraheret,

2069 1948 2202 1986 cum
2235 1931 2388 1986 Deus
2441 1935 2612 1997 esset,
2649 1936 2704 1986 et
2735 1931 2931 1986 omnia
2974 1931 3304 2003 impleret);
3337 1948 3538 1987 verum
3572 1938 3633 1989 ut
3665 1938 3719 1989 et

2065 2018 2330 2085 actionis,
2363 2023 2419 2074 et
2467 2019 2825 2074 sublimioris
2879 2019 3278 2090 occupationis
3325 2023 3559 2092 tempus
3589 2038 3716 2077 esse

2063 2109 2446 2165 disceremus.
2508 2108 2647 2173 Quis
2704 2124 2839 2179 ergo
2896 2107 3231 2164 solitudinis
3300 2113 3504 2164 nostris
3561 2112 3707 2165 477

304 2203 528 2256 fructus
557 2201 824 2257 exstitit?
855 2201 1018 2256 Libet
1047 2200 1225 2268 enim,
1259 2199 1445 2255 instar
1474 2200 1610 2256 boni
1645 2200 2023 2273 negotiatoris
2054 2203 2110 2254 et
2141 2203 2433 2270 quaestum
2467 2199 2876 2269 undecumque
2925 2198 3266 2268 factitantis,
3301 2203 3367 2253 ut
3397 2197 3533 2253 hinc
3563 2215 3712 2271 quo-

303 2308 414 2362 que
443 2291 608 2346 vobis
636 2289 903 2345 nonnihil
935 2290 1220 2345 mercium
1253 2289 1514 2345 oll‘eram.

369 2379 432 2434 H'
477 2372 761 2446 Ἐϐάϐιζον
813 2376 956 2431 οὕτω
1013 2384 1126 2431 κατ’
1164 2377 1417 2450 ἐμαυτὸν,
1482 2374 1591 2447 ἤδη
1651 2375 1944 2448 κλινούσης

298 2468 528 2543 ἡμέρας,
565 2463 807 2536 Ἀκτήδέ
835 2469 899 2535 ἧν
951 2468 978 2520 ὁ
1012 2466 1307 2542 περίπατος
1338 2488 1350 2500 °
1383 2467 1470 2521 καὶ
1504 2468 1606 2543 γάρ
1634 2488 1751 2529 πως
1785 2465 1946 2521 εἴωθα

292 2556 420 2619 τοὺς
474 2557 675 2618 πόνους
737 2554 815 2610 ἀεὶ
866 2560 985 2617 ταῖς
1040 2555 1316 2618 τοιαύταις
1371 2553 1608 2611 διαλύειν
1662 2557 1939 2611 ἀνέσεσιν*

294 2645 408 2699 ἐπεὶ
461 2643 602 2718 μηδέ
663 2646 825 2722 νευρὰ
885 2645 1032 2721 φέρει
1084 2644 1146 2700 τό
1191 2643 1442 2699 σύντονον
1503 2644 1584 2699 ἀεὶ
1630 2645 1941 2717 τεινομένη,

291 2734 378 2788 καὶ
432 2733 600 2790 δεῖταί
638 2756 690 2788 τι
743 2735 934 2812 μικρὸν
975 2739 1082 2790 τῶν
1112 2732 1388 2812 γλυφίδων
1418 2736 1531 2807 (58)
1559 2731 1861 2800 ἐκλύεσθαι,
1896 2733 1941 2789 εἷ

297 2821 493 2896 μέλλοι
539 2825 860 2894 ταθτξσεσθαι
908 2823 1093 2890 πάλιν,
1135 2824 1224 2877 καὶ
1278 2825 1352 2896 μὴ
1403 2825 1680 2899 ἄχρηστος
1731 2821 1938 2878 ἔσεσθαι

289 2917 367 2983 τῷ
411 2913 621 2986 τοξότῃ,
677 2911 815 2984 μηδὲ
865 2911 1128 2982 ἀνόνητος
1172 2913 1223 2966 ἐν
1255 2917 1428 2987 καιρῷ
1457 2915 1732 2988 χρήσεως.
1781 2907 1939 2968 Ἐϐά-

293 2999 441 3071 διζον
477 2999 590 3070 οὖν,
643 3001 733 3055 καὶ
791 3003 843 3056 o't
877 3003 971 3073 μὲν
998 2999 1159 3062 πόδες
1190 3000 1465 3078 ἐφέροντο,
1498 3004 1532 3070 ἡ
1584 2999 1640 3055 δὲ
1671 2998 1792 3075 ὄψις
1826 3003 1939 3077 εἶχε

289 3093 387 3161 τήν
450 3089 738 3154 θάλασσαν.
797 3091 860 3146 Ἡ
910 3089 967 3144 δὲ
1023 3091 1089 3159 ἦν
1136 3091 1308 3163 θέαμα
1365 3089 1472 3164 οὐχ
1527 3087 1655 3158 ἡδὺ,
1702 3089 2011 3195 καίτοιγεο

297 3177 383 3195 ινςκ
528 3177 587 3195 ..κ
809 3177 836 3195 τ
993 3177 1018 3195 ,ι
1238 3177 1257 3195 κ
1294 3181 1305 3195 ,
1597 3178 1608 3195 ρ
1921 3179 1934 3195 ε

290 3177 476 3241 ἄλλως
522 3177 734 3248 ἣδιστον
777 3177 929 3246 οὖσα,
988 3177 1112 3232 ὅταν
1161 3177 1377 3254 γαλήνη
1433 3178 1800 3256 πορφύρηται,
1849 3179 1936 3232 καὶ

288 3267 595 3344 προσπαίζη
641 3275 759 3330 ταῖς
807 3270 992 3330 ἀκταῖς
1035 3266 1140 3337 ἡδύ
1167 3289 1222 3322 τι
1279 3269 1368 3321 καὶ
1427 3269 1651 3341 ἥμερον.
1685 3267 1859 3324 Ἀλλᾶ
1887 3267 1938 3322 τί

286 3358 410 3413 τότε
463 3357 787 3436 (φθέγγομαι
823 3361 934 3431 (59)
964 3379 1067 3434 γαρ
1099 3354 1275 3426 ἡδέως
1307 3358 1396 3412 καὶ
1447 3359 1557 3430 (90)
1604 3359 1670 3411 τὰ
1721 3357 1940 3434 ῥήματα

283 3454 381 3516 τῆς
415 3449 692 3524 Γραφῆς);
735 3445 966 3519 ’Δνέμου
1019 3445 1263 3522 μεγάλου
1311 3447 1589 3518 πνέοντος,
1632 3443 1935 3521 διηγείρετό

279 3557 339 3590 τε
387 3534 474 3590 καὶ
525 3534 820 3612 ἐπωρύετο·
878 3539 986 3590 τῶν
1036 3533 1092 3591 δὲ
1133 3537 1412 3608 κυμάτων,
1464 3531 1492 3588 ὅ
1522 3534 1674 3613 φιλεῖ
1703 3530 1932 3602 συμϐαί-

279 3644 383 3678 νειν
441 3623 492 3679 ἐν
547 3630 663 3686 τοῖς
720 3623 990 3687 τοιούτοις
1031 3627 1290 3698 κινήμασι
1325 3627 1458 3699 (61),
1489 3625 1555 3680 τὰ
1590 3625 1682 3698 μὲν
1712 3623 1931 3701 πόρῥω-

279 3714 364 3766 θεν
420 3711 765 3786 ἀνιστάμενα,
815 3714 904 3768 καὶ
957 3715 1092 3768 κατὰ
1151 3714 1342 3786 μικρὸν
1397 3715 1776 3791 κορυφούμενα
1837 3715 1933 3768 εἴτ’

278 3798 668 3873 ἐλαττούμενα,
725 3803 860 3876 πρὸς
917 3807 1036 3864 ταῖς
1096 3801 1280 3862 ἀκταῖς
1337 3800 1524 3856 ἐλύετο
1563 3805 1694 3873 (6‘2)'
1755 3802 1821 3855 τὰ
1878 3800 1934 3856 δὲ

275 3895 393 3950 ταῖς
446 3889 650 3964 γείτοσι
729 3890 949 3964 πέτραις
1025 3889 1436 3963 προσπίπτοντα
1492 3890 1579 3943 καὶ
1637 3889 1932 3964 ἀποκρουό-

281 3997 434 4048 μενοι⁹
469 3977 542 4039 εἰς
600 3975 774 4053 ἄχνην
805 3975 1030 4054 ἀφρώδη
1079 3978 1168 4032 καὶ
1217 3978 1386 4050 ψιλὴν
1420 3980 1531 4051 (63)
1563 3977 1929 4052 ἐσκορπίζετο.

276 4067 441 4122 ’Ένθα
479 4065 760 4142 κάχληκες
817 4068 934 4140 μὲν,
992 4065 1080 4121 καί
1139 4066 1321 4144 φυκία,
1382 4067 1471 4119 καὶ
1528 4068 1784 4141 κήρυκες,
1841 4067 1931 4120 καὶ

273 4159 383 4208 τῶν
417 4154 650 4231 ὀστρέων
691 4158 759 4210 τὰ
811 4155 1149 4234 ἐλαφρότατα
1180 4155 1426 4225 ἐξωθεῖτο
1457 4155 1546 4209 καὶ
1581 4155 1880 4208 ἀπεπτύετο
1913 4173 1926 4188 ο

275 4240 389 4297 ἔστι
431 4241 488 4298 δὲ
545 4243 576 4298 ἃ
631 4245 721 4299 καὶ
768 4244 1042 4320 ἡρπάζετο
1099 4243 1286 4313 πάλιν,
1363 4241 1779 4319 ἀναχωροῦντος
1833 4248 1929 4297 τοῦ

273 4331 538 4404 κύματος.
600 4334 666 4386 Δί
721 4330 778 4387 δέ
829 4333 964 4402 ἦσαν
1013 4331 1244 4387 ἅσειστοι
1289 4332 1378 4387 καὶ
1436 4332 1730 4402 ἀτίνακτοι,
1775 4331 1926 4387 οὐδέν

272 4440 338 4494 γε
385 4421 546 4487 ἧττον
592 4420 626 4489 ἢ
680 4419 1038 4498 διοχλοῦντος
1082 4418 1321 4492 οὐδενὸς,
1354 4420 1500 4491 πλὴν
1529 4422 1652 4476 ὅσον
1682 4427 1799 4484 τοῖς
1832 4421 1924 4476 κύ-

278 4529 409 4585 μασι
438 4508 754 4582 βάλλεσθαι.

346 4777 417 4831 8'.
452 4777 717 4832 Ἐντεῦθεν
779 4775 901 4832 οἶδά
948 4799 996 4832 τι
1048 4778 1182 4854 πρὸς
1231 4777 1556 4857 φιλοσοφίαν
1593 4778 1919 4857 ὠφεληθεὶς,

272 4866 364 4919 καὶ
409 4865 544 4938 (οἶος
602 4865 706 4941 ἐγὼ
764 4866 936 4922 πάντα
984 4867 1267 4922 συντείνων
1321 4871 1433 4942 (64)
1485 4869 1619 4944 πρὸς
1666 4869 1918 4942 ἐμαυτὸν,

271 4954 363 5008 καὶ
412 4953 647 5027 μάλιστα
695 4954 739 5009 εί
786 4955 1017 5032 τύχοιμι
1067 4957 1203 5032 πρός
1242 4979 1293 5012 τι
1351 4961 1456 5011 τῶν
1516 4953 1923 5031 συμϐαινόντων

343 5116 390 5152 ⁸³
422 5115 532 5172 lea.
567 5131 715 5183 va1,
743 5117 828 5173 18.
907 5119 950 5153 ⁸³
981 5123 1092 5175 Isa.
1125 5136 1214 5188 XL,
1249 5120 1337 5175 10.

270 5390 299 5415 α
333 5293 840 5422 ἔξὲὶἔζνέρξφπος.
891 5296 1063 5353 Sacer
1118 5301 1330 5369 textus,
1381 5296 1596 5372 Κύριος.
1652 5297 1920 5370 Vulgata,

347 5437 456 5515 (§7)
489 5437 682 5515 Ἐμῆς.
721 5439 888 5493 Deest
913 5437 973 5494 in
1006 5439 1237 5495 duobus
1269 5441 1736 5515 Regg.,quatuor
1764 5441 1922 5498 Colb.

271 5506 471 5659 et
495 5510 838 5660 ipsum?
868 5582 1049 5660 Arcus
1082 5597 1357 5650 cornua,»
1390 5585 1444 5639 id
1478 5588 1922 5660 est,«_crenas,»

275 5666 380 5705 seu
411 5652 747 5732 cincisuras
769 5673 797 5701 »
818 5652 878 5710 in
900 5657 1156 5710 extrema
1185 5670 1354 5711 arcus
1370 5657 1772 5729 parte,quibus
1794 5652 1926 5714 ner-

273 5738 383 5778 vus
413 5727 710 5780 inseritur.

349 5794 464 5868 (59)
495 5794 834 5874 Φθέγγομαι.
869 5796 1009 5870 Reg.
1041 5797 1162 5866 βω,
1194 5794 1508 5876 φθέγξομαι.

1414 5119 1459 5154 ⁰⁴
1490 5119 1563 5174 III
1594 5122 1731 5191 Reg.
1767 5135 1925 5188 xvm,
1960 5121 2044 5176 19.

2129 2379 2278 2433 VIII.
2313 2377 2758 2432 Inambulabam
2811 2392 2916 2448 ego
2946 2376 3127 2445 solus,
3177 2379 3448 2447 vergente
3491 2377 3617 2447 jam
3649 2377 3710 2434 in

2055 2484 2328 2523 occasum
2348 2466 2681 2522 sole.Loeus
2712 2483 2881 2538 porro
2901 2467 2959 2521 in
2991 2483 3106 2538 quo
3125 2465 3514 2537 spatiabatur,
3531 2467 3710 2522 maris

2054 2557 2182 2628 ripa
2213 2560 2356 2611 erat.
2389 2560 2628 2626 Semper
2674 2555 2830 2610 enim
2863 2554 3020 2611 soleo
3068 2554 3409 2626 hujusmodi
3457 2555 3707 2612 oblecta-

2055 2645 2267 2700 mentis
2298 2645 2524 2699 labores
2558 2644 2869 2701 dissolvere
2911 2649 2969 2699 et
2999 2643 3254 2698 relaxare
3289 2661 3302 2710 ;
3336 2644 3705 2716 quandoqui-

2052 2736 2184 2790 dem
2212 2751 2316 2790 nec
2348 2738 2688 2807 perpetuam
2720 2734 3148 2790 contentionem
3183 2749 3396 2789 nervus
3427 2733 3573 2792 ferre
3604 2751 3705 2806 po-

2051 2828 2184 2892 test,
2202 2825 2302 2879 sed
2335 2823 2514 2878 laxari
2547 2840 2972 2894 nonnunquam
3003 2839 3174 2878 arcus
3205 2839 3424 2878 cornua
3454 2827 3701 2894 oportet,

2053 2916 2100 2971 si
2133 2917 2368 2987 quidem
2405 2933 2610 2971 rursus
2632 2914 3022 2969 intendendus
3045 2915 3223 2982 sit,ac
3254 2931 3368 2969 non
3402 2914 3702 2987 sagittario

2052 3005 2274 3060 inutilis
2305 3010 2428 3060 tum
2455 3005 2852 3070 futurus,cum
2883 3021 2949 3060 eo
2973 3004 3254 3059 utendum
3280 3003 3700 3060 erit.Inambu-

2052 3094 2245 3150 labam
2295 3095 2494 3166 igitur,
2529 3098 2701 3166 atque
2734 3095 2814 3149 ita
2864 3094 3112 3165 pedibus
3140 3093 3379 3157 ferebar,
3413 3097 3478 3148 ut
3521 3093 3703 3150 oculi-

2051 3184 2232 3239 maris
2283 3189 2522 3256 aspectu
2574 3183 2922 3238 fruerentur.
2961 3183 3075 3238 Nec
3121 3199 3254 3238 vero
3303 3184 3702 3253 spectaculum

2047 3271 2192 3326 illud
2225 3272 2422 3326 lzetum
2454 3289 2519 3327 ac
2546 3273 2878 3342 jucundum
2926 3275 3070 3340 erat,
3107 3287 3450 3343 quanquam
3482 3273 3703 3344 alioqui

2038 3363 2542 3432 jucundissimum
2575 3379 2702 3418 esse
2733 3361 2935 3428 soleat,
2958 3379 3092 3417 cum
3123 3362 3551 3434 tranquillitate
3573 3381 3706 3436 pur-

2045 3450 2327 3522 purascit,
2361 3467 2426 3506 ac
2469 3450 2765 3506 littoribus
2797 3449 3082 3506 blandum
3131 3452 3410 3523 quiddam
3442 3456 3498 3508 et
3529 3470 3708 3509 suave

2048 3539 2274 3596 alludit.
2306 3541 2415 3595 Sed
2471 3541 2610 3610 quid
2644 3545 2770 3596 tum
2795 3541 2823 3596 ?
2853 3541 3010 3596 Mare
3056 3540 3328 3612 (libenter
3373 3541 3528 3596 enim
3574 3547 3707 3598 utor

2048 3629 2361 3701 Scriptura:
2392 3630 2629 3702 verbis),
2664 3633 2835 3685 vento
2866 3647 3078 3702 magno
3110 3630 3307 3696 ﬂante,
3341 3631 3705 3687 excitabatur

2046 3723 2102 3773 et
2135 3719 2482 3773 infremebat
2509 3721 2590 3785 97;
2622 3719 2832 3774 fluctus
2863 3724 3162 3789 autem,ut
3191 3720 3248 3774 in
3279 3720 3495 3775 talibus
3527 3722 3701 3777 rebus

2047 3808 2165 3862 fieri
2203 3807 2518 3874 consuevit,
2554 3809 2726 3862 modo
2772 3808 2972 3878 procul
3023 3814 3418 3879 exsurgentes,
3455 3825 3700 3880 seseque

2042 3895 2325 3965 paulatim
2345 3895 2403 3948 in
2426 3911 2723 3950 summam
2742 3895 3111 3951 altitudinem
3133 3898 3456 3962 efferentes,
3482 3915 3546 3953 ac
3571 3915 3699 3970 pos-

2040 3987 2133 4038 tea
2163 3984 2565 4039 decrescentes
2617 3984 2687 4038 ad
2733 3985 2921 4054 ripam
2971 3984 3382 4047 solvebantur;
3415 3987 3587 4042 modo
3635 3987 3693 4042 in

2041 4071 2401 4143 prOpiaquas
2426 4076 2617 4143 petras
2649 4071 3182 4143 ineidentes,atque
3211 4073 3347 4129 inde
3377 4075 3694 4146 repulsi,in

2040 4177 2381 4232 spumosam
2406 4177 2471 4215 ac
2505 4165 2735 4216 tenuem
2761 4162 3132 4233 asperginem
3151 4163 3694 4221 dilabebantur.Hic

2039 4253 2095 4304 et
2124 4249 2330 4321 lapilli,
2362 4255 2418 4305 et
2466 4249 2630 4320 algae,
2665 4253 2719 4304 et
2749 4251 3023 4318 murices,
3057 4256 3112 4306 et
3157 4251 3456 4308 levissima
3502 4259 3695 4311 ostrea

2038 4339 2498 4394 extrudebantur
2551 4342 2606 4394 et
2663 4340 2832 4410 quasi
2883 4341 3358 4412 exspuebantur;
3410 4342 3694 4399 nonnulla

2037 4427 2208 4483 etiam
2243 4430 2400 4483 unda
2433 4430 2735 4484 recedente
2769 4447 2974 4486 rursus
3007 4431 3465 4503 abripiebantur.
3513 4433 3690 4488 Petrae

1959 4504 2004 4569 D
2037 4521 2231 4572 autem
2263 4517 2493 4572 interim
2546 4536 2660 4574 non
2695 4518 2892 4574 minus
2941 4520 3196 4576 immotze
3227 4526 3285 4576 et
3329 4521 3689 4577 inconcussas

2033 4607 2430 4677 remanebant,
2465 4623 2636 4677 quam
2669 4608 2716 4662 si
2748 4608 2910 4663 nulla
2935 4609 3172 4665 omnino
3203 4610 3290 4665 vis
3323 4610 3468 4682 ipsis
3493 4611 3692 4668 admo-

2029 4699 2278 4765 veretur,
2312 4695 2425 4750 nisi
2459 4698 2611 4768 quod
2642 4699 2928 4753 ﬂuctuum
2963 4699 3174 4754 ictibus
3208 4699 3686 4755 verberabantur.

2109 4785 2196 4838 IX.
2230 4784 2310 4838 Ex
2343 4785 2450 4840 hoc
2483 4785 2815 4857 spectaculo
2847 4787 3111 4842 nonnihil
3149 4787 3419 4843 utilitatis
3451 4790 3519 4843 ad
3555 4789 3690 4861 phi-

2034 4873 2361 4945 losophiam
2383 4875 2709 4946 percepisse
2742 4892 2834 4931 me
2856 4876 3204 4948 sensi,et(ut
3237 4877 3434 4933 omnia
3460 4877 3531 4932 ad
3566 4894 3685 4934 me-

2033 4963 2228 5034 ipsum
2261 4963 2474 5020 referre
2504 4969 2678 5036 atque
2709 4964 2957 5038 dirigere
3005 4966 3182 5036 soleo,
3215 4983 3281 5022 ac
3311 4966 3684 5038 potissimum

2608 5125 2650 5159 9'
2683 5125 2819 5182 Luc.
2853 5141 2907 5192 v,
2941 5125 3026 5181 16.
3102 5127 3145 5160 9"
3175 5126 3344 5182 Joan.
3376 5142 3454 5196 vx,
3489 5127 3573 5182 18.

2121 5123 2165 5157 ⁹³
2197 5123 2334 5179 Luc.
2370 5140 2408 5192 1,
2440 5125 2530 5179 80.

2247 5300 2656 5387 Ea!.'Deestnin
2692 5303 2829 5387 Reg.
2862 5321 2920 5361 ι.

2106 5371 2519 5448 (61))ςινήμασι
2577 5376 2744 5431 Deest
2771 5371 2832 5431 in
2887 5375 3156 5448 pluribus
3189 5379 3361 5447 Regg.
3414 5380 3471 5430 et
3499 5375 3594 5430 Or.
3631 5375 3682 5431 l.

2036 5443 2151 5498 Nec
2183 5443 2696 5517 Billiusagnoscit.

2107 5517 2218 5590 (62)
2249 5515 2490 5590 mag—.6.
2528 5521 2588 5573 In
2621 5518 2997 5590 quibusdam,
3028 5515 3292 5573 διελύετο.

2105 5589 2217 5657 (63)
2252 5587 2457 5656 Ψιλήν.
2511 5590 2602 5644 Sic
2638 5587 2899 5662 plerique
2949 5587 3116 5646 cedd.
3151 5595 3208 5645 et
3249 5591 3376 5644 Bas.
3412 5589 3687 5646 Mendosc

2127 5660 2217 5714 ed.
2254 5659 2516 5715 .iS'lml-rlv.

2036 5657 2094 5711 in
2127 5660 2217 5714 ed.
2254 5659 2516 5717 ,ὑψηλήν.

2127 5685 2217 5714 cu.
2254 5685 2516 5733 ,υψηΛην.

2099 5732 2223 5855 ί(64)
2259 5732 2576 5790 Συντιίνων.
2631 5733 2724 5790 0r.
2785 5736 2808 5789 1
2861 5751 2995 5790 cum
3045 5733 3176 5791 aliis
3224 5731 3510 5806 pluribus,
3561 5753 3687 5786 aw-

2115 5819 2232 5855 νω.’

2035 5819 2232 5876 τεινωεο
