4056 6274
340 419 494 483 1239

1575 429 1640 489 S.
1690 428 2061 488 GREGORII
2105 428 2499 490 THEOLOGI

3591 431 3746 491 1240

337 554 384 610 si
418 556 488 610 ad
515 555 768 629 aliquem
796 573 988 613 rerum
1023 561 1290 615 eventum
1310 559 1540 617 animus
1560 579 1722 618 meus
1754 564 1978 628 mstuet,

2095 557 2424 634 ἲλιγγιάσας,
2485 559 2515 614 ὅ
2562 562 2651 615 καὶ
2694 565 2784 615 νῦν
2836 561 3099 636 πέπονθα)
3145 560 3207 615 οὐ
3247 562 3534 636 παρέργως
3567 559 3745 632 ἐδεξά-

336 647 392 698 et
422 649 696 716 tanquam
731 647 1012 719 vertigine
1044 651 1356 717 afﬁciatur,
1381 655 1445 706 ut
1475 651 1617 706 mihi
1654 668 1808 707 nunc
1839 651 1982 707 acci-

335 733 440 803 dit)
477 751 586 790 non
645 735 828 791 obiter
853 741 908 791 (ιι
958 738 1316 811 negligenter
1344 740 1422 810 id,
1457 742 1609 812 quod
1661 739 1848 797 oculis
1880 741 1982 796 ob-

331 823 692 893 versabatur,
731 826 922 898 accepi
951 845 963 895 ;
998 835 1054 882 et
1086 829 1140 882 in
1174 829 1498 884 doctrinam
1535 829 1676 885 mihi
1710 829 1814 884 hoc
1846 843 1981 901 spe-

332 913 624 967 ctaculum
676 917 868 970 cessit.
902 919 1110 972 Annon
1163 920 1341 986 enim,
1393 919 1750 990 inquieham,
1799 934 1982 986 mare,

333 999 452 1055 vita
486 1001 599 1056 haec
630 1007 829 1060 nostra
861 1011 1034 1074 est,et
1066 1024 1156 1062 res
1188 1007 1456 1063 humane:
1479 1009 1506 1062 ?
1535 1009 1681 1063 Nam
1713 1008 1806 1063 hic
1838 1025 1982 1078 quo-

334 1105 446 1160 que
478 1090 731 1147 multum
765 1098 851 1149 est
882 1095 1292 1153 amaritudinis
1323 1101 1380 1152 et
1412 1096 1836 1152 instabilitatis.
1872 1099 1983 1151 An-

335 1195 445 1233 non
479 1181 652 1250 venti,
686 1183 1038 1240 tentationes
1088 1187 1446 1257 ingruentes,
1479 1190 1533 1240 et
1578 1186 1859 1258 inopinati
1895 1203 1984 1241 re-

333 1283 462 1322 rum
512 1272 991 1336 eventus?Quod
1043 1273 1182 1328 mihi
1225 1275 1710 1331 animadvertisse
1756 1275 1987 1330 videtur

335 1357 533 1424 David,
567 1375 697 1414 cum
734 1361 949 1416 diceret
983 1379 994 1416 :
1030 1364 1251 1418 Salvum
1303 1379 1390 1418 me
1417 1369 1526 1434 lac,
1573 1366 1817 1433 Domine,
1851 1380 1985 1434 quo-

334 1447 486 1501 niam
539 1449 888 1506 intraverunt
944 1469 1106 1523 aquae
1176 1469 1346 1524 usque
1401 1453 1470 1508 ad
1526 1455 1775 1508 animam
1831 1454 1984 1509 418

331 1551 511 1591 meam
537 1538 594 1589 οδ.
609 1539 892 1607 Et,Libera
912 1545 1097 1608 me,de
1113 1543 1405 1614 pro/"undis
1421 1559 1693 1613 aquarum
1707 1544 1845 1598 9°.Et
1865 1561 1991 1598 rur-

333 1641 454 1693 sus,
479 1628 608 1682 Veni
633 1630 691 1682 in
725 1630 1085 1685 altitudinem
1113 1633 1306 1701 maris,
1328 1641 1382 1688 et
1411 1635 1694 1703 tempestas
1723 1633 1988 1688 demersit

331 1731 418 1770 me
450 1719 489 1770 ¹.
525 1717 698 1773 Porro
744 1736 968 1786 eorum,
1001 1721 1100 1790 qui
1134 1724 1453 1788 tentantur,
1488 1721 1586 1777 alii
1633 1722 1797 1792 mihi,
1833 1721 1988 1778 velut

332 1802 629 1861 levissima
698 1808 963 1880 quaedam
1013 1826 1256 1882 corpora
1304 1816 1358 1866 et
1407 1811 1648 1883 spiritus
1707 1812 1982 1883 expertia,

333 1894 521 1967 abripi
555 1896 916 1969 distrahique
947 1899 1311 1969 videbantur,
1338 1916 1402 1954 ac
1434 1917 1503 1955 ne
1534 1899 1826 1956 tantillum
1861 1900 1984 1972 qui-

331 1983 462 2038 dem
512 1985 887 2040 adversarum
937 2003 1129 2041 rerum
1183 1987 1468 2059 impetum
1517 1988 1983 2056 sustinere;nec

332 2071 487 2127 enim
531 2073 708 2128 robur
757 2078 812 2129 et
863 2075 1198 2132 ﬁrmitatem
1249 2077 1487 2144 habent,
1521 2095 1709 2150 neque
1755 2079 1986 2149 pondus

332 2163 639 2234 prudentis
667 2168 724 2218 et
741 2165 987 2220 cordatae
1021 2166 1430 2238 rationis,quai
1463 2166 1720 2223 fortuitis
1751 2168 1986 2224 casibus

331 2253 698 2321 obluctetur;
733 2253 826 2309 alii
882 2258 1076 2309 autem
1109 2259 1282 2326 petrae
1334 2255 1520 2311 instar
1548 2272 1696 2324 esse,
1727 2273 1793 2311 ac
1824 2261 1987 2328 petra

333 2345 433 2400 illa
461 2345 502 2412 ²,
531 2359 711 2415 supra
741 2358 913 2413 quum
949 2346 1198 2412 stamus,
1219 2349 1275 2400 et
1304 2361 1480 2416 quam
1509 2345 1777 2416 colimus,
1799 2345 1982 2418 digni,

333 2432 668 2506 quicunque
699 2431 978 2486 nimirum
1011 2432 1419 2505 philosophica
1460 2434 1683 2489 ratione
1713 2438 1981 2506 utuntur,

333 2540 397 2578 ac
428 2538 606 2593 supra
637 2521 790 2592 vulgi
823 2520 1214 2577 humilitatem
1259 2523 1458 2592 evecti,
1493 2523 1755 2579 humana
1785 2524 1984 2580 omnia
2025 2566 2032 2570 .

329 2612 570 2666 immoto
600 2613 656 2666 et
687 2611 853 2664 ﬁrmo
903 2609 1097 2665 animo
1130 2612 1340 2680 ferunt,
1375 2616 1546 2682 atque
1591 2628 1688 2668 eos
1720 2613 1978 2684 quidem,

326 2699 425 2770 qui
457 2699 671 2754 talibus
705 2699 878 2753 rebus
910 2700 1276 2769 quatiuntur,
1297 2701 1560 2769 irrident,
1584 2701 1668 2756 vel
1704 2701 1983 2757 miseran-

324 2794 420 2844 tur
450 2787 620 2860 (illud
650 2787 722 2843 ob
753 2787 1141 2859 pliilosophici
1170 2788 1349 2844 animi
1383 2789 1978 2860 generositatem,hoc

322 2883 560 2950 propter
608 2877 1031 2932 humanitatem
1083 2881 1140 2932 et
1185 2879 1819 2951 commiserationem);
1865 2879 1978 2951 ipsi

323 2971 517 3023 autem
550 2970 718 3038 turpe
748 2982 876 3020 esse
925 2970 1216 3036 statuunt,
1247 2983 1340 3024 res
1369 2984 1576 3040 graves
1608 2971 1665 3023 et
1714 2969 1974 3037 acerbas,

323 3073 459 3114 cum
491 3057 724 3122 absunt,
741 3058 1214 3126 contemnere,ac
1249 3073 1318 3112 ne
1348 3073 1552 3130 graves
1578 3057 1815 3129 quidem
1847 3057 1978 3114 illas

323 3145 677 3212 existimare,
713 3161 844 3199 cum
895 3149 1090 3201 autem
1133 3147 1364 3213 adsunt,
1415 3147 1815 3213 succumbere,
1849 3164 1974 3218 per-

323 3235 459 3290 inde
491 3233 712 3290 scilicet
741 3239 915 3305 atque
945 3251 1021 3290 eae
1054 3252 1164 3291 non
1200 3236 1388 3306 fluxae,
1424 3237 1525 3292 sed
1560 3237 1738 3291 ﬁrmae
1770 3253 1835 3291 ac
1862 3241 1976 3292 sta-

2095 671 2200 723 μην
2234 650 2293 703 τὸ
2326 650 2600 724 ὁρώμενον
2639 671 2650 682 ο
2704 650 2795 705 καὶ
2861 673 2953 725 μοι
2984 651 3047 706 τὸ
3076 650 3250 724 θέαμα
3280 649 3553 724 παίδευμα
3601 652 3746 727 γίνε-

2088 759 2194 793 ται.
2232 739 2298 794 Ἦ
2346 740 2446 815 γὰρ
2495 741 2592 794 οὐκ
2645 736 2779 818 ἔφην
2841 739 2968 816 ἐγὼ,
3021 738 3261 794 θάλασσα
3295 741 3389 812 μὲν
3422 739 3746 817 ὁὴμέτερος

2096 825 2210 899 βίος
2240 827 2329 880 καὶ
2387 828 2450 881 τὰ
2473 829 2784 902 ἀνθρώπινα
2815 827 2982 902 (πολὺ
3013 827 3112 904 γὰρ
3143 829 3239 882 κᾶν
3271 828 3450 901 τούτῳ
3479 829 3541 883 τὸ
3574 828 3748 902 ἁλμυ-

2094 916 2184 990 ρὸν
2261 915 2348 970 καὶ
2423 917 2689 991 ἄστατον),
2766 917 3042 991 πνεύματα
3090 914 3148 972 δὲ
3203 918 3256 972 οἱ
3315 917 3746 988 προσπίπτοντες

2093 1006 2386 1081 πειρασμοὶ
2426 1005 2513 1061 καὶ
2559 1005 2656 1061 ὕσα
2695 1012 2802 1062 τῶν
2861 1005 3141 1078 ἀδοκήτων
3179 1026 3192 1077 ;
3238 1009 3309 1064 "O
3358 1029 3449 1080 μοι
3485 1005 3635 1062 δοκεῖ
3663 1009 3750 1062 καὶ

2095 1096 2122 1149 ὁ
2154 1097 2598 1167 θαυμασιώτατος
2650 1093 2814 1151 Δαϐἶδ
2863 1098 3223 1167 κατανοήσας,
3282 1096 3468 1151 Σῶσόν
3521 1119 3608 1170 με,
3642 1097 3753 1152 Κύ-

2096 1204 2198 1260 ριε,
2249 1183 2446 1260 λέγειν,
2497 1187 2580 1240 δτι
2629 1185 2948 1256 εἷσήλθοσαν
2997 1183 3162 1240 ὕδατα
3201 1183 3304 1248 ἔως
3359 1189 3544 1262 ψυχῆς
3607 1206 3747 1259 μου·

2094 1274 2204 1345 καὶ,
2254 1273 2432 1327 Ῥῦσαί
2494 1295 2559 1347 με
2612 1274 2671 1329 έκ
2726 1279 2832 1329 τῶν
2899 1276 3109 1350 βαθοων
3162 1279 3269 1329 τῶν
3334 1272 3539 1329 ὑδάτων
3573 1295 3584 1306 ⁸
3619 1273 3755 1330 Ἥλ-

2095 1365 2185 1416 θον
2247 1359 2303 1416 δὲ
2363 1362 2437 1424 εἷς
2492 1365 2558 1418 τὰ
2626 1364 2762 1439 βάθη
2837 1370 2936 1432 τῆς
3009 1362 3306 1437 θαλάσσης)
3358 1365 3447 1418 καὶ
3505 1364 3755 1438 καταιγὶς

2093 1451 2441 1506 κατεπόντισέ
2503 1472 2588 1525 με.
2644 1456 2756 1505 Τῶν
2812 1450 2869 1506 δὲ
2931 1451 3337 1528 πειραζομένων
3395 1453 3447 1506 οἱ
3493 1453 3588 1526 μὶν
3637 1451 3754 1507 ἐδό-

2093 1562 2218 1594 κουν
2272 1562 2363 1613 μοι
2411 1541 2484 1602 ὡς
2528 1542 2594 1595 τΞι
2641 1540 2946 1618 κουφότατα
2988 1541 3076 1595 καὶ
3109 1540 3282 1596 ἄπνοα
3311 1541 3734 1617 παρασύρεσθαι,

2095 1631 2182 1684 καὶ
2241 1627 2366 1684 οὐδὲ
2425 1632 2615 1705 μικρὸν
2663 1630 2903 1705 ἀντέχειν
2963 1630 3098 1707 πρὸς
3124 1631 3219 1692 τὰς
3255 1630 3510 1704 ἐπηρείας
3545 1654 3557 1665 ·

2095 1720 2194 1795 γὰρ
2218 1715 2363 1795 ἔχειν
2397 1720 2448 1774 ἐν
2480 1721 2693 1782 ἑαυτοῖς
2727 1719 3080 1796 στερρότητα,
3111 1720 3201 1774 καὶ
3263 1720 3424 1796 βάρος
3479 1721 3756 1794 λογισμοῦ

2098 1810 2396 1887 σώφρονος)
2429 1809 2517 1864 καὶ
2567 1815 2682 1872 τοῖς
2732 1808 3166 1884 προσπίπτουσιν
3213 1804 3610 1872 ἀντίϐαίνοντος
3647 1830 3658 1841 ο
3697 1813 3755 1864 οἱ

2099 1895 2156 1952 δὲ
2213 1899 2344 1954 εἶναι
2405 1898 2592 1975 πέτρα,
2642 1906 2744 1969 τῆς
2803 1898 3002 1975 πέτρας
3061 1897 3272 1969 ἐκείνης
3342 1896 3501 1972 ἄξιοι,
3563 1899 3641 1976 ἐφ’
3687 1903 3755 1970 ἧς

2102 1983 2430 2062 βεϐήκαμεν,
2483 1987 2570 2043 καὶ
2614 1987 2649 2062 ᾖ
2696 1986 3054 2064 λατρεύομεν,
3104 1988 3221 2042 ὃσοι
3282 1985 3568 2066 φιλοσόφῳ
3599 1990 3754 2064 χρώ-

2099 2097 2248 2150 μενοι
2298 2077 2472 2152 λόγῳ,
2531 2077 2620 2132 καὶ
2671 2071 3204 2153 ὑπεραναϐεϐηκότες
3250 2078 3348 2146 τὴν
3381 2083 3488 2132 τῶν
3520 2075 3749 2132 πολλῶν

2092 2166 2470 2237 ταπεινότητα,
2532 2167 2705 2221 πάντα
2761 2167 3011 2243 φέρουσιν
3085 2166 3338 2229 ασείστως
3410 2167 3499 2221 καὶ
3561 2165 3750 2221 ἅτινά-

2091 2276 2256 2325 κτως,
2287 2256 2374 2310 καὶ
2408 2253 2701 2331 διαγελῶσι
2738 2256 2831 2329 μὲν
2863 2257 3004 2330 )65),
3037 2255 3070 2325 ἢ
3106 2255 3318 2311 ἐλεοῦσι
3349 2255 3476 2318 τοὺς
3529 2257 3750 2328 σειομέ-

2093 2367 2213 2407 νους
2259 2347 2342 2418 (τὸ
2395 2345 2489 2418 μὶν
2544 2345 2646 2400 ὑπὸ
2698 2345 3046 2423 φιλοσοφίας,
3105 2347 3166 2399 τὸ
3218 2342 3274 2399 δὲ
3307 2345 3410 2400 ὑπὸ
3441 2345 3750 2422 φιλανθρω-

2092 2434 2258 2508 πίας)·
2319 2433 2469 2489 αὐτοὶ
2527 2431 2583 2489 δὲ
2639 2439 2746 2489 τῶν
2805 2434 3049 2510 αἰσχρῶν
3102 2435 3354 2504 τίθενται,
3389 2434 3594 2489 ἀπόντα
3649 2435 3745 2508 μὲν

2089 2525 2157 2577 τὰ
2200 2521 2342 2578 δεινὰ
2389 2529 2751 2601 περιφρονεῖν,
2809 2521 3020 2596 μᾶλλον
3069 2521 3126 2578 δὲ
3173 2521 3313 2596 μηδὲ
3358 2521 3506 2578 δεινᾶ
3535 2521 3743 2577 οῗεσθαι

2089 2611 2370 2688 παρόντων
2413 2609 2470 2666 δὲ
2501 2613 2783 2684 ἡττᾶσθαι,
2824 2612 2912 2665 καὶ
2967 2616 3156 2682 ταῦτα,
3214 2611 3412 2680 τίνων;
3471 2616 3576 2666 τῶν
3606 2633 3742 2687 παρ-

2090 2701 2428 2777 ερχομένων,
2489 2702 2563 2764 ὡς
2623 2701 2920 2774 ἱσταμένων
2954 2703 3066 2774 (66)
3102 2721 3114 2733 ·
3149 2702 3236 2756 καὶ
3270 2705 3366 2755 τοῦ
3416 2706 3609 2776 καιροῦ
3647 2703 3744 2773 μὶν

2090 2787 2190 2861 ἔξω
2221 2788 2560 2867 φιλοσοφεῖν,
2595 2789 2646 2844 ἐν
2682 2786 2737 2843 δὲ
2765 2795 2883 2852 ταῖς
2943 2789 3154 2866 χρείαις
3203 2789 3572 2869 ἀφιλοσόφους
3620 2791 3746 2868 φαί-

2086 2890 2267 2944 νεσθαι
2302 2897 2314 2910 ·
2349 2878 2527 2955 ὥσπερ
2562 2878 2619 2932 ἂν
2651 2875 2806 2939 εἶ’τις
2866 2879 3095 2952 ἄριστων
3164 2879 3347 2934 ἑαυτὸν
3375 2880 3592 2953 νομίζοι
3633 2882 3746 2953 (67)

2085 2973 2191 3023 τῶν
2242 2965 2517 3038 ἀθλητῶν,
2567 2965 2708 3039 μηδὲ
2755 2962 3090 3022 καταϐαίνων
3134 2967 3209 3030 εἰς
3242 2966 3646 3042 στάδιον·
3707 2970 3745 3037 ἢ

2086 3051 2422 3132 κυϐερνήτην
2476 3059 2582 3110 τῶν
2639 3053 2965 3130 εὐδοκίμων,
3015 3056 3066 3110 ἐν
3130 3057 3226 3130 μέτ
3282 3061 3402 3120 ταῖς
3443 3054 3643 3119 εὐδίαις
3676 3057 3747 3132 τῇ

2083 3146 2252 3221 τέχνῃ
2309 3144 2446 3220 μέγα
2503 3148 2804 3223 φρονοῦντα
2859 3147 2996 3218 (69),
3053 3144 3104 3199 ἐν
3157 3142 3214 3200 δὲ
3243 3151 3361 3209 ταῖς
3397 3144 3582 3216 ζάλαις
3614 3149 3744 3220 μεθ-

2091 3234 2230 3290 ιέντα
2260 3232 2384 3296 τοὺς
2418 3230 2626 3296 οἷάκας.

3618 1631 3750 1687 οὐδὲ

321 3323 470 3380 biles
518 3323 671 3391 sint;
705 3327 880 3394 atque
911 3329 1072 3380 extra
1119 3329 1354 3398 tempus
1387 3326 1623 3398 quidem
1675 3325 2097 3398 philosophari,
2126 3342 2259 3382 cum
2293 3329 2489 3381 autem
2519 3341 2666 3398 opus
2711 3327 2820 3392 est,
2849 3323 3232 3398 philosophiae
3264 3329 3525 3398 expertes
3564 3343 3749 3399 appa-

322 3428 446 3467 rere
482 3429 494 3466 :
530 3411 1022 3482 quemadmodum
1057 3411 1104 3467 si
1137 3413 1270 3484 quis
1299 3412 1654 3469 athletarum
1686 3414 1951 3469 omnium
1985 3413 2539 3487 prastantissimum
2573 3429 2634 3469 se
2665 3429 2793 3471 esse
2822 3418 3104 3482 censeret,
3139 3430 3210 3470 ne
3242 3415 3301 3470 in
3334 3431 3570 3471 arenam
3619 3415 3754 3486 qui-

321 3501 454 3556 dem
487 3501 886 3569 descendens;
921 3506 1019 3556 aut
1049 3503 1296 3573 probum
1330 3507 1388 3558 et
1419 3502 1673 3559 nobilem
1723 3503 2194 3575 gubernatorem,
2227 3504 2286 3558 in
2336 3502 2764 3575 tranquillitate
2807 3503 3044 3574 quidem
3093 3509 3277 3560 artem
3311 3520 3480 3560 suam
3514 3503 3748 3578 magni-

320 3590 696 3661 ﬁcejactans,
729 3595 925 3645 coorta
955 3596 1152 3646 autem
1181 3595 1527 3663 tempestate
1555 3589 1954 3663 gubernacula
1984 3594 2055 3648 de
2085 3592 2361 3649 manibus
2393 3609 2637 3664 ponens.

392 3679 454 3733 Χ.
492 3678 775 3743 Quoniam
808 3695 979 3749 porro
1010 3679 1068 3733 in
1097 3679 1205 3735 hos
1235 3696 1535 3736 sermones
1566 3681 1745 3736 semel
1776 3680 1976 3749 incidi,
2009 3685 2051 3752 C

319 3767 565 3823 alteram
597 3767 738 3822 mihi
766 3784 992 3839 quoque
1025 3768 1766 3841 imaginem,prresentibus
1798 3771 1972 3826 rebus

319 3857 638 3912 admodum
671 3861 1108 3928 congruentem,
1135 3858 1430 3930 proposui.
1453 3860 1666 3914 Forsan
1701 3875 1792 3914 me
1821 3858 1979 3914 velut

319 3945 663 4001 delirantem
687 3962 886 4001 senem
917 3963 981 4002 ac
1007 3947 1392 4003 fabulatorem
1416 3947 1793 4014 habebitis,si
1826 3947 1975 4004 hanc

320 4039 495 4092 etiam
528 4037 691 4092 vobis
733 4055 1091 4109 exposuero;
1125 4056 1411 4112 exponam
1463 4043 1679 4106 tamen,
1714 4040 1974 4110 quando-

319 4125 557 4196 quidem
589 4135 646 4182 et
690 4127 986 4198 Scriptura
1039 4127 1385 4200 plerumque
1416 4129 1486 4183 ad
1537 4145 1630 4184 res
1660 4128 1976 4184 dilucidius

319 4212 691 4284 explicandas
722 4213 1062 4284 hujusmodi
1095 4216 1375 4288 exemplis
1406 4216 1489 4271 uti
1521 4216 1841 4272 consuevit.
1874 4217 1977 4272 Est

320 4301 585 4373 quadam
620 4302 676 4356 in
713 4303 926 4359 fabulis
961 4305 1154 4376 arbor,
1190 4322 1316 4377 quae
1349 4322 1483 4360 cum
1518 4306 1758 4361 caaditur
1803 4305 1972 4374 viret,

317 4395 372 4445 et
403 4391 682 4447 adversus
735 4393 951 4447 ferrum
985 4397 1206 4463 certat;
1239 4411 1325 4462 ac,
1360 4396 1410 4450 si
1442 4395 1512 4450 de
1562 4411 1621 4450 re
1652 4411 1798 4450 nova
1829 4411 1974 4450 novo

320 4496 480 4536 more
509 4479 870 4552 loquendum
903 4487 1014 4554 est,
1047 4488 1232 4540 morte
1260 4483 1420 4552 vivit,
1453 4488 1510 4540 ct
1557 4483 1811 4541 sectione
1841 4483 1970 4555 pul-

1011 4662 1056 4696 ⁸⁸
1082 4661 1225 4718 ibid.
1259 4663 1344 4719 13.

388 4660 430 4694 9⁸
462 4660 620 4716 Psal.
654 4677 848 4729 vam,
879 4663 932 4716 2.
1011 4662 1056 4696 ⁸⁸
1082 4661 1225 4718 ibid.
1259 4663 1344 4719 13.
1427 4667 1444 4701 ί
1478 4664 1618 4720 ibid.
1650 4664 1704 4718 3.

2161 3682 2195 3737 I'
2253 3679 2402 3737 Ἐπεὶ
2462 3677 2518 3734 δὲ
2574 3678 2710 3750 ἅπαξ
2769 3677 2844 3741 εἷς
2899 3678 3128 3741 τούτους
3188 3682 3449 3752 κατέστην
3477 3678 3609 3742 τοὺς
3646 3679 3746 3736 λό-

2081 3790 2209 3844 γους
2266 3772 2400 3842 (70),
2459 3768 2547 3823 καὶ
2603 3769 2739 3843 πρὸς
2795 3767 2976 3844 ἑτέραν
3023 3767 3195 3838 ἦλθον
3271 3769 3472 3838 εἰκόνα,
3535 3767 3750 3847 σφόδρα

2082 3863 2199 3920 τοῖς
2259 3861 2488 3934 παροῦσι
2541 3853 2961 3931 συμϐαίνουσαν.
3021 3860 3174 3933 Τάχα
3244 3880 3309 3932 με
3367 3858 3595 3935 γέροντα
3653 3859 3748 3914 καὶ

2090 3947 2393 4024 μυθολόγον
2443 3947 2713 4020 νομίσετε,
2773 3946 2831 4001 ἂν
2885 3949 2998 4021 (71)
3055 3947 3142 4002 καὶ
3199 3947 3328 4020 ύμῖν
3369 3948 3567 4018 ταύτην
3594 3971 3747 4024 γνω-

2086 4035 2220 4110 ρίσω
2277 4039 2409 4110 (72)’
2469 4035 2793 4112 γνωριστέον
2845 4033 2888 4090 δ’
2919 4033 3032 4106 οὖν,
3067 4035 3180 4091 ἐπεὶ
3238 4038 3328 4091 καὶ
3385 4043 3485 4106 τήν
3521 4037 3744 4114 Γραφήν

2085 4123 2206 4180 οἶδα
2261 4124 2530 4188 πολλάκις
2587 4125 2861 4187 τοιούτοις
2914 4127 3210 4201 χριομένην
3273 4126 3349 4188 εὶς
3409 4128 3740 4206 σαφεστέραν

2098 4212 2350 4292 διήγησιν
2409 4217 2543 4288 (73).
2602 4220 2753 4269 ’Ἐστι
2809 4236 2862 4269 τι
2915 4215 3069 4288 μύθῳ
3098 4217 3210 4288 (74)
3267 4216 3454 4292 φυτὸν,
3487 4214 3517 4270 ὅ
3553 4213 3751 4271 θάλλει

2083 4307 2432 4377 τεμνόμενον,
2475 4304 2563 4358 καὶ
2611 4305 2745 4378 πρὸς
2788 4305 2878 4358 τὸν
2921 4301 3143 4379 σίδηρον
3170 4303 3488 4380 ἀγωνίζεται
3525 4327 3537 4338 ·
3569 4305 3660 4358 καὶ
3694 4305 3746 4359 εἰ

2085 4389 2164 4447 δεῖ
2218 4388 2532 4470 παραδόξως
2591 4393 2757 4448 εἰπεῖν
2827 4395 2949 4470 περὶ
3026 4391 3336 4468 παραδόξου
3392 4393 3742 4469 πράγματος,

2083 4482 2293 4555 θανάτῳ
2354 4486 2440 4556 ζῇ,
2491 4481 2582 4537 καὶ
2623 4485 2772 4556 τομῇ
2818 4481 3026 4560 φύεται,
3077 4481 3164 4536 καὶ
3223 4481 3435 4554 αὔξεται
3495 4480 3748 4538 δαπανώο

1782 4664 1802 4697 ²
1833 4663 1855 4718 Ι
1885 4663 2012 4720 Cor.
2051 4680 2108 4732 x,
2143 4664 2193 4717 4.

3747 4784 3788 4822 κ

410 4839 501 4917 βξ)
540 4839 837 4915 Διαγελῶσι
889 4839 1005 4912 μέν.
1058 4841 1196 4914 Reg.
1250 4860 1284 4899 ει
1327 4847 1384 4898 et
1432 4843 1526 4900 Or.
1580 4845 1629 4911 1,
1682 4839 1970 4917 διαγελῶσι

2094 4861 2167 4904 τες

325 4907 562 4963 ama.

325 4965 334 4983 ⁵
392 4983 502 5053 (66)
562 4985 675 5035 Τῶν
715 4977 1188 5057 παρερχομένων,
1247 4983 1322 5046 ὡς
1382 4983 1703 5057 ἱσταμένων.
1767 4985 1966 5040 Elias:

321 5078 349 5129 ις
381 5058 665 5126 tanquam
697 5054 1086 5120 durabilibus,
1121 5073 1252 5112 cum
1285 5054 1604 5129 transeant,
1641 5073 1745 5112 nec
1780 5058 1835 5110 in
1869 5073 1967 5111 eo-

320 5127 452 5182 dem
503 5130 654 5182 statu
705 5133 1103 5197 permaneant.
1137 5148 1164 5180 ιι
1203 5129 1368 5184 Leuv.
1405 5152 1432 5179 «
1466 5127 1789 5185 Praeisertim
1842 5145 1971 5199 quae

318 5203 639 5266 transeant,
674 5215 740 5252 ac
772 5199 1016 5255 minime
1047 5201 1169 5255 ﬁxa:
1201 5201 1338 5255 sint.
1377 5223 1397 5250 ι

392 5271 501 5340 (67)
535 5267 996 5343 Νομίζοιηςῖοἱει.
1036 5272 1083 5341 1,
1119 5266 1516 5343 ὑπολαμϐάνοι.

389 5338 502 5414 (68)
563 5338 651 5403 Εἷς
731 5338 964 5398 στάδιον.
1029 5338 1087 5398 In
1167 5338 1486 5407 nonnullis,
1555 5341 1629 5404 εἷς
1708 5342 1769 5396 τὸ
1845 5343 1966 5398 στά-

318 5409 454 5467 διον.

387 5486 499 5560 (6ῼ)
529 5481 676 5559 Μέγα
724 5481 1043 5560 φωνοῦντα.
1096 5485 1234 5557 Reg.
1288 5485 1343 5553 b,
1376 5485 1549 5542 Cois].
1607 5487 1626 5540 1
1681 5490 1738 5541 et
1781 5488 1875 5541 Or.
1914 5489 1966 5555 1,

318 5553 844 5632 peanogo,:-ovoﬁvtz.

386 5627 494 5696 (’70)
534 5627 754 5700 λόγους.
793 5629 948 5700 Ruﬁ,
982 5627 1304 5700 Λογισμούς.

389 5700 499 5772 (7i)
540 5698 819 5772 Νοξιξσετε,
1021 5698 1113 5755 Sic
1171 5708 1287 5772 tres
1347 5700 1545 5772 ltegg.,
1606 5705 1722 5756 tres
1779 5700 1962 5770 Colb.,

318 5767 413 5820 Or.
454 5769 500 5834 1,
534 5767 642 5824 etc.
679 5771 739 5826 ln
772 5770 944 5827 Coisl.
978 5773 1030 5840 1,
1063 5771 1310 5843 νομίσητ’
1342 5767 1522 5829 ἂνίίιὶ
1555 5773 1668 5841 ed.,
1717 5767 1966 5844 νομίσανέ

2154 4915 2259 4985 (72)
2291 4909 2497 4981 Ταύτην
2542 4910 2816 4988 γνωρίσω.
2851 4913 2914 4969 In
2949 4912 3331 4985 quibusdam,
3375 4915 3541 4967 ταῦτα
3589 4933 3738 4989 γνω-

2293 5055 2573 5128 Διῄγησιν,
2603 5058 2751 5128 ,Duo
2801 5056 3008 5128 Regg.,
3055 5055 3226 5111 Cois].
3280 5057 3330 5120 1,
3385 5056 3480 5111 Or.
3522 5055 3605 5128 1,,
3641 5052 3740 5126 δή-

2150 5071 2260 5126 (ιδ)
2293 5071 2573 5128 Διηγησιν.
2629 5071 2751 5111 uuo
2802 5071 3004 5183 negg,
3055 5071 3226 5111 UOISI.
3280 5071 3330 5120 1,
3385 5071 3480 5111 ur.
3531 5071 3583 5119 λι,
3641 5071 3740 5126 οη-

2080 5123 2276 5199 Nam:
2306 5125 2527 5200 Alludit
2555 5127 2650 5182 hic
2680 5128 2751 5184 ad
2783 5144 2918 5200 para
2963 5127 3103 5195 olas,
3137 5144 3265 5200 quas
3297 5129 3355 5184 in
3386 5127 3565 5184 sacris
3585 5127 3741 5183 εστι-

2079 5205 2179 5270 ptu
2193 5198 2273 5254 ris
2303 5198 2689 5270 reperiuntur.

2149 5271 2261 5342 (74)
2319 5268 2470 5324 "ﬁeri
2527 5289 2576 5322 τι
2618 5269 2817 5342 μύθῳ.
2881 5269 3018 5342 Reg.
3081 5270 3201 5342 bm.
3265 5268 3407 5321 Ἐστι
3464 5287 3514 5320 τι
3589 5270 3739 5342 παρὰ.

2149 5289 2261 5342 (ιο)
2333 5289 2470 5324 ιιστι
2527 5289 2576 5322 τι
2645 5289 2817 5342 μυυῳ.
2883 5289 3018 5342 neg.
3081 5289 3201 5324 Dm.
3282 5289 3407 5321 nem
3464 5289 3514 5320 τι
3589 5289 3665 5322 πα
3707 5289 3732 5323 α

2082 5339 2253 5413 μύθῳ.
2280 5346 2399 5397 Huc
2433 5341 2627 5398 referri
2662 5345 2850 5414 potest
2871 5342 3024 5414 quod
3054 5342 3126 5396 de
3157 5340 3288 5397 ilice
3319 5341 3600 5398 Horatius
3627 5289 3732 5397 lib.

2078 5431 2156 5480 ιν,
2189 5415 2296 5471 ode
2328 5415 2380 5484 4,
2415 5413 2696 5486 scripsit:

2219 5557 2381 5611 Duris
2410 5561 2471 5612 ut
2502 5557 2615 5612 ilex
2645 5565 2796 5612 tonsa
2831 5555 3176 5626 bipennibus,

2217 5630 2406 5698 Nigrae
2433 5631 2605 5700 feraci
2632 5627 2845 5698 frondis
2879 5629 2937 5700 in.
2968 5628 3181 5700 Algido,

2288 5707 2397 5756 Per
2425 5702 2648 5769 damna,
2682 5716 2778 5771 per
2805 5699 2999 5769 caedes,
3032 5699 3107 5755 ab
3138 5701 3271 5770 ipso,

2289 5774 2443 5828 Ducit
2472 5789 2596 5846 opes
2625 5775 2985 5845 animumque
3012 5773 3188 5843 ferro.
3351 5772 3360 5779 '
