4056 6274
316 440 465 499 1241

1421 448 1717 511 ORATIO
1758 448 1969 510 XXVI.
2004 478 2080 491 -—
2118 445 2196 507 ΙΝ
2242 442 2609 506 SEIPSUM.

3564 432 3721 494 1242

318 592 495 644 μενον.
543 576 717 626 Ταῦτα
771 574 863 646 μὲν
915 574 1005 628 οὖν
1053 577 1165 648 (75)
1197 577 1224 630 ὁ
1259 581 1447 651 μῦθος,
1478 581 1565 634 καὶ
1597 584 1631 650 ἡ
1665 580 1957 654 αὖτονομία

2073 580 2237 648 lulat,
2269 583 2465 651 atque,
2496 595 2629 635 eum
2656 576 3000 647 assumitur,
3032 571 3259 630 crescit.
3284 567 3521 627 Habetis
3554 568 3720 624 fabu-

311 666 407 715 τοῦ
454 659 776 735 πλάσματος
826 664 955 736 (76)·
1009 662 1131 738 ἐμοὶ
1165 662 1221 720 δὲ
1252 663 1401 722 δοκεῖ
1429 674 1610 747 σαφῶς
1778 674 1960 725 τοιοῦ-

310 771 401 805 τον
436 750 567 805 εἷναί
597 773 649 805 τι
682 752 708 805 ὁ
741 751 1061 830 φιλόσοφος.
1097 752 1392 828 Εὖδοκιμεῖ
1430 762 1543 832 (78)
1598 764 1714 823 τοῖς
1771 759 1958 815 πάθεσι

313 840 399 894 καὶ
432 839 568 910 ὕλην
633 841 825 916 ἀρετῆς
877 848 1110 897 ποιεῖται
1168 844 1234 899 τὰ
1264 843 1504 923 λυπηρὰ,
1536 847 1625 903 καὶ
1655 855 1770 910 τοῖς
1811 849 1957 903 ἐναν-

313 928 453 989 τίοις
487 927 953 1004 ἦγκαλλωπίζεται
990 949 1003 963 ⁸
1076 934 1214 1005 μήτε
1267 940 1384 997 τοῖς
1410 933 1604 1009 δεξιοῖς
1634 938 1828 999 ὅπλοις
1858 944 1959 1006 τῆς

316 1014 657 1086 δικαιοσύνης
698 1018 1006 1094 αἰρόμενος,
1042 1023 1180 1093 μήτε
1234 1028 1349 1085 τοῖς
1378 1024 1679 1101 ἀριστεροῖς
1710 1022 1960 1099 καμπτό-

318 1127 478 1179 μενος
515 1129 527 1141 ·
563 1106 689 1162 ἀλλ’
732 1110 760 1162 ὁ
798 1108 957 1166 αὐτὸς
990 1109 1087 1165 οὐκ
1116 1110 1166 1165 ἐν
1197 1117 1313 1175 τοῖς
1344 1113 1525 1177 αὐτοῖς
1555 1115 1633 1169 ἀεὶ
1667 1113 1961 1189 διαμένων,

312 1196 347 1264 ἢ
399 1197 486 1249 καὶ
536 1194 930 1274 δοκιμώτερος,
982 1198 1162 1275 ὥσπερ
1215 1202 1265 1256 ἐν
1317 1204 1532 1277 καμίνῳ
1563 1205 1788 1282 χρυσὸς,
1826 1204 1964 1281 εὑρι-

314 1284 595 1357 σκόμενος.
659 1290 958 1359 Σκοπῶμεν
1022 1286 1078 1342 δὲ
1136 1288 1309 1353 οὕτως
1342 1311 1355 1324 '
1390 1291 1736 1368 Εὐπατρίδης
1786 1293 1960 1363 ἐστίνς

316 1371 727 1444 ἀντεπιδείξεται
779 1378 889 1449 (79)
946 1378 1045 1445 τὴν
1104 1377 1389 1454 εὐτροπίαν
1447 1386 1526 1453 τῷ
1558 1380 1745 1456 αἵματι
1780 1403 1792 1415 ·
1827 1381 1965 1438 ὥστε

316 1459 532 1538 διχόθεν
593 1461 921 1538 εὐδοκιμεῖν,
979 1468 1067 1521 καὶ
1126 1467 1623 1545 γενεαλογούμενος
1681 1474 1816 1547 (80),
1875 1471 1965 1527 καὶ

318 1551 619 1628 ὁρώμενος.
682 1557 942 1629 Δυσγενὴς
1000 1557 1091 1610 τὸν
1149 1556 1434 1634 ἀνδριάντα
1482 1560 1573 1615 καὶ
1635 1562 1725 1617 τὸν
1784 1561 1963 1631 πηλὸν

314 1638 486 1717 (εἶίπερ
542 1662 592 1695 τι
656 1644 791 1719 μέγα
846 1643 1029 1714 πηλὸς
1076 1645 1261 1717 πηλοῦ
1317 1647 1617 1727 διαφέρει);
1650 1651 1965 1707 ἀντεισοίσει

312 1731 411 1798 τήν
441 1733 739 1805 νοουμένην
802 1732 1087 1809 εὐγένειαν,
1138 1735 1227 1790 καὶ
1273 1737 1338 1806 ἥν
1376 1737 1595 1802 ἕκαστος
1629 1740 1814 1795 ἑαυτὸν
1847 1738 1968 1794 δια-

314 1818 537 1874 πλάττει
584 1822 720 1896 πρὸς
760 1822 821 1877 τὸ
852 1828 1037 1900 χεῖρον
1143 1825 1355 1900 βέλτιον
1386 1830 1498 1902 (81)
1532 1847 1543 1859 ’
1571 1831 1666 1897 τὴν
1702 1828 1759 1884 δὲ
1789 1828 1965 1900 ἄλλην

2068 670 2207 739 lam,
2238 671 2375 741 jure
2424 685 2530 724 suo
2579 666 2810 739 quidvis
2863 665 3042 721 libere
3091 662 3541 733 contingentem.
3577 656 3721 713 Mihi

2068 777 2199 815 vero
2231 757 2569 831 hujusmodi
2598 757 2875 829 quiddam
2896 755 3066 827 plane
3082 769 3209 808 esse
3228 751 3314 805 vir
3337 747 3722 822 philosophus

2068 849 2316 905 videtur.
2350 848 2537 904 Floret
2565 846 2721 903 enim
2754 846 2906 901 inter
2954 842 3269 909 cruciatus,
3302 855 3368 895 ac
3399 838 3551 893 479
3592 836 3721 893 vita;

2071 937 2369 994 molestias
2394 937 2549 993 velut
2580 935 2809 990 virtutis
2837 938 3092 1007 segetem
3123 930 3437 998 existimat,
3454 932 3631 1000 atque
3663 926 3722 981 in

2072 1028 2329 1082 adversis
2362 1026 2537 1098 gestit
2565 1029 2623 1080 et
2653 1023 2972 1097 gloriatur;
3006 1038 3110 1077 nec
3141 1020 3213 1076 ob
3254 1020 3455 1074 dextra
3475 1016 3722 1089 justitits

2072 1133 2234 1172 arma
2286 1116 2541 1183 effertur,
2570 1131 2674 1170 nec
2718 1114 2790 1169 ob
2838 1112 3078 1169 sinistra
3122 1108 3480 1175 inﬂectitur,
3514 1106 3615 1162 sed
3662 1105 3723 1160 in

2073 1206 2318 1261 diversis
2348 1206 2523 1261 rebus
2553 1205 2707 1259 idem
2739 1218 2970 1275 semper
3015 1200 3225 1272 suique
3253 1196 3464 1254 similis
3493 1212 3724 1269 perma-

2072 1300 2189 1363 net,
2221 1299 2393 1367 atque
2424 1295 2566 1350 adeo
2619 1293 2933 1365 probatior,
2966 1294 3250 1361 tanquam
3281 1302 3487 1344 aurum
3519 1286 3579 1341 in
3612 1285 3723 1341 for-

2074 1402 2237 1453 nace,
2272 1383 2578 1456 reperitur.
2610 1382 2773 1446 Quod
2806 1386 2871 1436 ut
2914 1379 3289 1453 perspicuum
3339 1377 3459 1447 ﬁat,
3493 1375 3574 1431 ita
3602 1390 3724 1429 rem

2074 1473 2494 1546 eXpendamus.
2548 1470 2739 1530 Nobili
2786 1470 2912 1525 loco
2966 1474 3142 1524 natus
3189 1468 3324 1523 est?
3368 1464 3723 1520 Probitatem

2076 1579 2307 1619 morum
2356 1562 2587 1634 generis
2635 1558 2931 1633 splendori
2984 1563 3256 1629 opponet,
3287 1559 3462 1626 atque
3508 1570 3578 1609 ex
3623 1552 3726 1608 ad-

2074 1666 2239 1705 verso
2272 1649 2650 1721 spectandam
2681 1648 2978 1720 producet.
2995 1645 3081 1701 Ita
3110 1642 3329 1716 duplici
3361 1640 3596 1697 nomine
3617 1639 3730 1697 cla-

2076 1756 2178 1794 rus
2208 1738 2354 1807 erit;
2388 1754 2599 1810 nempe
2645 1741 2701 1793 et
2739 1737 3030 1807 majorum
3077 1732 3458 1805 imaginibus,
3491 1735 3549 1787 et
3594 1746 3728 1801 pro-

2078 1827 2204 1901 pria
2233 1827 2441 1884 virtute
2490 1828 2807 1899 inspectus.
2841 1826 3101 1881 Obscuro
3149 1827 3207 1879 et
3236 1820 3478 1895 ignobili
3516 1835 3728 1893 genere

314 1911 744 1985 παραγράφεται,
796 1912 893 1982 ὃσῃ
936 1913 1204 1989 σπείρεται
1250 1916 1284 1985 ἢ
1333 1916 1614 1995 γράφεται,
1646 1919 1721 1980 ὡς
1754 1916 1957 1980 οὐδενὸς

320 1997 458 2022 1.)Ι-.,.
505 1998 592 2022 ____\
685 1995 767 2022 ΙΡῦ
816 1998 834 2022 Ἰ
982 2003 1046 2022 in
1233 2002 1243 2022 Ι
1455 2006 1465 2022 1
1762 2007 1773 2022 ι
1942 2007 1957 2022 \

2077 1921 2240 1972 ortus
2258 1920 2365 1982 est,
2381 1921 2667 1988 quantum
2690 1917 2760 1971 ad
2788 1919 3042 1971 statuam
3065 1918 3121 1969 et
3142 1912 3329 1968 lutum
3357 1909 3623 1966 atlineit?
3644 1906 3727 1980 (Si

314 1997 460 2069 ἀξίαν
504 1998 593 2053 καὶ
643 1995 929 2069 κίϐδηλον.
982 2003 1131 2058 Ἐστι
1180 2002 1282 2079 γάρ
1325 2026 1377 2059 τι
1410 2006 1563 2080 γένος
1590 2007 1805 2081 τρισσόν
1836 2027 1848 2038 ·
1904 2007 1966 2061 τὸ

322 2086 414 2158 μὲν
476 2088 675 2151 ἄνωθεν
734 2088 1020 2165 ἠργμένον,
1075 2090 1104 2145 ὅ
1151 2094 1341 2155 πάντες
1390 2093 1546 2167 ἐσμὲν
1606 2096 1836 2172 εὐγενεῖς
1885 2096 1967 2151 ἐπ’

320 2174 441 2243 ἴσης
497 2179 608 2249 (82)
664 2176 779 2232 ἐπεὶ
836 2180 951 2233 κατ’
1010 2179 1190 2235 εἷ’κόνα
1240 2187 1375 2236 Θεοῦ
1431 2184 1756 2258 γεγόναμεν·
1815 2185 1877 2240 τὸ
1910 2182 1967 2239 δὲ

316 2263 423 2318 ἀπὸ
471 2266 667 2341 σαρκὸς
711 2266 1008 2343 ἐργόμενον
1060 2273 1195 2344 (83),
1241 2270 1340 2325 οὐκ
1387 2270 1488 2327 οἶδ’
1518 2270 1570 2327 εἷ’
1608 2295 1691 2337 τις
1726 2273 1966 2349 εὐγενὴς,

317 2358 475 2408 τοῦτο
525 2356 696 2433 φθορᾷ
743 2356 1121 2430 συνιστάμενον
1159 2378 1171 2390 ·
1222 2360 1282 2414 τὸ
1333 2358 1388 2415 δὶ
1428 2360 1533 2416 ἀπὸ
1564 2362 1752 2425 κακίας
1780 2364 1815 2432 ἢ
1848 2364 1968 2438 ἀρε-

314 2450 415 2512 τῆς
446 2444 871 2519 γνωριζόμενον,
923 2445 985 2500 οὗ
1029 2446 1241 2520 μᾶλλον
1290 2449 1377 2504 καὶ
1418 2452 1581 2520 ἦττον
1612 2448 1964 2526 μεταλαμϐά-

314 2553 473 2605 νομεν
528 2533 649 2588 ὅσον
713 2534 792 2603 ἂν,
846 2534 1022 2607 οἶμαι,
1174 2540 1503 2614 τηρήσωμεν
1560 2542 1658 2607 τήν
1694 2540 1961 2612 εἶ¹κὸνα,ἤ

315 2618 732 2699 διαφθείρωμεν.
784 2624 992 2695 Ταύτην
1052 2626 1316 2703 ἀγαπήσει
1366 2631 1479 2702 (84)
1533 2630 1632 2698 τὴν
1699 2629 1964 2705 εὐγένειαν

315 2707 405 2785 ὅγε
458 2710 681 2780 ἀληθῶς
728 2713 890 2790 σοφὸς
937 2715 1025 2768 καὶ
1077 2714 1393 2795 φιλόσοφος.
1440 2717 1510 2772 Τὸ
1568 2719 1670 2793 γὰρ
1709 2721 1961 2795 τέταρτον

313 2798 487 2872 γένος,
520 2796 643 2855 τότε
689 2800 901 2871 ἀξιώσω
934 2801 1126 2877 λόγου,
1154 2805 1245 2859 τὸν
1278 2804 1329 2859 ὲν
1361 2808 1642 2882 γράμμασι
1674 2807 1765 2862 καὶ
1796 2830 1963 2884 προσ-

311 2889 605 2963 τάγμασιν,
639 2890 763 2944 ὃταν
831 2890 918 2944 καὶ
979 2891 1184 2955 κάλλος
1234 2898 1347 2968 (85)
1393 2893 1741 2971 ἀποδέξωμαι
1789 2898 1851 2952 τὸ
1910 2898 1961 2952 ἐν

313 2977 595 3051 χρώμασι,
645 2978 734 3031 καὶ
784 2979 1014 3049 πίθηκον
1061 2978 1288 3036 αἰδεσθῶ
1327 2982 1521 3039 λέοντα
1551 2985 1681 3039 εἶναι
1713 2985 1962 3041 κεκελευ-

398 3064 408 3084 1

312 3086 343 3119 σ
350 3087 441 3138 μεν
450 3086 507 3119 ον
515 3110 526 3122 .

2077 2005 2217 2077 quid
2250 2010 2447 2061 tamen
2481 2004 2677 2077 magni
2709 2005 2859 2059 inter
2886 2003 3076 2058 lutum
3109 2019 3175 2057 ac
3218 2001 3409 2057 lutum
3440 1999 3725 2067 interest).

2075 2095 2159 2149 Ad
2211 2094 2574 2166 spiritualem
2623 2092 2985 2149 nobilitatem
3038 2090 3199 2146 illius
3246 2089 3372 2145 loco
3420 2087 3639 2158 afferet,
3672 2089 3731 2142 et

2076 2201 2251 2255 quam
2286 2183 2397 2240 sibi
2448 2182 2720 2255 quisque,
2756 2183 2840 2238 vel
2888 2182 2948 2236 in
2984 2179 3212 2245 melius,
3247 2177 3331 2234 vel
3380 2177 3440 2232 in
3469 2174 3725 2232 deterius

2075 2273 2343 2345 efﬁngit:
2380 2274 2636 2345 reliquas
2689 2275 2883 2327 autem
2937 2268 3293 2336 nobilitates,
3331 2283 3458 2339 quae
3505 2264 3594 2321 vel
3642 2264 3730 2320 fe-

2074 2367 2304 2429 runtur,
2332 2361 2419 2417 vel
2451 2361 2783 2434 principum
2817 2358 3237 2431 diplomatibus
3286 2357 3725 2427 comparantur,

2076 2458 2137 2507 ut
2170 2450 2312 2507 viles
2342 2455 2400 2506 et
2446 2449 2828 2517 adulterinas,
2863 2447 3137 2519 nulloque
3168 2446 3228 2501 in
3273 2444 3457 2518 pretio
3500 2443 3722 2499 baben-

2075 2542 2200 2609 das,
2234 2540 2434 2613 procul
2483 2539 2869 2596 submovebit.
2903 2539 3002 2593 Est
3047 2537 3203 2593 enim
3256 2532 3469 2606 triplex
3514 2549 3720 2606 genus.

2074 2630 2288 2701 Unum,
2320 2630 2472 2701 quod
2504 2645 2755 2702 superne
2777 2627 3061 2699 originem
3079 2626 3274 2694 traxit,
3300 2624 3453 2695 quod
3484 2621 3720 2693 quidem

2072 2720 2123 2775 si
2155 2720 2608 2789 consideremus,
2642 2733 2847 2773 omnes
2895 2730 3163 2789 peraeque
3210 2711 3435 2769 nobiles
3487 2727 3718 2780 sumus,

2073 2810 2289 2881 quippe
2319 2811 2389 2865 ad
2424 2808 2739 2881 imaginem
2773 2807 2869 2862 Dei
2908 2805 3085 2861 creati
3114 2804 3154 2858 ³.
3187 2802 3469 2870 Alterum,
3501 2801 3657 2872 quod
3690 2817 3724 2856 a

2072 2899 2358 2971 sanguine
2388 2898 2797 2971 proﬁciscitur,
2831 2896 2999 2967 cujus
3045 2893 3267 2949 ratione
3296 2891 3453 2946 haud
3483 2889 3720 2961 quidem

2071 2989 2295 3057 scio,an
2309 2987 2624 3059 quisquam
2639 2984 2852 3042 nobilis
2866 2983 2979 3040 dici
2990 2982 3337 3055 possit,cum
3350 2978 3723 3051 corruptione

2072 3080 2315 3133 constet.
2368 3076 2630 3132 Tertium
2678 3093 2712 3131 a
2760 3075 2971 3129 virtute
3019 3077 3121 3128 aut
3166 3071 3307 3127 vitio
3365 3067 3720 3141 agnoscitur,

312 3157 483 3228 cujus
514 3156 600 3213 vel
632 3158 869 3213 uberius
898 3158 987 3215 vel
1037 3158 1246 3218 exilius
1274 3163 1590 3236 participes
1639 3165 1944 3237 efﬁcimur,
1976 3170 2171 3239 prout,
2205 3166 2431 3239 opinor,
2475 3165 2731 3222 divinam
2782 3163 3101 3236 imaginem
3136 3160 3219 3217 vel
3269 3161 3557 3231 integram
3598 3174 3720 3213 ser-

310 3245 659 3318 vaverimus,
692 3246 779 3302 vel
831 3249 1286 3320 corruperimus.
1320 3254 1511 3323 Atque
1560 3252 1710 3309 hanc
1740 3255 1980 3310 demum
2013 3255 2378 3311 nobilitatem
2431 3253 2836 3326 amplectetur,
2871 3250 3143 3324 quisquis
3192 3265 3323 3305 vere
3370 3246 3605 3319 sapiens
3653 3263 3719 3302 ac

311 3333 698 3407 philosophus
730 3336 922 3392 fuerit.
958 3337 1105 3393 Nam
1137 3342 1410 3410 quartum
1459 3340 1605 3397 illud
1638 3342 1959 3399 nobilitatis
2008 3360 2211 3416 genus,
2248 3345 2399 3415 quod
2449 3344 2508 3399 in
2559 3343 2895 3417 principum
2942 3338 3362 3413 diplomatibus
3410 3340 3466 3393 et
3512 3335 3719 3392 edictis

311 3423 599 3493 consistit,
632 3428 758 3479 tum
791 3425 907 3482 ullo
953 3426 1079 3482 loco
1110 3443 1175 3483 ac
1222 3430 1408 3501 pretio
1440 3430 1689 3501 habebo,
1739 3448 1874 3488 cum
1906 3433 2080 3490 sitam
2130 3435 2189 3490 in
2222 3433 2513 3490 coloribus
2562 3432 3058 3506 pulchritudinem
3111 3428 3416 3501 amplexus
3447 3427 3607 3482 fuero
3639 3425 3716 3480 si-

311 3511 610 3585 miamque
636 3514 708 3569 ob
740 3514 794 3569 id
820 3516 1079 3572 venerari
1108 3534 1353 3590 coepero,
1388 3521 1542 3592 quod
1576 3521 1665 3577 leo
1694 3538 1819 3578 esse
1842 3524 2014 3595 jussa
2044 3524 2141 3581 sit.

382 3604 485 3656 IA'.
547 3600 682 3665 Νὲος
732 3600 881 3671 ἐστί;
932 3605 1076 3659 Κατά
1128 3609 1235 3660 τῶν
1296 3611 1480 3673 παθῶν
1526 3607 1957 3685 ἀνδρισθήσεται,

2141 3613 2232 3670 XI.
2262 3614 2499 3670 Iuvenis
2529 3613 2664 3669 est?
2694 3613 2985 3668 Adversus
3021 3609 3261 3664 vitiosos
3291 3604 3472 3661 animi
3522 3606 3717 3659 motus

310 3687 399 3742 καὶ
448 3693 608 3744 τοῦτο
658 3688 953 3747 ἀπολαύσει
996 3696 1094 3762 τῆς
1143 3694 1419 3768 νεότητος,
1468 3698 1529 3751 τὸ
1584 3701 1657 3772 μὴ
1711 3701 1778 3755 τὰ
1825 3702 1957 3756 νὲων

2073 3703 2315 3760 viriliter
2344 3720 2406 3759 se
2453 3707 2635 3776 geret,
2667 3707 2842 3774 atque
2891 3700 2998 3756 hoc
3030 3696 3319 3755 commodi
3363 3711 3432 3751 ex
3469 3692 3716 3765 juvenili

310 3784 518 3845 παθεῖν,
570 3776 713 3833 ἀλλά
761 3778 924 3850 δεῖξαι
964 3777 1324 3857 πρεσϐυτικὴν
1359 3785 1617 3861 φρόνησιν
1654 3787 1705 3841 ἐν
1737 3788 1956 3862 ἀκμαίῳ

2073 3796 2231 3848 aetate
2260 3792 2559 3863 percipiet,
2594 3796 2658 3845 ut
2706 3791 2778 3845 iis
2808 3789 3136 3856 affectibus,
3168 3786 3383 3858 quibus
3430 3784 3547 3839 haec
3580 3786 3717 3839 etas

310 3868 387 3938 τῷ
437 3868 647 3940 σώματι
685 3887 697 3900 ’
753 3868 841 3922 καὶ
892 3871 1147 3946 χαιρήσει
1203 3873 1272 3943 τῇ
1328 3872 1450 3948 νίκῃ
1504 3874 1671 3930 πλέον
1727 3878 1760 3945 ἢ
1808 3878 1858 3931 οἱ
1904 3877 1954 3932 ἐν

308 3954 589 4030 Ὀλυμπίᾳ
670 3958 1136 4033 στεφανούμενον
1222 3964 1431 4033 νικήσει
1499 3965 1601 4040 γὰρ
1662 3964 1713 4019 ἐν
1788 3970 1957 4038 κοινῷ

307 4045 513 4119 θεάτρῳ
568 4050 636 4119 τῇ
697 4046 1004 4122 οἰκουμένῃ,
1081 4050 1170 4104 καὶ
1246 4050 1399 4122 νίκην
1469 4050 1725 4127 ἄπρατον.
1800 4054 1954 4109 Νεύει

308 4137 443 4210 πρὸς
476 4143 648 4212 γῆρας
676 4155 689 4206 ;
724 4134 882 4191 ’Δλλ’
913 4137 1042 4212 οὐχὶ
1072 4140 1296 4214 γηράσει
1330 4139 1417 4195 καὶ
1448 4142 1547 4211 τήν
1607 4145 1810 4218 ψυχήν·
1867 4140 1951 4198 δέ-

308 4227 447 4297 ξεται
476 4226 574 4293 τήν
627 4222 894 4296 διάλυσιν,
937 4226 1013 4289 ὡς
1047 4229 1377 4303 προθεσμίαν
1414 4231 1706 4307 ἀναγκαίας
1739 4231 1950 4289 ἐλευθε-

308 4314 417 4389 ρία·
472 4310 650 4383 ῆδὲως
708 4316 823 4387 (86)
877 4316 1011 4389 πρὸς
1039 4315 1105 4370 τά
1134 4316 1256 4389 ἑξῆς
1293 4314 1671 4393 μεταϐήσεται,
1704 4319 1826 4375 ἔνθα
1854 4321 1954 4377 οὐκ

304 4401 446 4457 ἔστιν
514 4404 713 4479 ἄωρος,
792 4401 917 4457 οὐδὲ
981 4401 1311 4479 πρεσϐύτης,
1389 4407 1533 4464 ἀλλά
1596 4409 1789 4473 πάντες
1851 4412 1949 4480 τὴν

303 4492 668 4564 πνευματικὴν
719 4490 940 4561 ἡλικίαν
988 4493 1210 4551 τέλειοι.
1260 4499 1424 4572 Ὥρας
1484 4496 1718 4574 ἔλαχέν;
1776 4501 1950 4555 Ἀντι-

305 4581 519 4658 στίγψει
574 4580 637 4634 τὸ
666 4579 875 4644 κάλλος
930 4587 1009 4655 τῷ
1054 4582 1267 4658 κάλλει,
1298 4586 1360 4641 τὸ
1388 4594 1489 4657 τῆς
1514 4591 1699 4663 ψυχῆς
1730 4593 1808 4661 τῷ
1853 4594 1951 4644 τοῦ

304 4672 579 4743 σώματος.
619 4668 872 4746 Παρῆλθε
890 4673 952 4728 τὸ
984 4673 1137 4736 ἄνθος
1169 4673 1565 4753 ἀνεπηρέαστον
1598 4698 1610 4747 ;
1644 4678 1781 4734 νεύει
1813 4681 1947 4756 πρὸς

304 4761 511 4833 ἑαυτὸν,
561 4757 686 4817 οὐδὲ
733 4757 874 4817 οἶδεν
925 4763 1226 4837 ὁρώμενος.
1257 4764 1497 4842 Αἰσχρὸς
1526 4768 1644 4841 (87)
1670 4768 1732 4825 τὸ
1762 4769 1949 4847 φαινό-

372 4878 394 4912 ³
424 4878 567 4935 Gen.
598 4894 639 4946 ι,
668 4879 759 4935 21.

372 4993 483 5065 (75)
511 4994 691 5066 Ταῦτα
726 4992 818 5066 μὶν
853 4993 966 5051 οὗν.
1000 4996 1131 5066 Haec
1160 4997 1374 5055 desunt
1403 4999 1462 5055 in
1492 5006 1584 5057 ΟΡ.
1621 5002 1672 5056 1.

2066 3881 2314 3935 obnoxia
2343 3885 2452 3948 est,
2499 3897 2612 3935 non
2645 3878 2967 3949 indulgeat,
2998 3876 3099 3932 sed
3133 3876 3189 3929 in
3218 3872 3437 3946 vigenti
3476 3886 3716 3943 corpore

2065 3968 2309 4023 senilem
2342 3968 2711 4040 prudentiam
2761 3966 3050 4036 exhibeat,
3082 3964 3483 4035 maioremque
3509 3978 3578 4017 ex
3604 3960 3713 4016 hac

2064 4056 2306 4113 victoria
2338 4055 2649 4127 voluptatis
2680 4072 2918 4112 sensum
2968 4054 3177 4126 capiet,
3207 4069 3385 4125 quam
3416 4050 3517 4123 qui
3549 4066 3710 4106 coro-

2065 4163 2200 4200 nam
2226 4145 2282 4200 in
2306 4144 2589 4218 Olympiis
2613 4143 3363 4217 adipiscuntur.Victoriam
3381 4141 3539 4197 enim
3571 4140 3714 4197 feret

2064 4234 2123 4289 in
2155 4235 2452 4290 communi
2482 4234 2640 4290 orbis
2694 4240 2857 4290 terra:
2891 4233 3137 4299 theatro,
3170 4236 3226 4288 et
3264 4232 3500 4303 quidem
3528 4230 3711 4286 victo-

2062 4323 2209 4380 riam
2244 4324 2486 4380 minime
2532 4323 2816 4380 venalem.
2872 4324 2958 4378 Ad
2990 4326 3350 4379 senectutem
3380 4319 3613 4393 vergit?
3645 4321 3714 4375 At

2062 4430 2177 4469 non
2200 4413 2395 4469 animo
2419 4430 2649 4486 quoque
2671 4416 2934 4470 senescat
2956 4429 2970 4479 ;
2989 4410 3457 4481 dissolutionem,
3474 4414 3537 4465 ut
3569 4426 3711 4480 pra:-

2061 4502 2331 4559 stitutum
2382 4501 2720 4558 necessariae
2772 4501 3062 4557 libertatis
3108 4506 3363 4572 tempus,
3414 4497 3706 4570 accipiet:

2059 4592 2250 4648 libens
2282 4593 2353 4649 ad
2386 4609 2471 4662 ea,
2497 4610 2622 4665 quae
2652 4591 2802 4647 hanc
2832 4591 3007 4647 vitam
3039 4594 3380 4660 sequuntur,
3412 4587 3708 4660 migrabit,

2061 4681 2161 4738 ubi
2190 4697 2362 4738 nemo
2410 4684 2498 4737 est
2543 4681 2914 4751 immaturus,
2955 4680 3108 4736 480
3157 4695 3328 4735 nemo
3379 4693 3575 4745 senex,
3607 4678 3707 4732 sed

2063 4787 2267 4829 omnes
2298 4770 2359 4826 in
2390 4769 2680 4843 spirituali
2711 4773 2877 4826 atate
2905 4769 3166 4842 perfecti.
3202 4767 3448 4824 Pulcher
3477 4765 3612 4823 est?
3643 4766 3708 4822 Id

1976 5009 2025 5075 Ι)
2054 5022 2153 5077 την
2177 5072 2186 5077 _
2209 5001 2477 5076 ἀγαπήσει
2506 5002 2625 5077 ,τήν
2678 5000 2946 5077 εὐγρνειαν
2993 4998 3083 5075 ὅγε
3105 4998 3376 5077 ,ἀληθῶ-ς-
3404 5000 3567 5077 σοφὸς
3616 5000 3707 5054 καὶ

372 5063 897 5158 (76),Ἡαύτονομέα
942 5071 1039 5121 τοῦ
1078 5065 1419 5141 πλάσματος.
1472 5073 1585 5129 Sic.
1635 5076 1729 5129 Or.
1784 5075 1833 5130 1.
1884 5074 1947 5129 In

2073 5063 2392 5158 piloao'cp‘oc;
2416 5098 2457 5158 (αι’
2479 5063 2641 5158 Illam
2694 5063 3057 5130 nobilitatem
3087 5063 3290 5146 diliget
3320 5073 3415 5128 ille
3456 5063 3584 5129 v'ere
3613 5089 3706 5128 sa-

297 5135 412 5206 ed.,
455 5135 1132 5210 αὐτονομίανπλάσματος.

367 5210 482 5291 (’77)
511 5209 848 5291 £apc§a;._Sic
876 5209 1073 5291 plures
1106 5217 1281 5286 Regg.
1313 5216 1370 5269 et
1416 5212 1575 5269 Colb.
1610 5218 1674 5271 In
1706 5215 1822 5281 ed.,
1857 5235 1948 5269 σα-

297 5278 413 5355 φέςῖ
440 5278 703 5355 Deestlin
735 5278 1025 5355 Regfbm.

370 5353 486 5428 (Z8)
534 5346 849 5428 Εὐδοκιμεῗῖ
900 5354 1023 5409 1)υο
1071 5354 1272 5428 Regg.,
1322 5356 1493 5414 Coisl.
1547 5358 1571 5412 1
1621 5361 1679 5413 et
1727 5359 1947 5428 Comb.,

296 5419 652 5493 ἐνευδοκιμεῖ.

368 5496 479 5567 (79)
540 5490 1005 5564 Ἃντεπιῖείξεται,
1055 5500 1164 5551 etc.
1227 5520 1254 5547 ‹‹

297 5582 362 5621 ex
377 5569 617 5641 adverso
634 5568 862 5641 generis
876 5567 1124 5623 claritati
1154 5571 1601 5641 respondentem
1620 5576 1939 5630 ostendet.»

368 5638 481 5708 (80)
528 5636 1049 5720 I‘rve'aloyoépsvcc.
1083 5644 1193 5696 etc.
1228 5636 1265 5690 «'
1288 5642 1439 5720 Tum
1481 5646 1789 5715 majorum,
1821 5650 1944 5701 tum

297 5724 411 5783 per
431 5725 492 5783 se
512 5712 845 5783 _et_pr0pria
872 5712 1087 5767 virtute
1117 5712 1489 5783 conspicuus.
1528 5737 1556 5763 »

368 5780 480 5854 (81)
511 5777 758 5840 Βάλ”τιον.
791 5782 991 5843 Plures
1020 5784 1198 5858 Regg.
1232 5777 1289 5844 et
1316 5785 1411 5843 0r.
1442 5786 1467 5845 l
1506 5786 1731 5848 addunt
1762 5805 1776 5847 :
1807 5785 1945 5843 Ταύ-

1306 5499 1658 5556 Probitatem
1714 5517 1945 5557 morum
2032 5512 2039 5515 ‘

2058 5146 2231 5220 piens,
2254 5146 2311 5202 et
2340 5146 2744 5220 philosophus.
2778 5166 2803 5197 ι)

2419 5213 2745 5299 iane—051
2779 5216 3164 5299 conjunctim,
3196 5213 3405 5285 ἐπίσης.

2150 5291 2240 5380 ea
2272 5288 2625 5380 sedem
2661 5291 2756 5380 φιτ-
2801 5286 3205 5380 haegem-

2130 5297 2219 5359 (83
2272 5297 2625 5380 Ἐρχόμενον.
2661 5297 2756 5346 Or.
2801 5297 2845 5356 Ι,
2877 5297 2963 5363 dp‘
2990 5297 3205 5359 όμενον.
3630 5355 3642 5372 Ι

2128 5297 3117 5445 (84)]ξαυτηνηάγαπήσει,ΘῐοᾸῙ-Ῐῷςιὶ
3144 5374 3331 5445 usque
3362 5359 3433 5414 ad
3481 5355 3551 5411 Τὸ
3581 5377 3703 5433 γαρ,

2057 5432 2271 5488 desunt
2300 5434 2359 5504 in
2392 5432 2749 5503 quibusdam
2782 5435 2955 5504 Begg.
2991 5439 3045 5487 et
3076 5433 3172 5485 0r.
3206 5433 3258 5504 4.

2128 5505 2236 5574 (85)
2272 5502 2508 5575 Κάλλος,
2562 5512 2670 5561 etc.
2720 5502 2923 5560 BillJi
2966 5528 2992 5554 ‹‹
3026 5520 3160 5559 cum
3211 5502 3421 5573 pictam
3472 5517 3705 5573 quoque

2057 5576 2555 5646 pulchritudinem
2589 5577 2941 5633 laudandam
2976 5577 3213 5631 duxero.
3250 5598 3277 5646 a

2128 5650 2236 5720 (86)
2267 5645 2490 5721 Ἡδέως.
2526 5653 2702 5721 Regg.
2733 5666 2787 5714 a,
2822 5650 2855 5703 b
2888 5654 2945 5721 et
2974 5646 3233 5721 Coisl._t,
3269 5640 3450 5721 ὶλὲως.

2125 5713 2237 5792 (87)
2266 5715 2525 5797 Αἴσχρός.
2559 5713 3009 5795 Ιιῖἧυίὺυεάαω
3038 5717 3273 5775 additur
3302 5713 3432 5773 ἐστι.
