4056 6274
377 407 531 469 124⁸1

1619 416 1685 476 S.
1734 416 2108 478 GREGOltlI
2150 415 2547 477 THEOLOGI

3630 412 3659 471 1
3672 410 3784 473 248

378 540 576 612 copias
597 540 825 612 ?Atque
857 542 1079 597 utinam
1114 546 1167 598 et
1201 561 1429 616 pannos
1462 545 1636 602 hosce
1666 564 1874 604 exuere
1899 564 2030 620 pos-

2154 550 2355 622 χιτῶνα
2407 551 2597 601 τοῦτον
2644 546 2718 608 ὡς
2771 547 3006 620 τάχιστα
3065 542 3158 599 ’ίνα
3216 538 3368 599 λάϐω
3442 542 3784 621 κουφότερον.

380 632 606 694 sem,ut
636 629 815 701 hujus
845 631 972 685 vita:
1005 631 1206 702 spinas
1229 635 1426 689 nudus
1458 652 1853 707 percurrerem
1880 654 1892 693 :
1926 637 2031 693 uti-

379 735 512 773 nam
547 722 602 772 et
630 735 861 791 gravem
891 721 1041 775 hanc
1073 722 1331 779 tunicam
1363 742 1538 796 quam
1570 725 1869 782 celerrime
1891 727 2033 799 abji-

380 823 591 879 cerem,
615 808 699 863 vel
732 808 999 865 leviorem
1031 812 1375 885 acciperem.
1396 815 1666 871 Exsulem
1701 815 2034 871 vocabunt?

381 897 567 961 Quam
625 897 877 954 demisse
931 900 1001 956 de
1058 901 1227 958 nobis
1270 904 1532 958 sentiunt
1587 904 1856 960 homines
1905 922 2035 961 vere

383 985 882 1058 contumeliosi,et
908 991 1350 1061 peregrinorum
1382 992 1600 1049 inimici
1626 994 1638 1048 ί
1672 994 1847 1049 Estne
1878 994 2033 1050 enim

386 1073 556 1142 mihi,
588 1092 619 1131 ο
667 1075 794 1147 viri,
845 1077 1292 1152 circumscripta
1338 1081 1547 1153 patria,
1601 1084 1692 1137 cui
1739 1087 1795 1138 et
1842 1083 2035 1138 omnis

383 1169 559 1231 terra,
611 1169 668 1221 et
716 1166 879 1222 nulla
924 1171 1080 1224 terra
1128 1170 1318 1240 patria
1359 1172 1494 1226 est?
1523 1172 1607 1226 Tu
1660 1188 1792 1227 vero
1842 1189 2035 1228 annon

381 1251 596 1326 hospes
625 1270 707 1320 es,
739 1261 796 1311 et
825 1257 1046 1312 advena
1065 1258 1389 1331 ‘IEquidem
1420 1260 1840 1317 habitationem
1871 1265 2036 1317 tuam

382 1341 537 1397 haud
570 1342 765 1413 laudo,
799 1345 847 1400 si
880 1345 958 1400 ita
988 1347 1184 1402 animo
1217 1349 1488 1418 afﬁceris,
1523 1367 1594 1405 ne
1625 1366 1659 1405 a
1687 1367 1823 1406 vera
1852 1351 2039 1423 patria

384 1432 636 1504 excidas,
663 1434 733 1489 ad
767 1451 936 1506 quam
971 1436 1162 1492 omnis
1191 1437 1321 1493 vitae
1348 1440 1707 1495 conversatio
1737 1440 2040 1495 referenda

384 1521 703 1577 est.Nonne
733 1528 1092 1581 senectutem
1141 1530 1197 1582 et
1238 1526 1587 1584 valetudinis
1637 1528 2037 1585 infirmitatem

386 1609 529 1665 mihi
564 1615 629 1666 ut
675 1613 954 1683 probrum
1005 1614 1294 1682 objicies?
1326 1616 1398 1671 Ut
1441 1621 1637 1672 autem
1690 1634 2039 1674 arcanorum

386 1716 649 1756 meorum
700 1702 1003 1774 quidpiam
1053 1703 1368 1776 intelligas,
1403 1723 1517 1761 non
1558 1711 1646 1762 est
1691 1706 1801 1762 hoc
1852 1710 2039 1763 totum

387 1806 606 1845 carnea}
637 1791 764 1861 ejus
797 1791 969 1847 molis
1000 1795 1058 1848 et
1089 1796 1310 1849 naturae
1340 1811 1487 1866 opus
1514 1814 1526 1863 ;
1553 1796 1832 1867 quiddam
1864 1796 2038 1853 etiam

2142 636 2485 711 Φυγόπατριν
2546 632 3007 703 ἀποκαλάσουσιν;
3049 634 3122 696 ὡς
3168 634 3333 708 μικρᾶ
3382 635 3637 711 φρονοῦσι
3666 632 3786 707 περὶ

2142 728 2302 798 ἡμῶν
2380 719 2549 786 ὅντως
2625 720 2871 800 ὑϐρισταὶ
2941 724 3249 797 μισόξενοιί
3325 724 3479 779 Ἔστι
3536 722 3634 797 γάρ
3697 743 3786 795 μοι

2143 814 2355 890 πατρὶς,
2415 815 2459 868 ὦ
2518 814 2687 882 οὗτοι,
2740 812 3122 889 περιγραπτὸς,
3181 811 3226 883 ᾧ
3283 818 3426 866 πᾶσα
3455 810 3671 886 πατρὶς,
3702 810 3786 865 καὶ

2144 901 2402 976 οὖδεμία;
2465 901 2539 957 Σὺ
2599 901 2656 958 δὲ
2713 902 2773 957 οὐ
2834 902 2975 973 ξένος
3025 901 3113 957 καὶ
3180 899 3605 977 παρεπίδημος;
3686 899 3792 954 Οὖκ

2143 993 2344 1047 ἐπαινῶ
2390 1013 2483 1047 σου
2528 994 2627 1060 τὴν
2675 990 2974 1064 κατοικίαν,
3024 990 3083 1046 ἂν
3135 990 3309 1054 οὕτως
3358 987 3513 1066 ἔχῃς,
3569 991 3645 1063 μὴ
3692 990 3791 1058 τῆς

2144 1080 2410 1151 ἀληθινῆς
2456 1079 2715 1157 πατρίδος
2764 1081 3008 1156 ἐκπέσῃς,
3060 1080 3134 1143 εἷς
3182 1082 3247 1150 ἣν
3297 1080 3642 1143 ἀποτίθεσθαι
3683 1079 3793 1155 χρὴ

2143 1172 2207 1225 τὸ
2254 1168 2581 1243 πολίτευμα.
2636 1177 2815 1245 Γῆρας
2866 1172 2941 1244 (7)
2991 1167 3048 1224 δὲ
3099 1168 3190 1224 οὐν
3226 1165 3511 1228 ὀνειδίσαις
3542 1169 3676 1240 ἡμὶν
3709 1168 3798 1220 καὶ

2145 1261 2206 1315 τὸ
2254 1258 2519 1331 νοσῶδεςς
2571 1259 2679 1335 οὐχ
2723 1258 2851 1314 ὅλον
2892 1263 3051 1314 τοῦτο
3099 1265 3199 1328 τῆς
3244 1256 3382 1326 ὕλης
3433 1258 3521 1311 καὶ
3569 1264 3669 1325 τῆς
3703 1255 3801 1334 ciu

2148 1372 2303 1419 σεως,
2350 1348 2441 1403 ’ίνα
2482 1347 2630 1423 εἰδῇς
2670 1371 2723 1404 τι
2770 1354 2876 1403 τῶν
2921 1349 3064 1422 ἐμῶν
3099 1347 3442 1423 ἀπορῥήτων·
3480 1345 3618 1401 ἔστιν
3653 1345 3683 1400 ὅ
3712 1345 3803 1399 καὶ

2150 1442 2176 1495 ὁ
2237 1440 2504 1517 λογισμὸς
2558 1438 2910 1512 ἐδαπάνησεν,
2948 1439 3041 1495 ’ίνα
3102 1438 3291 1514 μικρόν
3323 1459 3373 1492 τι
3405 1439 3803 1513 καυχήσωμαι.

2149 1527 2284 1585 Οὐδὲ
2341 1529 2403 1585 σὺ
2460 1532 2537 1603 (8)
2596 1535 2836 1608 σφριγῶν
2920 1551 3013 1603 μοι
3086 1529 3176 1583 καὶ
3236 1532 3643 1605 σαρκοτροφῶν,
3700 1524 3806 1595 ἡδυ

2151 1618 2324 1693 θέαμα
2484 1617 2608 1674 Εἴθε
2635 1641 2686 1674 τι
2717 1620 2803 1674 καὶ
2837 1617 3033 1681 πολίᾶς
3083 1617 3301 1688 ἐπήνθει
3353 1638 3437 1671 σοι
3486 1616 3573 1671 καὶ
3616 1614 3805 1691 ὠχρό-

2147 1729 2335 1778 τητος,
2389 1705 2480 1763 ’ίνα
2537 1709 2826 1782 πιπευθῇς
2883 1712 3009 1784 γοῦν
3065 1708 3197 1762 εἶναι
3248 1705 3463 1769 συνετὸς
3514 1706 3602 1761 καὶ
3643 1703 3805 1783 φιλό-

2153 1818 2340 1875 σοφος.

389 1879 537 1934 ratio
567 1879 919 1951 absumpsit,
951 1881 1093 1936 libet
1121 1882 1275 1938 enim
1310 1884 1614 1955 paululum
1650 1884 1871 1957 aliquid
1906 1886 2163 1958 gloriari.
2194 1889 2276 1944 Ne
2309 1892 2368 1943 tu
2402 1888 2639 1960 quidem
2672 1887 2815 1943 mihi
2841 1888 3177 1959 jucundum
3218 1885 3619 1959 spectaculum
3663 1901 3811 1957 pree-

387 1968 511 2036 bes,
546 1968 627 2023 ita
658 1974 894 2041 vegetus
924 1974 979 2027 et
1009 1971 1405 2044 corpulentus.
1442 1976 1626 2045 Atque
1661 1974 1885 2030 utinam
1934 1975 2040 2033 tibi
2070 1994 2303 2048 quoque
2329 1976 2557 2033 canitiei
2607 1981 2664 2032 et
2694 1976 2933 2049 palloris
2984 1975 3284 2049 quidpiam
3331 1975 3581 2031 aﬂ'usum
3631 1978 3811 2041 esset,

388 2061 455 2112 ut
487 2057 661 2113 fidem
690 2058 897 2115 saltem
930 2064 986 2116 et
1017 2060 1510 2119 existimationem
1544 2064 1870 2136 prudentiae
1901 2082 1967 2120 ac
1997 2065 2380 2138 philosophias
2413 2066 2733 2139 colligeres.

461 2148 577 2203 XV.
598 2149 742 2213 Quid
777 2158 1054 2222 praeterea
1074 2154 1101 2207 Ἰ
1130 2154 1543 2227 Episcopatum
1578 2157 2046 2228 abrogabunt,ac
2078 2161 2125 2225 B

390 2237 619 2294 thronis
670 2240 988 2311 dejicient?
1022 2242 1087 2297 Et
1116 2259 1264 2315 quos
1316 2246 1575 2311 tandem,
1607 2250 1707 2301 aut
1735 2263 1911 2312 nunc,
1941 2250 2040 2304 aut

392 2330 582 2397 antea,
616 2334 886 2401 prompto
914 2334 1092 2403 atque
1124 2332 1294 2389 hilari
1327 2334 1522 2390 animo
1567 2335 1926 2392 conscendi?
1956 2337 2041 2390 An

393 2433 525 2473 vero
557 2433 676 2485 eos,
711 2419 808 2489 qui
855 2422 1200 2487 ascendunt,
1230 2423 1431 2479 beatos
1480 2424 1791 2496 praedicare
1839 2424 1994 2481 soleo
2017 2424 2044 2479 ?

394 2506 559 2561 Tune
589 2506 734 2561 mihi
766 2523 864 2563 eos
894 2526 1100 2565 suaves
1132 2518 1187 2565 et
1207 2512 1505 2582 jucundos
1536 2511 1751 2582 reddis,
1783 2512 1866 2568 ita
1894 2512 2043 2568 indi-

391 2610 504 2667 gne
534 2598 932 2654 conscendens
954 2598 981 2651 ?
1002 2598 1148 2665 Quid
1177 2599 1203 2653 ?
1219 2600 1300 2655 Ne
1323 2600 1442 2655 haec
1460 2601 1697 2672 quidem
1717 2619 1840 2673 quae
1860 2619 2045 2674 nuper

394 2685 753 2752 acciderunt,
769 2686 1073 2744 animimei
1090 2688 1441 2744 sententiam
1462 2690 1626 2746 vobis
1639 2690 2045 2747 declararunt?

394 2775 481 2828 An
511 2772 609 2828 illa
632 2791 864 2847 quoque
884 2776 1102 2831 delicia:
1127 2778 1392 2848 quasdam
1415 2783 1473 2834 et
1500 2780 1661 2848 iocus
1682 2783 2046 2850 erant,atque

393 2863 569 2918 vestri
597 2880 734 2935 erga
766 2881 858 2920 me
888 2866 1104 2922 amoris
1134 2871 1188 2922 et
1218 2867 1492 2923 desiderii
1532 2868 1849 2940 exploratio
1870 2870 1896 2923 ?
1928 2873 2043 2925 Va-

395 2951 467 3007 fri
499 2952 768 3009 homines
798 2953 967 3010 facile
998 2957 1390 3026 adducuntur,
1407 2960 1472 3013 ut
1501 2957 1638 3013 vitia
1668 2976 1776 3014 sua
1796 2959 1865 3014 de
1890 2958 2046 3026 aliis,

395 3041 611 3114 partim
646 3041 1041 3115 suspicentur,
1074 3045 1227 3102 483
1269 3046 1484 3119 partim
1533 3047 1864 3118 loquantur.
1897 3048 2047 3115 Quid

396 3147 529 3186 vero
548 3130 648 3187 illa
668 3133 966 3204 oppressio
984 3134 1011 3187 ?
1028 3134 1172 3199 Quid
1190 3134 1302 3191 illa:
1316 3135 1395 3190 im
1402 3136 1937 3208 precationes,quas
1951 3138 2048 3193 ad-

394 3236 599 3277 versus
622 3237 727 3277 nos
748 3221 906 3293 ipsos
927 3221 1156 3294 publice
1180 3224 2050 3299 concepimus?Quidillaelacry-

399 3326 528 3381 mae,
560 3327 685 3382 qua
726 3328 825 3367 vos
864 3313 1042 3368 etiam
1097 3313 1171 3369 ad
1212 3314 1678 3370 misericordiam
1719 3320 2045 3386 moverunt,

394 3398 660 3470 quamvis
682 3398 899 3471 alioqui
922 3402 1619 3473 propterobluctationem
1645 3404 1776 3459 odio
1798 3422 1943 3476 pene
1963 3423 2049 3461 es-

2226 2158 2325 2213 lE’.
2384 2156 2443 2210 Τί
2494 2154 2618 2225 Eu;
2671 2155 2884 2233 Θρόνων
2952 2157 3421 2231 καθαιρήσουσινς
3499 2153 3667 2209 Τίνων
3729 2155 3815 2229 ἄρ’

2152 2247 2223 2300 ὦν
2259 2244 2436 2315 ἡδέως
2470 2241 2692 2317 ἐπέϐην,
2725 2246 2759 2315 ἢ
2804 2250 2921 2315 νῦν,
2975 2245 3009 2313 ἢ
3070 2244 3375 2320 πρότερον;
3441 2242 3721 2319 μακαρίζω
3757 2240 3815 2297 δὶ

2150 2337 2275 2398 τοὺς
2330 2331 2746 2405 ἐπιϐαίνοντας;
2809 2336 2883 2390 Σὺ
2943 2333 2999 2391 δέ
3052 2356 3143 2408 μοι
3202 2333 3429 2395 τούτους
3487 2332 3640 2402 ἡδεῖς
3698 2334 3812 2405 (10)

2151 2431 2351 2497 ποιεῖς,
2401 2424 2573 2487 οὕτως
2632 2420 2922 2479 ἐπιϐαίνων
2973 2424 3233 2494 ἀναξίως;
3294 2419 3435 2480 Οὐδὲ
3488 2423 3556 2475 τὰ
3609 2422 3807 2496 πρώην

2153 2511 2432 2589 συμϐάντα
2474 2517 2572 2584 τήν
2624 2514 2761 2588 ἐμὴν
2807 2514 3031 2589 γνώμην
3081 2513 3207 2586 ὑμῖν
3267 2510 3539 2582 ἐδήλωσεν
3577 2531 3590 2580 ;
3642 2511 3677 2579 ἢ
3707 2510 3806 2564 κά-

2152 2611 2298 2659 κεῖνα
2369 2604 2563 2680 θρύψις
2624 2624 2704 2665 τις
2758 2607 2849 2674 ἦν,
2910 2602 2999 2657 καὶ
3065 2605 3161 2657 τοό
3233 2601 3403 2655 πόθου
3470 2598 3808 2672 δοκιμασίας

2153 2696 2329 2751 Πάντα
2359 2694 2418 2748 ἂν
2452 2694 2503 2747 οἱ
2532 2692 2775 2768 τεχνικοὶ
2807 2692 2928 2767 περὶ
2957 2688 3166 2763 ἄλλων,
3215 2692 3283 2745 τὰ
3334 2691 3557 2758 ἑαυτῶν,
3610 2690 3679 2743 τὰ
3712 2688 3809 2761 μὲν

2152 2782 2545 2853 ὡπονοήσαιεν,
2575 2782 2642 2835 τὰ
2674 2778 2731 2835 δὲ
2763 2779 2985 2836 εἶ’ποιεν.
3020 2779 3088 2837 Τί
3144 2776 3230 2833 δαὶ
3289 2784 3322 2847 ἧ
3359 2772 3616 2850 συντριϐή
3651 2779 3809 2848 (11);

2150 2870 2202 2926 τί
2251 2868 2336 2925 δαὶ
2396 2871 2449 2925 αἱ
2499 2869 2648 2945 ἀραὶ,
2699 2869 2760 2931 ἅς
2811 2866 3052 2941 δημοσίᾳ
3098 2869 3216 2931 καθ’
3264 2870 3424 2940 ἡμῶν
3475 2866 3648 2921 αὐτῶν
3712 2886 3809 2919 πε-

2152 2960 2467 3031 ποιήμεθα;
2535 2958 2587 3012 τί
2637 2955 2724 3013 δαὶ
2772 2958 2835 3011 τὰ
2886 2954 3107 3033 δάκρυα,
3169 2956 3259 3010 καὶ
3306 2956 3367 3010 τὸ
3419 2952 3683 3015 ἐλεεινοὺς
3715 2975 3807 3029 γε-

2153 3049 2329 3113 νέσθαι
2390 3049 2515 3122 ὑμῖν
2567 3051 2783 3123 μικροῦ,
2841 3046 2931 3101 καὶ
2993 3044 3350 3119 μισουμένους
3383 3041 3470 3098 διὰ
3495 3044 3594 3112 τήν
3626 3042 3811 3097 ἔνστα-

2155 3156 2271 3205 σιν;
2324 3133 2619 3211 Προεδρίας
2675 3135 3171 3209 ἀποστερήσουσιν;
3239 3136 3305 3203 ἣν
3368 3132 3498 3188 πότε
3563 3132 3653 3187 καὶ
3722 3131 3807 3193 τίς

2152 3232 2260 3281 τῶν
2327 3224 2383 3281 εὖ
2443 3223 2782 3302 φρονούντων
2844 3224 3146 3297 ἐθα·5μασε;
3200 3227 3290 3278 νῦν
3344 3220 3401 3277 δὲ
3447 3221 3535 3276 καὶ
3582 3222 3645 3275 τὸ
3687 3219 3818 3297 φεύ-

2155 3337 2288 3391 γαιν,
2330 3316 2403 3377 ὡς
2454 3319 2583 3389 γοῦν
2623 3313 2746 3387 ἰμοὶ
2799 3311 2966 3384 δοκεῖ,
3016 3317 3232 3387 πρῶτον
3286 3310 3568 3373 συνέσεως’
3627 3308 3697 3366 δι’
3750 3313 3813 3379 ἣν

2154 3405 2327 3460 πάντα
2375 3402 2608 3459 δονεῖται
2655 3404 2744 3458 καὶ
2798 3401 2990 3458 σείεται
3043 3402 3111 3457 τὰ
3173 3403 3436 3476 ἡμέτερα·
3491 3398 3559 3454 δι’
3617 3401 3684 3469 ἣν
3750 3401 3817 3455 τὰ

395 3504 595 3544 senius
616 3489 642 3543 Τ
670 3489 963 3545 Primariae
995 3491 1151 3547 sedis
1181 3491 1527 3564 dignitatem
1558 3492 1726 3548 nobis
1757 3493 2047 3565 eripient?

2158 3496 2361 3565 πέρατα
2406 3500 2506 3562 τῆς
2545 3493 2872 3565 οἰκουμένης
2921 3491 2970 3546 ἐν
3006 3491 3228 3564 ὑποψίᾳ,
3258 3491 3348 3545 καὶ
3378 3489 3613 3562 πολέμῳ
3642 3495 3818 3567 κωφῷ

2346 3592 2351 3600 .
2378 3583 2390 3598 ι
2482 3580 2555 3600 3M
2618 3577 2642 3599 ν
2828 3578 2851 3600 τι
3046 3599 3051 3600 ,
3094 3577 3117 3600 δ
3146 3581 3159 3599 ν
3192 3581 3212 3599 η
3373 3576 3396 3600 δ
3508 3577 3544 3600 I,
3735 3580 3747 3594 ο

395 3578 536 3644 Quis
561 3595 822 3650 unquam
848 3584 1038 3635 mente
1069 3580 1350 3651 praeditus
1381 3581 1530 3635 hanc
1560 3581 1886 3637 admiratus
1908 3581 2047 3637 est?

398 3667 567 3724 Nunc
586 3673 779 3722 autem
802 3667 999 3736 etiam,
1016 3672 1082 3723 ut
1102 3668 1246 3723 mihi
1270 3669 1508 3740 quidem
1530 3668 1778 3739 videtur,
1794 3670 2049 3741 pruden-

398 3756 667 3812 tissimus
688 3761 796 3825 est,
821 3756 1093 3829 quisquis
1115 3774 1241 3813 eam
1258 3757 1423 3829 fugit.
1447 3762 1680 3828 Propter
1697 3758 1845 3813 hanc
1867 3759 2045 3827 enim,

398 3863 491 3902 res
512 3863 714 3902 omnes
738 3850 946 3902 nostra:
961 3847 1262 3917 jactantur
1282 3864 1347 3903 ac
1372 3848 2051 3919 concutiuntur;propter

398 3936 723 4004 hanc,ﬁnes
737 3937 893 3993 orbis
910 3940 1070 3992 terra
1093 3936 1426 4009 suspicione
1441 3940 1497 3993 et
1519 3935 1673 3993 bello
1687 3938 2051 4009 flagrant,eo-

400 4043 515 4099 que
536 4027 782 4083 obscuro
805 4032 860 4082 et
883 4026 1147 4099 ignobili;
1162 4031 1395 4099 propter
1414 4026 1918 4098 hanc,periculum
1940 4032 2047 4095 est,

403 4133 495 4184 ne,
517 4115 671 4187 quia
698 4119 806 4171 Deo
828 4115 1005 4171 creati
1026 4133 1257 4183 sumus,
1280 4115 1619 4171 hominibus
1640 4114 2047 4186 subjiciamur,

403 4222 468 4262 ac
492 4221 771 4278 magnum
795 4204 961 4273 illud,
986 4210 1043 4260 et
1060 4222 1273 4261 novum
1296 4220 1510 4260 nomen
1537 4204 1896 4261 amittamus.
1922 4204 2051 4260 Uti-

404 4311 538 4351 nam
566 4294 855 4366 potiusne
878 4293 1033 4350 ullus
1056 4294 1291 4365 quidem
1315 4294 1471 4349 sedis
1492 4294 1855 4366 principatus
1874 4299 2048 4362 esset,

402 4401 510 4442 nec
532 4383 653 4441 ulla
670 4383 782 4441 loci
796 4383 1138 4456 praelatio,et
1158 4382 1457 4457 tyrannica
1478 4383 1886 4457 praarogativa!
1906 4387 1967 4439 ut
1983 4399 2051 4439 ex

400 4474 526 4534 sola
556 4474 768 4531 virtute
815 4490 1317 4546 cognoscercmur.
1349 4474 1515 4531 Nunc
1545 4479 1739 4530 autem
1780 4474 2048 4529 dextrum

398 4562 530 4635 hoc,
562 4568 619 4620 et
647 4563 978 4631 sinistrum,
1010 4579 1077 4619 ac
1122 4563 1384 4620 medium
1431 4563 1605 4634 latus,
1638 4566 1694 4617 et
1739 4560 2052 4618 sublimior

400 4658 576 4725 atque
607 4653 846 4709 inferior
870 4654 1109 4726 gradus,
1143 4657 1199 4709 et
1229 4654 1574 4726 praecedere,
1606 4655 1663 4707 et
1691 4650 1870 4707 simul
1902 4652 2053 4707 ince-

2156 3604 2262 3637 τινι
2305 3583 2393 3636 καὶ
2440 3580 2565 3636 οὐδὲ
2615 3577 2789 3652 ὄνομα
2828 3578 3008 3655 ἔχοντι
3043 3599 3055 3612 ·
3090 3577 3159 3633 δι’
3188 3581 3247 3647 ἢν
3280 3576 3661 3650 κινδυνεύομεν
3724 3580 3814 3632 ἀνα

2156 3672 2387 3747 Θρώπων
2449 3672 2603 3740 εἶναι,
2663 3669 2807 3743 παρὰ
2865 3673 2998 3723 Θεοῦ
3054 3668 3354 3744 γεγονότες,
3413 3667 3502 3721 καὶ
3559 3669 3624 3721 τὸ
3678 3668 3816 3742 μέγα

2157 3760 2245 3815 καὶ
2274 3760 2472 3831 ,καινὸν
2522 3753 2817 3813 ἀποϐαλεῖν
2870 3753 3059 3830 ὄνομα.
3108 3759 3196 3813 Ὠς
3243 3752 3437 3834 ὄφελόν
3481 3778 3543 3831 γε
3580 3754 3720 3828 μηδὲ
3752 3760 3815 3824 ἧν

2156 3846 2437 3925 προεδρία,
2484 3846 2623 3922 μηδὲ
2671 3869 2751 3910 τις
2799 3847 2970 3903 τόπου
3009 3846 3365 3921 προτίμησις,
3394 3845 3483 3900 καὶ
3512 3847 3813 3921 τυραννική

2157 3938 2469 4013 προνομίαί
2530 3938 2599 3992 ἶν’
2657 3937 2704 4009 ἐξ
2754 3937 2951 4012 ἀρετῆς
3003 3937 3172 4010 μόνης
3218 3934 3627 4010 ἐγινωσκὸμεθα
3674 3936 3813 4007 (12).

2162 4033 2266 4082 Νῦν
2318 4025 2374 4082 δὲ
2418 4028 2481 4081 τὸ
2531 4024 2701 4097 δεξιὸν
2745 4030 2926 4097 τοῦτο,
2976 4024 3063 4079 καὶ
3111 4026 3174 4079 τὸ
3239 4024 3539 4099 ἀριστερὸν,
3601 4024 3695 4077 καὶ
3754 4024 3817 4077 τὸ

2162 4117 2346 4189 μέσον,
2403 4114 2493 4170 καὶ
2549 4114 2611 4169 τὸ
2661 4112 3022 4189 ὑψηλότερον,
3082 4112 3172 4167 καὶ
3220 4113 3284 4167 τὸ
3349 4110 3816 4188 χθαμαλώτερον,

2158 4205 2246 4260 καὶ
2293 4204 2354 4259 τὸ
2397 4199 2749 4279 προϐαδίζειν
2897 4196 3268 4275 συμϐαδίζειν,
3300 4200 3489 4256 πολλὰ
3542 4202 3821 4271 πεποίηκε

2156 4294 2222 4349 τὰ
2265 4294 2639 4369 συντρίμματα
2691 4295 2850 4365 ἡμῶν
2917 4289 3189 4364 διακενῆς,
3251 4290 3339 4344 καὶ
3408 4287 3659 4351 πολλοὺς
3740 4290 3820 4350 εἷς

2163 4383 2355 4459 βόθρον
2402 4384 2527 4452 ὦσε,
2582 4383 2670 4436 καὶ
2721 4380 2796 4444 εἷς
2837 4381 2935 4450 τήν
2985 4384 3092 4435 τῶν
3143 4378 3342 4458 ἐρίφων
3374 4380 3564 4455 ’χώραν
3598 4378 3821 4452 ἀπήγα-

2157 4491 2270 4549 γεν·
2328 4472 2390 4527 οὐ
2449 4477 2555 4526 τῶν
2607 4474 2754 4525 κάτω
2806 4470 2994 4544 μόνον,
3040 4467 3166 4525 ἀλλ’
3214 4466 3323 4539 ἤδη
3353 4468 3442 4523 καὶ
3472 4472 3580 4522 τῶν
3610 4469 3818 4538 ποιμέ-

2158 4584 2263 4617 νων
2318 4559 2370 4615 ονί
2427 4557 2747 4615 διδάσκαλοι
2800 4564 2898 4614 τοῦ
2960 4557 3179 4634 Ἰσραὴλ
3234 4553 3403 4620 ὄντες·
3456 4561 3624 4612 ταῦτα
3651 4558 3824 4632 ἢγνό-

2159 4671 2314 4722 ησαν.

401 4746 556 4815 dere,
590 4743 805 4800 multas
836 4743 1003 4801 nobis
1035 4743 1364 4800 collisiones
1395 4742 1689 4798 incassum
1712 4743 2081 4814 pepererunt,
2114 4758 2180 4798 ac
2212 4741 2426 4797 multos
2456 4740 2514 4796 in
2546 4740 2769 4797 foveam
2802 4738 3185 4812 impulerunt,
3209 4743 3387 4811 atque
3413 4739 3486 4794 ad
3512 4738 3827 4795 hircorum

399 4832 698 4906 regionem
729 4832 1118 4902 abduxerunt,
1147 4850 1263 4891 non
1294 4831 1656 4905 plebeiorum
1689 4835 1946 4901 tantum,
1978 4831 2079 4889 sed
2110 4831 2286 4889 etiam
2317 4835 2642 4904 pastorum,
2662 4829 2935 4901 qui,cum
2968 4828 3235 4902 magistri
3266 4827 3498 4885 Israelis
3529 4834 3733 4884 essent
3756 4830 3826 4897 1⁸,

397 4922 521 4979 haec
552 4923 984 4996 ignoraverunt.

468 5012 613 5068 XVI.
645 5012 793 5078 Quid
845 5016 1048 5085 postea
1076 5016 1097 5069 Ρ
1125 5012 1211 5066 Ab
1262 5008 1546 5065 altaribus
1599 5009 1925 5065 arcebant?
1972 5014 2049 5067 At
2077 5012 2124 5079 D

398 5100 580 5159 altare
613 5101 771 5158 aliud
817 5102 958 5167 scio,
992 5102 1163 5172 cujus
1209 5099 1406 5172 figures
1438 5101 1579 5155 sunt
1618 5116 1706 5167 ea,
1738 5114 1861 5170 quae
1892 5116 2049 5155 nunc

398 5190 584 5247 oculis
613 5191 939 5246 cernimus:
975 5206 1151 5262 super
1180 5189 1329 5260 quod
1364 5206 1467 5245 nec
1495 5188 1672 5257 ascia,
1702 5205 1807 5245 nec
1837 5205 2048 5244 manus

399 5281 682 5347 ascendit,
716 5297 819 5337 nec
858 5279 1102 5349 ferrum,
1134 5294 1239 5337 nec
1270 5277 1455 5335 ullum
1506 5278 1797 5337 artiﬁcum
1827 5277 2047 5334 instru-

475 5426 518 5462 ¹⁵
546 5424 716 5481 Joan.
752 5442 836 5495 Ill,
871 5423 956 5479 10.

491 5560 546 5627 7)
580 5556 1075 5628 Fiya<._Plerique
1104 5556 1298 5628 c_od_d.,
1328 5554 1390 5628 τὸ
1416 5557 1610 5627 γῆρας.

489 5625 539 5698 8)
572 5625 708 5684 osa
737 5626 820 5687 σύ.
853 5625 998 5698 aeg:
1027 5645 1078 5698 a,
1107 5626 1168 5681 σὺ
1199 5625 1258 5680 δὶ
1288 5625 1370 5681 οὐ.

489 5644 523 5684 ὅ
572 5644 708 5684 υυδε
737 5644 820 5687 σι).
855 5644 933 5685 tte
980 5671 991 5684 .
1027 5645 1060 5684 8.
1107 5647 1168 5681 συ
1199 5644 1258 5680 οε
1288 5647 1370 5681 ου.

489 5644 545 5770 gl
574 5698 706 5770 Ἡδῷ
735 5644 1024 5770 θὲαμα.8111
1055 5672 1543 5770 ίιοηουῐιὶειμέγα
1571 5693 1759 5766 θέαμα.

474 5762 584 5840 (1'0)
614 5768 808 5832 Ἡδεῖς.
833 5762 1045 5828 Ῥιυτθε
1076 5772 1255 5844 Regg.
1288 5774 1346 5829 et
1362 5762 1558 5839 Coll»,
1590 5762 1721 5839 etc.,
1753 5762 1967 5837 ἡδίους.

3284 5001 3443 5060 ’Δλλ’
3520 5000 3655 5058 οἴδα
3728 4996 3830 5058 καῖ

2160 5094 2300 5153 ἄλλο
2344 5099 2457 5172 (13)
2494 5097 2898 5171 θυσιαστήριον,
2958 5093 3022 5148 οὗ
3076 5092 3237 5150 τύποι
3296 5093 3363 5147 τὰ
3390 5091 3482 5147 νῦν
3517 5094 3791 5169 ὁρώμενα
3816 5113 3829 5123 ·

2159 5185 2239 5264 ἐφ’
2287 5185 2315 5240 ὅ
2366 5186 2719 5260 λαξευτήριον
2772 5182 2871 5238 οὐκ
2920 5178 3272 5251 ἀναϐέϐηκεν,
3324 5180 3449 5238 οὐδὶ
3496 5183 3651 5257 χεὶρ,
3692 5181 3835 5239 οὐδὲ

2228 5009 2318 5078 Ιζ“.
2396 5004 2803 5082 Θυσιαστηρίων
2883 5002 3197 5080 εἷ’ρζουσιν;

2158 5275 2399 5347 ἠκούσθη
2451 5273 2697 5349 σίδηρος,
2744 5273 2780 5342 ἢ
2855 5294 2907 5327 τι
2973 5274 3181 5347 (14-15)
3221 5276 3330 5329 τῶν
3395 5276 3667 5347 τεχνιτῶν
3727 5272 3831 5328 καὶ

2230 5554 2341 5641 $31?
2370 5556 2428 5641 ΣΗ
2459 5545 2930 5641 συντριβήσβοίδ-
2966 5553 3015 5641 ξε
3046 5549 3105 5641 αἱ
3133 5543 3418 5639 συτριδαίπ

2370 5597 3600 5704 ’Ξγζξῷᾙξᾷέθέἶὲείνῖίεξὲτξζγὶῗιζιξςῖιὲέδμεθα.

2226 5626 2318 5839 (Β
2372 5695 2469 5748 Καὶ
2503 5692 2663 5750 ἄλλο.
2697 5696 2866 5753 Deest
2896 5692 2984 5748 καί
3014 5711 3074 5750 1n
3105 5694 3243 5767 Reg.
3277 5693 3399 5749 bm.
3458 5760 3487 5783 ν

2253 5766 2443 5839 14-15)
2472 5767 2543 5824 Ἥ
2568 5787 2643 5823 τι.
2676 5766 2878 5827 Plures
2909 5767 3089 5839 Regg.
3122 5771 3179 5826 et
3206 5765 3393 5835 Colb.,
3426 5783 3551 5822 ουτε
3578 5783 3600 5821 1

2256 5696 2340 5766 l3)
2372 5696 2469 5748 καὶ
2503 5696 2663 5750 ἄλλο.
2697 5696 2866 5753 Deest
2896 5696 2984 5748 καί
3014 5696 3074 5750 in
3105 5696 3243 5767 Reg.
3277 5696 3399 5749 bm.

2253 5766 2443 5842 14-15)
2472 5767 2543 5824 Ἥ
2568 5787 2643 5823 τι.
2676 5766 2878 5827 Plures
2909 5767 3089 5841 Regg.
3122 5771 3179 5826 et
3206 5765 3393 5835 Colb.,
3426 5760 3551 5822 οὔτε
3578 5783 3665 5826 τι.
