3918 6550
1506 442 1509 443 ,
3459 452 3484 461 _
3499 437 3506 443 ν

312 437 3521 508 9W

556 576 1812 937 'PBfEFATI'O
1915 661 2103 841 Gl

1613 576 1812 841 to
1915 661 3160 845 GENEBALIS.

392 1117 697 1181 Praeclara
740 1115 869 1178 duo
910 1115 1205 1177 Ecclesiae
1246 1114 1474 1176 Graecas
1521 1112 1754 1184 sidera,
1812 1113 2192 1191 Gregorium
2240 1117 2710 1178 Nazianzenum
2763 1123 2823 1178 et
2862 1116 3159 1180 Basilium
3208 1121 3535 1198 Magnum,

319 1224 542 1288 eadem
576 1220 765 1282 tellus
789 1219 1009 1281 eodem
1051 1224 1335 1295 tempore
1384 1215 1550 1277 tulit.
1593 1216 1797 1276 Ambo
1827 1218 2252 1279 sanctissimis
2295 1219 2449 1280 editi
2500 1219 2895 1297 parentibus,
2933 1222 3117 1282 ambo
3150 1223 3266 1300 ipsi
3302 1223 3538 1294 sancti,

318 1332 450 1387 tate
485 1324 792 1399 insignes,
820 1318 1005 1380 ambo
1034 1317 1289 1380 dicendi
1322 1316 1501 1394 cepia
1540 1316 2073 1393 prmstantissimi,
2102 1318 2286 1379 ambo
2313 1318 2590 1397 denique
2615 1320 2872 1396 paribus
2906 1322 3137 1384 studiis
3176 1324 3536 1388 universam

323 1423 667 1486 Ecclesiam
703 1437 894 1500 quam
930 1419 1049 1480 late
1085 1423 1280 1496 patet,
1309 1415 1560 1492 scriptis
1595 1415 2021 1489 illustrarunt,
2070 1417 2353 1477 moribus
2386 1424 2713 1480 ornerunt.

396 1528 621 1588 Plures
645 1522 773 1599 jam
802 1518 950 1580 anni
978 1524 1150 1590 sunt,
1183 1533 1260 1578 ex
1293 1530 1420 1594 quo
1445 1513 1673 1573 eximia
1698 1514 1920 1574 Basilii
1953 1515 2183 1592 scripta
2218 1517 2519 1591 castigata
2568 1524 2627 1577 et
2663 1516 2947 1594 pristiam
2991 1519 3230 1582 reddita
3278 1520 3537 1600 integri-

322 1633 435 1694 tati
474 1633 541 1691 in
581 1630 781 1689 lucem
829 1624 1056 1684 emissa
1095 1628 1267 1682 sunt.
1306 1621 1459 1694 Spes
1492 1627 1625 1678 erat
1659 1617 2035 1692 Gregorium
2073 1620 2543 1680 Nazianzenum
2601 1620 2891 1695 proxime
2928 1630 3303 1684 secuturum
3344 1628 3540 1686 inter-

324 1732 515 1796 vallo.
555 1730 618 1788 ld
655 1726 772 1787 fuit
811 1724 873 1784 in
909 1722 1112 1794 votis;
1162 1726 1221 1781 et
1268 1725 1437 1779 certe
1471 1717 1635 1803 idem
1674 1734 1926 1796 sperare
1981 1717 2204 1780 licebat
2254 1719 2330 1778 ab
2372 1719 2496 1790 iis,
2543 1719 2652 1797 qui
2695 1729 2815 1780 tam
2850 1722 3202 1797 praeclaram
3234 1724 3298 1784 in
3326 1741 3539 1787 emen-

323 1838 548 1900 dandis
578 1835 653 1895 ad
686 1838 970 1893 veterum
1005 1825 1293 1888 codicum
1328 1822 1515 1882 ﬁdere
1552 1828 1683 1880 tum
1718 1822 2080 1883 Grzecorum
2120 1829 2250 1881 tum
2286 1822 2656 1899 Latinorum
2689 1822 2942 1885 Patrum
2980 1825 3235 1903 scriptis
3264 1845 3536 1891 navave-

325 1950 462 2000 rant
492 1950 767 2012 cperam.
805 1930 961 1992 Cum
999 1926 1166 1987 enim
1207 1924 1483 2003 primum
1538 1922 1615 1982 ad
1665 1937 1829 1999 opus
1868 1921 2037 1982 istud
2072 1921 2358 1982 animum
2398 1924 2798 2000 appulissent
2854 1925 3077 1998 nostri,
3110 1943 3440 2003 novasque
3472 1929 3535 1989 in

322 2016 491 2105 diem
548 2056 581 2099 e
637 2035 808 2114 prelo
875 2035 1185 2093 exeuntes
1260 2026 1617 2104 priscorum
1689 2019 2251 2085 monumentorum
2318 2024 2640 2087 editiones
2695 2026 2939 2105 placere
2994 2029 3181 2091 bonis
3235 2033 3537 2105 omnibus

323 2138 829 2219 conspexissent,
881 2131 942 2192 id
986 2128 1105 2189 sibi
1142 2125 1377 2202 negotii
1425 2123 1832 2185 crediderunt
1863 2123 2022 2194 dari,
2056 2131 2123 2183 ut
2172 2123 2492 2186 maximos
2525 2142 2817 2204 quosque
2850 2128 3186 2206 utriusque
3212 2116 3534 2208 Ecclesiae,

323 2243 550 2304 Graecas
571 2236 812 2299 scilicet
837 2238 896 2294 et
927 2229 1185 2301 Latinae,
1215 2228 1424 2287 Patres
1451 2226 1513 2286 in
1556 2225 1756 2288 lucem
1791 2225 2177 2287 emitterent.
2206 2224 2297 2285 Ad
2326 2242 2485 2303 epus
2520 2236 2639 2287 tam
2674 2227 2938 2288 arduum
2971 2240 3227 2293 strenue
3258 2234 3537 2311 aggressi

323 2350 492 2404 sunt.
525 2341 664 2413 Quo
687 2350 984 2398 successu
1021 2336 1249 2391 norunt
1281 2344 1524 2388 omnes.
1561 2327 1851 2404 lnsignes
1877 2337 2150 2406 quatuor
2176 2327 2382 2389 Latini
2408 2330 2640 2400 Patres,
2673 2330 3101 2407 Augustinus,
3131 2333 3535 2404 Ambrosius,

325 2448 774 2518 Hieronymus,
811 2431 1177 2510 Gregorius,
1217 2429 1538 2507 prodiere;
1573 2436 1696 2489 tres
1735 2446 1993 2506 quoque
2025 2445 2057 2489 e
2091 2428 2349 2499 Graecis,
2381 2428 2790 2504 Athanasius,
2824 2431 3120 2507 Basilius,
3153 2436 3536 2515 Chrysosto-

325 2560 491 2610 mus.
521 2544 697 2605 Unus
750 2537 1052 2596 hactenus
1108 2528 1623 2606 exspectabatur;
1683 2543 1883 2587 unum
1918 2543 2141 2588 omnes
2199 2527 2696 2590 desiderabant:
2733 2538 3088 2594 extremum
3146 2539 3265 2599 hoc
3300 2558 3536 2603 munus

322 2646 748 2728 postulabant.
796 2637 949 2709 Quae
1009 2637 1194 2691 tanta;
1245 2626 1621 2703 Gregorium
1660 2643 1853 2687 morte
1894 2634 2190 2688 tenerent
2240 2626 2657 2688 mirabantur.
2688 2627 2856 2688 Nihil
2890 2647 3151 2715 necesse
3183 2642 3278 2697 est
3310 2655 3537 2702 causas

322 2762 713 2830 percurrere,
750 2756 891 2819 quas
931 2734 1147 2795 tandiu
1185 2731 1557 2807 Gregorium
1590 2730 2209 2791 retardarunt.Varii
2245 2739 2533 2803 eventus,
2576 2748 2874 2812 morsque
2916 2736 3047 2814 ipsa
3087 2737 3539 2819 impedimento

323 2849 464 2912 fuit,
498 2849 783 2907 Domnus
820 2840 922 2898 Fr.
957 2832 1249 2894 Louvard
1276 2832 1443 2891 istud
1485 2848 1648 2908 opus
1687 2848 2025 2909 aggressus
2058 2831 2288 2904 fuerat,
2324 2834 2420 2894 vir
2450 2833 2610 2894 acris
2641 2849 2712 2895 ac
2745 2834 3143 2901 vehementis
3177 2843 3418 2922 ingenii
3477 2856 3538 2911 et

324 2947 571 3027 «quasi
630 2938 879 3020 ignis’;
917 2936 1168 2996 amulta
1218 2934 1350 3011 jam
1405 2941 1836 3010 congesserat,
1899 2933 2270 2995 innumeras
2327 2952 2403 2995 ex
2466 2934 2659 2999 variis
2698 2939 3150 3016 manuscriptis
3205 2945 3538 3008 codicibus

321 3050 631 3112 lectiones
664 3041 1084 3117 descripserat
1119 3038 1282 3114 ipse,
1313 3045 1373 3097 et
1402 3038 1674 3099 describi
1713 3045 2079 3115 curaverat;
2146 3038 2257 3100 sed
2295 3045 2384 3099 tot
2419 3038 2691 3116 jactatus
2761 3049 2857 3100 est
2906 3047 3412 3122 tempestatibus,
3466 3060 3538 3112 ut

323 3150 574 3223 incepto
605 3143 914 3205 desistere
939 3147 1192 3201 coactus
1226 3138 1330 3198 sit.
1366 3139 1527 3198 Tum
1568 3137 1705 3215 ejus
1736 3138 1999 3211 scrinia,
2058 3146 2119 3199 et
2171 3154 2569 3218 quaecunque
2612 3150 2956 3217 paraverat,
2988 3142 3051 3203 in
3091 3145 3276 3207 amici
3312 3166 3539 3213 manus

323 3265 693 3329 pervenere,
731 3262 858 3324 quo
890 3261 1012 3305 non
1047 3250 1171 3303 erat
1204 3242 1542 3320 quisquam
1580 3259 1661 3302 ex
1692 3243 1932 3302 nostris
1991 3244 2066 3303 ad
2100 3257 2260 3319 Opus
2306 3243 2477 3303 istud
2517 3243 2968 3320 perﬁciendum
3007 3248 3205 3325 magis
3240 3250 3537 3317 idoneus.

322 3350 615 3411 Nostrum
649 3348 786 3407 dico
820 3344 1225 3407 Prudentium
1254 3346 1495 3415 Maran,
1540 3344 1651 3422 qui
1681 3344 1745 3403 in
1776 3343 2001 3403 Basilii
2037 3343 2447 3421 epistolarum
2485 3344 2768 3407 editione
2830 3350 3232 3423 elaborauda,
3262 3356 3538 3438 aliisque

322 3454 635 3533 praeclaris
666 3454 988 3529 operibus,
1023 3450 1356 3511 maximam
1380 3449 1628 3509 laudem
1662 3449 1928 3527 adeptus
1951 3458 2044 3510 est
2069 3471 2084 3509 :
2108 3450 2214 3528 qui
2242 3451 2454 3512 Graece
2485 3452 2834 3529 Latineque
2872 3452 3229 3517 luculenter
3257 3458 3534 3521 sciebat:

320 3555 520 3632 quiin
546 3554 869 3614 versandis
895 3553 1119 3616 diurna
1145 3561 1581 3633 nocturnaque
1609 3572 1795 3615 manu
1829 3560 2193 3615 sanctorum
2226 3557 2506 3625 Patrum,
2543 3555 2813 3616 maxime
2845 3556 3232 3634 Graecorum,
3257 3563 3534 3643 scriptis,

320 3654 510 3713 vitam
570 3668 821 3712 omnem
879 3658 1377 3729 consumpserat.
1422 3653 1538 3713 Sed
1582 3650 1745 3714 heu!
1784 3652 1934 3712 dum
1970 3652 2239 3713 nimium
2298 3652 2475 3729 operi
2539 3670 2794 3715 manum
2829 3654 3168 3719 admovere
3228 3671 3536 3737 moratur,

318 3751 596 3830 aliisque
630 3752 691 3811 in
726 3752 862 3811 dies
891 3751 1295 3812 elaborendis
1326 3752 1575 3828 scriptis
1620 3759 1989 3828 occupatur,
2020 3759 2223 3812 morte
2270 3759 2625 3827 correptus,
2660 3751 3099 3829 imperfectum
3140 3757 3307 3820 istud
3345 3759 3538 3822 relin-

318 3860 478 3937 quit.
511 3858 827 3918 Audacior
878 3854 1158 3934 profecto
1213 3855 1560 3927 videbitur,
1596 3855 1897 3933 quisquis
1930 3854 2295 3917 inchoatum
2362 3862 2484 3916 tam
2519 3854 2773 3917 diﬂicile
2815 3871 2977 3932 epus
3002 3858 3380 3936 susceperit.
3413 3860 3538 3925 Nec

318 3957 584 4019 dubium
648 3956 806 4035 quin
857 3955 1225 4016 temerarius
1286 3956 1524 4029 audiat,
1582 3956 1747 4016 aciu
1807 3954 1907 4015 sui
1968 3956 2440 4032 comparatione
2480 3955 2765 4018 defuncti
2822 3957 3215 4019 desiderium
3277 3962 3533 4025 excitet.

320 4062 773 4123 Verumtamen
806 4061 858 4121 si
890 4061 1034 4139 quis
1060 4060 1434 4121 temeritatis
1466 4067 1679 4121 notam
1716 4060 1955 4130 inurat,
1984 4059 2149 4137 justo
2184 4059 2371 4121 nobis
2405 4077 2546 4121 esse
2591 4069 2797 4139 potest
2829 4063 3179 4125 excusatio.
3213 4060 3535 4136 Quantum

320 4163 492 4223 enim
528 4162 730 4231 licuit,
762 4166 1070 4221 onustam
1101 4159 1299 4237 impar
1337 4159 1584 4220 vir-ibus
1620 4160 1857 4220 nostris
1901 4160 2232 4236 suscipere
2278 4160 2755 4234 recusavimus;
2807 4162 2918 4224 sed
2955 4162 3432 4232 reluctantibus,
3476 4172 3538 4223 et

319 4266 695 4327 tenuitatem
730 4272 1000 4326 nostram
1031 4262 1441 4325 censentibus
1469 4262 1775 4338 imposita
1816 4262 2002 4324 nobis
2040 4262 2173 4324 haec
2205 4263 2649 4341 estprovincia
2687 4263 2765 4324 ab
2802 4264 2923 4337 his,
2963 4281 3236 4343 quorum
3272 4264 3535 4342 imperia

318 4366 668 4441 detrectare
700 4366 871 4426 nefas
917 4364 1159 4428 fuisset.
1190 4368 1581 4429 Jubentibus
1616 4368 1828 4446 itaque
1866 4368 2179 4430 cessimus
2217 4386 2232 4426 :
2294 4369 2542 4430 admota
2576 4366 2880 4446 deinceps
2911 4368 3090 4448 eperi
3141 4386 3357 4442 manu,
3411 4387 3533 4432 nec

317 4470 487 4532 curis
519 4486 638 4530 nec
676 4468 998 4529 laboribus
1032 4472 1431 4549 pepercimus
1465 4479 1531 4531 ut
1562 4470 1741 4549 iussa
1786 4471 2271 4532 facesseremus.
2300 4471 2499 4531 Nemo
2537 4487 2666 4532 non
2706 4469 3003 4548 intelligit
3034 4476 3341 4548 quantum
3372 4470 3537 4531 labo-

320 4574 411 4633 ris
446 4582 506 4633 et
537 4589 745 4651 operte
780 4572 1267 4649 impendendum
1297 4572 1488 4633 fuerit
1520 4571 1582 4631 in
1624 4572 2039 4645 emendanda,
2064 4570 2289 4632 saltem
2330 4571 2621 4650 pluribus
2671 4573 2735 4632 in
2773 4572 2950 4644 locis,
2991 4573 3186 4633 veteri
3232 4571 3533 4643 editione,

319 4679 387 4739 in
410 4677 760 4755 seligendis
779 4679 963 4739 variis
997 4676 1405 4747 lectionibus,
1436 4676 1735 4737 vertenda
1758 4676 2109 4738 carminum
2134 4684 2310 4755 parte
2341 4676 2633 4749 maxima,
2663 4674 3078 4754 disponendis
3102 4669 3536 4763 ordinechro-

317 4781 617 4859 nologico
659 4781 966 4858 epistolis,
1002 4782 1064 4844 in
1094 4781 1457 4842 adornanda
1492 4781 1553 4842 S.
1587 4780 1882 4858 Gregorii
1918 4781 2085 4852 Vita,
2129 4779 2502 4859 exponenda
2545 4780 2682 4857 ejus
2714 4778 3042 4845 doctrina.
3076 4777 3142 4838 in
3189 4774 3536 4838 enodandis

313 4883 511 4945 variis
543 4883 1037 4959 difﬁcultatibus,
1067 4886 1393 4966 rebusque
1435 4885 1500 4946 in
1537 4885 1677 4945 aliis
1712 4885 2002 4962 pluribus
2030 4902 2186 4964 quas
2223 4891 2511 4946 accurata
2544 4883 2739 4944 editio
2777 4879 3073 4962 postulat.
3162 4868 3167 4877 ’

1548 5170 1837 5247 PARS
1894 5166 2303 5247 PRIMA.

1110 5425 1199 5497 §l.
1232 5442 1312 5487 ne
1344 5440 1548 5487 vanus
1579 5441 1629 5486 s.
1661 5443 1966 5488 eaeeonu
2000 5442 2258 5487 eranum
2316 5441 2747 5486 eorrromnus.

395 5543 678 5606 Primum
716 5543 975 5623 quidem
1008 5545 1334 5606 doctorum
1372 5546 1676 5618 virorum,
1736 5546 1845 5625 qui
1878 5563 2064 5624 opera
2118 5544 2408 5623 Gregorii
2440 5548 2507 5609 in
2558 5547 2767 5610 lucem
2807 5540 3089 5623 proferre
3121 5539 3531 5607 studuerunt,

315 5642 568 5707 labores
598 5653 747 5705 sunt
779 5642 1338 5707 commemorandi.
1375 5646 1499 5707 Alii
1553 5647 1755 5727 plura,
1796 5646 1900 5709 alii
1937 5647 2279 5726 pauciora:
2310 5647 2411 5711 alii
2450 5647 2689 5723 Greece,
2721 5644 2829 5709 alii
2876 5645 3094 5708 Latine
3120 5634 3389 5715 tantum,
3422 5636 3533 5701 alii

322 5786 333 5794 ·
390 5768 408 5799 ¹
431 5766 596 5822 Eccli.
622 5782 806 5831 xum,
841 5769 899 5823 1.-

515 5864 783 5925 Pnnox.
827 5865 938 5925 Gn.
988 5863 1250 5925 XXXV.
2138 5942 2139 5945 η
3035 5950 3040 5955 Ι
3195 5866 3225 5924 1
3290 5942 3303 5955 _
