3918 6564
282 5890 303 5947 J

386 421 443 473 ιι
1389 411 1758 470 rea-marte
1796 411 2208 469 caseaaus.
2253 444 2322 454 —
2360 413 2537 470 rans
2575 416 2619 469 ι.
3006 466 3011 469 ,
3543 431 3614 486 ιε

385 538 596 597 Graece
620 531 807 594 simul
846 538 903 591 et
933 531 1193 607 Latine;
1226 530 1333 593 alii
1369 534 1944 612 quasdamtantum
1974 535 2315 606 orationes,
2351 546 2458 597 aut
2489 535 2844 599 carminum
2883 547 3121 615 partem
3171 542 3474 623 aliquam,
3512 555 3610 612 vel

386 636 829 717 epistolarum.
866 634 1002 693 Non
1042 635 1209 694 enim
1266 636 1479 695 omnia
1531 633 1747 706 simul,
1799 635 2081 711 dispersa
2131 635 2278 697 hinc
2329 637 2476 696 inde
2529 638 2729 700 sancti
2783 638 3060 702 doctoris
3124 657 3309 718 Opera
3368 650 3615 721 prodire

387 745 698 814 poterant,
733 735 839 795 sed
879 752 986 811 per
1029 735 1403 809 particulas,
1457 742 1777 814 quatenus
1809 735 1872 795 in
1925 734 2258 796 hominum
2315 737 2755 799 studiosorum
2818 756 3043 803 manus
3078 751 3137 803 et
3169 748 3613 823 cegnitionem

384 846 719 904 venerunt.
752 840 872 900 Sua
912 835 1181 913 singulis
1218 835 1352 895 laus
1385 832 1745 907 reddenda;
1779 833 2017 912 quippe
2061 835 2200 913 qui,
2256 835 2504 894 tametsi
2546 834 2982 911 imperfectum
3025 838 3411 917 reliquerint
3448 861 3613 923 Opus

384 949 558 1027 quod
612 944 1050 1023 aggredimur,
1108 939 1293 1002 nobis
1351 946 1560 1000 tamen
1613 937 1960 1017 praeeundo
1998 937 2158 998 viain
2214 939 2730 1013 monstraverint,
2767 944 2828 1001 et
2857 940 2932 1001 ad
2968 942 3418 1018 perliciendum
3458 966 3614 1010 non-

383 1056 544 1120 nihil
578 1051 992 1116 contulerint.

1710 1114 2034 1175 Editionrs
2069 1114 2321 1177 Graecae.

459 1238 511 1303 Ι.
544 1240 620 1301 Ut
666 1237 743 1298 de
792 1230 1025 1297 Graecis
1080 1224 1472 1290 editionibus
1521 1220 1798 1300 primum
1852 1222 2164 1293 dicamus,
2217 1219 2387 1301 quod
2442 1220 2704 1300 quidem
2756 1221 2914 1282 ordo
2951 1225 3201 1286 videtur
3240 1228 3601 1303 ροςιυιοιιρ,

383 1346 583 1422 prima
624 1360 763 1404 sese
795 1341 975 1402 oil‘ert
1013 1336 1151 1406 illa,
1206 1347 1333 1410 qua
1383 1326 1793 1389 continentur
1852 1347 1882 1382 α
1932 1325 2228 1403 Gregorli
2286 1326 2665 1388 Nazianzeni
2730 1327 3050 1388 orationes
3112 1326 3471 1393 lectissima)
3500 1348 3610 1393 xv:

389 1450 604 1508 Graece
640 1462 715 1506 ex
750 1440 1034 1503 editione
1068 1436 1149 1495 M.
1184 1428 1429 1493 Musuri
1463 1446 1478 1485 :
1508 1425 1793 1487 Venetiis
1825 1426 1890 1486 in
1920 1426 2167 1487 aedibus
2198 1427 2340 1487 Aldi
2376 1429 2555 1501 1516,
2591 1430 2746 1494 in-8°
2775 1431 2879 1509 (α).
2919 1450 2948 1482 ))

459 1540 763 1624 Epistolas
804 1534 1127 1599 nonnullus
1180 1525 1518 1601 Gregorii,
1584 1540 1708 1585 una
1753 1539 1897 1584 cum
1953 1521 2245 1601 epistolis
2302 1524 2542 1596 .Basilii,
2598 1528 2763 1606 typis
2829 1543 3076 1588 excusas
3128 1536 3276 1591 sunt
3339 1534 3608 1610 primum

384 1649 747 1724 Hagauonae
776 1654 944 1699 anno
983 1627 1135 1696 1528
1168 1634 1349 1707 ιιι-8⁸³,
1382 1630 1614 1692 deinde
1648 1627 1940 1688 Venetiis
1970 1644 2138 1689 anno
2179 1630 2335 1689 1532
2368 1629 2541 1691 curis
2579 1630 2899 1709 ObSOpaai,
2930 1630 3139 1695 in-fol.

462 1740 751 1820 Gregorii
784 1733 1165 1798 Nazianzeni
1204 1729 1515 1806 Theologi
1575 1726 1894 1788 orationes
1926 1742 1989 1785 ιι
2022 1725 2513 1804 elegantissimae
2561 1730 2933 1806 prodierunt
2970 1750 3135 1798 anno
3174 1739 3325 1800 1536
3367 1741 3429 1803 in
3460 1745 3609 1805 teli-

383 1848 503 1909 bus
536 1841 854 1905 hmredum
905 1834 1077 1903 Aldi,
1118 1832 1303 1892 in-8°.
1476 1894 1484 1901 _

462 1948 729 2011 Easdem
767 1939 1086 2004 orationes
1119 1932 1287 2011 typis
1323 1928 1646 1990 mandavit
1680 1926 2022 1989 Veclielius
2056 1927 2313 1990 Parisiis
2350 1943 2520 1991 anno
2573 1929 2748 1993 15ῑιῐι.

459 2050 656 2114 Paulo
692 2052 831 2126 post
867 2044 1052 2119 longe
1094 2032 1471 2111 locupletior
1504 2032 1752 2108 vulgata
1780 2038 1875 2093 est
1907 2030 2104 2093 editio
2136 2032 2415 2108 Operum
2472 2032 2799 2111 Gregorii;
2828 2054 2968 2115 quae
3009 2057 3134 2102 non
3173 2044 3359 2106 modo
3378 2048 3607 2108 oratio-

380 2172 520 2229 nes,
554 2153 610 2216 si
644 2152 856 2213 minus
888 2158 1134 2213 omnes,
1172 2138 1394 2201 saltem
1451 2154 1669 2199 earum
1714 2142 1951 2214 partem
2014 2136 2402 2211 maximam;
2454 2154 2675 2199 verum
2727 2138 2915 2201 etiam
2954 2161 3133 2205 Lxxx
3187 2148 3512 2223 epistolas,
3546 2158 3607 2210 et

272 2328 275 2331 _
382 2254 695 2336 permulta
724 2248 1001 2315 carmina
1027 2242 1591 2320 complectebatur.
1629 2240 1817 2300 Anno
1849 2237 2085 2300 Christi
2117 2240 2275 2301 1550
2333 2239 2565 2317 prodiit
2608 2242 2894 2314 Basileae,
2951 2248 3314 2325 sumptibus
3345 2249 3607 2311 Joannis

380 2355 702 2435 Hervagii,
733 2354 950 2415 Graeca
982 2348 1088 2409 illa
1119 2346 1354 2417 editio;
1391 2361 1583 2423 quam
1618 2342 1933 2421 proxime,
1977 2341 2198 2403 eodem
2230 2342 2473 2404 scilicet
2504 2361 2696 2415 anno,
2733 2345 3070 2409 subsecuta
3110 2359 3204 2411 est
3240 2353 3605 2414 eorumdem

380 2475 645 2539 operum
696 2452 1010 2517 elaborata
1060 2447 1253 2511 variis
1300 2445 1376 2507 ab
1439 2442 1814 2506 auctoribus
1845 2442 2068 2503 Latina
2100 2442 2566 2522 interpretatio.
2609 2445 2827 2505 Exstat
2882 2449 2946 2507 in
2985 2448 3175 2525 Begia
3211 2450 3606 2513 Bibliotheca

378 2568 574 2643 hujus
609 2561 843 2622 Graecm
881 2551 1190 2617 editionis
1224 2549 1548 2627 exemplar
1582 2565 1723 2610 cum
1760 2546 1929 2606 nolis
1960 2546 2034 2607 ad
2069 2563 2240 2608 oram
2278 2546 2421 2608 libri
2476 2548 2753 2627 scriptis.
2816 2548 2884 2607 In
2929 2547 3040 2608 hac
3076 2548 3357 2611 editione
3392 2568 3607 2612 recen-

378 2666 743 2731 seturinter
776 2662 978 2741 Opera
1020 2653 1307 2734 Gregorii
1355 2652 1677 2731 tragoedia,
1727 2649 2013 2711 Christus
2041 2651 2306 2730 patiens,
2364 2669 2506 2730 qua:
2535 2652 2665 2731 jam
2699 2653 2797 2715 bis
2853 2652 3065 2716 Graece
3101 2655 3273 2732 prelo
3319 2657 3555 2717 exierat
3589 2676 3609 2715 :

378 2778 812 2847 Bomae,anno
862 2764 1044 2837 1542,
1096 2760 1281 2832 in-8°,
1321 2774 1435 2837 per
1481 2756 1832 2819 Antonium
1889 2756 1925 2815 B

2059 2773 2149 2815 λιιι
2207 2755 2604 2830 Asulanum;
2653 2763 2713 2819 et
2773 2757 3039 2820 Lovanii
3092 2775 3262 2820 anno
3292 2760 3465 2831 151th,
3503 2778 3606 2838 per

376 2877 725 2953 Butg‘erum
758 2867 1100 2931 Rescium:
1140 2863 1481 2942 utriusque
1529 2860 1839 2922 editionis
1893 2858 2086 2938 hujus
2136 2860 2454 2937 tragoedia)
2502 2877 2625 2922 non
2672 2859 2960 2921 meminit
2991 2861 3343 2923 Fabricius.
3368 2864 3609 2926 Eodem

376 2994 548 3040 anno
577 2974 779 3039 editio
811 2971 981 3032 Bladi
1018 2967 1282 3031 Parisiis
1316 2968 1378 3027 in
1423 2964 1669 3027 oﬂicina
1707 2963 2048 3026 Christiani
2085 2963 2370 3026 Vechelii
2401 2982 2615 3027 recusa
2653 2973 2771 3029 est.

454 3075 817 3141 Sententias
868 3079 929 3135 et
974 3071 1223 3148 regulas
1267 3070 1410 3130 vitae
1462 3086 1539 3130 ex
1587 3068 1878 3145 Gregorii
1920 3067 2304 3130 Nazianzeni
2348 3070 2603 3149 scriptis
2648 3070 2979 3138 collectas,
3037 3068 3286 3143 Grmce;
3319 3069 3607 3147 ejusdem

372 3175 620 3238 iambos
655 3171 927 3251 aliquot,
952 3170 1169 3231 Graece
1203 3166 1417 3240 etiam,
1452 3166 1667 3227 studio
1695 3167 1957 3229 Joannis
1982 3168 2303 3242 Sambuci,
2330 3169 2701 3251 Antuerpim
2734 3169 2795 3231 in
2820 3168 3022 3230 lucem
3047 3170 3255 3229 emisit
3289 3171 3606 3233 Plautinus

375 3295 544 3340 anno
580 3277 759 3347 1568,
798 3274 982 3336 in-8".

454 3380 578 3441 Nec
610 3393 757 3440 vero
793 3372 1319 3454 praetermittenda
1349 3373 1582 3437 Selecta
1603 3374 1878 3434 carmina
1906 3371 1978 3434 ab
2002 3374 2381 3452 Hieronymo
2448 3374 2743 3435 Brunello
2771 3375 2833 3435 S.
2870 3377 2926 3439 J.
2950 3375 3137 3450 edita,
3165 3393 3304 3438 cum
3335 3377 3608 3456 Georgio

372 3482 584 3545 Piside
617 3490 675 3543 et
711 3477 964 3557 Synesii
997 3494 1066 3539 ac
1102 3475 1445 3538 Clementis
1469 3472 1816 3536 Alexandri
1842 3473 2097 3549 hymnis
2127 3491 2143 3531 :
2178 3474 2393 3533 Romae
2435 3489 2601 3533 anno
2635 3475 2809 3546 1590,
2849 3472 3024 3535 in-8".

453 3580 753 3644 Addenda
814 3580 998 3640 etiam
1068 3582 1353 3655 poemata
1413 3574 1702 3654 quaedam
1769 3590 1802 3634 a
1864 3572 2104 3633 Davide
2167 3572 2558 3645 Hmschelio,
2638 3574 2934 3650 Lugduni
2994 3577 3363 3638 Batavorum
3439 3593 3608 3639 anno

374 3684 553 3755 1591,
602 3680 784 3753 ἱη-8ο,
827 3695 901 3739 ex
940 3673 1188 3737 oﬂicina
1232 3670 1820 3743 Plantiniana,cum
1859 3667 2221 3745 paraphrasi
2252 3670 2694 3746 Graeca,quam
2732 3671 3131 3735 Hmschelius
3173 3675 3401 3736 Nicetm
3441 3693 3602 3754 Opus

374 3798 519 3844 esse
554 3777 917 3841 arbitratur.

452 3881 767 3961 Denique,
814 3874 1083 3955 geminae
1130 3867 1418 3947 Gregorii
1474 3866 1539 3927 in
1592 3866 1917 3928 lulianum
1966 3865 2415 3944 imperatorem
2472 3866 2829 3942 invectiva,
2877 3873 3115 3950 Greece,
3161 3895 3303 3940 cum
3340 3879 3607 3941 seholiis

371 3986 639 4059 Graecis;
665 3981 948 4061 ejusdem
973 3976 1175 4037 oratio
1213 3974 1278 4034 in
1310 3970 1620 4048 Martyres
1653 3978 1706 4030 ει
1738 3981 1958 4030 contra
1988 3969 2298 4037 Arianae;
2344 3970 2561 4032 decem
2604 3987 2782 4032 novae
2806 3976 3113 4054 ρμίειοιερ,
3154 3987 3605 4042 testamentum

371 4083 936 4169 Gregoriizomnia
971 4100 1047 4144 ex
1092 4079 1487 4143 Bibliotheca
1520 4078 1782 4140 Henrici
1837 4077 2053 4139 Savilii
2101 4077 2264 4139 edita
2306 4086 2457 4139 sunt
2499 4080 2754 4155 Etonaa,
2806 4081 2990 4146 in-lr'.
3026 4104 3192 4150 anno
3233 4090 3411 4161 1610,
3456 4106 3606 4151 cura

371 4201 432 4257 et
458 4191 669 4255 studio
692 4191 764 4252 Β.
790 4189 1119 4264 Montagu,
1152 4183 1319 4262 typis
1350 4181 1617 4245 Joannis
1646 4182 1912 4241 Norton.

1686 4282 2014 4344 Editiones
2058 4284 2315 4345 Latina'.

446 4396 734 4477 Gregorii
767 4391 1149 4454 Nazianzeni
1182 4388 1480 4463 carmina,
1521 4390 1598 4450 ad
1631 4388 1793 4451 bene
1819 4389 2126 4468 beateque
2157 4390 2496 4453 vivendum
2530 4392 2897 4462 utilissima,
2923 4391 3141 4454 Latine
3167 4437 3182 4466 ,
3213 4411 3291 4454 ex
3322 4394 3604 4458 editione

366 4504 511 4566 Aldi
546 4501 810 4563 Manutii
850 4495 1117 4559 Romani
1150 4501 1207 4557 et
1238 4494 1400 4556 Petri
1436 4492 1695 4556 Candidi
1731 4493 2047 4555 monachi.
2089 4494 2405 4568 Venetiis,
2433 4496 2632 4557 Aldus
2661 4496 3009 4569 Manutius,
3044 4493 3233 4563 in-Ii",
3272 4497 3445 4555 15οίι.

445 4610 631 4667 Anno
669 4601 847 4669 1508,
877 4600 1092 4662 decem
1136 4595 1425 4675 Gregorii
1485 4597 1833 4669 orationes,
1874 4614 1951 4658 ex
1987 4615 2199 4659 earum
2235 4615 2506 4662 numero
2537 4618 2696 4680 quas
2733 4618 2764 4661 a
2800 4597 3026 4660 Ruﬁno
3070 4596 3289 4658 Latina
3333 4596 3603 4659 redditas

364 4704 900 4780 ferunt,'vulgataa
935 4705 1083 4763 sunt
1114 4699 1543 4777 Argentorati,
1602 4715 1745 4760 cum
1804 4699 2014 4777 ipsius
2076 4701 2451 4766 Prmfatione
2489 4705 2563 4764 ad
2604 4702 3069 4782 Apronianum,
3132 4717 3240 4777 per
3294 4701 3600 4762 Joannem

361 4808 737 4870 Knobauch.
759 4807 868 4874 Hm
889 4810 1037 4867 sunt
1065 4804 1408 4878 orationes,
1436 4806 1584 4865 olim
1614 4821 1656 4875 ι,
1682 4821 1919 4876 xn,xv,
1941 4823 2097 4876 xvu,
2121 4824 2353 4879 xxvm,
2384 4827 2620 4883 xxxm,
2645 4823 2927 4879 xxxvm,
2956 4820 3188 4876 xxxrx,
3222 4822 3396 4877 xuv,
3426 4822 3484 4864 ι..

439 4912 677 4975 Eodem
709 4926 901 4983 anno,
936 4908 1088 4969 alias
1119 4917 1363 4987 septem
1398 4910 1744 4982 orationes,
1782 4911 2003 4973 Latine
2035 4931 2067 4974 a
2103 4929 2173 4973 se
2204 4916 2506 4989 redditas,
2533 4918 2840 4993 Augustae
2876 4910 3356 4972 Vindelicorum
3395 4909 3598 4975 ΟΕοο-

361 5010 727 5089 lampadius
761 5008 1068 5085 vulgavit.

439 5115 626 5174 Anno
666 5112 843 5177 1522,
879 5109 999 5169 alia
1046 5108 1463 5186 quarumdam
1496 5111 1791 5190 Gregorii
1827 5113 2190 5176 orationum
2224 5114 2426 5176 editio
2470 5116 2699 5192 Lipsiae
2727 5111 2963 5194 prodiit
2997 5117 3167 5173 ιιι-δ’
3194 5130 3209 5170 :
3241 5115 3299 5170 at
3332 5108 3438 5171 illa
3467 5125 3593 5171 non

357 5214 571 5278 dill'ert
600 5213 678 5273 ab
724 5210 1279 5289 Argentoratensi.

435 5320 621 5378 Anno
659 5318 835 5385 1531,
871 5313 1217 5377 Bilibaldus
1256 5314 1763 5387 Pirkheimerus,
1796 5316 1911 5394 qui
1962 5316 2165 5378 tribus
2196 5325 2342 5378 ante
2383 5318 2571 5380 annis
2611 5318 2901 5397 Gregorii
2933 5316 3419 5397 Apologeticum
3477 5318 3602 5378 La-

356 5421 605 5482 tinitate
640 5420 941 5482 donatum
977 5417 1041 5481 in
1075 5421 1278 5482 lucem
1311 5419 1640 5491 emiserat,
1686 5419 1937 5495 triginta
1996 5428 2139 5482 Octo
2173 5421 2519 5495 orationes,
2549 5440 2710 5503 quas
2738 5425 2960 5488 Latine
2991 5430 3291 5495 verterat,
3336 5424 3602 5486 Basilem

358 5521 533 5599 prelo
571 5522 935 5600 supposuit.
969 5523 1252 5586 Necdum
1312 5524 1460 5583 inde
1505 5524 1841 5597 exierant,
1899 5542 2041 5587 cum
2096 5542 2264 5589 mors
2317 5527 2576 5590 abstulit
2629 5530 3083 5610 interpretem;
3148 5527 3333 5606 cujus
3393 5550 3423 5584 cr
3470 5545 3599 5589 non

357 5628 623 5685 mortem
665 5623 1146 5700 deplorandam,
1170 5627 1257 5687 ait
1280 5626 1609 5699 Erasmus,
1635 5620 1744 5687 sed
1768 5628 2122 5691 deflendam
2152 5631 2467 5707 publicam
2501 5632 2861 5695 studiorum
2890 5634 3227 5713 jacturam.
3260 5658 3290 5691 ι
3319 5632 3598 5711 Quippe.

354 5724 856 5799 Pirkheimerus,
889 5728 953 5786 ni
990 5726 1220 5789 festina
1274 5743 1443 5787 mors
1482 5726 1862 5802 obstitisset,
1924 5752 1953 5785 α
1984 5730 2293 5794 eximium
2348 5730 2723 5796 Christiana;
2761 5733 3187 5814 phiIOSOphim
3242 5748 3596 5815 praeconem

423 5893 498 5966 (α)
524 5893 644 5951 Cat.
676 5893 811 5950 Bibl.
846 5893 1001 5964 Reg,
1031 5902 1156 5950 tom.
1203 5893 1240 5963 Ι,
1274 5908 1390 5965 pag.
1419 5892 1545 5951 3w.
1579 5909 1631 5948 η.
1667 5890 1797 5948 204.
