3918 6492
288 453 349 510 13
1274 457 1644 516 ΡΒᾹΞῈΑΤΙΟ
1681 460 1835 517 GENI

1942 463 2090 520 ius.
2132 494 2202 508 -
2235 465 2417 523 esas
2455 465 2494 521 ι.
3422 481 3489 539 υ

280 575 629 653 Gregorium
673 575 1141 639 NaZianzenum
1176 577 1269 642 sic
1299 581 1518 644 Latine
1545 582 1908 662 loquentem
1952 586 2137 649 nobis
2172 610 2198 643 ι
2243 590 2507 651 daturus
2536 587 2785 666 fuisset,
2818 600 2887 655 ut
2922 596 3121 659 Gra‘aci
3155 604 3485 664 sermonis

275 694 451 742 sonos
485 692 669 738 nemo
724 677 1210 739 desideraturus
1260 679 1515 741 fuisset.
1569 684 1848 747 Joannes
1915 689 2165 761 Strauh,
2211 688 2499 750 Bilibaldi
2553 705 2770 767 gener.
2830 697 3163 760 translatas
3212 718 3495 766 asocero

272 793 380 840 suo
406 776 723 838 orationes
772 777 1051 840 edendas
1101 781 1343 840 curavit
1391 782 1649 844 Basileae
1684 802 1762 846 ex
1813 786 2062 848 oﬂicina
2096 788 2522 861 Frobeniana,
2574 808 2740 852 anno
2790 795 2967 856 1531.
3011 798 3319 874 Editioni,
3351 819 3496 880 qua;

274 881 519 958 plurima
555 882 674 943 alia
711 880 999 958 Gregorii
1046 899 1237 961 Opera
1268 888 1733 966 complectitur,
1764 892 2013 969 praeﬁxa
2044 900 2139 954 est
2172 892 2650 971 elegantissima
2680 896 2926 959 Erasmi
2961 900 3229 978 epistola
3269 902 3335 965 in
3367 922 3490 985 qua

271 979 468 1044 laudes
516 982 880 1060 interpretis
921 984 1361 1060 prosequitur.

334 1087 512 1147 Anno
541 1084 860 1165 sequenti,
888 1085 1196 1148 Claudius
1231 1089 1576 1153 Chevallon
1610 1093 1867 1155 Parisiis
1920 1096 2201 1173 vulgavit
2266 1096 2558 1174 Gregorii
2611 1096 2992 1161 Nazianzeni
3059 1116 3489 1181 cognomento

267 1188 552 1266 Theologi
585 1188 907 1250 orationes
940 1206 1213 1266 xxxvm,
1252 1200 1578 1269 tractatus,
1611 1215 1944 1260 sermones
1978 1207 2034 1261 et
2071 1200 2269 1261 libros
2307 1200 2548 1279 aliquot
2579 1201 2826 1275 Latine,
2851 1201 3161 1266 Bilibaldo
3190 1206 3487 1269 Pirkhei-

266 1303 457 1355 mero,
494 1286 723 1348 Rutino
764 1289 1159 1370 presbytero,
1204 1302 1264 1358 et
1305 1300 1484 1361 Petro
1522 1302 1875 1364 Mesellano
1911 1304 2394 1379 interpretibus,
2420 1323 2498 1365 ex
2540 1305 2826 1367 editione
2868 1309 3134 1369 Joannis
3166 1309 3394 1374 Straub
3426 1323 3489 1375 et

263 1391 556 1453 Desiderii
606 1392 873 1454 Erasmi.
912 1395 1116 1476 Hujus
1152 1400 1526 1465 Parisiensis
1565 1406 1863 1467 editionis
1899 1409 2044 1468 anni
2081 1406 2234 1467 1532
2265 1424 2389 1467 non
2428 1405 2677 1468 videtur
2708 1407 3081 1470 meminisse
3110 1410 3474 1476 Fabricius.

327 1495 519 1557 Aliam
556 1514 724 1558 anno
754 1498 905 1559 1550
940 1500 1288 1582 Volfangus
1321 1507 1679 1582 Masculus,
1710 1510 2004 1579 Basileae,
2047 1508 2215 1587 apud
2256 1510 2579 1569 Joannem
2613 1508 3024 1586 Her-vagiam,
3063 1510 3311 1587 praeﬁxa
3342 1514 3486 1592 epi-

261 1600 400 1663 stola
437 1605 894 1680 nuncupatoria
928 1605 1313 1683 Augustanaa
1344 1609 1715 1685 reipublicae
1764 1610 2079 1688 praefectis
2133 1609 2538 1679 consulibus,
2598 1606 2897 1669 adornari
2955 1610 3203 1671 curavit
3256 1610 3488 1674 editio-

261 1721 410 1779 nem,
447 1722 591 1785 quae
620 1706 839 1768 Latine
870 1707 1128 1771 exhibet
1174 1712 1485 1791 quidquid
1526 1714 1742 1775 Graece
1805 1712 2252 1793 complectitur
2287 1712 2486 1773 editio
2537 1710 2826 1790 ejusdem
2879 1711 3028 1771 anni
3062 1711 3229 1789 apud
3294 1729 3483 1774 euma-

258 1809 383 1871 dem
415 1811 803 1888 Hervagium
833 1835 847 1885 ;
883 1816 1125 1879 scilicet
1156 1837 1405 1882 xxxvm
1435 1821 1757 1884 orationes
1787 1841 1816 1885 a
1850 1822 2297 1884 Pirkheimero
2337 1820 2561 1882 Latine
2595 1818 2894 1893 redditas,
2933 1817 3257 1879 orationes
3289 1819 3484 1897 quin~

256 1927 365 1990 que
399 1913 473 1973 de
504 1912 860 1992 Theologia
891 1935 922 1978 a
968 1920 1146 1982 Petro
1187 1924 1561 1996 Mosellano,
1612 1933 1887 2004 quatuor
1929 1933 2141 1988 autem
2191 1926 2269 1988 ab
2316 1925 2455 2002 ipso
2508 1921 2830 1990 Musculo,
2866 1935 3093 1993 nempe
3124 1936 3167 1986 ι,
3197 1937 3330 1983 xu.
3357 1937 3486 1981 xm

256 2020 308 2073 et
342 2033 543 2086 nvu;
600 2014 854 2078 demum
894 2017 1287 2094 tragmdiam,
1322 2019 1605 2081 Christus
1634 2022 1909 2098 patiens,
1942 2040 2017 2083 ex
2060 2022 2353 2084 versione
2413 2017 2767 2083 Sebastiani
2827 2016 3235 2077 Guldebeccii
3289 2017 3483 2095 Tigu-

255 2112 382 2190 rini,
413 2123 472 2174 et
509 2115 631 2174 alia
674 2125 957 2193 poemata
1018 2134 1163 2179 cum
1213 2118 1738 2196 interpretatione
1769 2120 1915 2182 Aldi
1963 2122 2265 2183 Manutii.

316 2215 492 2275 Anno
533 2216 712 2286 1550,
749 2218 1098 2279 orationem
1147 2218 1225 2280 de
1261 2220 1652 2297 pauperibus
1703 2220 1994 2282 amandis
2035 2229 2095 2283 et
2138 2220 2536 2297 benignitate
2595 2215 3116 2294 complectendis,
3149 2234 3291 2279 cum
3324 2218 3481 2281 dua-

251 2314 352 2375 bus
378 2317 668 2393 Gregorii
701 2320 972 2397 Nysseni
1028 2322 1425 2384 orationibus
1468 2324 1754 2401 ejusdem
1817 2325 2204 2404 argumenti,
2240 2340 2315 2386 ex
2372 2321 2900 2401 interpretatione
2955 2321 3118 2382 Petri
3160 2323 3478 2384 Francisci

248 2418 365 2480 Zini
399 2422 601 2483 edidit
653 2424 907 2485 Parisiis
945 2428 1372 2499 Vascosanus,
1408 2428 1598 2490 ἱη-ῐιο.

312 2524 490 2587 Anno
524 2526 707 2599 1569,
743 2528 975 2604 prodiit
1011 2530 1267 2593 Parisiis
1299 2531 1464 2608 apud
1501 2530 1842 2593 Claudium
1891 2533 2125 2611 Fremy
2166 2531 2370 2612 prima
2422 2529 2709 2609 Operum
2744 2521 3055 2599 Gregorii,
3096 2524 3392 2584 adornata
3442 2542 3477 2584 a

244 2632 455 2695 Iacobo
490 2634 683 2695 Billio
708 2637 973 2697 Prunaeo
1001 2633 1210 2696 Sancti
1260 2635 1590 2697 Michaelis
1627 2635 1692 2696 in
1751 2653 1964 2697 eremo
1999 2636 2250 2709 abbate,
2286 2633 2512 2705 editio,
2569 2631 2705 2691 sive
2758 2625 3220 2700 interpretatio.
3279 2626 3469 2687 Aliud

245 2733 394 2793 enim
428 2742 523 2795 est
559 2733 782 2808 editio,
819 2733 989 2796 aliud
1051 2735 1509 2811 interpretatio.
1559 2734 1626 2797 Id
1688 2735 1889 2798 sensit
1944 2737 2082 2815 ipse
2117 2735 2367 2807 Billius,
2407 2733 2772 2809 librumque
2822 2742 3008 2787 suum
3080 2725 3405 2805 inscripsit
3457 2748 3474 2788 :

244 2833 519 2913 Gregorii
552 2835 757 2913 Opera
812 2856 973 2899 nova
1014 2838 1425 2902 translatione
1460 2840 1710 2913 donata,
1766 2847 1915 2913 etc.,
1958 2858 2100 2903 cum
2155 2836 2625 2903 commentariis
2693 2832 2930 2894 Nicetae
2984 2830 3291 2903 Serronii,
3352 2836 3474 2893 etc.,

242 2930 358 2991 Non
393 2949 511 2993 una
553 2950 734 2995 nevae
767 2934 959 3014 hujus
1001 2936 1543 3015 interpretationis
1582 2937 1703 3000 fuit
1738 2938 1958 3000 editio.
1993 2939 2111 3000 Vel
2160 2937 2299 3016 ipso
2351 2950 2520 2996 anno
2554 2931 2845 3007 sequenti
2883 2928 3113 3008 prodiit
3163 2928 3472 3001 Coloniae,

239 3032 599 3114 pluriesque
630 3035 932 3115 deinceps
967 3056 1185 3102 recusa
1222 3047 1337 3101 est.
1376 3041 1466 3102 De
1509 3042 1620 3104 hac
1670 3042 1986 3117 versione,
2023 3060 2165 3122 quae
2213 3038 2458 3103 caeteris
2510 3038 2698 3113 longe
2760 3040 3035 3112 praestat,
3089 3050 3235 3095 mox
3296 3033 3475 3111 plura

239 3134 534 3197 dicemus.

302 3247 435 3319 Quo
491 3250 785 3320 tempore
832 3237 1057 3302 Billius
1117 3241 1408 3319 Gregorii
1470 3242 1790 3322 Operibus
1836 3242 2062 3303 Latine
2102 3240 2424 3302 vertendis
2480 3233 2918 3307 incumbebat,
2974 3233 3471 3307 Leuvenk.aius,

236 3337 628 3402 hortantibus
660 3334 903 3412 amicis,
946 3337 1240 3400 eumdem
1283 3339 1559 3401 laborem
1610 3347 2017 3418 susceperat;
2077 3356 2354 3418 cumque
2391 3339 2469 3398 de
2503 3336 2673 3397 Billii
2742 3337 2956 3399 labore
3004 3337 3233 3399 certior
3269 3337 3472 3400 factus

236 3438 464 3514 fuisset,
506 3454 773 3503 manum
803 3436 881 3498 de
924 3434 1135 3497 tabula
1198 3436 1417 3499 tollere
1471 3438 1807 3515 cogitabat.
1866 3440 1947 3499 At
2013 3455 2087 3501 eo
2142 3438 2444 3514 deinceps
2505 3436 2677 3497 edito
2741 3430 3125 3498 sententiam
3177 3438 3471 3508 mutavit,

237 3557 364 3603 cum
395 3546 689 3605 cerneret
724 3556 791 3601 se
825 3554 1016 3618 quam
1048 3538 1242 3601 multa
1279 3556 1403 3603 non
1449 3541 1625 3619 prius
1657 3541 1815 3616 visa,
1849 3543 2090 3622 quibus
2120 3543 2431 3604 caruisset
2488 3539 2741 3612 Billius,
2775 3541 3215 3619 congessisse;
3270 3541 3467 3604 maxi-

237 3662 324 3708 me
353 3664 497 3709 vero
531 3646 711 3726 quod
746 3652 967 3706 nactus
1007 3647 1175 3702 esset
1206 3641 1361 3702 Elite
1402 3641 1724 3704 Cretensis
1785 3641 2255 3722 archiepiscOpi
2304 3642 2369 3702 in
2424 3641 2895 3702 Nazianzenum
2952 3642 3471 3717 commentarios,

233 3748 446 3826 quibus
476 3746 761 3809 ducibus
803 3743 880 3806 ad
913 3739 1232 3803 eruendas
1276 3741 1606 3803 abstrusos
1640 3742 1703 3802 in
1743 3742 2068 3821 plerisque
2116 3741 2272 3804 locis
2320 3738 2703 3801 Nazianzeni
2739 3755 2972 3801 sensus
3023 3740 3115 3801 uti
3173 3758 3243 3803 se
3281 3758 3474 3819 posse

233 3864 440 3926 magna
468 3867 619 3911 cum
655 3846 926 3909 utilitate
973 3844 1330 3918 conspexit.
1362 3848 1670 3909 Praeterea
1718 3847 1971 3925 egregia
2023 3847 2399 3923 scriptorum
2431 3841 2817 3904 Nazianzeni
2870 3841 3279 3919 exemplaria,
3327 3844 3473 3921 qui-

232 3947 335 4010 bus
367 3967 527 4011 usus
569 3952 691 4018 est,
727 3945 1027 4019 celebrat,
1066 3945 1229 4007 inter
1259 3962 1402 4024 qum
1437 3948 1568 4009 duo
1605 3946 1876 4008 summis
1908 3946 2090 4009 eﬂ‘ert
2147 3946 2487 4018 laudibus;
2532 3943 2805 4005 alterum
2855 3938 3180 4008 Choniatm
3209 3947 3471 4006 Acumi-

232 4050 346 4111 nali
386 4066 585 4111 manu
616 4046 955 4124 scriptum;
994 4049 1261 4111 alterum
1300 4050 1483 4125 longe
1525 4052 1877 4130 antiquius,
1921 4051 2270 4112 litterarum
2315 4046 2622 4125 elegantia
2685 4055 3015 4122 praestans,
3066 4054 3127 4109 et
3174 4046 3470 4124 scriptio-

232 4155 318 4216 nis
342 4153 741 4232 integritate;
781 4159 951 4213 tanta
985 4156 1227 4219 scilicet
1259 4156 1585 4235 diligentia
1638 4150 1989 4226 exaratum,
2023 4155 2274 4217 nullum
2316 4160 2385 4215 ut
2423 4152 2486 4212 in
2527 4167 2604 4213 eo
2635 4147 2899 4209 verbum
2937 4164 3261 4225 perperam
3301 4148 3466 4227 seri;

231 4269 386 4340 plum
420 4262 800 4339 reperiatur.
843 4260 898 4320 ls
934 4258 1136 4320 codex
1168 4257 1504 4327 Basileam,
1540 4257 1649 4317 ubi
1688 4256 2038 4317 etiamnum
2080 4270 2311 4333 magna
2356 4251 2772 4314 veneratione
2811 4255 3199 4320 asservatur,
3239 4246 3466 4310 allatus

231 4365 494 4441 tempore
531 4358 787 4422 concilii
838 4356 1251 4428 Basileensis,
1290 4355 1593 4433 plurimas
1625 4354 1884 4417 exhibet
1921 4356 2229 4432 picturas,
2273 4354 2517 4433 hasque
2579 4352 2745 4413 inter
2776 4351 3131 4424 elegantem
3174 4351 3464 4429 Gregorii

228 4456 587 4541 imaginem.
623 4461 866 4521 Horum
901 4453 1430 4533 exemplariorum
1463 4470 1583 4532 cpe
1616 4452 1955 4529 depravata
1989 4452 2270 4532 plurima
2320 4469 2390 4513 se
2437 4447 2819 4516 correxisse,
2854 4454 2913 4509 et
2947 4447 3165 4508 mutila
3204 4446 3466 4526 integri-

229 4562 328 4620 tati
367 4560 733 4624 restituisse
764 4556 989 4621 asserit
1021 4553 1519 4616 Leuvenklaius.
1557 4551 1795 4613 Prodiit
1830 4551 1936 4613 illa
1974 4551 2173 4615 editio
2210 4549 2473 4612 Basilem
2502 4565 2669 4611 anno
2705 4549 2856 4610 1571
2897 4564 2975 4608 ex
3024 4546 3276 4610 ofﬁcina
3305 4550 3468 4611 Her-

228 4663 500 4738 vagiana,
533 4678 742 4741 eaque
788 4667 915 4722 tam
946 4653 1271 4717 diuturnis
1312 4652 1549 4732 vigiliis
1588 4652 1917 4731 tantisque
1961 4652 2139 4713 curis
2185 4649 2531 4721 elaborata,
2579 4653 2649 4709 ut
2684 4646 2747 4707 in
2811 4644 3013 4721 prima
3062 4644 3463 4723 libripagina

229 4753 345 4819 huic
369 4760 726 4822 inscribere
764 4774 892 4818 non
943 4751 1326 4815 dubitaverit
1361 4773 1380 4814 :
1415 4773 1446 4809 α
1486 4754 1614 4815 Nec
1645 4753 1947 4828 deinceps
1996 4750 2180 4813 aliam
2221 4748 2571 4827 exspectari
2609 4746 3093 4825 locupletiorem
3148 4764 3335 4825 posse
3381 4749 3460 4810 de

233 4862 521 4932 prooemio
556 4858 753 4920 lector
784 4856 1124 4935 intelliget.
1159 4877 1189 4912 ι
1224 4856 1383 4939 Num
1421 4856 1785 4920 Germanus
1815 4856 2131 4937 interpres
2163 4853 2308 4934 plus
2358 4869 2545 4933 aequo
2577 4851 2706 4913 sibi
2750 4852 3101 4930 indulgeat.
3133 4869 3209 4914 ex
3242 4852 3463 4917 dicen-

229 4960 314 5021 dis
339 4961 794 5026 declarabitur.
1190 5036 1205 5047 _

288 5058 761 5122 Leuvenklaius
794 5056 1138 5119 editionem
1182 5056 1248 5119 in
1286 5063 1412 5120 tres
1443 5059 1705 5122 omnino
1738 5059 2065 5123 distribuit
2098 5067 2303 5122 tomos
2360 5080 2379 5120 :
2427 5073 2705 5140 quorum
2742 5057 2987 5137 primus
3015 5059 3337 5123 orationes
3366 5079 3464 5124 xx

228 5176 352 5222 cum
383 5163 627 5224 Elianis
656 5162 1128 5224 commentariis
1158 5162 1464 5233 continet,
1529 5173 1828 5245 totusque
1864 5167 2070 5246 ipsius
2115 5168 2383 5231 debetur
2416 5166 2770 5238 industriae,
2803 5164 2913 5244 qui
2958 5184 3103 5228 eum
3137 5169 3216 5229 de
3239 5168 3459 5231 Graeco

228 5261 282 5320 in
311 5263 601 5324 Latinum
637 5276 999 5323 sermonem
1029 5261 1371 5323 transtulit.
1396 5264 1573 5326 Alter
1602 5267 1879 5345 reliquas
1910 5268 2232 5330 orationes
2263 5288 2480 5344 χχιιι,
2521 5280 2665 5335 cum
2700 5277 2994 5355 epistolis
3027 5286 3086 5340 et
3120 5281 3458 5357 poematiis

229 5364 519 5430 hactenus
551 5368 738 5431 editis
771 5365 1245 5446 complectitur;
1289 5383 1430 5446 quae
1458 5367 1719 5447 quidem
1756 5372 2028 5449 sumpsit
2065 5391 2141 5433 ex
2190 5374 2465 5437 Billiana
2518 5378 2828 5443 editione.
2866 5382 3032 5443 Huic
3070 5389 3241 5443 tomo
3288 5401 3457 5461 pree-

228 5465 622 5529 fatiunculam
657 5467 847 5530 Billio
885 5465 1297 5527 honorificam
1334 5468 1621 5545 prteﬁxit,
1653 5468 1883 5549 hisque
1924 5472 2138 5534 verbis
2168 5492 2318 5535 eum
2359 5475 2711 5556 alloquitur
2741 5499 2760 5537 :
2804 5502 2830 5534 α
2865 5480 3267 5560 Quapmpter
3298 5484 3456 5547 mihi

228 5568 513 5641 polliceor
544 5578 602 5634 te
639 5571 844 5633 virum
875 5570 1224 5650 sapientem
1256 5586 1326 5633 ac
1351 5571 1607 5634 doctum
1649 5577 1954 5653 Optimam
1994 5579 2055 5639 in
2090 5587 2325 5657 partem
2366 5583 2707 5646 consilium
2745 5595 3031 5646 nostrum
3067 5588 3453 5667 interpreta—

228 5671 448 5730 turum.
488 5672 683 5734 Debet
721 5671 891 5733 enim
938 5670 1187 5744 abesse,
1214 5687 1357 5732 cum
1390 5671 1563 5732 omni
1596 5671 1673 5735 ab
1717 5674 2049 5738 hominum
2093 5696 2354 5755 genere,
2412 5688 2543 5744 tum
2598 5702 2631 5745 a
2697 5684 2987 5751 litteratis
3046 5690 3451 5767 potissimum

228 5767 485 5873 invidia;
520 5777 757 5856 quibus
794 5793 938 5840 esse
972 5774 1131 5836 nihil
1163 5774 1487 5855 antiquius
1523 5794 1631 5856 par
1658 5786 1773 5854 est,
1806 5799 1996 5862 quam
2062 5792 2131 5846 ut
2161 5793 2222 5848 et
2256 5787 2379 5864 ipsi
2408 5788 2712 5865 juvandte
2749 5793 2898 5855 totis
2937 5793 3182 5855 viribus
3216 5795 3437 5873 reipu-

228 5866 393 5935 blicae
421 5874 737 5955 studeant,
773 5884 961 5976 [εις.
999 5876 1125 5940 Sua
1152 5875 1647 5943 Leuvenklaium
1680 5894 1825 5961 spes
1856 5881 2081 5949 fefellit
2116 5907 2130 5945 :
2168 5903 2310 5950 nam
2362 5890 2523 5954 male
2561 5900 2655 5956 est
2694 5914 2725 5957 a
2764 5896 2957 5963 Billio
3009 5894 3287 5975 habitus,
3313 5866 3454 5961 eta
