3926 6410
444 427 517 487 {5
1459 416 1825 474 PREFATIO
1864 415 2274 471 GENERALIS.
2314 445 2385 459 --
2420 413 2598 472 PARS
2636 416 2676 470 Ι.
3611 419 3681 474 16

441 541 733 606 Billianm
777 534 1317 616 interpretationis
1363 534 1514 594 anni
1568 532 1721 594 1583
1779 532 2246 593 Pax-isicnsibus
2284 531 2657 603 editoribus,
2698 535 2827 591 tum
2864 529 2927 589 in
2975 527 3374 607 praefatione,
3433 537 3566 593 tum
3614 534 3677 596 in

443 644 636 717 notis,
675 643 739 703 in
780 641 1017 721 quibus
1050 639 1427 717 plerumque
1458 635 1812 697 acrioribus
1850 636 2063 695 verbis
2116 634 2409 713 repulsus
2446 642 2504 693 et
2539 633 2892 711 increpitus
2925 636 3043 692 est.
3076 633 3146 692 ln
3173 636 3424 694 tertium
3475 642 3535 695 et
3574 636 3679 698 ul-

438 747 673 810 timum
716 752 980 815 tomum,
1015 766 1044 801 α
1078 740 1192 821 qui
1232 748 1424 814 totus,
1460 763 1488 797 ››
1530 741 1742 819 inquit
1779 738 2275 813 Leuvenklaius,
2310 738 2591 799 «itidem
2625 747 2845 799 noster
2878 743 2993 808 est,
3028 753 3180 797 rea
3215 736 3403 799 refert
3443 738 3687 817 Grego-

442 849 519 908 rii
556 853 867 927 poemata.
906 864 1047 925 qua:
1088 845 1398 907 hactenus
1460 863 1590 907 non
1644 852 1823 907 erant
1874 843 2017 905 luce
2064 844 2318 905 donata.
2386 845 2689 904 Prmterea
2746 843 2979 902 Nicetze
3023 842 3553 902 commentarium
3616 844 3679 907 in

440 946 731 1024 Gregorii
771 947 1151 1019 sententias,
1183 952 1305 1005 tam
1338 943 1666 1023 quaternis
1722 960 1911 1022 quam
1950 942 2223 1019 singulis
2259 943 2552 1004 versibus
2591 941 2897 1013 inclusas,
2931 942 3185 1021 adjecit,
3238 951 3297 1005 et
3353 948 3680 1024 egregium

426 1049 626 1111 vPselli
663 1048 1007 1111 Christiani
1043 1050 1409 1128 phiIOSOphi
1453 1051 1530 1111 de
1563 1049 1915 1110 diﬂicilium
1947 1048 2345 1109 Nazianzeni?
2382 1049 2662 1110 locorum
2712 1048 3041 1111 intellectu
3076 1050 3305 1113 librum
3359 1072 3383 1131 :g
3425 1052 3681 1115 demum

424 1146 752 1227 dialogos,
784 1168 947 1227 quos
980 1151 1253 1212 Caesarie
1285 1151 1446 1213 falso
1490 1152 1799 1228 ascriptos
1836 1168 1915 1212 ne
1971 1150 2230 1229 quidem
2264 1150 2650 1229 suspicatur.

515 1249 732 1311 Julius
772 1250 1093 1311 Gabrielis
1132 1252 1512 1329 Eugubinus
1549 1260 1673 1314 tres
1702 1253 1997 1330 Gregorii
2030 1255 2377 1328 orationes,
2411 1253 2655 1314 scilicet
2687 1254 2745 1314 1°
2775 1250 3270 1330 Apologeticum,
3299 1251 3362 1312 2°
3396 1253 3487 1313 De
3516 1272 3680 1313 amo-

438 1369 504 1411 re
534 1369 675 1431 erga
711 1370 1037 1431 pauperes,
1077 1354 1136 1412 3"
1170 1352 1243 1413 In
1275 1352 1540 1413 natalem
1594 1352 1751 1414 diem
1781 1354 2137 1416 Saluatoris
2166 1355 2393 1426 nostri,
2450 1354 2672 1416 Latine
2716 1354 2992 1415 redditas
3041 1352 3242 1415 edidit
3280 1370 3446 1416 anno
3505 1357 3679 1444 1573,

438 1454 835 1532 Antuerpite,
872 1456 1037 1533 typis
1080 1455 1519 1530 Plantinianis,
1556 1456 1717 1516 in-8°
1752 1478 1767 1516 :
1809 1474 1970 1535 quas
2007 1458 2193 1520 etiam
2249 1456 2537 1527 scholiis,
2597 1458 2735 1519 sive
2777 1454 3255 1518 commentariis
3308 1455 3676 1520 illustravit.

440 1555 703 1615 Addidit
749 1565 1045 1633 praeterea
1105 1556 1599 1617 emendationes
1647 1574 1721 1619 ex
1780 1557 2001 1618 multis
2043 1556 2501 1619 vetustissimis
2557 1571 2629 1616 ac
2676 1555 3138 1633 probatissimis
3197 1559 3677 1634 exemplaribus

441 1663 653 1720 erutos
707 1658 770 1717 in
801 1659 1011 1720 Graeca
1044 1661 1257 1722 omnia
1288 1661 1579 1740 Gregorii
1627 1680 1849 1740 Opera,
1881 1680 2023 1742 qua;
2053 1663 2336 1723 editione
2378 1660 2643 1721 Basileaa
2676 1660 2829 1721 anni
2863 1662 3018 1723 1550
3049 1662 3478 1725 continentur.
3513 1664 3676 1725 Prai-

444 1760 563 1821 1ixa
607 1768 704 1822 est
746 1765 1210 1841 nuncupatoria
1247 1766 1533 1827 Antonio
1564 1766 1800 1827 Carafm
1844 1767 2150 1827 canlinali
2189 1767 2487 1845 epistola.

520 1866 791 1929 Billiana
828 1868 1037 1929 versio
1072 1869 1303 1931 iterum
1358 1870 1622 1932 Parisiis
1656 1872 1819 1950 apud
1858 1870 2204 1933 Nivellium
2266 1876 2330 1932 et
2372 1868 2707 1931 Nicolaum
2753 1866 3118 1942 Chesneau,
3160 1889 3327 1934 anno
3362 1873 3537 1945 1583,
3599 1891 3674 1935 ex

444 1968 725 2029 secunda
764 1968 1439 2045 Billii.recognitione,
1474 1969 1587 2049 qui
1627 1970 1804 2048 operi
1841 1970 2226 2032 immortuus
2264 1977 2359 2033 est
2400 1992 2415 2031 :
2455 1987 2679 2032 verum
2718 1968 2967 2030 auctior
3017 1971 3125 2033 ilia
3160 1981 3350 2051 atque
3384 1977 3680 2036 emenda-

442 2075 563 2135 tior
595 2091 810 2136 recusa
843 2081 937 2136 est
982 2091 1127 2136 cura
1160 2081 1220 2135 et
1251 2074 1466 2135 studio
1510 2074 1931 2149 Genebrardi,
1997 2077 2110 2155 qui
2173 2093 2309 2137 eam
2357 2074 2668 2153 Gregorio
2719 2072 2871 2133 XIII
2950 2074 3246 2138 Pontiﬁci
3308 2078 3563 2140 dicavit.
3605 2078 3678 2140 In

436 2180 599 2241 duos
629 2180 925 2241 distincta
976 2186 1073 2240 est
1108 2184 1336 2252 tomos,
1380 2188 1641 2259 propter
1674 2198 1903 2243 novam
1942 2182 2366 2258 plurimorum
2406 2181 2711 2241 librorum
2744 2177 3201 2240 accessionem.
3234 2179 3568 2240 Accessere
3596 2179 3679 2239 si-

433 2285 695 2361 quidem
737 2287 970 2348 Nicetae
1001 2286 1313 2358 Serronii,
1354 2285 1572 2359 Pselli,
1612 2287 1765 2348 Elite
1806 2287 2136 2352 Cretensis
2182 2286 2651 2359 commentarii,
2689 2282 2978 2365 epistolas
3032 2284 3372 2365 plusquam
3424 2291 3674 2346 centum

433 2392 926 2473 quinquaginta,
961 2400 1081 2454 tam
1122 2392 1356 2453 Graeca:
1391 2409 1579 2471 quam
1626 2394 1869 2456 Latina)

513 2496 706 2554 Anno
746 2494 927 2569 1753,
964 2495 1255 2559 Venetiis
1287 2500 1650 2577 sumptibus
1686 2502 1950 2564 Antonii
2017 2503 2188 2564 Zatta
2238 2501 2464 2565 Latine
2517 2501 2891 2581 prodierunt
2935 2492 3152 2557 omnia
3204 2489 3497 2567 Gregorii
3552 2487 3678 2549 Na-

435 2596 720 2657 zianzeni
753 2596 960 2675 Opera
996 2618 1071 2661 ex
1105 2602 1323 2663 eadem
1356 2604 1650 2665 versione
1690 2611 1749 2665 et
1786 2622 1930 2666 cum
1968 2605 2195 2667 iisdem
2229 2604 2706 2669 commentariis
2738 2610 2799 2665 et
2836 2597 3145 2669 scholiis;
3193 2592 3432 2674 quibus
3462 2606 3675 2653 acces-

434 2714 577 2759 sere
612 2699 837 2762 Latine
872 2707 1111 2763 tantum
1138 2720 1279 2783 quae
1314 2723 1349 2766 a
1386 2706 1624 2769 Jacobo
1650 2709 1862 2771 Tollio
1896 2714 1957 2771 et
1992 2710 2343 2773 Muratorio
2393 2716 2664 2789 utraque
2699 2708 2913 2784 lingua
2942 2702 3073 2784 jam
3108 2701 3275 2763 edita
3304 2698 3577 2769 fuerant,
3611 2696 3678 2755 ut

433 2802 652 2876 postea
682 2799 999 2863 dicemus.

1618 2907 1939 2969 Editiones
1995 2909 2509 2972 erco-Latinw.

510 3004 790 3067 Primum
817 3015 1155 3069 occurrunt
1182 3008 1473 3087 Gregorii
1506 3009 1889 3071 Nazianzeni
1951 3009 2226 3071 carmina
2268 3010 2344 3071 ad
2385 3009 2546 3069 bene
2594 3007 2906 3084 beateque
2938 3009 3282 3070 vivendum
3313 3005 3675 3079 utilissima,

434 3122 469 3164 e
510 3103 727 3167 Graaco
780 3106 843 3166 iu
904 3107 1195 3169 Latinum
1237 3109 1311 3169 ad
1367 3110 1627 3171 verbum
1684 3124 1987 3171 conversa
2028 3109 2104 3169 ab
2160 3108 2321 3169 Aldo
2392 3106 2678 3169 Manutio
2704 3107 3011 3183 Romano,
3060 3115 3119 3170 et
3170 3108 3452 3186 ejusdem
3510 3104 3677 3185 typis

433 3221 671 3269 excusa
701 3206 912 3268 Graece
947 3215 1008 3269 ot
1040 3206 1284 3281 Latine,
1327 3209 1644 3281 Venetiis,
1684 3224 1852 3271 anno
1885 3207 2063 3282 150’s,
2100 3208 2294 3269 ἱη-ἱιο.
2334 3205 2716 3268 Laudandus
2750 3205 2978 3281 Aldus,
3015 3208 3125 3286 qui
3170 3208 3409 3285 primus
3440 3216 3671 3286 partem

430 3308 707 3390 aliquam
744 3311 1035 3390 Gregorii
1075 3312 1427 3373 carminum
1495 3318 1743 3376 vertere
1784 3312 2082 3384 tentavit;
2136 3312 2429 3390 quamvis
2463 3309 2632 3373 enim
2666 3325 2877 3371 cressa
2922 3318 2983 3373 et
3021 3310 3361 3388 iueleganti
3394 3328 3463 3372 ea
3504 3316 3673 3372 veste

431 3412 793 3485 donaverit,
827 3412 1084 3474 donavit
1122 3421 1357 3489 tamen,
1392 3422 1453 3476 et
1478 3415 1633 3477 aliis
1669 3416 1829 3477 viam
1862 3416 2136 3494 aperuit.

506 3512 1113 3601 Gregoriioqumdam
1146 3520 1205 3575 et
1234 3520 1448 3575 sancta
1480 3516 1760 3577 carmina
1794 3532 1936 3577 cum
1961 3514 2226 3575 Joannis
2256 3514 2450 3592 Langi
2478 3514 2693 3577 Silesii
2725 3511 3273 3591 interpretatione,
3304 3518 3363 3571 et
3390 3509 3671 3588 ejusdem

360 3676 365 3682 ,
431 3614 623 3691 Longi
662 3624 947 3692 poemata
979 3614 1223 3691 aliquot
1259 3614 1617 3677 Christiana
1659 3637 1675 3676 :
1711 3617 1999 3687 Basileae,
2042 3618 2218 3689 1561,
2272 3619 2455 3690 in-8°,
2495 3635 2605 3695 per
2648 3618 2956 3677 Joannem
3003 3615 3385 3694 Oporinum.
3429 3614 3673 3675 Versus

428 3714 681 3773 Graecos
714 3714 952 3772 Latinis
992 3712 1254 3775 totidem
1291 3715 1581 3777 versibus
1615 3734 1741 3777 non
1780 3716 2252 3793 iuclegantibus
2288 3717 2492 3777 reddit
2523 3716 2862 3792 interpres.

508 3817 696 3872 Anno
730 3814 907 3885 1568,
950 3812 1269 3874 Henricus
1302 3814 1660 3891 Stephanus
1695 3815 1757 3875 in
1802 3815 2005 3877 lucem
2054 3815 2287 3889 emisit,
2320 3834 2464 3877 cum
2504 3814 2751 3894 Synesii
2791 3812 3069 3892 hymnis,
3098 3814 3384 3891 Gregorii
3410 3811 3675 3872 Nazian-

428 3912 574 3976 zeni
635 3914 784 3974 odas
846 3913 1089 3992 aliquot
1122 3912 1335 3972 Graece
1381 3918 1441 3971 et
1492 3913 1737 3987 Latine,
1780 3931 1857 3976 ex
1918 3914 2211 3976 versione
2266 3922 2325 3975 et
2372 3931 2515 3975 cum
2567 3914 2737 3975 notis
2786 3912 3098 3975 Francisci
3133 3916 3303 3975 Porti
3336 3934 3351 3974 :
3388 3910 3669 3979 Parisiis,

425 4012 726 4092 ili-2M0).

507 4112 747 4174 Ibidem
790 4128 955 4174 anno
992 4114 1169 4187 1570,
1218 4116 1501 4178 Joannes
1545 4118 1909 4179 Benenatus
1962 4117 2247 4195 vulgavit
2293 4117 2581 4196 Gregorii
2623 4116 3002 4179 Nazianzeni
3046 4116 3195 4178 odas
3240 4116 3476 4190 Greece,
3526 4131 3669 4175 cum

424 4215 649 4278 Latina
688 4216 1005 4287 versione,
1048 4217 1221 4279 in-8'
1272 4219 1377 4299 (ὁ).
1422 4221 1691 4297 Ibidem,
1734 4222 2021 4299 Gregorii
2069 4212 2450 4283 Nazianzeni
2482 4224 2620 4286 odaa
2646 4224 2890 4302 aliquot
2940 4221 3152 4280 Graece
3190 4225 3249 4279 et
3296 4218 3550 4290 Latine,
3590 4231 3677 4278 et

428 4318 723 4378 versione
767 4323 827 4378 et
863 4334 1005 4379 cum
1041 4318 1209 4380 notis
1242 4322 1563 4386 Francisci
1595 4322 1790 4393 Porti,
1822 4323 1989 4399 apud
2025 4322 2357 4384 Claudium
2393 4323 2753 4395 Morellnm,
2789 4321 2966 4393 1618,
2992 4318 3167 4380 in-2'+
3200 4320 3299 4397 (ο).

502 4416 827 4494 Opuscula
859 4417 1155 4493 quendam
1192 4426 1341 4483 tunc
1366 4424 1641 4499 primum
1678 4420 1741 4481 in
1773 4422 1976 4482 lucem
2005 4420 2198 4491 edita,
2229 4421 2481 4499 aliaque
2506 4422 2652 4482 item
2697 4418 2987 4481 versibus
3022 4418 3283 4485 reddita,
3318 4430 3669 4494 magnaque

424 4533 500 4579 ex
544 4525 715 4594 parte
751 4518 896 4597 Cyri
926 4518 1362 4598 Dadybrensis
1395 4520 1681 4600 episcopi
1715 4520 2187 4582 commentariis
2226 4520 2575 4591 illustrata’,
2611 4537 2755 4582 cum
2790 4518 3015 4597 praavia
3057 4518 3317 4595 epistola
3351 4516 3425 4575 ad
3460 4514 3670 4575 cardi-

421 4617 631 4681 nalem
660 4617 1001 4688 Sirletum,
1052 4617 1397 4699 interprete
1429 4621 1668 4682 Jacobo
1702 4620 1919 4695 Billio,
1953 4620 2139 4692 in-8°,
2176 4620 2352 4691 1575,
2380 4620 2664 4692 Parisiis,
2697 4620 2859 4700 apud
2898 4621 3206 4683 Joannem
3248 4620 3664 4679 Beuenatum.

502 4725 686 4783 Anno
736 4721 914 4795 1582,
961 4721 1191 4800 Lipsiae
1236 4721 1405 4799 typis
1448 4719 1713 4783 Joannis
1755 4718 2035 4780 Steiman
2078 4718 2311 4797 prodiit
2353 4720 2520 4781 in-8°
2550 4719 2660 4799 (d),
2711 4719 2913 4780 oratio
2958 4717 3245 4795 Gregorii
3286 4712 3667 4777 Nazianzeni

419 4825 506 4885 De
536 4825 884 4885 Pentecoste
920 4824 1137 4886 Greece
1171 4833 1231 4886 et
1266 4824 1510 4897 Latine,
1554 4840 1641 4885 er
1680 4822 1963 4884 editione
2001 4829 2061 4885 et
2086 4839 2225 4883 cum
2261 4822 2522 4885 scholiis
2561 4823 2823 4885 Matlhei
2859 4818 3177 4881 Dresseri.

499 4931 685 4992 Anno
718 4931 893 5002 1591,
926 4930 990 4990 S.
1036 4926 1325 5006 Gregorii
1368 4922 1755 4985 Nazianzeni
1790 4922 2196 4983 definitiones
2234 4940 2441 4984 rerum
2474 4923 2795 5000 simplices
2830 4922 3049 4982 incerti
3088 4916 3391 4986 auctoris,
3444 4922 3503 4975 et
3538 4913 3671 4973 Ma-

421 5031 578 5091 ximi
630 5030 923 5093 monachi
972 5027 1403 5095 detiuitiones,
1441 5024 1659 5084 Graece
1695 5027 1757 5082 et
1787 5021 2009 5081 Latine
2042 5038 2117 5081 ex
2153 5021 2452 5084 versione
2482 5022 2745 5084 Joannis
2783 5019 3218 5091 Leuvenklaii,
3258 5032 3334 5078 ex
3384 5015 3665 5079 editione

427 5138 490 5191 et
522 5149 661 5191 cum
698 5130 867 5192 netis
898 5128 1159 5191 Davidis
1188 5120 1540 5186 Hmscbelii
1582 5141 1597 5179 :
1631 5118 2097 5195 Heidelbergte,
2132 5136 2210 5181 ex
2256 5118 2501 5180 oﬂicina
2538 5121 3007 5181 Santandreaua
3034 5118 3193 5178 in-8'
3229 5116 3329 5195 (ε).

494 5232 680 5292 Anno
712 5231 890 5303 1596,
936 5228 1150 5290 Nonui
1184 5218 1706 5300 PanOpolitani...
1762 5224 1821 5279 et
1852 5218 1917 5280 S.
1949 5218 2240 5295 Gregorii
2273 5218 2650 5280 Nazianzeni
2681 5218 3068 5291 tetrasticha,
3118 5217 3410 5289 disticha,
3449 5232 3668 5277 mona—

416 5333 574 5394 stica
599 5335 877 5393 carmina
915 5346 1060 5393 cum
1098 5328 1393 5391 versione
1421 5325 1641 5386 Latina
1690 5342 1723 5385 e
1757 5323 2040 5400 regione,
2076 5340 2155 5386 ex
2204 5321 2730 5403 interpretatione
2776 5322 3044 5387 Erhardi
3077 5321 3462 5387 Hedeneccii
3498 5341 3514 5380 :
3549 5322 3667 5382 Ba-

416 5436 594 5497 silum
622 5433 699 5495 ad
736 5434 1087 5513 Lecythum
1123 5424 1725 5499 Valdkirchianum,
1753 5425 1889 5486 iri-8
1916 5422 2013 5503 (Ῑ.)

458 5646 562 5717 :(a)
597 5646 718 5701 Cat.
749 5645 862 5702 Bib.
904 5645 1059 5719 Reg,
1108 5656 1241 5704 tom.
1292 5647 1332 5715 I,
1381 5663 1501 5720 pag.
1547 5644 1672 5713 550,
1706 5644 1805 5703 sub
1835 5658 1986 5700 num.
2167 5647 2243 5716 (di
2268 5646 2424 5714 lliid.,
2452 5663 2504 5701 η.
2530 5644 2659 5720 2_08_.

412 5713 552 5774 502(
584 5787 615 5789 α
644 5787 651 5789 Α
680 5786 691 5789 Α
856 5787 879 5789 ξ
930 5788 953 5789 η
987 5713 1012 5719 ⁷
1047 5713 1053 5716 ’
1319 5713 1326 5715 “
1383 5713 1400 5719 ’
1455 5713 1478 5720 ⁷
2166 5713 2235 5789 (ρ)
2264 5720 2423 5789 ibid”
2459 5736 2511 5771 η.
2674 5724 2729 5774 et
2759 5730 2814 5773 n.
2843 5713 2973 5770 258.

482 5791 557 5857 (υ)
581 5786 737 5861 lbi«l_.,
767 5804 820 5841 n.
853 5787 977 5861 sos.

2165 5786 2229 5861 (f)
2262 5787 2415 5855 lbid.,
2454 5804 2507 5843 η.
2536 5787 2660 5842 230.

308 5899 335 5925 ρ,
448 5884 455 5905 .η
481 5863 553 5929 (c)
592 5859 747 5925 lbid.,
785 5876 837 5913 η.
868 5860 995 5915 ειη.
