3926 6410
234 375 299 431 17
1249 378 1616 435 ΡΒᾸΞΕΑΤΙΟ
1653 376 1784 436 GEN

1910 383 2054 439 ius.
2094 414 2164 424 -
2202 367 2461 443 pansa.
3393 385 3460 442 18

303 490 495 554 Anno
528 492 706 567 1608,
740 493 1025 571 Gregorii
1064 494 1446 557 Nazianzeni
1491 494 1860 570 Threnodia,
1893 515 2006 559 seu
2050 498 2415 579 poemation
2450 492 2905 576 eicgiacumde
2935 497 3130 560 animi
3168 498 3268 563 sui
3299 501 3458 564 aﬂ‘e-
3492 480 3495 481 ν

232 590 435 654 ctibus
461 598 522 651 et
555 592 857 663 miseriis,
887 592 1101 653 Greece
1128 599 1190 654 et
1238 593 1462 654 Latine
1493 614 1511 655 :
1538 593 1906 671 Ingolstadt,
1940 594 2138 655 Adam
2175 595 2491 666 Saturius,
2529 598 2703 674 1608,
2740 600 2921 662 iri-8".

303 694 494 751 Anno
538 691 717 781 1619,
776 690 1073 769 Epistula;
1102 694 1391 773 Gregorii
1422 695 1808 758 Nazianzeni
1839 719 1854 755 :
1889 696 2258 775 lngolstadt.
2318 696 2805 775 Elegantissime
2852 703 2982 764 haec
3026 708 3116 765 est
3148 704 3463 782 Epistola-

232 810 363 861 t'um
394 795 621 855 editio.

300 899 492 960 Anno
524 897 679 959 1658
707 896 939 975 prodiit
970 896 1156 970 liber,
1202 899 1305 960 cui
1339 898 1558 959 titulus
1610 898 1850 971 Ἐμπὺρε

1908 917 1972 953 ια
2020 901 2320 973 εὐσεϐείας,
2357 902 2530 963 varia
2562 919 2641 964 ex
2680 902 2970 965 Patribus
3001 880 3231 965 Graecis
3269 904 3458 967 colle-

228 1012 443 1085 ctanea
484 1002 820 1075 exhibens,
852 1008 1042 1081 atque
1071 1002 1237 1063 inter
1261 1020 1334 1063 ea
1380 1002 1722 1080 «Gregorii
1773 1003 2158 1065 Nazianzeni
2202 1004 2475 1066 carmina
2511 1003 2925 1085 quaedam...»
2972 1006 3201 1069 Omnia
3245 1008 3457 1071 Graace

228 1124 365 1168 cum
411 1106 905 1185 interpetatione
962 1102 1184 1163 Latina
1230 1108 1292 1161 et
1340 1117 1417 1161 ex
1466 1100 1746 1162 editione
1797 1102 2062 1163 Joannis
2105 1102 2369 1181 Gaspari
2400 1102 2639 1165 Suiceri
2676 1123 2692 1161 :
2726 1105 2969 1185 Tiguri,
3021 1106 3204 1171 Joan.
3237 1107 3453 1170 Jacob.

227 1212 606 1278 Bodmerus.
644 1211 822 1271 iri—1‘2.
850 1208 954 1288 (α).

2892 1217 2906 1235 δ

299 1318 490 1375 Anno
524 1314 700 1383 1696,
738 1313 815 1374 Β.
849 1306 1144 1386 Gregorii
1174 1305 1565 1366 Nazianzeni
1588 1304 1859 1385 theologi
1887 1306 2179 1369 Carmina
2209 1324 2436 1385 cygneo
2466 1305 2718 1368 inedita.
2757 1307 2905 1369 Haec
2937 1311 3354 1370 continentur
3387 1307 3456 1369 in

226 1419 413 1493 libro,
463 1419 564 1480 cui
598 1417 823 1478 titulus
855 1435 870 1475 :
904 1411 1129 1474 Jacobi
1160 1409 1354 1471 Tollii
1397 1410 1676 1488 insignia
1718 1412 1965 1471 itineris
2006 1410 2223 1472 Italici
2254 1431 2270 1470 :
2305 1410 2573 1489 Trajecti
2610 1409 2684 1470 ad
2715 1408 3034 1481 Rhenum,
3062 1411 3239 1480 1696,
3270 1408 3453 1470 in-lv.

300 1520 494 1580 Anno
527 1520 703 1589 1709,
738 1518 1039 1589 carmina,
1073 1518 1208 1578 sive
1255 1516 1702 1595 epigrammata
1735 1534 2016 1578 ccxxvm
2053 1518 2114 1579 S.
2152 1516 2442 1595 Gregorii
2483 1514 2860 1576 Nazianzeni
2899 1535 2915 1575 :
2948 1514 3224 1588 Patavii,
3269 1513 3457 1575 in-h".

226 1624 391 1685 inter
430 1623 751 1686 Anecdota
794 1622 1033 1696 Graeca,
1079 1639 1223 1701 quae
1268 1620 1586 1683 Antonius
1627 1622 2050 1697 Muratorius,
2087 1621 2264 1684 ducis
2305 1620 2567 1683 Mutinm
2607 1616 3160 1689 bibliothecarius,
3214 1616 3456 1696 publici

224 1723 382 1805 juris
410 1721 587 1784 fecit.

303 1830 495 1889 Anno
548 1828 727 1901 1716,
782 1825 1042 1889 collecta
1086 1826 1162 1888 D.
1212 1825 1506 1902 Gregorii
1559 1826 1942 1889 Nazianzeni
1992 1824 2268 1906 plurima
2318 1827 2607 1905 poemata
2657 1822 2721 1885 in
2768 1820 3061 1883 Latinum
3112 1833 3471 1906 conversa,

228 1938 483 1992 auctore
520 1928 834 2007 Dionysio
862 1927 1157 2004 Gaullyer
1195 1946 1211 1985 :
1253 1925 1535 1997 Parisiis,
1582 1926 1783 1985 in-12.

1356 2028 1686 2089 Editiones
1737 2029 1994 2108 Vulgari
2033 2047 2325 2092 sermone.

198 726 209 777 i

304 2138 647 2215 Qualrains
684 2138 1068 2199 sententious:
1112 2135 1183 2196 de
1220 2136 1287 2197 5.
1316 2135 1617 2213 Gre’goire
1654 2134 1725 2194 de
1770 2134 2114 2208 Nazianzc,
2147 2153 2288 2195 avec
2311 2152 2426 2195 une
2460 2133 2659 2195 briéve
2690 2130 3070 2211 exposition,
3102 2122 3353 2186 tournds
3390 2141 3461 2183 en

228 2260 356 2303 vers
376 2240 656 2322 francais
680 2258 799 2318 par
839 2240 1099 2318 Jucques
1135 2239 1206 2299 de
1238 2237 1446 2316 Billg:
1469 2238 1682 2312 Paris,
1715 2237 2067 2299 Guillaume
2094 2236 2492 2311 Chaudiéres,
2524 2238 2701 2309 1576,
2738 2234 2927 2297 in-8‘.

302 2342 481 2404 1693.
512 2341 847 2402 Orationes
879 2356 1103 2401 omnes
1150 2338 1389 2399 Gallico
1442 2337 1740 2398 idiomate
1774 2354 1972 2397 versa:
2004 2344 2151 2397 sunt
2191 2354 2301 2415 per
2338 2336 2669 2399 Nicolaum
2701 2326 3037 2405 Fonta‘ino,
3093 2333 3158 2389 ut
3203 2328 3462 2388 notatur

229 2444 291 2507 in
322 2443 522 2505 Catal.
552 2447 712 2522 Reg.
745 2442 906 2504 Bibl.
947 2440 1233 2511 Parisiis,
1261 2442 1302 2501 2
1334 2442 1461 2502 vol.
1496 2440 1679 2512 in-8°,
1714 2439 1879 2517 apud
1914 2441 2222 2500 Joannem
2258 2438 2533 2500 Pralard.

303 2544 481 2605 1735.
524 2543 825 2604 Geminus
874 2545 1197 2605 orationes
1240 2551 1456 2604 contra
1492 2542 1814 2604 Julianum
1845 2545 2265 2613 desertorem,
2318 2561 2351 2604 a
2392 2558 2461 2603 se
2506 2540 2747 2604 Gallice
2783 2538 3083 2607 redditas,
3115 2552 3259 2597 cum
3293 2533 3463 2596 notis

232 2645 514 2707 edendas
543 2644 786 2707 curavit
822 2644 1295 2706 ecclesiasticus
1329 2642 1962 2720 Grationopolitanus
1998 2642 2365 2719 :Lugduni,
2400 2642 2612 2715 in-12,
2647 2637 2812 2720 apud
2851 2634 3124 2713 Duplain

303 2745 481 2809 1767.
532 2744 755 2810 Oratio
784 2745 837 2819 1,
872 2744 1009 2807 sive
1040 2741 1506 2822 Apologelicus,
1544 2740 1780 2803 Gallice
1821 2755 1965 2803 cum
2003 2740 2170 2804 notis
2207 2741 2531 2816 :Parisiis,
2578 2740 2747 2821 apud
2785 2733 3178 2799 Ludovicum
3227 2731 3463 2811 Lotttc,

227 2847 432 2910 ιιι-12.

1115 2947 1196 3008 De
1232 2946 1497 3008 editione
1528 2945 2002 3009 Gnaeo-Latina
2042 2947 2390 3009 Parisiensi
2424 2948 2601 3010 1630.

300 3059 485 3120 Nunc
531 3056 607 3119 ad
637 3053 1185 3119 Graeco-Latinam
1225 3052 1600 3124 editionem,
1628 3068 1770 3129 quae
1800 3052 2086 3112 Graecum
2119 3051 2435 3128 Gregorii,
2474 3056 2535 3113 et
2570 3049 2855 3112 Latinam
2890 3047 3057 3110 Billii
3088 3048 3468 3128 interpreta-

232 3162 472 3224 tionem
509 3136 981 3237 complectitur,
1011 3156 1372 3217 veniamus.
1405 3155 1541 3215 Non
1578 3173 1698 3216 una
1733 3162 1829 3216 est
1858 3154 1991 3217 haec
2019 3154 2238 3218 editio.
2264 3154 2506 3216 Prodiit
2538 3152 2809 3232 primum
2830 3170 2997 3215 anno
3027 3154 3205 3225 1609,
3236 3150 3468 3213 deinde

227 3278 393 3324 anno
430 3262 610 3331 1630,
662 3256 947 3328 Parisiis,
990 3254 1273 3333 denique
1317 3253 1627 3327 Colonia),
1684 3253 1780 3315 vel
1834 3254 2045 3331 potius
2093 3254 2366 3332 Lipsiae;
2421 3271 2562 3332 qua)
2609 3253 2801 3317 editio
2846 3252 2924 3313 ab
2970 3252 3111 3313 aliis
3155 3250 3276 3312 hoc
3329 3248 3468 3311 solo
3544 3242 3549 3251 ’

229 3366 567 3443 discrepat,
609 3364 777 3443 quod
814 3360 1107 3439 pluribus
1138 3364 1371 3419 scateat
1409 3357 1683 3419 mendis.
1733 3358 1912 3419 Hanc
1943 3358 2273 3433 magniﬁce
2316 3356 2716 3419 commendat
2762 3354 3133 3417 Fredericus
3163 3351 3469 3415 Morellu:
3544 3345 3549 3349 ’

232 3488 261 3522 ι
288 3473 355 3527 ut
381 3484 416 3526 a
454 3480 786 3541 nunquam
813 3462 970 3522 satis
1006 3458 1263 3520 laudato
1307 3458 1493 3517 Billio
1530 3456 1872 3533 diligenter
1904 3458 2189 3520 collatam
2225 3474 2367 3519 cum
2404 3456 2614 3534 Regiis
2665 3472 2844 3530 mss.,
2873 3465 2933 3517 et
2970 3471 3111 3515 cum
3149 3453 3468 3515 Mediceis

230 3565 491 3644 Regina;
519 3564 761 3636 matris,
800 3580 1049 3623 necnon
1087 3580 1248 3641 quos
1284 3561 1759 3623 illustrissimus
1802 3561 2139 3622 cardinalis
2170 3561 2438 3623 Sirletus
2496 3581 2573 3624 ex
2624 3559 2801 3623 ltalia
2835 3557 3128 3631 miserat,
3186 3556 3468 3637 denique

225 3684 366 3730 cum
398 3666 623 3727 codice
662 3683 853 3743 quem
883 3663 1053 3725 ultro
1086 3654 1511 3725 commodavit
1543 3679 1633 3722 γη
1666 3662 2059 3723 clarissimus
2089 3663 2328 3723 Paulus
2363 3662 2686 3736 Petavius,
2716 3669 2907 3730 curiae
2938 3684 3249 3745 supremae
3282 3684 3469 3729 sena-

235 3774 333 3830 tor
368 3766 871 3845 integerrimns;
932 3764 999 3824 in
1050 3762 1231 3843 cujus
1267 3762 1407 3822 libri
1447 3776 1551 3821 ora
1587 3761 1918 3839 marginali
1953 3761 2269 3824 variantes
2299 3762 2556 3840 quidem
2589 3764 2921 3841 lectiones,
2974 3770 3369 3848 conjecturas
3410 3773 3473 3829 et

231 3872 716 3936 emendationes
745 3848 1268 3947 Billius‘Operosa
1302 3866 1644 3928 sedulitate
1674 3866 2106 3939 adnotaverat,
2141 3890 2171 3924 η
2204 3874 2329 3930 etc.
2363 3869 2511 3930 Haec
2543 3876 2602 3931 et
2625 3870 2744 3931 alia
2777 3870 2933 3931 mira
2965 3868 3280 3948 prmdicat.
3313 3870 3469 3929 Rem

238 3983 449 4036 tamen
494 3973 759 4052 prapius
794 3968 1301 4035 considerantes,
1337 3965 1522 4026 fidem
1557 3964 1790 4026 habere
1822 3965 2198 4028 detrectant.
2232 3967 2367 4028 Imu
2397 3967 2863 4030 Parisiensibus
2897 3967 3327 4049 typographis,
3356 3984 3478 4046 pro.

232 4076 539 4141 laudibus
574 4083 696 4136 tam
732 4076 1018 4149 impense
1045 4069 1292 4130 dilectm
1325 4068 1590 4129 editioni
1623 4067 1971 4143 concessis,
2014 4091 2042 4124 α
2067 4086 2175 4131 eos
2210 4070 2365 4132 nihil
2402 4071 2613 4132 minus
2646 4069 3038 4149 priestitisse,
3073 4087 3260 4148 quam
3302 4068 3481 4148 quod
3554 4058 3559 4141 ζ

237 4175 498 4253 polliciti
538 4183 713 4237 erant
749 4173 906 4252 (b),»
954 4193 985 4233 a
1033 4171 1423 4234 Montaculio
1454 4171 1772 4249 objectum
1808 4181 1924 4246 est,
1958 4173 2066 4250 qui
2101 4174 2469 4251 prmclarum
2512 4174 2794 4252 elogium
2838 4174 3061 4236 irridet
3113 4179 3174 4235 et
3209 4172 3477 4251 depellit

239 4276 325 4337 sic
371 4275 829 4354 prosequendo
866 4296 881 4334 :
918 4297 947 4331 α
975 4272 1305 4333 llebebant
1343 4272 1632 4346 fortasse,
1685 4272 1921 4335 habere
1971 4293 2122 4337 sane
2172 4282 2486 4353 poterant,
2530 4276 2787 4354 Regios,
2831 4274 3184 4352 Regineos,
3232 4272 3475 4334 Petavii

239 4378 455 4454 libros,
498 4380 737 4449 Sirleti,
765 4387 918 4453 etc.,
954 4378 1091 4450 sed,
1128 4384 1196 4437 ut
1230 4377 1335 4439 ille
1360 4378 1631 4457 Epicteti
1663 4378 2009 4452 lucernam,
2041 4381 2118 4442 ad
2149 4381 2668 4454 ostentationem,
2695 4397 2823 4443 non
2866 4379 2943 4442 ad
2973 4396 3158 4441 usum
3185 4400 3203 4454 ;
3235 4376 3474 4458 quippe

238 4482 340 4561 qui
371 4480 813 4541 deformarunt
846 4478 1044 4555 magis
1076 4477 1450 4554 Gregorium
1481 4496 1669 4555 quam
1703 4479 1908 4541 fuerat
1940 4481 2003 4541 in
2036 4481 2318 4544 editione
2355 4483 2577 4561 prima.
2610 4503 2640 4539 λι

309 4579 476 4653 Quid
515 4586 646 4638 tum
682 4578 1101 4651 Parisienses,
1152 4588 1208 4640 et
1244 4578 1531 4641 fortassis
1570 4581 1705 4659 ipse
1752 4583 2105 4646 Morellus?
2156 4566 2424 4665 ab‘ipsis
2467 4587 2850 4649 audiamus:
2884 4590 3056 4651 «Nec
3104 4588 3471 4658 molestum,

238 4700 349 4747 nec
380 4684 808 4762 injucundum
862 4685 1003 4755 tibi,
1047 4684 1294 4765 (lectori
1336 4685 1652 4767 φιλαληθεῖ)
1686 4688 1987 4765 inquiunt
2033 4688 2095 4750 in
2129 4690 2634 4769 praefatiuncula,
2666 4690 2718 4751 si
2754 4690 3059 4769 propositi
3087 4676 3479 4769 consiliique

238 4787 461 4859 nostri,
502 4804 576 4848 ac
629 4804 752 4847 non
802 4787 1015 4850 dubiae
1065 4789 1510 4851 destinationis
1552 4791 1617 4851 in
1657 4793 1731 4852 D.
1766 4793 2055 4869 Gregorii
2093 4794 2471 4855 Nazianzeni
2523 4793 2823 4872 Operibus
2870 4795 3083 4855 Grmce
3135 4801 3195 4858 et
3248 4795 3475 4857 Latine

244 4892 509 4954 edendis
549 4901 607 4955 te
645 4893 858 4969 paucis
894 4894 1337 4955 admonemus.
1373 4895 1473 4956 Sic
1506 4896 1703 4972 igitur
1742 4896 1996 4970 habeto,
2030 4914 2147 4957 nos
2185 4899 2247 4958 in
2280 4899 2496 4958 animo
2530 4897 2827 4959 habuisse
2862 4896 3051 4975 hujus
3089 4897 3469 4959 sanctissimi

242 5002 298 5055 et
354 4995 873 5069 eloquentissimi
934 4992 1236 5055 antistitis
1300 5012 1564 5073 operum
1618 4995 1906 5064 δίγλωττον
1979 4997 2324 5058 editionem
2378 4997 2635 5073 aggredi
2699 5014 2773 5057 ex
2830 4995 3047 5058 codice
3099 4996 3476 5057 Basiliensis

245 5090 507 5156 εκδόσεως
538 5095 686 5153 anni
724 5093 881 5153 1550
916 5090 1077 5169 apud
1125 5092 1536 5169 Hervagium,
1572 5112 1762 5172 quem
1812 5095 2205 5158 clarissimus
2250 5097 2347 5157 vir
2377 5097 2652 5157 Jacobus
2685 5096 2936 5170 Billius,
2977 5097 3311 5176 utriusque
3356 5097 3479 5157 lin-

246 5211 378 5272 guae
411 5196 872 5271 peritissimus,
911 5212 1052 5255 cum
1088 5196 1304 5273 Regiis
1337 5197 1670 5259 codicibus
1700 5198 1961 5260 Gallicis
2005 5207 2065 5261 et
2098 5217 2241 5260 cum
2274 5198 2512 5260 Italicis
2547 5208 2836 5261 accurate
2868 5200 3319 5263 contulerat....
3350 5200 3478 5259 Ve-

245 5317 375 5359 rum
413 5302 588 5361 enim
633 5300 938 5378 qlmniztm
969 5316 1090 5359 non
1123 5300 1361 5381 ubique
1385 5320 1526 5363 cum
1561 5303 1764 5381 ipsius
1796 5305 2017 5367 Latina
2051 5305 2575 5383 interpretatione
2600 5301 3061 5367 conveniebant
3096 5300 3232 5379 ejus
3264 5315 3479 5361 emen-

244 5403 531 5463 dationes
582 5410 642 5464 et
698 5402 978 5474 εἰκασμηί,
1020 5404 1346 5483 multaque
1376 5408 1453 5469 ab
1492 5408 1602 5469 illo
1637 5409 1794 5472 fuert

1928 5416 1977 5471 in
2029 5418 2205 5473 textu
2252 5412 2483 5485 deleta,
2537 5428 2680 5489 quae
2727 5409 2898 5472 idem
2941 5423 3161 5487 rursus
3211 5403 3478 5475 δευτέρων

244 5501 542 5574 ἀμεινόνων
581 5509 940 5585 reponendo
988 5508 1336 5574 ἀναπεισθεὶς
1381 5519 1752 5587 censuerat,

1927 5524 2117 5576 tontra
2162 5514 2507 5577 sustulerat
2553 5513 2619 5572 in
2665 5510 2883 5570 Latina
2922 5503 3477 5586 interpretatione,

248 5623 386 5685 qua
413 5610 475 5671 in
505 5610 742 5673 Graecis
785 5611 1002 5674 relicta
1049 5619 1269 5690 erant;
1308 5623 1552 5679 tantum
1591 5616 1714 5680 sibi
1747 5634 2074 5681 assumere
2108 5616 2314 5681 noluit
2357 5614 2691 5697 praefectus
2719 5610 3056 5687 διορθώσεσι,
3104 5609 3285 5697 υινᾱθ
3322 5602 3477 5668 tanti

321 5823 389 5893 (τι)
420 5824 538 5881 Cat.
575 5824 692 5883 Lib.
737 5824 866 5900 Reg.
911 5840 1039 5887 tum.
1073 5830 1112 5897 ι,
1145 5847 1196 5887 n.
1232 5828 1353 5885 2n.
1594 5802 1595 5805 γ

1594 5802 1595 5805 Ἴ
1879 5830 1951 5903 (ὁ)
1979 5829 2135 5902 Greg.
2170 5828 2325 5896 Νη..
2351 5829 2401 5883 in
2439 5826 2553 5884 Jul.
2572 5826 2768 5883 invect.
2796 5824 2929 5882 dum.
