3926 6410
406 364 476 427 19
1439 370 1809 431 ΡΒᾸΞΡΑΤΙΟ
1848 372 1956 430 GE!

2090 373 2250 430 ALIS.
2289 404 2359 416 -
2396 375 2571 435 PARS
2605 379 2643 435 Ι.
3572 394 3640 453 20

406 483 529 546 viri
559 499 756 565 opere
788 491 849 551 et
873 487 1125 562 ἀγχινοίᾳ
1155 492 1547 553 sententiam
1581 492 1814 566 ferret;
1846 491 2199 572 maluitque
2231 492 2309 556 de
2334 493 2449 556 hoc
2470 495 2595 557 sibi
2623 490 2858 559 tradito
2884 500 3266 580 exprimere,
3305 522 3376 568 ac
3409 505 3641 575 deinde

406 583 472 643 in
508 585 678 686 notis
709 604 779 649 ac
814 588 1077 652 scholiis
1109 587 1409 654 collectas
1444 591 1649 655 varias
1678 593 1989 655 lectiones
2022 601 2502 671 repraesentare,
2527 613 2795 676 quaeque
2826 602 3026 677 magis
3046 619 3189 666 cum
3221 606 3640 686 interpretum

407 682 698 747 oratione
730 688 1188 763 consentirent,
1240 691 1336 753 vel
1370 707 1513 753 cum
1547 692 1828 755 auctoris
1861 709 2058 755 sensu
2089 686 2627 769 convenirent,'in
2674 694 2829 759 locis
2858 700 3176 781 ambiguis
3201 682 3559 771 indicare.»

476 781 821 857 Quodnam
872 795 1083 850 autem
1120 789 1476 853 «traditum
1522 791 1709 865 illud,
1764 793 1845 855 de
1888 809 2018 874 quo
2072 792 2238 855 bona
2299 794 2420 856 ﬁde
2466 799 2839 862 correctioni
2891 802 3224 880 praefectus
3281 806 3640 882 exprimere

404 881 761 986 maluit?Si
792 888 1087 986 traditum
1115 890 1298 964 illud,
1333 894 1387 955 is
1426 902 1557 956 erat
1586 894 1966 957 emendatus
1997 914 2029 957 a
2055 896 2242 958 Billio
2275 896 2475 959 codex
2504 899 2696 976 probe
2728 903 2996 965 collatus
3027 912 3087 968 et
3111 907 3638 986 castigatissimus

403 976 769 1054 eﬂ‘ectus;»
834 1000 949 1045 cur
990 984 1066 1047 ad
1102 988 1337 1054 calcem
1394 992 1641 1072 rejectm
1682 991 1851 1052 Billii
1885 992 2239 1055 lectiones?
2294 996 2630 1059 Hominem
2662 1000 2899 1080 quippe
2929 1006 3171 1080 credas,
3222 976 3394 1089 quod
3447 1009 3635 1087 solet,

401 1085 1005 1196 quodque-prorsus
1047 1089 1153 1154 hic
1190 1094 1405 1172 operis
1439 1096 1899 1169 necessarium,
1932 1114 2060 1176 pra;
2104 1099 2401 1162 manibus
2439 1099 2745 1167 habuisse
2776 1107 2944 1171 Billii
2989 1085 3306 1192 quoddam
3346 1085 3637 1196 autograi-

402 1185 639 1299 phum;
673 1189 728 1250 si
761 1187 977 1252 minus
1014 1214 1044 1249 σι
1070 1197 1658 1299 castigatissimum,
1685 1222 1713 1255 ιο
1752 1207 1814 1262 at
1848 1218 1881 1262 e
1917 1217 2046 1299 quo
2077 1201 2352 1279 diligens
2385 1204 2611 1267 saltem
2647 1214 2710 1269 et
2742 1219 2964 1273 acutus
2997 1185 3422 1295 t-ypographus
3455 1185 3639 1299 expe-

398 1290 535 1357 dire
558 1309 629 1354 se
665 1300 992 1375 utcunque
1030 1302 1268 1372 posset.
1301 1294 1421 1357 Sed
1455 1306 1753 1358 neutrum
1788 1298 2036 1375 uspiam
2081 1298 2345 1361 afﬁrmat
2386 1300 2860 1369 Genebrardus.
2900 1290 3104 1388 Igitur
3139 1290 3571 1380 «isi-traditum
3598 1341 3631 1379 ι

400 1395 558 1459 illud
592 1397 751 1461 nihil
796 1407 890 1462 est
936 1402 1059 1463 nisi
1096 1404 1489 1481 Hervagiana
1527 1404 1723 1467 editio
1750 1403 2145 1474 Basiliensis,
2186 1406 2402 1482 unius,
2437 1415 2502 1470 ut
2531 1421 2799 1487 constat,
2839 1416 3005 1478 Billii
3035 1433 3252 1493 manu,
3294 1422 3634 1504 liturisque

400 1507 522 1599 tam
568 1502 855 1580 confusa,
908 1511 1029 1567 tam
1077 1504 1459 1583 perturbata,
1500 1511 1621 1565 «ut
1664 1521 1852 1583 quam
1883 1502 2028 1573 λέξιν
2061 1505 2156 1558 καὶ
2186 1505 2341 1577 ῥῆσιν
2396 1509 2597 1587 magis
2662 1514 2997 1589 probaret,
3051 1535 3240 1596 quam
3298 1502 3631 1599 rejiceret,

399 1596 705 1677 5laééi15nv
742 1621 1072 1684 nunquam
1106 1605 1558 1682 exprimeret,»
1593 1604 1763 1680 quod
1792 1604 1929 1682 ipse
1959 1604 2193 1667 fatetur
2223 1617 2413 1687 atque
2444 1611 2633 1672 etiam
2664 1616 2883 1678 scribit
2913 1621 3253 1693 Morellus;
3290 1596 3402 1687 cur
3433 1596 3636 1691 inser;-

398 1710 474 1762 ιω
525 1703 761 1780 passim
807 1711 999 1784 atque
1044 1705 1327 1766 sulfectae
1372 1704 1544 1765 Billii
1597 1722 1713 1766 seu
1754 1703 2094 1777 lectiones,
2140 1722 2253 1767 seu
2308 1709 2717 1788 conjecturae;
2760 1732 2901 1778 cum
2940 1721 3175 1787 fatente
3220 1727 3506 1802 Morello,
3552 1748 3633 1794 ne

394 1803 670 1867 obscure
697 1805 983 1883 quidem,
1022 1824 1140 1869 nec
1173 1807 1302 1869 ullo
1340 1808 1529 1869 modo
1570 1825 1853 1886 unquam
1889 1810 2305 1886 expresserit,
2343 1812 2497 1889 quid
2534 1816 2852 1893 probaret,
2885 1823 3039 1900 quid
3075 1824 3402 1901 rejiceret?
3430 1829 3631 1891 Deni-

392 1920 522 1982 que
563 1904 710 1984 quis
741 1906 1050 1969 Hercules
1099 1908 1173 1969 ad
1215 1907 1335 1969 hoc
1374 1930 1402 1963 α
1430 1909 1704 1985 Augiaa»
1740 1908 2075 1987 plusquam
2124 1933 2153 1965 ‹‹
2178 1910 2500 1973 stabulum
2535 1921 3049 1994 repurgandum?
3076 1946 3104 1980 ιο
3141 1924 3216 1985 Et
3250 1931 3453 1988 tamen
3486 1927 3635 1993 huic

391 2003 567 2079 Operi
610 2004 984 2067 admovetur
1033 2007 1423 2086 «praefectus
1476 2007 1983 2070 correctionibus
2039 2009 2548 2088 typographicis;
2578 2034 2607 2068 ››
2656 2014 2767 2092 qui
2798 2016 3063 2082 forsitan
3102 2021 3232 2097 vix,
3280 2032 3349 2087 ut
3378 2024 3508 2089 fere
3541 2028 3631 2101 fit,

388 2104 606 2175 Graece
637 2106 849 2186 legere
881 2117 1061 2171 norat

475 2206 677 2269 Venia
713 2214 918 2269 tamen
949 2208 1123 2287 digni
1162 2207 1460 2269 videntur
1500 2205 1891 2269 Parisienses
1923 2207 2221 2275 editores.
2250 2232 2279 2265 α
2317 2212 2481 2286 Quid
2525 2213 2691 2275 enim
2730 2212 2833 2276 hic
2853 2231 3021 2293 agas,
3063 2241 3092 2277 υ
3124 2227 3191 2282 ut
3221 2222 3462 2285 Morelli
3490 2241 3633 2285 ver-

393 2305 494 2371 bis
529 2314 689 2383 utar,
723 2331 753 2365 «
790 2309 900 2370 ubi
930 2327 1118 2388 quam
1153 2316 1302 2382 λέξιν
1323 2314 1416 2369 καὶ
1445 2314 1606 2387 ῥῆσιν
1632 2308 1829 2385 magis
1861 2310 2176 2387 probaret,
2206 2328 2394 2391 quam
2424 2313 2711 2391 rejiceret
2741 2315 2976 2379 diserte
3008 2337 3330 2400 nunquam
3364 2313 3634 2402 (Billius)

390 2407 820 2485 exprimeret?
844 2410 962 2471 Ubi
1000 2426 1126 2471 non
1160 2408 1425 2487 ubique,
1459 2430 1487 2464 ιο
1514 2407 1685 2487 quod
1718 2407 1896 2471 aiunt
1916 2409 1979 2470 in
2006 2408 2197 2495 altera
2231 2410 2622 2490 praefatione,
2651 2435 2680 2471 ι(
2707 2431 2847 2477 cum
2872 2418 3086 2480 Latina
3114 2420 3635 2500 interpretatione

388 2508 856 2571 conveniebant
895 2507 1380 2571 emendatioues
1422 2515 1481 2569 et
1513 2508 1898 2594 conjecturae
1959 2529 1979 2569 :
2034 2509 2146 2569 ubi
2199 2512 2394 2572 multa
2436 2511 2500 2572 in
2536 2519 2708 2575 textu
2728 2514 2970 2590 ‘deleta,
3014 2536 3156 2597 quae
3202 2522 3367 2585 idem
3410 2525 3635 2586 Billius

392 2606 753 2684 reponenda
784 2613 1161 2682 censuerat;
1211 2614 1271 2669 et
1314 2612 1532 2669 contra
1577 2608 1921 2669 sustulerat
1955 2608 2019 2668 in
2051 2608 2270 2670 Latina
2296 2609 2848 2690 interpretatione,
2878 2634 3019 2696 quae
3048 2621 3111 2681 in
3140 2622 3370 2685 Graecis
3419 2625 3635 2689 relicta

391 2720 571 2781 erant
606 2738 623 2775 -.
661 2736 691 2772 »
728 2731 858 2777 uno
907 2716 1125 2789 verbo,
1159 2714 1264 2777 ubi
1301 2731 1419 2775 nec
1449 2713 1662 2775 Latina
1702 2731 1844 2775 cum
1878 2714 2131 2788 Graecis,
2165 2732 2281 2778 uec
2322 2716 2529 2781 Graeca
2563 2736 2703 2782 cum
2735 2723 2972 2785 Latinis
3008 2726 3443 2789 convenirent.
3468 2728 3637 2802 Quid

389 2829 561 2891 agas,
594 2813 881 2895 inquam,
916 2817 1063 2889 nisi,
1092 2834 1209 2880 nec
1233 2814 1632 2888 Basiliensia,
1671 2832 1813 2893 quae
1844 2814 2220 2896 plerumque
2250 2818 2455 2881 deleta
2484 2827 2592 2881 aut
2625 2818 3009 2898 perturbata,
3041 2843 3156 2888 nec
3189 2827 3454 2891 Billiaua
3494 2846 3640 2908 quae

390 2918 582 2979 dubia
626 2934 635 2943 ί
679 2919 937 2997 penitus
1012 2926 1072 2982 et
1141 2920 1402 2992 incerta,
1473 2918 1583 2979 sed
1650 2917 2049 2980 inconditum
2114 2919 2462 2996 quoddam,
2543 2921 2818 2988 informe
2900 2934 2962 2989 et
3025 2930 3396 3008 ambiguum
3474 2947 3638 3011 Opus

393 3020 592 3082 edas?

473 3127 634 3189 Ecce
659 3127 817 3204 jam,
865 3143 990 3190 non
1038 3147 1065 3184 α
1101 3128 1525 3206 propositum,
1559 3148 1589 3185 io
1629 3143 1753 3187 non
1785 3148 1813 3180 α
1852 3125 2191 3187 consilium
2223 3144 2293 3188 ac
2325 3126 2690 3205 destinatio,
2725 3150 2755 3191 ››
2787 3130 2897 3193 sed
2936 3148 3124 3211 opera
3180 3133 3639 3196 Parisiensium

392 3229 735 3293 editorum.
773 3232 907 3320 Hoc
938 3247 1159 3293 eorum
1190 3247 1379 3309 opus,
1411 3230 1573 3309 ipsis
1610 3227 1987 3291 fatentibus.
2027 3230 2191 3292 Hinc
2216 3231 2431 3292 mirari
2466 3233 2641 3293 subit
2672 3233 2781 3312 qui
2815 3234 2972 3298 falso
3003 3237 3235 3301 Grmcis
3265 3238 3641 3316 inscriptum

393 3332 750 3395 doctissimi
787 3333 957 3395 Billii
985 3350 1217 3396 nomen
1248 3334 1466 3395 doctos
1502 3333 1732 3410 pariter
1761 3342 1818 3395 et
1845 3333 2133 3395 indoctos
2170 3333 2232 3395 in
2266 3351 2541 3396 errorem
2570 3336 2917 3411 induxerit,
2950 3348 3018 3401 ut
3064 3340 3131 3401 in
3179 3341 3295 3404 hac
3329 3342 3635 3413 editione,

392 3432 607 3495 Graeca
643 3432 905 3494 meliora
938 3449 1128 3511 quam
1154 3431 1216 3492 in
1244 3431 1585 3493 Basiliensi
1616 3431 1735 3493 sibi
1774 3433 2255 3509 persuaderent.
2288 3434 2441 3496 Inde
2472 3435 2817 3514 Gregorius
2840 3440 2960 3501 sub
2990 3441 3128 3503 falsi
3163 3443 3330 3505 Billii
3361 3446 3639 3507 nominis

389 3537 613 3594 umbra
645 3531 976 3610 neglectus
1010 3532 1423 3612 incultusque
1446 3533 1637 3611 jacet,
1666 3531 1820 3610 quia
1863 3548 2113 3594 summa
2172 3550 2320 3596 cura
2355 3535 2624 3597 collatus
2681 3552 2826 3599 cum
2871 3557 3027 3604 mss.
3076 3550 3141 3605 et
3187 3545 3555 3608 emendatus
3604 3560 3643 3606 a

390 3636 580 3699 Billio
616 3641 855 3699 temere
889 3635 1290 3713 praedicatur.

1482 3738 1567 3798 De
1595 3738 1979 3799 correctione
2007 3758 2111 3799 seu
2144 3738 2352 3801 codice
2381 3740 2579 3804 Billii.

470 3841 603 3902 Prm
638 3839 933 3908 manibus
969 3839 1281 3901 habemus
1318 3836 1637 3900 famosum
1673 3837 1845 3898 Billii
1882 3839 2209 3912 volumen,
2250 3840 2329 3902 de
2376 3858 2504 3920 quo
2539 3850 2658 3903 tam
2693 3845 2850 3906 mira
2884 3842 3358 3921 Genebrardus,
3407 3848 3646 3911 Morel-

392 3943 520 4019 lus,
558 3941 802 4019 aliique
834 3940 1202 4018 prmdicant.
1231 3938 1530 4001 Chatardi
1568 3938 1872 4017 primum,
1900 3939 2003 4000 cui
2043 3941 2489 4004 bibliothecam
2524 3943 2751 4007 Billius
2802 3946 3058 4024 legarat,
3098 3956 3228 4010 tum
3287 3949 3648 4010 Genebrar—

393 4042 485 4115 di,
519 4043 753 4105 deinde
788 4043 853 4104 in
892 4042 1132 4106 Petavii
1166 4059 1391 4104 manus
1424 4040 1599 4103 venit
1628 4040 1683 4102 is
1718 4042 1943 4104 codex.
1986 4043 2040 4109 Α
2098 4044 2351 4105 Petavio
2408 4040 2703 4109 Senatore
2759 4049 3104 4111 Parisiensi
3159 4050 3234 4111 ad
3286 4051 3647 4113 Richerioso

394 4148 821 4211 Sorbonicum
856 4148 1182 4210 doctorem
1215 4147 1511 4224 alterum,
1549 4146 1813 4209 alterum
1849 4145 2168 4207 medicum
2200 4146 2411 4209 fratris
2443 4149 2580 4228 ejus
2610 4149 2835 4223 filium,
2868 4150 3122 4214 demum
3157 4152 3232 4214 ad
3259 4152 3645 4230 bibliopolae

396 4252 679 4315 transiit.
717 4253 904 4314 Hunc
937 4257 1220 4331 emptum
1263 4252 1358 4311 vir
1386 4249 1623 4325 clarus,
1663 4249 1971 4312 librorum
2008 4258 2067 4310 et
2101 4250 2454 4312 litterarum
2484 4269 2723 4326 amans,
2751 4253 2825 4315 D.
2852 4255 3052 4317 Baron
3090 4255 3479 4317 Senonensis
3515 4270 3651 4316 me-

399 4357 670 4437 tr0polis
749 4356 1098 4420 canonicus
1175 4363 1237 4417 et
1287 4363 1650 4434 promotor,
1733 4371 1879 4416 cum
1957 4354 2033 4415 de
2089 4370 2247 4417 nava
2319 4354 2608 4433 Gregorii
2690 4372 2955 4433 operum
3020 4358 3304 4420 editione
3370 4359 3649 4435 cogitare

398 4469 694 4523 nostrum
753 4460 1041 4523 audisset
1096 4459 1528 4546 Louvardum,
1590 4459 1712 4538 ipsi
1757 4459 1969 4521 statim
2021 4459 2187 4520 ultro
2240 4459 2475 4520 obtulit
2525 4458 2781 4533 librum,
2824 4468 3017 4541 atque
3050 4462 3235 4524 etiam
3267 4460 3648 4541 generosius

397 4563 601 4626 misit.
1004 4624 1009 4625 ,

479 4665 672 4733 Liber
702 4664 915 4726 editus
942 4670 1039 4726 est
1067 4664 1332 4727 Basilete
1374 4663 1539 4743 apud
1568 4663 1954 4742 Hervagium
1991 4679 2159 4725 anno
2185 4663 2363 4726 1550.
2398 4687 2425 4720 α
2457 4664 2526 4724 1η
2554 4680 2687 4740 ora,
2727 4687 2756 4723 ιι
2785 4680 2911 4731 non
2943 4671 3210 4737 tantum,
3239 4671 3309 4727 ut
3340 4664 3649 4727 Morellus

403 4766 811 4839 admonebat,
842 4765 953 4827 sed
981 4765 1141 4831 intra
1173 4766 1373 4827 lineas
1409 4772 1593 4843 longe
1624 4764 2058 4844 frequentius;
2093 4786 2121 4820 α
2152 4781 2269 4826 nec
2298 4766 2807 4838 emendationes,
2832 4769 3257 4845 conjecturas,
3286 4765 3591 4827 lectiones
3613 4789 3645 4820 ιι

408 4869 740 4946 duntaxat,
776 4888 996 4932 verum
1036 4869 1422 4948 glossemata
1458 4868 1676 4943 etiam,
1713 4885 2093 4947 synonyma,
2140 4875 2200 4929 et
2232 4868 2292 4929 id
2327 4885 2529 4946 genus
2571 4868 2715 4944 alia,
2768 4886 2957 4930 manu
3004 4886 3116 4929 sua
3165 4868 3491 4931 adnotavit
3520 4869 3653 4929 Bil-

399 4970 554 5033 lius'.
590 4971 710 5034 Sed
747 4971 910 5033 intra
948 4970 1149 5031 lineas
1182 4969 1263 5031 ita
1305 4969 1683 5050 plerumque
1711 4968 1841 5029 haec
1882 4968 2142 5038 inserte,
2180 4974 2304 5027 tam
2336 4967 2497 5030 male
2536 4952 2724 5047 picta,
2759 4974 2924 5029 tanta
2971 4968 3348 5030 confusione
3378 4970 3653 5048 ascripta

400 5080 579 5146 sunt,
610 5083 681 5134 ut
713 5089 832 5134 nec
862 5078 1108 5149 aperte,
1143 5088 1260 5132 nec
1291 5070 1587 5141 obscure,
1621 5069 1930 5148 nulloque
1963 5084 2225 5145 prorsus
2260 5068 2447 5128 modo
2488 5085 2852 5147 pernosces,
2886 5085 3010 5130 non
3045 5070 3275 5140 dicam,
3313 5085 3456 5146 quae
3491 5086 3653 5146 spu-

400 5175 492 5233 ria
546 5173 648 5240 sit,
703 5190 847 5249 quae
880 5187 1180 5249 germana
1213 5170 1441 5243 lectio,
1484 5172 1597 5233 sed
1643 5178 1710 5232 ut
1754 5187 1834 5231 ne
1872 5169 2218 5231 divinando
2255 5169 2514 5247 quidem
2553 5168 2942 5247 assequeris,
2995 5186 3072 5232 an
3120 5169 3226 5231 illa
3277 5170 3463 5231 lectio
3494 5170 3576 5231 sit
3617 5188 3654 5231 e

402 5271 855 5350 manuscriptis
892 5277 1096 5345 eruta,
1132 5279 1239 5332 aut
1277 5290 1309 5332 e
1352 5271 1764 5349 quibusnam,
1795 5286 1870 5330 an
1901 5268 2133 5346 glossa,
2171 5286 2249 5333 an
2282 5269 2667 5348 conjectura,
2710 5287 2787 5330 an
2821 5270 3205 5333 emendatio.
3233 5270 3436 5333 Credo
3470 5272 3656 5350 equi-

402 5377 578 5449 ‘lem,
619 5392 698 5434 ne
738 5374 963 5439 Billius
992 5375 1127 5453 ipse
1155 5372 1506 5443 redivivus,
1532 5372 1689 5451 quid
1720 5371 1839 5432 sibi
1878 5380 2010 5431 tum
2050 5370 2259 5443 vellet,
2294 5371 2479 5430 modo
2518 5378 2734 5447 posset
2764 5370 3102 5449 explicare.
3132 5372 3290 5432 l’ura
3322 5379 3471 5448 puta
3502 5379 3656 5433 sunt

403 5477 795 5550 adversaria,
834 5478 900 5538 in
938 5495 1081 5558 quae
1112 5476 1285 5537 aliud
1322 5482 1582 5553 agentes
1612 5476 1956 5553 scriptores
1995 5474 2231 5535 cursim
2264 5490 2334 5537 ac
2368 5473 2743 5535 festinanter
2778 5490 2855 5535 ex
2896 5482 3178 5551 tempore
3236 5480 3511 5534 mentem
3543 5488 3659 5533 ex-

404 5591 704 5657 onerant,
740 5582 883 5642 sine
922 5582 1114 5654 serie,
1154 5581 1294 5641 sine
1321 5580 1573 5654 ordine,
1601 5582 1743 5640 sine
1777 5579 2216 5651 distinctione,
2254 5586 2322 5641 ut
2352 5577 2476 5640 nisi
2510 5578 2661 5654 cito,
2685 5584 2793 5640 aut
2824 5577 3125 5658 perendie
3157 5577 3464 5656 digerant,
3496 5575 3655 5655 quid

405 5684 525 5754 sibi
570 5683 913 5756 voluerint,
952 5682 1075 5759 ipsi
1109 5689 1328 5761 postea
1363 5697 1489 5742 non
1529 5680 1909 5757 intelligant.

489 5789 865 5857 Versionem
900 5805 1079 5851 suam
1106 5785 1314 5877 primo
1346 5788 1609 5875 quidem
1637 5803 1889 5866 magna,
1926 5795 2056 5854 tum
2090 5785 2387 5855 secundis
2422 5785 2593 5851 curis
2615 5803 2863 5853 summa
2916 5783 3250 5849 sedulitate
3281 5780 3503 5843 Billius
3539 5778 3659 5843 ad-
