3926 6410
273 377 339 436 2!
1309 385 1679 444 PBEFATIO
1715 383 2118 443 GENEBALIS.
2154 416 2225 431 -
2259 386 2436 445 PARS
2469 388 2512 445 Ι.
3422 390 3494 443 2?.

268 494 550 572 ornavit;
600 498 675 560 ad
708 498 905 579 idque
943 500 1197 564 consilii
1231 501 1564 578 lectiones,
1606 503 1874 578 scholia,
1925 505 2195 582 glossas,
2239 506 2661 583 conjecturas,
2692 504 3173 569 emendationes
3209 503 3279 568 in
3322 505 3496 569 edito

269 616 382 660 suo
419 601 790 677 promiscue
821 606 1165 684 congessit.
1202 606 1443 670 Verum
1473 608 1554 671 de
1584 607 1817 672 Graecis
1841 607 2132 681 edendis,
2157 625 2275 671 seu
2306 608 2657 688 desperarit
2688 608 2978 684 omnino,
3009 608 3183 690 quod
3210 608 3498 671 insinuat

264 705 744 781 Genebrardus;
785 726 903 771 seu
936 710 1111 788 quod
1142 712 1383 787 verius,
1409 712 1580 774 serio
1612 728 1934 791 nunquam
1985 712 2314 791 cogitarit;
2344 710 2428 774 iis
2462 717 2633 774 certe
2682 728 2892 791 neque
2927 711 3248 786 studium,
3281 726 3497 790 neque

262 825 470 870 curam
504 810 700 873 ullam
738 812 1089 893 impendit;
1134 815 1265 878 imo
1294 815 1387 878 sic
1424 816 1786 895 perturbata
1820 815 2100 895 reliquit,
2132 823 2203 879 ut
2225 815 2384 896 quid
2408 813 2855 895 rejiciendum,
2881 813 3035 894 quid
3064 813 3492 888 retinendum,
3606 863 3610 871 .

262 907 377 985 ipsi
411 910 693 973 editores
725 929 855 974 non
891 915 1218 991 potuerint
1268 930 1615 992 agnoscere
1665 932 1783 977 nec
1819 915 2162 995 quisquam
2223 916 2426 995 possit
2479 914 2863 993 intelligere.
2905 915 3241 995 Nunquam
3279 915 3496 977 Graeca

260 1010 544 1086 Gregorii
578 1010 782 1089 Opera
821 1014 1011 1076 edere
1041 1013 1432 1077 destinatum
1461 1014 1554 1076 illi
1581 1014 1792 1076 animo
1822 1012 1942 1077 fuit
1975 1035 1993 1075 :
2036 1023 2097 1078 et
2132 1023 2327 1091 certe,
2389 1014 2445 1077 si
2490 1014 2553 1076 id
2603 1014 2772 1077 serio
2812 1014 3171 1093 cogitasset,
3212 1015 3266 1076 si
3313 1009 3499 1092 Operi

260 1126 515 1173 manum
573 1112 987 1187 admovisset,
1025 1114 1079 1176 si
1117 1116 1274 1193 quid
1306 1115 1753 1194 promovisset,
1791 1132 1903 1178 cur
1938 1132 2014 1179 eo
2046 1121 2209 1179 statu
2242 1117 2467 1179 saltem
2503 1116 2718 1178 Graeca
2753 1116 3134 1180 Nazianzeni
3168 1133 3294 1179 non
3333 1117 3489 1178 reli-

257 1212 420 1292 quit,
454 1228 586 1293 quo
617 1212 846 1275 lsidori
872 1214 1213 1277 Pelusiotae
1242 1215 1575 1294 epistolas,
1599 1232 1759 1295 quas
1787 1234 1820 1277 e
1852 1216 2017 1278 Billii
2046 1216 2305 1280 schedis
2328 1217 2606 1280 triennio
2643 1224 2783 1297 post
2815 1217 2953 1297 ejus
2993 1219 3237 1282 obitum
3277 1221 3505 1285 Graece

260 1325 319 1380 et
354 1318 579 1380 Latine
602 1318 955 1382 Cbatardus
983 1320 1209 1382 excudi
1241 1322 1487 1383 curavit
1518 1340 1535 1380 :
1571 1323 1700 1383 imo
1732 1339 1863 1400 quo
1887 1329 2055 1385 statu
2090 1323 2351 1403 reliquit
2383 1329 2637 1386 centum
2665 1323 2890 1402 viginti
2920 1331 3163 1404 septem
3201 1326 3489 1406 ejusdem

255 1419 548 1498 Gregorii
584 1420 913 1497 epistolas,
942 1437 1086 1503 quae
1118 1422 1330 1483 Graece
1356 1423 1592 1497 pariter
1625 1430 1682 1485 et
1720 1424 1940 1486 Latine
1970 1425 2113 1503 ipso
2136 1440 2298 1502 pene
2343 1440 2471 1504 quo
2504 1432 2797 1487 mortuus
2827 1432 2923 1487 est
2962 1443 3131 1488 anno
3161 1428 3499 1505 prodiere?

254 1519 425 1605 Quid
458 1520 833 1596 Cbatardus,
865 1521 977 1601 qui
1026 1528 1088 1583 et
1130 1522 1198 1582 in
1241 1522 1451 1598 elogio
1492 1524 1710 1584 Jacobi
1758 1524 1953 1597 Billii,
2001 1533 2061 1585 et
2093 1525 2156 1584 in
2192 1524 2456 1602 epistola
2497 1526 2574 1587 ad
2617 1525 3030 1589 Godefridum
3069 1528 3323 1590 Billium
3357 1529 3498 1607 ejus

254 1621 546 1693 fratrem,
577 1619 864 1697 deposita
888 1621 1054 1697 apud
1088 1639 1157 1682 se
1192 1622 1363 1683 Billii
1390 1622 1629 1684 inedita
1660 1640 1879 1701 opera,
1915 1646 1945 1680 α
1983 1625 2152 1686 velut
2183 1622 2559 1703 posthumos
2596 1649 2625 1682 υ
2660 1626 2966 1704 quosdam
3001 1649 3031 1683 α
3068 1626 3265 1689 libros
3293 1650 3322 1684 ι
3359 1632 3498 1707 pol-

258 1720 470 1782 licitus
496 1725 652 1794 erat,
677 1721 848 1783 hunc
878 1720 1062 1783 nobis
1097 1738 1320 1797 unum,
1353 1729 1585 1785 etnatu
1616 1725 1943 1803 majorem,
1977 1732 2037 1788 et
2062 1725 2303 1803 parenti
2331 1725 2709 1798 chariorem,
2750 1731 2813 1788 et
2850 1728 3079 1789 merito
3106 1730 3502 1805 praestantio-

256 1837 397 1882 rem
433 1819 712 1882 invidit?
746 1820 958 1882 Primo
990 1837 1266 1899 namque
1304 1832 1650 1901 conceptus
1681 1841 1710 1884 a
1746 1823 1934 1885 Billio
1965 1823 2132 1886 fetus
2159 1824 2260 1885 hic
2286 1823 2433 1896 fuit,
2467 1824 2703 1903 vixque
2749 1823 3228 1902 Grmcaalinguae
3263 1828 3497 1904 tyroci-

255 1919 358 1980 nia
400 1923 757 1980 excesserat
786 1917 916 1991 ille,
950 1940 978 1973 α
1023 1915 1106 1999 (a)
1137 1918 1293 1979 Cum
1328 1920 1589 1981 incessit
1623 1920 1678 1981 ei
1714 1920 2028 1998 cupiditas
2064 1922 2401 1984 Latinitate
2434 1921 2602 1985 hunc
2649 1922 3076 2004 (Gregorium)
3121 1924 3401 1986 donandi
3434 1934 3497 1989 et

252 2042 330 2084 au
364 2021 728 2083 innumeris
764 2022 1000 2101 quibus
1025 2022 1304 2084 scatebat
1341 2022 1589 2084 mendis
1622 2029 1682 2086 et
1714 2024 1979 2086 salebris
2018 2024 2430 2103 repurgandi.
2476 2026 2673 2087 Totus
2708 2032 2842 2088 erat
2867 2025 3135 2104 (Billius)
3168 2026 3230 2088 in
3264 2027 3503 2106 Gregou

255 2122 442 2185 riano
472 2122 581 2184 illo
613 2138 831 2199 opere,
864 2122 1037 2201 quod
1070 2139 1197 2184 nou
1232 2124 1555 2185 immerito
1590 2125 1927 2203 pistrinum
1960 2144 2176 2201 suum,
2210 2126 2275 2188 in
2307 2144 2434 2206 quo
2465 2126 2573 2188 diu
2610 2126 2665 2189 ei
2702 2126 3067 2190 molendum
3096 2127 3239 2204 fuit,
3261 2129 3504 2193 alicubi

250 2221 789 2300 appellat.»‘Addit
832 2222 991 2284 infra
1027 2223 1387 2287 Cbatardus
1420 2246 1437 2286 :
1472 2248 1501 2281 α
1535 2224 1851 2305 Cupiebat
1880 2233 1941 2288 et
1972 2227 2110 2306 ipse
2141 2228 2421 2308 (Billius)
2453 2230 2763 2308 impense,
2798 2228 2950 2290 dum
2987 2238 3311 2308 superstes
3345 2239 3502 2307 erat,

250 2330 318 2383 ut
348 2321 608 2385 Graecus
631 2328 989 2384 sanctorum
1021 2323 1282 2386 illorum
1308 2325 1561 2387 Patrum
1598 2343 1761 2407 quos
1789 2328 2135 2402 transtulit,
2169 2334 2508 2391 contextus
2539 2329 2615 2390 ab
2646 2328 2787 2406 ipso
2823 2329 3185 2407 recognitus
3218 2330 3502 2392 etabin-

250 2423 542 2486 numeris
574 2420 819 2484 mendis
852 2422 1212 2485 vindicatus
1247 2424 1679 2498 recuderetur,
1710 2426 2115 2505 maximeque
2140 2427 2215 2488 D.
2250 2426 2540 2504 Gregorii
2569 2426 3031 2489 Nazianzeni...
3055 2427 3121 2487 in
3154 2444 3282 2506 quo
3306 2430 3498 2489 casti-

248 2521 990 2601 gando,'convertendo
1055 2528 1119 2585 et
1179 2522 1560 2585 illustrando
1641 2525 1748 2586 diu
1828 2524 2235 2604 multumtu
2321 2543 2390 2587 se
2454 2525 2711 2588 torsit...
2781 2525 2904 2587 Sed
2964 2522 3085 2587 hoc
3159 2543 3195 2586 a
3260 2527 3503 2589 biblio-

250 2621 418 2701 polis
470 2636 797 2701 nunquam
856 2622 1170 2701 consequi
1231 2623 1460 2702 potuit,
1521 2626 1632 2705 qui
1688 2643 1720 2686 a
1781 2626 2017 2686 Graecis
2071 2632 2133 2688 et
2182 2625 2466 2688 Hebraeis
2512 2625 2776 2687 edendis
2845 2623 3032 2699 plane
3075 2622 3503 2689 abhorrent.»

322 2723 402 2785 Id
430 2722 692 2803 quidem
722 2722 1013 2801 impense
1041 2723 1293 2802 Billius,
1328 2736 1387 2791 et
1417 2749 1448 2792 a
1478 2729 1700 2810 primis
1739 2729 1875 2793 fere
1905 2730 2385 2809 Graecaelingum
2423 2729 2758 2808 tyrociniis
2790 2730 3101 2808 cupiebat,
3131 2736 3350 2798 nullus
3385 2733 3508 2796 du-

246 2828 386 2892 iito
420 2848 438 2889 :
478 2824 673 2903 Operi
697 2842 804 2904 par
834 2829 990 2899 erat,
1034 2835 1094 2888 et
1126 2830 1385 2893 confusa
1419 2832 1563 2895 licet
1615 2840 1825 2911 parata
1869 2833 2159 2906 materia,
2200 2833 2477 2895 feliciter
2514 2840 2720 2895 tamen
2753 2832 3123 2909 perfecisset
3152 2834 3503 2914 inceptum,

248 2932 301 2994 si
332 2947 491 3010 spes
522 2929 754 2992 edendi
785 2927 998 3008 aliqua
1028 2932 1162 2991 tum
1201 2930 1576 2994 ati‘ulsisset.
1620 2934 1854 2994 Verum
1888 2948 2031 2995 cum
2062 2930 2238 2993 nulla
2270 2929 2627 3008 effulgeret,
2657 2930 2721 2992 in
2753 2930 2989 2994 Graecis
3021 2946 3228 3011 operas
3258 2936 3504 2994 tantum

248 3030 611 3103 collocavit,
661 3036 969 3108 quantum
1022 3030 1535 3111 interpretationi
1590 3049 1723 3094 sua)
1768 3032 2489 3111 conducerejudicavit.
2551 3033 2687 3095 Hoc
2736 3031 2857 3094 fuit
2910 3049 3071 3112 opus
3120 3032 3291 3095 Billii
3341 3034 3502 3097 circa

249 3140 542 3201 Graecum
577 3133 917 3211 Gregorii:
952 3131 1054 3193 hic
1087 3148 1255 3193 unus
1286 3131 1488 3205 labor,
1523 3154 1552 3187 α
1586 3131 1650 3192 in
1689 3148 1817 3211 quo
1858 3138 2028 3195 totus
2080 3132 2226 3209 fuit,
2280 3124 2315 3189 ἠ
2363 3132 2466 3196 cui
2513 3132 2701 3195 etiam
2744 3132 3125 3199 immortuus
3167 3142 3287 3198 est.
3347 3135 3504 3199 Cum

250 3246 465 3302 autem
521 3233 869 3296 Cbatardus
918 3232 1003 3294 ait
1035 3232 1101 3293 in
1134 3230 1341 3308 elogio
1370 3231 1538 3292 Billii
1573 3251 1589 3289 :
1642 3252 1685 3315 «_
1708 3231 1938 3293 Omnia
1976 3234 2050 3293 D.
2081 3232 2370 3310 Gregorii
2415 3233 2793 3295 Nazianzeni
2828 3236 3034 3315 Opera
3080 3242 3412 3314 repurgata
3438 3244 3508 3298 et

251 3338 459 3400 multo
508 3331 795 3396 auctiora
831 3329 1018 3406 facta,
1064 3328 1446 3409 conquisitis
1497 3312 1805 3389 nimirum
1860 3329 2298 3407 undequaque
2346 3330 2670 3391 veteribus
2717 3312 2951 3394 Graecis
3001 3312 3505 3410 exemplaribus,

251 3438 608 3515 multisque
646 3433 723 3495 ad
759 3450 904 3495 eum
932 3431 1226 3494 missis...
1260 3430 1429 3509 typis
1463 3431 1741 3507 mandat,
1771 3453 1800 3487 π
1844 3437 1963 3493 etc.
2007 3451 2021 3491 :
2063 3448 2141 3491 ex
2174 3431 2276 3491 his
2308 3429 2519 3492 verbis
2552 3429 2882 3506 discimus,
2924 3450 3213 3513 quaenam
3252 3450 3285 3495 a
3316 3433 3506 3494 Billio

255 3562 282 3595 ι
321 3548 689 3619 repurgata,
724 3565 752 3599 π
788 3550 849 3604 ct
880 3541 980 3603 cui
1018 3540 1104 3601 rei
1145 3561 1173 3595 α
1214 3538 1601 3619 conquisita,
1640 3561 1669 3595 io
1706 3539 2030 3618 missaque
2072 3537 2457 3616 exemplaria
2503 3537 2756 3617 Graeca;
2792 3533 3092 3595 nimirum
3123 3554 3151 3588 α
3188 3533 3505 3609 castigam-

258 3637 386 3714 dis,
441 3641 1005 3717 recognoscendis.
1060 3639 1608 3718 repurgandisque
1643 3660 1672 3694 κ
1726 3636 2016 3715 pauculis
2051 3634 2313 3710 Graecis,
2348 3640 2409 3695 et
2454 3633 2692 3695 Latium
2739 3632 2942 3710 ipsius
2992 3631 3504 3708 interpretationi

250 3741 659 3822 editionique
680 3742 969 3820 Gregorii
1005 3740 1426 3822 perﬁciendae,
1461 3741 1715 3821 qualem
1750 3747 2031 3803 extrema
2061 3755 2255 3801 manu
2293 3737 2551 3815 politam
2578 3735 2860 3798 moriens
2897 3752 3063 3798 anno
3096 3736 3249 3797 1582
3278 3734 3504 3796 Billius

248 3843 519 3921 reliquit
567 3861 839 3923 quaeque
883 3862 1048 3908 anno
1079 3845 1373 3925 sequenti
1405 3863 1438 3907 e
1487 3847 1663 3923 prelo
1701 3860 1951 3922 egressa
1992 3849 2087 3906 est
2124 3863 2140 3903 :
2174 3852 2235 3903 at
2264 3840 2501 3902 Grtecis
2546 3838 2967 3914 orationibus,
3001 3837 3409 3914 carminibus,
3444 3844 3506 3903 et

248 3944 555 4023 epistolis
579 3945 727 4025 plus
767 3960 976 4023 Operae
1007 3950 1305 4023 prmterea
1335 3942 1493 4004 nihil
1529 3942 1862 4023 impendit.

323 4048 397 4112 Si
434 4051 693 4113 Graecus
733 4055 1072 4113 contextus
1104 4066 1135 4111 a
1171 4048 1361 4109 Billio
1395 4054 1489 4110 est
1522 4069 1551 4103 ι
1592 4047 1884 4120 collatus,
1924 4046 2317 4126 recognitus,
2352 4050 2753 4125 repurgatus,
2786 4040 3442 4120 castigatissimusque
3474 4063 3505 4097 υ

252 4149 555 4221 effectus,
590 4159 657 4211 ut
698 4157 952 4211 narrant
990 4149 1440 4211 Genebrardus
1478 4155 1539 4209 et
1578 4146 1971 4223 Cbatardus;
2030 4164 2167 4217 cur,
2209 4161 2453 4225 quaeso,
2504 4144 2620 4205 viri
2666 4141 2829 4203 docti
2882 4140 3197 4217 Bitlioque
3238 4138 3508 4217 conjun-

250 4249 527 4311 ctissimi
551 4264 715 4327 opus
755 4272 783 4305 α
820 4248 1380 4327 castigatissimum
1417 4270 1447 4305 »
1481 4264 1605 4327 prae
1635 4247 1879 4308 caeteris
1914 4246 2201 4307 mandari
2235 4245 2404 4325 typis
2435 4260 2561 4306 non
2597 4246 2941 4306 curarunt?
2972 4246 3221 4320 Ergone
3256 4241 3323 4302 id
3349 4259 3382 4303 a
3413 4242 3507 4302 bi-

253 4349 567 4427 biiopolis
600 4350 908 4430 consequi
941 4368 1067 4412 non
1099 4358 1488 4431 potuerunt;
1522 4349 1636 4431 qui
1664 4349 2199 4411 recalescentibus
2230 4348 2423 4427 paulo
2456 4352 2596 4427 post
2624 4349 2983 4410 Graecarum
3018 4345 3508 4410 Hebraicarum-

246 4473 372 4533 que
407 4456 763 4517 bitterarum
800 4456 1055 4531 studiis,
1099 4456 1305 4535 ipsius
1353 4455 1731 4519 Nazianzeni
1774 4455 2073 4534 plurima,
2112 4460 2246 4515 tum
2284 4452 2514 4515 lsidori
2544 4452 2841 4515 volumen
2885 4454 3228 4529 integrum,
3259 4451 3503 4526 omnia,

248 4557 467 4618 Graece
505 4564 567 4618 et
595 4556 817 4618 Latine
848 4556 1229 4635 vulgarunt?
1263 4558 1431 4633 Quin
1464 4557 1651 4620 etiam
1687 4555 1853 4617 haud
1880 4555 1959 4618 ita
1984 4556 2181 4618 multo
2208 4563 2372 4634 post,
2409 4556 2546 4632 ipsa
2572 4551 3266 4632 G-regoriiNazianzeni
3290 4551 3508 4613 omnia

246 4661 661 4739 aliorumque
712 4661 872 4723 bene
919 4660 1264 4723 multorum
1308 4676 1496 4738 Opera
1528 4659 1741 4721 Greece
1774 4665 1833 4720 et
1868 4658 2090 4721 Latine
2145 4658 2315 4738 typis
2356 4658 2852 4736 elegantissimis
2885 4657 3050 4719 edita
3081 4663 3254 4737 sunt.
3293 4655 3506 4717 Unum

254 4765 571 4827 duntaxat
610 4763 833 4826 addam
866 4778 883 4823 ξ
919 4771 1129 4826 textus
1161 4764 1271 4828 ille
1303 4787 1332 4823 α
1370 4754 1762 4845 expurgatus
1798 4771 1858 4824 et
1889 4764 2451 4842 castigatissimus,
2504 4786 2534 4821 in
2572 4780 2763 4843 quem
2810 4759 3160 4822 Chatardus
3205 4766 3265 4820 et
3296 4758 3507 4821 Gene-

246 4867 524 4930 brardus
559 4866 882 4941 viderunt,
917 4866 1028 4928 ille
1058 4866 1193 4943 ipse
1220 4873 1339 4938 est,
1394 4884 1587 4945 quem
1650 4864 1910 4927 exhibet
1957 4871 2242 4943 emptum
2282 4883 2315 4927 a
2348 4866 2420 4927 D.
2454 4866 2658 4926 Baron
2701 4860 3092 4927 Senonensis
3136 4858 3506 4937 metropolis

249 4967 593 5041 canonico,
633 4968 1032 5049 missumque
1066 4969 1144 5027 D.
1170 4966 1505 5029 Francisco
1542 4965 1835 5026 Louvard
1870 4964 2236 5042 exemplar;
2270 4963 2439 5043 quod
2478 4972 2835 5042 opportune
2870 4970 3185 5025 servatum
3220 4977 3347 5021 non
3389 4980 3505 5022 ex-

248 5066 426 5130 cidit.
466 5068 633 5129 Hinc
664 5075 836 5130 certo
869 5067 1176 5130 discimus
1209 5066 1664 5128 correctionem
1699 5063 2032 5125 Billianam
2086 5078 2728 5143 nusquam.exstare,
2779 5081 3093 5142 nusquam
3155 5061 3503 5141 exstitisse,

250 5162 547 5241 adeoque
596 5165 1016 5226 Parisiensem
1058 5164 1403 5226 editionem
1455 5180 1584 5225 non
1616 5163 1839 5241 majori
1898 5162 1961 5225 in
1999 5164 2265 5237 honore,
2302 5182 2491 5243 quam
2539 5165 2969 5228 Basileensem
3009 5164 3385 5239 habendam,
3425 5167 3507 5227 de

248 5282 375 5345 qua
408 5265 644 5327 Billius
676 5286 695 5326 :
726 5285 755 5320 α
787 5264 1226 5341 Hervagianus
1259 5265 1483 5338 codex,
1514 5264 1625 5343 qui
1661 5280 1826 5324 unus
1862 5263 2265 5342 suppetebat,
2314 5270 2403 5324 tot
2433 5270 2689 5344 tamque
2728 5264 2912 5328 fcedis
2948 5265 3273 5327 erroribus
3305 5274 3505 5328 scate-

247 5370 380 5444 bat,
413 5378 482 5433 ut
513 5368 592 5430 ad
619 5369 739 5430 hoc
758 5368 982 5446 Augiaa
1004 5368 1320 5431 stabulum
1353 5366 1824 5445 repurgandum
1853 5382 1977 5429 non
2014 5382 2142 5428 uno
2177 5367 2454 5430 Hercule
2478 5383 2641 5445 Opus
2670 5376 2865 5433 esset.
2898 5369 3083 5432 Nulla
3102 5370 3330 5441 oratio,
3357 5371 3507 5431 nul-

254 5471 309 5533 la
345 5473 805 5550 propemodum
841 5471 1071 5550 pagina
1100 5471 1496 5549 gravissimis
1521 5471 1770 5533 mendis
1802 5471 2077 5534 vacabat.
2128 5481 2525 5555 Ὀλοσώματος,
2560 5481 2627 5536 ut
2660 5474 2738 5535 ita
2771 5474 3000 5544 dicam,
3046 5480 3177 5535 erat
3202 5471 3333 5534 haec
3364 5472 3504 5550 pla-

252 5587 352 5652 ga.
388 5592 419 5629 It
450 5571 803 5636 Chatardus
835 5569 1025 5633 etiam
1057 5574 1190 5636 haec
1216 5573 1295 5635 de
1324 5572 1513 5634 Billio
1549 5572 1773 5634 scribit
1798 5573 1872 5634 ad
1899 5571 2154 5635 fratrem
2189 5576 2327 5651 ejus
2363 5576 2850 5637 Laudunensem
2883 5574 3199 5648 abbatem,
3233 5571 3336 5635 cui
3373 5570 3507 5632 Bil-

328 5800 405 5874 (a)
452 5802 601 5874 Elng.
652 5803 811 5871 Billii,
845 5802 1001 5875 epist.
1048 5805 1113 5858 ad
1163 5803 1350 5861 Godef.
1396 5806 1630 5876 Billium,
1664 5823 1811 5878 npcr.
1853 5806 2077 5880 Grrgor.
2108 5808 2192 5863 ed.
2228 5825 2314 5866 an.
2350 5806 2502 5873 1585,
2528 5822 2577 5877 p.
2615 5807 2767 5862 1530.
