3926 6410
391 324 464 396 2ῖῦ
1415 332 1784 392 ΡΒιΕΕΔΤΙΟ
1815 334 1941 392 GEN

2063 337 2215 394 iLts.
2255 367 2326 379 -
2363 325 2541 396 PARS
2575 338 2615 396 ι.
3541 312 3613 399 ei

400 448 640 516 Iianum
671 448 986 515 lsidorum
1017 461 1358 532 nuncupat.
1391 476 1421 511 α
1447 456 1728 519 Pudebat
1760 457 1930 520 enim
1956 475 2128 547 eum,
2157 459 2324 538 quod
2350 459 2662 522 Graecia...
2693 465 2811 521 tam
2836 459 3116 538 doctum,
3137 467 3256 524 tam
3275 463 3607 539 disertum,

395 557 651 630 tamque
680 551 1020 630 facundum
1055 563 1374 620 auctorem
1397 567 1456 620 et
1481 567 1794 621 oratorem
1831 578 2014 623 suum
2046 562 2300 624 haberet
2333 571 2452 625 tam
2487 565 2777 626 mutilum
2810 583 2879 626 ac
2906 564 3204 640 lacerum,
3235 575 3449 646 totque
3482 569 3614 648 pla-

395 651 492 728 gis
525 652 916 725 confossum,
952 660 1019 716 ut
1049 655 1404 719 semivivus
1438 659 1697 726 relictus
1730 661 2077 724 videretur.
2106 685 2134 718 ››
2157 662 2310 735 Quae
2343 680 2484 724 cum
2521 682 2660 725 vera
2692 665 2841 736 sint,
2881 675 3070 745 atque
3099 667 3162 729 in
3197 670 3615 731 Parisiensem

305 819 310 826 ,
397 751 740 838 editionem
774 753 1014 830 possint
1053 759 1431 835 retorqueri,
1461 768 1529 820 ut
1555 778 1631 821 ex
1663 759 1850 822 dictis
1893 770 2159 836 constat,
2194 763 2342 823 inde
2385 774 2954 842 quoque‘constare
2983 767 3165 828 debet
3196 771 3612 831 necessariam

397 874 540 919 esse
575 874 798 922 novam
831 860 1111 936 Operam
1144 860 1429 939 Gregorii
1460 864 1838 925 Nazianzeni
1871 865 2253 934 editionem;
2281 866 2550 926 maxime
2577 883 2716 927 cum
2751 869 2920 932 nulla
2954 873 3031 932 sit
3066 889 3206 946 quae
3236 877 3444 933 omnia
3480 875 3618 950 ejus

397 959 602 1037 Opera
655 960 994 1034 contineat,
1031 961 1203 1023 nulla
1240 979 1381 1041 quae
1413 979 1539 1025 non
1574 964 1933 1026 innumeris
1965 966 2209 1025 mendis
2254 974 2511 1026 seateat.
2544 967 2634 1026 Ad
2667 985 2889 1029 novam
2930 970 3122 1046 igitur
3153 971 3430 1047 Operam
3466 973 3621 1033 Gre-

399 1059 560 1130 gorii
603 1057 944 1124 editionem
977 1059 1398 1122 adornandum
1424 1062 1620 1122 nostri
1650 1071 1801 1123 sunt
1827 1061 2129 1138 aggressi.
2163 1063 2412 1123 Primus
2445 1064 2618 1138 Operi
2656 1083 2906 1124 manum
2941 1071 3210 1130 admovit
3241 1073 3311 1130 D.
3345 1073 3619 1132 Iacobus

401 1157 772 1233 Friscbius;
815 1177 944 1238 quo
985 1161 1173 1238 paulo
1208 1166 1346 1236 post
1399 1161 1738 1233 exstincto,
1787 1161 2313 1238 Operi-successit
2369 1163 2443 1222 D.
2478 1163 2848 1239 Franriscus
2878 1167 3202 1241 Louvard;
3261 1187 3474 1231 verum
3530 1179 3622 1233 tot

399 1258 884 1334 tempestatibus
913 1260 1186 1339 jactatus
1217 1269 1310 1322 est
1353 1269 1418 1322 ut
1467 1279 1595 1322 rem
1630 1262 1923 1324 infectam
1965 1262 2331 1341 relinquere
2363 1271 2618 1324 coactus
2641 1264 2742 1326 sit.
2781 1267 2939 1326 Tum
2979 1279 3182 1345 partes
3223 1271 3362 1331 illas
3393 1289 3622 1333 susce-

403 1357 490 1436 pit
527 1360 595 1420 D.
624 1359 1012 1423 Prudentius
1045 1364 1284 1438 Maran,
1316 1364 1426 1428 sed
1467 1382 1501 1427 e
1543 1372 1902 1427 transverso
1953 1382 2122 1427 mors
2164 1366 2498 1427 incurrens
2543 1366 2744 1427 virum
2795 1367 3044 1438 doctum
3078 1374 3358 1447 abstulit,
3405 1375 3622 1451 prius-

403 1477 590 1539 quam
636 1478 798 1540 opus
833 1480 1228 1542 promovere,
1283 1469 1520 1530 nedum
1561 1470 1861 1546 perﬁcere
1899 1470 2202 1545 potuerit.
2237 1470 2504 1530 Demum
2542 1487 2680 1543 nos,
2723 1470 2866 1531 licet
2899 1473 3168 1549 impares
3214 1482 3382 1534 tanto
3413 1473 3620 1545 oneri,

402 1585 431 1620 ιι
468 1563 531 1623 in
568 1580 788 1626 eorum
839 1566 1108 1639 labores,
1147 1589 1176 1624 ››
1210 1568 1393 1630 inviti
1424 1567 1534 1630 sed
1563 1568 1756 1648 jussi,
1788 1568 2192 1632 intravimus.
2243 1569 2408 1643 Quid
2447 1569 2679 1648 singuli
2737 1571 2801 1631 in
2842 1571 2954 1637 hac
2987 1575 3264 1638 editione
3317 1575 3623 1652 praestite-

404 1667 552 1742 rint,
580 1687 752 1734 nunc
787 1673 1262 1748 exponendum.
1360 1701 1363 1709 ι

403 1841 534 1917 ξιι.
573 1859 725 1912 QUtn
769 1860 990 1923 nosrnt
1038 1861 1101 1904 IN
1142 1860 1265 1904 me.
1297 1860 1595 1904 enmone
1644 1860 1900 1916 creauit
1935 1860 2233 1904 caecout:
2278 1860 2665 1904 anoasmna
2719 1859 3189 1912 passuram“
3237 1855 3621 1905 axeomrun'

480 1991 764 2052 Stadium
804 1991 976 2051 istud
1011 1994 1122 2069 qui
1165 1994 1335 2069 prior
1373 1997 1704 2071 ingressus
1732 1994 1963 2068 fuerat,
1999 1995 2270 2057 Iacobus
2301 1994 2630 2056 Frischius
2671 1997 2870 2054 morte
2902 1989 3114 2050 statim
3154 1996 3248 2048 est
3292 1988 3621 2060 sublatus;

402 2098 708 2175 quasdam
751 2105 987 2157 tantum
1027 2096 1337 2159 variantes
1366 2097 1670 2159 lectiones
1706 2099 1987 2177 reliquit.

479 2195 556 2254 D.
591 2195 970 2256 Franciseus
999 2194 1321 2270 Louvard,
1351 2195 1461 2270 qui
1489 2197 1799 2257 successit
1829 2197 2032 2274 cperi,
2071 2197 2177 2257 diu
2214 2197 2619 2276 multumque
2655 2195 2999 2267 insudavit,
3034 2195 3192 2256 nulli
3226 2195 3505 2274 pepercit
3535 2193 3622 2254 la-

400 2291 564 2354 bori.
606 2291 906 2354 Ardentis
946 2293 1188 2370 ingenii
1230 2295 1542 2372 impetum
1604 2304 1865 2358 secutus
1894 2346 1911 2370 ,
1945 2298 2378 2376 undequaque
2425 2297 2840 2375 conquirebat
2873 2296 3183 2374 quidquid
3222 2293 3619 2374 prortositum

401 2415 586 2458 suum
613 2398 836 2476 juvare
874 2407 1113 2478 posset.
1148 2401 1289 2474 Quo
1320 2401 1555 2463 factum
1585 2409 1816 2476 est,'ut
1851 2401 2225 2462 immensam
2265 2419 2471 2463 rerum
2511 2403 2585 2462 ad
2618 2401 2904 2477 Gregorii
2943 2397 3288 2457 editionem
3337 2408 3622 2453 necessa‘

401 2503 635 2565 riarum
669 2503 914 2582 ecpiam
948 2503 1362 2582 congesserit.
1400 2503 1642 2576 Omnes,
1675 2521 1834 2582 pene
1884 2503 2199 2564 editiones
2236 2503 2658 2579 comparavit.
2693 2503 2831 2563 sive
2869 2502 3139 2570 Graecas,
3171 2496 3307 2556 sive
3339 2494 3622 2564 Latinas,

399 2607 535 2668 sive
579 2606 1126 2678 Graeco-Latinas;
1161 2605 1237 2666 ad
1292 2623 1475 2684 quas,
1506 2629 1534 2662 α
1564 2607 1815 2686 omnia,
1851 2607 1901 2668 si
1939 2607 2204 2684 paucula
2260 2608 2544 2685 quaedam
2578 2607 2880 2685 excipias,
2920 2628 2948 2661 ››
2991 2621 3021 2662 a
3057 2621 3124 2662 se
3175 2608 3388 2661 exacta
3427 2597 3623 2657 fuisse

399 2707 682 2785 Gregorii
717 2707 922 2792 Opera
957 2715 1244 2771 testatur.
1282 2711 1412 2771 Has
1443 2728 1664 2773 omnes
1703 2711 1891 2787 longo
1924 2712 2148 2773 ordine
2184 2720 2496 2783 recenset,
2536 2711 2958 2778 Basileenses,
2993 2706 3310 2772 Billianas,
3344 2709 3490 2772 etc.,
3527 2699 3622 2759 le-

399 2801 671 2883 ctiones,
705 2828 847 2889 quae
876 2812 949 2872 ad
981 2812 1214 2874 calcem
1267 2813 1620 2875 editionu‘m
1661 2814 2040 2892 rejiciuntur
2073 2835 2088 2874 :
2125 2822 2315 2891 atque
2373 2816 2564 2876 etiam
2600 2813 2651 2874 si
2695 2830 2852 2891 quas
2889 2807 3198 2871 lectiones
3237 2804 3334 2864 vel
3372 2810 3551 2862 notas
3587 2816 3624 2860 a

401 2911 554 2972 viris
591 2911 792 2996 doctis
834 2912 896 2973 in
931 2931 1037 2975 ora
1096 2914 1402 2994 librorum
1445 2920 1711 2996 scriptas
1745 2920 1946 2990 novit,
1986 2927 2148 2980 tanta
2199 2919 2525 2996 diligentia
2561 2917 2930 2994 exquisivit,
2977 2919 3041 2974 ut
3078 2910 3325 2972 tandem
3375 2923 3624 2984 repere-

404 3015 510 3077 rit.
544 3014 1076 3102 Famosissimum
1113 3020 1413 3089 volumen
1449 3005 1838 3088 Basileensis
1879 3021 2210 3096 editionis,
2252 3022 2312 3080 in
2351 3038 2479 3100 quo
2513 3021 2818 3081 lectiones
2849 3025 2907 3080 et
2941 3013 3441 3082 emendationes.
3480 3026 3624 3086 quas

398 3135 436 3178 θ
460 3107 648 3177 manu
675 3113 841 3176 Billii
873 3115 946 3178 ad
980 3133 1121 3176 oras
1154 3123 1213 3175 et
1250 3116 1406 3176 intra
1446 3116 1643 3176 lineas
1673 3118 1922 3194 scriptze
1953 3125 2122 3189 sunt,
2153 3129 2377 3194 Sponte
2410 3136 2522 3178 sua
2559 3118 2833 3194 benigne
2865 3114 3116 3183 obtulit,
3155 3121 3213 3171 nt
3243 3112 3366 3188 jam
3388 3109 3621 3168 dictum

403 3223 522 3288 est,
557 3214 653 3276 vir
701 3214 1097 3276 clarissimus
1135 3214 1209 3277 D.
1250 3213 1477 3274 Baron.
1512 3214 1700 3275 Aliud
1738 3214 2027 3292 ejusdem
2062 3216 2373 3276 editionis
2408 3215 2752 3285 exemplar,
2790 3236 2817 3268 α
2859 3231 3000 3275 cum
3067 3206 3624 3271 emendationibus

399 3327 462 3377 et
501 3306 1022 3376 adnotatiOnibus
1080 3315 1336 3392 scriptis
1376 3331 1565 3375 manu
1601 3301 1719 3375 viri
1757 3314 1984 3376 docti»
2026 3314 2266 3392 accepit
2298 3333 2327 3374 a
2367 3315 2439 3372 D.
2479 3313 2734 3384 Naulin,
2769 3312 2905 3373 viro
2937 3319 3154 3371 czetera
3195 3308 3403 3378 docto,
3435 3311 3625 3380 atque

404 3393 718 3493 imprimis
754 3413 1221 3492 Scripturarum
1269 3412 1484 3473 studio
1525 3412 1884 3473 clarissimo
1913 3457 1928 3481 ,
1970 3413 2031 3474 in
2074 3413 2246 3474 curia
2303 3410 2647 3472 Parisiensi
2707 3411 3031 3471 advocato.
3088 3408 3419 3482 Exemplar
3458 3401 3624 3463 istud

400 3517 818 3594 Hervagiante
846 3513 1176 3583 editionis,
1213 3510 1272 3570 in
1306 3509 1560 3570 Heinsii
1600 3509 2014 3572 Bibliothecac
2044 3510 2328 3586 catalogo
2365 3509 2657 3587 Lugduni
2690 3509 3058 3569 Batavorum
3102 3508 3271 3570 edito
3303 3522 3407 3567 an.
3444 3503 3622 3576 1682,

378 3643 462 3702 ιν.
494 3626 557 3694 ’1,
600 3624 807 3685 n.129
841 3623 1212 3699 inscriptum
1254 3625 1371 3678 est.
1419 3617 1753 3678 Lectiones
1793 3625 1853 3678 et
1886 3617 2371 3679 emendationes
2403 3624 2554 3677 sunt
2591 3613 2915 3690 eleganter
2949 3609 3149 3686 picltB,
3180 3606 3285 3668 sed
3321 3604 3620 3679 Anglum,

400 3724 650 3786 Calvini
701 3722 1084 3798 discipulum
1115 3763 1133 3792 ,
1175 3720 1476 3798 sapiunt,
1511 3720 1576 3778 ni
1631 3719 1836 3782 fallor.
1870 3720 2188 3793 Quasdam
2245 3719 2764 3786 emendationes,
2794 3732 2952 3795 quas
3000 3715 3062 3774 in
3096 3729 3202 3773 ora
3243 3709 3625 3770 l‘arisiettsis

399 3823 703 3887 editionis
765 3821 915 3882 anni
973 3821 1178 3891 1630,
1223 3818 1373 3878 olim
1434 3819 1730 3895 apposuit
1787 3818 2198 3880 doctissimus
2251 3821 2330 3879 de
2388 3819 2617 3878 Bareos
2685 3817 2874 3878 abbas
2933 3815 3399 3894 Sancygiranus
3435 3857 3451 3885 ,
3508 3811 3626 3870 de-

399 3927 590 3990 scribi
657 3935 718 3987 et
784 3925 858 3986 ad
940 3941 1008 3986 se
1083 3923 1296 3992 mitti,
1364 3922 1853 3996 emendationes,
1921 3940 2180 3998 quoque
2240 3941 2309 3983 ac
2396 3932 2576 3984 notas
2647 3940 2678 3982 a
2755 3921 3122 3982 doctissimo
3211 3917 3624 3979 Tillemontio

396 4033 472 4094 ad
532 4047 704 4091 oram
765 4009 1138 4098 Parisiensis
1198 4024 1502 4112 editionis
1555 4025 1844 4103 scriptas.
1877 4027 2295 4088 etadomino
2360 4026 2669 4086 'l‘ronchai
2731 4025 2970 4086 oblatas
3025 4022 3293 4084 exscribi
3353 4019 3620 4081 curavit.
3676 4111 3678 4114 ν

439 4131 442 4134 ’
478 4132 758 4191 Tandem
792 4127 1266 4206 copiosissimas
1307 4129 1638 4202 lectiones,
1665 4150 1822 4210 quas
1854 4151 1886 4195 c
1925 4134 2160 4209 ltegiis,
2201 4133 2587 4194 Colbertinis
2618 4132 3137 4210 Mazarinmisque
3175 4128 3622 4203 manuscriptis

397 4232 699 4295 ccilectas
729 4273 746 4304 ,
785 4232 859 4292 ad
895 4247 1063 4292 oram
1099 4235 1596 4296 Graeco—Latinae
1630 4237 1932 4298 editionis
1990 4238 2370 4298 Parisiensis
2424 4235 2572 4297 anni
2627 4235 2780 4297 1630
2830 4252 3015 4295 tnanu
3051 4232 3298 4311 propria
3333 4230 3626 4310 appinxit
3667 4282 3672 4287 .

401 4339 498 4400 vir
529 4339 960 4407 doctissimus.
994 4357 1064 4399 ac
1093 4339 1170 4400 de
1199 4341 1424 4400 litteris
1455 4342 1685 4403 Grmcis
1721 4344 1958 4421 optimc
1997 4343 2262 4404 meritus
2301 4345 2374 4403 Β.
2399 4343 2463 4403 P.
2487 4341 2934 4402 Combeﬁsrus.
2971 4332 3458 4406 Dominicanus,
3487 4329 3622 4408 ipse

399 4458 515 4502 sua
565 4440 906 4514 exscripsit
943 4448 1159 4501 noster
1195 4443 1569 4502 Louvardus
1605 4463 1620 4502 :
1654 4444 1755 4504 cui
1801 4452 2096 4520 praeterea
2128 4447 2201 4504 R.
2239 4445 2302 4505 P.
2341 4444 2396 4505 le
2438 4444 2643 4516 Quien
2677 4440 2988 4507 doctrina,
3022 4435 3406 4504 eruditione,
3466 4431 3620 4492 scri-

400 4540 522 4617 ptis
560 4539 956 4601 clarissimus
984 4583 1002 4613 ,
1035 4557 1069 4598 e
1097 4540 1508 4601 Dominicana
1547 4540 1810 4614 familia,
1855 4541 2110 4601 Parisiis
2149 4540 2221 4600 ad
2259 4541 2465 4600 vicum
2501 4539 2707 4600 Sancti
2742 4539 3094 4610 Honorati,
3128 4537 3225 4598 sui
3265 4538 3459 4597 decus
3494 4552 3624 4594 ma-

397 4643 643 4720 ximum
681 4642 926 4704 ordinis
962 4684 979 4709 .
1014 4643 1499 4704 emendationes
1553 4651 1614 4705 et
1670 4652 1848 4705 notas
1893 4645 2218 4706 eenSorias
2269 4644 2334 4704 in
2372 4627 2699 4703 Billianam
2737 4658 2988 4704 omnem
3033 4657 3293 4717 cperam
3333 4636 3618 4714 Gregorii
3684 4635 3686 4637 ’

396 4744 989 4824 interpretationem
1016 4787 1030 4812 ,
1069 4743 1145 4802 ab
1185 4745 1409 4804 eodem
1467 4745 1646 4806 Patre
1681 4745 2066 4806 C‘ombefisio
2099 4745 2450 4805 elaboratas
2505 4743 2780 4818 benigne
2814 4741 3101 4812 tradidit;
3140 4748 3198 4799 et
3230 4736 3486 4816 quidem
3543 4751 3619 4795 eo

398 4848 627 4923 majori
664 4847 1082 4923 benignitate,
1111 4843 1280 4920 quod
1316 4842 1454 4920 ipse
1498 4862 1658 4923 pene
1699 4853 2004 4906 statuerat
2037 4845 2223 4905 edere
2255 4843 2652 4919 Gregorium,
2689 4846 2940 4917 pr0pter
3001 4838 3387 4916 singularem
3441 4837 3621 4900 theo-

398 4949 525 5025 logi
553 4947 917 5010 aﬂinitatcm
949 4965 1090 5009 cum
1126 4947 1543 5020 Damasceno,
1578 4947 1759 5024 cujus
1790 4957 1925 5029 tum
1963 4948 2307 5009 editionem
2349 4947 2718 5008 adornabat.
2755 4951 2762 4964 '

478 5050 754 5112 Primum
817 5058 1026 5111 autem
1102 5060 1321 5110 nostro
1385 5052 1717 5113 Louvardo
1787 5052 2070 5112 studium
2138 5052 2258 5111 fuit
2331 5050 2563 5111 scrinia
2632 5043 3158 5108 bibliothecarum
3239 5054 3616 5105 revolvere,

392 5155 455 5208 et
501 5148 818 5227 quidquid
890 5165 923 5207 e
991 5167 1055 5209 re
1117 5165 1230 5208 sua
1283 5155 1416 5208 erat
1471 5149 1858 5210 describere.
1902 5150 2292 5226 Scriptorum
2360 5165 2544 5206 manu
2606 5144 2895 5205 codicum
2956 5149 3185 5202 tantam
3249 5139 3480 5216 reperit
3519 5154 3624 5197 co-

394 5245 616 5322 piant,
665 5255 734 5305 ut
779 5245 845 5305 in
879 5246 976 5306 his
1033 5245 1637 5321 de-iigendis'Operte
1686 5249 1827 5325 plus
1886 5248 2281 5324 insumptum
2320 5289 2336 5319 ,
2378 5250 2568 5324 Quam
2623 5245 2688 5304 in
2743 5240 3148 5303 inveniendis
3205 5237 3497 5310 fateatur,
3532 5249 3624 5299 at-

392 5366 523 5425 que
586 5366 665 5409 ex
716 5348 794 5410 iis
849 5348 1228 5410 immensam
1300 5349 1616 5410 variarum
1679 5350 2024 5413 lectionum
2090 5351 2332 5430 copiam
2395 5349 2530 5410 sive
2597 5348 2847 5426 prOpria
2885 5393 2902 5424 ,
2960 5351 3096 5411 sive
3153 5349 3358 5412 aliena
3427 5363 3620 5408 manu

392 5449 675 5527 collegit.

472 5546 590 5606 His
622 5545 924 5607 omnibus
961 5548 1367 5623 comparatis,
1407 5549 1835 5627 praefationes,
1893 5552 2082 5612 vitam
2115 5551 2393 5612 auctoris
2420 5593 2434 5622 ,
2471 5547 2880 5628 praefigendas
2911 5551 3184 5628 singulis
3219 5553 3620 5614 orationibus

385 5644 870 5708 admonitiones
905 5690 922 5719 ,
975 5651 1289 5732 quidquid
1348 5655 1607 5717 demunt
1647 5665 2002 5719 accuratam
2045 5657 2208 5719 solet
2243 5663 2432 5735 atque
2467 5656 2651 5719 etiam
2695 5656 2880 5716 debet
2927 5657 3275 5718 editionem
3310 5656 3619 5734 comitari,

387 5757 640 5808 summa
673 5743 1005 5822 diligentia
1034 5765 1105 5811 ac
1142 5751 1466 5816 celeritate
1492 5756 1776 5833 parabat,
1811 5765 2001 5834 atque
2054 5772 2129 5818 eo
2163 5772 2545 5836 progressu,
2582 5761 2649 5816 ut
2705 5754 3022 5832 fastigium
3059 5758 3237 5835 operi
3283 5757 3622 5837 imposuis-
