3926 6410
117 415 172 470 es
1070 397 1445 458 ΡηωΑτιο
1473 396 1879 460 canamus.
1917 428 1986 445 -
2022 397 2202 462 rans
2234 399 2291 462 1.;
2778 435 2800 464 ρ
3209 401 3278 454 ξω

115 535 212 597 set,
239 520 297 581 ni
328 515 638 582 continuis
669 513 982 576 molestiis
1028 518 1088 576 et
1128 513 1610 591 impedimentis
1651 516 2048 581 conﬂictatus
2100 516 2352 586 fuisset.
2389 515 2659 583 Demum
2688 515 2942 591 incepto
2973 515 3281 580 desistere

114 636 349 693 coactus,
377 618 525 681 nihil
557 615 852 681 absolvit.
886 618 1047 678 Tum
1095 619 1398 695 pependit
1437 618 1794 698 interrupta
1832 619 2121 698 Gregorii
2154 635 2423 697 operum
2459 617 2678 688 editio,
2716 616 3032 696 minaeque
3056 617 3283 695 ingen-

117 741 190 790 tes
213 740 471 804 operum.
511 722 721 796 Minae,
754 722 1037 800 inquam,
1069 723 1362 800 ingentes
1394 740 1699 801 Operam;
1737 741 1876 786 nam
1903 731 2126 802 praeter
2150 721 2454 799 Grmgorii
2488 718 2712 798 Opera,
2739 721 2895 782 Eliaa
2924 721 2986 779 in
3020 737 3280 782 novem-

115 833 280 894 decim
307 829 642 896 orationes,
677 843 913 904 easque
943 825 1328 904 insigniores
1359 844 1430 889 ac
1466 828 1889 906 theologicas;
1925 829 2156 890 Nicetre
2202 829 2352 890 item
2385 829 2452 888 in
2487 823 2804 886 sexdecim
2835 823 2990 883 alias
3025 822 3277 884 Oratio-

117 949 203 993 nes
229 927 690 998 cmnmentaria;
729 928 970 1000 Basilii,
1010 929 1220 990 medio
1251 931 1488 992 saeculo
1519 931 1769 992 decimo
1805 931 2097 992 Ecclesiae
2126 929 2540 992 Caesariensis
2572 925 2854 1002 episcopi
2897 925 3082 1003 longe
3111 926 3278 998 opti-

116 1032 178 1091 mi
209 1027 560 1098 selioliastre,
598 1028 663 1088 iu
700 1027 856 1087 duas
887 1045 1074 1104 supra
1121 1030 1537 1106 quadraginta
1592 1029 1914 1098 orationes
1952 1027 2235 1100 scholia;
2269 1027 2522 1088 demum
2563 1029 2753 1089 simul
2794 1047 2936 1090 cum
2971 1032 3275 1109 aperibus

113 1133 377 1212 Gregorii,
413 1138 552 1209 plus
584 1142 824 1211 septem
858 1135 1262 1211 scriptorum,
1297 1152 1569 1214 quorum
1615 1152 1692 1195 ne
1723 1133 1982 1212 quidem
2018 1138 2161 1193 nota
2210 1139 2362 1191 sunt
2397 1133 2674 1203 nomina,
2707 1115 2878 1190 fetus
2919 1132 3278 1202 edere,imo

113 1235 439 1312 prmunittere
468 1242 797 1296 statuerat.
830 1236 1140 1315 Pleraque
1173 1247 1386 1315 parata
1417 1243 1619 1311 erant,
1657 1245 1719 1300 et
1745 1236 2004 1315 quidem
2067 1234 2243 1315 prelo
2281 1237 2625 1299 maturiora
2657 1253 2845 1315 quam
2878 1236 3014 1316 ipsa
3041 1239 3278 1318 Grego-

112 1343 170 1404 rii
202 1341 404 1417 Opera.

170 1439 574 1500 Intermissum
601 1441 705 1501 diu
741 1457 928 1519 opus,
965 1441 1216 1502 tandem
1253 1441 1443 1519 longo
1479 1447 1622 1520 post
1659 1447 1942 1518 tempore
1978 1438 2046 1500 in
2077 1445 2283 1500 nostri
2339 1437 2667 1500 t’rudentii
2700 1455 2927 1500 manus
2959 1439 3273 1518 pervenit,

115 1544 204 1604 viri
235 1543 574 1605 eruditione
602 1551 661 1604 et
700 1544 1024 1604 laboribus
1060 1544 1357 1606 Ecclesiae
1385 1543 1640 1605 utilitati
1671 1543 1979 1620 impensis
2012 1585 2029 1610 .
2067 1557 2300 1619 nempe
2325 1541 2589 1602 edendis
2620 1547 2982 1601 sanctorum
3018 1541 3270 1600 Patrum

111 1642 338 1719 scriptis,
369 1642 731 1706 clarissimi.
768 1643 969 1703 Nemo
1020 1649 1188 1704 certe
1232 1661 1266 1704 θ
1298 1646 1534 1704 nostris
1581 1643 1657 1704 ad
1711 1639 2000 1717 Gregorii
2036 1639 2382 1701 editionem
2418 1640 2944 1710 concinnandam,
2981 1645 3040 1699 et
3070 1637 3145 1699 ad
3178 1638 3279 1697 in-

109 1752 306 1823 ceptum
339 1761 496 1822 Opus
528 1745 700 1806 istud
751 1743 1202 1821 perﬁciendum
1235 1747 1438 1824 magis
1488 1747 1785 1808 idoneus.
1818 1746 2056 1806 Verum
2091 1750 2388 1820 suscepto
2414 1743 2590 1821 Operi
2630 1742 2836 1803 serius
2875 1757 3130 1801 manum
3170 1739 3282 1801 ad-

109 1844 284 1914 movit,
317 1860 428 1905 nec
458 1845 730 1908 multum
763 1851 1162 1913 acceleravit.
1200 1852 1529 1914 Deiectum
1569 1851 1906 1931 quemdam
1943 1850 2256 1911 variarum
2295 1848 2639 1910 lectionum
2668 1893 2685 1922 ,
2734 1866 3002 1928 quarum
3057 1844 3278 1906 ﬂorem

109 1950 392 2018 libaverat,
427 1950 570 2028 ejus
601 1971 784 2014 manu
821 1954 1156 2033 scriptum,
1206 1963 1266 2024 et
1301 1956 1570 2034 plurima
1602 1956 1883 2018 carmina
1911 1997 1929 2030 ,
1962 1969 2105 2032 qum
2147 1953 2362 2016 stricta
2397 1952 2687 2014 oratione
2721 1957 2991 2014 verterat
3026 1948 3276 2020 Billius,

107 2052 163 2111 ab
194 2050 310 2124 ipso
342 2049 547 2110 solata
579 2052 865 2114 oratione
899 2055 1140 2115 reddita
1178 2055 1554 2131 reperimus.

162 2156 398 2217 Multum
431 2157 643 2220 adhuc
673 2174 880 2234 Operae
910 2168 969 2221 et
1004 2161 1238 2224 laboris
1279 2142 1780 2240 imperti-tendum
1819 2163 2192 2238 supererat,
2225 2157 2298 2217 ad
2345 2150 2782 2232 perﬁciendam
2816 2148 3091 2223 Operum
3123 2144 3281 2206 Gre-—

108 2259 232 2334 gnrii
259 2259 622 2321 editionem.
663 2261 886 2323 Collati
923 2265 1180 2344 quidem
1216 2273 1392 2328 erant
1424 2283 1613 2327 manu
1645 2264 1879 2326 exarati
1920 2263 2174 2324 codices
2200 2261 2583 2330 orationum,
2618 2255 3024 2336 epistolarum
3053 2257 3110 2309 et
3143 2265 3279 2309 car-

107 2358 342 2430 minum;
375 2362 476 2418 sed
515 2359 1032 2425 varizelectiones
1059 2363 1265 2429 adhuc
1299 2366 1642 2440 dissipatae,
1669 2365 1735 2425 in
1772 2363 2006 2426 chartis
2041 2370 2282 2424 tantum
2321 2360 2675 2437 descriptae,
2701 2355 2968 2416 necdum
3001 2350 3072 2412 ad
3101 2363 3276 2409 oram

107 2458 433 2546 “Btttttljiris
470 2460 700 2521 edendi
732 2468 1017 2544 appictm.
1049 2471 1596 2544 Quemadmodum
1635 2471 2004 2546 priusquam
2039 2468 2269 2529 domus
2305 2465 2677 2534 aedificetur,
2709 2477 2807 2521 res
2836 2458 2910 2518 ad
2963 2453 3277 2516 aedifican-

107 2556 223 2615 dum
255 2558 652 2630 necessaria),
687 2565 942 2626 materia
975 2610 991 2638 ,
1023 2570 1183 2639 calx,
1211 2576 1533 2638 caementa,
1567 2568 1755 2645 ligna,
1791 2573 1849 2628 et
1883 2584 2284 2646 quaecunque
2321 2560 2656 2624 aediﬁcanti
2690 2566 2838 2619 sunt
2871 2551 3226 2616 necessaria
3255 2592 3273 2619 ,

109 2667 509 2731 praeparantur;
570 2661 661 2721 sic
690 2679 832 2740 qum
881 2669 953 2728 ad
995 2670 1342 2731 editionem
1378 2671 1659 2748 Gregorii

1724 2670 2087 2743 recessaria,
2126 2677 2466 2747 praeparata
2503 2646 2788 2748 quidem,
2828 2664 2937 2726 sed
2991 2661 3274 2722 nondum

109 2764 306 2816 tractata
338 2768 394 2818 et
424 2758 744 2822 elaborata
785 2783 800 2822 :
852 2767 1037 2828 varia:
1071 2768 1376 2830 lectiones
1407 2769 1704 2829 sanandis
1743 2769 1937 2830 Grmci
1973 2774 2184 2829 textus
2222 2768 2377 2829 locis
2407 2767 2762 2842 depravatis
2810 2771 3032 2841 praesto
3072 2764 3274 2828 erant,

107 2854 184 2911 sed
215 2855 471 2915 nondum
529 2858 873 2934 adhibitae;
909 2864 1198 2943 adeoque
1231 2866 1668 2927 emendandus
1719 2875 2048 2944 supererat
2087 2875 2301 2927 textus
2333 2910 2349 2938 ,
2385 2865 2776 2927 emendanda
2812 2879 3073 2941 quoque
3107 2855 3270 2917 Billii

105 2952 508 3033 interpretatio.
539 2957 986 3023 Concinnanda
1023 2974 1152 3024 erat
1190 2965 1308 3027 vita
1339 2965 1672 3042 Gregorii;
1714 2966 1788 3026 ad
1832 2966 2000 3041 quod
2037 2983 2200 3044 npus
2236 2966 2581 3039 fragmenta
2625 2966 2852 3026 Gallica
2879 2954 3274 3022 Tillemoutii

108 3064 684 3136 commentariorum,
709 3081 850 3142 (iure
879 3079 1105 3124 omnes
1158 3065 1299 3123 vitae
1335 3063 1536 3140 ipsius
1573 3082 1777 3124 annos
1812 3064 2074 3125 minime
2126 3064 2660 3139 complectuntur,
2699 3060 3008 3138 praecipue
3038 3073 3272 3132 suppe-

108 3163 295 3222 tebant.
324 3165 493 3225 Notae
539 3166 673 3227 sive
703 3165 1222 3238 observationes,
1248 3166 1500 3243 aliaque
1537 3166 1806 3243 plurima
1845 3183 1987 3244 quae
2021 3165 2440 3244 requiruntur
2476 3160 2549 3224 ad
2587 3163 2959 3234 editionem,
2992 3157 3274 3219 nondum

107 3266 363 3327 elaborata
394 3290 409 3328 :
448 3268 582 3329 haec
607 3268 815 3328 omnia
844 3283 954 3344 pro
991 3268 1234 3328 viribus
1260 3275 1554 3345 praestare
1584 3269 1787 3330 conati
1823 3284 2075 3328 sumus.

161 3366 402 3427 Primum
468 3369 530 3427 id
597 3369 780 3429 nobis
839 3370 1123 3431 studium
1189 3370 1309 3431 fuit
1378 3371 1579 3431 varias
1649 3369 1955 3430 lectiones
2025 3386 2168 3430 curn
2233 3367 2404 3429 edito
2475 3365 2761 3443 Gregorii
2824 3368 2996 3425 txtu
3059 3362 3275 3423 Grmco

108 3467 379 3542 conferre,
442 3471 584 3532 lora
639 3485 926 3550 corrupta
981 3493 1249 3548 sanare,
1310 3485 1380 3535 ut
1461 3493 1572 3538 sua
1649 3475 1847 3535 textui
1927 3475 2169 3550 pur-itas
2227 3473 2705 3536 restitueretur,
2763 3479 3048 3524 suusnue
3110 3460 3275 3520 nitor

110 3571 444 3632 reddi-retur.
487 3573 586 3633 Ad
647 3573 1234 3649 interpretationem
1273 3575 1441 3649 quod
1488 3580 1749 3651 Spectat.
1785 3561 2012 3631 Billius
2045 3573 2142 3630 vir
2178 3571 2514 3647 utriusque
2550 3569 2782 3640 linguce
2815 3579 2912 3640 per
2940 3559 3272 3626 .tissiutus,

107 3668 330 3744 Gregorii
363 3673 572 3749 Opera
610 3679 730 3731 tam
767 3671 931 3733 felici
966 3690 1265 3732 successu
1294 3672 1512 3731 Latino
1549 3671 1820 3730 reddidit
1850 3679 2153 3747 tantoque
2186 3669 2349 3747 apud
2381 3684 2603 3727 omnes
2640 3665 2698 3722 in
2735 3663 2974 3721 honore
3007 3668 3098 3719 est
3134 3659 3272 3734 ejus

107 3768 520 3847 interpretatio,
561 3783 624 3834 ut
661 3771 1036 3832 temerarius
1069 3777 1238 3828 certe
1269 3769 1606 3829 auditurus
1639 3767 1747 3836 sit,
1781 3767 2076 3846 quisquis
2107 3784 2332 3827 novam
2372 3767 2680 3826 adornare
2713 3755 3272 3822 teutaverithibil

109 3880 266 3936 tamen
301 3895 370 3938 eo
401 3882 478 3938 de
517 3877 781 3937 Billiana
820 3873 1345 3950 interpretatione
1391 3851 1640 3947 judicio
1694 3870 2038 3931 deterritus
2072 3879 2292 3931 noster
2323 3860 2722 3940 Louvardus,
2759 3869 2943 3928 aliam
2983 3862 3104 3924 sibi
3139 3861 3273 3921 ela-

109 3975 390 4037 bot'audam
431 3984 786 4056 putaverat,
821 3985 882 4034 et
915 3975 980 4035 in
1015 3971 1338 4033 vertendis
1380 3970 1629 4030 duabus
1666 3969 2094 4042 orationibus,
2132 3986 2358 4045 nempe
2395 3968 2595 4046 prima
2630 3963 3033 4034 etsecunda,
3073 3959 3156 4020 al.
3206 3959 3272 4020 1·

109 4077 280 4144 etiis,
316 4079 394 4138 rei
441 4077 799 4154 periculum
838 4075 1339 4134 b-ceratzverum
1387 4078 1619 4131 mutata
1653 4070 1968 4130 sententia
2010 4069 2266 4145 incepto
2316 4068 2581 4142 destitit,
2613 4077 2674 4131 et
2712 4069 3036 4128 Billianam
3069 4065 3271 4124 inter-

109 4183 464 4252 pretationem
510 4196 769 4241 servare
805 4172 1107 4235 decrevit.
1162 4173 1332 4232 Idem
1386 4168 1509 4231 fuit
1545 4169 1880 4230 consilium
1930 4179 2150 4230 nostro
2187 4169 2553 4230 Prudentio.
2605 4169 2947 4245 Utriusque
2985 4161 3270 4237 vestigiis

107 4281 452 4358 intuerentes,
487 4303 629 4355 eam
683 4299 717 4342 e
775 4280 1036 4356 regione
1085 4274 1281 4337 Graeci
1321 4282 1660 4336 contextus
1705 4282 1936 4334 sariam
1993 4277 2217 4333 tectam
2272 4272 2708 4340 servavimus;
2764 4276 2824 4328 et
2856 4266 2906 4325 si
2941 4264 3197 4341 Quando
3233 4276 3269 4318 a

108 4402 270 4450 tuente
296 4389 582 4465 Gregorii
626 4385 892 4446 Billiana
926 4378 1368 4456 interpretatio
1424 4377 1718 4438 aberrare
1765 4383 1873 4437 aut
1916 4393 2053 4437 eam
2097 4392 2225 4436 non
2259 4377 2414 4436 satis
2464 4373 2720 4450 assequi
2757 4372 2887 4431 visa
2926 4373 3044 4439 est,
3076 4367 3266 4427 aliam

106 4480 260 4549 textui
290 4491 573 4550 inserere
605 4503 729 4546 non
767 4481 1228 4550 dubitavimus,
1270 4477 1362 4538 vel
1408 4478 1466 4537 in
1500 4477 1668 4537 notis
1711 4476 2050 4553 subjicere,
2107 4475 2405 4537 lectorem
2467 4478 2810 4538 monendo.
2843 4473 2907 4533 ld
2944 4479 3156 4532 autem
3191 4469 3268 4528 de

107 4592 453 4652 orationibus
490 4595 735 4654 tantum
770 4593 829 4644 et
867 4583 1156 4659 epistolis
1209 4581 1742 4656 intelligendum;
1782 4597 1921 4639 nam
1974 4583 2060 4640 de
2094 4580 2487 4640 carminibus
2520 4580 2693 4640 aliud
2737 4577 2854 4638 fuit
2889 4575 3264 4637 consilium.

102 4685 219 4748 Cum
247 4694 403 4750 enim
445 4688 664 4750 Latina
702 4685 868 4744 Billii
905 4683 1180 4744 carmina
1214 4681 1444 4742 Graecis
1474 4679 1761 4762 Gregorii
1803 4680 2196 4740 carminibus
2229 4696 2354 4739 non
2387 4688 2542 4739 satis
2577 4681 3018 4755 reSpondeant,
3057 4674 3258 4732 visum
3313 4748 3316 4750 _

104 4794 370 4855 estGrzeca
395 4793 672 4873 pedestri
697 4806 994 4853 sermone
1027 4786 1576 4860 reddere,Latinis
1603 4784 2077 4846 Billiiversibus
2111 4784 2184 4844 ad
2226 4783 2570 4860 rnargincm
2602 4781 2960 4840 inferiorem
2988 4776 3264 4856 rejectis.

159 4895 501 4974 Priusquam
552 4905 761 4954 alitem
819 4894 1087 4956 ulterius
1143 4891 1644 4967 progrediantur,
1689 4888 1788 4950 bic
1839 4890 2048 4948 obiter
2091 4889 2545 4964 exponendum
2583 4884 2848 4964 quinam
2901 4880 3032 4943 sint
3079 4894 3265 4941 uianu

101 4999 285 5057 exarati
317 4999 588 5070 codices,
631 4992 845 5057 excusi
914 5012 945 5055 a
983 4995 1052 5053 D.
1083 4992 1441 5066 Louvardo,
1475 4991 1713 5069 quibus
1753 4989 1850 5049 usi
1885 5004 2134 5050 sumus.

275 5166 299 5235 ἃ
338 5166 444 5226 lll.
494 5182 749 5226 norma
792 5176 1088 5221 versans:
1133 5173 1442 5225 CODICUM,
1492 5172 1567 5214 an
1615 5169 1775 5224 quos
1823 5168 2122 5212 GREGOBII
2170 5166 2520 5211 ORATIONES
2563 5161 3041 5208 emcsnavmus.

156 5308 434 5370 Plurimos
468 5323 526 5373 et
567 5312 827 5390 quidem
885 5307 1350 5386 probatissimae
1401 5314 1566 5368 notae
1611 5304 1865 5365 codices
1919 5302 1985 5362 in
2041 5300 2383 5362 consilium
2441 5299 2887 5360 adhibuimus.
2930 5295 3060 5356 Hos
3101 5293 3263 5354 inter

98 5417 228 5466 tinus
254 5418 338 5470 est
368 5412 628 5485 Regius,
663 5411 814 5470 olim
851 5426 1027 5470 num.
1066 5408 1243 5478 1809,
1279 5423 1449 5466 nunc
1491 5414 1700 5465 autem
1737 5421 1912 5463 num.
1949 5401 2068 5463 510
2103 5407 2226 5462 tota
2270 5399 2594 5478 republica
2633 5399 2929 5458 lilteraria
2962 5393 3258 5479 famosis-

101 5504 279 5577 simus,
306 5515 412 5589 qui
450 5513 627 5574 solus
660 5532 693 5573 e
725 5511 1072 5572 Gallicanis
1105 5511 1405 5572 omnibus
1441 5523 1698 5568 cunctas
1723 5508 2008 5585 Gregorii
2045 5505 2366 5567 orationes
2393 5503 2697 5564 continet.
2731 5501 2819 5559 De
2852 5517 2981 5578 quo
3002 5495 3261 5558 Billius:

101 5607 284 5681 ITuli,
336 5615 572 5693 inquit,
640 5617 1106 5696 amplissiu‘tum
1148 5617 1428 5678 codicem
1482 5614 1855 5692 capitalibus
1913 5613 2137 5674 litteris
2197 5619 2546 5677 exnratum,
2587 5615 2825 5670 tantum
2867 5602 3262 5680 antiquitatis

101 5723 193 5784 line
218 5732 276 5776 se
307 5718 638 5792 ferentem,
675 5730 742 5784 ut
778 5723 987 5801 ipsius
1020 5721 1308 5800 Gregorii
1348 5724 1802 5800 propemodum
1837 5726 2020 5780 mtate
2047 5719 2320 5796 scriptus
2346 5733 2487 5779 esse
2517 5713 2864 5781 videretur,
2897 5705 3006 5785 qui
3041 5711 3263 5783 prwtel

105 5816 348 5892 ePistolas
378 5835 436 5890 et
467 5844 718 5909 versus,
755 5829 966 5896 omnia
999 5828 1206 5909 ipsius
1241 5827 1447 5908 Opera
1495 5825 1888 5892 continebat.
1926 5825 2128 5900 Quem
2168 5841 2310 5888 cum
2355 5819 2759 5904 paucissimis
2797 5815 3024 5881 diebus
3051 5813 3260 5875 incre-
