3926 6410
591 386 661 444 ‘57
1124 416 1137 433 ε
1621 386 1994 445 ΡΒᾸΞῈΛΤΙΟ
2031 389 2141 447 GE!

2261 386 2435 445 ALIS.
2472 413 2543 429 --
2577 383 2758 443 PARS
2793 386 2835 441 ῐ.
3747 384 3810 442 98

601 499 779 561 dihili
820 501 1140 565 celeritate
1172 501 1612 582 perlegissem,
1634 522 1713 566 ex
1744 522 1950 586 eoque
1986 506 2320 571 innumera
2349 507 2508 579 loca,
2536 522 2679 585 qua:
2708 505 2772 566 in
2806 504 3124 583 impresso
3154 502 3389 567 vitiose
3420 502 3794 582 legebantur

595 600 945 677 integritati
988 618 1121 663 sua)
1165 606 1877 682 restituissem,,statim
1930 628 2077 673 eum
2129 613 2410 675 Athenas
2443 612 2594 691 (quo
2628 609 2798 671 enim
2852 607 2979 671 alio
3014 609 3275 672 nomine
3324 609 3810 687 incomparabile

592 700 753 760 illud
792 700 1101 763 bonarum
1153 706 1442 770 omnium
1487 708 1839 771 litterarum
1877 707 2399 795 gamphylacium
2438 709 2820 791 appellem?)
2853 708 3255 772 referendum
3295 707 3568 769 habui.»
3599 708 3813 780 Quan-

594 807 726 860 tum
765 799 1089 864 festinaret
1117 804 1370 881 Billius,
1412 808 1514 872 hic
1545 826 1627 871 ex
1661 810 1800 889 ipso
1847 811 2182 884 discimus,
2235 830 2307 874 ac
2356 811 2436 873 de
2473 810 2706 872 Graecis
2745 807 3147 886 «integritati
3179 823 3313 869 suae
3342 804 3757 868 restituendis
3786 832 3807 864 ι

595 916 741 960 eum
783 918 905 961 non
940 903 1278 980 cogitasse,
1326 908 1451 969 nisi
1486 909 1699 988 quoad
1737 909 2012 971 versioni
2046 927 2179 972 suae
2211 910 2364 973 satis
2399 910 2678 972 haberet.

674 1004 926 1064 Famosi
962 1004 1137 1067 illius
1188 1008 1453 1082 codicis,
1493 1008 1781 1070 omnium
1826 1015 2149 1090 quotquot
2196 1010 2263 1071 in
2305 1010 2500 1087 Regia
2539 1006 2928 1070 bibliotheca
2965 1002 3163 1066 Graeci
3197 1007 3614 1066 asservantur
3644 1020 3811 1067 orna-

600 1100 856 1174 tissimi,
889 1102 1154 1165 formam
1190 1124 1265 1168 ex
1299 1108 1581 1185 catalogo
1611 1106 2017 1171 bibliothecas
2046 1109 2259 1185 Regia)
2312 1123 2677 1188 expressam
2712 1106 2917 1168 oculis
2954 1104 3298 1182 subjicere,
3330 1122 3448 1167 nec
3481 1108 3807 1171 molestum

593 1201 805 1272 nobis,
843 1219 960 1264 nec
990 1203 1200 1267 forsan
1236 1206 1353 1285 ipsi
1389 1207 1705 1284 ingratum
1739 1206 1986 1269 lectori.
2020 1208 2537 1270 Membranaceus
2567 1204 2766 1268 codex
2798 1210 2893 1266 est
2919 1247 2937 1277 ,
2972 1208 3139 1263 totus
3170 1217 3202 1260 a
3236 1202 3439 1279 capite
3474 1203 3549 1263 ad
3584 1204 3809 1277 calcem

595 1300 960 1363 uncialibus
1015 1303 1242 1366 litteris
1296 1304 1591 1382 oblongis
1627 1312 1687 1367 et
1730 1307 1802 1367 ad
1839 1306 2165 1367 sinistram
2217 1306 2548 1383 paululum
2598 1304 2864 1367 deﬂexis
2906 1302 3382 1379 elegantissime
3436 1305 3808 1382 descriptus,

596 1418 741 1462 cum
796 1403 1168 1465 accentibus
1224 1406 1421 1483 prima
1476 1425 1692 1470 manu.
1750 1407 2082 1470 Columnis
2127 1410 2375 1472 duabus
2427 1409 2671 1488 paginae
2726 1406 3284 1471 distinctadituli
3339 1409 3700 1470 orationum
3754 1410 3809 1472 in

598 1501 964 1561 membrana
996 1519 1187 1565 aurea
1224 1506 1462 1566 exarati
1500 1527 1515 1567 :
1546 1504 1817 1582 singulae
1848 1504 2045 1569 ferme
2075 1504 2525 1567 distinctiones
2554 1504 2849 1583 majores,
2881 1508 2987 1566 aut
3020 1506 3293 1582 periodi,
3325 1507 3555 1571 litteris
3582 1511 3809 1585 aureis,

594 1600 864 1677 pictisve
899 1602 1115 1679 figuris
1152 1604 1495 1683 incipiunt.
1528 1610 1723 1673 Initio
1757 1610 2065 1688 imagines
2099 1611 2388 1691 quinque
2419 1610 2679 1689 paginas
2715 1611 3002 1688 singulas
3033 1625 3346 1697 occupant
3372 1639 3389 1681 :
3418 1619 3661 1698 primae,
3696 1630 3814 1685 ter.

597 1706 695 1767 tite
728 1711 788 1764 et
820 1714 1059 1782 quartae
1094 1710 1457 1775 membrana
1490 1716 1791 1789 merulea;
1824 1716 2121 1779 secunda)
2153 1734 2300 1779 vero
2332 1726 2393 1778 et
2420 1719 2686 1797 quintae,
2722 1734 2939 1780 aurea.

676 1808 731 1866 1⁸ι
764 1806 1062 1868 Christus
1096 1808 1158 1869 in
1194 1814 1488 1879 cathedra
1521 1822 1778 1903 sedens,
1805 1830 1867 1882 et
1896 1821 2153 1883 sinistra
2189 1840 2381 1884 manu
2420 1822 3069 1901 librumresi‘gnatum
3106 1831 3356 1887 tenens.
3390 1825 3461 1887 In
3499 1827 3661 1891 libro
3691 1827 3812 1893 haec

592 1909 892 1985 leguntur
925 1930 941 1969 :
975 1920 1210 1991 Εἰρήνην
1238 1924 1337 1994 τὴν
1370 1932 1508 2003 ἐμὴν
1545 1932 1756 2003 δίδωμι,
1793 1924 1854 1986 id
1893 1934 2010 1998 est,
2054 1925 2137 1985 Pa

1850 1925 1854 1985 l
1893 1934 2010 1998 est,
2054 1925 2265 1986 Pacem
2292 1944 2484 1985 meam
2513 1924 2590 1986 do
2623 1925 2796 1988 vobis
2830 1934 2872 1988 ³.
2911 1926 3143 1987 Caetera
3173 1928 3400 1991 deleta.

671 2013 760 2072 lla
799 2016 954 2077 Tres
993 2017 1206 2093 figurae
1266 2028 1507 2082 stantes
1552 2040 1695 2085 cum
1742 2023 2119 2085 diadematis
2155 2034 2216 2087 et
2264 2024 2409 2085 aliis
2460 2024 2717 2101 imperii
2770 2024 3161 2101 insignibus.
3199 2026 3265 2086 In
3300 2029 3509 2092 medio
3541 2032 3809 2098 Eudocia

595 2112 911 2191 Augusta,
948 2116 1164 2178 dextra
1212 2129 1561 2199 sceptrum,
1603 2123 1857 2184 sinistra
1913 2123 2175 2200 globum
2223 2130 2473 2185 tenens.
2525 2124 2717 2184 Juxta
2768 2123 2898 2193 duo
2948 2122 3100 2199 ﬁlii;
3151 2125 3299 2189 hinc
3346 2132 3474 2192 Leo
3520 2134 3809 2213 Despota,

596 2215 744 2277 inde
776 2216 1160 2280 Alexander.
1196 2220 1477 2303 Uterque
1533 2226 1793 2287 sinistra
1845 2225 2105 2303 globum
2145 2232 2374 2304 gestat.
2428 2225 2773 2306 Imaginem
2816 2226 3010 2289 ambit
3048 2227 3287 2294 limbus
3324 2235 3583 2313 quidam
3617 2254 3813 2303 caeru-

592 2312 773 2389 laaus,
828 2316 891 2379 in
924 2334 1052 2397 quo
1090 2317 1157 2381 hi
1188 2336 1410 2384 versus
1440 2324 1603 2386 albis
1638 2325 1865 2385 litteris
1898 2330 2045 2385 sunt
2075 2324 2319 2402 scripti.

1287 2447 1750 2518 Εὑκληματφῦσαν
1773 2446 2012 2515 ἄμπελόν
2041 2463 2099 2518 qs
2130 2444 2225 2518 τοῦ
2256 2446 2491 2518 κράτονς

1295 2515 1501 2582 Bome";
1540 2517 1814 2587 φέρουσαν
1838 2518 1963 2580 τοὺς
1988 2515 2538 2587 γαληνρὺςμδεσπότας

1296 2584 1574 2657 Βασίλέιος
1606 2584 1807 2657 ἐτρόηξε
1853 2584 2277 2657 Ῥομαίωνίᾶναξ

1297 2605 1574 2650 βασίλειος
1606 2605 1807 2657 προηςε
1870 2605 1942 2639 ro
1989 2605 2119 2638 αιων
2144 2605 2277 2651 avet;

1286 2656 1423 2712 Μεθ’
1450 2651 1524 2710 ὧν
1550 2656 1913 2729 προλάμπεις,
1939 2605 2162 2709 Efﬁcacia
2196 2655 2501 2728 φωσφόρος.

1288 2752 1522 2807 Felicem
1557 2762 1607 2805 tc
1631 2751 1940 2819 palmitibus
1974 2751 2133 2805 vitem
2165 2751 2373 2817 imperii

1294 2823 1555 2876 ltucemos
1585 2823 1870 2880 ferentem.
1908 2836 2128 2875 serenos
2155 2822 2362 2877 scilicet
2386 2819 2678 2890 principes,

1291 2891 1522 2945 Basilius
1549 2893 1809 2959 promovit
1841 2890 2207 2944 Rontanorum
2240 2890 2535 2959 imperator

1292 2907 1522 2945 nasutus
1587 2907 1809 2945 romovu
1841 2907 2207 2944 nouitanorum
2241 2907 2524 2959 imperator

1292 2961 1425 3015 Cum
1457 2907 1652 3030 quigus
1681 2961 1988 3031 praefulges,
2019 2960 2254 3015 Eudocia
2282 2956 2524 3014 lucifera.

669 3072 786 3133 ιιιι
818 3078 878 3133 et
912 3073 1027 3134 Ινι
1058 3088 1276 3136 cruces
1312 3070 1455 3131 duae
1492 3087 1703 3133 aurea;
1731 3074 2063 3149 gemmata:
2101 3085 2243 3130 cum
2266 3066 2548 3129 ﬁmbriis
2582 3068 2879 3147 utrinque
2908 3071 3329 3149 pendentibus
3354 3086 3415 3143 et
3444 3081 3559 3147 bac
3590 3084 3812 3151 inscri-

602 3175 824 3255 ptione
856 3193 913 3237 rc
943 3195 1022 3239 xc
1059 3186 1199 3256 ιηκᾷ.
1234 3198 1262 3231 α
1294 3174 1481 3236 Jesus
1512 3173 1802 3236 Christus
1836 3172 2052 3235 vincit.
2079 3196 2108 3228 ι

687 3275 795 3335 νε.
820 3277 974 3337 Tres
1008 3277 1220 3354 ﬁgurae
1252 3284 1517 3343 stantes.
1551 3280 1621 3342 ln
1658 3278 1869 3341 medio
1896 3276 2169 3338 Basilius
2200 3294 2344 3338 cum
2376 3275 2630 3354 imperii
2664 3275 3050 3349 insignibus.
3085 3278 3312 3346 Dextra
3341 3285 3511 3348 Elias
3544 3291 3813 3369 prophe-

599 3391 684 3453 ta,
726 3383 892 3444 rosei
924 3399 1035 3443 seu
1088 3381 1281 3444 lucidi
1330 3387 1563 3449 coloris
1610 3396 1786 3448 veste
1824 3384 2115 3455 indutus,
2162 3382 2442 3446 labarum
2481 3400 2669 3446 manu
2721 3384 2952 3445 elatum
2994 3389 3244 3459 tenens,
3279 3394 3340 3448 et
3367 3388 3601 3451 Basilio
3635 3392 3811 3469 quasi

597 3485 958 3567 porrigens.
999 3488 1177 3551 Laeva
1210 3485 1463 3551 Gabriel
1498 3482 1947 3576 archangelus,
1981 3482 2185 3543 alatus
2231 3488 2293 3544 et
2331 3480 2551 3543 habitu
2582 3481 3013 3560 imperatorio,
3044 3482 3329 3548 diadema
3364 3487 3581 3550 Basilii
3634 3491 3812 3569 capiti

588 3589 955 3668 imponens.
1005 3592 1351 3669 Imaginem
1390 3597 1583 3653 totam
1630 3587 1831 3649 ambit
1864 3584 2227 3663 inscriptio,
2265 3601 2387 3647 seu
2423 3584 2865 3661 tetrastichon,
2899 3584 3083 3665 cujus
3118 3603 3339 3650 versus
3376 3588 3620 3667 primus
3652 3589 3818 3653 dele-

598 3696 701 3753 tus
738 3695 835 3755 est
870 3712 886 3751 :
922 3692 1156 3773 reliqui
1194 3702 1320 3756 tres
1353 3693 1700 3756 etiamnum
1736 3688 1859 3766 legi
1898 3694 2187 3766 possunt.

1291 3817 1459 3885 Νικὴν
1493 3817 1610 3870 κατ’
1644 3813 1853 3885 ἐχθρῶν
1898 3812 2082 3885 Ἠλίας
2115 3812 2447 3885 ὑπογρᾴφειο

1309 3833 1459 3939 νικῖλν
1493 3833 1606 3899 κατ·
1644 3833 1853 3938 εέυρων
1915 3833 2082 3876 nua;
2115 3833 2419 3897 υπογρᾳφει

1309 3890 1368 3939 Ὀ
1442 3886 1638 3957 αϐριὴλ
1673 3886 1719 3957 γὲ
1744 3885 1838 3954 τὴν
1871 3884 2043 3957 χᾴραν
2074 3899 2424 3957 προμηνιρων,

1292 3958 1559 4021 Βασίλειε,
1592 3953 1774 4025 «seu
1800 3953 1862 4006 oe
1885 3954 2089 4024 κόσμου
2118 3953 2445 4024 προστάτην.

1298 4050 1589 4105 Victoriam
1616 4053 1681 4103 de
1717 4049 1962 4105 hostibus
1995 4047 2131 4101 Elias
2156 4048 2422 4117 designat,

1298 4121 1519 4175 Gabriel
1556 4131 1733 4174 autem
1760 4120 2391 4189 gaudiumannuntians,

1299 4192 1344 4246 0
1368 4190 1553 4255 Basili,
1591 4187 1816 4245 coronat
1846 4200 1896 4243 te
1919 4187 2068 4243 orbis
2095 4197 2385 4243 rectorem.

672 4288 764 4347 Ex
798 4286 898 4346 his
942 4282 1161 4361 ﬁguris
1216 4291 1476 4360 apparet
1528 4282 1836 4360 scriptum
1883 4298 2024 4342 esse
2076 4280 2248 4342 hunc
2294 4281 2576 4343 codicem
2614 4285 2757 4343 ante
2788 4297 3025 4343 annum
3078 4283 3219 4358 886,
3267 4301 3397 4362 quo
3447 4299 3619 4346 anno
3657 4282 3817 4345 obiit

606 4390 881 4451 Basilius
911 4390 1273 4467 imperator,
1306 4388 1733 4459 cognomento
1764 4380 2047 4455 Macedo,
2093 4382 2355 4441 maritus
2394 4380 2715 4455 Eudociae,
2754 4381 2984 4443 Leonis
3032 4383 3349 4462 Sapientis
3381 4392 3442 4446 et
3474 4382 3819 4446 Alexandri

593 4500 773 4573 pater

675 4596 984 4656 Praeterea
1014 4593 1079 4654 in
1111 4591 1337 4654 eodem
1370 4588 1592 4651 codice
1636 4603 1761 4648 una
1793 4590 1853 4647 et
1897 4583 2315 4664 quadraginta
2366 4583 2680 4663 imagines
2713 4593 2865 4647 sunt
2892 4584 3345 4664 amplissimae;
3386 4589 3608 4662 totque
3668 4581 3819 4644 olim

594 4703 797 4770 erant,
828 4702 983 4773 quot
1015 4695 1365 4757 orationes.
1399 4692 1520 4754 Sed
1559 4709 1636 4753 ex
1667 4690 1795 4750 illis
1846 4689 2110 4767 integra)
2142 4704 2369 4750 novem
2403 4689 2868 4752 desiderantur.
2906 4688 3000 4750 Ex
3032 4689 3112 4750 iis
3142 4706 3285 4769 quae
3316 4691 3667 4767 supersunt
3704 4700 3820 4746 no-

594 4814 735 4859 vem
767 4795 1071 4859 decemve
1102 4794 1178 4856 ad
1220 4792 1553 4853 historiam
1589 4788 2111 4860 ecclesiasticam,
2147 4789 2420 4849 maxime
2466 4787 2758 4865 Gregorii
2790 4788 3020 4862 nostri,
3058 4788 3407 4866 pertinent.
3438 4785 3821 4847 Orationum

593 4901 754 4962 ordo
791 4899 859 4960 in
897 4897 1020 4960 hoc
1052 4894 1491 4971 manuscripto
1518 4891 1593 4953 ad
1627 4890 2147 4968 chronologicum
2180 4890 2468 4969 proxime
2498 4888 2761 4966 accedit,
2790 4889 2973 4952 initio
2998 4887 3294 4951 maxime.
3314 4885 3517 4947 Prima
3546 4899 3823 4964 namque

588 5010 713 5071 est,
748 5022 778 5057 ι(
806 4999 872 5061 in
908 4998 1141 5059 Pascha
1176 5004 1236 5059 et
1271 4993 1701 5063 tarditatem,»
1735 5008 1879 5070 quas
1923 4989 2086 5052 male
2117 4990 2181 5050 in
2216 4990 2407 5051 editis
2443 5001 2583 5050 me
2606 4997 2725 5051 est.

672 5098 970 5161 Codicem
1018 5099 1188 5159 hunc
1240 5115 1383 5159 cum
1429 5096 1732 5159 omnibus
1782 5094 1973 5156 editis
2007 5093 2407 5156 orationibus
2458 5105 2677 5157 noster
2730 5094 3106 5156 Louvardus
3147 5090 3441 5164 contulit,
3486 5104 3683 5168 quem
3728 5085 3823 5147 bis

593 5200 823 5262 litteris
857 5200 1149 5280 designat
1185 5202 1219 5263 b
1250 5219 1330 5271 m,
1371 5200 1524 5279 quia
1558 5205 1845 5276 tempore
1888 5196 2107 5259 Basilii
2138 5197 2505 5259 Macedonis
2538 5199 2817 5276 scriptus
2851 5198 3109 5276 ipsique
3144 5196 3420 5258 oblatus.

674 5286 963 5375 Longum
1001 5308 1169 5362 esset
1221 5302 1315 5365 ire
1367 5322 1479 5385 per
1527 5303 1776 5380 singula
1811 5323 1827 5362 :
1862 5308 1957 5365 sat
1990 5301 2107 5364 erit
2154 5301 2448 5363 codicum
2498 5302 2735 5382 quibus
2786 5303 2888 5364 usi
2948 5320 3196 5378 sumus,
3248 5298 3489 5380 quique
3535 5312 3570 5357 a
3602 5301 3824 5358 nostro

590 5392 929 5459 Louvardo
971 5400 1182 5466 collati
1216 5412 1366 5468 sunt
1406 5403 1640 5468 seriem
1668 5410 1903 5480 texere,
1937 5420 2079 5467 cum
2117 5400 2285 5464 notis
2331 5402 2573 5482 quibus
2602 5402 2988 5468 indicantur.
3494 5399 3503 5405 ’

659 5570 684 5606 ⁸
707 5568 863 5629 Joan.
897 5587 1006 5640 xiv,
1034 5570 1123 5629 27.
