3926 6410
592 349 671 403 at,
1604 345 1978 427 PREFATIO
2016 343 2142 401 cca

2250 344 2418 403 ALIS.
2460 375 2528 387 -
2564 345 2741 402 PARS
2780 348 2822 403 l.
3733 346 3800 404 32

588 461 737 517 Pass.
866 458 999 515 Cod.
1031 473 1162 513 mss.
1188 457 1601 513 eminentissimi
1628 457 1915 511 cardinatis
1948 456 2260 513 Passionzei.

594 533 709 585 Vat.
865 529 996 584 Cod.
1029 543 1157 582 mss.
1189 543 1252 580 ex
1284 528 1605 581 bibliotheca
1638 527 1915 581 Vaticana.

586 600 753 658 Coisl.
862 599 993 655 Cod.
1017 613 1148 653 mss.
1189 598 1253 654 D.
1294 598 1361 653 de
1386 596 1609 662 Cetstin,
1640 612 1782 651 nunc
1809 598 1860 651 in
1883 596 2012 651 bibl.
2043 595 2101 650 S.
2134 596 2385 651 Germani
2419 612 2448 651 a
2490 596 2686 653 Pratis.

1943 692 2196 756 Codices
2233 692 2458 755 excusi.

588 799 710 853 Ald.
859 796 976 850 Aldi
1010 794 1230 849 Mantttii
1262 795 1428 850 editio
1454 793 1578 847 anni
1613 793 1767 848 1516.

588 869 711 922 Bas.
870 865 1049 919 Basilii
1079 865 1391 918 Scholiasta:
1420 867 1695 919 lectiones.

588 939 688 999 ΒΗ.
868 934 1072 995 liillins,
1102 934 1336 987 Billiantc
1362 935 1641 995 editiones,
1678 950 1739 987 ac
1779 933 2038 991 lectiones
2069 950 2197 993 mss.

587 1009 717 1062 Bml.
862 1004 1182 1058 Bodleinnus
1212 1006 1377 1057 codex
1413 1006 1461 1055 in
1493 1003 1837 1061 Montaculio.

588 1076 774 1137 Comb.
863 1074 1479 1131 Cnmbelisiilectiones.

587 1147 664 1199 EI.
692 1146 836 1199 Cret.
866 1145 1010 1198 Elius
1043 1144 1333 1198 Cretensis.

576 1216 722 1269 θυι).
867 1214 1122 1267 Gabrieiii
1157 1214 1431 1268 lectiones.

584 1285 751 1339 lleins
867 1284 1136 1339 Ileinsiani
1164 1284 1367 1337 codicis
1401 1282 1675 1336 lectiones.

580 1354 744 1424 'Herv.
855 1354 1174 1424 Basileensis
1204 1353 1367 1405 editio
1406 1357 1541 1421 apud
1578 1352 2106 1424 ttervagium,1550.

583 1423 750 1479 Leuv.
867 1422 1415 1478 Leuvenklaiieditio.

582 1492 752 1553 Motu.
863 1492 1240 1547 Matttncutitts.

584 1566 688 1617 ()x.
864 1564 1181 1615 (Mundensis
1207 1562 1408 1618 codicis
1438 1563 1695 1617 lectiones
1729 1564 1866 1629 apud
1891 1560 2293 1619 Montacutium.

583 1631 709 1695 Par.
861 1632 1243 1687 Parisiensium
1276 1634 1440 1688 editio
1474 1634 1609 1687 1609
1636 1650 1699 1687 ac
1730 1634 2002 1703 deinceps.

585 1704 712 1756 Sav.
865 1704 1116 1756 Savilius.

586 1773 803 1843 Sancig.
865 1770 1794 1843 Saneigyrancnsisemendationes.

583 1842 717 1911 Sch.
755 1840 776 1843 ’
857 1840 1085 1896 Andrum
1115 1843 1320 1896 Seliotti
1350 1841 1401 1911 in
1429 1842 1754 1895 Montacutio
1789 1840 2035 1895 Sehedm.

586 1912 710 1982 §yr.
866 1912 1062 1981 Syrleti
1098 1927 1226 1965 mss.
1251 1912 1306 1982 in
1336 1910 1450 1982 lii”.
1479 1912 1598 1965 lect.

583 1979 686 2037 Th.
863 1979 1043 2035 Codex
1082 1996 1205 2034 mss.
1248 1981 1307 2033 Ι).
1345 1980 1613 2035 Thomson
1640 1980 1693 2034 in
1719 1979 1948 2034 Montac.

581 2050 706 2108 'l'ill.
861 2052 968 2106 DD.
1004 2051 1387 2104 Tillemontius.

582 2118 681 2177 Tr.
869 2123 1042 2174 Codex
1077 2136 1204 2173 mss.
1239 2121 1295 2173 ὃ.
1324 2118 1601 2173 Trinitatis
1627 2120 1762 2186 apud
1806 2118 2035 2172 Montac.

586 2190 718 2261 Ἴωσι.
869 2189 1117 2261 Vaquetii
1143 2192 1310 2244 codex
1342 2192 1394 2244 in
1426 2192 1569 2247 notis
1601 2190 2011 2244 Parisicnsibus.

656 2455 739 2516 Hi
775 2460 923 2514 sunt
970 2448 1112 2511 libri
1178 2445 1431 2526 majoris
1494 2446 1832 2520 momenti,
1885 2452 2004 2507 tam
2057 2466 2245 2509 manu
2292 2446 2553 2524 scripti,
2607 2465 2796 2527 quam
2865 2451 3126 2525 excusi,
3170 2473 3444 2536 quorum
3510 2461 3793 2529 subsidio

579 2575 809 2622 novam
869 2556 1155 2634 Gregorii
1213 2549 1494 2627 Operum
1551 2548 1898 2610 editionem
1952 2551 2293 2625 adornare,
2353 2551 2809 2632 inceptumque
2865 2571 3027 2631 opus
3089 2562 3150 2618 et
3202 2559 3310 2620 diu
3370 2559 3792 2641 interruptum

580 2656 883 2736 prosequi
917 2664 973 2716 et
1007 2654 1335 2717 absolvere
1371 2656 1782 2716 tentavimus.
1815 2654 2016 2715 Multo
2062 2655 2273 2732 plures
2317 2655 2566 2717 codices
2600 2658 3065 2735 manuscriptos
3097 2660 3474 2737 evolvimus,
3519 2684 3792 2745 quorum

579 2761 810 2821 seriem
851 2759 1155 2837 integram
1190 2758 1276 2820 ibi
1314 2766 1527 2820 texere
1570 2758 1828 2834 longum
1870 2756 2143 2819 fuisset:
2182 2759 2534 2838 praecipuos
2566 2759 2901 2836 designare
2934 2764 3095 2824 satis
3139 2764 3342 2824 visum
3376 2776 3503 2836 est;
3539 2775 3795 2831 caeteros

584 2863 922 2925 acervatim
957 2860 1240 2939 generali
1287 2864 1764 2943 nuncupatione
1797 2864 1859 2925 in
1918 2866 2086 2927 notis
2121 2864 2606 2944 appellavimus,
2657 2867 2933 2929 maxime
2964 2868 3111 2928 dum
3148 2870 3206 2929 in
3242 2872 3522 2932 eamdem
3579 2871 3795 2935 lectio-

580 2982 726 3028 nem
759 2965 1195 3026 convenirent.
1229 2963 1515 3043 Optimas
1566 2981 1855 3044 quasque
1890 2982 1969 3027 ex
2005 2967 2305 3027 omnibus
2356 2966 2544 3025 variis
2580 2966 2966 3030 lectionibus
3021 2969 3389 3047 selegimus,
3428 2991 3662 3053 easque
3703 2976 3791 3039 vel

583 3066 791 3127 textui
834 3065 1249 3135 inseruimus,
1307 3070 1373 3124 ut
1418 3062 1733 3139 corruptis
1786 3064 2211 3135 mederentur,
2255 3064 2306 3124 si
2341 3081 2446 3125 eas
2494 3064 2558 3124 in
2611 3072 2976 3126 contextum
3018 3068 3231 3129 referri
3291 3072 3521 3133 vulnus
3582 3082 3794 3150 pustu-

581 3159 769 3235 Iavit,
819 3161 1100 3240 apposita
1141 3161 1214 3221 ad
1272 3159 1619 3236 marginem
1662 3165 1807 3220 nota
1858 3178 2001 3238 qua:
2050 3162 2349 3223 lectorem
2409 3162 2874 3225 emendationis
2934 3168 3535 3242 commonefaceret,
3587 3176 3681 3234 Vel
3732 3175 3793 3237 in

584 3264 866 3338 margine
903 3259 1185 3321 inferiori
1231 3261 1645 3341 subjecitnus.
1682 3260 1839 3322 Sunt
1875 3263 2224 3341 aliquando
2265 3263 2588 3341 longiores
2625 3274 2810 3338 noue,
2848 3284 2989 3328 cum
3030 3271 3421 3344 explananda
3456 3273 3801 3336 difﬁcultas

582 3364 879 3435 occurrit,
933 3363 1028 3447 vel
1083 3361 1303 3440 Spinae,
1363 3381 1518 3443 quas
1575 3365 1701 3425 sibi
1756 3382 1881 3427 non
1936 3366 2129 3429 recidi
2200 3368 2407 3429 lector
2444 3385 2607 3446 mgre
2649 3368 2879 3431 .ferret.
2935 3371 3330 3445 Orationem,
3388 3397 3528 3457 quas
3573 3380 3791 3442 ordine

583 3473 935 3543 temporum
976 3464 1386 3538 collocantur,
1423 3465 1617 3527 fronti
1669 3470 1935 3545 praeﬁxae
1972 3476 2119 3530 sunt
2166 3472 2660 3542 admonitiones,
2708 3472 2773 3533 in
2825 3475 3060 3551 quibus
3125 3486 3541 3561 tempusque
3586 3483 3794 3547 habita

581 3588 853 3651 qumque
892 3581 987 3632 est
1028 3570 1357 3642 astruitur,
1391 3578 1450 3631 et
1486 3580 1927 3647 argumentum
1970 3575 2335 3649 exponitur.
2371 3573 2821 3651 Exspatianlur
2853 3575 2976 3637 illos
3024 3596 3476 3663 nonnunquam
3510 3586 3793 3650 fortassis

581 3669 860 3746 longius,
912 3671 1020 3729 sed
1062 3669 1147 3728 rei
1200 3671 1495 3745 gravitas,
1553 3670 1646 3730 vel
1707 3669 2137 3743 dillicultatcs,
2189 3688 2332 3749 quae
2402 3671 2561 3732 intra
2616 3681 2909 3733 notarum
2962 3680 3289 3755 angustias
3345 3685 3635 3747 concludi
3698 3688 3791 3750 vel

581 3772 841 3832 dissolvi
883 3788 1004 3831 non
1052 3778 1359 3855 poterant,
1402 3772 1800 3834 brevioribus
1846 3790 1986 3833 esse
2036 3790 2160 3833 non
2203 3775 2515 3851 permisit.
2554 3774 2890 3837 Orationes
2938 3777 3001 3838 in
3047 3782 3281 3857 capita,
3328 3803 3441 3847 seu
3495 3805 3793 3852 numeros

579 3870 838 3942 divisae,
889 3887 960 3930 ac
1009 3876 1363 3947 temporum
1432 3869 1665 3931 ordine
1704 3878 1854 3932 sunt
1901 3870 2239 3937 collocatae.
2300 3872 2585 3934 Minutus
2638 3882 2847 3935 autem
2908 3894 3118 3940 earum
3181 3900 3506 3956 numerus,
3561 3891 3792 3950 nedum

585 3981 809 4034 auctus
845 3992 859 4030 :
894 3973 1130 4052 quippe
1173 3989 1249 4033 ex
1282 3971 1534 4031 illarum
1574 3984 1844 4030 numero
1892 3976 2163 4031 resectas
2213 3979 2509 4048 quatuor,
2554 3970 2721 4032 inter
2776 3974 3027 4048 spurius
3080 3976 3247 4041 fetus
3292 3986 3789 4051 ainamiarimus.

588 4075 892 4137 Geminas
943 4092 1200 4154 quoque
1252 4073 1328 4135 ad
1382 4072 1764 4135 Cledonium
1819 4072 2085 4145 litteras,
2144 4080 2205 4135 et
2265 4090 2451 4134 unam
2502 4075 2576 4134 ad
2618 4074 2978 4137 Nectarium
3041 4095 3121 4139 ex
3176 4082 3533 4147 orationum
3594 4086 3793 4149 classe

588 4185 886 4251 remotas,
925 4179 1000 4239 ad
1049 4173 1622 4255 propriamsedem
1662 4172 1826 4234 inter
1869 4173 2170 4252 epistolas
2212 4173 2674 4235 remeavimus.

668 4290 947 4352 Tandem
994 4286 1233 4368 praefari
1287 4283 1599 4354 desinam,
1647 4288 1978 4360 postquam
2015 4282 2290 4342 virorum
2333 4281 2686 4353 doctorum,
2735 4283 3144 4363 quipamicam
3194 4290 3612 4364 porrexerunt
3671 4305 3795 4349 ma-

586 4406 764 4464 num,
800 4390 1001 4452 ofﬁcia
1032 4400 1628 4451 commemoravero.
1655 4382 1901 4443 Primus
1937 4401 2079 4445 sese
2139 4385 2320 4445 ott‘ert
2354 4387 2446 4445 vir
2476 4404 2509 4446 e
2535 4386 2724 4463 Regia
2761 4386 3237 4457 numismatum,
3278 4389 3792 4464 inscriptionum,

589 4497 1170 4571 humaniorumque
1220 4490 1564 4552 litterarum
1608 4488 1942 4549 Academia
1980 4488 2397 4560 clarissimus,
2432 4490 2846 4569 ejusdemque
2894 4489 3278 4563 Γραμματεύς,
3320 4491 3390 4550 Ι).
3427 4490 3686 4569 Dupuy,
3732 4490 3795 4551 in

582 4597 817 4678 quovis
860 4595 1262 4657 scientiarum
1300 4610 1533 4670 genere
1564 4600 1622 4653 et
1669 4592 2053 4669 linguarum,
2100 4593 2373 4654 maxime
2405 4593 2661 4666 Graecas,
2704 4593 3177 4655 versatissimus
3220 4603 3279 4654 et
3334 4592 3791 4670 peritissimus;

584 4703 699 4783 qui
733 4720 854 4765 non
896 4699 1347 4779 perfunctorie,
1398 4696 1508 4758 sed
1562 4696 1901 4775 diligenter
1953 4696 2238 4758 censoris
2280 4698 2448 4759 vices
2486 4714 2703 4775 agens,
2753 4696 3005 4774 singula
3044 4705 3227 4774 prout
3280 4698 3559 4774 subjecta
3619 4704 3793 4775 prelo

582 4805 844 4865 exibant
882 4802 1056 4871 folia,
1104 4797 1262 4859 nihil
1315 4805 1672 4870 cunctatus,
1726 4813 1799 4859 ea
1861 4795 2069 4873 legere
2118 4797 2344 4857 solitus
2374 4804 2445 4857 et
2483 4798 2885 4873 expendere;
2936 4802 3123 4872 atque
3181 4802 3247 4855 ut
3296 4796 3388 4855 vir
3434 4796 3539 4856 ille
3592 4798 3794 4857 bonus

583 4914 646 4971 et
694 4908 993 4985 prudens,
1039 4905 1117 4966 de
1148 4919 1283 4983 quo
1317 4901 1634 4973 Horatius,
1675 4901 1969 4979 culpabat
1996 4902 2172 4971 dura,
2219 4900 2517 4961 mutanda
2557 4901 2845 4971 notabat,
2891 4899 3187 4973 ambigue
3238 4898 3398 4957 dicta
3453 4898 3822 4975 arguebat,

585 5026 807 5089 parum
858 5005 1044 5069 claris
1092 5006 1322 5069 addere
1374 5005 1577 5068 lucem
1632 5008 1963 5078 monebat,
2019 5014 2139 5068 etc.
2172 5005 2490 5079 Quantum
2534 5006 2654 5084 ipsi
2701 5005 3048 5067 debeamus
3103 5004 3209 5064 vix
3271 5003 3506 5077 dicere,
3559 5004 3792 5065 nedum

585 5112 844 5189 gratias,
878 5113 1146 5187 quantas
1191 5105 1521 5179 debemus,
1564 5103 1895 5183 possimus
1927 5103 2184 5166 referre.

670 5210 1155 5290 Vigilantissimi
1194 5217 1255 5272 et
1309 5209 1664 5271 doctissimi
1725 5209 1935 5285 Regiae
1991 5208 2395 5270 bibliothecae
2443 5213 2788 5276 curatores,
2828 5208 2904 5268 D.
2937 5206 3319 5286 Caperonier
3371 5215 3430 5270 et
3481 5210 3554 5268 D.
3586 5208 3791 5285 Bejot,

586 5315 974 5378 ditissimum
1032 5315 1203 5376 hunc
1254 5312 1619 5375 thesaurum
1666 5322 2063 5392 peramanter
2108 5329 2223 5391 pro
2275 5328 2446 5371 more
2498 5318 2890 5382 reserarunt;
2944 5329 3062 5372 nec
3116 5312 3301 5371 modo
3350 5311 3438 5371 nti
3496 5310 3797 5387 pet'tttise‘

586 5425 758 5489 runt,
803 5418 915 5478 sed
965 5422 1026 5480 et
1066 5433 1255 5479 manu
1309 5423 1596 5481 exaratos
1648 5416 1940 5492 codices,
1988 5431 2151 5497 quos
2209 5415 2477 5489 vellem,
2526 5414 2603 5476 ad
2653 5421 2881 5476 nutum
2937 5414 3206 5492 benigna
3261 5430 3450 5476 manu
3498 5408 3795 5490 suppedi-

589 5521 823 5577 larunt.

668 5616 908 5678 Vellem
950 5636 1051 5681 mc
1086 5637 1202 5700 ego
1237 5623 1500 5698 cunctis,
1546 5624 1655 5704 qui
1699 5626 2025 5707 suppetias
2060 5624 2506 5696 contulerunt,
2546 5620 2859 5701 imprimis
2892 5621 3421 5685 bibliothecarum
3464 5617 3792 5697 praefectis,

586 5730 715 5778 non
759 5726 998 5878 tantum
1030 5723 1508 5810 Gallicanarum,
1556 5729 1668 5795 sed
1703 5732 1890 5809 etiam
1937 5740 2323 5805 exterarum,
2358 5734 2562 5806 grates
2613 5742 2727 5807 pro
2762 5726 2899 5790 suis
2950 5726 3015 5790 in
3056 5740 3170 5787 nos
3208 5722 3529 5787 beneticiis
3577 5720 3795 5800 digna:

588 5828 779 5878 :enen
833 5834 960 5878 ere.
3160 5814 3199 5821 ”
3528 5820 3533 5831 ‘

588 5820 960 5894 :ependere.
2829 5878 2833 5884 .
3528 5820 3533 5831 ’
