  <div class='ocr_page' id='page_1' title='image "/cluster/home/n/w/nwhite01/storage/ocr_20150623/35/hvd.32044024473308/022.png"; bbox 0 0 3926 6410; ppageno 0'>
   <div class='ocr_carea' id='block_1_1' title="bbox 130 382 3353 467">
    <p class='ocr_par' dir='ltr' id='par_1_1' title="bbox 130 382 3353 467">
     <span class='ocr_line' id='line_1_1' title="bbox 130 382 3353 467; baseline 0.003 -11"><span class='ocrx_word' id='word_1_1' title='bbox 130 382 195 458; x_wconf 71' lang='lat' dir='ltr'><strong>ss</strong></span> <span class='ocrx_word' id='word_1_2' title='bbox 1123 386 1492 458; x_wconf 54' lang='lat' dir='ltr'><strong>eameam</strong></span> <span class='ocrx_word' id='word_1_3' title='bbox 1527 391 1933 461; x_wconf 65' lang='lat' dir='ltr'><strong>canamus.</strong></span> <span class='ocrx_word' id='word_1_4' title='bbox 1976 436 2046 450; x_wconf 88' lang='grc'><strong><em>-</em></strong></span> <span class='ocrx_word' id='word_1_5' title='bbox 2082 405 2259 461; x_wconf 65' lang='lat' dir='ltr'><strong>rans</strong></span> <span class='ocrx_word' id='word_1_6' title='bbox 2299 386 2340 462; x_wconf 42' lang='lat'><strong>1‘.</strong></span> <span class='ocrx_word' id='word_1_7' title='bbox 3282 400 3353 467; x_wconf 67' lang='lat' dir='ltr'><strong>at</strong></span> 
     </span>
    </p>
   </div>
   <div class='ocr_carea' id='block_1_2' title="bbox 201 511 3348 597">
    <p class='ocr_par' dir='ltr' id='par_1_2' title="bbox 201 511 3348 597">
     <span class='ocr_line' id='line_1_2' title="bbox 201 511 3348 597; baseline 0.002 -20"><span class='ocrx_word' id='word_1_8' title='bbox 201 511 1149 577; x_wconf 67' lang='lat' dir='ltr'><strong>Eminenhssrmus&#39;cardina‘lis</strong></span> <span class='ocrx_word' id='word_1_9' title='bbox 1198 514 1628 588; x_wconf 77' lang='lat' dir='ltr'><strong>Passionaeus,</strong></span> <span class='ocrx_word' id='word_1_10' title='bbox 1668 516 1777 594; x_wconf 87' lang='lat' dir='ltr'><strong>qui</strong></span> <span class='ocrx_word' id='word_1_11' title='bbox 1828 516 1984 578; x_wconf 82' lang='lat' dir='ltr'><strong>dum</strong></span> <span class='ocrx_word' id='word_1_12' title='bbox 2037 518 2276 580; x_wconf 79' lang='lat' dir='ltr'><strong>viveret</strong></span> <span class='ocrx_word' id='word_1_13' title='bbox 2337 520 2579 581; x_wconf 89' lang='lat' dir='ltr'><strong>litteras</strong></span> <span class='ocrx_word' id='word_1_14' title='bbox 2638 518 2886 580; x_wconf 86' lang='lat' dir='ltr'><strong>amabat</strong></span> <span class='ocrx_word' id='word_1_15' title='bbox 2946 526 3009 582; x_wconf 89' lang='lat' dir='ltr'><strong>et</strong></span> <span class='ocrx_word' id='word_1_16' title='bbox 3064 520 3348 597; x_wconf 82' lang='lat' dir='ltr'><strong>fovebat,</strong></span> 
     </span>
    </p>
   </div>
   <div class='ocr_carea' id='block_1_3' title="bbox 130 611 3391 696">
    <p class='ocr_par' dir='ltr' id='par_1_3' title="bbox 130 611 3391 696">
     <span class='ocr_line' id='line_1_3' title="bbox 130 611 3391 696; baseline 0.002 -17"><span class='ocrx_word' id='word_1_17' title='bbox 130 615 340 679; x_wconf 82' lang='lat' dir='ltr'><strong>litteris</strong></span> <span class='ocrx_word' id='word_1_18' title='bbox 375 613 515 693; x_wconf 91' lang='lat' dir='ltr'><strong>ipse</strong></span> <span class='ocrx_word' id='word_1_19' title='bbox 554 614 1031 686; x_wconf 87' lang='lat' dir='ltr'><strong>ornatissimus,</strong></span> <span class='ocrx_word' id='word_1_20' title='bbox 1063 611 1165 672; x_wconf 86' lang='lat' dir='ltr'><strong>his</strong></span> <span class='ocrx_word' id='word_1_21' title='bbox 1203 613 1435 673; x_wconf 86' lang='lat' dir='ltr'><strong>nostris</strong></span> <span class='ocrx_word' id='word_1_22' title='bbox 1470 612 1716 675; x_wconf 83' lang='lat' dir='ltr'><strong>favebat</strong></span> <span class='ocrx_word' id='word_1_23' title='bbox 1764 616 2021 687; x_wconf 90' lang='lat' dir='ltr'><strong>studiis,</strong></span> <span class='ocrx_word' id='word_1_24' title='bbox 2057 624 2125 678; x_wconf 91' lang='lat' dir='ltr'><strong>ut</strong></span> <span class='ocrx_word' id='word_1_25' title='bbox 2168 619 2544 696; x_wconf 86' lang='lat' dir='ltr'><strong>argumento</strong></span> <span class='ocrx_word' id='word_1_26' title='bbox 2594 624 2744 679; x_wconf 91' lang='lat' dir='ltr'><strong>sunt</strong></span> <span class='ocrx_word' id='word_1_27' title='bbox 2803 619 3015 696; x_wconf 90' lang='lat' dir='ltr'><strong>plures</strong></span> <span class='ocrx_word' id='word_1_28' title='bbox 3065 622 3223 684; x_wconf 66' lang='lat' dir='ltr'><strong>data)</strong></span> <span class='ocrx_word' id='word_1_29' title='bbox 3272 623 3351 688; x_wconf 87' lang='lat' dir='ltr'><strong>ad</strong></span> <span class='ocrx_word' id='word_1_30' title='bbox 3386 638 3391 677; x_wconf 69' lang='grc' dir='ltr'><strong>ἐ</strong></span> 
     </span>
    </p>
   </div>
   <div class='ocr_carea' id='block_1_4' title="bbox 132 698 3348 798">
    <p class='ocr_par' dir='ltr' id='par_1_4' title="bbox 132 698 3348 798">
     <span class='ocr_line' id='line_1_4' title="bbox 132 698 3348 798; baseline 0.003 -21"><span class='ocrx_word' id='word_1_31' title='bbox 132 722 403 777; x_wconf 86' lang='lat' dir='ltr'><strong>nostrum</strong></span> <span class='ocrx_word' id='word_1_32' title='bbox 443 714 849 775; x_wconf 87' lang='lat' dir='ltr'><strong>Franciscum</strong></span> <span class='ocrx_word' id='word_1_33' title='bbox 900 698 1301 773; x_wconf 83' lang='lat' dir='ltr'><strong>Louvardum</strong></span> <span class='ocrx_word' id='word_1_34' title='bbox 1350 719 1409 774; x_wconf 89' lang='lat' dir='ltr'><strong>et</strong></span> <span class='ocrx_word' id='word_1_35' title='bbox 1458 714 1877 775; x_wconf 80' lang='lat' dir='ltr'><strong>Prhdentium</strong></span> <span class='ocrx_word' id='word_1_36' title='bbox 1934 717 2263 777; x_wconf 87' lang='lat' dir='ltr'><strong>Maranum</strong></span> <span class='ocrx_word' id='word_1_37' title='bbox 2317 718 2562 791; x_wconf 63' lang='lat' dir='ltr'><strong>litteris,</strong></span> <span class='ocrx_word' id='word_1_38' title='bbox 2615 720 2851 797; x_wconf 85' lang='lat' dir='ltr'><strong>qtnbus</strong></span> <span class='ocrx_word' id='word_1_39' title='bbox 2908 739 3217 798; x_wconf 84' lang='lat' dir='ltr'><strong>propensa</strong></span> <span class='ocrx_word' id='word_1_40' title='bbox 3282 726 3348 787; x_wconf 88' lang='lat' dir='ltr'><strong>in</strong></span> 
     </span>
    </p>
   </div>
   <div class='ocr_carea' id='block_1_5' title="bbox 126 819 3347 902">
    <p class='ocr_par' dir='ltr' id='par_1_5' title="bbox 126 819 3347 902">
     <span class='ocr_line' id='line_1_5' title="bbox 126 819 3347 902; baseline 0.001 -19"><span class='ocrx_word' id='word_1_41' title='bbox 126 836 235 883; x_wconf 85' lang='lat' dir='ltr'><strong>nos</strong></span> <span class='ocrx_word' id='word_1_42' title='bbox 273 826 617 895; x_wconf 87' lang='lat' dir='ltr'><strong>nostraque</strong></span> <span class='ocrx_word' id='word_1_43' title='bbox 648 819 883 893; x_wconf 89' lang='lat' dir='ltr'><strong>studia,</strong></span> <span class='ocrx_word' id='word_1_44' title='bbox 916 837 985 881; x_wconf 90' lang='lat' dir='ltr'><strong>ac</strong></span> <span class='ocrx_word' id='word_1_45' title='bbox 1021 826 1371 882; x_wconf 79' lang='lat' dir='ltr'><strong>contestata</strong></span> <span class='ocrx_word' id='word_1_46' title='bbox 1419 819 1808 893; x_wconf 88' lang='lat' dir='ltr'><strong>humanitas,</strong></span> <span class='ocrx_word' id='word_1_47' title='bbox 1854 828 1916 883; x_wconf 91' lang='lat' dir='ltr'><strong>et</strong></span> <span class='ocrx_word' id='word_1_48' title='bbox 1951 838 2129 882; x_wconf 92' lang='lat' dir='ltr'><strong>amor</strong></span> <span class='ocrx_word' id='word_1_49' title='bbox 2179 823 2556 895; x_wconf 84' lang='lat' dir='ltr'><strong>litterarum,</strong></span> <span class='ocrx_word' id='word_1_50' title='bbox 2588 836 2744 902; x_wconf 82' lang='lat' dir='ltr'><strong>quas</strong></span> <span class='ocrx_word' id='word_1_51' title='bbox 2783 820 2916 891; x_wconf 86' lang='lat' dir='ltr'><strong>ipse</strong></span> <span class='ocrx_word' id='word_1_52' title='bbox 2961 839 3084 881; x_wconf 88' lang='lat' dir='ltr'><strong>non</strong></span> <span class='ocrx_word' id='word_1_53' title='bbox 3121 824 3347 885; x_wconf 82' lang='lat' dir='ltr'><strong>.colere</strong></span> 
     </span>
    </p>
   </div>
   <div class='ocr_carea' id='block_1_6' title="bbox 125 919 3341 999">
    <p class='ocr_par' dir='ltr' id='par_1_6' title="bbox 125 919 3341 999">
     <span class='ocr_line' id='line_1_6' title="bbox 125 919 3341 999; baseline 0 -18"><span class='ocrx_word' id='word_1_54' title='bbox 125 923 340 987; x_wconf 90' lang='lat' dir='ltr'><strong>solum,</strong></span> <span class='ocrx_word' id='word_1_55' title='bbox 398 919 507 980; x_wconf 87' lang='lat' dir='ltr'><strong>sed</strong></span> <span class='ocrx_word' id='word_1_56' title='bbox 548 936 772 980; x_wconf 86' lang='lat' dir='ltr'><strong>ornare</strong></span> <span class='ocrx_word' id='word_1_57' title='bbox 831 920 1146 982; x_wconf 79' lang='lat' dir='ltr'><strong>studebat.</strong></span> <span class='ocrx_word' id='word_1_58' title='bbox 1197 921 1545 983; x_wconf 81' lang='lat' dir='ltr'><strong>Permultas</strong></span> <span class='ocrx_word' id='word_1_59' title='bbox 1606 938 1683 981; x_wconf 77' lang='lat' dir='ltr'><strong>ex</strong></span> <span class='ocrx_word' id='word_1_60' title='bbox 1744 922 1933 983; x_wconf 85' lang='lat' dir='ltr'><strong>variis</strong></span> <span class='ocrx_word' id='word_1_61' title='bbox 1982 923 2308 984; x_wconf 80' lang='lat' dir='ltr'><strong>codicibus</strong></span> <span class='ocrx_word' id='word_1_62' title='bbox 2346 942 2537 985; x_wconf 88' lang='lat' dir='ltr'><strong>manu</strong></span> <span class='ocrx_word' id='word_1_63' title='bbox 2596 920 2867 999; x_wconf 87' lang='lat' dir='ltr'><strong>scriptis,</strong></span> <span class='ocrx_word' id='word_1_64' title='bbox 2917 938 3044 981; x_wconf 80' lang='lat' dir='ltr'><strong>non</strong></span> <span class='ocrx_word' id='word_1_65' title='bbox 3103 930 3341 985; x_wconf 84' lang='lat' dir='ltr'><strong>tantum</strong></span> 
     </span>
    </p>
   </div>
   <div class='ocr_carea' id='block_1_7' title="bbox 124 1014 3342 1099">
    <p class='ocr_par' dir='ltr' id='par_1_7' title="bbox 124 1014 3342 1099">
     <span class='ocr_line' id='line_1_7' title="bbox 124 1014 3342 1099; baseline 0.002 -22"><span class='ocrx_word' id='word_1_66' title='bbox 124 1033 242 1077; x_wconf 68' lang='lat' dir='ltr'><strong>suae</strong></span> <span class='ocrx_word' id='word_1_67' title='bbox 293 1014 497 1091; x_wconf 80' lang='lat' dir='ltr'><strong>ipsius</strong></span> <span class='ocrx_word' id='word_1_68' title='bbox 552 1014 986 1091; x_wconf 71' lang='lat' dir='ltr'><strong>bibliotheca),</strong></span> <span class='ocrx_word' id='word_1_69' title='bbox 1046 1017 1157 1078; x_wconf 83' lang='lat' dir='ltr'><strong>sed</strong></span> <span class='ocrx_word' id='word_1_70' title='bbox 1211 1018 1399 1078; x_wconf 88' lang='lat' dir='ltr'><strong>etiam</strong></span> <span class='ocrx_word' id='word_1_71' title='bbox 1454 1018 1799 1090; x_wconf 69' lang='lat' dir='ltr'><strong>Vaticanre,</strong></span> <span class='ocrx_word' id='word_1_72' title='bbox 1862 1020 2166 1082; x_wconf 86' lang='lat' dir='ltr'><strong>lectiones</strong></span> <span class='ocrx_word' id='word_1_73' title='bbox 2224 1024 2451 1093; x_wconf 84' lang='lat' dir='ltr'><strong>varias,</strong></span> <span class='ocrx_word' id='word_1_74' title='bbox 2507 1032 2628 1082; x_wconf 90' lang='lat' dir='ltr'><strong>tam</strong></span> <span class='ocrx_word' id='word_1_75' title='bbox 2690 1022 3090 1097; x_wconf 85' lang='lat' dir='ltr'><strong>orationum,</strong></span> <span class='ocrx_word' id='word_1_76' title='bbox 3152 1042 3342 1099; x_wconf 68' lang='lat' dir='ltr'><strong>(piam</strong></span> 
     </span>
    </p>
   </div>
   <div class='ocr_carea' id='block_1_8' title="bbox 123 1115 3336 1199">
    <p class='ocr_par' dir='ltr' id='par_1_8' title="bbox 123 1115 3336 1199">
     <span class='ocr_line' id='line_1_8' title="bbox 123 1115 3336 1199; baseline 0.001 -18"><span class='ocrx_word' id='word_1_77' title='bbox 123 1118 551 1196; x_wconf 81' lang='lat' dir='ltr'><strong>epistularum,</strong></span> <span class='ocrx_word' id='word_1_78' title='bbox 599 1130 789 1197; x_wconf 83' lang='lat' dir='ltr'><strong>atque</strong></span> <span class='ocrx_word' id='word_1_79' title='bbox 822 1115 1007 1179; x_wconf 84' lang='lat' dir='ltr'><strong>etiam</strong></span> <span class='ocrx_word' id='word_1_80' title='bbox 1062 1115 1413 1177; x_wconf 79' lang='lat' dir='ltr'><strong>carminum</strong></span> <span class='ocrx_word' id='word_1_81' title='bbox 1457 1116 1916 1177; x_wconf 78' lang='lat' dir='ltr'><strong>describendas</strong></span> <span class='ocrx_word' id='word_1_82' title='bbox 1954 1117 2300 1196; x_wconf 80' lang='lat' dir='ltr'><strong>eleganter,</strong></span> <span class='ocrx_word' id='word_1_83' title='bbox 2357 1121 2647 1199; x_wconf 87' lang='lat' dir='ltr'><strong>ipsisque</strong></span> <span class='ocrx_word' id='word_1_84' title='bbox 2689 1120 3026 1178; x_wconf 88' lang='lat' dir='ltr'><strong>mittendas</strong></span> <span class='ocrx_word' id='word_1_85' title='bbox 3073 1124 3336 1185; x_wconf 81' lang='lat' dir='ltr'><strong>curavit.</strong></span> 
     </span>
    </p>
   </div>
   <div class='ocr_carea' id='block_1_9' title="bbox 121 1211 3342 1297">
    <p class='ocr_par' dir='ltr' id='par_1_9' title="bbox 121 1211 3342 1297">
     <span class='ocr_line' id='line_1_9' title="bbox 121 1211 3342 1297; baseline 0.002 -20"><span class='ocrx_word' id='word_1_86' title='bbox 121 1216 202 1278; x_wconf 76' lang='lat' dir='ltr'><strong>Ad</strong></span> <span class='ocrx_word' id='word_1_87' title='bbox 240 1231 406 1291; x_wconf 80' lang='lat' dir='ltr'><strong>Opus</strong></span> <span class='ocrx_word' id='word_1_88' title='bbox 454 1220 715 1276; x_wconf 79' lang='lat' dir='ltr'><strong>strenue</strong></span> <span class='ocrx_word' id='word_1_89' title='bbox 752 1215 1066 1292; x_wconf 88' lang='lat' dir='ltr'><strong>agendum</strong></span> <span class='ocrx_word' id='word_1_90' title='bbox 1104 1214 1589 1287; x_wconf 82' lang='lat' dir='ltr'><strong>cohortabatur,</strong></span> <span class='ocrx_word' id='word_1_91' title='bbox 1642 1214 2012 1290; x_wconf 81' lang='lat' dir='ltr'><strong>significans</strong></span> <span class='ocrx_word' id='word_1_92' title='bbox 2047 1232 2369 1279; x_wconf 88' lang='lat' dir='ltr'><strong>summum</strong></span> <span class='ocrx_word' id='word_1_93' title='bbox 2425 1211 2787 1296; x_wconf 83' lang='lat' dir='ltr'><strong>pontificem</strong></span> <span class='ocrx_word' id='word_1_94' title='bbox 2826 1221 2905 1297; x_wconf 92' lang='lat' dir='ltr'><strong>(is</strong></span> <span class='ocrx_word' id='word_1_95' title='bbox 2953 1231 3082 1282; x_wconf 86' lang='lat' dir='ltr'><strong>erat</strong></span> <span class='ocrx_word' id='word_1_96' title='bbox 3138 1224 3342 1287; x_wconf 83' lang='lat' dir='ltr'><strong>felicis</strong></span> 
     </span>
    </p>
   </div>
   <div class='ocr_carea' id='block_1_10' title="bbox 122 1317 3339 1401">
    <p class='ocr_par' dir='ltr' id='par_1_10' title="bbox 122 1317 3339 1401">
     <span class='ocr_line' id='line_1_10' title="bbox 122 1317 3339 1401; baseline 0.002 -20"><span class='ocrx_word' id='word_1_97' title='bbox 122 1319 433 1381; x_wconf 74' lang='lat' dir='ltr'><strong>memoriae</strong></span> <span class='ocrx_word' id='word_1_98' title='bbox 461 1318 842 1379; x_wconf 87' lang='lat' dir='ltr'><strong>Benedictus</strong></span> <span class='ocrx_word' id='word_1_99' title='bbox 872 1320 1039 1397; x_wconf 81' lang='lat' dir='ltr'><strong>XIV)</strong></span> <span class='ocrx_word' id='word_1_100' title='bbox 1074 1318 1138 1379; x_wconf 92' lang='lat' dir='ltr'><strong>in</strong></span> <span class='ocrx_word' id='word_1_101' title='bbox 1179 1334 1408 1395; x_wconf 86' lang='lat' dir='ltr'><strong>magno</strong></span> <span class='ocrx_word' id='word_1_102' title='bbox 1446 1317 1639 1394; x_wconf 87' lang='lat' dir='ltr'><strong>hujus</strong></span> <span class='ocrx_word' id='word_1_103' title='bbox 1674 1319 1980 1381; x_wconf 87' lang='lat' dir='ltr'><strong>editionis</strong></span> <span class='ocrx_word' id='word_1_104' title='bbox 2029 1337 2171 1383; x_wconf 90' lang='lat' dir='ltr'><strong>esse</strong></span> <span class='ocrx_word' id='word_1_105' title='bbox 2203 1321 2551 1401; x_wconf 86' lang='lat' dir='ltr'><strong>desiderio,</strong></span> <span class='ocrx_word' id='word_1_106' title='bbox 2585 1331 2645 1386; x_wconf 93' lang='lat' dir='ltr'><strong>et</strong></span> <span class='ocrx_word' id='word_1_107' title='bbox 2691 1324 3097 1388; x_wconf 86' lang='lat' dir='ltr'><strong>Sanctitatem</strong></span> <span class='ocrx_word' id='word_1_108' title='bbox 3150 1330 3339 1390; x_wconf 89' lang='lat' dir='ltr'><strong>Suam</strong></span> 
     </span>
    </p>
   </div>
   <div class='ocr_carea' id='block_1_11' title="bbox 118 1415 2093 1495">
    <p class='ocr_par' dir='ltr' id='par_1_11' title="bbox 118 1415 2093 1495">
     <span class='ocr_line' id='line_1_11' title="bbox 118 1415 2093 1495; baseline -0.003 -14"><span class='ocrx_word' id='word_1_109' title='bbox 118 1436 229 1481; x_wconf 83' lang='lat' dir='ltr'><strong>una</strong></span> <span class='ocrx_word' id='word_1_110' title='bbox 266 1435 488 1478; x_wconf 84' lang='lat' dir='ltr'><strong>secum</strong></span> <span class='ocrx_word' id='word_1_111' title='bbox 520 1419 596 1477; x_wconf 90' lang='lat' dir='ltr'><strong>de</strong></span> <span class='ocrx_word' id='word_1_112' title='bbox 630 1416 740 1477; x_wconf 90' lang='lat' dir='ltr'><strong>illo</strong></span> <span class='ocrx_word' id='word_1_113' title='bbox 778 1434 971 1495; x_wconf 88' lang='lat' dir='ltr'><strong>opere</strong></span> <span class='ocrx_word' id='word_1_114' title='bbox 1009 1415 1407 1494; x_wconf 80' lang='lat' dir='ltr'><strong>frequentem</strong></span> <span class='ocrx_word' id='word_1_115' title='bbox 1445 1415 1675 1475; x_wconf 89' lang='lat' dir='ltr'><strong>habere</strong></span> <span class='ocrx_word' id='word_1_116' title='bbox 1708 1432 2093 1478; x_wconf 83' lang='lat' dir='ltr'><strong>sermonem.</strong></span> 
     </span>
    </p>
   </div>
   <div class='ocr_carea' id='block_1_12' title="bbox 186 1514 3337 1602">
    <p class='ocr_par' dir='ltr' id='par_1_12' title="bbox 186 1514 3337 1602">
     <span class='ocr_line' id='line_1_12' title="bbox 186 1514 3337 1602; baseline 0.002 -21"><span class='ocrx_word' id='word_1_117' title='bbox 186 1517 461 1595; x_wconf 83' lang='lat' dir='ltr'><strong>Insignis</strong></span> <span class='ocrx_word' id='word_1_118' title='bbox 504 1517 767 1579; x_wconf 65' lang='lat' dir='ltr'><strong>abbatis:</strong></span> <span class='ocrx_word' id='word_1_119' title='bbox 831 1517 895 1577; x_wconf 91' lang='lat' dir='ltr'><strong>S.</strong></span> <span class='ocrx_word' id='word_1_120' title='bbox 966 1515 1263 1575; x_wconf 87' lang='lat' dir='ltr'><strong>Germani</strong></span> <span class='ocrx_word' id='word_1_121' title='bbox 1321 1514 1871 1586; x_wconf 87' lang='lat' dir='ltr'><strong>bibliothecarius,</strong></span> <span class='ocrx_word' id='word_1_122' title='bbox 1936 1534 1969 1577; x_wconf 92' lang='lat' dir='ltr'><strong>e</strong></span> <span class='ocrx_word' id='word_1_123' title='bbox 2028 1515 2421 1578; x_wconf 81' lang='lat' dir='ltr'><strong>charissimis</strong></span> <span class='ocrx_word' id='word_1_124' title='bbox 2478 1522 2714 1583; x_wconf 89' lang='lat' dir='ltr'><strong>nostris</strong></span> <span class='ocrx_word' id='word_1_125' title='bbox 2763 1526 3089 1588; x_wconf 78' lang='lat' dir='ltr'><strong>sodalibus</strong></span> <span class='ocrx_word' id='word_1_126' title='bbox 3143 1544 3337 1602; x_wconf 87' lang='lat' dir='ltr'><strong>unus,</strong></span> 
     </span>
    </p>
   </div>
   <div class='ocr_carea' id='block_1_13' title="bbox 118 1617 3339 1709">
    <p class='ocr_par' dir='ltr' id='par_1_13' title="bbox 118 1617 3339 1709">
     <span class='ocr_line' id='line_1_13' title="bbox 118 1617 3339 1709; baseline 0.002 -26"><span class='ocrx_word' id='word_1_127' title='bbox 118 1621 185 1684; x_wconf 77' lang='grc' dir='ltr'><strong>Ι).</strong></span> <span class='ocrx_word' id='word_1_128' title='bbox 221 1623 453 1692; x_wconf 81' lang='lat' dir='ltr'><strong>Patert,</strong></span> <span class='ocrx_word' id='word_1_129' title='bbox 487 1638 558 1681; x_wconf 79' lang='lat' dir='ltr'><strong>ex</strong></span> <span class='ocrx_word' id='word_1_130' title='bbox 597 1620 887 1697; x_wconf 80' lang='lat' dir='ltr'><strong>pluribus</strong></span> <span class='ocrx_word' id='word_1_131' title='bbox 920 1618 1245 1679; x_wconf 87' lang='lat' dir='ltr'><strong>codicibus</strong></span> <span class='ocrx_word' id='word_1_132' title='bbox 1277 1617 1528 1695; x_wconf 88' lang='lat' dir='ltr'><strong>scriptis</strong></span> <span class='ocrx_word' id='word_1_133' title='bbox 1561 1634 1778 1690; x_wconf 86' lang='lat' dir='ltr'><strong>manu,</strong></span> <span class='ocrx_word' id='word_1_134' title='bbox 1811 1635 1936 1680; x_wconf 92' lang='lat' dir='ltr'><strong>non</strong></span> <span class='ocrx_word' id='word_1_135' title='bbox 1977 1625 2220 1709; x_wconf 85' lang='lat' dir='ltr'><strong>tantum</strong></span> <span class='ocrx_word' id='word_1_136' title='bbox 2253 1621 2314 1681; x_wconf 89' lang='lat' dir='ltr'><strong>S.</strong></span> <span class='ocrx_word' id='word_1_137' title='bbox 2348 1622 2669 1699; x_wconf 85' lang='lat' dir='ltr'><strong>Germani,</strong></span> <span class='ocrx_word' id='word_1_138' title='bbox 2703 1628 2813 1688; x_wconf 88' lang='lat' dir='ltr'><strong>sed</strong></span> <span class='ocrx_word' id='word_1_139' title='bbox 2855 1631 3041 1689; x_wconf 86' lang='lat' dir='ltr'><strong>etiam</strong></span> <span class='ocrx_word' id='word_1_140' title='bbox 3102 1632 3339 1707; x_wconf 66' lang='lat' dir='ltr'><strong>Regina,</strong></span> 
     </span>
    </p>
   </div>
   <div class='ocr_carea' id='block_1_14' title="bbox 117 1717 3338 1806">
    <p class='ocr_par' dir='ltr' id='par_1_14' title="bbox 117 1717 3338 1806">
     <span class='ocr_line' id='line_1_14' title="bbox 117 1717 3338 1806; baseline 0.003 -26"><span class='ocrx_word' id='word_1_141' title='bbox 117 1720 634 1789; x_wconf 81' lang='lat' dir='ltr'><strong>Claromontame,</strong></span> <span class='ocrx_word' id='word_1_142' title='bbox 666 1726 811 1788; x_wconf 89' lang='lat' dir='ltr'><strong>etc.,</strong></span> <span class='ocrx_word' id='word_1_143' title='bbox 843 1719 1045 1779; x_wconf 83' lang='lat' dir='ltr'><strong>varias</strong></span> <span class='ocrx_word' id='word_1_144' title='bbox 1082 1718 1412 1788; x_wconf 74' lang='lat' dir='ltr'><strong>lectiones,</strong></span> <span class='ocrx_word' id='word_1_145' title='bbox 1441 1726 1494 1778; x_wconf 89' lang='lat' dir='ltr'><strong>el</strong></span> <span class='ocrx_word' id='word_1_146' title='bbox 1532 1717 1790 1795; x_wconf 84' lang='lat' dir='ltr'><strong>quidem</strong></span> <span class='ocrx_word' id='word_1_147' title='bbox 1827 1720 2297 1795; x_wconf 84' lang='lat' dir='ltr'><strong>elegantissima</strong></span> <span class='ocrx_word' id='word_1_148' title='bbox 2333 1739 2520 1782; x_wconf 85' lang='lat' dir='ltr'><strong>manu</strong></span> <span class='ocrx_word' id='word_1_149' title='bbox 2552 1730 2613 1783; x_wconf 87' lang='lat' dir='ltr'><strong>et</strong></span> <span class='ocrx_word' id='word_1_150' title='bbox 2645 1728 2952 1804; x_wconf 85' lang='lat' dir='ltr'><strong>sagaciter</strong></span> <span class='ocrx_word' id='word_1_151' title='bbox 2991 1732 3338 1806; x_wconf 78' lang='lat' dir='ltr'><strong>descriptas</strong></span> 
     </span>
    </p>
   </div>
   <div class='ocr_carea' id='block_1_15' title="bbox 116 1820 3337 1909">
    <p class='ocr_par' dir='ltr' id='par_1_15' title="bbox 116 1820 3337 1909">
     <span class='ocr_line' id='line_1_15' title="bbox 116 1820 3337 1909; baseline 0.002 -24"><span class='ocrx_word' id='word_1_152' title='bbox 116 1823 452 1886; x_wconf 85' lang='lat' dir='ltr'><strong>liberaliter</strong></span> <span class='ocrx_word' id='word_1_153' title='bbox 486 1820 991 1885; x_wconf 80' lang='lat' dir='ltr'><strong>subministravit</strong></span> <span class='ocrx_word' id='word_1_154' title='bbox 1022 1825 1096 1885; x_wconf 87' lang='lat' dir='ltr'><strong>D.</strong></span> <span class='ocrx_word' id='word_1_155' title='bbox 1125 1824 1469 1884; x_wconf 91' lang='lat' dir='ltr'><strong>Prudentio</strong></span> <span class='ocrx_word' id='word_1_156' title='bbox 1500 1823 1741 1884; x_wconf 85' lang='lat' dir='ltr'><strong>Maran.</strong></span> <span class='ocrx_word' id='word_1_157' title='bbox 1767 1823 1941 1885; x_wconf 87' lang='lat' dir='ltr'><strong>Alias</strong></span> <span class='ocrx_word' id='word_1_158' title='bbox 1972 1842 2234 1905; x_wconf 89' lang='lat' dir='ltr'><strong>quoque</strong></span> <span class='ocrx_word' id='word_1_159' title='bbox 2262 1826 2417 1887; x_wconf 84' lang='lat' dir='ltr'><strong>alter</strong></span> <span class='ocrx_word' id='word_1_160' title='bbox 2446 1845 2479 1889; x_wconf 91' lang='lat' dir='ltr'><strong>e</strong></span> <span class='ocrx_word' id='word_1_161' title='bbox 2511 1828 2769 1899; x_wconf 86' lang='lat' dir='ltr'><strong>nostris,</strong></span> <span class='ocrx_word' id='word_1_162' title='bbox 2799 1845 2832 1888; x_wconf 86' lang='lat' dir='ltr'><strong>a</strong></span> <span class='ocrx_word' id='word_1_163' title='bbox 2865 1844 2932 1888; x_wconf 86' lang='lat' dir='ltr'><strong>se</strong></span> <span class='ocrx_word' id='word_1_164' title='bbox 2961 1827 3337 1909; x_wconf 88' lang='lat' dir='ltr'><strong>descriptas,</strong></span> 
     </span>
    </p>
   </div>
   <div class='ocr_carea' id='block_1_16' title="bbox 113 1925 1430 2001">
    <p class='ocr_par' dir='ltr' id='par_1_16' title="bbox 113 1925 1430 2001">
     <span class='ocr_line' id='line_1_16' title="bbox 113 1925 1430 2001; baseline -0.004 -12"><span class='ocrx_word' id='word_1_165' title='bbox 113 1929 178 1989; x_wconf 82' lang='grc' dir='ltr'><strong>Ι).</strong></span> <span class='ocrx_word' id='word_1_166' title='bbox 202 1928 488 1988; x_wconf 79' lang='lat' dir='ltr'><strong>Andreas</strong></span> <span class='ocrx_word' id='word_1_167' title='bbox 520 1925 712 1986; x_wconf 88' lang='lat' dir='ltr'><strong>Brion</strong></span> <span class='ocrx_word' id='word_1_168' title='bbox 750 1933 1145 2001; x_wconf 82' lang='lat' dir='ltr'><strong>pe‘ramanter</strong></span> <span class='ocrx_word' id='word_1_169' title='bbox 1176 1925 1430 1985; x_wconf 88' lang='lat' dir='ltr'><strong>obtulit.</strong></span> 
     </span>
    </p>
   </div>
   <div class='ocr_carea' id='block_1_17' title="bbox 176 2024 3336 2106">
    <p class='ocr_par' dir='ltr' id='par_1_17' title="bbox 176 2024 3336 2106">
     <span class='ocr_line' id='line_1_17' title="bbox 176 2024 3336 2106; baseline -0 -15"><span class='ocrx_word' id='word_1_170' title='bbox 176 2031 295 2091; x_wconf 83' lang='lat' dir='ltr'><strong>Nec</strong></span> <span class='ocrx_word' id='word_1_171' title='bbox 358 2030 619 2090; x_wconf 90' lang='lat' dir='ltr'><strong>tacitum</strong></span> <span class='ocrx_word' id='word_1_172' title='bbox 693 2027 1046 2106; x_wconf 81' lang='lat' dir='ltr'><strong>relinquam</strong></span> <span class='ocrx_word' id='word_1_173' title='bbox 1106 2024 1595 2086; x_wconf 83' lang='lat' dir='ltr'><strong>dilectissimum</strong></span> <span class='ocrx_word' id='word_1_174' title='bbox 1676 2024 1955 2085; x_wconf 87' lang='lat' dir='ltr'><strong>sodalem</strong></span> <span class='ocrx_word' id='word_1_175' title='bbox 2008 2028 2085 2090; x_wconf 92' lang='lat' dir='ltr'><strong>D.</strong></span> <span class='ocrx_word' id='word_1_176' title='bbox 2144 2028 2470 2089; x_wconf 86' lang='lat' dir='ltr'><strong>Daniclem</strong></span> <span class='ocrx_word' id='word_1_177' title='bbox 2544 2028 2815 2098; x_wconf 88' lang='lat' dir='ltr'><strong>Labbat,</strong></span> <span class='ocrx_word' id='word_1_178' title='bbox 2870 2045 2977 2102; x_wconf 86' lang='lat' dir='ltr'><strong>qm</strong></span> <span class='ocrx_word' id='word_1_179' title='bbox 3042 2027 3336 2106; x_wconf 71' lang='lat' dir='ltr'><strong>diligenti</strong></span> 
     </span>
    </p>
   </div>
   <div class='ocr_carea' id='block_1_18' title="bbox 109 2123 3334 2205">
    <p class='ocr_par' dir='ltr' id='par_1_18' title="bbox 109 2123 3334 2205">
     <span class='ocr_line' id='line_1_18' title="bbox 109 2123 3334 2205; baseline -0.001 -14"><span class='ocrx_word' id='word_1_180' title='bbox 109 2136 163 2192; x_wconf 86' lang='lat' dir='ltr'><strong>et</strong></span> <span class='ocrx_word' id='word_1_181' title='bbox 213 2130 420 2191; x_wconf 85' lang='lat' dir='ltr'><strong>multo</strong></span> <span class='ocrx_word' id='word_1_182' title='bbox 469 2128 682 2190; x_wconf 89' lang='lat' dir='ltr'><strong>labore</strong></span> <span class='ocrx_word' id='word_1_183' title='bbox 742 2126 983 2189; x_wconf 83' lang='lat' dir='ltr'><strong>indices</strong></span> <span class='ocrx_word' id='word_1_184' title='bbox 1062 2123 1599 2199; x_wconf 85' lang='lat' dir='ltr'><strong>locupletissimos</strong></span> <span class='ocrx_word' id='word_1_185' title='bbox 1668 2124 2035 2196; x_wconf 88' lang='lat' dir='ltr'><strong>adornavit,</strong></span> <span class='ocrx_word' id='word_1_186' title='bbox 2107 2143 2225 2191; x_wconf 87' lang='lat' dir='ltr'><strong>nec</strong></span> <span class='ocrx_word' id='word_1_187' title='bbox 2296 2128 2365 2189; x_wconf 84' lang='grc' dir='ltr'><strong>ί).</strong></span> <span class='ocrx_word' id='word_1_188' title='bbox 2434 2127 2818 2204; x_wconf 73' lang='lat' dir='ltr'><strong>Dionysium</strong></span> <span class='ocrx_word' id='word_1_189' title='bbox 2865 2127 3146 2202; x_wconf 79' lang='lat' dir='ltr'><strong>d&#39;Olivr-,</strong></span> <span class='ocrx_word' id='word_1_190' title='bbox 3220 2126 3334 2205; x_wconf 82' lang='lat' dir='ltr'><strong>qui</strong></span> 
     </span>
    </p>
   </div>
   <div class='ocr_carea' id='block_1_19' title="bbox 110 2221 3335 2308">
    <p class='ocr_par' dir='ltr' id='par_1_19' title="bbox 110 2221 3335 2308">
     <span class='ocr_line' id='line_1_19' title="bbox 110 2221 3335 2308; baseline -0 -15"><span class='ocrx_word' id='word_1_191' title='bbox 110 2231 315 2294; x_wconf 88' lang='lat' dir='ltr'><strong>menda</strong></span> <span class='ocrx_word' id='word_1_192' title='bbox 400 2227 846 2308; x_wconf 81' lang='lat' dir='ltr'><strong>typographica</strong></span> <span class='ocrx_word' id='word_1_193' title='bbox 918 2223 1274 2302; x_wconf 88' lang='lat' dir='ltr'><strong>corrigendi</strong></span> <span class='ocrx_word' id='word_1_194' title='bbox 1349 2221 1619 2284; x_wconf 89' lang='lat' dir='ltr'><strong>libenter</strong></span> <span class='ocrx_word' id='word_1_195' title='bbox 1683 2222 1745 2283; x_wconf 91' lang='lat' dir='ltr'><strong>in</strong></span> <span class='ocrx_word' id='word_1_196' title='bbox 1804 2240 1873 2283; x_wconf 91' lang='lat' dir='ltr'><strong>se</strong></span> <span class='ocrx_word' id='word_1_197' title='bbox 1942 2240 2158 2285; x_wconf 89' lang='lat' dir='ltr'><strong>curam</strong></span> <span class='ocrx_word' id='word_1_198' title='bbox 2236 2227 2559 2303; x_wconf 83' lang='lat' dir='ltr'><strong>suscepit,</strong></span> <span class='ocrx_word' id='word_1_199' title='bbox 2606 2234 2667 2286; x_wconf 89' lang='lat' dir='ltr'><strong>et</strong></span> <span class='ocrx_word' id='word_1_200' title='bbox 2726 2244 2981 2303; x_wconf 84' lang='lat' dir='ltr'><strong>cperam</strong></span> <span class='ocrx_word' id='word_1_201' title='bbox 3045 2230 3335 2292; x_wconf 83' lang='lat' dir='ltr'><strong>studiose</strong></span> 
     </span>
    </p>
   </div>
   <div class='ocr_carea' id='block_1_20' title="bbox 108 2313 3336 2409">
    <p class='ocr_par' dir='ltr' id='par_1_20' title="bbox 108 2313 3336 2409">
     <span class='ocr_line' id='line_1_20' title="bbox 108 2313 3336 2409; baseline 0 -19"><span class='ocrx_word' id='word_1_202' title='bbox 108 2338 472 2409; x_wconf 86' lang='lat' dir='ltr'><strong>prosecutus</strong></span> <span class='ocrx_word' id='word_1_203' title='bbox 528 2337 644 2388; x_wconf 86' lang='lat' dir='ltr'><strong>est.</strong></span> <span class='ocrx_word' id='word_1_204' title='bbox 703 2328 838 2388; x_wconf 83' lang='lat' dir='ltr'><strong>Jam</strong></span> <span class='ocrx_word' id='word_1_205' title='bbox 892 2324 1049 2388; x_wconf 81' lang='lat' dir='ltr'><strong>faxit</strong></span> <span class='ocrx_word' id='word_1_206' title='bbox 1107 2326 1273 2383; x_wconf 87' lang='lat' dir='ltr'><strong>Deus</strong></span> <span class='ocrx_word' id='word_1_207' title='bbox 1322 2313 1412 2383; x_wconf 18' lang='lat' dir='ltr'><strong>uti</strong></span> <span class='ocrx_word' id='word_1_208' title='bbox 1452 2332 1668 2383; x_wconf 84' lang='lat' dir='ltr'><strong>noster</strong></span> <span class='ocrx_word' id='word_1_209' title='bbox 1741 2321 1841 2383; x_wconf 87' lang='lat' dir='ltr'><strong>hic</strong></span> <span class='ocrx_word' id='word_1_210' title='bbox 1900 2325 2511 2405; x_wconf 85' lang='lat' dir='ltr'><strong>quantuluscunque</strong></span> <span class='ocrx_word' id='word_1_211' title='bbox 2578 2327 2754 2387; x_wconf 88' lang='lat' dir='ltr'><strong>labor</strong></span> <span class='ocrx_word' id='word_1_212' title='bbox 2819 2329 2881 2385; x_wconf 91' lang='lat' dir='ltr'><strong>in</strong></span> <span class='ocrx_word' id='word_1_213' title='bbox 2938 2344 3093 2389; x_wconf 92' lang='lat' dir='ltr'><strong>usus</strong></span> <span class='ocrx_word' id='word_1_214' title='bbox 3150 2330 3336 2393; x_wconf 82' lang='lat' dir='ltr'><strong>cedat</strong></span> 
     </span>
    </p>
   </div>
   <div class='ocr_carea' id='block_1_21' title="bbox 107 2424 3331 2510">
    <p class='ocr_par' dir='ltr' id='par_1_21' title="bbox 107 2424 3331 2510">
     <span class='ocr_line' id='line_1_21' title="bbox 107 2424 3331 2510; baseline 0.001 -16"><span class='ocrx_word' id='word_1_215' title='bbox 107 2431 393 2494; x_wconf 62' lang='lat' dir='ltr'><strong>Ecclesiae</strong></span> <span class='ocrx_word' id='word_1_216' title='bbox 440 2428 783 2502; x_wconf 63' lang='lat' dir='ltr'><strong>catholica,</strong></span> <span class='ocrx_word' id='word_1_217' title='bbox 834 2428 938 2490; x_wconf 87' lang='lat' dir='ltr'><strong>cui</strong></span> <span class='ocrx_word' id='word_1_218' title='bbox 991 2424 1305 2507; x_wconf 88' lang='lat' dir='ltr'><strong>quidquid</strong></span> <span class='ocrx_word' id='word_1_219' title='bbox 1344 2424 1601 2487; x_wconf 87' lang='lat' dir='ltr'><strong>fecerim</strong></span> <span class='ocrx_word' id='word_1_220' title='bbox 1666 2430 1868 2486; x_wconf 89' lang='lat' dir='ltr'><strong>totum</strong></span> <span class='ocrx_word' id='word_1_221' title='bbox 1922 2442 2254 2501; x_wconf 90' lang='lat' dir='ltr'><strong>consecro,</strong></span> <span class='ocrx_word' id='word_1_222' title='bbox 2317 2429 2637 2508; x_wconf 87' lang='lat' dir='ltr'><strong>quidquid</strong></span> <span class='ocrx_word' id='word_1_223' title='bbox 2698 2431 3058 2510; x_wconf 87' lang='lat' dir='ltr'><strong>scripserim</strong></span> <span class='ocrx_word' id='word_1_224' title='bbox 3124 2440 3331 2497; x_wconf 87' lang='lat' dir='ltr'><strong>totum</strong></span> 
     </span>
    </p>
   </div>
   <div class='ocr_carea' id='block_1_22' title="bbox 107 2533 429 2633">
    <p class='ocr_par' dir='ltr' id='par_1_22' title="bbox 107 2533 429 2633">
     <span class='ocr_line' id='line_1_22' title="bbox 107 2533 429 2633; baseline -0.006 -39"><span class='ocrx_word' id='word_1_225' title='bbox 107 2533 429 2633; x_wconf 73' lang='lat' dir='ltr'><strong>submitte.</strong></span> 
     </span>
    </p>
   </div>
   <div class='ocr_carea' id='block_1_23' title="bbox 112 2666 3303 2693">
    <p class='ocr_par' dir='ltr' id='par_1_23' title="bbox 112 2666 3303 2693">
     <span class='ocr_line' id='line_1_23' title="bbox 112 2666 3303 2693; baseline 0 -6"><span class='ocrx_word' id='word_1_226' title='bbox 112 2666 3303 2693; x_wconf 56' lang='lat' dir='ltr'><strong>Mm</strong></span> 
     </span>
    </p>
   </div>
   <div class='ocr_carea' id='block_1_24' title="bbox 1087 2828 2310 2922">
    <p class='ocr_par' dir='ltr' id='par_1_24' title="bbox 1087 2828 2310 2922">
     <span class='ocr_line' id='line_1_24' title="bbox 1087 2828 2310 2922; baseline 0 0"><span class='ocrx_word' id='word_1_227' title='bbox 1087 2828 1792 2922; x_wconf 73' lang='lat' dir='ltr'><strong>SECUNDA</strong></span> <span class='ocrx_word' id='word_1_228' title='bbox 1897 2829 2310 2922; x_wconf 82' lang='lat' dir='ltr'><strong>PARS.</strong></span> 
     </span>
    </p>
   </div>
   <div class='ocr_carea' id='block_1_25' title="bbox 1299 3015 2136 3080">
    <p class='ocr_par' dir='ltr' id='par_1_25' title="bbox 1299 3015 2136 3080">
     <span class='ocr_line' id='line_1_25' title="bbox 1299 3015 2136 3080; baseline 0.01 -8"><span class='ocrx_word' id='word_1_229' title='bbox 1299 3016 1632 3072; x_wconf 73' lang='lat' dir='ltr'><strong>DEFENSIO</strong></span> <span class='ocrx_word' id='word_1_230' title='bbox 1672 3015 2136 3080; x_wconf 65' lang='lat' dir='ltr'><strong>GRECORIANA.</strong></span> 
     </span>
    </p>
   </div>
   <div class='ocr_carea' id='block_1_26' title="bbox 1664 3176 1737 3195">
    <p class='ocr_par' dir='ltr' id='par_1_26' title="bbox 1664 3176 1737 3195">
     <span class='ocr_line' id='line_1_26' title="bbox 1664 3176 1737 3195; baseline -0.027 0"><span class='ocrx_word' id='word_1_231' title='bbox 1664 3176 1737 3195; x_wconf 48' lang='grc' dir='ltr'><strong><em>ἀ</em></strong></span> 
     </span>
    </p>
   </div>
   <div class='ocr_carea' id='block_1_27' title="bbox 955 3350 2441 3426">
    <p class='ocr_par' dir='ltr' id='par_1_27' title="bbox 955 3350 2441 3426">
     <span class='ocr_line' id='line_1_27' title="bbox 955 3350 2441 3426; baseline -0.001 -15"><span class='ocrx_word' id='word_1_232' title='bbox 955 3353 983 3426; x_wconf 73' lang='lat'><strong>5</strong></span> <span class='ocrx_word' id='word_1_233' title='bbox 1016 3350 1068 3411; x_wconf 92' lang='grc' dir='ltr'><strong>Ι.</strong></span> <span class='ocrx_word' id='word_1_234' title='bbox 1100 3367 1411 3412; x_wconf 71' lang='lat' dir='ltr'><strong>nas-essm</strong></span> <span class='ocrx_word' id='word_1_235' title='bbox 1438 3366 1745 3413; x_wconf 68' lang='lat' dir='ltr'><strong>GREGORII</strong></span> <span class='ocrx_word' id='word_1_236' title='bbox 1785 3365 2102 3411; x_wconf 65' lang='lat' dir='ltr'><strong>snvaasus</strong></span> <span class='ocrx_word' id='word_1_237' title='bbox 2134 3366 2441 3411; x_wconf 64' lang='lat' dir='ltr'><strong>sonum.</strong></span> 
     </span>
    </p>
   </div>
   <div class='ocr_carea' id='block_1_28' title="bbox 163 3490 3325 3583">
    <p class='ocr_par' dir='ltr' id='par_1_28' title="bbox 163 3490 3325 3583">
     <span class='ocr_line' id='line_1_28' title="bbox 163 3490 3325 3583; baseline 0.001 -15"><span class='ocrx_word' id='word_1_238' title='bbox 163 3505 376 3569; x_wconf 85' lang='lat' dir='ltr'><strong>Plures</strong></span> <span class='ocrx_word' id='word_1_239' title='bbox 418 3520 550 3567; x_wconf 88' lang='lat' dir='ltr'><strong>non</strong></span> <span class='ocrx_word' id='word_1_240' title='bbox 587 3509 828 3565; x_wconf 79' lang='lat' dir='ltr'><strong>tantum</strong></span> <span class='ocrx_word' id='word_1_241' title='bbox 878 3490 965 3566; x_wconf 35' lang='lat' dir='ltr'><strong>ex&#39;</strong></span> <span class='ocrx_word' id='word_1_242' title='bbox 992 3502 1438 3576; x_wconf 86' lang='lat' dir='ltr'><strong>heterodoxis,</strong></span> <span class='ocrx_word' id='word_1_243' title='bbox 1471 3504 1641 3583; x_wconf 90' lang='lat' dir='ltr'><strong>quod</strong></span> <span class='ocrx_word' id='word_1_244' title='bbox 1689 3504 1914 3564; x_wconf 88' lang='lat' dir='ltr'><strong>mirum</strong></span> <span class='ocrx_word' id='word_1_245' title='bbox 1955 3521 2080 3565; x_wconf 92' lang='lat' dir='ltr'><strong>non</strong></span> <span class='ocrx_word' id='word_1_246' title='bbox 2117 3512 2235 3577; x_wconf 89' lang='lat' dir='ltr'><strong>est,</strong></span> <span class='ocrx_word' id='word_1_247' title='bbox 2273 3504 2381 3565; x_wconf 91' lang='lat' dir='ltr'><strong>sed</strong></span> <span class='ocrx_word' id='word_1_248' title='bbox 2440 3502 2625 3566; x_wconf 88' lang='lat' dir='ltr'><strong>etiam</strong></span> <span class='ocrx_word' id='word_1_249' title='bbox 2664 3521 2738 3565; x_wconf 82' lang='lat' dir='ltr'><strong>ex</strong></span> <span class='ocrx_word' id='word_1_250' title='bbox 2772 3502 3140 3579; x_wconf 87' lang='lat' dir='ltr'><strong>Catholicis,</strong></span> <span class='ocrx_word' id='word_1_251' title='bbox 3172 3508 3325 3571; x_wconf 84' lang='lat' dir='ltr'><strong>Gre-</strong></span> 
     </span>
    </p>
   </div>
   <div class='ocr_carea' id='block_1_29' title="bbox 98 3604 3369 3687">
    <p class='ocr_par' dir='ltr' id='par_1_29' title="bbox 98 3604 3369 3687">
     <span class='ocr_line' id='line_1_29' title="bbox 98 3604 3369 3687; baseline -0.001 -16"><span class='ocrx_word' id='word_1_252' title='bbox 98 3610 258 3687; x_wconf 76' lang='lat' dir='ltr'><strong>goria</strong></span> <span class='ocrx_word' id='word_1_253' title='bbox 289 3627 515 3687; x_wconf 85' lang='lat' dir='ltr'><strong>parum</strong></span> <span class='ocrx_word' id='word_1_254' title='bbox 540 3625 758 3687; x_wconf 67' lang='lat' dir='ltr'><strong>aequus</strong></span> <span class='ocrx_word' id='word_1_255' title='bbox 793 3623 858 3667; x_wconf 90' lang='lat' dir='ltr'><strong>se</strong></span> <span class='ocrx_word' id='word_1_256' title='bbox 884 3604 1316 3682; x_wconf 64' lang='lat' dir='ltr'><strong>praebuerunt,</strong></span> <span class='ocrx_word' id='word_1_257' title='bbox 1344 3605 1470 3666; x_wconf 87' lang='lat' dir='ltr'><strong>itno</strong></span> <span class='ocrx_word' id='word_1_258' title='bbox 1504 3622 1647 3665; x_wconf 89' lang='lat' dir='ltr'><strong>eum</strong></span> <span class='ocrx_word' id='word_1_259' title='bbox 1683 3604 1987 3666; x_wconf 85' lang='lat' dir='ltr'><strong>conviciis</strong></span> <span class='ocrx_word' id='word_1_260' title='bbox 2022 3605 2352 3676; x_wconf 84' lang='lat' dir='ltr'><strong>lacessere,</strong></span> <span class='ocrx_word' id='word_1_261' title='bbox 2392 3604 2731 3665; x_wconf 83' lang='lat' dir='ltr'><strong>calumniis</strong></span> <span class='ocrx_word' id='word_1_262' title='bbox 2759 3615 2946 3685; x_wconf 87' lang='lat' dir='ltr'><strong>atque</strong></span> <span class='ocrx_word' id='word_1_263' title='bbox 2992 3607 3176 3669; x_wconf 88' lang='lat' dir='ltr'><strong>etiam</strong></span> <span class='ocrx_word' id='word_1_264' title='bbox 3211 3609 3325 3671; x_wconf 85' lang='lat' dir='ltr'><strong>fal-</strong></span> <span class='ocrx_word' id='word_1_265' title='bbox 3359 3626 3369 3634; x_wconf 83' lang='lat'><strong><em>&#39;</em></strong></span> 
     </span>
    </p>
   </div>
   <div class='ocr_carea' id='block_1_30' title="bbox 99 3703 3325 3803">
    <p class='ocr_par' dir='ltr' id='par_1_30' title="bbox 99 3703 3325 3803">
     <span class='ocr_line' id='line_1_30' title="bbox 99 3703 3325 3803; baseline 0 -32"><span class='ocrx_word' id='word_1_266' title='bbox 99 3714 174 3773; x_wconf 89' lang='lat' dir='ltr'><strong>sis</strong></span> <span class='ocrx_word' id='word_1_267' title='bbox 200 3710 585 3772; x_wconf 88' lang='lat' dir='ltr'><strong>criminibus</strong></span> <span class='ocrx_word' id='word_1_268' title='bbox 627 3707 1001 3770; x_wconf 87' lang='lat' dir='ltr'><strong>insimulare</strong></span> <span class='ocrx_word' id='word_1_269' title='bbox 1039 3706 1179 3766; x_wconf 86' lang='lat' dir='ltr'><strong>ausi</strong></span> <span class='ocrx_word' id='word_1_270' title='bbox 1218 3713 1392 3779; x_wconf 89' lang='lat' dir='ltr'><strong>sunt,</strong></span> <span class='ocrx_word' id='word_1_271' title='bbox 1450 3721 1724 3784; x_wconf 90' lang='lat' dir='ltr'><strong>quorum</strong></span> <span class='ocrx_word' id='word_1_272' title='bbox 1762 3706 2177 3781; x_wconf 85' lang='lat' dir='ltr'><strong>petulantiam</strong></span> <span class='ocrx_word' id='word_1_273' title='bbox 2236 3703 2529 3781; x_wconf 79' lang='lat' dir='ltr'><strong>frangere</strong></span> <span class='ocrx_word' id='word_1_274' title='bbox 2579 3711 2643 3764; x_wconf 83' lang='lat' dir='ltr'><strong>et</strong></span> <span class='ocrx_word' id='word_1_275' title='bbox 2700 3708 3325 3803; x_wconf 62' lang='lat' dir='ltr'><strong>contumeliasjuvat</strong></span> 
     </span>
    </p>
   </div>
   <div class='ocr_carea' id='block_1_31' title="bbox 102 3807 3324 3888">
    <p class='ocr_par' dir='ltr' id='par_1_31' title="bbox 102 3807 3324 3888">
     <span class='ocr_line' id='line_1_31' title="bbox 102 3807 3324 3888; baseline 0.001 -18"><span class='ocrx_word' id='word_1_276' title='bbox 102 3816 446 3873; x_wconf 76' lang='lat' dir='ltr'><strong>rctundere.</strong></span> <span class='ocrx_word' id='word_1_277' title='bbox 492 3810 905 3888; x_wconf 78' lang='lat' dir='ltr'><strong>Singulorum</strong></span> <span class='ocrx_word' id='word_1_278' title='bbox 946 3818 1151 3871; x_wconf 90' lang='lat' dir='ltr'><strong>tamen</strong></span> <span class='ocrx_word' id='word_1_279' title='bbox 1186 3811 1527 3871; x_wconf 89' lang='lat' dir='ltr'><strong>calumniis</strong></span> <span class='ocrx_word' id='word_1_280' title='bbox 1558 3819 1619 3871; x_wconf 89' lang='lat' dir='ltr'><strong>et</strong></span> <span class='ocrx_word' id='word_1_281' title='bbox 1656 3810 1942 3871; x_wconf 88' lang='lat' dir='ltr'><strong>dicteriis</strong></span> <span class='ocrx_word' id='word_1_282' title='bbox 1980 3811 2042 3870; x_wconf 89' lang='lat' dir='ltr'><strong>in</strong></span> <span class='ocrx_word' id='word_1_283' title='bbox 2098 3810 2477 3887; x_wconf 85' lang='lat' dir='ltr'><strong>Gregorium</strong></span> <span class='ocrx_word' id='word_1_284' title='bbox 2514 3807 2884 3871; x_wconf 85' lang='lat' dir='ltr'><strong>refellendis</strong></span> <span class='ocrx_word' id='word_1_285' title='bbox 2933 3828 3057 3872; x_wconf 91' lang='lat' dir='ltr'><strong>non</strong></span> <span class='ocrx_word' id='word_1_286' title='bbox 3098 3814 3324 3874; x_wconf 80' lang='lat' dir='ltr'><strong>inuno-</strong></span> 
     </span>
    </p>
   </div>
   <div class='ocr_carea' id='block_1_32' title="bbox 100 3907 3320 3991">
    <p class='ocr_par' dir='ltr' id='par_1_32' title="bbox 100 3907 3320 3991">
     <span class='ocr_line' id='line_1_32' title="bbox 100 3907 3320 3991; baseline 0.002 -21"><span class='ocrx_word' id='word_1_287' title='bbox 100 3914 277 3973; x_wconf 78' lang='lat' dir='ltr'><strong>rahor.</strong></span> <span class='ocrx_word' id='word_1_288' title='bbox 318 3912 546 3973; x_wconf 77' lang='lat' dir='ltr'><strong>Missis</strong></span> <span class='ocrx_word' id='word_1_289' title='bbox 583 3914 773 3989; x_wconf 87' lang='lat' dir='ltr'><strong>igitur</strong></span> <span class='ocrx_word' id='word_1_290' title='bbox 818 3911 1057 3983; x_wconf 70' lang='lat' dir='ltr'><strong>Dallaei,</strong></span> <span class='ocrx_word' id='word_1_291' title='bbox 1106 3911 1357 3981; x_wconf 91' lang='lat' dir='ltr'><strong>Clerici,</strong></span> <span class='ocrx_word' id='word_1_292' title='bbox 1396 3909 1712 3988; x_wconf 88' lang='lat' dir='ltr'><strong>Basnagii,</strong></span> <span class='ocrx_word' id='word_1_293' title='bbox 1749 3919 1894 3983; x_wconf 89' lang='lat' dir='ltr'><strong>etc.,</strong></span> <span class='ocrx_word' id='word_1_294' title='bbox 1960 3918 2054 3971; x_wconf 91' lang='lat' dir='ltr'><strong>sat</strong></span> <span class='ocrx_word' id='word_1_295' title='bbox 2090 3912 2207 3971; x_wconf 91' lang='lat' dir='ltr'><strong>erit</strong></span> <span class='ocrx_word' id='word_1_296' title='bbox 2245 3907 2523 3971; x_wconf 84' lang='lat' dir='ltr'><strong>Tullium</strong></span> <span class='ocrx_word' id='word_1_297' title='bbox 2558 3911 2665 3988; x_wconf 87' lang='lat' dir='ltr'><strong>qui</strong></span> <span class='ocrx_word' id='word_1_298' title='bbox 2721 3929 2831 3973; x_wconf 83' lang='lat' dir='ltr'><strong>eos</strong></span> <span class='ocrx_word' id='word_1_299' title='bbox 2885 3914 3165 3977; x_wconf 85' lang='lat' dir='ltr'><strong>imitatus</strong></span> <span class='ocrx_word' id='word_1_300' title='bbox 3199 3925 3320 3991; x_wconf 85' lang='lat' dir='ltr'><strong>est,</strong></span> 
     </span>
    </p>
   </div>
   <div class='ocr_carea' id='block_1_33' title="bbox 99 3996 3320 4091">
    <p class='ocr_par' dir='ltr' id='par_1_33' title="bbox 99 3996 3320 4091">
     <span class='ocr_line' id='line_1_33' title="bbox 99 3996 3320 4091; baseline 0 -19"><span class='ocrx_word' id='word_1_301' title='bbox 99 4016 406 4091; x_wconf 85' lang='lat' dir='ltr'><strong>castigare,</strong></span> <span class='ocrx_word' id='word_1_302' title='bbox 444 4022 510 4074; x_wconf 85' lang='lat' dir='ltr'><strong>et</strong></span> <span class='ocrx_word' id='word_1_303' title='bbox 541 4014 787 4074; x_wconf 88' lang='lat' dir='ltr'><strong>diluere</strong></span> <span class='ocrx_word' id='word_1_304' title='bbox 823 4027 965 4091; x_wconf 57' lang='lat' dir='ltr'><strong>quae</strong></span> <span class='ocrx_word' id='word_1_305' title='bbox 1012 4010 1317 4072; x_wconf 84' lang='lat' dir='ltr'><strong>adversus</strong></span> <span class='ocrx_word' id='word_1_306' title='bbox 1355 4009 1733 4084; x_wconf 83' lang='lat' dir='ltr'><strong>Gregorium</strong></span> <span class='ocrx_word' id='word_1_307' title='bbox 1788 4007 1949 4069; x_wconf 85' lang='lat' dir='ltr'><strong>falso</strong></span> <span class='ocrx_word' id='word_1_308' title='bbox 1982 4016 2043 4070; x_wconf 86' lang='lat' dir='ltr'><strong>et</strong></span> <span class='ocrx_word' id='word_1_309' title='bbox 2080 3996 2521 4070; x_wconf 75' lang='lat' dir='ltr'><strong>inverecunde</strong></span> <span class='ocrx_word' id='word_1_310' title='bbox 2553 4008 2831 4083; x_wconf 83' lang='lat' dir='ltr'><strong>scripsit.</strong></span> <span class='ocrx_word' id='word_1_311' title='bbox 2870 4012 2929 4071; x_wconf 81' lang='lat' dir='ltr'><strong>is</strong></span> <span class='ocrx_word' id='word_1_312' title='bbox 2961 4013 3217 4089; x_wconf 86' lang='lat' dir='ltr'><strong>quidem</strong></span> <span class='ocrx_word' id='word_1_313' title='bbox 3257 4013 3320 4074; x_wconf 88' lang='lat' dir='ltr'><strong>in</strong></span> 
     </span>
    </p>
   </div>
   <div class='ocr_carea' id='block_1_34' title="bbox 98 4111 3319 4195">
    <p class='ocr_par' dir='ltr' id='par_1_34' title="bbox 98 4111 3319 4195">
     <span class='ocr_line' id='line_1_34' title="bbox 98 4111 3319 4195; baseline 0 -20"><span class='ocrx_word' id='word_1_314' title='bbox 98 4118 321 4195; x_wconf 85' lang='lat' dir='ltr'><strong>scriptis</strong></span> <span class='ocrx_word' id='word_1_315' title='bbox 353 4117 677 4194; x_wconf 86' lang='lat' dir='ltr'><strong>Theologi</strong></span> <span class='ocrx_word' id='word_1_316' title='bbox 718 4114 1216 4184; x_wconf 89' lang='lat' dir='ltr'><strong>versatissimus,</strong></span> <span class='ocrx_word' id='word_1_317' title='bbox 1286 4114 1395 4175; x_wconf 87' lang='lat' dir='ltr'><strong>sed</strong></span> <span class='ocrx_word' id='word_1_318' title='bbox 1436 4112 1499 4172; x_wconf 93' lang='lat' dir='ltr'><strong>in</strong></span> <span class='ocrx_word' id='word_1_319' title='bbox 1532 4120 1854 4174; x_wconf 88' lang='lat' dir='ltr'><strong>auctorem</strong></span> <span class='ocrx_word' id='word_1_320' title='bbox 1893 4112 2366 4191; x_wconf 82' lang='lat' dir='ltr'><strong>iniquissimus,</strong></span> <span class='ocrx_word' id='word_1_321' title='bbox 2405 4118 2525 4171; x_wconf 90' lang='lat' dir='ltr'><strong>tam</strong></span> <span class='ocrx_word' id='word_1_322' title='bbox 2563 4112 2755 4172; x_wconf 88' lang='lat' dir='ltr'><strong>multa</strong></span> <span class='ocrx_word' id='word_1_323' title='bbox 2789 4111 2909 4172; x_wconf 82' lang='lat' dir='ltr'><strong>huc</strong></span> <span class='ocrx_word' id='word_1_324' title='bbox 2943 4114 3114 4187; x_wconf 88' lang='lat' dir='ltr'><strong>illuc,</strong></span> <span class='ocrx_word' id='word_1_325' title='bbox 3154 4122 3319 4176; x_wconf 89' lang='lat' dir='ltr'><strong>tam-</strong></span> 
     </span>
    </p>
   </div>
   <div class='ocr_carea' id='block_1_35' title="bbox 97 4215 3322 4299">
    <p class='ocr_par' dir='ltr' id='par_1_35' title="bbox 97 4215 3322 4299">
     <span class='ocr_line' id='line_1_35' title="bbox 97 4215 3322 4299; baseline 0 -22"><span class='ocrx_word' id='word_1_326' title='bbox 97 4220 553 4298; x_wconf 86' lang='lat' dir='ltr'><strong>queinjuriosa</strong></span> <span class='ocrx_word' id='word_1_327' title='bbox 619 4218 754 4278; x_wconf 91' lang='lat' dir='ltr'><strong>viro</strong></span> <span class='ocrx_word' id='word_1_328' title='bbox 802 4230 1021 4283; x_wconf 86' lang='lat' dir='ltr'><strong>sancto</strong></span> <span class='ocrx_word' id='word_1_329' title='bbox 1069 4218 1301 4299; x_wconf 86' lang='lat' dir='ltr'><strong>sparsit</strong></span> <span class='ocrx_word' id='word_1_330' title='bbox 1337 4218 1398 4278; x_wconf 91' lang='lat' dir='ltr'><strong>in</strong></span> <span class='ocrx_word' id='word_1_331' title='bbox 1456 4218 1849 4295; x_wconf 85' lang='lat' dir='ltr'><strong>argumentis</strong></span> <span class='ocrx_word' id='word_1_332' title='bbox 1913 4226 1974 4278; x_wconf 93' lang='lat' dir='ltr'><strong>et</strong></span> <span class='ocrx_word' id='word_1_333' title='bbox 2034 4217 2205 4278; x_wconf 92' lang='lat' dir='ltr'><strong>notis</strong></span> <span class='ocrx_word' id='word_1_334' title='bbox 2271 4215 2695 4295; x_wconf 87' lang='lat' dir='ltr'><strong>quorumdam</strong></span> <span class='ocrx_word' id='word_1_335' title='bbox 2734 4218 3117 4287; x_wconf 82' lang='lat' dir='ltr'><strong>carminum,</strong></span> <span class='ocrx_word' id='word_1_336' title='bbox 3178 4233 3322 4297; x_wconf 73' lang='lat' dir='ltr'><strong>qum</strong></span> 
     </span>
    </p>
   </div>
   <div class='ocr_carea' id='block_1_36' title="bbox 94 4313 3319 4398">
    <p class='ocr_par' dir='ltr' id='par_1_36' title="bbox 94 4313 3319 4398">
     <span class='ocr_line' id='line_1_36' title="bbox 94 4313 3319 4398; baseline 0 -18"><span class='ocrx_word' id='word_1_337' title='bbox 94 4313 209 4396; x_wconf 76' lang='lat' dir='ltr'><strong>ipse</strong></span> <span class='ocrx_word' id='word_1_338' title='bbox 239 4319 530 4398; x_wconf 81' lang='lat' dir='ltr'><strong>vulgavit</strong></span> <span class='ocrx_word' id='word_1_339' title='bbox 589 4334 754 4379; x_wconf 91' lang='lat' dir='ltr'><strong>anno</strong></span> <span class='ocrx_word' id='word_1_340' title='bbox 784 4320 961 4393; x_wconf 84' lang='lat'><strong>1690,</strong></span> <span class='ocrx_word' id='word_1_341' title='bbox 1017 4326 1087 4380; x_wconf 90' lang='lat' dir='ltr'><strong>ut</strong></span> <span class='ocrx_word' id='word_1_342' title='bbox 1124 4318 1339 4378; x_wconf 85' lang='lat' dir='ltr'><strong>omnia</strong></span> <span class='ocrx_word' id='word_1_343' title='bbox 1396 4316 1675 4395; x_wconf 87' lang='lat' dir='ltr'><strong>proferre</strong></span> <span class='ocrx_word' id='word_1_344' title='bbox 1714 4314 1971 4393; x_wconf 87' lang='lat' dir='ltr'><strong>longum</strong></span> <span class='ocrx_word' id='word_1_345' title='bbox 2030 4315 2193 4379; x_wconf 88' lang='lat' dir='ltr'><strong>foret</strong></span> <span class='ocrx_word' id='word_1_346' title='bbox 2250 4336 2283 4376; x_wconf 88' lang='lat'><strong>:--</strong></span> <span class='ocrx_word' id='word_1_347' title='bbox 2329 4314 2645 4394; x_wconf 62' lang='lat' dir='ltr'><strong>praecipua</strong></span> <span class='ocrx_word' id='word_1_348' title='bbox 2680 4322 2882 4377; x_wconf 86' lang='lat' dir='ltr'><strong>tamen</strong></span> <span class='ocrx_word' id='word_1_349' title='bbox 2914 4316 3218 4392; x_wconf 86' lang='lat' dir='ltr'><strong>delibare,</strong></span> <span class='ocrx_word' id='word_1_350' title='bbox 3257 4326 3319 4380; x_wconf 85' lang='lat' dir='ltr'><strong>et</strong></span> 
     </span>
    </p>
   </div>
   <div class='ocr_carea' id='block_1_37' title="bbox 95 4416 1072 4490">
    <p class='ocr_par' dir='ltr' id='par_1_37' title="bbox 95 4416 1072 4490">
     <span class='ocr_line' id='line_1_37' title="bbox 95 4416 1072 4490; baseline 0.003 -14"><span class='ocrx_word' id='word_1_351' title='bbox 95 4416 223 4479; x_wconf 85' lang='lat' dir='ltr'><strong>falsa</strong></span> <span class='ocrx_word' id='word_1_352' title='bbox 254 4418 634 4490; x_wconf 88' lang='lat' dir='ltr'><strong>ostendere,</strong></span> <span class='ocrx_word' id='word_1_353' title='bbox 665 4419 917 4480; x_wconf 89' lang='lat' dir='ltr'><strong>animus</strong></span> <span class='ocrx_word' id='word_1_354' title='bbox 953 4427 1072 4479; x_wconf 89' lang='lat' dir='ltr'><strong>est.</strong></span> 
     </span>
    </p>
   </div>
   <div class='ocr_carea' id='block_1_38' title="bbox 156 4511 3316 4601">
    <p class='ocr_par' dir='ltr' id='par_1_38' title="bbox 156 4511 3316 4601">
     <span class='ocr_line' id='line_1_38' title="bbox 156 4511 3316 4601; baseline -0.002 -20"><span class='ocrx_word' id='word_1_355' title='bbox 156 4522 431 4582; x_wconf 88' lang='lat' dir='ltr'><strong>Primum</strong></span> <span class='ocrx_word' id='word_1_356' title='bbox 470 4520 731 4601; x_wconf 85' lang='lat' dir='ltr'><strong>quidem</strong></span> <span class='ocrx_word' id='word_1_357' title='bbox 773 4520 840 4580; x_wconf 90' lang='lat' dir='ltr'><strong>in</strong></span> <span class='ocrx_word' id='word_1_358' title='bbox 899 4523 1295 4596; x_wconf 88' lang='lat' dir='ltr'><strong>argumento,</strong></span> <span class='ocrx_word' id='word_1_359' title='bbox 1334 4514 1470 4575; x_wconf 87' lang='lat' dir='ltr'><strong>sive</strong></span> <span class='ocrx_word' id='word_1_360' title='bbox 1519 4532 1758 4576; x_wconf 83' lang='lat' dir='ltr'><strong>«causa</strong></span> <span class='ocrx_word' id='word_1_361' title='bbox 1804 4512 2078 4591; x_wconf 71' lang='lat' dir='ltr'><strong>scripti»</strong></span> <span class='ocrx_word' id='word_1_362' title='bbox 2114 4514 2437 4585; x_wconf 88' lang='lat' dir='ltr'><strong>carminis,</strong></span> <span class='ocrx_word' id='word_1_363' title='bbox 2477 4512 2645 4591; x_wconf 86' lang='lat' dir='ltr'><strong>quod</strong></span> <span class='ocrx_word' id='word_1_364' title='bbox 2696 4511 3041 4589; x_wconf 88' lang='lat' dir='ltr'><strong>Gregorius</strong></span> <span class='ocrx_word' id='word_1_365' title='bbox 3070 4535 3099 4569; x_wconf 71' lang='grc' dir='ltr'><strong><em>α</em></strong></span> <span class='ocrx_word' id='word_1_366' title='bbox 3128 4513 3206 4573; x_wconf 91' lang='lat' dir='ltr'><strong>de</strong></span> <span class='ocrx_word' id='word_1_367' title='bbox 3245 4530 3316 4575; x_wconf 87' lang='lat' dir='ltr'><strong>se</strong></span> 
     </span>
    </p>
   </div>
   <div class='ocr_carea' id='block_1_39' title="bbox 92 4611 3318 4697">
    <p class='ocr_par' dir='ltr' id='par_1_39' title="bbox 92 4611 3318 4697">
     <span class='ocr_line' id='line_1_39' title="bbox 92 4611 3318 4697; baseline -0.001 -17"><span class='ocrx_word' id='word_1_368' title='bbox 92 4618 209 4697; x_wconf 88' lang='lat' dir='ltr'><strong>ipso</strong></span> <span class='ocrx_word' id='word_1_369' title='bbox 235 4631 292 4683; x_wconf 84' lang='lat' dir='ltr'><strong>et</strong></span> <span class='ocrx_word' id='word_1_370' title='bbox 323 4623 647 4682; x_wconf 85' lang='lat' dir='ltr'><strong>adversus</strong></span> <span class='ocrx_word' id='word_1_371' title='bbox 678 4620 1009 4697; x_wconf 87' lang='lat' dir='ltr'><strong>episcopos</strong></span> <span class='ocrx_word' id='word_1_372' title='bbox 1043 4638 1071 4673; x_wconf 74' lang='grc' dir='ltr'><strong><em>ιο</em></strong></span> <span class='ocrx_word' id='word_1_373' title='bbox 1108 4615 1418 4687; x_wconf 88' lang='lat' dir='ltr'><strong>condidit,</strong></span> <span class='ocrx_word' id='word_1_374' title='bbox 1470 4614 1772 4691; x_wconf 87' lang='lat' dir='ltr'><strong>quodque</strong></span> <span class='ocrx_word' id='word_1_375' title='bbox 1808 4611 2053 4672; x_wconf 89' lang='lat' dir='ltr'><strong>Tollius</strong></span> <span class='ocrx_word' id='word_1_376' title='bbox 2082 4611 2296 4672; x_wconf 84' lang='lat' dir='ltr'><strong>Graece</strong></span> <span class='ocrx_word' id='word_1_377' title='bbox 2334 4613 2576 4690; x_wconf 88' lang='lat' dir='ltr'><strong>primus</strong></span> <span class='ocrx_word' id='word_1_378' title='bbox 2610 4616 2915 4692; x_wconf 83' lang='lat' dir='ltr'><strong>vulgavit,</strong></span> <span class='ocrx_word' id='word_1_379' title='bbox 2951 4617 3041 4678; x_wconf 90' lang='lat' dir='ltr'><strong>sic</strong></span> <span class='ocrx_word' id='word_1_380' title='bbox 3083 4618 3318 4677; x_wconf 82' lang='lat' dir='ltr'><strong>amaris</strong></span> 
     </span>
    </p>
   </div>
   <div class='ocr_carea' id='block_1_40' title="bbox 92 4711 3313 4798">
    <p class='ocr_par' dir='ltr' id='par_1_40' title="bbox 92 4711 3313 4798">
     <span class='ocr_line' id='line_1_40' title="bbox 92 4711 3313 4798; baseline -0.002 -18"><span class='ocrx_word' id='word_1_381' title='bbox 92 4722 303 4782; x_wconf 82' lang='lat' dir='ltr'><strong>salibus</strong></span> <span class='ocrx_word' id='word_1_382' title='bbox 340 4728 605 4798; x_wconf 81' lang='lat' dir='ltr'><strong>poetam</strong></span> <span class='ocrx_word' id='word_1_383' title='bbox 649 4720 845 4797; x_wconf 86' lang='lat' dir='ltr'><strong>carpit</strong></span> <span class='ocrx_word' id='word_1_384' title='bbox 900 4738 916 4778; x_wconf 92' lang='lat'><strong>:</strong></span> <span class='ocrx_word' id='word_1_385' title='bbox 956 4739 985 4774; x_wconf 78' lang='grc' dir='ltr'><strong><em>α</em></strong></span> <span class='ocrx_word' id='word_1_386' title='bbox 1012 4716 1169 4778; x_wconf 89' lang='lat' dir='ltr'><strong>Cum</strong></span> <span class='ocrx_word' id='word_1_387' title='bbox 1209 4731 1356 4778; x_wconf 86' lang='lat' dir='ltr'><strong>vero</strong></span> <span class='ocrx_word' id='word_1_388' title='bbox 1414 4712 1588 4775; x_wconf 87' lang='lat' dir='ltr'><strong>omni</strong></span> <span class='ocrx_word' id='word_1_389' title='bbox 1624 4715 1773 4782; x_wconf 84' lang='lat' dir='ltr'><strong>vita,</strong></span> <span class='ocrx_word' id='word_1_390' title='bbox 1836 4720 1966 4773; x_wconf 89' lang='lat' dir='ltr'><strong>turn</strong></span> <span class='ocrx_word' id='word_1_391' title='bbox 2015 4720 2075 4771; x_wconf 89' lang='lat' dir='ltr'><strong>et</strong></span> <span class='ocrx_word' id='word_1_392' title='bbox 2113 4712 2284 4770; x_wconf 91' lang='lat' dir='ltr'><strong>cultu</strong></span> <span class='ocrx_word' id='word_1_393' title='bbox 2323 4711 2624 4790; x_wconf 89' lang='lat' dir='ltr'><strong>victuque</strong></span> <span class='ocrx_word' id='word_1_394' title='bbox 2675 4717 3055 4776; x_wconf 84' lang='lat' dir='ltr'><strong>mouachum</strong></span> <span class='ocrx_word' id='word_1_395' title='bbox 3100 4717 3313 4792; x_wconf 88' lang='lat' dir='ltr'><strong>potius</strong></span> 
     </span>
    </p>
   </div>
   <div class='ocr_carea' id='block_1_41' title="bbox 91 4813 3314 4902">
    <p class='ocr_par' dir='ltr' id='par_1_41' title="bbox 91 4813 3314 4902">
     <span class='ocr_line' id='line_1_41' title="bbox 91 4813 3314 4902; baseline -0.002 -20"><span class='ocrx_word' id='word_1_396' title='bbox 91 4826 501 4887; x_wconf 66' lang='lat' dir='ltr'><strong>severissima)</strong></span> <span class='ocrx_word' id='word_1_397' title='bbox 554 4823 956 4901; x_wconf 87' lang='lat' dir='ltr'><strong>integritatis,</strong></span> <span class='ocrx_word' id='word_1_398' title='bbox 1017 4838 1206 4902; x_wconf 92' lang='lat' dir='ltr'><strong>quam</strong></span> <span class='ocrx_word' id='word_1_399' title='bbox 1246 4826 1432 4881; x_wconf 71' lang='lat' dir='ltr'><strong>tantae</strong></span> <span class='ocrx_word' id='word_1_400' title='bbox 1490 4816 1823 4893; x_wconf 84' lang='lat' dir='ltr'><strong>dignitatis</strong></span> <span class='ocrx_word' id='word_1_401' title='bbox 1873 4821 2087 4891; x_wconf 89' lang='lat' dir='ltr'><strong>ageret</strong></span> <span class='ocrx_word' id='word_1_402' title='bbox 2115 4831 2185 4876; x_wconf 88' lang='lat' dir='ltr'><strong>ac</strong></span> <span class='ocrx_word' id='word_1_403' title='bbox 2219 4813 2481 4876; x_wconf 87' lang='lat' dir='ltr'><strong>referret</strong></span> <span class='ocrx_word' id='word_1_404' title='bbox 2525 4816 2939 4893; x_wconf 79' lang='lat' dir='ltr'><strong>episcopum;</strong></span> <span class='ocrx_word' id='word_1_405' title='bbox 2976 4818 3050 4876; x_wconf 92' lang='lat' dir='ltr'><strong>ad</strong></span> <span class='ocrx_word' id='word_1_406' title='bbox 3086 4816 3213 4877; x_wconf 66' lang='lat' dir='ltr'><strong>haec</strong></span> <span class='ocrx_word' id='word_1_407' title='bbox 3251 4824 3314 4877; x_wconf 89' lang='lat' dir='ltr'><strong>et</strong></span> 
     </span>
    </p>
   </div>
   <div class='ocr_carea' id='block_1_42' title="bbox 90 4918 3309 5001">
    <p class='ocr_par' dir='ltr' id='par_1_42' title="bbox 90 4918 3309 5001">
     <span class='ocr_line' id='line_1_42' title="bbox 90 4918 3309 5001; baseline -0.001 -16"><span class='ocrx_word' id='word_1_408' title='bbox 90 4923 321 4987; x_wconf 82' lang='lat' dir='ltr'><strong>altiores</strong></span> <span class='ocrx_word' id='word_1_409' title='bbox 352 4926 442 4987; x_wconf 86' lang='lat' dir='ltr'><strong>ob</strong></span> <span class='ocrx_word' id='word_1_410' title='bbox 481 4925 909 4986; x_wconf 86' lang='lat' dir='ltr'><strong>eruditionem</strong></span> <span class='ocrx_word' id='word_1_411' title='bbox 964 4925 1422 5001; x_wconf 87' lang='lat' dir='ltr'><strong>defensamque</strong></span> <span class='ocrx_word' id='word_1_412' title='bbox 1460 4921 1566 4982; x_wconf 85' lang='lat' dir='ltr'><strong>SS.</strong></span> <span class='ocrx_word' id='word_1_413' title='bbox 1610 4920 1945 4980; x_wconf 85' lang='lat' dir='ltr'><strong>Trinitatis</strong></span> <span class='ocrx_word' id='word_1_414' title='bbox 2005 4918 2357 4979; x_wconf 89' lang='lat' dir='ltr'><strong>doctrinam</strong></span> <span class='ocrx_word' id='word_1_415' title='bbox 2395 4919 2656 4997; x_wconf 86' lang='lat' dir='ltr'><strong>spiritus</strong></span> <span class='ocrx_word' id='word_1_416' title='bbox 2683 4938 2906 4998; x_wconf 89' lang='lat' dir='ltr'><strong>gerere</strong></span> <span class='ocrx_word' id='word_1_417' title='bbox 2964 4921 3309 4994; x_wconf 74' lang='lat' dir='ltr'><strong>videretur,</strong></span> 
     </span>
    </p>
   </div>
   <div class='ocr_carea' id='block_1_43' title="bbox 90 5020 3311 5108">
    <p class='ocr_par' dir='ltr' id='par_1_43' title="bbox 90 5020 3311 5108">
     <span class='ocr_line' id='line_1_43' title="bbox 90 5020 3311 5108; baseline -0.002 -20"><span class='ocrx_word' id='word_1_418' title='bbox 90 5025 639 5108; x_wconf 72' lang='lat' dir='ltr'><strong>Ciceronianeeque</strong></span> <span class='ocrx_word' id='word_1_419' title='bbox 668 5028 1088 5090; x_wconf 84' lang='lat' dir='ltr'><strong>imbecillitati</strong></span> <span class='ocrx_word' id='word_1_420' title='bbox 1122 5024 1357 5099; x_wconf 79' lang='lat' dir='ltr'><strong>amnis,</strong></span> <span class='ocrx_word' id='word_1_421' title='bbox 1392 5033 1458 5085; x_wconf 91' lang='lat' dir='ltr'><strong>ut</strong></span> <span class='ocrx_word' id='word_1_422' title='bbox 1493 5023 1603 5085; x_wconf 90' lang='lat' dir='ltr'><strong>ille</strong></span> <span class='ocrx_word' id='word_1_423' title='bbox 1660 5024 2062 5084; x_wconf 88' lang='lat' dir='ltr'><strong>consulatum</strong></span> <span class='ocrx_word' id='word_1_424' title='bbox 2096 5039 2284 5084; x_wconf 89' lang='lat' dir='ltr'><strong>suum</strong></span> <span class='ocrx_word' id='word_1_425' title='bbox 2318 5030 2378 5083; x_wconf 81' lang='lat' dir='ltr'><strong>et</strong></span> <span class='ocrx_word' id='word_1_426' title='bbox 2408 5020 2745 5100; x_wconf 83' lang='lat' dir='ltr'><strong>expulsum</strong></span> <span class='ocrx_word' id='word_1_427' title='bbox 2785 5023 2939 5084; x_wconf 79' lang='lat' dir='ltr'><strong>urbe</strong></span> <span class='ocrx_word' id='word_1_428' title='bbox 2972 5021 3311 5084; x_wconf 86' lang='lat' dir='ltr'><strong>Catilinam</strong></span> 
     </span>
    </p>
   </div>
   <div class='ocr_carea' id='block_1_44' title="bbox 90 5121 3317 5199">
    <p class='ocr_par' dir='ltr' id='par_1_44' title="bbox 90 5121 3317 5199">
     <span class='ocr_line' id='line_1_44' title="bbox 90 5121 3317 5199; baseline -0.002 -9"><span class='ocrx_word' id='word_1_429' title='bbox 90 5135 364 5195; x_wconf 88' lang='lat' dir='ltr'><strong>omnibus</strong></span> <span class='ocrx_word' id='word_1_430' title='bbox 402 5142 653 5195; x_wconf 85' lang='lat' dir='ltr'><strong>tantum</strong></span> <span class='ocrx_word' id='word_1_431' title='bbox 703 5147 833 5192; x_wconf 88' lang='lat' dir='ltr'><strong>non</strong></span> <span class='ocrx_word' id='word_1_432' title='bbox 867 5127 1041 5189; x_wconf 90' lang='lat' dir='ltr'><strong>horis</strong></span> <span class='ocrx_word' id='word_1_433' title='bbox 1095 5122 1505 5195; x_wconf 87' lang='lat' dir='ltr'><strong>memorabat,</strong></span> <span class='ocrx_word' id='word_1_434' title='bbox 1539 5121 1622 5182; x_wconf 90' lang='lat' dir='ltr'><strong>ita</strong></span> <span class='ocrx_word' id='word_1_435' title='bbox 1656 5129 1717 5182; x_wconf 90' lang='lat' dir='ltr'><strong>et</strong></span> <span class='ocrx_word' id='word_1_436' title='bbox 1754 5121 1894 5199; x_wconf 87' lang='lat' dir='ltr'><strong>ipse</strong></span> <span class='ocrx_word' id='word_1_437' title='bbox 1926 5128 2234 5181; x_wconf 83' lang='lat' dir='ltr'><strong>contusus</strong></span> <span class='ocrx_word' id='word_1_438' title='bbox 2273 5121 2550 5182; x_wconf 84' lang='lat' dir='ltr'><strong>Arianos</strong></span> <span class='ocrx_word' id='word_1_439' title='bbox 2580 5128 2639 5181; x_wconf 89' lang='lat' dir='ltr'><strong>et</strong></span> <span class='ocrx_word' id='word_1_440' title='bbox 2674 5138 2852 5182; x_wconf 90' lang='lat' dir='ltr'><strong>suam</strong></span> <span class='ocrx_word' id='word_1_441' title='bbox 2881 5122 3179 5182; x_wconf 88' lang='lat' dir='ltr'><strong>Triadem</strong></span> <span class='ocrx_word' id='word_1_442' title='bbox 3214 5141 3317 5183; x_wconf 85' lang='lat' dir='ltr'><strong>as-</strong></span> 
     </span>
    </p>
   </div>
   <div class='ocr_carea' id='block_1_45' title="bbox 89 5220 3311 5311">
    <p class='ocr_par' dir='ltr' id='par_1_45' title="bbox 89 5220 3311 5311">
     <span class='ocr_line' id='line_1_45' title="bbox 89 5220 3311 5311; baseline -0.002 -22"><span class='ocrx_word' id='word_1_443' title='bbox 89 5231 250 5293; x_wconf 86' lang='lat' dir='ltr'><strong>sidue</strong></span> <span class='ocrx_word' id='word_1_444' title='bbox 282 5234 684 5311; x_wconf 70' lang='lat' dir='ltr'><strong>praedicaret,</strong></span> <span class='ocrx_word' id='word_1_445' title='bbox 739 5231 1065 5306; x_wconf 86' lang='lat' dir='ltr'><strong>ingentem</strong></span> <span class='ocrx_word' id='word_1_446' title='bbox 1097 5223 1218 5286; x_wconf 90' lang='lat' dir='ltr'><strong>sibi</strong></span> <span class='ocrx_word' id='word_1_447' title='bbox 1255 5220 1677 5301; x_wconf 84' lang='lat' dir='ltr'><strong>quorumdam</strong></span> <span class='ocrx_word' id='word_1_448' title='bbox 1715 5236 1983 5281; x_wconf 90' lang='lat' dir='ltr'><strong>suorum</strong></span> <span class='ocrx_word' id='word_1_449' title='bbox 2037 5220 2587 5300; x_wconf 84' lang='lat' dir='ltr'><strong>presbyterorum,</strong></span> <span class='ocrx_word' id='word_1_450' title='bbox 2619 5221 3022 5298; x_wconf 88' lang='lat' dir='ltr'><strong>aliorumque</strong></span> <span class='ocrx_word' id='word_1_451' title='bbox 3056 5221 3311 5297; x_wconf 87' lang='lat' dir='ltr'><strong>episco-</strong></span> 
     </span>
    </p>
   </div>
   <div class='ocr_carea' id='block_1_46' title="bbox 90 5320 3311 5404">
    <p class='ocr_par' dir='ltr' id='par_1_46' title="bbox 90 5320 3311 5404">
     <span class='ocr_line' id='line_1_46' title="bbox 90 5320 3311 5404; baseline -0.003 -13"><span class='ocrx_word' id='word_1_452' title='bbox 90 5346 289 5404; x_wconf 80' lang='lat' dir='ltr'><strong>porum</strong></span> <span class='ocrx_word' id='word_1_453' title='bbox 329 5331 635 5394; x_wconf 83' lang='lat' dir='ltr'><strong>conﬂavit</strong></span> <span class='ocrx_word' id='word_1_454' title='bbox 668 5331 977 5392; x_wconf 86' lang='lat' dir='ltr'><strong>invidiam</strong></span> <span class='ocrx_word' id='word_1_455' title='bbox 1042 5376 1057 5389; x_wconf 93' lang='lat'><strong>.</strong></span> <span class='ocrx_word' id='word_1_456' title='bbox 1084 5375 1136 5391; x_wconf 96' lang='lat'><strong>..</strong></span> <span class='ocrx_word' id='word_1_457' title='bbox 1180 5327 1331 5389; x_wconf 89' lang='lat' dir='ltr'><strong>Sero</strong></span> <span class='ocrx_word' id='word_1_458' title='bbox 1366 5324 1623 5402; x_wconf 86' lang='lat' dir='ltr'><strong>sapiunt</strong></span> <span class='ocrx_word' id='word_1_459' title='bbox 1662 5323 1975 5402; x_wconf 76' lang='lat' dir='ltr'><strong>Phryges.</strong></span> <span class='ocrx_word' id='word_1_460' title='bbox 2013 5320 2389 5402; x_wconf 84' lang='lat' dir='ltr'><strong>Gregorius,</strong></span> <span class='ocrx_word' id='word_1_461' title='bbox 2423 5324 2532 5404; x_wconf 91' lang='lat' dir='ltr'><strong>qui</strong></span> <span class='ocrx_word' id='word_1_462' title='bbox 2568 5324 3113 5402; x_wconf 89' lang='lat' dir='ltr'><strong>promptissimum</strong></span> <span class='ocrx_word' id='word_1_463' title='bbox 3143 5324 3311 5386; x_wconf 83' lang='lat' dir='ltr'><strong>hunc</strong></span> 
     </span>
    </p>
   </div>
   <div class='ocr_carea' id='block_1_47' title="bbox 90 5424 3311 5507">
    <p class='ocr_par' dir='ltr' id='par_1_47' title="bbox 90 5424 3311 5507">
     <span class='ocr_line' id='line_1_47' title="bbox 90 5424 3311 5507; baseline -0.001 -21"><span class='ocrx_word' id='word_1_464' title='bbox 90 5444 400 5490; x_wconf 81' lang='lat' dir='ltr'><strong>assensum</strong></span> <span class='ocrx_word' id='word_1_465' title='bbox 442 5445 571 5490; x_wconf 89' lang='lat' dir='ltr'><strong>non</strong></span> <span class='ocrx_word' id='word_1_466' title='bbox 604 5435 1040 5507; x_wconf 82' lang='lat' dir='ltr'><strong>exspectarat;</strong></span> <span class='ocrx_word' id='word_1_467' title='bbox 1070 5426 1321 5505; x_wconf 86' lang='lat' dir='ltr'><strong>propria</strong></span> <span class='ocrx_word' id='word_1_468' title='bbox 1351 5441 1425 5485; x_wconf 84' lang='lat' dir='ltr'><strong>se</strong></span> <span class='ocrx_word' id='word_1_469' title='bbox 1456 5430 1709 5502; x_wconf 90' lang='lat' dir='ltr'><strong>captum</strong></span> <span class='ocrx_word' id='word_1_470' title='bbox 1740 5424 1966 5484; x_wconf 89' lang='lat' dir='ltr'><strong>videns</strong></span> <span class='ocrx_word' id='word_1_471' title='bbox 2002 5424 2405 5503; x_wconf 87' lang='lat' dir='ltr'><strong>ingenuitate</strong></span> <span class='ocrx_word' id='word_1_472' title='bbox 2437 5425 2662 5499; x_wconf 88' lang='lat' dir='ltr'><strong>animi,</strong></span> <span class='ocrx_word' id='word_1_473' title='bbox 2700 5442 3062 5504; x_wconf 90' lang='lat' dir='ltr'><strong>quanquam</strong></span> <span class='ocrx_word' id='word_1_474' title='bbox 3096 5425 3311 5485; x_wconf 82' lang='lat' dir='ltr'><strong>statim</strong></span> 
     </span>
    </p>
   </div>
   <div class='ocr_carea' id='block_1_48' title="bbox 92 5521 3313 5607">
    <p class='ocr_par' dir='ltr' id='par_1_48' title="bbox 92 5521 3313 5607">
     <span class='ocr_line' id='line_1_48' title="bbox 92 5521 3313 5607; baseline 0 -24"><span class='ocrx_word' id='word_1_475' title='bbox 92 5523 212 5587; x_wconf 82' lang='lat' dir='ltr'><strong>facti</strong></span> <span class='ocrx_word' id='word_1_476' title='bbox 243 5528 616 5606; x_wconf 62' lang='lat' dir='ltr'><strong>paenitebat,</strong></span> <span class='ocrx_word' id='word_1_477' title='bbox 649 5529 892 5607; x_wconf 87' lang='lat' dir='ltr'><strong>pudore</strong></span> <span class='ocrx_word' id='word_1_478' title='bbox 927 5533 1141 5589; x_wconf 85' lang='lat' dir='ltr'><strong>tamen</strong></span> <span class='ocrx_word' id='word_1_479' title='bbox 1174 5524 1515 5593; x_wconf 85' lang='lat' dir='ltr'><strong>adductus,</strong></span> <span class='ocrx_word' id='word_1_480' title='bbox 1586 5521 1653 5581; x_wconf 90' lang='lat' dir='ltr'><strong>in</strong></span> <span class='ocrx_word' id='word_1_481' title='bbox 1684 5522 2003 5584; x_wconf 89' lang='lat' dir='ltr'><strong>sententia</strong></span> <span class='ocrx_word' id='word_1_482' title='bbox 2058 5524 2338 5603; x_wconf 89' lang='lat' dir='ltr'><strong>perstitit</strong></span> <span class='ocrx_word' id='word_1_483' title='bbox 2388 5564 2407 5587; x_wconf 85' lang='lat'><strong>.</strong></span> <span class='ocrx_word' id='word_1_484' title='bbox 2441 5568 2459 5586; x_wconf 95' lang='lat'><strong>.</strong></span> <span class='ocrx_word' id='word_1_485' title='bbox 2491 5567 2507 5584; x_wconf 94' lang='lat'><strong>.</strong></span> <span class='ocrx_word' id='word_1_486' title='bbox 2563 5525 2728 5585; x_wconf 86' lang='lat' dir='ltr'><strong>Hinc</strong></span> <span class='ocrx_word' id='word_1_487' title='bbox 2757 5525 2968 5586; x_wconf 87' lang='lat' dir='ltr'><strong>statim</strong></span> <span class='ocrx_word' id='word_1_488' title='bbox 3018 5532 3180 5585; x_wconf 79' lang='lat' dir='ltr'><strong>natae</strong></span> <span class='ocrx_word' id='word_1_489' title='bbox 3214 5523 3313 5585; x_wconf 67' lang='lat' dir='ltr'><strong>has</strong></span> 
     </span>
    </p>
   </div>
   <div class='ocr_carea' id='block_1_49' title="bbox 92 5625 3309 5720">
    <p class='ocr_par' dir='ltr' id='par_1_49' title="bbox 92 5625 3309 5720">
     <span class='ocr_line' id='line_1_49' title="bbox 92 5625 3309 5720; baseline 0 -31"><span class='ocrx_word' id='word_1_490' title='bbox 92 5633 366 5706; x_wconf 83' lang='lat' dir='ltr'><strong>querelae,</strong></span> <span class='ocrx_word' id='word_1_491' title='bbox 431 5632 584 5693; x_wconf 89' lang='lat' dir='ltr'><strong>hinc</strong></span> <span class='ocrx_word' id='word_1_492' title='bbox 632 5630 777 5705; x_wconf 67' lang='lat' dir='ltr'><strong>illa,</strong></span> <span class='ocrx_word' id='word_1_493' title='bbox 846 5635 917 5691; x_wconf 88' lang='lat' dir='ltr'><strong>ut</strong></span> <span class='ocrx_word' id='word_1_494' title='bbox 962 5628 1047 5690; x_wconf 90' lang='lat' dir='ltr'><strong>ita</strong></span> <span class='ocrx_word' id='word_1_495' title='bbox 1108 5626 1337 5701; x_wconf 88' lang='lat' dir='ltr'><strong>dicam,</strong></span> <span class='ocrx_word' id='word_1_496' title='bbox 1371 5626 1660 5703; x_wconf 71' lang='lat' dir='ltr'><strong>lacrymaa</strong></span> <span class='ocrx_word' id='word_1_497' title='bbox 1714 5625 2017 5720; x_wconf 66' lang='lat' dir='ltr'><strong>etcaeteri</strong></span> <span class='ocrx_word' id='word_1_498' title='bbox 2057 5627 2290 5705; x_wconf 90' lang='lat' dir='ltr'><strong>threni,</strong></span> <span class='ocrx_word' id='word_1_499' title='bbox 2344 5627 2406 5690; x_wconf 92' lang='lat' dir='ltr'><strong>in</strong></span> <span class='ocrx_word' id='word_1_500' title='bbox 2438 5629 2676 5708; x_wconf 91' lang='lat' dir='ltr'><strong>quibus</strong></span> <span class='ocrx_word' id='word_1_501' title='bbox 2734 5636 2795 5692; x_wconf 89' lang='lat' dir='ltr'><strong>et</strong></span> <span class='ocrx_word' id='word_1_502' title='bbox 2825 5630 3219 5708; x_wconf 87' lang='lat' dir='ltr'><strong>patientiam,</strong></span> <span class='ocrx_word' id='word_1_503' title='bbox 3247 5636 3309 5690; x_wconf 91' lang='lat' dir='ltr'><strong>et</strong></span> 
     </span>
    </p>
   </div>
   <div class='ocr_carea' id='block_1_50' title="bbox 95 5730 3310 5817">
    <p class='ocr_par' dir='ltr' id='par_1_50' title="bbox 95 5730 3310 5817">
     <span class='ocr_line' id='line_1_50' title="bbox 95 5730 3310 5817; baseline 0.003 -31"><span class='ocrx_word' id='word_1_504' title='bbox 95 5730 262 5794; x_wconf 84' lang='lat' dir='ltr'><strong>animi</strong></span> <span class='ocrx_word' id='word_1_505' title='bbox 324 5734 548 5807; x_wconf 88' lang='lat' dir='ltr'><strong>robur,</strong></span> <span class='ocrx_word' id='word_1_506' title='bbox 607 5749 678 5795; x_wconf 85' lang='lat' dir='ltr'><strong>ac</strong></span> <span class='ocrx_word' id='word_1_507' title='bbox 737 5734 1232 5799; x_wconf 87' lang='lat' dir='ltr'><strong>moderationem</strong></span> <span class='ocrx_word' id='word_1_508' title='bbox 1295 5732 1361 5794; x_wconf 89' lang='lat' dir='ltr'><strong>in</strong></span> <span class='ocrx_word' id='word_1_509' title='bbox 1422 5739 1545 5794; x_wconf 91' lang='lat' dir='ltr'><strong>tam</strong></span> <span class='ocrx_word' id='word_1_510' title='bbox 1580 5731 1779 5809; x_wconf 86' lang='lat' dir='ltr'><strong>probo</strong></span> <span class='ocrx_word' id='word_1_511' title='bbox 1836 5732 1974 5795; x_wconf 89' lang='lat' dir='ltr'><strong>viro</strong></span> <span class='ocrx_word' id='word_1_512' title='bbox 2007 5731 2477 5797; x_wconf 83' lang='lat' dir='ltr'><strong>desideres...</strong></span> <span class='ocrx_word' id='word_1_513' title='bbox 2513 5734 2884 5817; x_wconf 69' lang='lat' dir='ltr'><strong>Ciceronem</strong></span> <span class='ocrx_word' id='word_1_514' title='bbox 2936 5753 3093 5800; x_wconf 84' lang='lat' dir='ltr'><strong>sane</strong></span> <span class='ocrx_word' id='word_1_515' title='bbox 3114 5748 3310 5799; x_wconf 83' lang='lat' dir='ltr'><strong>nemo</strong></span> 
     </span>
    </p>
   </div>
  </div>
