3926 6410
557 388 628 443 35
1558 374 1939 459 .PREFATlO
1974 373 2383 431 GENERALIS.
2420 400 2487 414 —-
2523 371 2703 431 PARS
2744 372 2812 430 ll.
3016 436 3021 439 η
3723 368 3795 425 36

559 498 788 564 melius
820 493 1139 575 expressit
1172 491 1322 565 vita,-
1357 490 1667 565 moribus,
1725 492 2115 572 eloquentia,
2142 490 2425 565 fortuna,
2459 504 2663 568 usque
2694 484 3127 560 iu-exsilium;
3164 493 3224 549 et
3264 484 3329 548 in
3358 483 3617 560 exsilio,
3647 490 3788 548 uter

560 598 812 664 mollior
850 598 949 657 vix
987 594 1323 675 quisquam
1356 592 1609 655 dixerit.
1634 615 1663 649 ι)

635 697 856 775 Neque
888 709 1034 755 vero
1070 692 1169 753 bis
1206 697 1547 753 contentus
1588 690 1863 762 Tollius,
1899 690 2280 767 Gregorium
2341 687 2549 751 adhuc
2580 687 2836 767 gravius
2867 685 3231 765 perstringit
3260 703 3327 747 ιη
3356 690 3523 746 notis
3551 685 3628 745 ad
3663 700 3793 745 car-

560 796 729 857 mina
764 814 796 855 a
830 811 898 854 se
929 791 1198 879 vulgata.
1234 789 1325 851 Ad
1373 790 1655 870 primum
1692 805 1943 850 versum
1979 788 2277 851 carminis
2323 789 2629 849 adversus
2685 786 3015 864 episcopos
3048 785 3132 863 (p.
3175 785 3235 864 Ιι)
3275 807 3290 846 :
3327 789 3486 847 «Est
3517 786 3580 847 in
3618 783 3791 846 hisce

566 893 688 962 vir,
735 891 974 967 inquit,
1006 886 1452 948 sanctissimus
1485 886 1728 965 aliquid
1763 887 2022 948 humani
2062 903 2328 963 passus;
2360 885 2581 963 Optimi
2614 886 2874 965 quidem
2908 888 3160 948 consilii
3194 896 3385 967 atque
3420 887 3793 959 voluntatis,

562 997 673 1059 sed
706 995 768 1055 in
826 991 1105 1054 ferendis
1162 989 1417 1068 injuriis
1459 988 1789 1067 aliquanto
1820 1006 2009 1068 quam
2044 989 2373 1069 oportebat
2421 988 2697 1061 mollior,
2734 988 3077 1065 minusque
3122 1010 3155 1051 a
3193 991 3497 1054 conviciis
3531 997 3592 1051 et
3624 1007 3796 1050 acer-

563 1100 781 1171 bitate,
827 1112 972 1175 quae
1004 1094 1434 1156 Christianum
1482 1093 1771 1170 dedecet,
1831 1100 2210 1171 temperans.
2243 1115 2271 1149 ι»
2302 1092 2474 1166 QUID
2506 1099 2566 1154 et
2602 1091 2729 1153 haec
2760 1092 2991 1170 scripta
3046 1108 3189 1153 esse
3243 1092 3491 1153 dixerat
3526 1091 3796 1164 Tollius,

564 1208 745 1265 aucto
777 1216 851 1261 ex
886 1197 1254 1276 poenitentia
1292 1202 1383 1260 et‘
1410 1198 1922 1260 adversariorum
1959 1198 2254 1259 ludibriis
2287 1198 2530 1266 dolore,
2559 1196 2920 1276 irritatique
2948 1199 3097 1260 inde
3124 1197 3185 1257 in
3227 1196 3389 1258 hanc
3420 1194 3617 1256 veluti
3663 1194 3800 1255 vin-

564 1302 793 1363 dictam
838 1298 984 1375 mgri
1012 1298 1140 1375 jam
1172 1299 1367 1361 nimis
1396 1300 1604 1359 animi
1646 1298 2143 1377 perturbatione.
2189 1298 2284 1359 Ad
2320 1315 2569 1357 versum
2602 1297 2677 1359 18
2709 1295 2999 1377 ejusdem
3036 1297 3359 1371 carminis,
3389 1297 3500 1359 ubi
3527 1297 3618 1359 ait
3646 1296 3801 1357 Gre-

564 1404 831 1484 gorius:
881 1403 1262 1464 «Neminem
1295 1402 1356 1462 in
1391 1401 1472 1462 iis
1511 1419 1652 1481 quae
1683 1401 1886 1463 dicam
1942 1400 2279 1466 indicabo:
2313 1408 2587 1461 attamen
2636 1423 2695 1474 ιο,
2726 1401 2935 1480 inquit
2972 1404 3221 1463 Tollius
3255 1403 3343 1482 (p.
3373 1403 3459 1483 5),
3500 1427 3528 1458 α
3569 1403 3632 1463 id
3668 1419 3805 1464 car-

566 1512 736 1572 mine
795 1510 873 1570 de
910 1510 1034 1570 vita
1091 1526 1205 1569 sua
1248 1507 1515 1585 impigre
1572 1515 1631 1568 et
1667 1508 2005 1585 peracerbe
2069 1505 2258 1579 fecit;
2290 1529 2318 1563 ››
2366 1506 2428 1566 id
2471 1516 2590 1577 est,
2627 1505 3005 1567 nominavit.
3039 1504 3232 1567 Addit
3266 1505 3529 1584 insuper
3550 1503 3801 1565 Tollius

566 1612 651 1693 (p.
682 1614 741 1691 6)
774 1634 789 1673 :
824 1634 854 1669 at
883 1614 966 1673 lta
994 1617 1213 1673 exacte
1270 1608 1350 1670 iis
1406 1606 1778 1685 designatis,
1816 1623 1981 1686 quos
2023 1606 2409 1685 perstringit,
2466 1613 2531 1666 ut
2569 1605 2941 1667 nominasse
2974 1619 3106 1665 non
3149 1619 3309 1681 opus
3339 1602 3565 1676 fuerit;
3598 1604 3713 1663 sed
3744 1606 3807 1663 et

567 1719 713 1780 alibi
744 1716 1090 1779 Maximum
1128 1712 1459 1777 nominat.
1491 1758 1505 1773 .
1536 1755 1553 1772 .
1592 1710 1729 1788 ejus
1766 1726 2006 1772 comam
2046 1710 2202 1769 adeo
2241 1708 2513 1786 satyrice
2546 1706 2825 1783 exagitat
2856 1713 2917 1768 et
2945 1705 3105 1767 adeo
3137 1722 3382 1783 aspere,
3409 1713 3479 1766 ut
3505 1703 3663 1764 nihil
3701 1720 3809 1763 su-

566 1839 695 1902 pra.
726 1820 889 1894 Quid
913 1822 942 1879 ?
978 1819 1211 1897 inquit,
1250 1817 1545 1895 laqueum
1586 1832 1939 1895 preponere
1973 1812 2237 1874 inimico
2274 1812 2348 1873 ad
2381 1811 2827 1891 suspendium,
2884 1815 2955 1871 ut
2992 1808 3154 1873 nihil
3187 1811 3265 1873 de
3295 1807 3609 1871 conviciis
3661 1806 3808 1867 istis

567 1926 791 1997 dicam,
826 1924 1187 1986 hominisne
1218 1929 1309 1985 est
1351 1921 1674 1983 Christum
1738 1920 2084 1982 sectantis?
2118 1920 2257 1980 Non
2289 1918 2562 1981 videtur.
2623 1915 2914 1996 Denique
2942 1939 2971 1973 ν
3013 1916 3090 1977 ad
3120 1910 3415 1977 carminis
3447 1909 3508 1983 5,
3542 1923 3712 1967 vers.
3750 1908 3809 1980 1,

568 2027 658 2106 (p.
688 2026 787 2107 8h)
840 2048 868 2080 α
912 2025 1269 2104 Capistrum
1303 2026 1397 2087 ori
1430 2042 1549 2087 suo
1586 2025 1977 2104 impositum,
2035 2029 2538 2104 prmreptamque
2570 2022 2846 2085 docendi
2883 2021 3139 2101 publice
3169 2017 3527 2081 facultatem
3558 2015 3806 2089 Grego-

569 2131 704 2192 rius
739 2128 1108 2207 gravissime
1139 2128 1282 2187 tulit
1315 2136 1397 2189 et.
1440 2175 1454 2189 .
1489 2174 1546 2192 ..
1597 2128 1842 2191 acerbis
1904 2128 2240 2207 questibus
2275 2127 2599 2205 deplorat;
2668 2142 2817 2204 ergo
2852 2140 3023 2186 nunc
3074 2122 3140 2184 in
3188 2116 3583 2181 adversarios
3621 2130 3813 2189 suos,

572 2230 683 2309 qui
717 2246 859 2290 eum
897 2227 1077 2288 malis
1105 2227 1349 2291 artibus
1379 2232 1453 2292 ad
1490 2230 1895 2309 episcopatus
1928 2231 2395 2292 abdicationem
2425 2229 2888 2308 compulerant,
2922 2226 3190 2307 satyrice
3223 2222 3569 2286 invehitur.
3598 2243 3628 2278 ι

642 2329 946 2408 Gregorio
976 2329 1223 2409 aequior
1254 2348 1378 2394 non
1413 2332 1531 2394 fuit
1568 2335 1914 2413 Dupinius,
1974 2336 2083 2413 qui
2112 2335 2188 2397 de
2225 2350 2301 2395 eo
2329 2333 2472 2396 talia
2522 2335 2800 2396 scribere
2834 2351 2961 2395 non
3000 2338 3099 2393 est
3151 2322 3392 2385 Verilus
3432 2320 3513 2396 (al
3554 2341 3571 2381 ε
3604 2318 3817 2380 αῧτθο

566 2437 784 2515 gorius
815 2435 1074 2514 quidem
1143 2432 1475 2513 piissimus
1532 2433 1681 2507 fuit,
1737 2434 1848 2495 sed
1883 2435 2074 2495 homo
2132 2436 2319 2512 paulo
2353 2434 2565 2494 minus
2604 2433 3069 2503 consideratus,
3113 2432 3172 2486 et
3220 2418 3491 2498 negotiis
3524 2417 3816 2484 ineptus.

568 2545 769 2605 Tanto
797 2541 1166 2604 solitudinis
1217 2540 1540 2602 desiderio
1573 2540 1901 2619 ﬂagrabat,
1967 2547 2033 2601 ut
2070 2539 2272 2612 nullo,
2307 2540 2479 2616 quod
2536 2540 2614 2600 ab
2647 2556 2717 2601 ea
2764 2537 3148 2607 retrahebat,
3202 2532 3410 2593 ofﬁcio
3476 2527 3581 2591 diu
3634 2524 3819 2601 fungi

571 2647 806 2717 posset.
863 2638 1135 2715 Aggredi
1199 2654 1297 2698 res
1333 2636 1588 2701 arduas.
1625 2654 1903 2709 moxque
1940 2644 2269 2716 susceptas
2321 2639 2681 2717 relinquere
2752 2638 2997 2715 pernix.
3037 2637 3349 2697 Cumtres
3409 2631 3825 2709 episcOpatus

570 2736 886 2809 habuerit,
921 2754 999 2797 ne
1034 2752 1230 2796 unum
1284 2735 1541 2812 quidem
1576 2734 1865 2814 legitime
1896 2737 2198 2798 habuisse
2238 2735 2362 2797 dici
2400 2744 2629 2815 potest.
2688 2734 2953 2813 Ingenio
3002 2744 3131 2798 erat
3167 2734 3513 2811 Gregorius
3547 2744 3818 2790 moroso

572 2847 635 2902 et
661 2840 955 2918 satyrico,
984 2846 1042 2900 et
1076 2837 1156 2898 ita
1190 2836 1634 2917 adjocaudum
1672 2852 1905 2914 procax
1941 2843 2010 2896 ut
2046 2834 2290 2897 nemini
2322 2842 2626 2910 parceret,
2661 2851 2732 2895 ac
2768 2851 2847 2894 ne
2898 2834 3156 2911 quidem
3190 2830 3531 2912 episcOpis,
3562 2828 3820 2908 quibus

574 2939 1016 3017 eratapprime
1070 2936 1392 2999 infensus.
1442 2936 1559 3008 Ita,
1589 2953 1778 3013 quem
1821 2935 2109 3014 impense
2152 2937 2331 3015 prius
2363 2935 2669 3009 laudaret,
2705 2934 2970 2995 Maximi
3016 2932 3246 2997 famam
3287 2931 3440 2997 atris
3463 2929 3825 2993 admodum

577 3045 639 3099 et
674 3038 746 3099 ad
776 3049 1102 3117 stuporem
1136 3035 1479 3100 infuscavit
1514 3036 1837 3098 coloribus
1867 3034 2348 3116 acdenigravit.
2378 3060 2407 3094 ››

646 3137 891 3199 Vellem
926 3146 994 3199 ut
1026 3137 1259 3199 eruditi
1300 3137 1416 3198 viri
1455 3136 1566 3217 qui
1601 3135 1730 3197 brec
1760 3136 1839 3196 de
1889 3136 2198 3214 Gregorio
2243 3138 2534 3198 sentiunt
2588 3143 2650 3199 et
2682 3135 2928 3213 dicunt,
2960 3136 3223 3201 nomina
3257 3154 3500 3210 eorum,
3535 3150 3824 3207 quorum

571 3240 798 3303 famam
836 3241 1113 3318 maligno
1151 3241 1339 3302 dente
1401 3239 1801 3318 prosciderit,
1836 3239 1902 3301 in
1962 3241 2245 3302 medium
2286 3240 2667 3320 proferrent.
2708 3244 2861 3302 Nam
2916 3241 3090 3318 quod
3150 3244 3391 3317 spectat
3426 3234 3823 3304 Maximum.

572 3357 764 3419 (ιιιθω
800 3358 997 3401 unum
1036 3350 1391 3420 opponunt.
1450 3344 1607 3407 nihil
1643 3361 1880 3407 moror.
1934 3344 2181 3407 Interea
2236 3362 2383 3405 vero
2418 3346 2606 3406 nobis
2662 3344 2755 3406 fas
2790 3355 2885 3406 est
2918 3343 3017 3405 his
3050 3338 3355 3405 conviciis
3388 3342 3448 3399 et
3476 3334 3831 3398 calumniis

571 3439 784 3501 omnia
817 3441 1105 3518 Gregorii
1141 3460 1332 3521 opera
1383 3456 1505 3509 tam
1537 3449 1885 3519 orationes,
1934 3465 2124 3529 quam
2180 3449 2487 3528 epistolas
2522 3458 2584 3511 et
2616 3448 2897 3511 carmina
2948 3464 3295 3525 Opponere.
3348 3443 3689 3519 Legantur,
3730 3440 3834 3500 in-

570 3564 786 3625 quam,
822 3546 1170 3617 orationes,
1243 3553 1519 3614 maxime
1578 3571 1738 3632 quas
1778 3553 1999 3615 habuit
2028 3553 2103 3614 de
2140 3553 2573 3615 moderatione
2606 3552 2672 3613 in
2722 3552 3268 3630 disputationibus
3304 3546 3637 3619 servanda,
3694 3554 3833 3607 etc.

571 3645 890 3723 Legantur
928 3646 1234 3723 epistolae,
1272 3649 1338 3710 in
1372 3652 1635 3729 quibus,
1664 3653 1837 3714 velut
1876 3655 1937 3713 in
1970 3652 2123 3722 tilio,
2159 3653 2437 3731 parentis
2471 3634 2679 3729 imago
2746 3653 3133 3731 resplendet.
3167 3653 3261 3714 lbi
3295 3650 3590 3713 liberales
3654 3648 3834 3726 joci,

567 3746 1073 3825 jucundissimus
1102 3747 1163 3807 in
1190 3749 1461 3827 jocando
1496 3754 1691 3833 lepos,
1729 3756 1990 3833 argutiae
2022 3772 2207 3817 merae
2239 3774 2309 3819 ac
2343 3772 2629 3827 veneres,
2665 3757 2776 3819 sed
2806 3764 3033 3835 satyrae
3068 3756 3280 3817 nullm.
3324 3755 3649 3829 Legantur
3680 3750 3836 3826 epi-

572 3854 751 3917 stolae
781 3853 857 3913 ad
905 3854 1315 3917 Theodorum
1374 3866 1433 3919 et
1484 3858 1561 3921 ad
1599 3859 2030 3922 Theocteuum
2066 3860 2180 3940 (ὁ),
2248 3880 2521 3941 quorum
2560 3864 2744 3935 iram,
2799 3862 3321 3941 desideriumque
3376 3859 3672 3919 vindictae
3703 3874 3839 3919 suo

570 3950 778 4032 ipsius
811 3951 1107 4031 exemplo
1164 3956 1554 4036 comprimit.
1616 3960 1939 4037 Legantur
1990 3961 2176 4021 etiam
2234 3962 2509 4021 carmina
2552 3962 2630 4039 (ε)
2674 3983 2689 4022 :
2728 3962 3044 4039 legantur,
3122 3960 3408 4039 inquam,
3445 3957 3539 4018 vel
3576 3974 3649 4018 ea
3686 3957 3838 4033 ipsa

575 4053 746 4114 unde
777 4053 1209 4115 calumniandi
1268 4072 1483 4117 ansam
1517 4058 1782 4137 arripuit
1838 4057 2115 4119 Tollius.
2174 4059 2352 4119 Hanc
2405 4058 2528 4119 sibi
2564 4058 2773 4119 statim
2838 4057 3120 4136 regulam
3154 4056 3374 4118 statuit
3411 4053 3779 4132 Gregorius
3817 4064 3839 4115 ἑ

576 4176 607 4210 ι
635 4154 953 4216 Conviciis
984 4154 1242 4234 quidem
1289 4158 1607 4233 exagitare
1663 4156 1754 4218 fas
1790 4174 1915 4218 non
1948 4166 2042 4219 est
2080 4175 2510 4239 quemquam;
2576 4167 2638 4220 et
2675 4166 2741 4220 ut
2792 4158 3087 4220 homines
3116 4158 3328 4220 cuncti
3360 4159 3436 4219 ab
3463 4174 3537 4218 eo
3564 4157 3830 4219 abhor—

574 4266 737 4332 rent,
769 4258 852 4320 ita
912 4258 1319 4338 peculiariter
1354 4256 1489 4336 ipse
1547 4256 1775 4318 vitium
1809 4256 1927 4318 boc
1962 4257 2088 4318 odi.
2114 4280 2143 4313 ι
2177 4256 2315 4331 Vel,
2345 4264 2410 4319 ut
2456 4258 2591 4335 ipse
2619 4260 2804 4320 vertit
2841 4259 3090 4320 Tollius
3148 4257 3239 4337 (p.
3267 4258 3324 4329 5)
3358 4278 3375 4319 :
3417 4280 3446 4314 «
3475 4258 3839 4321 Neminem

574 4375 728 4422 vero
758 4357 823 4419 in
854 4359 952 4421 his
985 4376 1128 4438 quas
1159 4359 1395 4430 dicam,
1430 4355 1756 4430 indicabo,
1795 4356 2034 4417 veritus
2077 4374 2158 4417 ne
2189 4375 2572 4437 quemquam
2605 4358 2988 4421 calumniari
3023 4360 3283 4435 videar;
3314 4377 3457 4441 quae
3482 4377 3580 4422 res
3616 4368 3679 4421 et
3719 4378 3847 4439 per

575 4472 648 4521 se
685 4456 901 4518 illicita
941 4465 1064 4531 est,
1115 4463 1179 4518 et
1228 4453 1383 4517 mihi
1419 4470 1542 4530 pra;
1580 4452 1800 4529 primis
1833 4470 2047 4516 exosa.
2085 4454 2233 4515 Non
2272 4457 2441 4516 enim
2481 4474 2869 4537 quemquam
2904 4458 3279 4537 designabo,
3311 4480 3391 4523 ne
3424 4460 3714 4540 proferre
3751 4461 3847 4521 vi-

574 4560 727 4626 dear
764 4560 829 4621 iu
879 4560 1083 4622 lucem
1128 4577 1270 4641 qua;
1330 4556 1700 4619 occultanda
1762 4564 1963 4619 erant.
1994 4579 2023 4613 ι
2083 4557 2157 4617 Et
2194 4558 2381 4643 paulo
2413 4564 2553 4636 post
2585 4559 2671 4639 (ά)
2709 4580 2725 4618 :
2763 4582 2793 4617 α
2818 4560 2889 4620 Et
2922 4560 3191 4640 quinam
3221 4563 3352 4623 sint
3399 4560 3545 4623 mali
3580 4560 3848 4637 patebit

575 4666 902 4743 deinceps,
943 4664 1053 4726 ubi
1104 4678 1308 4725 meam
1345 4661 1699 4723 orationem
1734 4677 2110 4740 Oppuguans
2148 4662 2482 4724 manifesto
2532 4669 2593 4723 te
2650 4662 3085 4741 tuimetipsius
3134 4671 3561 4727 accusatorem
3611 4660 3849 4724 decla-

574 4767 884 4831 raveris.»
913 4764 1258 4837 Nimirum,
1297 4766 1366 4822 ut
1397 4777 1542 4823 cum
1588 4761 1804 4823 Tullio
1846 4762 2074 4839 loquar
2103 4761 2203 4841 (e),
2252 4784 2282 4819 «
2311 4780 2429 4854 ego
2467 4764 2790 4826 neminem
2826 4765 3116 4828 nomino.
3149 4767 3359 4839 Quare
3406 4760 3595 4826 irasci
3629 4774 3848 4824 nemo

578 4866 737 4930 mibi
778 4866 999 4943 poterit
1032 4886 1049 4938 ;
1086 4863 1208 4925 nisi
1246 4866 1359 4943 qui
1409 4872 1555 4928 ante
1585 4864 1661 4926 de
1693 4883 1760 4926 se
1796 4864 2067 4928 voluerit
2128 4866 2439 4931 conﬁteri.
2468 4890 2496 4924 ιο
2530 4868 2686 4941 Quae
2716 4868 2905 4929 verba
2950 4869 3384 4949 Hieronymus
3416 4866 3492 4929 ad
3521 4865 3853 4943 Nepotia-

578 4981 735 5027 num
775 4964 848 5043 (Ῑ)
902 4964 981 5023 de
1013 4965 1393 5026 clericorum
1458 4963 1628 5025 vitiis
1663 4970 1723 5025 et
1754 4963 1892 5041 ipse
1931 4964 2275 5044 disputans
2332 4975 2624 5048 usurpat,
2666 4974 2735 5029 ut
2765 4968 2841 5029 ad
2873 4968 3208 5033 Rusticum
3256 4969 3365 5049 (g),
3425 4982 3501 5030 ex
3553 4964 3852 5045 prologo

578 5064 727 5129 libri
764 5062 955 5137 tertii,
994 5062 1371 5126 Phaedriam
1409 5085 1425 5124 :
1464 5061 1639 5137 «Qui
1690 5061 2050 5139 generalem
2076 5064 2155 5126 de
2220 5065 2397 5127 vitiis
2425 5066 2928 5146 diSputationem
2961 5068 3025 5129 in
3059 5087 3238 5132 suam
3272 5067 3554 5130 referunt
3589 5076 3854 5129 contu-

582 5170 831 5231 meliam
866 5215 918 5233 ..
946 5216 962 5232 .
988 5188 1168 5232 suam
1192 5168 1478 5232 indicant
1510 5169 1961 5233 conscientiam
1991 5190 2007 5245 ;
2040 5194 2068 5229 υ
2106 5172 2197 5235 vel
2232 5173 2579 5253 ipsissimis
2616 5174 2863 5237 Phaedri
2907 5176 3119 5237 verbis
3152 5171 3531 5250 elegantius,
3565 5191 3594 5223 α
3625 5174 3854 5233 stulto

582 5272 914 5332 nudabunt
969 5272 1167 5333 animi
1217 5271 1699 5334 conscientiam.
1729 5295 1759 5330 ιο
1817 5272 1997 5335 Unde
2046 5276 2481 5355 Hieronymus
2539 5288 2759 5340 contra
2790 5278 3082 5360 Ruﬁnum
3114 5275 3501 5358 generaliter
3531 5288 3855 5352 pronun-

583 5368 694 5432 tiat
725 5368 805 5449 (lt)
842 5392 859 5431 :
894 5392 920 5425 α
949 5371 1217 5445 Quando
1247 5374 1385 5438 sine
1418 5376 1685 5440 nomine
1714 5384 1929 5442 contra
1960 5379 2115 5442 vitia
2145 5382 2444 5445 scribitur
2472 5404 2490 5459 ;
2527 5385 2638 5464 qui
2677 5384 2993 5460 irascitur,
3030 5390 3360 5447 accusator
3389 5379 3492 5444 sui
3526 5383 3647 5443 est.
3679 5399 3723 5437 an

677 5513 731 5599 ξ’)
756 5513 898 5599 Bibl:
923 5516 1149 5599 θεριςβες·
1170 5528 1205 5575 ι-
1231 5521 1375 5599 the
1409 5516 1515 5577 655

2317 5538 2387 5599 (ε)
2416 5529 2521 5599 Pro
2555 5528 2664 5599 lege
2696 5518 2994 5593 Min-tilde.
3032 5528 3122 5585 15.

674 5582 728 5673 t3)
755 5584 928 5673 Epist.
951 5588 1019 5673 al.
1055 5590 1121 5670 δι’
1144 5601 1198 5645 et
1224 5582 1347 5648 198‘.
1384 5664 1399 5673 _
1695 5664 1709 5673 _
2068 5662 2129 5673 _

2068 5662 2129 5673 η
2249 5666 2271 5673 ᾗ
2319 5582 2385 5673 {r3
2422 5582 3223 5673 uisae}.ss;’1:iv'.1p;};iq.
3251 5616 3305 5670 p.
3340 5594 3467 5655 266.

674 5654 933 5745 chartu.
957 5662 1022 5712 de
1048 5662 1225 5731 seipse
1255 5674 1307 5720 et
1333 5664 1589 5722 adversus
1624 5664 1905 5737 episcopos
1928 5703 1946 5735 ,
1972 5678 2022 5723 Υ.
2062 5662 2130 5725 l9
2199 5730 2225 5745 δ
2249 5666 2271 5673 ”
2428 5670 2524 5745 Id,
2560 5654 2712 5745 il)_i'd.,
2747 5654 2903 5745 epist.
2930 5654 3097 5745 9'5,rp.
3133 5654 3256 5723 77l.

580 5732 815 5813 “esse
949 5795 1016 5813 ηη
1656 5732 1674 5736 ⁷
1807 5732 1825 5737 '
1928 5732 1939 5735 '

2199 5732 2225 5745 ἱ
2423 5732 2549 5799 Adit.
2583 5738 2734 5812 Rt1[.,
2763 5732 2858 5797 lib.
2893 5757 2932 5809 ι,
2967 5732 3016 5797 ιζ
3040 5732 3101 5809 ll,
3135 5750 3272 5812 part.
3300 5757 3362 5809 υ,
3387 5758 3439 5813 p.
3472 5739 3598 5796 361.

538 5865 565 5888 δ
653 5792 749 5865 (ά)
768 5792 920 5852 Vers.
949 5795 1038 5857 29.
