3926 6410
134 361 202 417 37
1137 353 1505 410 ΡΒᾹἘΡΑΤΙΟ
1543 355 1675 412 GEN

1815 357 1950 414 .L’IS.
1993 390 2060 404 —
2098 356 2277 416 PARS
2315 363 2375 421 ll.
3295 371 3365 426 '58

205 477 648 543 Coaticescant
683 473 879 552 igitur
937 476 1130 550 atque
1161 473 1561 545 erubescant,
1621 473 1733 552 qui
1767 474 2080 550 Gregorio
2128 477 2395 538 crimina
2433 475 2740 552 inferunt,
2779 496 2923 556 quae
2961 480 3203 555 oderat,
3237 495 3293 545 et
3330 506 3360 545 a

131 584 366 665 quibus
417 601 447 636 tl
473 576 880 657 peculiariter
907 576 1311 638 abhorrebat.
1343 598 1371 632 ια
1429 577 1761 638 Neminem
1801 595 2188 659 quemquam
2218 582 2551 650 conviciis,
2595 583 2693 644 vel
2726 585 2964 662 satyris
3003 585 3352 661 lacessivit,

133 707 244 749 nec
279 686 399 747 nisi
431 682 744 762 generalis
785 681 923 760 ejus
956 679 1032 740 de
1075 679 1252 741 vitiis
1289 688 1386 742 est
1421 681 1794 757 disputatio.
1826 685 1908 743 At
1945 683 2296 745 nominavit
2329 686 2703 756 Maximum,
2761 688 3037 766 inquies.
3110 689 3352 762 Quidni

133 787 517 850 nominasset
547 785 849 845 Proteum
916 784 1124 855 illum,
1160 783 1405 860 lupum,
1452 784 1794 846 Christiani
1827 788 2002 848 orbis
2044 790 2240 851 totius
2293 789 2595 864 fabulam,
2648 797 2998 870 nutumque
3031 793 3362 869 perturba-

134 893 374 953 toretn?
406 889 685 951 Hoccine
717 888 977 950 demum
1032 896 1131 949 est
1163 888 1498 966 denigrare
1552 889 1877 951 hominem
1905 894 1933 951 ?
1982 894 2263 956 Hoccine
2300 894 2527 956 famam
2564 895 2703 973 ejus
2734 896 2883 955 atris
2916 893 3258 954 admodum
3297 898 3360 953 et

130 999 199 1054 ad
229 1002 553 1069 stuporem
585 990 907 1052 coloribus
956 988 1278 1052 infuscare
1303 993 1332 1051 ?
1363 993 1498 1054 lmo
1554 1009 1730 1066 vero,
1761 993 1871 1073 qui
1905 995 2048 1055 talia
2096 995 2286 1071 fatur,
2319 996 2526 1058 nivem
2582 997 2857 1075 aspergit
2895 996 3256 1073 nigredine,
3291 1005 3358 1055 ut

126 1094 485 1172 EihiOpem
516 1095 717 1167 lavet;
771 1097 830 1153 et
861 1092 1000 1155 viro
1031 1094 1438 1155 sanctissimo
1487 1093 1812 1156 infamiam
1857 1095 2086 1170 inurit,
2122 1104 2188 1157 ut
2218 1097 2524 1176 perditam
2554 1096 2750 1176 impio
2783 1094 3014 1156 famam
3041 1095 3355 1158 restituat.

126 1191 284 1264 Quid
316 1191 491 1270 quod
512 1192 700 1270 longe
731 1196 1013 1270 graviora
1051 1199 1128 1258 de
1151 1197 1429 1260 Maximo
1463 1201 1679 1261 reticet
1710 1200 2108 1276 Gregorius?

195 1293 436 1353 Verum
471 1291 552 1372 (α)
591 1313 620 1349 α
648 1301 901 1356 caeteros
938 1296 1022 1358 ita
1074 1296 1388 1373 designat,
1446 1306 1515 1360 ut
1573 1299 1937 1361 nominasse
1967 1317 2093 1360 non
2130 1317 2291 1378 Opus
2325 1300 2535 1362 fuerit.
2568 1324 2596 1358 »
2630 1304 2929 1365 Fatemur
2968 1303 3030 1364 id
3059 1303 3347 1383 quidem.

123 1397 251 1469 Qua
285 1414 439 1458 vero
470 1398 783 1469 cautione,
816 1413 1057 1477 quasso,
1095 1397 1404 1458 attendas.
1457 1397 1676 1459 Primo
1714 1415 2015 1478 namque,
2066 1416 2144 1460 ne
2181 1398 2243 1462 in
2279 1400 2704 1478 episcOpalem
2746 1405 3037 1463 ordinem
3089 1403 3357 1467 dicenda

125 1502 564 1564 derivarentur
593 1509 654 1564 et
713 1503 1145 1564 redundarent
1209 1503 1507 1564 admonet
1545 1503 1942 1580 Gregorius:
1994 1526 2023 1560 α
2050 1504 2186 1565 Non
2223 1506 2542 1580 omnium,
2574 1507 2784 1585 inquit
2813 1506 2919 1586 (ὁ),
2957 1508 3351 1571 mentionem

125 1602 333 1663 faciam
364 1647 382 1663 .
415 1648 429 1664 .
454 1649 470 1662 .
507 1603 658 1665 Nam
691 1603 922 1667 multos
954 1605 1143 1668 etiam
1179 1604 1352 1680 novi,
1407 1607 1484 1668 de
1515 1606 1753 1686 quibus
1799 1606 2194 1687 loquendum
2229 1614 2324 1670 est
2374 1609 2729 1671 honestius.
2789 1611 3024 1672 Verum
3056 1611 3355 1690 quisquis

123 1708 455 1785 improbus
510 1715 627 1781 est,
668 1714 729 1767 et
763 1709 1092 1786 plusquam
1131 1707 1378 1789 improb
1399 1726 1497 1783 us,
1551 1709 1717 1773 vinci
1753 1727 1822 1773 se
1856 1712 2230 1791 domarique
2260 1714 2532 1791 patiatur
2571 1714 2673 1794 (ο).
2712 1716 2860 1776 Mali
2900 1716 3218 1796 quidquid
3257 1722 3355 1780 est

122 1813 480 1876 vulnerabit
528 1813 836 1875 orationis
867 1812 1158 1890 gladius;
1213 1812 1342 1874 imo
1369 1813 1638 1875 sicarios
1670 1822 1731 1876 et
1763 1815 2138 1886 homicidas,
2186 1817 2298 1897 qui
2351 1817 2532 1880 falsis
2564 1818 2971 1881 sermonibus
3035 1826 3223 1899 atque
3274 1821 3353 1883 fi-

120 1919 416 1997 gmentis,
441 1941 470 1974 »
509 1925 791 1996 pastores
822 1917 1154 1998 ipsamque
1186 1919 1540 1980 doctrinam
1577 1920 1980 1996 infamantes,
2021 1923 2414 2003 «innoxium
2462 1925 2815 1987 animarum
2849 1926 3228 2003 sanguinem
3266 1926 3359 1986 ef-

118 2017 491 2078 fundebant.
525 2037 552 2071 ιι
601 2014 808 2077 Verbo
839 2016 1068 2092 dicam,
1103 2015 1292 2096 lupos
1333 2023 1616 2097 pastores
1647 2018 2015 2095 insectatur,
2051 2023 2344 2085 doctores
2391 2026 2646 2102 spurios
2681 2035 2740 2088 et
2771 2027 3190 2091 adulterinos.
3225 2029 3357 2090 Pu-

119 2130 282 2187 tasne
325 2138 483 2185 vero
532 2137 856 2202 nunquam
898 2120 1114 2196 licere,
1175 2123 1494 2185 laudabile
1545 2141 1872 2203 nunquam
1925 2142 2093 2198 esse,
2125 2125 2378 2187 ovinam
2434 2126 2660 2204 pellem
2693 2147 2764 2191 ac
2796 2133 3024 2192 larvam
3060 2132 3226 2211 lupis
3251 2135 3363 2195 de-

119 2231 383 2303 trahere,
449 2233 521 2291 ut
552 2227 780 2290 detecti
837 2232 1352 2305 cognoscantur?
1392 2229 1506 2290 «Si
1548 2229 1919 2308 reipublicae
1963 2229 2229 2291 interest
2260 2230 2552 2307 cognosci
2592 2231 2789 2293 malos
2817 2254 2832 2306 ;
2862 2255 2890 2288 »
2942 2233 3222 2311 profecto
3254 2238 3357 2297 in-

119 2338 297 2394 terest
342 2329 676 2403 Ecclesiae,
736 2327 952 2390 minus
985 2328 1358 2405 catholicos,
1393 2327 1721 2408 falsosque
1754 2335 2037 2406 pastores
2084 2345 2494 2406 cognoscere.
2527 2332 2602 2392 Et
2637 2333 2748 2410 qui
2784 2333 3014 2396 larvam
3050 2335 3351 2413 detrahit,

119 2441 177 2492 ut
207 2439 702 2508 cognoscantur,
732 2445 808 2490 ne
855 2434 1129 2489 mactent
1168 2427 1571 2499 etfurentur,
1606 2428 1661 2488 is
1698 2427 2043 2489 laudabilis
2079 2435 2202 2488 est.

183 2531 246 2592 Id
279 2528 582 2609 praestitit
611 2525 981 2603 Gregorius,
1014 2525 1123 2604 qui
1161 2525 1524 2604 posthabito
1561 2525 1804 2600 privato
1837 2524 2198 2598 commodo,
2230 2523 2729 2601 periclitantium
2765 2527 2951 2589 saluti
2993 2531 3352 2596 animarum

116 2635 541 2713 Ecclesiaeque
572 2633 762 2694 totius
797 2629 1166 2700 consulens,
1201 2628 1264 2688 in
1304 2627 1631 2705 improbos
1665 2636 1725 2688 et
1753 2627 1899 2689 vitia
1970 2627 2282 2689 calamum
2340 2626 2642 2698 strinxit;
2681 2629 2838 2689 nihil
2901 2633 3027 2692 nisi
3083 2636 3357 2697 cl-arita-

117 2747 252 2809 tem,
291 2735 426 2798 nisi
462 2751 674 2813 pacem
709 2733 957 2810 spirans
993 2733 1098 2813 td).
1140 2733 1267 2793 Ista
1306 2733 1466 2794 ﬂens
1503 2732 1715 2811 potius
1751 2751 1939 2811 quam
1979 2732 2276 2794 mordens
2314 2731 2605 2809 scripsit;
2650 2732 2778 2794 imo
2807 2757 2836 2788 α
2871 2735 3096 2798 ludens
3134 2761 3162 2794 υ
3196 2756 3357 2800 non-

117 2855 464 2917 nunquam,
523 2837 676 2915 quia
726 2834 1067 2898 ridiculum
1102 2836 1228 2897 acri
1275 2853 1374 2898 res
1418 2835 1651 2919 fortius
1708 2854 1780 2897 ac
1834 2836 2066 2897 melius
2138 2835 2516 2915 plerumque
2563 2852 2780 2898 secare
2824 2845 3110 2900 noverat.
3154 2840 3358 2904 Miror

117 2937 330 3011 virum,
376 2937 626 3016 alioqui
661 2938 922 3013 ingenio
960 2922 1331 3018 perspicaci,
1359 2938 1575 3000 lusum
1615 2955 1740 2999 non
1779 2938 2201 3012 intellexisse,
2227 2938 2337 2999 ubi
2370 2938 2745 3015 Gregorius,
2772 2940 3042 3002 dubium
3075 2943 3153 3004 de
3175 2960 3354 3007 coma

115 3045 252 3125 quid
287 3044 484 3105 faciat
525 3062 596 3104 ac
628 3045 1088 3122 prepemodum
1125 3046 1574 3122 desperantem
1626 3044 1922 3121 cynicum
1955 3042 2224 3120 ﬁngens,
2257 3043 2710 3119 sermonejam
2743 3043 2962 3105 tritum
2997 3045 3051 3106 ei
3087 3034 3351 3121 prover-

113 3135 273 3207 bium
307 3145 549 3208 festive
578 3145 860 3223 suggerit
897 3166 914 3206 :
956 3167 984 3201 α
1023 3143 1280 3223 Reliqui
1314 3142 1423 3203 tibi
1473 3149 1700 3220 praeter
1737 3142 1962 3203 malam
2001 3159 2250 3202 crucem
2276 3159 2404 3220 Jam
2438 3140 2620 3203 video
2650 3143 2834 3204 nihil.
2863 3168 2892 3200 η
2936 3145 3094 3218 Quis
3128 3164 3353 3212 vanam

113 3253 283 3314 Tollii
321 3251 401 3332 (ε)
441 3250 965 3313 exclamationem
999 3249 1133 3310 risu
1162 3265 1288 3309 non
1319 3247 1634 3328 excipiat?
1668 3246 1809 3321 Cui,
1847 3247 2135 3326 inquam,
2177 3247 2373 3308 risum
2411 3262 2535 3306 non
2571 3252 2816 3305 maveat
2851 3243 2982 3306 haec
3013 3244 3352 3307 verborum

113 3356 392 3433 Gregorii
431 3354 761 3431 acceptio?
794 3374 823 3407 ‹‹
858 3353 1026 3426 Quid
1060 3355 1087 3411 ?
1116 3353 1440 3431 Laqueum
1477 3367 1834 3429 preponere
1894 3349 2159 3411 inimico
2196 3350 2272 3412 ad
2307 3349 2765 3428 suspendium,
2819 3349 3189 3413 hominisne
3257 3359 3352 3414 est

111 3464 426 3524 Christum
459 3460 870 3520 sectantis?»
909 3458 1070 3531 Quis
1131 3459 1300 3518 enim
1359 3458 1575 3518 mitior
1611 3456 1972 3534 Gregorio?
2027 3455 2295 3515 Etiamsi
2348 3455 2586 3533 scripta
2651 3457 2926 3514 tacerent
2975 3452 3158 3523 facta,
3211 3452 3351 3531 ipsa

110 3565 354 3628 Maximi
393 3562 690 3634 historia,
722 3571 854 3624 acta
885 3561 1164 3634 concilii,
1199 3561 1438 3636 sicarii,
1466 3559 1708 3639 lapides
1747 3575 1913 3639 quos
1953 3558 2224 3637 excepit,
2280 3577 2397 3621 nec
2438 3574 2827 3636 quemquam
2868 3556 3090 3618 ulcisci
3125 3575 3350 3636 passus

111 3677 213 3730 est.

176 3775 240 3833 In
276 3771 378 3832 his
419 3786 565 3848 quae
598 3765 993 3845 objiciuntur
1025 3761 1319 3840 Gregorii
1353 3760 1771 3834 carminibus,
1822 3759 2010 3834 nihil,
2067 3764 2176 3821 aut
2235 3757 2364 3820 fere
2419 3758 2578 3818 nihil
2640 3757 2810 3836 quod
2843 3757 2906 3819 in
2938 3756 3347 3835 Apologetico

113 3893 212 3939 suo
231 3886 288 3940 et
319 3876 483 3936 alibi
515 3875 748 3953 passim
777 3871 850 3940 ad
887 3869 1194 3947 pOpulum
1230 3867 1633 3928 orationibus
1668 3882 1792 3926 non
1822 3865 2207 3942 reperiatur;
2246 3866 2374 3924 imo
2407 3863 2566 3923 nihil
2598 3864 2769 3941 quod
2797 3861 2858 3922 in
2891 3862 3030 3923 suis
3051 3862 3352 3920 Desacer-

112 3977 265 4038 datio
304 3976 494 4038 libris
549 3992 675 4037 non
735 3973 1061 4052 scripserit
1113 3973 1306 4050 paulo
1349 3977 1490 4049 post
1541 3969 2066 4047 Chrysostomus.
2098 3969 2236 4030 Non
2267 3967 2463 4044 igitur
2520 3967 2774 4028 enimio:
2813 3965 3272 4059 imbecillitate,
3313 3987 3344 4022 ι

114 4099 222 4142 non
247 4106 272 4139 ιι
307 4080 722 4159 aegritudine,
752 4103 781 4135 ι
815 4094 939 4137 non
968 4098 997 4133 cr.
1032 4075 1318 4154 impositi
1351 4073 1603 4152 capistri
1642 4096 1670 4130 ιο
1699 4073 1947 4146 dolore,
1981 4089 2110 4134 non
2168 4070 2438 4133 abdicati
2473 4092 2502 4128 α
2539 4068 2908 4148 poenitentia
2946 4091 2974 4123 ι)
3010 4068 3350 4145 episcopa-

114 4189 219 4256 tus,
247 4200 396 4262 quae
438 4181 611 4242 nulla
646 4179 788 4255 fuit,
850 4181 955 4241 illa
988 4179 1363 4257 conscripsit
1419 4178 1787 4254 Gregorius.
1823 4177 2155 4254 Figmenta
2187 4175 2320 4236 haec
2347 4181 2495 4236 sunt
2529 4175 2605 4234 ab
2649 4170 3057 4234 heterodoxis
3081 4169 3342 4246 prolata,

113 4287 254 4349 male
283 4306 314 4349 a
355 4286 749 4366 quibusdam
781 4284 1124 4346 Catholicis
1159 4282 1446 4361 repetita.
1481 4283 1695 4359 Apage
1730 4296 1904 4358 ergo,
1947 4280 2139 4351 Tolli,
2177 4278 2452 4356 lepidam
2490 4276 2652 4337 hanc
2690 4281 2886 4342 luam,
2922 4271 3051 4332 imo
3076 4270 3345 4347 injurio-

110 4406 221 4449 sam
249 4389 317 4450 in
348 4389 738 4467 Gregorium
772 4390 1338 4468 comparationem,
1373 4406 1498 4466 qua
1530 4387 1937 4463 ’l‘heologum
1975 4403 2119 4446 cum
2150 4384 2461 4446 Cicerone
2495 4380 2862 4459 componis;
2887 4379 3008 4440 hoc
3041 4385 3162 4452 est,
3199 4400 3226 4431 α
3262 4377 3342 4438 ita

111 4496 307 4557 animo
341 4497 649 4574 perculso
681 4495 1027 4574 etabjecto,
1051 4502 1113 4555 ut
1139 4494 1279 4555 sine
1309 4508 1604 4554 sermone
1630 4491 1788 4564 ullo,
1810 4491 1947 4551 sine
1970 4489 2356 4566 cogitatione
2383 4487 2788 4564 ullajaceret,
2818 4502 2847 4538 η
2871 4477 3072 4560 utam
3111 4479 3342 4540 mentis

112 4613 305 4660 errore
339 4599 550 4659 teneri
585 4622 614 4656 ι
656 4598 842 4676 vulgo
876 4599 1240 4660 crederetur
1270 4596 1375 4674 (gl.
1411 4595 1577 4669 Quid
1615 4594 1865 4656 confers
1903 4593 2256 4655 violentum
2289 4598 2575 4653 coactum
2605 4585 2799 4648 Tullii
2836 4584 3164 4654 exsilium,
3198 4601 3341 4644 cum

111 4696 460 4760 voluntaria
491 4698 805 4775 Gregorii,
868 4706 928 4760 et
988 4698 1288 4777 expetita,
1345 4703 1537 4776 atque
1594 4696 1782 4757 etiam
1814 4702 2066 4756 extorta
2091 4694 2168 4754 ab
2227 4693 2634 4770 imperatore,
2667 4699 2727 4750 et
2766 4684 3054 4748 omnium
3086 4691 3338 4743 (elatum

111 4800 527 4864 admiratione
591 4804 829 4880 digna,
917 4800 1638 4879 ConstantinOpolitanze
1704 4799 1879 4859 sedis
1960 4798 2408 4861 abdicatione?
2479 4793 2560 4872 (h)
2615 4788 2782 4863 Quid
2849 4802 3116 4865 puerum
3198 4793 3339 4846 tan-

108 4903 225 4959 tum
257 4917 388 4961 non
425 4899 796 4980 ejulantem,
830 4905 890 4961 et
923 4899 1206 4964 ﬂetibus.
1238 4915 1316 4958 ne
1348 4898 1684 4968 scriberet,
1722 4918 1750 4953 α
1783 4896 2184 4974 impeditum,
2222 4917 2251 4951 π
2285 4910 2429 4955 cum
2461 4890 2695 4953 athleta
2727 4893 2790 4948 et
2815 4884 3096 4962 glorioso
3130 4905 3159 4939 α
3192 4900 3340 4945 con-

110 4996 337 5063 Tessera
387 5023 421 5058 ι»
462 5001 926 5084 componis(i)?
958 5003 1216 5080 Legesis
1251 5018 1474 5064 omnes
1525 5001 1601 5064 ad
1631 5000 1912 5063 Atticum
1948 4999 2274 5079 epistolas,
2309 5015 2451 5078 quas
2487 4997 2645 5058 libro
2679 4993 2865 5055 tertio
2897 4991 3334 5062 continentur,

110 5100 393 5182 Liviique
429 5104 853 5167 Historiarum
892 5107 1123 5167 librum
1156 5123 1308 5182 cxx,
1342 5112 1401 5166 et
1437 5112 1558 5166 IUEB
1593 5111 1650 5165 te
1686 5102 1919 5182 pudeat
1951 5099 2461 5178 comparationis.

178 5207 474 5286 Denique
507 5209 656 5287 quid
691 5209 1029 5272 ambitiosa
1066 5211 1172 5272 illa
1211 5209 1548 5272 Ciceronis
1584 5214 1645 5268 et
1678 5221 2150 5285 usquequaque
2181 5203 2322 5264 fusa
2352 5197 2682 5278 jactantia,
2715 5213 2862 5260 cum
2893 5192 3333 5264 assidua,cum

113 5308 411 5383 modesta,
445 5329 589 5373 cum
628 5311 991 5373 necessaria
1043 5317 1106 5374 et
1160 5311 1462 5390 religiosa
1513 5305 1960 5388 praedicatione
2016 5301 2400 5365 Trinitatis?
2455 5300 2626 5374 Quid
2675 5297 2911 5361 Christi
2946 5294 3026 5359 ad
3078 5289 3336 5356 Belial?

175 5542 246 5616 (ᾳ)
269 5541 419 5616 In".
454 5553 567 5616 not.
598 5545 662 5598 ad
695 5559 750 5598 ν.
776 5544 839 5598 21
871 5560 1037 5614 carm.
1072 5545 1121 5611 Ι,
1157 5559 1207 5616 p.
1228 5544 1280 5601 6.

1183 5566 1207 5599 l.
1228 5544 1280 5601 6.
1844 5545 1908 5613 (ί)
1938 5543 2017 5595 Ad
2053 5541 2232 5602 Αιιὶε..
2260 5538 2351 5616 lib.
2379 5555 2460 5604 ιη,
2488 5539 2643 5611 epist.
2675 5537 2733 5596 2.

197 5609 522 5686 b_}Yers.23
550 5625 782 5686 etscqq.
821 5685 830 5686 ί
910 5684 918 5686 _
1012 5609 1019 5614 ’
1110 5609 1116 5611 ⁷
1158 5609 1172 5616 ’
1845 5609 1917 5682 (ᾖ)
1953 5615 2103 5686 l_bid.,
2143 5627 2227 5678 ep.

196 5679 445 5752 Cum].
476 5685 546 5738 al.
579 5684 666 5748 19..
693 5679 756 5738 i.‘
779 5685 865 5750 i3,
900 5684 1083 5741 15-17.

810 5685 865 5750 2,
900 5684 1083 5741 15-17.
1847 5679 1920 5752 (in)
1958 5683 2114 5744 Ibid,
2151 5680 2352 5752 cpe”.

197 5755 226 5801 ά
279 5751 460 5806 Carm.
498 5754 565 5808 al.
604 5756 653 5822 Ι,
691 5772 738 5809 v.
776 5758 827 5811 6.

197 5751 252 5892 μζ
272 5821 430 5878 Vers.
460 5824 582 5880 939.
1073 5861 1079 5866 -
1149 5858 1181 5880 a

785 5758 827 5811 li.
1846 5750 1911 5825 (ἑ)
1937 5754 2093 5819 iam,
2121 5767 2203 5821 ep.
2247 5750 2335 5802 ω.

179 5821 251 5890 (ι)
272 5821 430 5878 Vers.
460 5824 582 5880 939.
1073 5861 1079 5866 -
1149 5858 1181 5880 a
