3918 6524
607 396 670 452 59
1606 384 1974 443 PRAEFATIO
2010 383 2421 441 GENERALIS.
2462 414 2529 427 —-
2570 384 2753 441 PARS
2794 386 2855 442 ll.
3776 382 3813 434 αἱ

604 508 768 582 Quid
811 506 911 569 bic
946 504 1245 581 theologo
1280 501 1687 564 sanctissimo
1719 517 1863 564 cum
1897 507 2152 563 oratore
2209 500 2515 579 profano?
2562 500 2728 573 Quid
2773 498 3154 562 humilitatis
3201 498 3433 561 Christi
3481 494 3856 574 discipulo.

603 630 746 675 cum
793 610 958 689 turpi
988 617 1045 671 et
1081 609 1329 686 abjecto
1365 606 1581 684 gloriae
1622 606 1965 682 mancipio,
2000 622 2191 683 quem
2220 603 2579 679 gloriolam,
2625 604 2904 665 veritatis
2939 602 3306 680 dispendio,
3340 618 3674 677 corrogare
3712 615 3859 661 non

606 719 845 797 pudet?
875 715 1098 783 Ardea,
1136 712 1346 791 inquit
1398 708 1666 785 epistola
1726 709 1799 769 ad
1842 704 2146 769 Lueeium
2182 707 2288 788 (α),
2325 729 2355 763 α
2396 707 2745 784 cupiditate
2806 705 3192 769 incredibili.
3229 750 3245 768 .
3281 751 3295 767 .
3334 752 3351 769 .
3390 752 3405 768 .
3443 751 3457 766 .
3496 722 3731 766 nomen
3777 708 3863 765 ut

605 824 887 876 nostrum
921 814 1297 877 illustretur,
1325 814 1385 869 et
1414 805 2277 883 celebreturtuis.....Itaque
2303 814 2359 866 te
2387 806 2570 882 plane
2605 807 2790 867 etiam
2827 812 3015 884 atque
3048 808 3234 867 etiam
3272 824 3445 884 rogo,
3470 815 3531 865 ut
3571 817 3861 865 etornes

603 930 675 975 ea
712 910 1156 971 vehementius
1190 906 1373 969 etiam
1414 920 1604 983 quam
1645 903 1911 964 fortasse
1963 903 2187 965 sentis.
2222 948 2237 963 .
2273 946 2289 965 .
2329 949 2345 965 .
2380 903 2714 982 amorique
2756 913 2972 965 nostro
3004 905 3364 983 plusculum
3399 906 3610 976 etiam,
3646 922 3857 981 quam

605 1018 894 1081 concedit
936 1020 1189 1083 veritas,
1227 1011 1510 1087 largiare.
1546 1031 1575 1067 ι)
1613 1010 1767 1068 Item
1804 1007 1876 1068 ad
1906 1006 2187 1067 Atticum
2224 1008 2490 1083 epistola
2527 1010 2627 1069 58.
2653 1032 2680 1063 α
2713 1008 3084 1086 Epistulam,
3118 1009 3355 1088 inquit,
3389 1007 3853 1085 Luceioquam

606 1118 910 1195 misi,qua
930 1134 1026 1175 res
1052 1115 1553 1175 measntscribat
1581 1090 1756 1189 rogo,
1791 1113 1886 1173 fac
1911 1120 1976 1171 ut
2004 1112 2081 1172 ab
2110 1128 2186 1171 eo
2211 1114 2426 1172 sumas
2454 1134 2469 1185 ;
2494 1112 2673 1173 valu'e
2702 1113 2864 1174 bella
2904 1121 2996 1173 est
3020 1133 3034 1187 τ
3062 1131 3338 1193 cumque
3371 1120 3436 1171 nt
3458 1117 3855 1188 approperet

605 1214 1064 1281 adhorteris,et
1098 1214 1267 1289 quod
1300 1211 1452 1273 mihi
1491 1211 1573 1272 ita
1609 1229 1677 1271 se
1702 1210 2011 1270 facturum
2055 1210 2401 1287 rescripsit,
2430 1212 2662 1289 gratias
2695 1229 2867 1289 agas.
2907 1236 2935 1268 ιι
2969 1214 3131 1285 Quis
3166 1214 3540 1273 tuleritcum
3580 1209 3854 1269 homine

605 1317 731 1377 tam
768 1312 1045 1388 glorioso
1077 1315 1453 1391 Gregorium
1485 1316 1831 1393 componi?
1865 1315 2228 1394 Nequidem
2267 1316 2516 1378 ratione
2564 1319 2949 1395 eloquentia)
2985 1317 3333 1395 comparari
3391 1332 3577 1392 posse
3609 1330 3854 1374 conce-

604 1416 842 1478 derem.
880 1419 1194 1493 Argntum
1233 1438 1532 1499 namque,
1568 1430 1853 1491 acutum,
1885 1428 1944 1480 et
1984 1420 2166 1497 plene
2222 1420 2577 1481 laconicum
2625 1422 2945 1483 scribendi
2980 1439 3207 1496 genus,
3242 1429 3519 1483 sectatus
3553 1428 3646 1479 est
3674 1419 3847 1479 Gre-

603 1522 863 1597 gorius:
926 1525 1177 1585 Tullius
1216 1543 1389 1600 vero,
1429 1534 1492 1586 ut
1528 1526 1749 1588 scribit
1808 1533 2030 1589 auctor
2064 1526 2231 1605 (pag.
2259 1528 2387 1599 78),
2428 1551 2454 1581 α
2494 1527 2854 1587 obstetricis
2910 1527 3267 1587 animorum
3309 1550 3336 1582 ιι
3377 1526 3555 1585 Edm.
3610 1523 3855 1584 Ricbe-

606 1621 765 1692 rius,
802 1645 829 1677 α
873 1623 1175 1683 Asianum
1210 1634 1270 1685 et
1320 1627 1680 1687 redundans
1717 1648 1745 1681 »
1782 1626 1993 1702 potius
2025 1642 2214 1703 quam
2241 1626 2526 1686 -atticnm
2569 1634 2628 1687 et
2667 1643 2951 1703 pressum
2981 1627 3312 1689 aﬂ'ectavit.
3347 1626 3416 1686 In
3458 1626 3722 1701 Dialogo
3764 1626 3854 1685 de

604 1723 1023 1795 Oratoribus,«
1046 1725 1367 1786 elumbem
1396 1734 1455 1786 et
1488 1736 1851 1787 enervatam
1878 1725 2201 1785 Ciceronis
2242 1727 2673 1805 eloquentiam
2699 1750 2726 1782 ι›
2756 1728 3203 1788 vocatBrntus.
3226 1727 3480 1788 Diutius
3515 1720 3733 1786 forsan
3766 1726 3849 1785 iis

607 1818 975 1883 refellendis
1033 1823 1358 1897 innnoror,
1418 1843 1557 1904 quae
1592 1826 1853 1886 ridenda
1913 1826 2126 1903 potius
2186 1837 2247 1886 et
2278 1827 2782 1895 contemnenda,"
2826 1846 3012 1906 quam
3046 1828 3215 1888 serio
3249 1834 3426 1887 erant
3466 1824 3843 1888 refellenda.

605 1918 1058 1982 Verumtamen
1101 1940 1242 1982 cum
1282 1925 1547 1985 lectores
1585 1925 1877 1985 nonnulli
1914 1926 2068 1996 sint,
2117 1926 2352 2002 quibus
2391 1926 2530 1999 plus
2572 1925 2905 2003 religionis
2943 1945 3132 2005 quam
3194 1926 3480 1987 scientize
3530 1924 3721 1995 inest,
3777 1929 3845 1984 et

614 2034 887 2096 quorum
948 2024 1338 2083 conscientia
1398 2025 1641 2085 infirma
1700 2043 1769 2085 ac
1828 2026 2043 2084 timida
2098 2024 2236 2084 lmdi
2303 2035 2517 2102 posset
2569 2027 2960 2087 carminibus
2998 2027 3304 2088 adversus
3362 2024 3715 2086 Maximum
3775 2029 3845 2082 et

607 2121 940 2195 ενίδοομυε
976 2121 1469 2202 scriptiszjuvat
1515 2124 1628 2185 hos
1663 2143 1736 2185 ex
1776 2126 2007 2185 animis
2042 2125 2376 2202 scrupulos
2415 2126 2723 2198 evellere,
2757 2128 3015 2204 quinam
3052 2127 3143 2186 illi
3179 2127 3299 2186 sint
3333 2125 3637 2202 episcopi,
3672 2140 3846 2201 quos

606 2221 938 2296 exagitavit
962 2221 1331 2299 Gregorius,
1361 2226 1792 2300 ostendendo;
1831 2233 1895 2286 ut
1929 2227 2156 2286 merito
2192 2225 2565 2303 exagitatos,
2600 2234 2790 2305 atque
2824 2226 3011 2287 etiam
3067 2227 3224 2290 dure
3252 2226 3611 2304 increpitos,
3643 2224 3850 2304 quili"

604 2324 710 2386 bet
747 2323 1079 2399 intelligat.

682 2424 891 2483 Primo
922 2425 1181 2498 quidem
1211 2437 1399 2483 nemo
1424 2421 1628 2481 nescit
1659 2421 2073 2482 correctionis
2108 2419 2401 2482 fraterna;
2429 2427 2808 2499 praeceptum
2852 2438 2992 2483 esse
3027 2426 3146 2482 tam
3185 2421 3247 2479 in
3284 2420 3477 2483 veteri
3517 2437 3706 2502 quam
3767 2421 3838 2480 in

602 2538 764 2584 nova
840 2522 973 2599 lege
1016 2544 1031 2581 :
1074 2545 1101 2577 α
1138 2523 1272 2581 Νοιι
1343 2523 1554 2582 oderis
1612 2522 1860 2581 fratrem
1925 2510 2208 2596 tuum,’»
2274 2525 2359 2585 ait
2418 2525 2674 2602 Moyses
2720 2525 2762 2597 ³,
2813 2546 2841 2578 α
2900 2524 3009 2583 sed
3073 2525 3322 2601 publice
3388 2541 3579 2599 argue
3632 2524 3845 2592 illum,

604 2640 686 2684 ne
720 2622 949 2683 habeas
988 2639 1179 2697 super
1215 2620 1321 2680 illo
1362 2629 1732 2700 peccatum;
1769 2644 1795 2676 ιι
1833 2622 2048 2682 Matth.
2090 2641 2250 2694 xvu,
2290 2625 2384 2693 16,
2421 2624 2496 2683 17
2531 2643 2545 2681 :
2593 2644 2621 2677 α
2654 2623 2714 2682 Si
2767 2629 2977 2683 autem
3041 2631 3099 2682 te
3160 2640 3279 2683 non
3321 2622 3586 2683 audierit
3616 2621 3841 2700 (frater

603 2722 801 2799 tuus),
840 2720 1069 2782 adhibe
1133 2730 1334 2781 tecum
1379 2722 1587 2782 adhuc
1647 2740 1881 2792 unum,
1946 2722 2037 2781 vel
2101 2722 2261 2782 duos
2322 2730 2618 2783 testes...
2673 2706 2972 2794 Quodsi
3032 2740 3156 2782 non
3210 2722 3479 2782 audierit
3539 2738 3698 2781 eos:
3739 2722 3848 2781 die

599 2820 918 2882 Ecclesiae.
960 2844 987 2875 ι)
1025 2819 1192 2892 Quin
1231 2828 1287 2879 et
1311 2829 1453 2880 ante.
1485 2821 1685 2897 legem
1711 2820 2034 2899 scriptam,
2071 2828 2315 2883 natura}
2356 2822 2411 2881 vi
2440 2830 2499 2881 et
2531 2822 2878 2893 ebarilatis,
2912 2839 2987 2883 eo
3020 2822 3295 2900 quisque
3339 2822 3545 2882 ollicio
3580 2823 3845 2882 teneba-

604 2928 727 2994 tur,
790 2920 1104 2999 imprimis
1140 2920 1489 2997 promus-ili,
1525 2927 1841 2999 parentes,
1916 2922 2221 2995 magistri,
2276 2932 2582 3000 pastores.
2616 2924 2710 2983 Ab
2749 2922 2881 2999 ipsa
2942 2922 3109 2983 cnim
3144 2932 3359 2984 natura
3414 2929 3472 2983 et
3504 2921 3839 2999 charitate,

601 3038 725 3100 qua
766 3020 1031 3099 proximi
1066 3022 1235 3081 salus
1274 3020 1456 3080 nobis
1488 3021 1657 3081 cordi
1695 3040 1835 3083 esse
1872 3024 2084 3092 debet,
2121 3021 2310 3099 hujus
2347 3024 2637 3100 praecepti
2668 3022 3015 3084 necessitas
3047 3021 3208 3082 ﬂuit.

680 3121 892 3181 Potest
925 3120 1163 3198 itaque,
1200 3126 1390 3197 atque
1445 3124 1635 3180 etiam
1674 3120 1863 3183 debet
1901 3129 1959 3182 et
1994 3130 2269 3193 tenetur,
2322 3123 2433 3201 qui
2466 3124 2757 3193 scicntia,
2789 3123 3119 3197 dignitate,
3179 3130 3240 3184 et
3305 3126 3509 3184 olbcm
3570 3139 3835 3212 eminet,

603 3239 867 3301 arguere
910 3228 1268 3297 peccantes,
1304 3242 1331 3274 α
1370 3220 1529 3283 (iure
1567 3244 1593 3277 ι)
1631 3222 1817 3284 etiam
1860 3224 2179 3285 interdum
2216 3225 2627 3299 «increpare,
2656 3245 2684 3278 ι)
2725 3223 3003 3282 maxime
3037 3245 3063 3278 α
3104 3231 3170 3282 ut
3195 3222 3329 3282 sani
3358 3222 3483 3282 sint
3515 3222 3575 3281 in
3612 3221 3834 3295 fide‘,»

603 3336 673 3389 ut
715 3326 993 3386 vitentur
1030 3324 1303 3401 improbi
1340 3331 1385 3395 ',
1425 3325 1616 3402 idque
1649 3326 2027 3385 nominatim
2084 3335 2151 3386 ut
2206 3326 2585 3403 discipulus,
2636 3340 2824 3403 quem
2879 3324 3182 3401 diligebat
3236 3323 3497 3398 Jesus‘;
3548 3323 3641 3383 vel
3682 3342 3824 3401 ενδ-

603 3427 813 3508 phice,
855 3432 919 3485 ut
947 3427 1378 3502 apostolorum
1414 3426 1717 3501 Princeps
1748 3427 1768 3457 ⁷
1798 3468 1814 3498 ,
1853 3442 1921 3485 ac
1957 3425 2104 3487 Jud.
2136 3426 2181 3499 ⁸,
2235 3427 2683 3504 perstringere,
2734 3433 2922 3502 atque.
2974 3425 3159 3485 etiam
3197 3422 3446 3499 publice
3480 3422 3828 3483 traducere.

604 3548 634 3581 α
672 3527 1006 3587 Manifesta
1085 3527 1256 3585 enim
1303 3531 1576 3603 peccata,
1615 3547 1643 3579 ››
1682 3531 1744 3584 ut
1779 3525 1991 3601 inquit
2044 3526 2390 3601 Gregorius
2450 3524 2609 3585 alter
2643 3536 2699 3586 et
2728 3525 2865 3602 ipse
2920 3526 3185 3601 Magnus
3221 3524 3329 3604 (ὁ),
3370 3548 3398 3581 α
3430 3543 3552 3586 non
3587 3526 3829 3587 occulta

600 3627 993 3688 cal-rectione
1032 3627 1389 3701 purganda;
1426 3624 1534 3683 sed
1571 3623 1771 3699 palam
1804 3632 1954 3682 sunt
1985 3624 2318 3699 arguendi,
2353 3626 2461 3701 qui
2498 3625 2698 3702 palam
2732 3626 3347 3701 nocent.»Apostolo
3380 3627 3781 3702 prmcipiente
3806 3641 3826 3681 :

602 3746 635 3782 α
677 3727 1009 3787 Peecantes
1042 3740 1248 3785 coram
1279 3724 1581 3784 omnibus
1608 3740 1800 3798 argue
1832 3726 1896 3779 ἐ
1935 3746 1961 3779 ιι
1999 3722 2170 3801 quod
2208 3721 2498 3782 Christus
2538 3724 2752 3783 docuit
2779 3731 2839 3783 et
2870 3724 3037 3795 fecit,
3078 3746 3105 3779 α
3140 3725 3361 3783 acerbe
3409 3730 3471 3783 et
3520 3740 3756 3797 amare,
3797 3747 3826 3779 ι

604 3831 671 3886 ut
702 3826 784 3885 ait
818 3824 1213 3900 Augustinus
1246 3826 1364 3900 (c);
1403 3843 1431 3875 α
1472 3824 1578 3881 sed
1614 3822 1907 3892 amando,
1946 3844 1975 3878 »
2010 3837 2171 3900 quos
2196 3823 2499 3899 arguebat
2528 3823 2807 3886 Judmos.
2842 3822 2975 3884 Hoc
3002 3841 3034 3883 a
3076 3821 3400 3900 prophetis
3432 3829 3493 3883 et
3518 3822 3824 3899 apostolis

605 3924 858 4002 egregie
895 3922 1240 3998 praestitum
1279 3939 1466 3980 nemo
1503 3922 1734 3982 nescit.

677 4021 973 4084 Ecclesiae
1014 4028 1180 4079 certe
1218 4018 1484 4079 interest
1520 4041 1548 4072 α
1588 4019 1989 4096 liypocritas,
2037 4018 2230 4080 falsos
2276 4028 2638 4097 prepnetas,
2663 4041 2693 4079 ν
2743 4024 2930 4096 lupos
2968 4028 3086 4077 suo
3137 4032 3323 4076 ovina
3357 4018 3523 4095 pelle
3558 4017 3821 4079 latentes

601 4122 916 4203 dignosci,
960 4128 1027 4181 ut
1073 4120 1134 4178 in
1192 4117 1409 4179 odium
1447 4120 1841 4179 adducantur
1871 4127 1929 4180 et
1970 4119 2294 4197 fugiantur
2348 4136 2380 4180 a
2443 4120 2967 4197 simplicioribus,
3024 4125 3092 4177 nt
3134 4116 3373 4176 nemini
3412 4126 3675 4178 noceant
3707 4120 3817 4197 (ἀ).

598 4226 747 4287 Haec.
778 4222 985 4284 omnia
1018 4220 1334 4282 eharitatis
1368 4237 1512 4297 erga
1552 4220 1945 4296 proximum,
1983 4239 2124 4296 erga
2157 4222 2356 4281 Deum
2391 4228 2450 4281 et
2492 4221 2837 4282 Ecclesiam
2867 4262 2881 4286 .
2934 4217 3136 4279 oﬂicia
3189 4215 3370 4277 fuere
3419 4217 3480 4276 in
3544 4218 3816 4288 Christo,

598 4325 663 4386 in
693 4326 957 4391 Joanne,
998 4323 1057 4382 in
1104 4322 1457 4399 Stephano,
1492 4322 1589 4383 cui
1628 4345 1657 4379 α
1701 4322 1921 4399 lingua
1954 4321 2175 4394 ferox,
2216 4321 2357 4383 lene
2396 4341 2533 4393 cur;
2571 4344 2598 4377 ιο
2630 4323 2735 4399 qui
2778 4342 2807 4377 ιι
2843 4320 3138 4380 smviebat
3186 4324 3244 4377 et
3294 4318 3560 4377 amabat.
3602 4341 3629 4371 υ
3672 4317 3817 4377 Haec

600 4428 784 4484 etiam
810 4422 1213 4497 iu'l‘bculogo
1247 4422 1520 4499 aliisque
1554 4422 1708 4483 viris
1736 4424 1993 4491 sanctis,
2021 4439 2183 4499 quos
2212 4422 2552 4501 aliquando
2582 4422 2687 4481 Dei
2721 4420 2945 4497 gloria,
2979 4419 3155 4479 zelus
3190 4417 3415 4477 domus
3437 4417 3576 4486 Dei,
3612 4417 3815 4477 inuui-

601 4524 811 4581 nentia
843 4522 1237 4596 simplicibus
1284 4521 1465 4585 mala,
1501 4534 1808 4596 npprt'ssa
1844 4522 2182 4581 calumniis
2217 4521 2599 4592 innocentia,
2643 4520 2888 4595 religio,
2924 4518 3283 4580 acrioribus
3326 4518 3535 4577 verbis
3571 4517 3810 4596 impios

600 4621 918 4695 exagitare
951 4618 1417 4693 compulerunt,
1459 4618 1790 4678 cliaritatis
1824 4619 2027 4679 ollieia
2067 4617 2267 4680 fuisse
2304 4619 2571 4679 dubium
2611 4637 2735 4679 non
2773 4628 2895 4679 ost.

674 4725 851 4785 Nune
889 4722 994 4800 qui
1044 4732 1106 4783 et
1156 4724 1375 4801 quales
1420 4720 1659 4782 fuerint
1692 4722 2000 4801 episcopi,
2059 4741 2220 4801 quos
2275 4724 2628 4800 Gregorius
2684 4726 2747 4785 in
2808 4724 3203 4786 carminibus
3244 4724 3537 4799 exagitat,
3570 4730 3627 4784 et
3674 4742 3809 4804 qum

596 4828 789 4891 facies
836 4828 1139 4887 Ecclesia;
1190 4828 1385 4886 totius
1433 4826 1652 4899 fuerit,
1713 4828 1996 4887 dicamus
2030 4830 2125 4905 (ο).
2168 4827 2575 4888 Theodosius
2640 4845 2903 4903 magnus
2936 4843 3106 4887 anno
3159 4827 3278 4886 380
3322 4843 3500 4888 sacro
3534 4826 3701 4886 fonte
3730 4828 3806 4888 ab

594 4926 898 4991 Ascholio
928 4922 1486 4985 Thessalonicensi
1522 4923 1827 5001 episc0po
1863 4924 2167 4984 lustratus
2203 4947 2230 4979 α
2267 4942 2531 4985 aureum
2563 4926 2636 4986 ad
2668 4927 2972 5006 populum
3012 4930 3187 4992 urbis
3216 4930 3805 5006 ConstantinOpoli-

595 5037 755 5090 tante
790 5052 816 5082 ι
845 5029 1122 5087 edictuin
1160 5026 1359 5098 dedit,
1394 5043 1523 5105 quo
1570 5027 1838 5088 sancivit
1869 5049 1898 5083 α
1930 5027 2309 5106 judicandos
2346 5029 2843 5107 plectendosque
2892 5032 3260 5105 htereticos,
3297 5057 3326 5090 η
3379 5034 3490 5113 qui
3540 5056 3571 5091 α
3619 5051 3803 5113 quam

595 5126 878 5207 pontifex
911 5126 1221 5185 Damasus
1251 5124 1605 5202 Petrusque
1630 5126 2035 5187 Alexandriae
2064 5126 2406 5206 episcopus
2472 5131 2930 5206 sequebantur,
2964 5134 3149 5193 (idem
3184 5152 3307 5193 non
3343 5135 3800 5212 amplecteren-

593 5237 717 5292 tur.
739 5229 961 5289 »Τυυο
985 5226 1196 5308 itaque
1224 5230 1286 5290 in
1320 5230 1619 5307 palatium
1656 5235 1962 5295 redeunte
1993 5249 2065 5295 ac
2090 5232 2465 5295 dominante
2496 5232 2805 5296 catholica
2828 5235 2971 5309 fide,
2999 5237 3075 5299 ad
3108 5253 3243 5299 eam
3275 5254 3534 5316 quoque
3565 5240 3801 5304 rediere

661 5414 683 5446 ι
718 5414 887 5471 Levit.
924 5434 1033 5481 XIX,
1068 5417 1154 5472 i7.
1228 5417 1250 5450 ι
1284 5416 1388 5473 Tit.
1418 5432 1459 5482 I,
1489 5418 1574 5473 ta.
1676 5418 1698 5451 ³
1726 5418 1766 5474 ιι
1806 5392 1945 5474 Tim.
1973 5434 2034 5487 ιι,
2065 5420 2131 5475 n

592 5482 615 5516 ’
643 5485 659 5538 1
688 5486 829 5539 Tim.
860 5502 909 5554 ν,
939 5489 1029 5542 20.

2249 5462 2263 5487 ,
2294 5420 2346 5476 5.
2422 5424 2442 5454 ⁸
2468 5420 2533 5475 III
2576 5419 2731 5477 Joan.
2761 5423 2813 5479 9.
2890 5427 2909 5457 ⁷
2942 5424 2984 5479 ll
3018 5424 3159 5479 Petr.
3193 5441 3250 5488 ll,
3289 5424 3311 5479 1
3348 5441 3446 5495 sqq
3553 5425 3711 5481 ηαδ.
3744 5426 3794 5478 ι.

685 5683 737 5767 τι)
765 5682 1081 5767 ρίοοτικκμ
1108 5688 1374 5767 ίανη-,ο-ιίιξτ
1405 5707 1455 5753 ν.
1486 5707 1570 5761 ειν.
1602 5694 1685 5750 ιδ.
1727 5764 1764 5767 Α,
2022 5724 2032 5737 ο

2022 5724 2032 5737 ο
2317 5698 2397 5767 (ά)
2433 5700 2564 5767 Aug.
2592 5715 2751 5755 serm.
2784 5698 2905 5762 315,
2939 5711 3069 5752 tom.
3110 5694 3175 5761 V,
3206 5712 3255 5765 p.
3288 5697 3441 5751 1262.

682 5757 732 5840 θ)
761 5754 1053 5840 {ires-“ag
1084 5754 1549 5840 .gt3-_l7.lih._§Iv.
1572 5764 1794 5840 to;_u_.‘ll,
1816 5782 1941 5840 pag.
1972 5767 2127 5826 1280.
2252 5754 2393 5840 __(e)'
2419 5754 2717 5832 Socrulib.
2756 5785 2806 5829 v.
2852 5754 3175 5840 c._6;_Soz..
3206 5754 3316 5823 'lib.
3348 5784 3441 5833 ru,
3476 5782 3527 5827 c.
3562 5766 3595 5820 ’ἶ
3622 5785 3643 5840 ;,
3666 5763 3790 5823 Cod.

680 5834 729 5893 ρ)
751 5825 905 5893 Λιιε.1
931 5825 1089 5881 scrin.
1119 5830 1387 5895 3l7,toni.
1422 5830 1481 5899 ν,
1508 5849 1558 5903 ρ,
1597 5836 1748 5889 πετο.
1782 5825 1793 5833 -
1816 5825 1841 5837 τ
1889 5825 1923 5867 .,.
1983 5825 1986 5826 ,

2249 5825 2527 5906 Thracios”
2678 5842 2726 5908 Ι,
2763 5825 2861 5908 leg.
2893 5838 2949 5895 2.
2976 5825 3199 5893 ΌοίΙιθΓ.
3428 5825 3439 5833 ’
3515 5825 3522 5827 ν
3622 5825 3643 5841 ’⁷
3696 5862 3700 5927 ἐ
