3926 6410
219 396 283 457 il
1194 388 1565 453 PREFATIO
1605 382 2014 452 canamus.
2054 426 2124 436 -
2164 386 2340 450 rans
2382 394 2443 452 ιι.
3395 392 3465 448 1.9.

221 521 280 578 et
310 513 503 575 aulici
538 512 869 592 DNBStlleS,
904 511 1016 591 qui
1047 529 1121 572 ex
1160 512 1519 590 principum
1555 510 1766 573 favore
1807 519 2110 587 metuque
2143 510 2437 589 penduli,
2486 507 2659 569 omni
2695 504 2878 567 facile
2920 510 3105 565 vento
3156 503 3467 567 doctrinm

219 616 595 686 circumlati,
637 613 835 677 dubio
865 614 1078 676 animo
1110 623 1167 676 et
1207 615 1350 688 fide,
1391 624 1719 677 momento
1755 614 1769 674 l

1920 614 2073 677 illuc
2107 614 2655 693 impellebantur:
2702 634 2730 667 α
2769 609 3276 687 Μίεθιιδηίηᾳυὶῐ
3309 610 3466 672 Gre-

218 720 434 798 gorius
482 718 590 799 (a),
645 724 706 780 et
751 718 1169 781 abominanda
1212 720 1354 781 vitae
1414 719 1724 781 ludibria:
1759 721 1928 799 quod
1979 721 2162 782 ﬁdem
2199 721 2449 792 attinet,
2485 727 2727 800 partem
2768 719 2832 779 in
2867 724 3203 794 utramque
3240 717 3464 796 parati,

218 838 346 883 non
369 822 481 881 Dei
508 822 742 898 legum,
768 821 877 881 sed
913 828 1266 899 temporum
1288 822 1721 885 observantes.
1753 824 1971 903 Euripi
2001 824 2324 896 doctrinae,
2350 823 2495 885 hinc
2519 824 2668 884 inde
2711 823 3033 900 reciproce
3059 820 3464 890 ﬂuctuantes,

218 922 613 991 adulatores,
650 917 857 978 dulcia
893 918 1229 982 mulierum
1268 939 1532 995 venena,
1568 922 1783 1001 parvis
1829 922 2075 996 leones,
2109 930 2171 984 at
2212 940 2423 983 rerum
2463 923 2858 999 potientibus
2898 939 3110 983 canes.
3154 942 3182 977 »
3212 923 3282 1005 In
3334 941 3469 983 car-

218 1024 390 1085 mine
423 1023 506 1082 De
534 1020 662 1080 vita
694 1038 805 1079 sua
843 1041 871 1075 α
908 1020 1214 1085 aleatores
1247 1047 1275 1081 ››
1324 1031 1501 1088 vocat
1540 1025 1653 1087 hos
1693 1043 1768 1103 ep

1917 1044 2053 1104 pos,
2114 1024 2405 1088 κυϐισταί,
2460 1024 2970 1094 οῂδωωιθοηιεε,
3042 1021 3465 1092 χᾰιιαιλεόντων,

214 1126 307 1180 καὶ
339 1123 542 1195 τρόπον
575 1121 915 1175 πολυπόδων.
3224 1124 3225 1129 “

292 1230 483 1292 Tales
520 1227 830 1307 epiSCOpi,
890 1226 1003 1306 qui
1065 1227 1230 1289 inter
1286 1229 1560 1291 Arianos
1615 1236 1676 1291 et
1721 1228 2086 1292 Catholicos
2142 1230 2358 1299 medii,
2410 1226 2667 1303 utrique
2714 1224 2906 1303 parti,
2952 1243 3063 1304 pro
3108 1235 3465 1309 temporum

215 1328 491 1401 ratione,
542 1344 611 1387 se
664 1326 1098 1398 venditabant,
1133 1330 1210 1388 ab
1259 1328 1540 1390 Ecclesia
1597 1346 1742 1389 cum
1802 1331 2208 1407 episc0patus
2260 1326 2745 1406 dignitatisque,
2802 1343 2990 1403 quam
3028 1328 3464 1403 obtinuerant,

217 1432 461 1492 honore
507 1438 569 1491 et
600 1429 797 1507 gradu
831 1429 1137 1505 suscepti,
1172 1426 1612 1505 improborum
1649 1428 1776 1505 jam
1813 1427 2261 1506 epiSCOporum
2304 1427 2388 1487 ita
2430 1439 2770 1486 numerum
2806 1432 3138 1496 auxerant,
3179 1433 3245 1486 ut
3276 1426 3465 1487 bonis

216 1531 564 1609 episcopis,
598 1537 789 1606 atque
826 1528 1015 1589 etiam
1058 1529 1120 1588 in
1160 1527 1453 1589 conciliis
1501 1526 1848 1605 aliquando
1885 1529 2328 1605 praevalerent.
2384 1525 2551 1591 Hinc
2585 1523 2709 1583 illae
2762 1522 3078 1599 Gregorii,
3112 1525 3223 1603 qui
3256 1527 3463 1588 zelum

214 1649 272 1703 et
306 1638 819 1717 indignationem
859 1632 1185 1697 continere
1241 1646 1367 1689 non
1401 1629 1676 1701 valebat,
1702 1631 1894 1708 justae
1921 1631 2222 1709 querelae.
2257 1630 2425 1690 Hinc
2484 1641 2663 1689 suam
2704 1626 2932 1705 ipsius,
2970 1627 3064 1688 vel
3100 1646 3216 1690 suo
3253 1632 3465 1708 potius

214 1744 505 1817 nomine,
534 1742 923 1821 collegarum
964 1738 1025 1797 in
1064 1734 1424 1796 sacerdotio
1458 1733 1830 1795 facilitatem
1867 1733 1930 1794 in
1972 1731 2343 1811 hujusmodi
2379 1729 2701 1809 episcOpis
2737 1729 3148 1792 admittendis
3181 1731 3466 1809 deplorat

215 1842 311 1903 his
340 1843 553 1903 verbis
574 1838 654 1921 (ὑ)
678 1858 695 1900 ε
717 1866 740 1896 α
764 1841 1224 1919 Pr0posuimus
1245 1856 1398 1901 voce
1417 1837 1747 1916 pnmconis,
1768 1854 1880 1916 pro
1906 1837 2152 1898 foribus
2183 1834 2531 1897 sanctuarii
2558 1833 2863 1894 omnibus
2894 1832 3463 1897 denuntiavimus:

214 1944 619 2023 ingrediatur
673 1944 782 2020 qui
840 1944 1043 2015 volet,
1105 1942 1201 2002 bis
1267 1944 1435 2009 licet,
1493 1946 1600 1999 aut
1651 1940 1841 2000 etiam
1920 1937 2158 2016 saepius
2216 1937 2450 2003 tidem,
2506 1948 2617 2011 pro
2686 1932 3043 2004 occasione,
3099 1936 3463 1998 mutaverit.

212 2047 411 2106 Adest
445 2051 696 2119 tempus
737 2041 1195 2109 nundinarum,
1228 2053 1416 2099 nemo
1450 2038 1631 2097 abeat
1665 2035 1823 2096 nihil
1867 2044 2192 2113 operatus,
2218 2058 2246 2092 η
2282 2044 2402 2097 etc.

283 2143 610 2223 Quisquis
652 2141 786 2203 haec
830 2150 891 2201 et
935 2139 1050 2200 alia
1090 2138 1326 2200 similia
1376 2154 1438 2197 in
1479 2136 1622 2197 aliis
1657 2136 1950 2210 Gregorii
1996 2128 2388 2197 carminibus
2443 2133 2691 2210 legerit,
2731 2134 2781 2194 is
2835 2134 3115 2211 profecto
3152 2136 3468 2214 intelliget

212 2248 483 2325 quinam
542 2245 780 2305 fuerint
835 2243 1144 2321 episcopi,
1209 2242 1280 2303 de
1327 2239 1561 2319 quibus
1607 2247 1815 2301 tacere
1867 2256 1994 2301 non
2051 2239 2350 2318 potuerit,
2387 2254 2503 2299 nec
2553 2236 2870 2299 debuerit.
2907 2239 3303 2302 Excusandte
3341 2248 3462 2301 tam

215 2350 616 2421 praepostera
666 2341 1038 2417 benignitati
1090 2359 1161 2403 ac
1202 2340 1483 2402 facilitati
1536 2341 1690 2402 tales
1734 2340 2071 2417 episc0pos
2120 2338 2996 2411 admittendi,Alexandrinae
3024 2343 3257 2417 synodi
3298 2359 3465 2403 anno

210 2446 329 2507 362
381 2444 638 2515 habitm,
694 2443 789 2502 vel
844 2448 1013 2502 certe
1056 2439 1390 2501 Athanasii
1437 2440 1514 2500 de
1570 2439 1957 2514 recipiendis
1994 2438 2308 2502 haereticis
2339 2438 2666 2500 decretum
2703 2442 2922 2515 procul
2973 2442 3173 2502 dubio
3200 2451 3467 2520 praeten-

212 2550 479 2612 debant.
517 2549 779 2615 Verum,
824 2553 889 2606 ut
944 2548 1243 2606 observat
1301 2543 1646 2604 Annalium
1704 2543 2255 2605 eminentissimus
2315 2558 2579 2621 parens,
2643 2542 3102 2606 Alexandrinis
3164 2547 3462 2609 Patribus

211 2668 498 2727 «magna
540 2650 723 2723 ratio,
760 2647 931 2727 quod
980 2647 1313 2724 multiplex
1362 2646 1643 2717 illorum,
1674 2669 1703 2702 »
1744 2646 1855 2725 qui
1909 2646 2105 2724 recipi
2144 2645 2561 2724 jubebantur,
2605 2646 3051 2724 episcoporum
3102 2667 3467 2712 «numerus

210 2762 414 2828 esset,
452 2754 568 2833 qui
606 2754 671 2814 in
705 2751 976 2814 concilio
1005 2773 1033 2806 υ
1067 2750 1490 2822 Ariminensi,
1525 2751 1619 2811 vel
1657 2750 2042 2822 nescientes,
2076 2752 2168 2811 vel
2222 2750 2447 2823 coacti,
2483 2750 2738 2811 Arianis
2770 2760 3269 2819 consenserant;
3305 2749 3461 2828 ἱρεία-

208 2873 365 2935 que,
407 2855 523 2934 qui
574 2854 651 2916 ab
704 2852 960 2914 Arianis
1010 2851 1300 2928 partibus
1355 2858 1486 2911 tum
1548 2851 1861 2926 redibant,
1916 2853 2166 2913 sincero
2226 2854 2510 2915 veritatis
2561 2868 2778 2915 amore
2837 2851 3122 2927 odioque
3163 2853 3463 2927 perfidiae,

208 2959 459 3034 quippe
492 2954 603 3033 qui
641 2953 765 3013 sub
798 2950 1057 3011 Juliano
1103 2952 1404 3028 Apostata
1424 2950 1503 3011 ad
1536 2949 1856 3011 idadduci
1889 2948 2287 3012 videbantur.
2326 2952 2657 3023 Praeterea,
2694 2959 2759 3013 ut
2791 2952 3336 3031 aitHieronymus
3360 2958 3463 3035 (ο),

211 3077 240 3111 ι
270 3055 426 3116 huic
448 3068 760 3115 assensus
792 3058 885 3112 est
924 3048 1277 3126 Occidens;
1310 3057 1369 3112 et
1403 3069 1514 3129 per
1545 3058 1668 3110 tam
1707 3050 2138 3113 necessarium
2198 3052 2569 3127 concilium,
2606 3057 2849 3122 Satanae
2883 3060 3176 3124 faucibus
3210 3074 3466 3143 ereptus

206 3162 298 3214 est
344 3152 656 3215 mundus.
689 3173 719 3207 ι

282 3255 514 3332 Longe
550 3269 698 3313 vero
731 3252 946 3331 dispar
977 3252 1135 3313 ratio
1166 3250 1286 3312 sub
1319 3251 1707 3321 Theodosio,
1761 3251 2011 3330 aliaque
2047 3253 2345 3315 Ecclesiae
2389 3253 2607 3317 facies.
2643 3260 2734 3320 Ex
2788 3262 2867 3322 iis
2907 3259 3080 3323 enim
3118 3265 3465 3345 episcopis,

208 3356 315 3433 qui
353 3372 474 3434 spe
524 3355 620 3416 vel
678 3362 846 3415 metu
902 3352 1221 3425 redibant,
1274 3350 1565 3429 plerique
1599 3366 1822 3411 omnes
1875 3351 1952 3411 ab
2005 3350 2286 3426 Arianis,
2323 3354 2695 3416 Constantio
2730 3367 3002 3432 mortuo,
3037 3361 3465 3441 desciverant,

211 3457 589 3533 iisdemque
654 3454 885 3514 iterum
954 3467 1098 3511 sese
1156 3448 1575 3528 adjumerant
1634 3447 1752 3508 sub
1820 3448 2102 3522 Valente,
2162 3448 2313 3510 «bis
2377 3468 2448 3512 ac
2501 3453 2819 3530 saepius,»
2856 3465 2924 3518 ut
2974 3461 3461 3539 aitGregorius,

208 3562 461 3620 «tidem
508 3565 846 3628 mutantes,
884 3563 943 3616 et
976 3555 1254 3615 alearum
1307 3554 1581 3627 instar,»
1617 3561 1725 3613 aut
1771 3553 2105 3613 arundinis
2152 3563 2476 3616 momento
2520 3561 2774 3621 versati.
2825 3563 3001 3626 Unde
3048 3567 3318 3629 facilitas
3355 3570 3463 3632 illa

208 3664 559 3741 episcOpos
598 3660 808 3739 lapsos
867 3657 1248 3736 recipiendi,
1280 3675 1445 3737 quae.
1504 3659 1901 3736 Hieronymo
1958 3665 2116 3719 teste
2148 3656 2262 3739 (ἀ),
2304 3662 2474 3721 laudi
2531 3664 2882 3727 Athanasio
2920 3676 3271 3748 quondam,
3312 3675 3465 3737 vitio

207 3761 585 3836 probroque
624 3764 774 3818 tunc
825 3757 968 3817 data
1022 3764 1115 3817 est
1160 3758 1340 3817 Petro
1372 3756 1804 3818 Alexandrino
1861 3757 2142 3835 prmsuli.
2187 3782 2211 3813 «ι
2246 3760 2475 3820 Prmsto
2502 3782 2530 3815 υ
2572 3761 2629 3820 ei
2663 3765 2964 3840 concilio,
3017 3768 3229 3847 inquit
3262 3772 3461 3834 Baro-

206 3858 358 3918 nius
425 3857 502 3936 (te)
546 3857 623 3917 de
652 3855 930 3916 concilio
965 3859 1245 3933 generali
1288 3857 2002 3937 ConstantinOpolitano
2036 3860 2242 3938 primo
2277 3862 2576 3940 loquens,
2614 3885 2641 3917 α
2668 3852 2929 3926 fuerunt
2965 3868 3180 3945 plures
3213 3889 3289 3933 ex
3314 3874 3463 3952 illis,

204 3963 315 4038 qui
377 3968 598 4033 antea,
634 3958 918 4023 Valentis
982 3964 1286 4032 tempore,
1340 3956 1544 4034 pulsis
1577 3956 1978 4030 orthodoxis,
2032 3957 2415 4018 Arianorum
2451 3956 2692 4030 favore,
2727 3973 3024 4026 vacantes
3062 3966 3250 4029 sedes
3284 3986 3467 4033 acce-

207 4070 465 4140 perant.
529 4062 609 4122 Hi
667 4061 837 4123 enim
896 4057 1164 4135 tempori
1220 4056 1671 4129 inservientes,
1725 4056 1846 4118 sub
1897 4054 2210 4118 catholico
2268 4056 2654 4136 imperatore
2707 4075 2888 4138 aeque
2944 4063 3269 4127 catholicas
3319 4068 3467 4131 ﬁdei

201 4160 592 4224 defensores
637 4178 705 4221 se
740 4160 1091 4237 praebuere,
1135 4178 1276 4222 cum
1310 4166 1491 4222 antea
1528 4161 1623 4221 vel
1678 4162 1874 4238 gratia
1918 4162 2148 4222 dueum
2215 4162 2559 4231 exercitus,
2599 4162 2690 4222 vel
2735 4164 2955 4228 favore
3011 4170 3281 4233 aliorum
3339 4192 3468 4236 ma-

201 4266 633 4344 gistratuum,
670 4262 733 4323 in
794 4265 1233 4341 episcotiatum
1290 4263 1552 4326 omnino
1609 4265 1751 4327 licet
1812 4265 2064 4342 indigni
2112 4264 2540 4327 nihilominus
2598 4267 3032 4346 irrepsissent.
3078 4273 3169 4333 De
3222 4277 3464 4354 quibus

202 4371 525 4431 omnibus
563 4368 771 4429 fusius
822 4369 961 4447 ipse
1021 4371 1366 4449 Gregorius
1420 4371 1890 4432 Nazianzenus.
1924 4394 1953 4426 »
1982 4371 2128 4432 Haec
2185 4369 2524 4445 Baronius,
2565 4372 2703 4450 qui,
2732 4379 3293 4455 expressaxborum
3331 4386 3465 4463 epi-

198 4495 561 4560 sceporum
605 4479 905 4557 imagine,
958 4480 1050 4542 sie
1111 4481 1521 4560 prosequitur
1554 4479 1628 4558 (Γ)
1668 4503 1684 4542 :
1725 4479 2108 4557 «Intelligis,
2172 4486 2349 4555 puto,
2397 4480 2645 4557 quales,
2695 4478 2980 4556 exceptis
3020 4479 3265 4557 paucis,
3317 4491 3465 4545 tunc

199 4593 353 4642 esse
393 4579 680 4641 solerent
714 4579 997 4659 episcopi
1028 4581 1375 4643 Orientalis
1425 4583 1768 4651 Ecclesim;
1829 4584 2154 4658 quomodo
2207 4585 2393 4645 tidem
2449 4585 2688 4646 habere
2724 4586 3176 4650 consueverint
3215 4604 3328 4665 pro
3361 4608 3465 4651 ra-

201 4684 389 4748 tione
427 4685 735 4764 temporis
789 4686 1113 4757 mobilem,
1176 4693 1235 4748 et
1290 4686 1553 4748 nonnisi
1586 4687 1657 4747 ad
1698 4686 2011 4765 privatum
2047 4689 2455 4750 commodum
2490 4688 3050 4751 accommodatam.
3084 4688 3283 4766 Cujus
3314 4692 3465 4768 qui-
3505 4741 3509 4748 .

196 4786 349 4847 dem
392 4785 489 4847 rei
529 4801 659 4846 non
693 4786 1043 4864 Gregorius
1069 4790 1403 4861 duntaxat,
1440 4792 1551 4851 sed
1578 4796 1635 4849 et
1669 4790 1946 4851 Basilius
1978 4792 2107 4852 suis
2141 4791 2398 4869 scriptis
2429 4792 2714 4870 locuples
2746 4792 2925 4853 testis
2958 4791 3217 4864 accedit,
3251 4801 3317 4852 ut
3346 4810 3466 4855 suo

198 4888 341 4953 loco
382 4890 692 4967 superius
747 4898 839 4951 est
872 4892 1455 4955 demonstratum.»
1489 4893 1669 4954 Alios
1724 4894 1887 4954 bene
1946 4893 2179 4954 multos
2245 4894 2560 4957 adhibere
2600 4901 2819 4961 testeS.
2868 4892 3143 4951 maxime
3194 4891 3467 4972 Chryso-

195 5000 497 5053 stomum
539 4998 598 5052 et
632 4987 1128 5072 Hieronymum,
1170 5001 1411 5071 poterat
1460 4994 1815 5063 Baronius;
1850 4993 1985 5071 qui,
2024 5000 2358 5073 postquam
2392 4994 2882 5072 narravitquam
2942 4992 3105 5053 male
3137 5000 3327 5070 atque
3360 4994 3468 5053 in—

194 5093 405 5170 digne
442 5090 821 5169 Gregorium
856 5092 1195 5155 habuerint
1231 5115 1245 5154 :
1279 5095 1419 5154 «Ex
1452 5093 1577 5170 his,
1629 5092 1842 5172 inquit
1893 5094 2000 5172 (g),
2046 5094 2219 5156 disce
2252 5094 2400 5169 alia,
2433 5111 2663 5174 nempe
2715 5111 2907 5174 quam
2943 5112 3087 5155 vera
3148 5095 3276 5156 sint
3320 5082 3465 5176 qum

194 5193 261 5250 in
299 5192 542 5253 eodem
573 5192 922 5268 Gregorius
969 5193 1369 5271 conscripsit.
1398 5216 1425 5249 η

274 5287 354 5349 Id
394 5287 662 5366 quidem
692 5289 936 5366 Optime
966 5295 1027 5349 et
1059 5290 1348 5368 apposite
1385 5294 1609 5351 auctor
1642 5288 2218 5353 einentissimus.
2255 5293 2407 5355 Nam
2439 5296 2675 5374 palam,
2714 5300 2876 5363 vivis
2942 5300 3073 5362 illis
3106 5310 3165 5363 et
3202 5304 3465 5366 audien-

295 5594 353 5663 a)
383 5592 570 5648 Carm.
608 5593 661 5658 l,
686 5591 846 5657 Toll.,
876 5607 927 5647 v.
957 5592 1213 5647 334-538.

266 5596 349 5735 3b)
376 5664 604 5735 Qarmd
646 5664 718 5735 De
745 5665 847 5735 uita
874 5681 991 5735 sua,
1029 5679 1080 5717 ν.
1111 5663 1291 5735 17-2Ἰ.

1002 5593 1213 5647 ansas.
1967 5589 2043 5657 (ά)
2074 5588 2267 5644 Chron.
2306 5606 2395 5649 an.
2427 5593 2552 5650 574.

1029 5679 1080 5717 ν.
1111 5663 1291 5735 17.9.7.
1966 5660 2035 5735 (ς)
2061 5662 2176 5735 ᾼιε.Δ
2207 5662 2384 5734 351,5
2415 5664 2505 5718 ea.

293 5660 349 5734 ὁ)
376 5664 604 5734 Carmd
647 5664 718 5716 De
745 5665 847 5734 uita
874 5681 991 5728 sua,
1029 5679 1080 5717 ν.
1111 5663 1291 5734 17-27.
1966 5660 2035 5734 (ς)
2061 5662 2163 5734 Au.
2207 5662 2330 5728 581,
2358 5662 2384 5734 §
2415 5664 2505 5718 22.

266 5667 349 5806 (b;
376 5667 604 5718 Carm.‘l
647 5667 718 5716 De
745 5667 847 5715 vita
874 5681 991 5728 sua,
1029 5679 1080 5717 ν.
1111 5667 1291 5716 17-ΞΠ.
1966 5667 2035 5731 (e)
2061 5667 2163 5713 An.
2207 5667 2216 5714 ξ

385 5733 537 5789 Dial.
585 5733 705 5787 adv.
750 5732 931 5802 Lucil“.
963 5772 976 5796 ,
1022 5744 1150 5788 tom.
1193 5732 1281 5799 IV,
1334 5742 1473 5803 part.
1524 5748 1601 5807 tl,
1658 5747 1779 5857 pag.

538 5898 803 5958 Pnaou
832 5898 924 5993 Gn
982 5898 1247 5959 XXXV.

2634 5950 2649 5961 κ
3120 5904 3158 5965 2
