3926 6410
458 385 534 443 45
1056 388 1057 391 ‘
1445 369 1812 425 PREFATIO
1850 368 2262 425 GENERALIS.
2308 399 2377 409 —-
2415 367 2597 423 PARS
2636 368 2704 423 ll.
3645 372 3714 426 η

464 504 661 573 tibus,
701 504 878 561 vates
914 489 1360 555 sanctissimus
1396 504 1542 547 vera
1603 505 1672 549 se
1734 487 1948 548 dicere
2016 488 2345 562 professus
2399 492 2494 545 est
2540 500 2656 546 nec
2713 498 3055 561 quisquam
3100 499 3296 543 ausus
3329 489 3425 544 est
3460 492 3712 548 contra-

465 602 679 663 dicere
705 620 721 659 ι
751 597 839 663 Ὧς
865 591 1070 666 σφόδρα
1107 586 1346 662 χρώμεθ’
1375 584 1613 652 ἀναξίοις
1640 588 1753 650 τοῖς
1786 586 2153 658 προπάτωςί
2185 585 2420 656 Βοήσομ*
2450 583 2510 636 οὐ
2539 581 2708 653 ψευδῆ
2748 580 2864 652 μὲν,
2898 580 2997 651 οὐχ
3025 580 3219 650 ἥδιστα
3245 580 3303 635 δέ
3327 580 3427 653 (α).
3464 607 3492 638 α
3513 582 3717 656 Quam
3816 600 3821 609 '

465 697 768 776 indignos
806 693 1114 755 habemus
1160 687 1512 749 antistites!
1555 686 1833 749 Elatiore
1878 687 2139 765 quidem
2181 702 2331 748 voce
2362 684 2597 757 dicam,
2632 697 2759 743 non
2797 680 2954 743 falsa
3006 683 3295 761 quidem,
3328 684 3439 745 sed
3482 684 3711 746 auditu

468 798 979 880 nonjucunda.»
1019 792 1079 855 Si
1125 802 1269 852 vera
1306 785 1437 846 hmo
1470 793 1643 857 sunt,
1677 791 1743 844 ut
1781 802 1923 846 vera
1962 801 2104 846 esse
2132 790 2419 857 constat;
2459 781 2606 858 quis
2644 787 2764 840 tam
2804 782 3042 855 gravia,
3083 788 3206 844 tam
3257 790 3471 860 aperta
3500 783 3720 845 Eccle-

470 903 583 964 sia:
610 900 836 981 probra
871 902 1059 973 atque
1104 885 1428 956 scandala,
1459 884 1930 962 simpliciorum
1969 884 2308 963 dispendio
2345 892 2403 944 et
2432 880 2720 961 periculo
2770 881 3144 955 animarum,
3191 886 3449 942 tacenda
3497 882 3724 945 audeat

469 980 803 1066 asserere?
831 995 1049 1072 Quid?
1081 988 1255 1070 quod
1293 984 1494 1048 multo
1530 984 1778 1062 pejores
1809 984 2020 1046 adhuc
2061 980 2395 1057 erantilli,
2436 984 2513 1045 de
2544 983 2785 1061 quibus
2826 982 3112 1061 loquitur
3143 983 3538 1059 Gregorius?
3566 983 3719 1046 Nam

471 1107 550 1166 ne
586 1103 666 1162 iis
702 1095 1048 1175 Gregorius
1109 1088 1417 1169 pleraque
1480 1089 1666 1146 tacet.
1703 1078 2047 1158 Maximus,
2089 1087 2197 1163 qui
2238 1102 2395 1147 cane
2455 1085 2632 1163 pejor
2685 1092 2746 1146 et
2776 1101 3013 1162 angue,
3045 1100 3116 1142 ac
3150 1083 3365 1159 vipera
3402 1082 3721 1156 fabulosa,

473 1216 615 1279 quae
645 1213 712 1258 se
743 1194 1069 1258 foventem
1112 1188 1175 1247 in
1211 1183 1357 1246 sinu
1391 1181 1706 1252 enecavit,
1739 1199 1964 1244 omnes
1998 1181 2184 1245 facile
2217 1184 2599 1257 sceleribus,
2658 1184 2869 1265 iisque
2928 1184 3231 1263 publicis,
3267 1193 3326 1247 et
3382 1184 3726 1262 impuden-

470 1300 558 1362 tia
602 1296 968 1378 superabat.
1013 1288 1135 1367 ipsi
1192 1304 1319 1349 non
1382 1287 1735 1351 difﬁtentur
1784 1291 2160 1353 adversarii.
2196 1293 2372 1355 Unde
2431 1293 2645 1355 mirari
2706 1296 2905 1366 subit,
2947 1311 3060 1358 cur
3110 1297 3384 1368 Tollius,
3422 1296 3533 1376 qui
3572 1294 3724 1357 huic

472 1416 760 1467 monstro
823 1399 1130 1481 parcitum
1205 1392 1438 1465 vellet,
1490 1391 1731 1456 Iuliani
1788 1396 2107 1473 Apostataa
2170 1414 2297 1458 non
2347 1398 2533 1459 etiam
2588 1407 2801 1460 contra
2860 1397 3233 1477 Gregorium
3283 1396 3724 1459 defensionem

472 1525 671 1571 ausus
708 1505 791 1567 sit
830 1506 1179 1583 suscipere.
1216 1502 1478 1573 Verum,
1516 1502 1689 1581 quod
1723 1519 1919 1564 ausus
1952 1519 2078 1564 non
2116 1512 2208 1565 est
2240 1504 2516 1577 Tollius,
2551 1506 2743 1566 audet
2776 1498 3070 1577 clericus,
3120 1504 3288 1582 quod
3329 1500 3562 1563 mirum
3594 1517 3723 1562 non

474 1616 605 1681 est;
638 1609 767 1668 imo
811 1623 845 1667 e
890 1605 1263 1678 Catholicis,
1313 1608 1485 1682 quod
1523 1606 1889 1670 luctuosum
1933 1608 2136 1683 valde,
2189 1614 2339 1670 sunt
2379 1609 2700 1683 nonnulli,
2756 1626 3030 1688 quorum
3075 1606 3321 1669 nomini
3364 1621 3578 1683 parco,
3611 1603 3725 1683 qui

476 1708 795 1786 Apostatze
825 1704 1134 1765 adversus
1167 1705 1566 1782 Theologum
1606 1706 2111 1785 patrocinentur,
2151 1717 2342 1788 atque
2379 1709 2620 1772 Juliani
2658 1711 2880 1773 laudes
2934 1708 3273 1787 praedicare
3323 1723 3448 1769 non
3493 1720 3726 1768 veren—

478 1822 600 1873 tur.

554 1933 777 1997 Plures
809 1931 999 1995 etiam
1041 1949 1119 1995 ex
1170 1931 1545 1996 orthorloxis
1580 1937 1905 2016 epiSCOpis
1947 1938 2123 1999 vitiis
2157 1939 2455 2017 gravibus
2479 1939 2866 2013 laborantes,
2900 1950 3172 2016 quorum
3228 1930 3562 1992 minimum
3596 1934 3726 1991 erat

478 2034 923 2113 «ignorantia,
959 2048 1101 2112 qum
1148 2030 1407 2111 quidem
1445 2035 1573 2112 ipsa
1630 2040 1863 2097 malum
1899 2044 1989 2097 est
2024 2062 2028 2094 ;

2175 2084 2187 2105 ,
2213 2036 2403 2105 ἄγνοια
2434 2038 2543 2110 γὰρ
2573 2036 2741 2093 κακὸν
2767 2037 2887 2109 μὲν,
2925 2034 3037 2089 ἀλλ’
3064 2028 3230 2105 ἧσσον
3259 2027 3445 2083 κακόν·
3476 2028 3589 2107 qui
3624 2032 3724 2090 vix

464 2135 794 2215 «baptismo
829 2133 1184 2212 expurgati,
1206 2155 1235 2188 α
1264 2134 1473 2211 priora
1507 2135 1681 2209 vitia,
1706 2159 1733 2192 ››
1757 2138 1832 2217 (ιτ)
1864 2135 1934 2191 τὰ
1967 2158 2014 2206 πη

2176 2141 2300 2206 ῑκά,
2340 2144 2603 2206 virtutes
2644 2144 2850 2205 nullas
2884 2143 2959 2204 ad
3023 2142 3455 2220 episcopatum
3498 2135 3726 2196 alfere-

465 2237 649 2297 bant.
686 2236 776 2295 De
818 2235 919 2295 his
968 2233 1060 2295 sic
1110 2233 1298 2295 habet
1344 2238 1692 2315 Gregorius
1729 2240 1816 2319 (d)
1854 2262 1868 2300 :
1902 2264 1930 2297 α
1957 2243 2152 2304 Pudet
2213 2263 2311 2305 me
2369 2245 2631 2322 quidem
2672 2245 2888 2306 dicere
2945 2260 3076 2322 quo
3134 2249 3313 2321 pacto
3353 2256 3454 2301 res
3496 2245 3730 2299 nostra

472 2337 853 2409 comparatae,
889 2330 1041 2401 sint,
1080 2328 1191 2391 sed
1228 2349 1443 2394 canam
1495 2344 1727 2397 tamen.
1770 2338 1843 2415 (ε)
1876 2336 2036 2400 Cum
2072 2341 2345 2403 ordinati
2380 2344 2845 2423 constitutique
2870 2344 3076 2407 simus
3112 2344 3368 2406 virtutis
3406 2343 3728 2410 doctores,

463 2436 767 2497 omnium
822 2435 1131 2495 malorum
1185 2429 1434 2493 olIicina
1492 2448 1739 2495 sumus.
1773 2436 1845 2516 (Γ)
1883 2438 2169 2501 Antistes
2220 2441 2394 2503 facili
2458 2453 2782 2506 momento
2818 2446 3159 2523 reperitur,
3194 2444 3303 2524 qui
3344 2441 3499 2503 nihil
3539 2447 3724 2501 antea

472 2541 868 2620 praestiterit,
910 2548 969 2600 et
1007 2537 1291 2600 novitius
1349 2537 1422 2599 ad
1482 2539 1857 2616 dignitatem
1898 2545 2179 2607 accedat.
2217 2548 2298 2626 (gi
2334 2548 2456 2610 Res
2490 2548 2727 2611 divinm
2765 2550 2954 2611 modo
2993 2546 3379 2625 suntjactus
3416 2542 3727 2607 alearum.

479 2639 1023 2715 cuborumque....
1063 2636 1144 2716 (ἡ)
1178 2636 1327 2700 Heri
1387 2640 1656 2701 oratoris
1694 2659 1956 2706 munere
1990 2644 2288 2724 fungens,
2314 2648 2423 2726 jus
2468 2648 2693 2728 fasque
2745 2650 2968 2713 venale
3016 2647 3422 2709 habebas.....
3461 2641 3530 2725 (ἰ)
3565 2657 3732 2703 nunc

480 2744 695 2800 autem
727 2736 942 2797 subito
960 2734 1173 2814 judex
1205 2742 1266 2798 et
1294 2737 1515 2799 Daniel
1567 2738 1768 2801 factus
1826 2760 2025 2805 es.....
2066 2741 2140 2824 (ί)
2173 2746 2262 2807 Ne
2321 2747 2771 2809 vestimentum
2807 2749 3066 2827 quidem
3106 2760 3229 2813 tam
3263 2750 3446 2811 facile
3480 2755 3729 2810 mutare

481 2839 627 2919 quis
662 2842 876 2913 queat,
912 2844 978 2896 ut
1012 2843 1074 2897 tu
1110 2850 1320 2896 mores
1353 2845 1690 2900 mutas.....
1726 2839 1804 2917 (k)
1837 2840 1986 2902 Heri
2033 2842 2253 2903 Simon
2310 2845 2531 2922 Magus
2566 2863 2730 2918 eras,
2765 2846 2955 2911 hodie
3011 2850 3229 2913 Simon
3288 2852 3535 2911 Petrus.
3588 2846 3727 2907 Heu

473 2941 742 3003 nimiam
781 2939 1210 3003 celeritatem!
1244 2939 1430 3000 Heul
1468 2956 1579 3018 pro
1613 2943 1945 3021 vulpecula
1979 2944 2080 3006 leo
2117 2946 2413 3024 prodisti.
2439 2970 2467 3004 :-
2500 2948 2549 3008 li
2584 2957 2734 3010 sunt
2770 2950 3060 3031 episeOpi
3097 2951 3175 3011 de
3212 2948 3450 3028 quibus
3483 2948 3548 3009 in
3584 2964 3731 3010 car-

476 3041 657 3104 mine
710 3041 796 3101 De
831 3040 963 3101 vita
1000 3058 1115 3099 sua
1162 3038 1379 3100 scribit
1427 3037 1533 3120 (l):
1574 3042 1755 3104 «Hoc
1797 3044 2251 3106 brevissimum
2309 3046 2443 3108 dari
2483 3056 2689 3124 potest
2724 3058 3129 3129 praeceptum,
3186 3056 3250 3111 et
3299 3050 3612 3128 Optimum
3648 3063 3729 3109 ne

482 3142 685 3204 salute
717 3140 970 3204 excidas
1001 3142 1483 3215 documentum,
1525 3150 1590 3204 ut
1624 3162 1744 3223 qua
1800 3143 1891 3206 illi
1934 3156 2245 3224 praeeunt,
2285 3165 2365 3209 ne
2409 3150 2700 3228 sequaris
2733 3168 2748 3209 :
2785 3167 3056 3230 quorum
3098 3149 3366 3212 thronus
3403 3156 3730 3213 accusator

483 3246 580 3303 est
614 3256 907 3313 morum;
945 3244 1006 3301 et
1042 3237 1305 3301 cancelli
1342 3248 1534 3319 atque
1568 3245 1981 3322 supercilium
2021 3245 2234 3324 potius
2267 3264 2457 3327 quam
2504 3249 2625 3311 vita
2662 3249 2777 3312 hos
2820 3269 2854 3311 a
2886 3252 3069 3330 plebe
3098 3261 3462 3316 secernunt.
3492 3276 3520 3310 ››
3559 3254 3729 3316 Hor-

476 3341 616 3404 rida
669 3359 823 3403 sane
862 3340 991 3402 haec
1022 3348 1351 3420 pastorum
1385 3345 1580 3428 hujus
1612 3353 1920 3430 temporis
1963 3353 2209 3431 imago;
2244 3371 2409 3434 quos
2440 3373 2512 3418 ea
2552 3364 2795 3419 tantum
2832 3359 3076 3425 ratione
3109 3363 3296 3425 utiles
3336 3360 3733 3425 dicitEccle-

482 3446 593 3509 site
617 3445 987 3523 Gregorius,
1019 3452 1110 3518 ut,
1149 3465 1277 3525 quo
1310 3468 1438 3515 non
1478 3455 1762 3519 eundum
1797 3459 1907 3532 sit,
1941 3476 2163 3521 eorum
2218 3461 2513 3539 exemplo
2544 3461 2763 3525 fideles
2794 3472 3166 3543 agnoscant.

558 3576 955 3653 Eligantjam
1000 3592 1171 3636 nunc
1200 3576 1569 3639 adversarii.
1605 3578 1719 3640 Vel
1782 3577 1914 3641 hmc
1948 3578 2095 3642 falsa
2148 3598 2289 3648 esse
2347 3583 2641 3663 probent,
2678 3588 2775 3649 vel
2835 3590 3219 3651 contendant
3271 3609 3342 3653 ea
3407 3607 3532 3651 non
3589 3606 3734 3654 esse

480 3676 882 3757 hujusmodi,
917 3693 1061 3756 qum
1097 3676 1226 3738 acri
1260 3684 1319 3739 et
1359 3679 1613 3757 publica
1669 3680 1860 3742 etiam
1925 3684 2441 3760 reprehensione
2484 3690 2677 3767 digna
2739 3690 3118 3769 videantur;
3154 3693 3279 3769 vel,
3312 3697 3366 3756 si
3399 3711 3549 3757 vera
3586 3710 3733 3757 esse

480 3782 825 3856 fateantur,
866 3777 1036 3859 quod
1074 3779 1335 3859 quidem
1374 3777 1695 3840 fateantur
1733 3798 1996 3845 necesse
2033 3793 2152 3857 est,
2188 3787 2531 3850 ostendant
2562 3808 2595 3850 a
2628 3790 2888 3852 nemine
2935 3807 3240 3871 unquam,
3284 3811 3364 3857 ne
3394 3793 3657 3873 quidem
3697 3809 3735 3854 a

483 3886 875 3968 pastoribus,
914 3885 1101 3946 etiam
1168 3883 1511 3961 episcOpis,
1550 3884 1635 3946 ita
1673 3884 1934 3962 debere,
1965 3897 2074 3950 aut
2135 3907 2347 3969 posse,
2401 3892 2599 3958 illmsa
2665 3894 2993 3966 charitate,
3040 3894 3345 3971 exagitari
3384 3917 3399 3955 :
3434 3894 3604 3972 quod
3637 3910 3739 3959 sa-

483 3986 608 4049 cris
659 3984 999 4063 Scripturis
1053 3983 1452 4056 adversatur,
1510 3992 1572 4046 et
1628 3983 1922 4048 fraternae
1980 3992 2401 4053 correctionis
2451 4006 2844 4073 praeceptum
2911 3996 3165 4059 evertit.
3220 3995 3524 4057 Salutaris
3559 4010 3735 4055 enim

485 4088 691 4171 pudor
744 4102 1206 4163 nonnunquam
1250 4085 1687 4159 incutiendus,
1722 4094 1782 4148 et
1836 4099 2167 4168 peccantes
2226 4094 2616 4173 cOrripiendi
2676 4104 2857 4168 sunt,
2890 4103 3021 4158 tum
3060 4103 3353 4179 promite
3415 4100 3732 4178 ipsorum,

486 4206 621 4256 tum
658 4193 878 4255 salutis
927 4206 1146 4254 eorum
1178 4205 1393 4259 causa,
1426 4202 1588 4266 quos
1621 4188 1955 4262 scandatis,
1990 4209 2177 4268 prava
2214 4194 2526 4269 doctrina,
2583 4196 2924 4276 pravisque
2969 4201 3279 4278 exemptis
3314 4200 3731 4279 pessundant.

486 4298 733 4373 «Quasi
792 4302 964 4369 tuba,
1008 4295 1096 4357 ait
1152 4294 1473 4371 Scriptura
1505 4290 1571 4364 “,
1629 4294 1835 4355 exalto
1874 4311 2093 4357 vocem
2161 4305 2356 4374 tuam,
2393 4308 2454 4362 et
2512 4302 2827 4363 annuntia
2888 4302 3126 4382 pOpuIO
3161 4317 3301 4362 meo
3339 4299 3575 4361 scelera
3625 4315 3738 4360 eo-

485 4422 656 4473 rum,
689 4411 752 4465 et
781 4401 999 4464 domui
1024 4399 1217 4462 Jacob
1254 4404 1503 4479 peccata
1540 4415 1789 4461 eorum.
1827 4420 1855 4455 ιο
1888 4402 2035 4462 Reis
2076 4420 2225 4480 ergo
2264 4407 2702 4469 annuntianda
2742 4412 2894 4469 sunt
2928 4413 3179 4486 peccata
3211 4405 3575 4484 ;justaque,
3615 4420 3734 4463 ne-

484 4509 758 4570 cessaria
789 4515 850 4570 et
897 4513 1111 4568 sancta
1144 4502 1500 4581 indignatio
1537 4509 1599 4564 et
1637 4502 1975 4565 verborum
2005 4506 2398 4582 acrimonia;
2429 4525 2542 4569 nec
2573 4509 2931 4589 injuriosus
2973 4515 3035 4571 et
3086 4504 3593 4570 contumeliosus
3631 4513 3730 4568 est

488 4610 844 4684 habendus,
875 4610 986 4689 qui
1020 4608 1198 4670 duris
1231 4614 1290 4670 et
1326 4606 1652 4684 probrosis
1685 4608 2237 4686 increpationibus
2290 4620 2654 4689 peccatores
2692 4620 2970 4677 coercet.

567 4730 666 4792 An
706 4745 858 4794 vero
882 4729 1251 4808 Gregorius,
1289 4729 1809 4808 Cltrysostomus,
1846 4737 1906 4791 et
1940 4729 2050 4792 alii
2112 4732 2349 4810 passim
2390 4736 2509 4796 viri
2545 4737 2772 4812 sancti,
2809 4753 2935 4800 non
2969 4747 3302 4813 noverant,
3338 4755 3479 4817 quae
3509 4736 3613 4798 illa
3647 4734 3733 4796 sit

483 4832 816 4901 acerbitas,
859 4849 1048 4910 quam
1116 4830 1407 4892 Christus
1466 4830 1745 4903 damnat,
1805 4848 1949 4908 qum
2002 4832 2491 4909 maledicentia;
2554 4836 2710 4916 quid
2770 4837 2853 4899 sit
2918 4836 3107 4899 alicui
3181 4837 3535 4910 detrahere,
3568 4836 3730 4915 quid

483 4937 861 5015 denigrare?
895 4937 1098 5010 Quam
1139 4934 1347 5014 iniqui
1381 4939 1746 4996 sanctorum
1791 4950 1910 4995 nos
1941 4952 2166 4997 sumus
2196 4939 2663 5001 aestimatores!
2703 4938 2798 5001 Ab
2832 4939 2915 5001 iis
2970 4943 3310 5005 exercendi
3343 4940 3462 5003 zeli
3497 4948 3558 5001 et
3591 4955 3738 5002 cor-

483 5038 789 5101 rectionis
825 5038 993 5114 leges
1032 5037 1437 5115 accipiendae,
1474 5053 1602 5101 non
1638 5054 1669 5100 a
1705 5036 1890 5100 nobis
1922 5036 2297 5118 damnandi,
2338 5044 2446 5123 qui
2483 5045 2709 5108 eodem
2760 5043 2989 5124 spiritu
3020 5063 3151 5110 non
3182 5046 3429 5126 agimur
3462 5051 3522 5108 et
3546 5044 3733 5123 igno-

591 5232 636 5263 "
656 5230 759 5285 lsa.
779 5245 929 5295 Lvm,
977 5233 1026 5285 l.

550 5438 629 5513 (α)
658 5440 786 5513 ﬁda.
818 5441 1077 5513 episgvv.
1113 5440 1238 5506 357,
1267 5442 1394 5505 558.

1186 5442 1238 5506 7,
1267 5442 1394 5505 558.
2232 5444 2307 5513 (ρ)
2335 5444 2491 5510 una,
2521 5459 2574 5496 ν.
2608 5442 2734 5497 596.

552 5507 628 5584 (ιο)
654 5507 815 5584 tatu"
848 5523 898 5563 ν.
927 5510 1050 5584 est.
2234 5507 2312 5584 (In)
2342 5507 2497 5576 nam,
2537 5528 2582 5565 ν.
2618 5513 2742 5584 415.

551 5578 623 5656 (ες)
654 5579 810 5656 tuti.
915 5579 1041 5656 es.
1066 5578 1191 5636 448-

1168 5614 1191 5636 η.
2229 5578 2303 5656 (η’
2327 5584 2434 5656 una
2466 5624 2481 5649 ,
2512 5599 2559 5635 ν.
2594 5583 2718 5656 iis.

575 5648 630 5725 ιζ)
655 5648 817 5725 _l_b_it_l.,
845 5662 893 5701 v.
919 5648 1025 5725 (gift
1047 5660 1101 5705 et
1126 5665 1244 5721 seq.
2238 5648 2302 5725 θ’)
2334 5648 2486 5725 μυίας,
2515 5669 2565 5705 v.
2594 5654 2721 5707 424.

573 5704 816 5793 sine;
841 5704 1048 5793 νκεθξ».
1090 5704 1095 5705 ί

2231 5704 2305 5793 (Ἳό
2333 5704 2489 5789 illiti;
2517 5704 2567 5776 νᾳ
2596 5704 2720 5779 ea;

643 5788 797 5855 lbid.,
830 5802 880 5843 v.
910 5788 1034 5842 594.
1857 5848 1880 5859 ..
2229 5788 2297 5866 tt)
2325 5788 2505 5851 Carm.
2534 5796 2623 5862 56,
2654 5795 2744 5863 57,
2770 5792 2860 5850 58.
