3918 6512
207 426 268 482 65
1177 417 1539 476 ΡΒᾸΞΕΑΤΙΟ
1578 420 1754 478 GENE

1904 420 1987 478 IS.
2030 452 2095 463 -—
2134 422 2314 480 PARS
2360 421 2424 480 11.
3374 431 3448 490 ιο

204 541 405 602 ramus
437 539 592 619 quid
624 539 706 599 sit
739 537 1063 600 «zelatum
1114 554 1256 600 esse
1289 556 1401 618 pro
1436 539 1714 601 Domino
1748 543 1879 602 Deo
1914 542 2317 603 exercituum
2346 550 2413 617 ιι,
2445 564 2472 597 ››
2506 547 2565 603 et
2599 557 2743 619 qua)
2793 540 3153 605 Christiana
3186 541 3447 608 libertas

206 658 336 703 esse
397 640 667 715 debeat;
720 641 1116 720 ignoramus,
1174 642 1467 722 inquam,
1528 644 1668 705 licet
1732 652 1789 706 et
1839 647 2176 723 apostoios
2240 662 2541 725 Vtrosque
2574 647 2986 724 apostolicos,
3026 664 3158 710 imo
3187 657 3444 726 Agnum

205 746 399 823 ipsum
434 755 849 807 mansuetum
882 748 964 807 ita
994 746 1201 810 fuisse
1234 748 1519 810 locutum
1562 750 1848 827 legamus
1882 759 1942 812 et
1972 752 2337 813 audiamus.

267 849 403 909 Non
457 864 612 925 ergo
650 847 1033 926 Culpandus,
1073 850 1182 911 sed
1211 850 1566 913 laudandus
1599 852 1975 929 Gregorius,
2008 853 2120 931 qui
2165 854 2524 916 Christiana
2560 856 2848 918 libertate
2878 860 3092 925 utens,
3126 854 3447 932 apostolo-

200 973 325 1017 rum
362 960 423 1015 et
458 952 701 1013 Christi
742 952 948 1031 ipsius
982 954 1247 1031 vestigia
1286 963 1585 1030 secutus,
1622 977 1652 1012 α
1691 971 1828 1017 zeio
1865 956 2109 1018 zelatus
2166 966 2260 1020 est
2311 975 2421 1035 pro
2467 959 2745 1022 Domino
2776 961 2909 1021 Deo
2946 957 3374 1034 exercituum,
3412 982 3441 1016 ι

198 1078 260 1120 ac
289 1066 663 1136 peccatores
695 1058 853 1118 dure
906 1057 1281 1137 increpavit.
1335 1061 1474 1122 Non
1511 1084 1540 1117 α
1574 1061 1970 1138 imprudenti
2003 1062 2274 1123 nimium
2316 1063 2590 1139 fervore,
2628 1087 2658 1121 ι)
2696 1072 2759 1126 ul
2787 1063 3133 1125 somniavit
3161 1062 3440 1133 Tollius.

202 1181 226 1211 ι
257 1170 698 1217 successorem
737 1152 859 1212 sibi
894 1155 1158 1231 petivit;
1198 1180 1227 1211 ι»
1262 1158 1372 1219 sed
1404 1158 1656 1220 ardenti
1704 1177 1775 1220 ac
1831 1159 2085 1222 sincero
2119 1161 2258 1223 vitae
2294 1154 2552 1241 privatae
2584 1173 2644 1226 et
2681 1164 3055 1226 solitudinis
3086 1164 3437 1227 desiderio.

196 1254 315 1315 Non
344 1270 498 1315 eum
542 1275 572 1309 α
612 1252 859 1324 statim,
886 1274 915 1307 »
950 1271 1067 1316 nec
1099 1273 1384 1335 unquam
1417 1257 1741 1335 pmnituit,
1774 1260 1946 1337 quod
1993 1260 2209 1320 sedem
2245 1261 3012 1340 Constantinopolitanam
3057 1263 3437 1327 abdicasset.

196 1356 378 1417 Nullae
403 1356 563 1415 inde
606 1375 635 1411 α
669 1354 971 1433 querelae,
1013 1381 1042 1415 ιι
1079 1359 1269 1421 nullm
1318 1378 1348 1417 α
1379 1360 1693 1440 Ιθοιζγωὼ,
1723 1384 1743 1417 ι

1895 1362 1951 1423 lli
2000 1386 2028 1419 α
2079 1363 2310 1440 threni,
2372 1366 2437 1427 in
2475 1367 2712 1445 quibus
2765 1368 3133 1446 patientiam
3196 1378 3256 1431 et
3302 1370 3442 1431 ani-

201 1462 270 1520 mi
306 1461 509 1521 robur
565 1478 637 1521 ac
675 1460 1173 1523 moderationem
1216 1464 1283 1523 in
1344 1471 1467 1525 tam
1505 1465 1701 1542 probo
1741 1466 1876 1527 viro
1915 1467 2269 1530 desideres.
2308 1492 2337 1526 »
2374 1470 2442 1530 Id
2487 1486 2674 1533 omne
2721 1471 2785 1532 in
2832 1471 2961 1533 viro
2994 1480 3210 1535 sancto
3239 1474 3439 1536 mire-

201 1580 370 1626 mur:
404 1566 769 1643 aequiorem
806 1569 1046 1625 tantum
1078 1566 1142 1627 in
1174 1566 1383 1628 Tollio
1422 1585 1633 1629 rerum
1666 1570 2121 1632 aestimatorem
2156 1570 2908 1637 desideramus.Fabulte
2932 1587 2991 1637 et
3028 1578 3272 1639 somnia
3306 1578 3440 1640 haec

196 1676 374 1727 sunt:
410 1670 607 1744 longe
638 1665 778 1727 alia:
833 1669 979 1726 sunt
1033 1663 1435 1742 querelarum
1481 1666 1769 1743 Gregorii
1806 1675 1865 1727 et
1905 1668 2325 1746 lacrymarum
2374 1690 2603 1735 causa).
2650 1674 2944 1749 Dolebat,
2979 1676 3030 1736 si
3070 1676 3298 1750 doluit,
3327 1678 3441 1741 de-

199 1768 424 1830 relictas
478 1783 681 1841 oves,
712 1783 873 1844 quas
924 1764 1111 1826 unice
1150 1765 1483 1842 diligebat,
1518 1765 1647 1826 imo
1680 1782 1841 1843 quos
1890 1768 1955 1829 in
1986 1769 2244 1831 Christo
2279 1780 2588 1847 genuerat
2635 1775 2837 1847 ﬁlios;
2892 1775 3008 1837 hos
3048 1776 3286 1852 alieno,
3323 1779 3437 1859 qui

198 1886 296 1931 nec
324 1885 546 1931 amore
604 1874 842 1945 patrem
902 1864 1083 1937 satis,
1121 1882 1238 1926 nec
1286 1864 1717 1927 sollicitudine
1767 1874 2077 1943 pastorem
2127 1870 2389 1934 referret
2449 1874 2713 1936 traditos
2754 1876 3043 1951 dolebat,
3082 1878 3293 1954 fame,
3328 1883 3436 1944 siti

198 1982 453 2045 arentes,
494 1970 859 2048 hmresique
893 1984 1088 2046 prope
1124 1967 1480 2029 dominanti
1527 1970 1878 2047 expositos.
1911 1972 1982 2032 ld
2019 1973 2311 2051 quidem,
2376 1982 2438 2036 et
2496 1980 2723 2039 merito
2759 1977 3015 2039 dolebat
3056 1979 3431 2059 Gregorius.

198 2076 335 2139 Hinc
364 2078 492 2139 illae
527 2078 822 2156 lacrymae
864 2072 1044 2136 fuere
1080 2094 1097 2133 :
1132 2089 1258 2133 non
1302 2072 1607 2151 aliunde;
1669 2092 1820 2148 non,
1858 2083 1923 2137 ut
1959 2078 2122 2139 male
2168 2096 2360 2141 sanus
2409 2080 2586 2157 lingit
2626 2081 2873 2142 Tollius
2906 2081 2992 2161 (p.
3026 2083 3106 2145 8's
3149 2083 3216 2167 in
3270 2090 3430 2167 not.)

196 2182 343 2258 quod
377 2204 406 2237 α
443 2184 799 2263 capistrum
854 2178 952 2240 ori
999 2194 1117 2239 suo
1166 2178 1569 2255 impositum.
1620 2187 2125 2259 praereptamque
2174 2182 2441 2243 docendi
2494 2184 2745 2262 publice
2787 2166 3247 2259 facultatemf»
3282 2206 3430 2267 gra-

197 2281 429 2345 vissime
466 2283 685 2345 ferret.
719 2280 889 2341 Nihil
923 2302 957 2344 a
986 2284 1255 2347 veritate
1288 2285 1485 2362 magis
1543 2286 1823 2347 alienum
1882 2286 2031 2363 tingi
2085 2294 2329 2365 potest;
2359 2289 2410 2348 si
2456 2289 2715 2367 quidem
2769 2291 2928 2352 adeo
2964 2290 3205 2353 silentii
3241 2299 3432 2357 tenax

198 2397 306 2449 erat
332 2388 710 2465 Gregorius,
744 2397 818 2452 ut
854 2380 975 2453 huc
1005 2390 1148 2469 ipso
1179 2390 1369 2452 etiam
1411 2397 1718 2470 tempore,
1762 2407 1840 2452 ne
1880 2390 2147 2451 verbum
2192 2391 2453 2469 quidem
2490 2408 2601 2469 per
2639 2398 2829 2455 totam
2862 2394 3429 2474 Quadragesimam

198 2492 266 2552 sit
292 2492 709 2571 prolocutus;
742 2500 803 2554 et
838 2494 914 2555 ad
950 2495 1348 2574 loquendum
1379 2493 1535 2557 alias
1575 2494 1665 2556 sic
1691 2494 1932 2569 tardus,
1974 2502 2043 2557 ut
2078 2496 2154 2557 ad
2190 2496 2251 2556 id
2292 2493 2397 2557 vix
2446 2511 2518 2557 ac
2552 2500 2631 2559 ne
2673 2498 2777 2559 vix
2817 2498 3078 2578 quidem
3129 2501 3429 2579 compelli

200 2598 408 2668 posset.
1714 2670 1721 2677 .

267 2691 518 2754 Dolebat
557 2692 747 2754 etiam
809 2699 1018 2754 tamen
1078 2691 1503 2753 suavissimos
1540 2692 1659 2754 sibi
1705 2700 2053 2771 praereptos
2103 2690 2455 2759 familiares
2511 2702 2571 2758 et
2605 2698 2892 2776 amicos;
2925 2718 3055 2763 non
3113 2708 3324 2765 autem
3358 2722 3428 2768 se

201 2794 364 2855 verbo
400 2816 429 2851 α
469 2802 760 2871 captum,
812 2817 840 2850 in
876 2802 935 2857 et
978 2794 1445 2859 abdicationem
1514 2798 1893 2875 proponenti
1956 2797 2146 2859 citius
2184 2818 2378 2879 quam
2412 2802 2603 2863 vellet
2649 2803 2987 2879 episc0pos
3046 2804 3424 2874 assensisse.

203 2894 519 2977 sedemque
554 2895 1331 2974 ConstantinOpolitanatn
1383 2894 1782 2967 deseruisse,
1828 2913 2019 2974 quam
2054 2898 2340 2973 gaudens
2390 2899 2694 2978 reliquit;
2732 2904 2799 2956 ut
2850 2908 3226 2974 argumento
3278 2908 3425 2962 sunt

205 2997 458 3070 plurimm
492 3003 640 3077 post
671 2999 943 3059 reditum
978 2996 1226 3073 scriptae
1260 3013 1292 3056 a
1318 2996 1628 3073 Gregorio
1662 2996 1982 3072 epistolm,
2006 2996 2285 3058 maxime
2321 3015 2472 3060 vero
2503 3016 2655 3058 xcrv
2689 2998 2765 3061 ad
2796 2998 3218 3059 Amasunium
3254 2999 3422 3061 data.

204 3101 249 3161 Si
275 3103 345 3163 iis
376 3105 451 3165 de
488 3104 690 3164 rebus
736 3101 973 3171 dolere,
1013 3117 1276 3163 mcerere
1331 3107 1393 3163 et
1443 3099 1769 3178 indignari
1820 3101 2062 3163 crimen
2095 3107 2210 3175 est,
2253 3100 2543 3179 Gregdrii
2584 3101 2824 3162 crimen
2880 3117 3048 3170 esse,
3088 3117 3206 3162 nec
3239 3100 3317 3161 ab
3346 3118 3425 3163 eo

204 3204 352 3270 facile
384 3208 645 3270 liberari
696 3223 889 3286 posse
929 3206 1226 3268 lubenter
1276 3204 1572 3269 fatemur.
1626 3205 1865 3268 Caatera
1906 3220 2058 3268 vero
2094 3205 2250 3267 nihil
2289 3205 2582 3280 dolebat,
2616 3220 2735 3267 nec
2793 3201 3155 3265 relictarum
3205 3220 3423 3265 rerum

207 3309 310 3369 ullo
344 3311 682 3372 tenebatur
719 3309 1065 3372 desiderio.

266 3408 600 3469 Tantorum
656 3408 871 3484 itaque
902 3409 1204 3471 Ecclesiae
1228 3453 1247 3484 ,
1284 3424 1475 3490 quam
1515 3412 1689 3471 Deus
1726 3432 1754 3467 α
1785 3409 2129 3490 acquisivit
2176 3407 2485 3485 sanguine
2514 3423 2635 3467 suo
2663 3414 2733 3479 η,
2775 3429 2804 3461 n
2843 3406 3156 3469 malorum
3200 3408 3423 3471 dolore

207 3506 543 3584 Gregorius,
583 3525 711 3569 non
752 3526 937 3571 secus
976 3528 1046 3573 ac
1069 3511 1340 3573 Athenis
1369 3509 1715 3591 Apostolus
1781 3510 2117 3583 incitatus,
2152 3510 2256 3589 pie
2286 3507 2411 3569 sibi
2442 3513 2792 3584 temperare
2848 3521 2974 3567 non
3011 3513 3278 3584 poterat,
3310 3523 3423 3568 ne-

206 3627 313 3687 que
342 3612 520 3674 etiam
566 3612 815 3687 debuit,
848 3622 914 3675 ut
949 3617 1259 3679 teretibus
1292 3622 1364 3680 ac‘
1399 3616 1638 3679 teneris
1662 3616 1931 3679 auribus
1963 3615 2352 3686 consuleret,
2382 3610 2665 3673 veritatis
2696 3627 2767 3673 ac
2799 3608 3132 3689 religionis
3158 3610 3423 3687 dispen-

207 3711 310 3784 dio,
345 3726 710 3775 sermonem
767 3714 1082 3777 emollire.
1143 3716 1397 3777 Habent
1460 3715 1635 3775 enim
1701 3713 2027 3776 molliores
2084 3711 2210 3773 illm
2277 3709 2676 3773 elocutiones
2738 3705 2957 3770 nescio
3007 3704 3161 3787 quid
3199 3705 3417 3785 frigidi

207 3804 571 3888 ﬂaccidique,
604 3826 736 3889 quo
772 3813 1023 3875 veritati
1058 3830 1313 3891 semper
1343 3812 1639 3874 nonnihil
1704 3813 1893 3892 perit.
1926 3810 2187 3873 Movent
2243 3808 2526 3890 profecto
2557 3808 2739 3871 aliter
2771 3809 3021 3887 propria
3064 3823 3276 3870 rerum
3303 3821 3424 3872 no-

208 3907 371 3981 mine,
410 3911 825 3990 pr0priisque
877 3911 1089 3973 inusta
1130 3911 1297 3972 notis
1358 3911 1627 3973 crimina
1664 3932 1681 3973 :
1715 3929 1833 3974 nec
1867 3911 2045 3982 satis,
2085 3910 2141 3971 si
2188 3911 2464 3974 molliter
2512 3909 2919 3982 innocentia,
2967 3908 3229 3986 religio,
3264 3909 3421 3971 ﬁdes

207 4010 529 4079 defenditur
561 4038 577 4091 ;
609 4034 770 4095 pene
803 4002 1149 4093 deseritur,
1184 4017 1236 4079 si
1279 4034 1405 4079 non
1439 4018 1630 4079 etiam
1666 4018 1979 4097 proditur.
2018 4012 2188 4078 Nihil
2241 4018 2374 4080 veri
2407 4018 2677 4079 nimium
2711 4016 2913 4078 videri
2955 4015 3145 4077 debet
3194 4015 3423 4077 adver-

207 4128 293 4175 sus
325 4117 701 4181 innocentiae
736 4126 796 4180 et
834 4117 1116 4181 veritatis
1155 4115 1373 4178 hostes
1408 4132 1423 4172 :
1460 4115 1831 4177 traducendi
1867 4114 2071 4192 palam
2104 4114 2146 4175 ii
2174 4120 2430 4188 sunt,et
2456 4114 2686 4175 nativis
2722 4112 3028 4192 pingendi
3065 4112 3413 4184 coloribus,

211 4227 721 4298 ulagnoscantur,
762 4222 1096 4302 agnitique
1127 4225 1413 4284 vitentur
1445 4238 1516 4282 ac
1548 4218 1899 4298 fugiantur.
1929 4220 2059 4281 Hac
2095 4218 2339 4280 ratione
2390 4217 2795 4296 simplicibus
2831 4219 3210 4292 consulitur,
3240 4236 3419 4281 men-

206 4321 418 4388 dacium
453 4329 839 4403 revincitur,
877 4345 1053 4390 error
1081 4328 1441 4406 repellitur,
1478 4325 1675 4387 vincit
1712 4332 1775 4387 et
1815 4323 2159 4403 triumphat
2208 4323 2465 4386 veritas.
2498 4324 2637 4384 Non
2682 4321 2814 4399 jam
2855 4322 3269 4385 immoramur
3298 4321 3416 4385 fal-

208 4424 276 4483 sis
298 4426 848 4490 criminationibus
886 4426 1334 4505 prOpulsandis
1372 4442 1516 4504 quae
1564 4425 1630 4485 in
1672 4424 2049 4502 Gregorium
2094 4424 2414 4501 congessit
2449 4424 2522 4484 D.
2550 4424 2819 4502 Dupin.,
2852 4442 2995 4487 cum
3028 4435 3091 4488 et
3145 4426 3298 4489 satis
3335 4445 3415 4489 ex

210 4528 363 4589 modo
393 4529 579 4591 dictis
616 4528 1015 4599 refellantur,
1047 4534 1107 4591 et
1143 4528 1445 4607 Dupinus
1480 4528 1618 4605 ipse
1660 4525 1727 4586 in
1764 4544 1881 4587 sua
1932 4526 2009 4587 ad
2043 4528 2180 4588 DD.
2224 4525 2779 4605 archiepisc0pum
2840 4529 3266 4591 Parisiensem
3299 4530 3414 4591 dc-

210 4623 539 4706 claratione,
575 4636 640 4689 ut
681 4645 917 4691 temere
949 4630 1249 4692 conﬁctas
1282 4627 1680 4691 damnaverit
1716 4634 1778 4688 et
1812 4630 2236 4689 revocaverit.

296 4735 415 4808 θη.
446 4753 779 4797 rauenna
828 4753 1125 4797 GnEGontt
1172 4748 1535 4796 VIRGINITAS
1564 4747 1815 4790 CONTRA
1864 4749 2278 4792 BEVEBEGIUM
2321 4746 2397 4790 ET
2446 4746 2877 4792 MURATOMUM
2931 4749 3295 4821 sssznrrun.

269 4842 811 4903 «PostNicaanum
862 4838 1233 4909 concilium,
1284 4835 1500 4915 inquit
1561 4833 2080 4914 Beveregius(a).
2121 4834 2572 4912 Spiridionetn,
2606 4834 2982 4914 Gregorium
3042 4837 3411 4915 Nyssenum

212 4950 258 4999 ut
284 4944 765 5019 Nazianzenum,
800 4948 1199 5022 tam‘patrem
1230 4956 1419 5018 quam
1461 4937 1662 4998 filium
1691 4936 2086 5014 Theologum
2136 4937 2548 4999 matrimonio
2580 4940 2913 5015 00pulatos
2954 4940 3179 5013 fuisse,
3218 4957 3413 5003 nemo

210 5044 258 5103 in
282 5052 644 5132 antiquitate
692 5057 978 5112 versatus
1032 5045 1259 5109 nescit.
1299 5066 1328 5102 io
1356 5046 1504 5104 Ilaec
1536 5042 1927 5103 conﬁdenter
1972 5043 2252 5105 scribere
2299 5059 2496 5104 ausus
2528 5053 2621 5105 est
2648 5042 3058 5119 Beveregius,
3094 5043 3268 5105 nulla
3320 5061 3415 5103 ra-

211 5143 372 5225 tione,
403 5155 702 5232 nullaque
736 5152 930 5212 nixus
980 5146 1375 5211 auctoritate.
1407 5146 1562 5205 Tam
1613 5142 1962 5204 inauditam
2002 5153 2064 5205 et
2098 5144 2388 5205 insanam
2440 5144 2811 5221 Opinionem
2843 5142 3209 5204 dormitanti
3246 5142 3411 5204 scri-

215 5252 338 5319 ptori
365 5257 697 5329 excidisse,
734 5254 964 5314 dixerit
996 5250 1293 5330 quisquis
1324 5250 1393 5310 in
1423 5248 1559 5309 sola
1590 5247 1869 5325 theologi
1938 5247 2215 5310 lectione
2252 5257 2546 5310 versatus
2585 5248 2818 5321 fuerit;
2872 5246 2970 5308 vel
3018 5245 3234 5325 potius
3267 5247 3327 5308 id
3376 5265 3409 5307 a

211 5344 507 5434 Beveregio
571 5356 879 5435 scriptum
942 5355 1006 5415 in
1047 5353 1308 5433 gratiam
1371 5352 1825 5432 episc0porum
1858 5370 1990 5415 suae
2022 5354 2256 5431 gentis,
2291 5371 2405 5433 pro
2438 5370 2553 5416 sua
2600 5354 2669 5416 in
2703 5350 3179 5414 matrimonium
3217 5352 3414 5415 devo-

214 5449 370 5515 tione.

271 5548 397 5613 Tale
424 5563 848 5619 commentum
884 5563 1107 5618 notare
1138 5562 1234 5617 sat
1270 5573 1437 5631 esse,
1478 5572 1594 5618 nec
1627 5553 1817 5617 ullam
1857 5555 2011 5618 huic
2046 5554 2397 5619 refellendo
2431 5562 2689 5637 operam
2722 5552 3214 5634 impendenuam
3249 5550 3413 5615 arid-

263 5715 297 5748 ²¹
318 5720 371 5775 111
401 5724 519 5780 lies.
547 5743 657 5793 xix,
684 5727 767 5781 10.
846 5726 887 5758 ¹³
919 5727 1039 5781 Act.
1074 5740 1143 5778 xx
1201 5722 1291 5778 9.8.

268 5856 330 5919 (α)
351 5858 400 5915 1η
422 5865 553 5919 nolis
580 5866 643 5921 ad
670 5880 931 5921 canonem
959 5880 987 5916 v
1012 5872 1186 5933 apost.
