3918 6538
465 416 535 467 47
1447 408 1812 466 ΡΒᾸΞΡΑΤῙΟ
1850 409 2012 465 GENI

2142 411 2250 468 [ΛΞ.
2299 441 2363 456 -
2402 411 2578 467 PARS
2617 410 2679 464 ll.
3620 412 3689 466 48

469 543 689 606 trarer,
722 530 851 593 nisi
910 529 1141 593 malum
1206 546 1458 607 serpere
1525 530 1806 609 longius,
1845 541 1903 593 et
1951 533 2153 595 virum
2213 533 2662 605 clarissimum,
2696 549 2729 592 e
2762 528 3102 592 Catholicis
3154 544 3376 601 unum,
3411 529 3693 590 Murato-

467 635 635 697 rium
672 633 779 712 (α),
803 633 914 711 qui
949 630 1292 693 mirabatur
1322 630 1473 690 olim
1512 632 1958 693 conﬁdentiam
1991 634 2347 712 Beveregii,
2376 643 2596 711 praeter
2624 650 2814 712 quem
2851 655 2879 688 ar
2915 632 3127 691 nullus
3172 630 3378 692 adhuc
3413 630 3686 693 amr-ma-

471 733 560 796 vit
615 734 1087 795 Nazianzenum
1136 730 1335 792 ﬁlium
1382 746 1661 809 unquam
1715 749 1857 794 sese
1920 733 2326 793 matrimonio
2355 716 2806 804 obstriniisse,
2842 753 2871 787 »
2928 730 3128 808 ipsius
3160 738 3376 807 postea
3410 746 3689 791 errorem

471 836 838 914 amplexum
872 834 1072 898 fuisse
1105 851 1458 897 cernerem.
1492 836 1629 897 Non
1666 845 1874 898 tamen
1908 836 2198 899 absolute
2227 838 2560 916 amplexus
2592 841 2710 907 est,
2750 836 2858 897 sed
2905 836 3266 912 suspicatus
3300 856 3329 890 α
3364 834 3690 910 Beveregii

471 934 857 994 sententiam
896 950 1042 994 cum
1081 932 1347 995 veritate
1378 935 1761 996 consentire.
1800 958 1829 991 »ι
1863 934 1988 1007 Qui
2025 936 2213 997 etiam
2244 936 2321 997 de
2374 934 2728 997 Thedsebia
2764 934 2894 995 haec
2924 934 3050 995 ait:
3080 956 3108 989 α
3143 935 3267 994 Aut
3299 934 3693 996 Nazianzeno

476 1039 717 1117 nupsit,
754 1059 783 1093 ι)
821 1037 991 1117 quod
1028 1059 1057 1092 α
1096 1036 1497 1098 simillimum
1536 1056 1684 1100 vero
1715 1039 2009 1101 arbitror.
2047 1063 2074 1095 »
2117 1042 2336 1120 Itaque
2366 1046 2799 1103 commentum
2833 1037 3158 1115 Beveregii
3198 1044 3258 1098 et
3308 1054 3515 1115 pravre
3548 1039 3688 1100 Mu-

471 1139 688 1201 ratorii
719 1139 1112 1217 suSpicionis
1139 1136 1553 1199 fundamenta
1584 1137 1781 1199 simul
1816 1139 2229 1201 convellenda
2266 1148 2439 1201 sunt.

550 1242 628 1303 Ut
666 1258 697 1302 a
730 1238 1077 1301 Muratorio
1136 1237 1543 1316 incipiamus,
1579 1238 1794 1313 verba,
1827 1255 1970 1317 quae
2008 1239 2145 1300 viro
2205 1240 2390 1300 docto
2447 1237 2659 1301 fucum
2717 1237 3034 1306 fecerunt,
3066 1237 3197 1301 hac
3254 1248 3401 1302 sunt
3453 1242 3513 1301 in
3548 1241 3697 1317 epi-

469 1354 812 1429 grammate
842 1344 1240 1412 Theosebim,
1276 1343 1445 1422 quod
1478 1344 1617 1422 ipse
1656 1346 1937 1421 vulgavit
1972 1362 1986 1400 :

2151 1354 2320 1426 τορίου
2347 1353 2585 1423 μεγάλου
2607 1352 2805 1422 σύζυγε
2834 1352 3107 1421 ἀτρεκέως
3141 1361 3155 1375 ·
3193 1369 3219 1401 α
3252 1346 3535 1423 Gregorii
3567 1348 3698 1405 Ma-

472 1451 577 1527 gni
617 1465 758 1509 vere
786 1446 1047 1525 conjux.
1090 1468 1118 1501 ιο
1159 1447 1250 1506 Ex
1283 1444 1384 1506 his
1420 1445 1696 1524 plurima
1731 1445 1976 1524 colligit
2035 1447 2424 1507 Muratorius
2467 1469 2481 1507 :
2520 1447 2747 1524 primo,
2780 1446 3068 1522 Gregorii
3118 1448 3384 1525 Nysseni
3426 1465 3690 1509 uxorein

470 1572 597 1614 non
634 1551 1274 1613 fuisseTheosebiam
1309 1570 1326 1623 ;
1364 1550 1425 1610 id
1460 1549 1720 1629 quidem
1760 1550 1999 1628 optime
2035 1549 2268 1611 deinde
2294 1571 2309 1623 ;
2335 1550 2735 1625 Gregorium,
2764 1547 2873 1625 qui
2922 1571 2949 1602 α
2984 1550 3251 1626 Magnus
3282 1572 3313 1608 ι
3348 1551 3435 1611 ibi
3469 1554 3689 1629 appel-

472 1661 658 1732 latur,
696 1656 1091 1734 Theologum
1133 1672 1300 1730 esse,
1332 1654 1513 1734 cujus
1574 1671 1761 1727 uxor,
1795 1670 2001 1732 eaque
2054 1671 2370 1732 germana,
2405 1652 2766 1713 Theosebia
2827 1650 3059 1727 fuerit;
3088 1654 3147 1715 id
3180 1671 3331 1717 vero
3363 1656 3639 1733 pessime
3674 1675 3691 1713 :

471 1761 748 1839 denique
784 1760 930 1821 hinc
964 1759 1353 1837 epigramma
1404 1758 1714 1836 Theologi
1739 1774 1880 1821 esse
1909 1774 2036 1819 non
2068 1774 2276 1836 posse.
2309 1757 2465 1830 Qum
2508 1757 2771 1835 quidem
2812 1764 2878 1817 ut
2929 1758 3183 1834 penitus
3234 1759 3696 1831 convellamus,

473 1862 676 1939 primo
707 1859 1143 1932 statuendum,
1175 1860 1347 1937 quod
1378 1869 1565 1939 caput
1614 1867 1731 1934 est,
1766 1861 2009 1922 nullius
2062 1878 2343 1939 unquam
2386 1859 2676 1937 conjugii
2712 1854 2984 1921 vinculis
3036 1864 3428 1942 Theologum
3488 1865 3695 1925 irreti-

474 1972 603 2024 tum
631 2007 648 2037 ,
679 1962 911 2023 nedum
944 1960 1318 2023 Theosebize
1359 1964 1765 2042 c0pulatum;
1798 1966 1859 2024 2°
1889 1964 2123 2025 deinde
2158 1963 2316 2023 nihil
2368 1966 2521 2023 adeo
2559 1962 2891 2039 impedire,
2925 1965 3274 2041 quominus
3308 1964 3695 2042 epigramma

473 2067 790 2127 tribuatur
818 2064 1125 2140 Gregorio
1156 2064 1558 2128 Nazianzeno
1583 2108 1601 2139 ,
1634 2067 1697 2127 3°
1728 2084 1939 2145 neque
1988 2083 2065 2128 ex
2099 2066 2448 2145 epitaphio,
2484 2082 2693 2144 neque
2744 2082 2822 2127 ex
2858 2064 3121 2143 epistola
3151 2064 3302 2124 alias
3339 2080 3457 2123 xcv
3509 2064 3693 2140 sequi

466 2166 757 2243 Nysseno
791 2163 1209 2224 Theosebiam
1266 2164 1588 2244 nupsisse.
1620 2165 1721 2229 Sic
1757 2167 2131 2244 Gregorium
2178 2175 2521 2247 utrumque
2565 2185 2596 2227 a
2631 2165 2932 2243 coniugio
2978 2164 3274 2229 liberum.
3316 2170 3378 2225 et
3413 2163 3693 2224 ctelibem

469 2271 658 2327 vitam
685 2267 947 2327 duxisse
984 2264 1323 2325 constabit.

545 2365 930 2427 Muratorius
989 2364 1154 2424 inter
1209 2364 1603 2442 Theologum
1660 2364 2172 2426 etTheOSebiam
2231 2366 2705 2428 matrimonium
2742 2366 2942 2427 fuisse
2978 2364 3377 2443 suspicatus,
3412 2364 3695 2425 Theose-

470 2466 633 2525 hiam
674 2486 705 2521 α
739 2480 882 2525 cum
936 2462 1069 2523 viro
1125 2463 1527 2523 Nazianzeno
1587 2466 1935 2528 castitatem
1993 2466 2231 2545 potius,
2264 2484 2455 2545 quam
2502 2466 2668 2529 thori
2724 2466 3237 2546 conjunctionem
3294 2483 3547 2527 servare
3585 2483 3697 2525 vo-

471 2567 667 2628 luisse
703 2589 731 2622 »
772 2565 1146 2645 conjiciebat
1182 2585 1197 2624 :
1236 2582 1381 2627 mox
1411 2566 1578 2627 idem
1606 2589 1636 2623 κ
1676 2568 1843 2630 inter
1874 2578 2219 2648 utrumque
2251 2571 2458 2631 carnis
2521 2570 3031 2631 communionem
3072 2593 3100 2627 ι)
3141 2571 3440 2643 admittit,
3474 2569 3582 2631 sed
3616 2570 3697 2630 ad

471 2668 659 2729 breve
694 2672 941 2746 tempus
970 2709 989 2740 ,
1021 2674 1079 2728 et
1111 2667 1451 2729 arbitratur
1483 2688 1512 2723 α
1552 2670 1788 2729 recenti
1829 2668 1977 2732 huic
2012 2669 2303 2747 Opinioni
2341 2668 2673 2747 sutfragari
2722 2684 2911 2746 posse
2960 2687 3210 2733 versum
3246 2672 3422 2733 illum
3487 2671 3700 2731 Theo-

472 2772 625 2849 logi,
658 2774 739 2835 ita
774 2772 1111 2835 scribentis
1162 2774 1225 2833 in
1267 2773 1549 2835 carmine
1592 2788 1655 2835 tv
1700 2775 1777 2835 de
1826 2776 2019 2836 animt

2154 2791 2229 2835 NB
2285 2775 2755 2837 calamitatibus
2788 2795 2804 2834 :
2850 2781 3034 2853 Αὐτὰρ
3062 2781 3250 2833 ἔπειτα.
3280 2781 3485 2851 γάμοιο
3526 2779 3701 2850 βαρὺν

470 2882 631 2951 ζυγὸν
661 2881 817 2945 ἕκτος
845 2881 1037 2953 ἔθηκα.
1102 2873 1346 2935 Deinde
1406 2889 1550 2935 vero
1599 2891 1786 2952 grave
1832 2876 2017 2953 jugm

2151 2875 2492 2937 iatrimonii
2534 2893 2566 2935 a
2614 2892 2713 2937 me
2754 2876 3036 2953 seposui.
3075 2897 3102 2932 ι
3136 2875 3565 2935 Nihilominus
3610 2885 3698 2932 ta-

478 2995 619 3039 men
649 2978 777 3039 haec
804 2980 882 3039 ila
918 2996 985 3040 se
1017 2978 1248 3039 habere
1278 2987 1563 3041 asserere
1595 2995 1721 3041 non
1749 2998 1946 3043 ausus
1976 2988 2070 3042 est
2101 2980 2507 3043 Muratorius.
2538 2982 2844 3042 Amemus
2874 2979 3077 3041 virum
3103 2979 3355 3041 doctum
3376 2978 3541 3057 quod
3572 2994 3701 3055 prm

474 3078 852 3138 verecundia
884 3094 1018 3140 rem
1048 3086 1170 3139 tam
1211 3074 1557 3137 inauditam
1610 3092 1722 3153 pro
1763 3084 1932 3138 certe
1969 3092 2096 3137 non
2130 3076 2419 3139 aﬂirmat.

548 3180 674 3242 Nos
708 3198 858 3242 vero
885 3198 1074 3243 omne
1107 3194 1365 3260 prorsus
1397 3177 1867 3241 matrimonium
1917 3198 1948 3240 a
2001 3179 2304 3257 Gregorio
2349 3180 2824 3259 propulsamus.
2869 3178 3013 3255 Ipse
3072 3176 3456 3239 Muratorius
3492 3175 3697 3255 (b,ar-

470 3287 770 3356 gumento
806 3284 1239 3360 suppeditabit
1284 3298 1301 3341 :
1344 3304 1372 3338 α
1408 3280 1535 3342 Cur
1573 3281 1740 3343 enim
1779 3283 2151 3360 Gregorius,
2183 3284 2416 3362 inquit,
2451 3284 2562 3363 qui
2598 3291 2720 3344 tam
2754 3299 2920 3361 saepe
2954 3300 3025 3380 ac
3057 3290 3145 3344 tot
3180 3281 3413 3355 verbis,
3446 3280 3538 3340 vel
3575 3279 3695 3339 mi—

472 3392 621 3445 nuta
656 3384 796 3445 vitae
826 3401 958 3445 suae
991 3385 1381 3448 monimenta
1421 3386 1712 3447 versibus
1743 3386 1998 3459 clausit,
2024 3387 2144 3448 hoc
2181 3404 2379 3448 unum
2432 3403 2562 3448 non
2601 3385 2760 3448 levis
2818 3383 3119 3461 momenti
3154 3381 3560 3461 praeterisset,
3584 3384 3694 3463 aqt

473 3490 593 3544 tam
622 3482 883 3561 jejunus
916 3486 1527 3545 commemorasset?
1560 3506 1589 3541 ι
1622 3485 1844 3566 Neque
1882 3503 2028 3549 vero
2061 3487 2121 3548 id
2167 3494 2411 3549 tantum
2458 3488 2744 3555 silentio,
2778 3494 2839 3546 et
2874 3492 3271 3558 argumento,
3325 3490 3389 3543 ut
3445 3490 3689 3553 vocant,

470 3590 775 3660 negante;
811 3600 1174 3663 quanquam
1207 3582 1269 3644 id
1294 3600 1496 3661 genus
1520 3587 1880 3662 argumenti
1914 3586 2123 3649 valere
2170 3587 2382 3659 debet,
2434 3587 2543 3647 ubi
2596 3585 2754 3665 quid
2810 3584 3018 3655 habet,
3055 3582 3222 3660 quod
3274 3581 3416 3641 facti
3465 3581 3587 3641 vim
3634 3590 3696 3641 et

472 3685 683 3748 locum
718 3688 995 3750 obtineat
1034 3709 1050 3746 :
1087 3688 1187 3751 hic
1221 3697 1432 3750 autem
1469 3687 1677 3760 habet,
1737 3690 1787 3750 si
1823 3707 2105 3770 unquam
2143 3689 2403 3763 habuit;
2438 3707 2581 3750 cum
2631 3689 2743 3767 qui
2779 3706 2985 3750 rerum
3022 3703 3280 3748 suarum
3328 3683 3694 3756 historiam,

470 3800 599 3844 non
640 3799 795 3855 uno,
828 3784 937 3845 sed
969 3784 1311 3864 multiplici
1344 3794 1661 3863 poemate,
1691 3803 1817 3848 non
1851 3790 2082 3864 obiter,
2113 3788 2223 3849 sed
2261 3787 2469 3849 dedita
2502 3804 2695 3865 Opera
2741 3795 3161 3865 accurateque
3196 3793 3408 3846 texere
3434 3800 3502 3843 se
3559 3801 3700 3861 pro-

470 3884 706 3956 ﬁtetur,
742 3902 873 3945 rem
914 3891 1122 3946 tamen
1164 3904 1351 3949 unam
1388 3906 1421 3951 e
1455 3891 1817 3969 praecipuis,
1852 3892 1905 3952 si
1941 3910 2065 3953 non
2098 3894 2286 3954 etiam
2339 3910 2416 3953 ex
2466 3892 2768 3954 omnibus
2816 3894 3191 3970 praecipuam
3238 3888 3406 3961 silet,
3437 3904 3577 3966 quae
3616 3888 3691 3948 ad

472 3984 617 4043 vita:
648 3983 1008 4057 varietates,
1039 4003 1199 4063 quas
1244 3986 1472 4049 litteris
1500 3990 1756 4051 mandat
1789 4008 1976 4069 quain
2041 3992 2313 4052 maxime
2350 3980 2493 4053 facit
2519 4036 2535 4063 ,
2569 3992 2758 4070 quale
2794 3989 3074 4068 profecto
3112 3998 3206 4048 est
3241 3988 3380 4047 vitae
3408 4003 3607 4065 genus
3634 3997 3692 4049 et

470 4101 722 4157 cursus,
754 4102 943 4164 quem
977 4087 1325 4165 Gregorius
1357 4098 1576 4154 tenere
1605 4091 1991 4155 decreverat.
2013 4094 2128 4155 Ubi
2155 4094 2323 4155 enim
2356 4095 2433 4155 de
2466 4112 2699 4172 genere
2737 4093 2878 4153 vita}
2904 4093 3226 4169 diligendo
3258 4093 3693 4154 Nazianzenus

470 4190 716 4266 agebat,
749 4188 836 4249 ibi
870 4208 1024 4251 sane
1063 4192 1284 4253 debuit
1314 4210 1501 4271 agere
1530 4194 1610 4256 de
1659 4198 2092 4273 matrimonio,
2129 4198 2183 4259 si
2221 4199 2583 4279 posthabita
2622 4199 2838 4259 caelibe
2876 4200 2998 4256 vita
3048 4196 3121 4257 ad
3177 4198 3428 4276 nuptias
3458 4212 3695 4258 convo-

471 4294 643 4354 lavit.

548 4394 768 4471 Neque
802 4411 948 4457 Vero
979 4414 1113 4470 80$,
1147 4402 1257 4479 qui
1297 4404 1684 4468 matrimonii
1721 4406 1995 4467 vinculis
2024 4408 2352 4471 astrictum
2388 4409 2586 4470 fuisse
2618 4408 2995 4486 Gregorium
3039 4412 3325 4476 censent,
3356 4414 3519 4465 lSlllt]
3556 4420 3691 4465 ma—

472 4493 841 4556 trimonium
872 4496 1291 4565 collocaturos
1322 4522 1463 4567 esse
1494 4506 1765 4569 arbitror
1816 4519 2151 4587 postquam
2202 4511 2530 4588 presbyter
2576 4516 2820 4570 creatus
2854 4515 2969 4569 est.
3006 4509 3098 4570 Ad
3137 4508 3433 4569 contictas
3478 4504 3693 4583 itaque

470 4596 773 4673 'l‘heologi
809 4599 1062 4676 nuptias
1096 4610 1342 4682 tempus
1374 4608 1435 4669 id
1475 4627 1670 4671 unum
1704 4621 2023 4689 superest,
2052 4616 2221 4691 quod
2252 4621 2397 4675 ante
2458 4612 2879 4675 sacerdotium
2944 4614 3080 4691 ejus
3115 4608 3377 4672 efﬂuxit.
3414 4608 3698 4668 Consen-

470 4697 545 4756 tit
575 4696 961 4758 Muratorius
990 4707 1049 4761 et
1078 4702 1163 4761 ait
1192 4701 1271 4781 (c)
1312 4723 1328 4764 :
1366 4728 1392 4760 ι
1429 4705 1563 4767 Non
1592 4708 1702 4767 diu
1770 4710 2139 4771 constitisse
2199 4712 2403 4773 carnis
2464 4712 2983 4774 communionem
3021 4711 3183 4771 inter
3229 4708 3691 4768 Nazianzenurl

467 4805 526 4855 et
555 4797 1012 4871 Theosebiam;
1046 4804 1157 4864 sed
1188 4813 1529 4885 utrumque
1564 4810 1916 4872 castitatem
1954 4811 2083 4888 jam
2136 4808 2377 4890 pridem
2413 4814 2682 4891 elegisse
2708 4858 2726 4889 ,
2760 4820 2825 4873 ut
2872 4810 3295 4873 sacerdotium
3335 4810 3439 4870 ille
3481 4809 3691 4881 iniret,

469 4894 725 4956 utinter
776 4896 1173 4963 diaconissas
1236 4905 1349 4965 ista
1403 4915 1832 4984 coeptaretur.
1879 4935 1905 4965 ο
1942 4912 2177 4972 Verum
2215 4918 2468 4991 tempus
2525 4914 2675 4975 illud
2718 4914 2926 4992 ipsum
2960 4919 3078 4983 est,
3115 4912 3175 4970 in
3224 4928 3352 4988 quo
3406 4919 3693 4970 accurata

464 4993 755 5073 Gregorii
810 5001 1087 5061 narratio
1148 5005 1391 5066 nullum
1434 5008 1565 5068 ullo
1603 5010 1742 5070 vitae
1776 5012 1977 5084 ipsius
2013 5022 2338 5075 momento
2397 5014 2748 5076 consistere
2799 5013 3274 5075 matrimonium
3336 5010 3587 5087 patitur.
3617 5011 3691 5073 Ut

465 5094 635 5157 enim
698 5095 893 5174 ﬁngas
939 5097 1351 5165 Theosebiam
1382 5150 1398 5177 ,
1441 5109 1709 5170 aliamve
1762 5112 2110 5191 quamlibet
2159 5113 2538 5190 Gregorium
2598 5131 2859 5176 uxorem
2916 5112 3220 5185 duxisse,
3267 5111 3582 5191 quidquid
3634 5120 3693 5172 et

461 5212 725 5275 quoquo
764 5197 951 5259 modo
978 5198 1265 5277 finxeris,
1290 5205 1352 5267 id
1386 5224 1576 5270 omne
1618 5212 1745 5271 ruit
1778 5222 1839 5273 et
1880 5213 2140 5289 penitus
2192 5213 2585 5274 subvertitur
2643 5213 3091 5273 disertissimis
3130 5212 3418 5290 Gregorii
3456 5213 3688 5282 verbis,

466 5299 651 5359 vitam
687 5316 867 5360 suam
902 5299 1353 5378 describentis,
1389 5305 1609 5385 ibique
1640 5311 2117 5373 accuratissime
2151 5311 2256 5372 ubi
2290 5313 2369 5374 de
2404 5313 2545 5374 vitae
2573 5329 2806 5390 genere
2838 5314 3215 5391 deligendo.

537 5400 827 5478 Gregorii
862 5413 1156 5481 parentes
1190 5422 1314 5467 non
1348 5408 1469 5486 ipsi
1503 5417 1795 5474 auctores
1829 5412 2090 5475 l‘uerunt
2124 5422 2188 5476 ut
2216 5416 2500 5477 animum
2534 5420 2606 5479 ad
2634 5432 2894 5478 uxorem
2934 5415 3332 5495 appelleret;
3368 5421 3693 5492 parentes.

465 5510 753 5587 inquam,
779 5506 890 5584 qui
922 5524 1052 5569 non
1090 5513 1280 5571 modo
1312 5509 1423 5571 ﬁlii
1458 5520 1671 5573 votum
1731 5516 2039 5578 castitatis
2077 5536 2147 5579 ac
2193 5522 2589 5597 propositum
2646 5530 2898 5597 norant,
2930 5524 3038 5587 sed
3086 5539 3229 5585 eum
3269 5521 3433 5601 ipsi,
3485 5520 3692 5600 prius-

527 5744 1061 5823 (nl-hittriil.__l_l€)lmill
1094 5747 1259 5819 epigr.
1291 5748 1361 5805 32
1384 5747 1629 5804 Tlrcoseb.
1659 5765 1686 5805 a
1712 5766 1767 5807 se
1798 5752 2019 5821 editum,
2206 5754 2276 5823 (ὁ)
2308 5754 2441 5809 Ιιιῑιι.

455 5826 507 5883 ρ.
540 5815 938 5881 131,152,134.
1127 5815 1140 5817 “
1185 5815 1235 5853 ‘-

888 5815 938 5869 4.
1127 5815 1140 5817 ‘
1185 5815 1235 5853 '-
2006 5815 2015 5821 '
2204 5815 2274 5895 (τ)
2304 5824 2434 5881 Ibid.
