3926 6410
232 392 289 449 ιθ
1161 378 1532 436 ΡΒᾸΞΡΑΤΙΟ
1570 379 1782 434 GENEB

1865 380 1974 435 .lS.
2014 409 2081 418 —
2126 378 2303 433 PARS
2345 379 2408 433 li.
3348 383 3415 437 50

228 524 381 593 quam
413 505 790 571 nasceretur,
820 499 947 561 Deo
978 498 1363 571 dicaverant,
1396 506 1457 560 et
1492 505 1705 559 natum
1745 498 2103 559 obtulerant
2129 543 2145 570 ,
2190 499 2350 559 adeo
2394 503 2461 557 ut
2493 509 2528 552 α’
2558 496 2635 557 ab
2669 503 2851 558 utero
2890 497 3113 558 matris
3146 497 3278 557 Deo
3310 514 3411 560 sa-

223 629 327 676 cer.
350 622 409 667 ac
438 620 590 682 puer
625 600 876 663 oblatus
908 627 936 659 υ
970 603 1159 665 fuerit
1192 647 1209 678 ,
1243 611 1304 664 et
1336 602 1594 680 quidem
1628 602 1702 662 ad
1736 602 1931 663 altare
1958 644 1976 674 ,
2017 600 2291 662 solemni
2346 602 2466 660 ritu
2508 598 2821 678 lactisque
2854 616 3048 661 sacrae
3075 599 3416 678 Scriptores

224 710 374 777 libris
408 704 617 783 :quod
654 704 789 783 ipse
813 707 1034 768 scribit
1061 706 1409 784 Gregorius
1436 705 1541 785 ta),
1573 706 1682 786 qui
1722 728 1749 761 α
1787 704 2067 783 parentis
2090 710 2307 765 votum
2340 719 2413 765 ac
2445 699 2839 764 desiderium
2876 708 3081 760 ratum
3117 700 3412 769 habuit,»

221 825 267 879 et
299 818 567 891 praestare
597 811 824 889 quovis
865 816 1147 887 tempore
1180 809 1471 882 studuit,
1525 822 1717 886 atque
1751 809 1943 870 etiam
1980 806 2301 886 praestitit.
2351 829 2379 862 α
2416 806 2499 885 (b)
2542 805 2845 867 Devinxit
2902 822 3001 868 me
3035 805 3159 865 sibi
3210 804 3415 866 amica

222 915 458 984 castitas,
494 912 727 989 inquit,
757 916 816 970 et
848 908 1019 970 carni
1054 908 1304 969 vincula
1343 908 1586 987 injecit,
1622 908 1950 986 simulque
1983 908 2311 969 ardentem
2358 907 2594 968 divina),
2626 905 2958 982 sapientiae
2995 923 3066 969 ac
3097 907 3239 968 vitae
3272 922 3412 967 mo-

220 1010 433 1073 nasticae
486 1023 762 1069 amorem
809 1007 1071 1086 injecit;
1107 1008 1249 1067 vitae
1282 1049 1300 1077 ,
1335 1024 1477 1085 quae
1513 1006 1637 1069 dici
1696 1012 1909 1086 potest
1956 1005 2189 1067 futurae
2239 1005 2569 1083 primitiae;
2606 1004 2845 1083 quippe
2895 1022 3037 1085 quae
3077 1015 3247 1068 costa
3284 1022 3408 1067 non

216 1116 443 1191 indiget,
476 1130 618 1190 quze
651 1130 881 1189 corpus
920 1110 1479 1187 circumplectatur
1509 1110 2113 1188 suum,-verbisque
2163 1109 2502 1186 deceptum
2542 1104 2792 1167 blandis
2847 1105 2921 1165 ad
2961 1122 3168 1167 amara
3214 1106 3413 1183 degu-

212 1217 399 1279 standa
460 1214 770 1275 adducat:
808 1237 836 1271 κ
875 1215 1004 1276 haec
1060 1222 1210 1275 sunt
1262 1215 1541 1293 conjugii
1594 1214 1846 1277 vincula
1873 1259 1889 1285 ,
1926 1213 2161 1292 quibus
2217 1211 2564 1290 Gregorius
2597 1228 2627 1271 a
2676 1226 2872 1287 puero
2919 1207 3252 1286 copulatus
3289 1219 3407 1271 est.

212 1318 422 1395 COtljtlI
452 1315 678 1394 ipsius,
713 1334 839 1377 non
876 1317 1258 1387 Theosebia,
1294 1318 1404 1379 sed
1442 1327 1746 1396 perpetua
1784 1321 2079 1392 castitas;
2123 1319 2357 1396 conjux
2410 1313 2724 1394 sapientia
2763 1309 2923 1381 fuit,
2969 1326 3041 1370 ac
3075 1313 3411 1388 utriusque

212 1419 353 1479 socia
383 1422 438 1476 et
466 1415 741 1491 adjutrix
780 1440 809 1475 «
841 1420 1132 1483 monachi
1174 1421 1322 1493 vita,
1359 1422 1546 1502 cujus
1579 1440 1858 1485 amorem
1896 1423 2019 1501 ipsi
2060 1446 2088 1480 ››
2125 1421 2341 1501 injecit
2381 1422 2677 1491 castitas,
2716 1433 2905 1496 quam
2968 1414 3036 1475 in
3096 1413 3404 1491 naufragii

217 1517 456 1595 periculo
489 1517 681 1589 vovit,
710 1524 769 1578 et
800 1535 987 1598 quam
1026 1526 1154 1581 toto
1200 1521 1341 1582 vita:
1376 1529 1686 1601 tempore,
1717 1531 2030 1603 quantum
2067 1522 2250 1585 licuit
2302 1539 2374 1584 ac
2424 1536 2624 1600 penes
2656 1520 2866 1598 ipsum
2901 1517 3046 1589 fuit,
3083 1515 3407 1593 professus

212 1622 305 1675 est.
1980 1649 1984 1652 .

273 1715 589 1775 lnnumera
623 1733 698 1777 ex
734 1718 1026 1797 Gregorii
1056 1722 1309 1801 scriptis
1346 1724 1466 1786 alia
1500 1724 1782 1802 proferre
1837 1724 2203 1788 testimonia
2258 1722 2639 1785 facillimum
2679 1728 2896 1791 esset,
2949 1718 3186 1799 quibus
3226 1718 3404 1777 illum

211 1814 357 1875 nullo
388 1831 666 1895 unquam
722 1824 1132 1885 matrimonio
1164 1826 1581 1887 constrictum
1614 1828 1814 1911 fuisse
1842 1872 1858 1900 ,
1896 1830 2007 1890 scd
2048 1831 2186 1907 ejus
2218 1874 2234 1903 ,
2268 1844 2459 1906 quam
2512 1826 2754 1888 amabat
2791 1825 3003 1899 unice,
3044 1846 3072 1880 α
3106 1821 3407 1885 castitatis

206 1922 339 1999 jugo
370 1923 521 1984 colla
561 1935 869 2005 perpetuo
920 1929 1313 2007 tirmiterque
1352 1931 1730 1995 submisisse
1763 1956 1791 1989 »
1838 1933 2235 1995 manifestum
2279 1934 2455 1995 ﬁeret
2497 1927 2597 2010 (ε).
2627 1930 2900 2006 Legatur
2930 1924 3206 1987 narratio
3236 1938 3407 1983 som-

206 2022 276 2081 nii
304 2024 456 2099 quod
483 2025 928 2089 sanctissimus
964 2028 1187 2090 doctor
1216 2030 1359 2093 fuse
1393 2031 1692 2095 describit
1726 2032 1839 2113 (d).
1891 2041 1949 2095 et
1988 2033 2052 2094 in
2100 2049 2228 2110 quo
2259 2032 2472 2095 adhuc
2503 2053 2531 2087 α
2569 2047 2750 2108 puer,
2784 2046 2899 2090 nec
2930 2034 3138 2089 tamen
3180 2025 3405 2085 admo-

206 2129 326 2189 dum
365 2147 540 2206 puer,
574 2150 791 2194 verum
827 2152 897 2197 ea
929 2142 1115 2197 aetate
1148 2156 1268 2217 qua
1309 2138 1460 2199 boni
1495 2147 1557 2200 et
1608 2140 1751 2201 mali
1791 2140 2177 2218 imaginibus
2212 2139 2469 2201 animus
2524 2136 2929 2205 informatur,
2975 2152 3005 2187 υ
3039 2125 3296 2189 castitas
3345 2131 3405 2185 et

203 2230 473 2306 sapientia
512 2233 639 2295 sibi
682 2236 833 2298 visre
864 2247 1013 2301 sunt
1044 2239 1319 2304 humana
1349 2244 1583 2321 specie,
1622 2251 1920 2324 tantaque
1954 2264 2029 2307 ex
2064 2246 2349 2325 ipsarum
2379 2243 2591 2306 afﬂatu
2638 2248 2699 2303 et
2744 2234 3074 2313 colloquio
3106 2228 3403 2311 puritatis

201 2338 425 2400 dilectio
482 2339 549 2401 in
626 2359 734 2406 cor
795 2349 1109 2409 emanavit
1142 2349 1396 2429 ipsique
1428 2368 1679 2431 semper
1708 2351 1984 2422 inhaesit,
2027 2358 2094 2411 ut
2136 2350 2462 2418 vecordes,
2507 2365 2587 2408 ne
2642 2341 2802 2425 quid
2855 2337 3058 2398 dicam
3092 2331 3394 2409 amplius,

200 2444 396 2503 merito
455 2443 809 2521 videantur,
843 2453 951 2531 qui
985 2453 1061 2516 de
1112 2454 1397 2530 Gregorii
1433 2468 1735 2535 perpetuo
1785 2458 2079 2522 ccelibatu
2118 2460 2217 2520 vel
2260 2457 2567 2535 tantisper
2616 2442 3050 2514 dubitaverint
3083 2438 3185 2519 (ε).
3223 2435 3401 2497 Unde

199 2541 276 2599 vir
312 2540 508 2617 factus
540 2546 913 2625 Gregorius,
949 2560 1007 2613 et
1044 2570 1185 2613 cum
1220 2553 1490 2614 Athenis
1523 2573 1817 2616 reversus
1848 2555 2278 2629 deliberaret,
2315 2569 2441 2615 non
2478 2553 2555 2614 de
2587 2549 2730 2611 vitae
2758 2560 2949 2610 cursu
2989 2585 3005 2615 ,
3046 2555 3265 2602 verum
3326 2540 3404 2599 de

199 2641 298 2713 Via.
330 2661 443 2723 Qua
492 2649 833 2723 expeditus
882 2658 956 2718 ad
994 2658 1385 2736 propositum
1419 2659 1603 2720 finem
1639 2660 1871 2739 certius
1908 2643 2293 2736 perveniret,
2332 2657 2454 2719 hoc
2494 2657 2767 2734 primum
2803 2645 3022 2728 ponit:
3059 2664 3087 2699 α
3135 2643 3216 2722 (f)
3266 2640 3399 2699 Jam

195 2741 318 2802 olim
356 2744 505 2806 mihi
540 2758 782 2810 certum
821 2764 979 2827 erat,
1014 2774 1083 2819 ac
1119 2757 1310 2819 veluti
1345 2757 1485 2835 lege
1517 2758 1857 2831 sancitum,
1894 2774 2040 2836 quae
2075 2756 2281 2819 carnis
2319 2753 2562 2817 suntin
2602 2750 2988 2831 profundum
3024 2764 3094 2808 ea
3128 2743 3401 2823 projice-

198 2858 279 2914 re;
317 2843 497 2923 idque
533 2856 667 2948 tum
707 2853 907 2930 magis
939 2874 1008 2916 ac
1042 2854 1240 2932 magis
1281 2856 1621 2918 arridebat.
1657 2880 1684 2913 υ

256 2945 407 3018 Quid
439 2945 638 3027 igitur
669 2954 793 3017 sibi
822 2958 956 3019 vult
995 2959 1342 3036 Gregorius
1375 2959 1474 3021 his
1513 2962 1723 3023 verbis
1746 2962 1854 3041 (g),
1878 2985 1906 3019 α
1938 2978 2126 3041 grave
2160 2963 2389 3043 jugum
2424 2954 2811 3022 matrimonii
2848 2972 2879 3015 a
2912 2969 3010 3014 me
3035 2951 3398 3029 seposui?»

193 3043 306 3104 Non
336 3047 704 3125 impositum
744 3058 861 3120 hoc
894 3078 1056 3123 onus
1091 3064 1345 3141 abjecit,
1376 3064 1484 3126 sed
1513 3066 1588 3126 ab
1616 3083 1690 3127 eo
1746 3085 1998 3145 semper
2055 3065 2441 3139 declinavit,
2472 3081 2505 3124 a
2543 3080 2610 3124 se
2640 3056 2901 3129 amovit.
2934 3055 3011 3117 ab
3045 3071 3119 3115 θο
3162 3053 3399 3115 8W0?-

194 3145 333 3220 ruit,
363 3165 579 3213 amore
612 3158 918 3222 castitatis
956 3170 1013 3225 et
1054 3164 1193 3225 vitae
1230 3165 1613 3227 monasticae.
1656 3165 1754 3228 Sic
1787 3182 1977 3244 grave
2032 3182 2199 3228 onus
2239 3162 2629 3226 matrimonii
2667 3161 2990 3233 excussit,
3035 3160 3204 3223 haud
3259 3161 3403 3238 qui-

194 3248 307 3309 dem
330 3252 699 3332 impositum
738 3281 1058 3344 unquam;
1093 3265 1204 3326 sed
1237 3283 1269 3326 a
1306 3283 1374 3327 se
1415 3266 1773 3329 amovendo
1806 3284 1885 3327 ne
1925 3265 2386 3343 imponeretur.
2416 3265 2556 3325 Non
2590 3263 2771 3324 aliter
2798 3261 3151 3339 Gregorius
3176 3278 3403 3323 excus-

195 3348 440 3411 sitonus
483 3357 903 3435 matrimonii,
936 3379 1124 3439 quam
1164 3369 1345 3421 caute
1388 3361 1692 3440 fugiendo
1724 3362 2037 3442 quidquid
2098 3362 2216 3424 hoc
2255 3362 2400 3423 vitae
2423 3377 2627 3439 genus
2659 3369 2947 3439 spectat,
2982 3368 3198 3439 utpote
3251 3377 3403 3422 con-

197 3450 425 3512 trarium
464 3458 803 3533 proposito
840 3460 1168 3522 servandae
1211 3462 1598 3539 virginitatis
1632 3472 1692 3524 et
1738 3469 1885 3525 vnto
1918 3460 2283 3523 monasticae
2325 3460 2492 3521 vitae.
2527 3458 2710 3519 Certe
2743 3458 3113 3536 Gregorius,
3148 3457 3258 3535 qui
3310 3457 3403 3516 vi-

192 3550 294 3604 tam
324 3553 738 3615 monasticam
774 3556 998 3618 iterato
1036 3566 1180 3620 voto
1211 3576 1281 3620 se
1328 3560 1771 3639 amplexurum
1816 3560 2234 3639 promiserat,
2269 3575 2537 3623 uxorem
2593 3560 2715 3621 sibi
2751 3558 3098 3638 adjungere
3130 3573 3254 3619 non
3291 3574 3401 3635 po-

197 3653 345 3747 terat,
378 3655 532 3733 quin
570 3658 777 3721 datam
816 3662 950 3726 Deo
989 3664 1170 3725 ﬁdem
1202 3666 1473 3740 falleret,
1510 3667 1852 3747 scelusque
1880 3667 2226 3729 maximum
2263 3667 2331 3727 in
2357 3684 2425 3728 se
2459 3665 2853 3728 admitteret.
2892 3663 3074 3726 Absit
3108 3663 3302 3741 igitur
3332 3670 3399 3725 ut

195 3746 366 3808 Virum
421 3759 544 3814 tam
576 3764 889 3832 sanctum,
926 3761 1157 3838 pietate
1192 3764 1535 3842 insignem,
1569 3746 1811 3828 tantum
1847 3767 2058 3829 scelus
2093 3777 2536 3847 perpetrasse;
2579 3766 2781 3839 absit,
2819 3766 3106 3846 inquam,
3142 3774 3209 3826 ut
3248 3766 3402 3826 Gre-

193 3846 411 3920 gorium
477 3863 702 3931 spreto
756 3863 1083 3922 servandae
1141 3863 1519 3941 virginitatis
1548 3872 1731 3939 voto,
1762 3882 1892 3945 quo
1925 3866 2271 3928 obstrictus
2303 3873 2457 3940 erat,
2498 3863 2610 3943 qui
2640 3885 2668 3918 α
2708 3863 2784 3924 ab
2820 3869 3004 3927 utero
3031 3861 3248 3925 matris
3299 3878 3395 3924 sa-

189 3959 273 4005 cer
302 3958 424 4011 erat
459 3996 478 4025 ,
525 3955 639 4032 qui
676 3959 894 4035 matris
938 3969 1150 4023 votum
1207 3980 1279 4024 ac
1341 3964 1730 4025 desiderium
1780 3973 1981 4035 ratum
2036 3964 2383 4040 habuerat,
2420 3986 2450 4021 ››
2488 3980 2751 4027 uxorem
2817 3964 3083 4027 duxisse
3138 3962 3402 4026 arbitre-

192 4060 325 4117 mur.
378 4058 489 4112 aut
547 4056 972 4135 suspicemur.
1033 4062 1207 4124 Talis
1252 4062 1534 4142 suspicio
1581 4071 1702 4126 tam
1743 4064 1806 4125 in
1838 4064 2219 4142 Gregorium
2275 4054 2583 4142 injuridsa
2614 4107 2630 4136 ,
2682 4080 2873 4142 quam
2935 4062 3248 4124 contraria
3295 4079 3401 4123 ve-

188 4147 350 4208 ritati.

247 4248 539 4317 Constare
561 4256 848 4322 debetex
871 4262 1057 4325 dictis
1084 4264 1463 4343 Gregorium
1505 4265 1700 4328 nullis
1739 4284 2018 4346 unquam
2050 4268 2319 4348 nuptiis,
2352 4285 2470 4329 nec
2505 4285 2647 4329 cum
2693 4267 3077 4338 Theosebia,
3113 4284 3230 4328 nec
3254 4284 3398 4327 cum

188 4348 283 4408 alia
314 4353 605 4430 qualibet
635 4357 867 4421 femina
894 4364 1219 4442 alligatum
1246 4365 1469 4426 fuisse.
1506 4363 1646 4438 Quo
1692 4366 2150 4444 disputationis
2179 4367 2382 4445 capite
2411 4367 2623 4446 posito
2650 4413 2666 4442 ,
2703 4386 2773 4431 ac
2809 4384 3031 4431 eorum
3070 4411 3086 4441 ,
3129 4385 3271 4450 quae
3301 4384 3401 4429 se-

187 4460 466 4527 quuntur,
508 4456 953 4537 fundamento,
986 4465 1115 4542 jam
1148 4473 1375 4543 sponte
1421 4482 1536 4528 sua
1578 4466 1872 4545 sequitur
1902 4466 2297 4545 Theologum
2334 4484 2459 4528 non
2520 4484 2662 4529 esse
2714 4484 2858 4530 eum
2894 4512 2910 4541 ,
2950 4468 3063 4547 qui
3108 4467 3172 4529 in
3204 4468 3402 4546 epita-

187 4549 308 4623 l'hio
331 4557 711 4623 Theosebiaa
737 4585 767 4619 α
802 4567 1069 4644 Magnus
1103 4590 1136 4625 »
1165 4569 1423 4643 dicitur,
1457 4579 1515 4633 et
1554 4572 1735 4649 cujus
1762 4570 2121 4633 Theosebia
2166 4593 2194 4627 α
2236 4587 2383 4633 vere
2421 4571 2654 4651 conjux
2685 4595 2714 4629 ι»
2740 4588 3077 4650 comparve
3123 4571 3399 4649 appella-

187 4658 288 4712 tur.
318 4658 481 4722 Hinc
526 4662 823 4739 efﬁcitur,
860 4668 1020 4731 nihil
1051 4670 1306 4732 obstare
1337 4670 1685 4748 quominus
1721 4669 1839 4731 hoc
1872 4670 2267 4749 epitaphium
2314 4687 2348 4731 a
2402 4669 2710 4748 Gregorio
2762 4669 3074 4731 elaborari
3112 4669 3399 4747 potuisse

184 4755 461 4825 credatur.
500 4763 644 4825 Imo
677 4783 801 4828 non
830 4776 1073 4830 tantum
1109 4769 1337 4845 potuit,
1358 4769 1479 4831 ‘Sed
1516 4771 1722 4847 reipsa
1762 4771 1841 4831 ab
1893 4770 2033 4848 ipso
2088 4769 2481 4831 elaboratum
2541 4787 2681 4849 esse
2734 4788 2810 4833 ex
2856 4771 3122 4849 epistola
3155 4770 3237 4831 al.
3268 4788 3396 4833 xcv

182 4856 563 4924 manifestum
600 4873 729 4941 est;
756 4885 897 4946 quae
929 4868 1187 4950 quidem
1207 4870 1475 4947 epistola
1506 4844 1647 4931 cum
1682 4844 2005 4951 epitaphio
2046 4877 2237 4933 rebus
2270 4875 2330 4932 et
2357 4844 2665 4931 verbisita
2693 4844 3025 4943 consonat,
3053 4877 3118 4931 ut
3151 4871 3395 4933 utrius-

185 4972 320 5031 que,
378 4964 473 5024 vel
539 4968 859 5041 neutrius,
919 4977 1140 5032 auctor
1186 4970 1630 5047 agnoscendus
1668 4972 1747 5032 sit
1783 4972 2156 5049 Gregorius.
2206 4973 2511 5033 Fatentur
2541 4978 2750 5033 autem
2778 4988 3002 5035 omnes
3037 4970 3395 5046 epistolam,

185 5077 528 5135 germanum
585 5092 727 5136 esse
775 5076 1077 5159 Theologi
1120 5080 1316 5140 fetum
1349 5079 1422 5140 ad
1454 5079 1829 5156 Gregorium
1869 5081 2234 5156 vassenum
2267 5079 2632 5141 scribentis.
2670 5081 2786 5140 Pro
2815 5086 2988 5141 certo
3024 5079 3239 5157 itaque
3293 5078 3399 5141 ha-

184 5163 454 5245 bendum,
491 5175 892 5255 Theologum
939 5196 1056 5240 nec
1089 5179 1485 5246 Theosebim.
1513 5193 1633 5240 nec
1677 5180 1786 5240 ulti
1814 5180 1923 5240 alii
1956 5198 2235 5260 unquam
2273 5179 2941 5257 conuubiojunctum,
2968 5182 3396 5260 eumdemque

185 5288 298 5333 esse
329 5288 653 5342 auctorem
719 5282 1052 5360 epitaphii.
1093 5284 1397 5345 Prmterea
1458 5282 1817 5354 Muratorii,
1855 5284 1962 5361 qui
2001 5284 2351 5362 epitaphio,
2395 5290 2458 5342 ut
2486 5291 2548 5343 et
2597 5280 2865 5357 epistola
2902 5280 2978 5341 ad
3012 5281 3393 5358 Gregorium

183 5367 545 5454 Nyssenum,
600 5392 967 5461 perpetuam
1002 5382 1310 5460 Theologi
1380 5381 1807 5460 virginitatem
1854 5383 2217 5447 labefactari
2247 5384 2611 5464 suSpicatus
2654 5390 2792 5456 est,
2830 5382 3104 5446 rationes
3164 5399 3395 5445 evane-

182 5484 339 5536 scunt
377 5491 438 5542 et
470 5483 768 5548 funditus
813 5494 1143 5549 corruunt.

236 5608 301 5700 ξιξ)
329 5614 506 5700 εἶξε-ειη.
541 5618 591 5672 al
623 5621 763 5700 123‘s.
796 5624 919 5690 426,
955 5624 1219 5691 455,448,
1257 5623 1381 5679 449.

1209 5665 1219 5690 ν
1257 5623 1381 5679 “9-
1897 5630 1963 5700 (e)
1983 5630 2162 5686 Carm.
2188 5630 2257 5686 al.
2294 5629 2344 5693 1,
2374 5628 2620 5700 νηίζδοει
2644 5642 2759 5699 seq.

232 5683 486 5772 tritam"
527 5683 917 5772 v;456,_e_i_c.'
1067 5683 1078 5689 '
1206 5683 1216 5691 '

1067 5683 1078 5689 -
1206 5683 1216 5691 ·
1996 5683 2159 5767 ἰιιῐάζέ
2276 5683 2403 5766 '28"
2431 5698 2555 5772 ἓξὲξ

332 5755 513 5845 Earini.
560 5752 873 5845 5,Λξ’ὶ.“11η(ξὶ.⁸
932 5836 1030 5845 Μ-
1090 5835 1186 5845 MA
1273 5840 1285 5845 _
1309 5839 1407 5845 _‘_
1901 5752 1971 5845 ('9’)
2386 5752 2585 5827 v.28?»

240 5825 307 5893 (ά)
338 5823 495 5896 lbid.,
541 5846 592 5885 ν.
616 5834 740 5901 9.05,
772 5836 895 5903 206,
930 5836 1053 5905 9.07,
1087 5835 1188 5894 εὶΟὸ
1224 5840 1285 5893 ad
1308 5839 1431 5896 315.
