  <div class='ocr_page' id='page_1' title='image "/cluster/home/n/w/nwhite01/storage/ocr_20150623/35/hvd.32044024473308/031.png"; bbox 0 0 3918 6554; ppageno 0'>
   <div class='ocr_carea' id='block_1_1' title="bbox 517 419 2064 493">
    <p class='ocr_par' dir='ltr' id='par_1_1' title="bbox 517 419 2064 481">
     <span class='ocr_line' id='line_1_1' title="bbox 517 419 2064 481; baseline -0.001 -3"><span class='ocrx_word' id='word_1_1' title='bbox 517 420 584 479; x_wconf 74' lang='grc'><strong>81</strong></span> <span class='ocrx_word' id='word_1_2' title='bbox 1509 419 1877 481; x_wconf 60' lang='grc' dir='ltr'><strong>ΡικυξιτΑτιο</strong></span> <span class='ocrx_word' id='word_1_3' title='bbox 1917 421 2064 478; x_wconf 78' lang='lat' dir='ltr'><strong>GEN]</strong></span> 
     </span>
    </p>
   </div>
   <div class='ocr_carea' id='block_1_2' title="bbox 2208 419 3755 493">
    <p class='ocr_par' dir='ltr' id='par_1_2' title="bbox 2208 422 3755 493">
     <span class='ocr_line' id='line_1_2' title="bbox 2208 422 3755 493; baseline 0.01 -16"><span class='ocrx_word' id='word_1_4' title='bbox 2208 422 2327 479; x_wconf 88' lang='lat' dir='ltr'><strong>LIS.</strong></span> <span class='ocrx_word' id='word_1_5' title='bbox 2364 452 2437 466; x_wconf 93' lang='lat'><strong>—</strong></span> <span class='ocrx_word' id='word_1_6' title='bbox 2467 422 2646 482; x_wconf 83' lang='lat' dir='ltr'><strong>PARS</strong></span> <span class='ocrx_word' id='word_1_7' title='bbox 2676 426 2740 483; x_wconf 84' lang='lat' dir='ltr'><strong>Il.</strong></span> <span class='ocrx_word' id='word_1_8' title='bbox 3686 437 3755 493; x_wconf 66' lang='lat'><strong>53</strong></span> 
     </span>
    </p>
   </div>
   <div class='ocr_carea' id='block_1_3' title="bbox 597 528 3753 628">
    <p class='ocr_par' dir='ltr' id='par_1_3' title="bbox 597 528 3753 628">
     <span class='ocr_line' id='line_1_3' title="bbox 597 528 3753 628; baseline 0.005 -29"><span class='ocrx_word' id='word_1_9' title='bbox 597 539 733 603; x_wconf 76' lang='lat' dir='ltr'><strong>Iam</strong></span> <span class='ocrx_word' id='word_1_10' title='bbox 770 556 921 602; x_wconf 83' lang='lat' dir='ltr'><strong>vero</strong></span> <span class='ocrx_word' id='word_1_11' title='bbox 948 551 1002 602; x_wconf 81' lang='lat' dir='ltr'><strong>st</strong></span> <span class='ocrx_word' id='word_1_12' title='bbox 1034 553 1305 618; x_wconf 63' lang='lat' dir='ltr'><strong>quaeras,</strong></span> <span class='ocrx_word' id='word_1_13' title='bbox 1345 538 1492 619; x_wconf 87' lang='lat' dir='ltr'><strong>quis</strong></span> <span class='ocrx_word' id='word_1_14' title='bbox 1542 540 1650 602; x_wconf 90' lang='lat' dir='ltr'><strong>ille</strong></span> <span class='ocrx_word' id='word_1_15' title='bbox 1701 541 1785 602; x_wconf 90' lang='lat' dir='ltr'><strong>sit</strong></span> <span class='ocrx_word' id='word_1_16' title='bbox 1821 542 2198 620; x_wconf 80' lang='lat' dir='ltr'><strong>Gregorius.</strong></span> <span class='ocrx_word' id='word_1_17' title='bbox 2232 545 2347 621; x_wconf 86' lang='lat' dir='ltr'><strong>qui</strong></span> <span class='ocrx_word' id='word_1_18' title='bbox 2396 543 2461 604; x_wconf 89' lang='lat' dir='ltr'><strong>in</strong></span> <span class='ocrx_word' id='word_1_19' title='bbox 2498 545 2821 623; x_wconf 89' lang='lat' dir='ltr'><strong>epitapbio</strong></span> <span class='ocrx_word' id='word_1_20' title='bbox 2856 569 2884 615; x_wconf 70' lang='grc' dir='ltr'><strong>α</strong></span> <span class='ocrx_word' id='word_1_21' title='bbox 2920 547 3193 627; x_wconf 88' lang='lat' dir='ltr'><strong>Magnus</strong></span> <span class='ocrx_word' id='word_1_22' title='bbox 3229 575 3259 611; x_wconf 69' lang='lat' dir='ltr'><strong>an</strong></span> <span class='ocrx_word' id='word_1_23' title='bbox 3293 554 3551 628; x_wconf 88' lang='lat' dir='ltr'><strong>dicitur,</strong></span> <span class='ocrx_word' id='word_1_24' title='bbox 3589 528 3753 620; x_wconf 83' lang='lat' dir='ltr'><strong>ultro</strong></span> 
     </span>
    </p>
   </div>
   <div class='ocr_carea' id='block_1_4' title="bbox 517 642 3753 731">
    <p class='ocr_par' dir='ltr' id='par_1_4' title="bbox 517 642 3753 731">
     <span class='ocr_line' id='line_1_4' title="bbox 517 642 3753 731; baseline 0.004 -24"><span class='ocrx_word' id='word_1_25' title='bbox 517 642 1080 722; x_wconf 77' lang='lat' dir='ltr'><strong>respondebimus,</strong></span> <span class='ocrx_word' id='word_1_26' title='bbox 1115 643 1361 703; x_wconf 91' lang='lat' dir='ltr'><strong>nullum</strong></span> <span class='ocrx_word' id='word_1_27' title='bbox 1389 642 1585 705; x_wconf 89' lang='lat' dir='ltr'><strong>alium</strong></span> <span class='ocrx_word' id='word_1_28' title='bbox 1626 661 1769 706; x_wconf 90' lang='lat' dir='ltr'><strong>esse</strong></span> <span class='ocrx_word' id='word_1_29' title='bbox 1801 662 1991 723; x_wconf 87' lang='lat' dir='ltr'><strong>quam</strong></span> <span class='ocrx_word' id='word_1_30' title='bbox 2026 647 2410 725; x_wconf 85' lang='lat' dir='ltr'><strong>Nyssenum.</strong></span> <span class='ocrx_word' id='word_1_31' title='bbox 2445 649 2631 721; x_wconf 88' lang='lat' dir='ltr'><strong>Quod</strong></span> <span class='ocrx_word' id='word_1_32' title='bbox 2662 658 2873 712; x_wconf 89' lang='lat' dir='ltr'><strong>autem</strong></span> <span class='ocrx_word' id='word_1_33' title='bbox 2908 652 3322 717; x_wconf 87' lang='lat' dir='ltr'><strong>Theosebiam</strong></span> <span class='ocrx_word' id='word_1_34' title='bbox 3361 664 3598 731; x_wconf 80' lang='lat' dir='ltr'><strong>spectat</strong></span> <span class='ocrx_word' id='word_1_35' title='bbox 3630 677 3647 718; x_wconf 89' lang='lat'><strong>:</strong></span> <span class='ocrx_word' id='word_1_36' title='bbox 3688 658 3753 719; x_wconf 92' lang='lat' dir='ltr'><strong>in</strong></span> 
     </span>
    </p>
   </div>
   <div class='ocr_carea' id='block_1_5' title="bbox 516 741 3756 832">
    <p class='ocr_par' dir='ltr' id='par_1_5' title="bbox 516 741 3756 832">
     <span class='ocr_line' id='line_1_5' title="bbox 516 741 3756 832; baseline 0.005 -25"><span class='ocrx_word' id='word_1_37' title='bbox 516 741 792 820; x_wconf 83' lang='lat' dir='ltr'><strong>epistola</strong></span> <span class='ocrx_word' id='word_1_38' title='bbox 839 764 870 801; x_wconf 72' lang='grc' dir='ltr'>ι</span> <span class='ocrx_word' id='word_1_39' title='bbox 903 744 1245 807; x_wconf 77' lang='lat' dir='ltr'><strong>sacerdotis</strong></span> <span class='ocrx_word' id='word_1_40' title='bbox 1281 748 1515 825; x_wconf 78' lang='lat' dir='ltr'><strong>conjux</strong></span> <span class='ocrx_word' id='word_1_41' title='bbox 1576 772 1606 805; x_wconf 71' lang='grc' dir='ltr'><strong>ιι</strong></span> <span class='ocrx_word' id='word_1_42' title='bbox 1660 764 1998 828; x_wconf 90' lang='lat' dir='ltr'><strong>comparve</strong></span> <span class='ocrx_word' id='word_1_43' title='bbox 2048 749 2445 828; x_wconf 76' lang='lat' dir='ltr'><strong>appellatur;</strong></span> <span class='ocrx_word' id='word_1_44' title='bbox 2479 752 2541 811; x_wconf 92' lang='lat' dir='ltr'><strong>in</strong></span> <span class='ocrx_word' id='word_1_45' title='bbox 2568 753 2892 832; x_wconf 90' lang='lat' dir='ltr'><strong>epitaphio</strong></span> <span class='ocrx_word' id='word_1_46' title='bbox 2928 756 3284 818; x_wconf 78' lang='lat' dir='ltr'><strong>sacerdotis</strong></span> <span class='ocrx_word' id='word_1_47' title='bbox 3316 756 3492 819; x_wconf 92' lang='lat' dir='ltr'><strong>illius</strong></span> <span class='ocrx_word' id='word_1_48' title='bbox 3522 775 3756 824; x_wconf 87' lang='lat' dir='ltr'><strong>nomen</strong></span> 
     </span>
    </p>
   </div>
   <div class='ocr_carea' id='block_1_6' title="bbox 521 846 3759 936">
    <p class='ocr_par' dir='ltr' id='par_1_6' title="bbox 521 846 3759 936">
     <span class='ocr_line' id='line_1_6' title="bbox 521 846 3759 936; baseline 0.005 -29"><span class='ocrx_word' id='word_1_49' title='bbox 521 846 914 922; x_wconf 82' lang='lat' dir='ltr'><strong>declaratur;</strong></span> <span class='ocrx_word' id='word_1_50' title='bbox 950 864 1306 929; x_wconf 83' lang='lat' dir='ltr'><strong>rursusque</strong></span> <span class='ocrx_word' id='word_1_51' title='bbox 1336 852 1517 930; x_wconf 83' lang='lat' dir='ltr'><strong>cujus</strong></span> <span class='ocrx_word' id='word_1_52' title='bbox 1570 852 1922 917; x_wconf 78' lang='lat' dir='ltr'><strong>sacerdotis</strong></span> <span class='ocrx_word' id='word_1_53' title='bbox 1959 857 2019 915; x_wconf 86' lang='lat' dir='ltr'><strong>et</strong></span> <span class='ocrx_word' id='word_1_54' title='bbox 2049 852 2234 932; x_wconf 90' lang='lat' dir='ltr'><strong>cujus</strong></span> <span class='ocrx_word' id='word_1_55' title='bbox 2281 853 2576 930; x_wconf 82' lang='lat' dir='ltr'><strong>Gregorii</strong></span> <span class='ocrx_word' id='word_1_56' title='bbox 2606 854 2798 917; x_wconf 84' lang='lat' dir='ltr'><strong>fuerit</strong></span> <span class='ocrx_word' id='word_1_57' title='bbox 2833 878 2862 912; x_wconf 77' lang='grc' dir='ltr'><strong>α</strong></span> <span class='ocrx_word' id='word_1_58' title='bbox 2897 873 3153 936; x_wconf 87' lang='lat' dir='ltr'><strong>compar</strong></span> <span class='ocrx_word' id='word_1_59' title='bbox 3188 880 3215 915; x_wconf 61' lang='grc' dir='ltr'><strong><em>ω</em></strong></span> <span class='ocrx_word' id='word_1_60' title='bbox 3256 859 3609 923; x_wconf 81' lang='lat' dir='ltr'><strong>Theosebia</strong></span> <span class='ocrx_word' id='word_1_61' title='bbox 3650 863 3759 924; x_wconf 89' lang='lat' dir='ltr'><strong>de-</strong></span> 
     </span>
    </p>
   </div>
   <div class='ocr_carea' id='block_1_7' title="bbox 519 946 3752 1035">
    <p class='ocr_par' dir='ltr' id='par_1_7' title="bbox 519 946 3752 1035">
     <span class='ocr_line' id='line_1_7' title="bbox 519 946 3752 1035; baseline 0.006 -31"><span class='ocrx_word' id='word_1_62' title='bbox 519 946 878 1011; x_wconf 77' lang='lat' dir='ltr'><strong>nuntiatur.</strong></span> <span class='ocrx_word' id='word_1_63' title='bbox 910 946 1219 1028; x_wconf 85' lang='lat' dir='ltr'><strong>Quisquis</strong></span> <span class='ocrx_word' id='word_1_64' title='bbox 1247 950 1390 1011; x_wconf 89' lang='lat' dir='ltr'><strong>illas</strong></span> <span class='ocrx_word' id='word_1_65' title='bbox 1425 950 1669 1015; x_wconf 84' lang='lat' dir='ltr'><strong>litteras</strong></span> <span class='ocrx_word' id='word_1_66' title='bbox 1701 950 1974 1028; x_wconf 87' lang='lat' dir='ltr'><strong>legerit,</strong></span> <span class='ocrx_word' id='word_1_67' title='bbox 2008 967 2136 1011; x_wconf 90' lang='lat' dir='ltr'><strong>non</strong></span> <span class='ocrx_word' id='word_1_68' title='bbox 2193 950 2513 1012; x_wconf 80' lang='lat' dir='ltr'><strong>dubitabit</strong></span> <span class='ocrx_word' id='word_1_69' title='bbox 2549 952 2698 1031; x_wconf 89' lang='lat' dir='ltr'><strong>quis</strong></span> <span class='ocrx_word' id='word_1_70' title='bbox 2734 954 2845 1015; x_wconf 90' lang='lat' dir='ltr'><strong>ille</strong></span> <span class='ocrx_word' id='word_1_71' title='bbox 2871 954 2953 1015; x_wconf 85' lang='lat' dir='ltr'><strong>sit</strong></span> <span class='ocrx_word' id='word_1_72' title='bbox 2985 956 3356 1032; x_wconf 81' lang='lat' dir='ltr'><strong>Gregorius.</strong></span> <span class='ocrx_word' id='word_1_73' title='bbox 3390 959 3544 1035; x_wconf 83' lang='lat' dir='ltr'><strong>Ejus</strong></span> <span class='ocrx_word' id='word_1_74' title='bbox 3583 961 3752 1022; x_wconf 87' lang='lat' dir='ltr'><strong>enim</strong></span> 
     </span>
    </p>
   </div>
   <div class='ocr_carea' id='block_1_8' title="bbox 517 1044 3754 1133">
    <p class='ocr_par' dir='ltr' id='par_1_8' title="bbox 517 1044 3754 1133">
     <span class='ocr_line' id='line_1_8' title="bbox 517 1044 3754 1133; baseline 0.004 -26"><span class='ocrx_word' id='word_1_75' title='bbox 517 1044 726 1122; x_wconf 86' lang='lat' dir='ltr'><strong>ipsius</strong></span> <span class='ocrx_word' id='word_1_76' title='bbox 758 1047 1132 1122; x_wconf 86' lang='lat' dir='ltr'><strong>sacerdotis,</strong></span> <span class='ocrx_word' id='word_1_77' title='bbox 1162 1054 1231 1109; x_wconf 89' lang='lat' dir='ltr'><strong>ut</strong></span> <span class='ocrx_word' id='word_1_78' title='bbox 1255 1056 1348 1109; x_wconf 91' lang='lat' dir='ltr'><strong>est</strong></span> <span class='ocrx_word' id='word_1_79' title='bbox 1377 1048 1443 1111; x_wconf 88' lang='lat' dir='ltr'><strong>in</strong></span> <span class='ocrx_word' id='word_1_80' title='bbox 1486 1048 1780 1128; x_wconf 89' lang='lat' dir='ltr'><strong>epistola,</strong></span> <span class='ocrx_word' id='word_1_81' title='bbox 1808 1048 1945 1127; x_wconf 87' lang='lat' dir='ltr'><strong>ejus</strong></span> <span class='ocrx_word' id='word_1_82' title='bbox 1975 1048 2288 1125; x_wconf 81' lang='lat' dir='ltr'><strong>Gregorii,</strong></span> <span class='ocrx_word' id='word_1_83' title='bbox 2326 1058 2392 1107; x_wconf 89' lang='lat' dir='ltr'><strong>ut</strong></span> <span class='ocrx_word' id='word_1_84' title='bbox 2454 1048 2753 1113; x_wconf 87' lang='lat' dir='ltr'><strong>disertius</strong></span> <span class='ocrx_word' id='word_1_85' title='bbox 2787 1050 2971 1114; x_wconf 85' lang='lat' dir='ltr'><strong>habet</strong></span> <span class='ocrx_word' id='word_1_86' title='bbox 3003 1055 3393 1133; x_wconf 84' lang='lat' dir='ltr'><strong>epitaphium</strong></span> <span class='ocrx_word' id='word_1_87' title='bbox 3423 1101 3438 1129; x_wconf 94' lang='lat'><strong>,</strong></span> <span class='ocrx_word' id='word_1_88' title='bbox 3471 1058 3754 1131; x_wconf 85' lang='lat' dir='ltr'><strong>Theose-</strong></span> 
     </span>
    </p>
   </div>
   <div class='ocr_carea' id='block_1_9' title="bbox 518 1142 3756 1236">
    <p class='ocr_par' dir='ltr' id='par_1_9' title="bbox 518 1142 3756 1236">
     <span class='ocr_line' id='line_1_9' title="bbox 518 1142 3756 1236; baseline 0.004 -28"><span class='ocrx_word' id='word_1_89' title='bbox 518 1142 623 1208; x_wconf 91' lang='lat' dir='ltr'><strong>bia</strong></span> <span class='ocrx_word' id='word_1_90' title='bbox 656 1168 685 1202; x_wconf 78' lang='grc' dir='ltr'><strong><em>α</em></strong></span> <span class='ocrx_word' id='word_1_91' title='bbox 721 1162 998 1225; x_wconf 87' lang='lat' dir='ltr'><strong>compar,</strong></span> <span class='ocrx_word' id='word_1_92' title='bbox 1039 1171 1066 1210; x_wconf 68' lang='grc' dir='ltr'><strong><em>ν</em></strong></span> <span class='ocrx_word' id='word_1_93' title='bbox 1114 1149 1213 1217; x_wconf 86' lang='lat' dir='ltr'><strong>vel</strong></span> <span class='ocrx_word' id='word_1_94' title='bbox 1249 1148 1301 1210; x_wconf 89' lang='lat' dir='ltr'><strong>si</strong></span> <span class='ocrx_word' id='word_1_95' title='bbox 1336 1150 1534 1209; x_wconf 86' lang='lat' dir='ltr'><strong>mavis</strong></span> <span class='ocrx_word' id='word_1_96' title='bbox 1564 1192 1581 1222; x_wconf 95' lang='lat'><strong>,</strong></span> <span class='ocrx_word' id='word_1_97' title='bbox 1616 1170 1644 1203; x_wconf 78' lang='grc' dir='ltr'><strong>α</strong></span> <span class='ocrx_word' id='word_1_98' title='bbox 1681 1148 1918 1225; x_wconf 76' lang='lat' dir='ltr'><strong>conjux</strong></span> <span class='ocrx_word' id='word_1_99' title='bbox 1955 1191 1966 1217; x_wconf 91' lang='lat'><strong>,</strong></span> <span class='ocrx_word' id='word_1_100' title='bbox 2004 1170 2032 1204; x_wconf 74' lang='grc' dir='ltr'><strong>ιο</strong></span> <span class='ocrx_word' id='word_1_101' title='bbox 2086 1165 2116 1210; x_wconf 90' lang='lat' dir='ltr'><strong>a</strong></span> <span class='ocrx_word' id='word_1_102' title='bbox 2151 1163 2279 1228; x_wconf 93' lang='lat' dir='ltr'><strong>quo</strong></span> <span class='ocrx_word' id='word_1_103' title='bbox 2326 1147 2495 1211; x_wconf 83' lang='lat' dir='ltr'><strong>illam</strong></span> <span class='ocrx_word' id='word_1_104' title='bbox 2529 1147 2594 1209; x_wconf 92' lang='lat' dir='ltr'><strong>in</strong></span> <span class='ocrx_word' id='word_1_105' title='bbox 2628 1149 2897 1229; x_wconf 87' lang='lat' dir='ltr'><strong>epistola</strong></span> <span class='ocrx_word' id='word_1_106' title='bbox 2952 1157 3350 1234; x_wconf 80' lang='lat' dir='ltr'><strong>commendat</strong></span> <span class='ocrx_word' id='word_1_107' title='bbox 3416 1157 3756 1236; x_wconf 83' lang='lat' dir='ltr'><strong>laudatque</strong></span> 
     </span>
    </p>
   </div>
   <div class='ocr_carea' id='block_1_10' title="bbox 520 1255 3756 1337">
    <p class='ocr_par' dir='ltr' id='par_1_10' title="bbox 520 1255 3756 1337">
     <span class='ocr_line' id='line_1_10' title="bbox 520 1255 3756 1337; baseline 0.001 -21"><span class='ocrx_word' id='word_1_108' title='bbox 520 1255 939 1336; x_wconf 88' lang='lat' dir='ltr'><strong>Theologus;</strong></span> <span class='ocrx_word' id='word_1_109' title='bbox 979 1258 1119 1337; x_wconf 89' lang='lat' dir='ltr'><strong>ejus</strong></span> <span class='ocrx_word' id='word_1_110' title='bbox 1144 1259 1375 1321; x_wconf 86' lang='lat' dir='ltr'><strong>iterum</strong></span> <span class='ocrx_word' id='word_1_111' title='bbox 1409 1259 1785 1332; x_wconf 88' lang='lat' dir='ltr'><strong>sacerdotis,</strong></span> <span class='ocrx_word' id='word_1_112' title='bbox 1819 1259 1919 1320; x_wconf 92' lang='lat' dir='ltr'><strong>cui</strong></span> <span class='ocrx_word' id='word_1_113' title='bbox 1959 1263 2019 1320; x_wconf 93' lang='lat' dir='ltr'><strong>et</strong></span> <span class='ocrx_word' id='word_1_114' title='bbox 2054 1259 2291 1321; x_wconf 81' lang='lat' dir='ltr'><strong>virtute</strong></span> <span class='ocrx_word' id='word_1_115' title='bbox 2329 1279 2359 1314; x_wconf 75' lang='grc' dir='ltr'><strong><em>α</em></strong></span> <span class='ocrx_word' id='word_1_116' title='bbox 2401 1276 2511 1337; x_wconf 89' lang='lat' dir='ltr'><strong>par</strong></span> <span class='ocrx_word' id='word_1_117' title='bbox 2545 1282 2572 1315; x_wconf 76' lang='grc' dir='ltr'><strong>ιο</strong></span> <span class='ocrx_word' id='word_1_118' title='bbox 2604 1266 2665 1327; x_wconf 81' lang='lat' dir='ltr'><strong>et</strong></span> <span class='ocrx_word' id='word_1_119' title='bbox 2697 1259 2941 1323; x_wconf 86' lang='lat' dir='ltr'><strong>honore</strong></span> <span class='ocrx_word' id='word_1_120' title='bbox 2974 1260 3323 1324; x_wconf 88' lang='lat' dir='ltr'><strong>Theosebia</strong></span> <span class='ocrx_word' id='word_1_121' title='bbox 3351 1258 3756 1336; x_wconf 81' lang='lat' dir='ltr'><strong>praedicatur,</strong></span> 
     </span>
    </p>
   </div>
   <div class='ocr_carea' id='block_1_11' title="bbox 520 1352 3754 1443">
    <p class='ocr_par' dir='ltr' id='par_1_11' title="bbox 520 1352 3754 1443">
     <span class='ocr_line' id='line_1_11' title="bbox 520 1352 3754 1443; baseline 0.001 -24"><span class='ocrx_word' id='word_1_122' title='bbox 520 1359 793 1440; x_wconf 83' lang='lat' dir='ltr'><strong>ejusque</strong></span> <span class='ocrx_word' id='word_1_123' title='bbox 845 1352 1004 1425; x_wconf 84' lang='lat' dir='ltr'><strong>adeo</strong></span> <span class='ocrx_word' id='word_1_124' title='bbox 1061 1364 1449 1436; x_wconf 84' lang='lat' dir='ltr'><strong>sacerdotis,</strong></span> <span class='ocrx_word' id='word_1_125' title='bbox 1497 1364 1639 1442; x_wconf 90' lang='lat' dir='ltr'><strong>ejus</strong></span> <span class='ocrx_word' id='word_1_126' title='bbox 1694 1362 1988 1441; x_wconf 79' lang='lat' dir='ltr'><strong>Gregorii</strong></span> <span class='ocrx_word' id='word_1_127' title='bbox 2050 1384 2080 1421; x_wconf 79' lang='grc' dir='ltr'>α</span> <span class='ocrx_word' id='word_1_128' title='bbox 2136 1379 2417 1441; x_wconf 88' lang='lat' dir='ltr'><strong>compar,</strong></span> <span class='ocrx_word' id='word_1_129' title='bbox 2454 1385 2482 1427; x_wconf 67' lang='grc' dir='ltr'>η</span> <span class='ocrx_word' id='word_1_130' title='bbox 2545 1365 2617 1423; x_wconf 82' lang='lat' dir='ltr'><strong>ad</strong></span> <span class='ocrx_word' id='word_1_131' title='bbox 2660 1380 2847 1439; x_wconf 91' lang='lat' dir='ltr'><strong>quem</strong></span> <span class='ocrx_word' id='word_1_132' title='bbox 2913 1364 3235 1443; x_wconf 88' lang='lat' dir='ltr'><strong>pertinent</strong></span> <span class='ocrx_word' id='word_1_133' title='bbox 3306 1362 3432 1424; x_wconf 70' lang='lat' dir='ltr'><strong>illa)</strong></span> <span class='ocrx_word' id='word_1_134' title='bbox 3491 1361 3754 1434; x_wconf 89' lang='lat' dir='ltr'><strong>laudes,</strong></span> 
     </span>
    </p>
   </div>
   <div class='ocr_carea' id='block_1_12' title="bbox 519 1450 3757 1548">
    <p class='ocr_par' dir='ltr' id='par_1_12' title="bbox 519 1450 3757 1548">
     <span class='ocr_line' id='line_1_12' title="bbox 519 1450 3757 1548; baseline 0 -26"><span class='ocrx_word' id='word_1_135' title='bbox 519 1461 595 1523; x_wconf 91' lang='lat' dir='ltr'><strong>ad</strong></span> <span class='ocrx_word' id='word_1_136' title='bbox 652 1481 843 1543; x_wconf 88' lang='lat' dir='ltr'><strong>quem</strong></span> <span class='ocrx_word' id='word_1_137' title='bbox 912 1468 1072 1529; x_wconf 62' lang='lat' dir='ltr'><strong>data;</strong></span> <span class='ocrx_word' id='word_1_138' title='bbox 1123 1474 1275 1533; x_wconf 88' lang='lat' dir='ltr'><strong>sunt</strong></span> <span class='ocrx_word' id='word_1_139' title='bbox 1334 1450 1773 1541; x_wconf 68' lang='lat' dir='ltr'><strong>litterm.0uee</strong></span> <span class='ocrx_word' id='word_1_140' title='bbox 1827 1484 1971 1533; x_wconf 90' lang='lat' dir='ltr'><strong>cum</strong></span> <span class='ocrx_word' id='word_1_141' title='bbox 2025 1466 2153 1527; x_wconf 88' lang='lat' dir='ltr'><strong>sint</strong></span> <span class='ocrx_word' id='word_1_142' title='bbox 2212 1468 2286 1527; x_wconf 91' lang='lat' dir='ltr'><strong>ad</strong></span> <span class='ocrx_word' id='word_1_143' title='bbox 2348 1468 2709 1544; x_wconf 80' lang='lat' dir='ltr'><strong>Nyssenum</strong></span> <span class='ocrx_word' id='word_1_144' title='bbox 2761 1474 3033 1547; x_wconf 66' lang='lat' dir='ltr'><strong>scriptae,</strong></span> <span class='ocrx_word' id='word_1_145' title='bbox 3068 1464 3570 1548; x_wconf 88' lang='lat' dir='ltr'><strong>ipsissimusille</strong></span> <span class='ocrx_word' id='word_1_146' title='bbox 3601 1465 3757 1525; x_wconf 91' lang='lat' dir='ltr'><strong>Gre-</strong></span> 
     </span>
    </p>
   </div>
   <div class='ocr_carea' id='block_1_13' title="bbox 519 1564 3758 1658">
    <p class='ocr_par' dir='ltr' id='par_1_13' title="bbox 519 1564 3758 1658">
     <span class='ocr_line' id='line_1_13' title="bbox 519 1564 3758 1658; baseline 0.003 -32"><span class='ocrx_word' id='word_1_147' title='bbox 519 1564 739 1642; x_wconf 86' lang='lat' dir='ltr'><strong>gorius</strong></span> <span class='ocrx_word' id='word_1_148' title='bbox 785 1568 1115 1637; x_wconf 88' lang='lat' dir='ltr'><strong>habendus</strong></span> <span class='ocrx_word' id='word_1_149' title='bbox 1171 1584 1306 1653; x_wconf 89' lang='lat' dir='ltr'><strong>est,</strong></span> <span class='ocrx_word' id='word_1_150' title='bbox 1339 1579 1522 1658; x_wconf 89' lang='lat' dir='ltr'><strong>cujus</strong></span> <span class='ocrx_word' id='word_1_151' title='bbox 1561 1584 1622 1640; x_wconf 87' lang='lat' dir='ltr'><strong>et</strong></span> <span class='ocrx_word' id='word_1_152' title='bbox 1654 1600 1683 1641; x_wconf 72' lang='grc' dir='ltr'><strong>α</strong></span> <span class='ocrx_word' id='word_1_153' title='bbox 1735 1594 1975 1641; x_wconf 77' lang='lat' dir='ltr'><strong>soror»</strong></span> <span class='ocrx_word' id='word_1_154' title='bbox 2028 1585 2087 1639; x_wconf 92' lang='lat' dir='ltr'><strong>et</strong></span> <span class='ocrx_word' id='word_1_155' title='bbox 2128 1600 2156 1633; x_wconf 77' lang='grc' dir='ltr'><strong>α</strong></span> <span class='ocrx_word' id='word_1_156' title='bbox 2193 1577 2425 1655; x_wconf 76' lang='lat' dir='ltr'><strong>conjux</strong></span> <span class='ocrx_word' id='word_1_157' title='bbox 2460 1621 2476 1648; x_wconf 92' lang='lat'><strong>,</strong></span> <span class='ocrx_word' id='word_1_158' title='bbox 2539 1600 2568 1633; x_wconf 81' lang='lat'><strong><em>»</em></strong></span> <span class='ocrx_word' id='word_1_159' title='bbox 2628 1594 2741 1645; x_wconf 87' lang='lat' dir='ltr'><strong>seu</strong></span> <span class='ocrx_word' id='word_1_160' title='bbox 2802 1577 3002 1653; x_wconf 89' lang='lat' dir='ltr'><strong>magis</strong></span> <span class='ocrx_word' id='word_1_161' title='bbox 3056 1599 3084 1634; x_wconf 74' lang='grc' dir='ltr'><strong><em>α</em></strong></span> <span class='ocrx_word' id='word_1_162' title='bbox 3143 1592 3425 1652; x_wconf 90' lang='lat' dir='ltr'><strong>compar,</strong></span> <span class='ocrx_word' id='word_1_163' title='bbox 3486 1595 3517 1630; x_wconf 82' lang='grc'><strong>»</strong></span> <span class='ocrx_word' id='word_1_164' title='bbox 3567 1577 3635 1632; x_wconf 79' lang='lat' dir='ltr'><strong>ut</strong></span> <span class='ocrx_word' id='word_1_165' title='bbox 3691 1571 3758 1632; x_wconf 86' lang='lat' dir='ltr'><strong>in</strong></span> 
     </span>
    </p>
   </div>
   <div class='ocr_carea' id='block_1_14' title="bbox 521 1667 3759 1756">
    <p class='ocr_par' dir='ltr' id='par_1_14' title="bbox 521 1667 3759 1756">
     <span class='ocr_line' id='line_1_14' title="bbox 521 1667 3759 1756; baseline 0.001 -28"><span class='ocrx_word' id='word_1_166' title='bbox 521 1667 851 1746; x_wconf 87' lang='lat' dir='ltr'><strong>epitaphio</strong></span> <span class='ocrx_word' id='word_1_167' title='bbox 909 1672 1266 1739; x_wconf 88' lang='lat' dir='ltr'><strong>Theosebia</strong></span> <span class='ocrx_word' id='word_1_168' title='bbox 1324 1678 1719 1756; x_wconf 89' lang='lat' dir='ltr'><strong>designatur.</strong></span> <span class='ocrx_word' id='word_1_169' title='bbox 1748 1679 1825 1739; x_wconf 92' lang='lat' dir='ltr'><strong>Et</strong></span> <span class='ocrx_word' id='word_1_170' title='bbox 1868 1682 2037 1739; x_wconf 89' lang='lat' dir='ltr'><strong>certe</strong></span> <span class='ocrx_word' id='word_1_171' title='bbox 2072 1693 2218 1737; x_wconf 93' lang='lat' dir='ltr'><strong>cum</strong></span> <span class='ocrx_word' id='word_1_172' title='bbox 2252 1675 2553 1754; x_wconf 75' lang='lat' dir='ltr'><strong>Nysseni,</strong></span> <span class='ocrx_word' id='word_1_173' title='bbox 2603 1682 2665 1738; x_wconf 91' lang='lat' dir='ltr'><strong>et</strong></span> <span class='ocrx_word' id='word_1_174' title='bbox 2714 1692 2839 1737; x_wconf 91' lang='lat' dir='ltr'><strong>non</strong></span> <span class='ocrx_word' id='word_1_175' title='bbox 2893 1676 3242 1738; x_wconf 88' lang='lat' dir='ltr'><strong>sacerdotis</strong></span> <span class='ocrx_word' id='word_1_176' title='bbox 3280 1673 3538 1736; x_wconf 86' lang='lat' dir='ltr'><strong>alterius</strong></span> <span class='ocrx_word' id='word_1_177' title='bbox 3594 1668 3759 1732; x_wconf 76' lang='grc' dir='ltr'>σύζυ-</span> 
     </span>
    </p>
   </div>
   <div class='ocr_carea' id='block_1_15' title="bbox 516 1768 3757 1853">
    <p class='ocr_par' dir='ltr' id='par_1_15' title="bbox 516 1768 3757 1853">
     <span class='ocr_line' id='line_1_15' title="bbox 516 1768 3757 1853; baseline -0 -19"><span class='ocrx_word' id='word_1_178' title='bbox 516 1780 617 1834; x_wconf 78' lang='grc' dir='ltr'><strong>γον</strong></span> <span class='ocrx_word' id='word_1_179' title='bbox 650 1768 986 1848; x_wconf 80' lang='lat' dir='ltr'><strong>Baronius,</strong></span> <span class='ocrx_word' id='word_1_180' title='bbox 1018 1778 1499 1842; x_wconf 88' lang='lat' dir='ltr'><strong>continuatores</strong></span> <span class='ocrx_word' id='word_1_181' title='bbox 1555 1779 1870 1853; x_wconf 84' lang='lat' dir='ltr'><strong>Bollandi,</strong></span> <span class='ocrx_word' id='word_1_182' title='bbox 1912 1779 2182 1840; x_wconf 79' lang='lat' dir='ltr'><strong>Rivetus</strong></span> <span class='ocrx_word' id='word_1_183' title='bbox 2213 1784 2274 1839; x_wconf 91' lang='lat' dir='ltr'><strong>et</strong></span> <span class='ocrx_word' id='word_1_184' title='bbox 2303 1777 2415 1841; x_wconf 92' lang='lat' dir='ltr'><strong>alii</strong></span> <span class='ocrx_word' id='word_1_185' title='bbox 2466 1790 2784 1841; x_wconf 80' lang='lat' dir='ltr'><strong>senserint</strong></span> <span class='ocrx_word' id='word_1_186' title='bbox 2819 1779 3239 1842; x_wconf 88' lang='lat' dir='ltr'><strong>Theosebiam</strong></span> <span class='ocrx_word' id='word_1_187' title='bbox 3268 1778 3337 1839; x_wconf 89' lang='lat' dir='ltr'><strong>in</strong></span> <span class='ocrx_word' id='word_1_188' title='bbox 3366 1775 3629 1853; x_wconf 90' lang='lat' dir='ltr'><strong>epistola</strong></span> <span class='ocrx_word' id='word_1_189' title='bbox 3663 1775 3757 1835; x_wconf 88' lang='lat' dir='ltr'><strong>di-</strong></span> 
     </span>
    </p>
   </div>
   <div class='ocr_carea' id='block_1_16' title="bbox 521 1874 3758 1978">
    <p class='ocr_par' dir='ltr' id='par_1_16' title="bbox 521 1874 3758 1978">
     <span class='ocr_line' id='line_1_16' title="bbox 521 1874 3758 1978; baseline 0.003 -51"><span class='ocrx_word' id='word_1_190' title='bbox 521 1876 715 1978; x_wconf 69' lang='lat' dir='ltr'><strong>ctam,</strong></span> <span class='ocrx_word' id='word_1_191' title='bbox 742 1876 1162 1957; x_wconf 81' lang='lat' dir='ltr'><strong>eamdemque</strong></span> <span class='ocrx_word' id='word_1_192' title='bbox 1185 1897 1508 1955; x_wconf 87' lang='lat' dir='ltr'><strong>sororem;</strong></span> <span class='ocrx_word' id='word_1_193' title='bbox 1537 1883 1695 1962; x_wconf 93' lang='lat' dir='ltr'><strong>quid</strong></span> <span class='ocrx_word' id='word_1_194' title='bbox 1723 1881 2112 1945; x_wconf 89' lang='lat' dir='ltr'><strong>incommodi</strong></span> <span class='ocrx_word' id='word_1_195' title='bbox 2149 1898 2289 1978; x_wconf 79' lang='lat' dir='ltr'><strong>esse</strong></span> <span class='ocrx_word' id='word_1_196' title='bbox 2317 1888 2525 1960; x_wconf 83' lang='lat' dir='ltr'><strong>potest</strong></span> <span class='ocrx_word' id='word_1_197' title='bbox 2554 1881 2723 1945; x_wconf 90' lang='lat' dir='ltr'><strong>idem</strong></span> <span class='ocrx_word' id='word_1_198' title='bbox 2758 1882 3092 1950; x_wconf 84' lang='lat' dir='ltr'><strong>admittere</strong></span> <span class='ocrx_word' id='word_1_199' title='bbox 3114 1879 3182 1941; x_wconf 90' lang='lat' dir='ltr'><strong>in</strong></span> <span class='ocrx_word' id='word_1_200' title='bbox 3212 1877 3560 1958; x_wconf 82' lang='lat' dir='ltr'><strong>epitaphio,</strong></span> <span class='ocrx_word' id='word_1_201' title='bbox 3584 1874 3758 1953; x_wconf 90' lang='lat' dir='ltr'><strong>quod</strong></span> 
     </span>
    </p>
   </div>
   <div class='ocr_carea' id='block_1_17' title="bbox 518 1967 2229 2048">
    <p class='ocr_par' dir='ltr' id='par_1_17' title="bbox 518 1967 2229 2048">
     <span class='ocr_line' id='line_1_17' title="bbox 518 1967 2229 2048; baseline 0.016 -22"><span class='ocrx_word' id='word_1_202' title='bbox 518 1967 586 2029; x_wconf 88' lang='lat' dir='ltr'><strong>in</strong></span> <span class='ocrx_word' id='word_1_203' title='bbox 616 1970 884 2048; x_wconf 87' lang='lat' dir='ltr'><strong>cpistola</strong></span> <span class='ocrx_word' id='word_1_204' title='bbox 918 1976 1325 2043; x_wconf 79' lang='lat' dir='ltr'><strong>admittitur?</strong></span> <span class='ocrx_word' id='word_1_205' title='bbox 1901 1998 1909 2007; x_wconf 91' lang='lat'><strong>&#39;</strong></span> <span class='ocrx_word' id='word_1_206' title='bbox 2216 1967 2229 1979; x_wconf 60' lang='grc'><em>’</em></span> 
     </span>
    </p>
   </div>
   <div class='ocr_carea' id='block_1_18' title="bbox 597 2072 3760 2162">
    <p class='ocr_par' dir='ltr' id='par_1_18' title="bbox 597 2072 3760 2162">
     <span class='ocr_line' id='line_1_18' title="bbox 597 2072 3760 2162; baseline 0.001 -29"><span class='ocrx_word' id='word_1_207' title='bbox 597 2072 924 2152; x_wconf 88' lang='lat' dir='ltr'><strong>Superest,</strong></span> <span class='ocrx_word' id='word_1_208' title='bbox 962 2087 1027 2140; x_wconf 91' lang='lat' dir='ltr'><strong>ut</strong></span> <span class='ocrx_word' id='word_1_209' title='bbox 1052 2098 1182 2161; x_wconf 93' lang='lat' dir='ltr'><strong>quo</strong></span> <span class='ocrx_word' id='word_1_210' title='bbox 1220 2100 1415 2146; x_wconf 86' lang='lat' dir='ltr'><strong>sensu</strong></span> <span class='ocrx_word' id='word_1_211' title='bbox 1449 2084 1723 2162; x_wconf 81' lang='lat' dir='ltr'><strong>Nysseni</strong></span> <span class='ocrx_word' id='word_1_212' title='bbox 1748 2105 1777 2139; x_wconf 79' lang='grc' dir='ltr'><strong>α</strong></span> <span class='ocrx_word' id='word_1_213' title='bbox 1813 2099 1995 2144; x_wconf 91' lang='lat' dir='ltr'><strong>soror</strong></span> <span class='ocrx_word' id='word_1_214' title='bbox 2028 2089 2088 2143; x_wconf 91' lang='lat' dir='ltr'><strong>et</strong></span> <span class='ocrx_word' id='word_1_215' title='bbox 2124 2081 2361 2160; x_wconf 77' lang='lat' dir='ltr'><strong>conjux</strong></span> <span class='ocrx_word' id='word_1_216' title='bbox 2385 2122 2400 2152; x_wconf 92' lang='lat'><strong>,</strong></span> <span class='ocrx_word' id='word_1_217' title='bbox 2438 2102 2467 2136; x_wconf 82' lang='grc'><strong>››</strong></span> <span class='ocrx_word' id='word_1_218' title='bbox 2502 2086 2765 2158; x_wconf 76' lang='grc' dir='ltr'><strong>σύζυγος,</strong></span> <span class='ocrx_word' id='word_1_219' title='bbox 2799 2080 3151 2143; x_wconf 86' lang='lat' dir='ltr'><strong>Theosebia</strong></span> <span class='ocrx_word' id='word_1_220' title='bbox 3185 2080 3447 2150; x_wconf 74' lang='lat' dir='ltr'><strong>dicatur,</strong></span> <span class='ocrx_word' id='word_1_221' title='bbox 3484 2091 3760 2155; x_wconf 82' lang='lat' dir='ltr'><strong>expona-</strong></span> 
     </span>
    </p>
   </div>
   <div class='ocr_carea' id='block_1_19' title="bbox 522 2173 3759 2260">
    <p class='ocr_par' dir='ltr' id='par_1_19' title="bbox 522 2173 3759 2260">
     <span class='ocr_line' id='line_1_19' title="bbox 522 2173 3759 2260; baseline 0 -29"><span class='ocrx_word' id='word_1_222' title='bbox 522 2188 690 2235; x_wconf 88' lang='lat' dir='ltr'><strong>mus.</strong></span> <span class='ocrx_word' id='word_1_223' title='bbox 724 2175 935 2241; x_wconf 86' lang='lat' dir='ltr'><strong>Primo</strong></span> <span class='ocrx_word' id='word_1_224' title='bbox 972 2181 1257 2260; x_wconf 88' lang='lat' dir='ltr'><strong>quidem,</strong></span> <span class='ocrx_word' id='word_1_225' title='bbox 1294 2182 1760 2260; x_wconf 85' lang='lat' dir='ltr'><strong>signiﬁcatione</strong></span> <span class='ocrx_word' id='word_1_226' title='bbox 1810 2181 2060 2259; x_wconf 89' lang='lat' dir='ltr'><strong>propria</strong></span> <span class='ocrx_word' id='word_1_227' title='bbox 2101 2188 2450 2257; x_wconf 91' lang='lat' dir='ltr'><strong>utrumque</strong></span> <span class='ocrx_word' id='word_1_228' title='bbox 2499 2177 2619 2238; x_wconf 90' lang='lat' dir='ltr'><strong>dici</strong></span> <span class='ocrx_word' id='word_1_229' title='bbox 2656 2194 2780 2238; x_wconf 89' lang='lat' dir='ltr'><strong>non</strong></span> <span class='ocrx_word' id='word_1_230' title='bbox 2818 2178 3059 2255; x_wconf 88' lang='lat' dir='ltr'><strong>potuit;</strong></span> <span class='ocrx_word' id='word_1_231' title='bbox 3099 2179 3175 2241; x_wconf 90' lang='lat' dir='ltr'><strong>ab</strong></span> <span class='ocrx_word' id='word_1_232' title='bbox 3223 2177 3411 2238; x_wconf 86' lang='lat' dir='ltr'><strong>obvio</strong></span> <span class='ocrx_word' id='word_1_233' title='bbox 3464 2173 3659 2251; x_wconf 87' lang='lat' dir='ltr'><strong>igitur</strong></span> <span class='ocrx_word' id='word_1_234' title='bbox 3696 2179 3759 2232; x_wconf 81' lang='lat' dir='ltr'><strong>et</strong></span> 
     </span>
    </p>
   </div>
   <div class='ocr_carea' id='block_1_20' title="bbox 517 2272 3761 2364">
    <p class='ocr_par' dir='ltr' id='par_1_20' title="bbox 517 2272 3761 2364">
     <span class='ocr_line' id='line_1_20' title="bbox 517 2272 3761 2364; baseline -0.002 -25"><span class='ocrx_word' id='word_1_235' title='bbox 517 2276 782 2353; x_wconf 80' lang='lat' dir='ltr'><strong>proprio</strong></span> <span class='ocrx_word' id='word_1_236' title='bbox 814 2294 1011 2345; x_wconf 89' lang='lat' dir='ltr'><strong>sensu</strong></span> <span class='ocrx_word' id='word_1_237' title='bbox 1044 2300 1166 2347; x_wconf 83' lang='lat' dir='ltr'><strong>vox</strong></span> <span class='ocrx_word' id='word_1_238' title='bbox 1195 2285 1563 2348; x_wconf 87' lang='lat' dir='ltr'><strong>deducenda</strong></span> <span class='ocrx_word' id='word_1_239' title='bbox 1595 2329 1612 2359; x_wconf 93' lang='lat'><strong>,</strong></span> <span class='ocrx_word' id='word_1_240' title='bbox 1648 2292 1708 2347; x_wconf 90' lang='lat' dir='ltr'><strong>et</strong></span> <span class='ocrx_word' id='word_1_241' title='bbox 1740 2286 2083 2364; x_wconf 80' lang='lat' dir='ltr'><strong>quaerenda</strong></span> <span class='ocrx_word' id='word_1_242' title='bbox 2116 2281 2579 2359; x_wconf 88' lang='lat' dir='ltr'><strong>interpretatio.</strong></span> <span class='ocrx_word' id='word_1_243' title='bbox 2622 2280 2976 2343; x_wconf 86' lang='lat' dir='ltr'><strong>Theosebia</strong></span> <span class='ocrx_word' id='word_1_244' title='bbox 3007 2281 3070 2341; x_wconf 89' lang='lat' dir='ltr'><strong>in</strong></span> <span class='ocrx_word' id='word_1_245' title='bbox 3123 2275 3447 2355; x_wconf 81' lang='lat' dir='ltr'><strong>epitaphiq</strong></span> <span class='ocrx_word' id='word_1_246' title='bbox 3470 2273 3623 2336; x_wconf 80' lang='grc' dir='ltr'>τέκος</span> <span class='ocrx_word' id='word_1_247' title='bbox 3649 2272 3761 2343; x_wconf 80' lang='grc' dir='ltr'><strong>Εμ-</strong></span> 
     </span>
    </p>
   </div>
   <div class='ocr_carea' id='block_1_21' title="bbox 520 2370 2067 2465">
    <p class='ocr_par' dir='ltr' id='par_1_21' title="bbox 520 2370 2067 2465">
     <span class='ocr_line' id='line_1_21' title="bbox 520 2370 2067 2465; baseline -0.004 -17"><span class='ocrx_word' id='word_1_248' title='bbox 520 2370 1110 2448; x_wconf 65' lang='grc' dir='ltr'><strong>μελίοιοῗΕωῐηριὶω</strong></span> <span class='ocrx_word' id='word_1_249' title='bbox 1155 2385 1280 2448; x_wconf 86' lang='lat' dir='ltr'><strong>tilia</strong></span> <span class='ocrx_word' id='word_1_250' title='bbox 1314 2384 1596 2447; x_wconf 91' lang='lat' dir='ltr'><strong>dicitur:</strong></span> <span class='ocrx_word' id='word_1_251' title='bbox 1634 2384 1801 2465; x_wconf 84' lang='lat' dir='ltr'><strong>quod</strong></span> <span class='ocrx_word' id='word_1_252' title='bbox 1836 2384 1891 2446; x_wconf 91' lang='lat' dir='ltr'><strong>si</strong></span> <span class='ocrx_word' id='word_1_253' title='bbox 1935 2405 1964 2439; x_wconf 78' lang='grc' dir='ltr'><strong>α</strong></span> <span class='ocrx_word' id='word_1_254' title='bbox 2010 2399 2067 2442; x_wconf 80' lang='lat' dir='ltr'><strong>nt</strong></span> 
     </span>
    </p>
   </div>
   <div class='ocr_carea' id='block_1_22' title="bbox 2209 2370 3756 2465">
    <p class='ocr_par' dir='ltr' id='par_1_22' title="bbox 2209 2372 3756 2458">
     <span class='ocr_line' id='line_1_22' title="bbox 2209 2372 3756 2458; baseline -0.005 -18"><span class='ocrx_word' id='word_1_255' title='bbox 2209 2398 2240 2440; x_wconf 91' lang='lat' dir='ltr'><strong>n</strong></span> <span class='ocrx_word' id='word_1_256' title='bbox 2279 2402 2308 2439; x_wconf 83' lang='grc'>»</span> <span class='ocrx_word' id='word_1_257' title='bbox 2337 2379 2797 2458; x_wconf 83' lang='lat' dir='ltr'><strong>interpreteris,</strong></span> <span class='ocrx_word' id='word_1_258' title='bbox 2836 2380 2907 2441; x_wconf 91' lang='lat' dir='ltr'><strong>ad</strong></span> <span class='ocrx_word' id='word_1_259' title='bbox 2942 2378 3194 2441; x_wconf 85' lang='lat' dir='ltr'><strong>Baronii</strong></span> <span class='ocrx_word' id='word_1_260' title='bbox 3223 2421 3238 2449; x_wconf 94' lang='lat'><strong>,</strong></span> <span class='ocrx_word' id='word_1_261' title='bbox 3273 2372 3659 2437; x_wconf 88' lang='lat' dir='ltr'><strong>Henschenii</strong></span> <span class='ocrx_word' id='word_1_262' title='bbox 3694 2378 3756 2433; x_wconf 91' lang='lat' dir='ltr'><strong>et</strong></span> 
     </span>
    </p>
   </div>
   <div class='ocr_carea' id='block_1_23' title="bbox 518 2473 3748 2563">
    <p class='ocr_par' dir='ltr' id='par_1_23' title="bbox 518 2473 3748 2563">
     <span class='ocr_line' id='line_1_23' title="bbox 518 2473 3748 2563; baseline -0.002 -24"><span class='ocrx_word' id='word_1_263' title='bbox 518 2480 972 2558; x_wconf 89' lang='lat' dir='ltr'><strong>Papebrochii,</strong></span> <span class='ocrx_word' id='word_1_264' title='bbox 1004 2484 1211 2546; x_wconf 81' lang='lat' dir='ltr'><strong>Riveti</strong></span> <span class='ocrx_word' id='word_1_265' title='bbox 1246 2483 1677 2563; x_wconf 89' lang='lat' dir='ltr'><strong>aliorumque,</strong></span> <span class='ocrx_word' id='word_1_266' title='bbox 1713 2482 1827 2563; x_wconf 87' lang='lat' dir='ltr'><strong>qui</strong></span> <span class='ocrx_word' id='word_1_267' title='bbox 1882 2483 2245 2561; x_wconf 81' lang='lat' dir='ltr'><strong>Nyssenum</strong></span> <span class='ocrx_word' id='word_1_268' title='bbox 2278 2479 2605 2541; x_wconf 84' lang='lat' dir='ltr'><strong>connubio</strong></span> <span class='ocrx_word' id='word_1_269' title='bbox 2654 2479 2945 2557; x_wconf 89' lang='lat' dir='ltr'><strong>junctum</strong></span> <span class='ocrx_word' id='word_1_270' title='bbox 2978 2496 3124 2541; x_wconf 89' lang='lat' dir='ltr'><strong>cum</strong></span> <span class='ocrx_word' id='word_1_271' title='bbox 3160 2475 3513 2550; x_wconf 83' lang='lat' dir='ltr'><strong>Theosebia</strong></span> <span class='ocrx_word' id='word_1_272' title='bbox 3543 2473 3748 2534; x_wconf 84' lang='lat' dir='ltr'><strong>fuisse</strong></span> 
     </span>
    </p>
   </div>
   <div class='ocr_carea' id='block_1_24' title="bbox 514 2577 3749 2660">
    <p class='ocr_par' dir='ltr' id='par_1_24' title="bbox 514 2577 3749 2660">
     <span class='ocr_line' id='line_1_24' title="bbox 514 2577 3749 2660; baseline -0.001 -19"><span class='ocrx_word' id='word_1_273' title='bbox 514 2581 768 2656; x_wconf 70' lang='lat' dir='ltr'><strong>volunt,</strong></span> <span class='ocrx_word' id='word_1_274' title='bbox 799 2585 1179 2646; x_wconf 91' lang='lat' dir='ltr'><strong>sententiam</strong></span> <span class='ocrx_word' id='word_1_275' title='bbox 1220 2586 1532 2659; x_wconf 85' lang='lat' dir='ltr'><strong>accedes;</strong></span> <span class='ocrx_word' id='word_1_276' title='bbox 1566 2603 1684 2648; x_wconf 87' lang='lat' dir='ltr'><strong>nec</strong></span> <span class='ocrx_word' id='word_1_277' title='bbox 1712 2604 1744 2646; x_wconf 90' lang='lat' dir='ltr'><strong>a</strong></span> <span class='ocrx_word' id='word_1_278' title='bbox 1776 2583 2266 2656; x_wconf 90' lang='lat' dir='ltr'><strong>consuetudine,</strong></span> <span class='ocrx_word' id='word_1_279' title='bbox 2293 2600 2416 2659; x_wconf 89' lang='lat' dir='ltr'><strong>qua</strong></span> <span class='ocrx_word' id='word_1_280' title='bbox 2458 2599 2658 2643; x_wconf 92' lang='lat' dir='ltr'><strong>nurus</strong></span> <span class='ocrx_word' id='word_1_281' title='bbox 2699 2604 2727 2637; x_wconf 75' lang='grc' dir='ltr'>α</span> <span class='ocrx_word' id='word_1_282' title='bbox 2770 2582 2909 2643; x_wconf 64' lang='lat' dir='ltr'><strong>tiliae</strong></span> <span class='ocrx_word' id='word_1_283' title='bbox 2936 2606 2963 2657; x_wconf 78' lang='grc'><strong>››</strong></span> <span class='ocrx_word' id='word_1_284' title='bbox 2998 2582 3378 2660; x_wconf 87' lang='lat' dir='ltr'><strong>plerumque</strong></span> <span class='ocrx_word' id='word_1_285' title='bbox 3416 2577 3749 2656; x_wconf 84' lang='lat' dir='ltr'><strong>appellan-</strong></span> 
     </span>
    </p>
   </div>
   <div class='ocr_carea' id='block_1_25' title="bbox 516 2677 3752 2764">
    <p class='ocr_par' dir='ltr' id='par_1_25' title="bbox 516 2677 3752 2764">
     <span class='ocr_line' id='line_1_25' title="bbox 516 2677 3752 2764; baseline 0.001 -26"><span class='ocrx_word' id='word_1_286' title='bbox 516 2687 623 2741; x_wconf 87' lang='lat' dir='ltr'><strong>tur</strong></span> <span class='ocrx_word' id='word_1_287' title='bbox 650 2682 728 2743; x_wconf 90' lang='lat' dir='ltr'><strong>ab</strong></span> <span class='ocrx_word' id='word_1_288' title='bbox 759 2682 865 2757; x_wconf 89' lang='lat' dir='ltr'><strong>iis,</strong></span> <span class='ocrx_word' id='word_1_289' title='bbox 892 2692 1063 2764; x_wconf 91' lang='lat' dir='ltr'><strong>quas</strong></span> <span class='ocrx_word' id='word_1_290' title='bbox 1093 2701 1315 2757; x_wconf 88' lang='lat' dir='ltr'><strong>socrus</strong></span> <span class='ocrx_word' id='word_1_291' title='bbox 1352 2684 1637 2759; x_wconf 86' lang='lat' dir='ltr'><strong>habent,</strong></span> <span class='ocrx_word' id='word_1_292' title='bbox 1672 2684 1933 2763; x_wconf 88' lang='lat' dir='ltr'><strong>penitus</strong></span> <span class='ocrx_word' id='word_1_293' title='bbox 1990 2682 2334 2745; x_wconf 87' lang='lat' dir='ltr'><strong>recesseris</strong></span> <span class='ocrx_word' id='word_1_294' title='bbox 2367 2723 2384 2753; x_wconf 89' lang='lat'><strong>,</strong></span> <span class='ocrx_word' id='word_1_295' title='bbox 2419 2699 2451 2742; x_wconf 93' lang='lat' dir='ltr'><strong>a</strong></span> <span class='ocrx_word' id='word_1_296' title='bbox 2488 2682 2758 2758; x_wconf 78' lang='lat' dir='ltr'><strong>veritate</strong></span> <span class='ocrx_word' id='word_1_297' title='bbox 2790 2689 2998 2753; x_wconf 87' lang='lat' dir='ltr'><strong>autem</strong></span> <span class='ocrx_word' id='word_1_298' title='bbox 3036 2698 3295 2759; x_wconf 86' lang='lat' dir='ltr'><strong>prorsus</strong></span> <span class='ocrx_word' id='word_1_299' title='bbox 3340 2677 3752 2752; x_wconf 84' lang='lat' dir='ltr'><strong>abscesseris.</strong></span> 
     </span>
    </p>
   </div>
   <div class='ocr_carea' id='block_1_26' title="bbox 515 2779 3753 2865">
    <p class='ocr_par' dir='ltr' id='par_1_26' title="bbox 515 2779 3753 2865">
     <span class='ocr_line' id='line_1_26' title="bbox 515 2779 3753 2865; baseline -0.001 -24"><span class='ocrx_word' id='word_1_300' title='bbox 515 2779 737 2862; x_wconf 83' lang='lat' dir='ltr'><strong>Neque</strong></span> <span class='ocrx_word' id='word_1_301' title='bbox 770 2784 940 2845; x_wconf 90' lang='lat' dir='ltr'><strong>enim</strong></span> <span class='ocrx_word' id='word_1_302' title='bbox 979 2784 1134 2845; x_wconf 91' lang='lat' dir='ltr'><strong>sinit</strong></span> <span class='ocrx_word' id='word_1_303' title='bbox 1165 2784 1459 2862; x_wconf 88' lang='lat' dir='ltr'><strong>epistola,</strong></span> <span class='ocrx_word' id='word_1_304' title='bbox 1498 2786 1577 2848; x_wconf 91' lang='lat' dir='ltr'><strong>de</strong></span> <span class='ocrx_word' id='word_1_305' title='bbox 1613 2803 1737 2865; x_wconf 91' lang='lat' dir='ltr'><strong>qua</strong></span> <span class='ocrx_word' id='word_1_306' title='bbox 1771 2784 1985 2856; x_wconf 87' lang='lat' dir='ltr'><strong>toties,</strong></span> <span class='ocrx_word' id='word_1_307' title='bbox 2021 2782 2197 2843; x_wconf 89' lang='lat' dir='ltr'><strong>illam</strong></span> <span class='ocrx_word' id='word_1_308' title='bbox 2229 2779 2537 2859; x_wconf 84' lang='lat' dir='ltr'><strong>epitaphii</strong></span> <span class='ocrx_word' id='word_1_309' title='bbox 2567 2797 2782 2842; x_wconf 81' lang='lat' dir='ltr'><strong>vocem</strong></span> <span class='ocrx_word' id='word_1_310' title='bbox 2817 2781 2947 2842; x_wconf 91' lang='lat' dir='ltr'><strong>ullo</strong></span> <span class='ocrx_word' id='word_1_311' title='bbox 2998 2781 3187 2841; x_wconf 74' lang='lat' dir='ltr'><strong>modo</strong></span> <span class='ocrx_word' id='word_1_312' title='bbox 3230 2779 3573 2842; x_wconf 87' lang='lat' dir='ltr'><strong>sollicitare</strong></span> <span class='ocrx_word' id='word_1_313' title='bbox 3597 2821 3613 2848; x_wconf 91' lang='lat'><strong>,</strong></span> <span class='ocrx_word' id='word_1_314' title='bbox 3652 2784 3753 2838; x_wconf 81' lang='lat' dir='ltr'><strong>at-</strong></span> 
     </span>
    </p>
   </div>
   <div class='ocr_carea' id='block_1_27' title="bbox 518 2883 3751 2967">
    <p class='ocr_par' dir='ltr' id='par_1_27' title="bbox 518 2883 3751 2967">
     <span class='ocr_line' id='line_1_27' title="bbox 518 2883 3751 2967; baseline -0.002 -19"><span class='ocrx_word' id='word_1_315' title='bbox 518 2902 647 2967; x_wconf 89' lang='lat' dir='ltr'><strong>que</strong></span> <span class='ocrx_word' id='word_1_316' title='bbox 681 2884 869 2948; x_wconf 90' lang='lat' dir='ltr'><strong>etiam</strong></span> <span class='ocrx_word' id='word_1_317' title='bbox 904 2884 1032 2947; x_wconf 91' lang='lat' dir='ltr'><strong>huc</strong></span> <span class='ocrx_word' id='word_1_318' title='bbox 1063 2893 1123 2947; x_wconf 90' lang='lat' dir='ltr'><strong>et</strong></span> <span class='ocrx_word' id='word_1_319' title='bbox 1150 2902 1343 2965; x_wconf 90' lang='lat' dir='ltr'><strong>quam</strong></span> <span class='ocrx_word' id='word_1_320' title='bbox 1381 2886 1654 2948; x_wconf 83' lang='lat' dir='ltr'><strong>maxime</strong></span> <span class='ocrx_word' id='word_1_321' title='bbox 1678 2904 1821 2948; x_wconf 92' lang='lat' dir='ltr'><strong>cum</strong></span> <span class='ocrx_word' id='word_1_322' title='bbox 1862 2883 2189 2964; x_wconf 87' lang='lat' dir='ltr'><strong>epitaphio</strong></span> <span class='ocrx_word' id='word_1_323' title='bbox 2217 2884 2487 2962; x_wconf 88' lang='lat' dir='ltr'><strong>epistola</strong></span> <span class='ocrx_word' id='word_1_324' title='bbox 2521 2883 2863 2955; x_wconf 90' lang='lat' dir='ltr'><strong>concurrit,</strong></span> <span class='ocrx_word' id='word_1_325' title='bbox 2899 2890 2964 2944; x_wconf 91' lang='lat' dir='ltr'><strong>ut</strong></span> <span class='ocrx_word' id='word_1_326' title='bbox 2992 2907 3021 2940; x_wconf 73' lang='grc' dir='ltr'><strong>α</strong></span> <span class='ocrx_word' id='word_1_327' title='bbox 3053 2884 3269 2953; x_wconf 84' lang='lat' dir='ltr'><strong>Basilii</strong></span> <span class='ocrx_word' id='word_1_328' title='bbox 3298 2899 3498 2951; x_wconf 88' lang='lat' dir='ltr'><strong>soror,</strong></span> <span class='ocrx_word' id='word_1_329' title='bbox 3526 2903 3553 2936; x_wconf 75' lang='grc' dir='ltr'><strong>ιο</strong></span> <span class='ocrx_word' id='word_1_330' title='bbox 3578 2884 3751 2959; x_wconf 90' lang='lat' dir='ltr'><strong>quod</strong></span> 
     </span>
    </p>
   </div>
   <div class='ocr_carea' id='block_1_28' title="bbox 516 2988 3756 3067">
    <p class='ocr_par' dir='ltr' id='par_1_28' title="bbox 516 2988 3756 3067">
     <span class='ocr_line' id='line_1_28' title="bbox 516 2988 3756 3067; baseline 0.001 -21"><span class='ocrx_word' id='word_1_331' title='bbox 516 3006 647 3067; x_wconf 62' lang='lat' dir='ltr'><strong>pret</strong></span> <span class='ocrx_word' id='word_1_332' title='bbox 673 3006 743 3051; x_wconf 85' lang='lat' dir='ltr'><strong>se</strong></span> <span class='ocrx_word' id='word_1_333' title='bbox 773 2989 889 3051; x_wconf 75' lang='lat' dir='ltr'><strong>fert</strong></span> <span class='ocrx_word' id='word_1_334' title='bbox 933 2989 1243 3067; x_wconf 90' lang='lat' dir='ltr'><strong>epitaphii</strong></span> <span class='ocrx_word' id='word_1_335' title='bbox 1285 2991 1538 3065; x_wconf 92' lang='lat' dir='ltr'><strong>titulus,</strong></span> <span class='ocrx_word' id='word_1_336' title='bbox 1573 2999 1633 3053; x_wconf 90' lang='lat' dir='ltr'><strong>et</strong></span> <span class='ocrx_word' id='word_1_337' title='bbox 1657 2992 1984 3052; x_wconf 84' lang='lat' dir='ltr'><strong>Emmeliae</strong></span> <span class='ocrx_word' id='word_1_338' title='bbox 2018 2989 2165 3061; x_wconf 85' lang='lat' dir='ltr'><strong>tilia,</strong></span> <span class='ocrx_word' id='word_1_339' title='bbox 2199 3006 2331 3061; x_wconf 90' lang='lat' dir='ltr'><strong>quo</strong></span> <span class='ocrx_word' id='word_1_340' title='bbox 2364 2989 2426 3047; x_wconf 90' lang='lat' dir='ltr'><strong>in</strong></span> <span class='ocrx_word' id='word_1_341' title='bbox 2462 2989 2601 3067; x_wconf 91' lang='lat' dir='ltr'><strong>ipso</strong></span> <span class='ocrx_word' id='word_1_342' title='bbox 2636 2996 2729 3049; x_wconf 85' lang='lat' dir='ltr'><strong>est</strong></span> <span class='ocrx_word' id='word_1_343' title='bbox 2764 2988 3109 3066; x_wconf 89' lang='lat' dir='ltr'><strong>epitaphio,</strong></span> <span class='ocrx_word' id='word_1_344' title='bbox 3133 3004 3560 3067; x_wconf 78' lang='lat' dir='ltr'><strong>germanoque</strong></span> <span class='ocrx_word' id='word_1_345' title='bbox 3593 2988 3756 3049; x_wconf 89' lang='lat' dir='ltr'><strong>adeo</strong></span> 
     </span>
    </p>
   </div>
   <div class='ocr_carea' id='block_1_29' title="bbox 515 3072 3751 3173">
    <p class='ocr_par' dir='ltr' id='par_1_29' title="bbox 515 3072 3751 3173">
     <span class='ocr_line' id='line_1_29' title="bbox 515 3072 3751 3173; baseline -0.001 -23"><span class='ocrx_word' id='word_1_346' title='bbox 515 3106 588 3151; x_wconf 87' lang='lat' dir='ltr'><strong>ac</strong></span> <span class='ocrx_word' id='word_1_347' title='bbox 625 3094 875 3167; x_wconf 84' lang='lat' dir='ltr'><strong>preprie</strong></span> <span class='ocrx_word' id='word_1_348' title='bbox 906 3092 1183 3170; x_wconf 80' lang='lat' dir='ltr'><strong>Nysseni</strong></span> <span class='ocrx_word' id='word_1_349' title='bbox 1226 3107 1406 3153; x_wconf 74' lang='lat' dir='ltr'><strong>soror</strong></span> <span class='ocrx_word' id='word_1_350' title='bbox 1451 3090 1804 3153; x_wconf 89' lang='lat' dir='ltr'><strong>Theosebia</strong></span> <span class='ocrx_word' id='word_1_351' title='bbox 1841 3095 2181 3151; x_wconf 91' lang='lat' dir='ltr'><strong>astruatur.</strong></span> <span class='ocrx_word' id='word_1_352' title='bbox 2223 3086 2523 3167; x_wconf 76' lang='lat' dir='ltr'><strong>Epistolm</strong></span> <span class='ocrx_word' id='word_1_353' title='bbox 2559 3087 2743 3149; x_wconf 90' lang='lat' dir='ltr'><strong>verba</strong></span> <span class='ocrx_word' id='word_1_354' title='bbox 2787 3097 2981 3148; x_wconf 86' lang='lat' dir='ltr'><strong>sunt:</strong></span> <span class='ocrx_word' id='word_1_355' title='bbox 3018 3112 3045 3145; x_wconf 81' lang='grc' dir='ltr'><strong>α</strong></span> <span class='ocrx_word' id='word_1_356' title='bbox 3081 3091 3166 3173; x_wconf 84' lang='lat' dir='ltr'><strong>Te</strong></span> <span class='ocrx_word' id='word_1_357' title='bbox 3198 3088 3473 3151; x_wconf 91' lang='lat' dir='ltr'><strong>admiror</strong></span> <span class='ocrx_word' id='word_1_358' title='bbox 3500 3072 3577 3149; x_wconf 84' lang='lat' dir='ltr'><strong>ob</strong></span> <span class='ocrx_word' id='word_1_359' title='bbox 3613 3105 3751 3147; x_wconf 88' lang='lat' dir='ltr'><strong>eam</strong></span> 
     </span>
    </p>
   </div>
   <div class='ocr_carea' id='block_1_30' title="bbox 517 3186 3757 3278">
    <p class='ocr_par' dir='ltr' id='par_1_30' title="bbox 517 3186 3757 3278">
     <span class='ocr_line' id='line_1_30' title="bbox 517 3186 3757 3278; baseline 0 -26"><span class='ocrx_word' id='word_1_360' title='bbox 517 3186 919 3252; x_wconf 87' lang='lat' dir='ltr'><strong>tolerantiam</strong></span> <span class='ocrx_word' id='word_1_361' title='bbox 956 3209 1025 3253; x_wconf 86' lang='lat' dir='ltr'><strong>ac</strong></span> <span class='ocrx_word' id='word_1_362' title='bbox 1066 3191 1561 3277; x_wconf 85' lang='lat' dir='ltr'><strong>philosophiam,</strong></span> <span class='ocrx_word' id='word_1_363' title='bbox 1601 3214 1789 3278; x_wconf 89' lang='lat' dir='ltr'><strong>quam</strong></span> <span class='ocrx_word' id='word_1_364' title='bbox 1826 3195 2118 3256; x_wconf 90' lang='lat' dir='ltr'><strong>discessu</strong></span> <span class='ocrx_word' id='word_1_365' title='bbox 2155 3195 2359 3256; x_wconf 82' lang='lat' dir='ltr'><strong>beatae</strong></span> <span class='ocrx_word' id='word_1_366' title='bbox 2388 3198 2751 3271; x_wconf 67' lang='lat' dir='ltr'><strong>sanctaaque</strong></span> <span class='ocrx_word' id='word_1_367' title='bbox 2783 3193 3021 3254; x_wconf 84' lang='lat' dir='ltr'><strong>sororis</strong></span> <span class='ocrx_word' id='word_1_368' title='bbox 3072 3202 3291 3256; x_wconf 83' lang='lat' dir='ltr'><strong>vestrae</strong></span> <span class='ocrx_word' id='word_1_369' title='bbox 3339 3199 3632 3272; x_wconf 63' lang='lat' dir='ltr'><strong>praestare</strong></span> <span class='ocrx_word' id='word_1_370' title='bbox 3692 3198 3757 3254; x_wconf 90' lang='lat' dir='ltr'><strong>te</strong></span> 
     </span>
    </p>
   </div>
   <div class='ocr_carea' id='block_1_31' title="bbox 515 3290 3754 3379">
    <p class='ocr_par' dir='ltr' id='par_1_31' title="bbox 515 3290 3754 3379">
     <span class='ocr_line' id='line_1_31' title="bbox 515 3290 3754 3379; baseline -0.004 -17"><span class='ocrx_word' id='word_1_371' title='bbox 515 3295 709 3362; x_wconf 76' lang='lat' dir='ltr'><strong>audio</strong></span> <span class='ocrx_word' id='word_1_372' title='bbox 744 3315 767 3359; x_wconf 74' lang='grc' dir='ltr'><strong>ε,</strong></span> <span class='ocrx_word' id='word_1_373' title='bbox 802 3318 831 3352; x_wconf 74' lang='grc' dir='ltr'><strong>ιο</strong></span> <span class='ocrx_word' id='word_1_374' title='bbox 883 3315 1027 3374; x_wconf 64' lang='lat' dir='ltr'><strong>quas</strong></span> <span class='ocrx_word' id='word_1_375' title='bbox 1063 3300 1322 3378; x_wconf 89' lang='lat' dir='ltr'><strong>quidem</strong></span> <span class='ocrx_word' id='word_1_376' title='bbox 1360 3303 1549 3371; x_wconf 88' lang='lat' dir='ltr'><strong>verba</strong></span> <span class='ocrx_word' id='word_1_377' title='bbox 1582 3303 1738 3366; x_wconf 88' lang='lat' dir='ltr'><strong>illud</strong></span> <span class='ocrx_word' id='word_1_378' title='bbox 1780 3299 2176 3379; x_wconf 87' lang='lat' dir='ltr'><strong>epitaphium</strong></span> <span class='ocrx_word' id='word_1_379' title='bbox 2215 3299 2341 3360; x_wconf 90' lang='lat' dir='ltr'><strong>alio</strong></span> <span class='ocrx_word' id='word_1_380' title='bbox 2374 3297 2666 3375; x_wconf 90' lang='lat' dir='ltr'><strong>prohibet</strong></span> <span class='ocrx_word' id='word_1_381' title='bbox 2703 3296 3091 3374; x_wconf 82' lang='lat' dir='ltr'><strong>detorqueri.</strong></span> <span class='ocrx_word' id='word_1_382' title='bbox 3123 3298 3198 3358; x_wconf 85' lang='lat' dir='ltr'><strong>Et</strong></span> <span class='ocrx_word' id='word_1_383' title='bbox 3234 3294 3421 3372; x_wconf 90' lang='lat' dir='ltr'><strong>paulo</strong></span> <span class='ocrx_word' id='word_1_384' title='bbox 3478 3290 3754 3352; x_wconf 84' lang='lat' dir='ltr'><strong>inferius</strong></span> 
     </span>
    </p>
   </div>
   <div class='ocr_carea' id='block_1_32' title="bbox 513 3385 3751 3483">
    <p class='ocr_par' dir='ltr' id='par_1_32' title="bbox 513 3385 3751 3483">
     <span class='ocr_line' id='line_1_32' title="bbox 513 3385 3751 3483; baseline 0.001 -27"><span class='ocrx_word' id='word_1_385' title='bbox 513 3396 813 3475; x_wconf 71' lang='lat' dir='ltr'><strong>praedicat</strong></span> <span class='ocrx_word' id='word_1_386' title='bbox 854 3397 1306 3475; x_wconf 81' lang='lat' dir='ltr'><strong>Iheosebiam,</strong></span> <span class='ocrx_word' id='word_1_387' title='bbox 1345 3427 1372 3461; x_wconf 86' lang='lat'>«</span> <span class='ocrx_word' id='word_1_388' title='bbox 1406 3404 1710 3467; x_wconf 76' lang='lat' dir='ltr'><strong>Ecclesim</strong></span> <span class='ocrx_word' id='word_1_389' title='bbox 1740 3405 1963 3483; x_wconf 86' lang='lat' dir='ltr'><strong>decus,</strong></span> <span class='ocrx_word' id='word_1_390' title='bbox 1997 3408 2234 3469; x_wconf 80' lang='lat' dir='ltr'><strong>Christi</strong></span> <span class='ocrx_word' id='word_1_391' title='bbox 2275 3402 2723 3469; x_wconf 82' lang='lat' dir='ltr'><strong>ornamentum</strong></span> <span class='ocrx_word' id='word_1_392' title='bbox 2754 3450 2771 3480; x_wconf 95' lang='lat'><strong>,</strong></span> <span class='ocrx_word' id='word_1_393' title='bbox 2803 3406 3001 3467; x_wconf 67' lang='lat' dir='ltr'><strong>aetatis</strong></span> <span class='ocrx_word' id='word_1_394' title='bbox 3035 3405 3207 3467; x_wconf 90' lang='lat' dir='ltr'><strong>illius</strong></span> <span class='ocrx_word' id='word_1_395' title='bbox 3261 3385 3524 3472; x_wconf 83' lang='lat' dir='ltr'><strong>bonum,</strong></span> <span class='ocrx_word' id='word_1_396' title='bbox 3562 3398 3751 3459; x_wconf 81' lang='lat' dir='ltr'><strong>femi-</strong></span> 
     </span>
    </p>
   </div>
   <div class='ocr_carea' id='block_1_33' title="bbox 513 3501 3757 3590">
    <p class='ocr_par' dir='ltr' id='par_1_33' title="bbox 513 3501 3757 3590">
     <span class='ocr_line' id='line_1_33' title="bbox 513 3501 3757 3590; baseline 0.001 -29"><span class='ocrx_word' id='word_1_397' title='bbox 513 3516 738 3562; x_wconf 89' lang='lat' dir='ltr'><strong>narum</strong></span> <span class='ocrx_word' id='word_1_398' title='bbox 775 3501 1066 3564; x_wconf 80' lang='lat' dir='ltr'><strong>fiduciam</strong></span> <span class='ocrx_word' id='word_1_399' title='bbox 1096 3548 1113 3575; x_wconf 89' lang='lat'><strong>,</strong></span> <span class='ocrx_word' id='word_1_400' title='bbox 1145 3504 1676 3571; x_wconf 86' lang='lat' dir='ltr'><strong>Theosebiam&#39;in</strong></span> <span class='ocrx_word' id='word_1_401' title='bbox 1715 3518 1881 3573; x_wconf 90' lang='lat' dir='ltr'><strong>tanta</strong></span> <span class='ocrx_word' id='word_1_402' title='bbox 1915 3513 2181 3574; x_wconf 87' lang='lat' dir='ltr'><strong>fratrum</strong></span> <span class='ocrx_word' id='word_1_403' title='bbox 2242 3511 2723 3590; x_wconf 84' lang='lat' dir='ltr'><strong>pulchritudine</strong></span> <span class='ocrx_word' id='word_1_404' title='bbox 2772 3508 3296 3571; x_wconf 86' lang='lat' dir='ltr'><strong>formosissimam</strong></span> <span class='ocrx_word' id='word_1_405' title='bbox 3356 3513 3416 3567; x_wconf 89' lang='lat' dir='ltr'><strong>et</strong></span> <span class='ocrx_word' id='word_1_406' title='bbox 3472 3502 3757 3566; x_wconf 85' lang='lat' dir='ltr'><strong>clarissi-</strong></span> 
     </span>
    </p>
   </div>
   <div class='ocr_carea' id='block_1_34' title="bbox 514 3601 3752 3685">
    <p class='ocr_par' dir='ltr' id='par_1_34' title="bbox 514 3601 3752 3685">
     <span class='ocr_line' id='line_1_34' title="bbox 514 3601 3752 3685; baseline 0.001 -22"><span class='ocrx_word' id='word_1_407' title='bbox 514 3618 719 3675; x_wconf 88' lang='lat' dir='ltr'><strong>mam;</strong></span> <span class='ocrx_word' id='word_1_408' title='bbox 760 3625 790 3659; x_wconf 60' lang='grc' dir='ltr'>ω</span> <span class='ocrx_word' id='word_1_409' title='bbox 829 3601 1119 3677; x_wconf 84' lang='lat' dir='ltr'><strong>fratrum,</strong></span> <span class='ocrx_word' id='word_1_410' title='bbox 1150 3605 1441 3684; x_wconf 89' lang='lat' dir='ltr'><strong>inquam,</strong></span> <span class='ocrx_word' id='word_1_411' title='bbox 1476 3608 1792 3685; x_wconf 89' lang='lat' dir='ltr'><strong>quinque,</strong></span> <span class='ocrx_word' id='word_1_412' title='bbox 1825 3618 1884 3670; x_wconf 89' lang='lat' dir='ltr'><strong>et</strong></span> <span class='ocrx_word' id='word_1_413' title='bbox 1926 3626 2217 3670; x_wconf 88' lang='lat' dir='ltr'><strong>sororum</strong></span> <span class='ocrx_word' id='word_1_414' title='bbox 2254 3611 2535 3672; x_wconf 83' lang='lat' dir='ltr'><strong>totidem.</strong></span> <span class='ocrx_word' id='word_1_415' title='bbox 2559 3608 2806 3680; x_wconf 84' lang='lat' dir='ltr'><strong>Quibus</strong></span> <span class='ocrx_word' id='word_1_416' title='bbox 2834 3609 3084 3685; x_wconf 77' lang='lat' dir='ltr'><strong>egregie</strong></span> <span class='ocrx_word' id='word_1_417' title='bbox 3107 3607 3382 3669; x_wconf 83' lang='lat' dir='ltr'><strong>concinit</strong></span> <span class='ocrx_word' id='word_1_418' title='bbox 3406 3606 3467 3664; x_wconf 91' lang='lat' dir='ltr'><strong>in</strong></span> <span class='ocrx_word' id='word_1_419' title='bbox 3492 3606 3752 3666; x_wconf 85' lang='lat' dir='ltr'><strong>Emme-</strong></span> 
     </span>
    </p>
   </div>
   <div class='ocr_carea' id='block_1_35' title="bbox 516 3702 3758 3787">
    <p class='ocr_par' dir='ltr' id='par_1_35' title="bbox 516 3702 3758 3787">
     <span class='ocr_line' id='line_1_35' title="bbox 516 3702 3758 3787; baseline 0.001 -26"><span class='ocrx_word' id='word_1_420' title='bbox 516 3702 663 3764; x_wconf 77' lang='lat' dir='ltr'><strong>liam</strong></span> <span class='ocrx_word' id='word_1_421' title='bbox 695 3702 1098 3782; x_wconf 80' lang='lat' dir='ltr'><strong>epitaphium</strong></span> <span class='ocrx_word' id='word_1_422' title='bbox 1131 3723 1311 3767; x_wconf 81' lang='lat' dir='ltr'><strong>cxxx</strong></span> <span class='ocrx_word' id='word_1_423' title='bbox 1343 3706 1504 3783; x_wconf 89' lang='lat' dir='ltr'><strong>apud</strong></span> <span class='ocrx_word' id='word_1_424' title='bbox 1552 3708 2001 3769; x_wconf 88' lang='lat' dir='ltr'><strong>Muratorium.</strong></span> <span class='ocrx_word' id='word_1_425' title='bbox 2038 3710 2218 3771; x_wconf 83' lang='lat' dir='ltr'><strong>Mitto</strong></span> <span class='ocrx_word' id='word_1_426' title='bbox 2250 3726 2391 3787; x_wconf 87' lang='lat' dir='ltr'><strong>quae</strong></span> <span class='ocrx_word' id='word_1_427' title='bbox 2424 3727 2496 3770; x_wconf 81' lang='lat' dir='ltr'><strong>ex</strong></span> <span class='ocrx_word' id='word_1_428' title='bbox 2531 3709 2611 3770; x_wconf 91' lang='lat' dir='ltr'><strong>iis</strong></span> <span class='ocrx_word' id='word_1_429' title='bbox 2645 3707 2941 3769; x_wconf 87' lang='lat' dir='ltr'><strong>laudibus</strong></span> <span class='ocrx_word' id='word_1_430' title='bbox 2976 3724 3086 3785; x_wconf 88' lang='lat' dir='ltr'><strong>pro</strong></span> <span class='ocrx_word' id='word_1_431' title='bbox 3122 3703 3490 3767; x_wconf 73' lang='lat' dir='ltr'><strong>Theosehire</strong></span> <span class='ocrx_word' id='word_1_432' title='bbox 3522 3719 3758 3779; x_wconf 79' lang='lat' dir='ltr'><strong>perpe-</strong></span> 
     </span>
    </p>
   </div>
   <div class='ocr_carea' id='block_1_36' title="bbox 514 3806 3752 3890">
    <p class='ocr_par' dir='ltr' id='par_1_36' title="bbox 514 3806 3752 3890">
     <span class='ocr_line' id='line_1_36' title="bbox 514 3806 3752 3890; baseline -0 -22"><span class='ocrx_word' id='word_1_433' title='bbox 514 3816 622 3869; x_wconf 85' lang='lat' dir='ltr'><strong>tua</strong></span> <span class='ocrx_word' id='word_1_434' title='bbox 668 3808 1036 3885; x_wconf 86' lang='lat' dir='ltr'><strong>virginitate</strong></span> <span class='ocrx_word' id='word_1_435' title='bbox 1075 3808 1290 3883; x_wconf 83' lang='lat' dir='ltr'><strong>colligi</strong></span> <span class='ocrx_word' id='word_1_436' title='bbox 1329 3810 1615 3885; x_wconf 84' lang='lat' dir='ltr'><strong>possint,</strong></span> <span class='ocrx_word' id='word_1_437' title='bbox 1654 3826 1844 3888; x_wconf 91' lang='lat' dir='ltr'><strong>quam</strong></span> <span class='ocrx_word' id='word_1_438' title='bbox 1885 3810 2145 3889; x_wconf 87' lang='lat' dir='ltr'><strong>quidem</strong></span> <span class='ocrx_word' id='word_1_439' title='bbox 2199 3812 2250 3871; x_wconf 92' lang='lat' dir='ltr'><strong>si</strong></span> <span class='ocrx_word' id='word_1_440' title='bbox 2308 3810 2583 3890; x_wconf 81' lang='lat' dir='ltr'><strong>professa</strong></span> <span class='ocrx_word' id='word_1_441' title='bbox 2639 3828 2763 3870; x_wconf 90' lang='lat' dir='ltr'><strong>non</strong></span> <span class='ocrx_word' id='word_1_442' title='bbox 2820 3818 3012 3880; x_wconf 89' lang='lat' dir='ltr'><strong>esset,</strong></span> <span class='ocrx_word' id='word_1_443' title='bbox 3066 3810 3255 3886; x_wconf 90' lang='lat' dir='ltr'><strong>digna</strong></span> <span class='ocrx_word' id='word_1_444' title='bbox 3309 3806 3586 3885; x_wconf 85' lang='lat' dir='ltr'><strong>profecto</strong></span> <span class='ocrx_word' id='word_1_445' title='bbox 3620 3823 3752 3873; x_wconf 80' lang='lat' dir='ltr'><strong>non</strong></span> 
     </span>
    </p>
   </div>
   <div class='ocr_carea' id='block_1_37' title="bbox 512 3905 3755 3996">
    <p class='ocr_par' dir='ltr' id='par_1_37' title="bbox 512 3905 3755 3996">
     <span class='ocr_line' id='line_1_37' title="bbox 512 3905 3755 3996; baseline 0 -27"><span class='ocrx_word' id='word_1_446' title='bbox 512 3914 684 3970; x_wconf 83' lang='lat' dir='ltr'><strong>esset</strong></span> <span class='ocrx_word' id='word_1_447' title='bbox 713 3921 857 3984; x_wconf 67' lang='lat' dir='ltr'><strong>quas</strong></span> <span class='ocrx_word' id='word_1_448' title='bbox 891 3911 981 3968; x_wconf 86' lang='lat' dir='ltr'><strong>tot</strong></span> <span class='ocrx_word' id='word_1_449' title='bbox 1017 3907 1185 3969; x_wconf 89' lang='lat' dir='ltr'><strong>inter</strong></span> <span class='ocrx_word' id='word_1_450' title='bbox 1229 3905 1455 3980; x_wconf 78' lang='lat' dir='ltr'><strong>fratres</strong></span> <span class='ocrx_word' id='word_1_451' title='bbox 1493 3926 1564 3977; x_wconf 87' lang='lat' dir='ltr'><strong>ac</strong></span> <span class='ocrx_word' id='word_1_452' title='bbox 1595 3926 1849 3977; x_wconf 85' lang='lat' dir='ltr'><strong>sorores</strong></span> <span class='ocrx_word' id='word_1_453' title='bbox 1885 3911 2162 3996; x_wconf 76' lang='lat' dir='ltr'><strong>virgines</strong></span> <span class='ocrx_word' id='word_1_454' title='bbox 2209 3935 2237 3966; x_wconf 77' lang='grc' dir='ltr'>α</span> <span class='ocrx_word' id='word_1_455' title='bbox 2282 3912 2656 3985; x_wconf 87' lang='lat' dir='ltr'><strong>clarissima,</strong></span> <span class='ocrx_word' id='word_1_456' title='bbox 2682 3919 2741 3974; x_wconf 88' lang='lat' dir='ltr'><strong>et</strong></span> <span class='ocrx_word' id='word_1_457' title='bbox 2771 3911 3003 3974; x_wconf 87' lang='lat' dir='ltr'><strong>Christi</strong></span> <span class='ocrx_word' id='word_1_458' title='bbox 3031 3929 3101 3973; x_wconf 89' lang='lat' dir='ltr'><strong>ac</strong></span> <span class='ocrx_word' id='word_1_459' title='bbox 3133 3909 3429 3972; x_wconf 58' lang='lat' dir='ltr'><strong>Ecclesiae</strong></span> <span class='ocrx_word' id='word_1_460' title='bbox 3464 3908 3658 3975; x_wconf 87' lang='lat' dir='ltr'><strong>decus</strong></span> <span class='ocrx_word' id='word_1_461' title='bbox 3689 3916 3755 3971; x_wconf 84' lang='lat' dir='ltr'><strong>et</strong></span> 
     </span>
    </p>
   </div>
   <div class='ocr_carea' id='block_1_38' title="bbox 514 4006 1407 4072">
    <p class='ocr_par' dir='ltr' id='par_1_38' title="bbox 514 4006 1407 4072">
     <span class='ocr_line' id='line_1_38' title="bbox 514 4006 1407 4072; baseline 0.003 -3"><span class='ocrx_word' id='word_1_462' title='bbox 514 4014 968 4069; x_wconf 89' lang='lat' dir='ltr'><strong>ornamentum</strong></span> <span class='ocrx_word' id='word_1_463' title='bbox 1010 4030 1038 4064; x_wconf 82' lang='grc'>»</span> <span class='ocrx_word' id='word_1_464' title='bbox 1063 4006 1407 4072; x_wconf 90' lang='lat' dir='ltr'><strong>diceretur.</strong></span> 
     </span>
    </p>
   </div>
   <div class='ocr_carea' id='block_1_39' title="bbox 598 4106 3751 4187">
    <p class='ocr_par' dir='ltr' id='par_1_39' title="bbox 598 4106 3751 4187">
     <span class='ocr_line' id='line_1_39' title="bbox 598 4106 3751 4187; baseline 0.001 -20"><span class='ocrx_word' id='word_1_465' title='bbox 598 4108 669 4168; x_wconf 90' lang='lat' dir='ltr'><strong>1n</strong></span> <span class='ocrx_word' id='word_1_466' title='bbox 709 4106 975 4187; x_wconf 89' lang='lat' dir='ltr'><strong>epistola</strong></span> <span class='ocrx_word' id='word_1_467' title='bbox 1018 4107 1324 4187; x_wconf 88' lang='lat' dir='ltr'><strong>Theologi</strong></span> <span class='ocrx_word' id='word_1_468' title='bbox 1366 4111 1442 4171; x_wconf 81' lang='lat' dir='ltr'><strong>ad</strong></span> <span class='ocrx_word' id='word_1_469' title='bbox 1478 4111 1840 4186; x_wconf 69' lang='lat' dir='ltr'><strong>Nyssenum</strong></span> <span class='ocrx_word' id='word_1_470' title='bbox 1877 4113 2008 4176; x_wconf 88' lang='lat' dir='ltr'><strong>haec</strong></span> <span class='ocrx_word' id='word_1_471' title='bbox 2058 4115 2448 4180; x_wconf 85' lang='lat' dir='ltr'><strong>observanda</strong></span> <span class='ocrx_word' id='word_1_472' title='bbox 2498 4118 2775 4181; x_wconf 75' lang='lat' dir='ltr'><strong>maxime</strong></span> <span class='ocrx_word' id='word_1_473' title='bbox 2814 4127 2963 4180; x_wconf 91' lang='lat' dir='ltr'><strong>sunt</strong></span> <span class='ocrx_word' id='word_1_474' title='bbox 2999 4117 3183 4178; x_wconf 89' lang='lat' dir='ltr'><strong>verba</strong></span> <span class='ocrx_word' id='word_1_475' title='bbox 3221 4137 3236 4177; x_wconf 88' lang='lat'><strong>:</strong></span> <span class='ocrx_word' id='word_1_476' title='bbox 3274 4137 3300 4171; x_wconf 76' lang='grc' dir='ltr'><strong>α</strong></span> <span class='ocrx_word' id='word_1_477' title='bbox 3329 4112 3751 4175; x_wconf 85' lang='lat' dir='ltr'><strong>Theosebiam</strong></span> 
     </span>
    </p>
   </div>
   <div class='ocr_carea' id='block_1_40' title="bbox 512 4196 3748 4293">
    <p class='ocr_par' dir='ltr' id='par_1_40' title="bbox 512 4196 3748 4293">
     <span class='ocr_line' id='line_1_40' title="bbox 512 4196 3748 4293; baseline -0 -22"><span class='ocrx_word' id='word_1_478' title='bbox 512 4225 759 4283; x_wconf 88' lang='lat' dir='ltr'><strong>meam;</strong></span> <span class='ocrx_word' id='word_1_479' title='bbox 812 4225 1013 4270; x_wconf 87' lang='lat' dir='ltr'><strong>meam</strong></span> <span class='ocrx_word' id='word_1_480' title='bbox 1060 4196 1232 4270; x_wconf 91' lang='lat' dir='ltr'><strong>enim</strong></span> <span class='ocrx_word' id='word_1_481' title='bbox 1283 4225 1464 4284; x_wconf 89' lang='lat' dir='ltr'><strong>voco,</strong></span> <span class='ocrx_word' id='word_1_482' title='bbox 1500 4228 1641 4288; x_wconf 65' lang='lat' dir='ltr'><strong>qua)</strong></span> <span class='ocrx_word' id='word_1_483' title='bbox 1698 4218 1766 4273; x_wconf 90' lang='lat' dir='ltr'><strong>ut</strong></span> <span class='ocrx_word' id='word_1_484' title='bbox 1806 4214 1919 4273; x_wconf 90' lang='lat' dir='ltr'><strong>Dei</strong></span> <span class='ocrx_word' id='word_1_485' title='bbox 1980 4214 2227 4291; x_wconf 84' lang='lat' dir='ltr'><strong>legibus</strong></span> <span class='ocrx_word' id='word_1_486' title='bbox 2273 4226 2775 4277; x_wconf 88' lang='lat' dir='ltr'><strong>consentaneum</strong></span> <span class='ocrx_word' id='word_1_487' title='bbox 2833 4223 2964 4276; x_wconf 87' lang='lat' dir='ltr'><strong>erat</strong></span> <span class='ocrx_word' id='word_1_488' title='bbox 3003 4217 3189 4285; x_wconf 82' lang='lat' dir='ltr'><strong>vixit;</strong></span> <span class='ocrx_word' id='word_1_489' title='bbox 3229 4209 3748 4293; x_wconf 88' lang='lat' dir='ltr'><strong>quandoquidem</strong></span> 
     </span>
    </p>
   </div>
   <div class='ocr_carea' id='block_1_41' title="bbox 511 4307 3748 4392">
    <p class='ocr_par' dir='ltr' id='par_1_41' title="bbox 511 4307 3748 4392">
     <span class='ocr_line' id='line_1_41' title="bbox 511 4307 3748 4392; baseline 0 -21"><span class='ocrx_word' id='word_1_490' title='bbox 511 4307 822 4385; x_wconf 75' lang='lat' dir='ltr'><strong>apiritalis</strong></span> <span class='ocrx_word' id='word_1_491' title='bbox 855 4308 1150 4387; x_wconf 88' lang='lat' dir='ltr'><strong>cognatio</strong></span> <span class='ocrx_word' id='word_1_492' title='bbox 1198 4323 1569 4385; x_wconf 88' lang='lat' dir='ltr'><strong>corpoream</strong></span> <span class='ocrx_word' id='word_1_493' title='bbox 1615 4310 2018 4373; x_wconf 70' lang='lat' dir='ltr'><strong>antecellit.»</strong></span> <span class='ocrx_word' id='word_1_494' title='bbox 2056 4314 2319 4375; x_wconf 88' lang='lat' dir='ltr'><strong>Tantam</strong></span> <span class='ocrx_word' id='word_1_495' title='bbox 2373 4315 2506 4377; x_wconf 71' lang='lat' dir='ltr'><strong>hmo</strong></span> <span class='ocrx_word' id='word_1_496' title='bbox 2541 4316 2730 4377; x_wconf 89' lang='lat' dir='ltr'><strong>verba</strong></span> <span class='ocrx_word' id='word_1_497' title='bbox 2776 4317 2901 4377; x_wconf 87' lang='lat' dir='ltr'><strong>vim</strong></span> <span class='ocrx_word' id='word_1_498' title='bbox 2957 4315 3189 4377; x_wconf 88' lang='lat' dir='ltr'><strong>habent</strong></span> <span class='ocrx_word' id='word_1_499' title='bbox 3232 4315 3307 4375; x_wconf 89' lang='lat' dir='ltr'><strong>ad</strong></span> <span class='ocrx_word' id='word_1_500' title='bbox 3354 4312 3748 4392; x_wconf 86' lang='lat' dir='ltr'><strong>probandum</strong></span> 
     </span>
    </p>
   </div>
   <div class='ocr_carea' id='block_1_42' title="bbox 512 4411 3749 4494">
    <p class='ocr_par' dir='ltr' id='par_1_42' title="bbox 512 4411 3749 4494">
     <span class='ocr_line' id='line_1_42' title="bbox 512 4411 3749 4494; baseline 0 -21"><span class='ocrx_word' id='word_1_501' title='bbox 512 4411 942 4475; x_wconf 84' lang='lat' dir='ltr'><strong>Theosebiam</strong></span> <span class='ocrx_word' id='word_1_502' title='bbox 994 4428 1278 4477; x_wconf 88' lang='lat' dir='ltr'><strong>sororem</strong></span> <span class='ocrx_word' id='word_1_503' title='bbox 1327 4427 1471 4473; x_wconf 89' lang='lat' dir='ltr'><strong>esse</strong></span> <span class='ocrx_word' id='word_1_504' title='bbox 1518 4429 1882 4490; x_wconf 86' lang='lat' dir='ltr'><strong>germanam</strong></span> <span class='ocrx_word' id='word_1_505' title='bbox 1924 4415 2223 4492; x_wconf 79' lang='lat' dir='ltr'><strong>Nysseni,</strong></span> <span class='ocrx_word' id='word_1_506' title='bbox 2260 4423 2319 4478; x_wconf 91' lang='lat' dir='ltr'><strong>et</strong></span> <span class='ocrx_word' id='word_1_507' title='bbox 2350 4416 2423 4478; x_wconf 90' lang='lat' dir='ltr'><strong>ad</strong></span> <span class='ocrx_word' id='word_1_508' title='bbox 2477 4416 2820 4479; x_wconf 86' lang='lat' dir='ltr'><strong>arcendum</strong></span> <span class='ocrx_word' id='word_1_509' title='bbox 2876 4416 3127 4494; x_wconf 90' lang='lat' dir='ltr'><strong>penitus</strong></span> <span class='ocrx_word' id='word_1_510' title='bbox 3178 4432 3320 4477; x_wconf 91' lang='lat' dir='ltr'><strong>cum</strong></span> <span class='ocrx_word' id='word_1_511' title='bbox 3352 4412 3429 4475; x_wconf 88' lang='lat' dir='ltr'><strong>ab</strong></span> <span class='ocrx_word' id='word_1_512' title='bbox 3473 4430 3571 4487; x_wconf 91' lang='lat' dir='ltr'><strong>eo,</strong></span> <span class='ocrx_word' id='word_1_513' title='bbox 3615 4423 3749 4483; x_wconf 81' lang='lat' dir='ltr'><strong>tum</strong></span> 
     </span>
    </p>
   </div>
   <div class='ocr_carea' id='block_1_43' title="bbox 511 4509 3749 4593">
    <p class='ocr_par' dir='ltr' id='par_1_43' title="bbox 511 4509 3749 4593">
     <span class='ocr_line' id='line_1_43' title="bbox 511 4509 3749 4593; baseline 0.001 -21"><span class='ocrx_word' id='word_1_514' title='bbox 511 4530 546 4572; x_wconf 88' lang='lat' dir='ltr'><strong>a</strong></span> <span class='ocrx_word' id='word_1_515' title='bbox 581 4509 990 4580; x_wconf 78' lang='lat' dir='ltr'><strong>Nazianzeno</strong></span> <span class='ocrx_word' id='word_1_516' title='bbox 1017 4512 1417 4592; x_wconf 85' lang='lat' dir='ltr'><strong>conjugium,</strong></span> <span class='ocrx_word' id='word_1_517' title='bbox 1453 4522 1519 4576; x_wconf 92' lang='lat' dir='ltr'><strong>ut</strong></span> <span class='ocrx_word' id='word_1_518' title='bbox 1572 4516 1805 4579; x_wconf 91' lang='lat' dir='ltr'><strong>mirum</strong></span> <span class='ocrx_word' id='word_1_519' title='bbox 1841 4517 2022 4579; x_wconf 86' lang='lat' dir='ltr'><strong>valde</strong></span> <span class='ocrx_word' id='word_1_520' title='bbox 2057 4519 2140 4578; x_wconf 92' lang='lat' dir='ltr'><strong>sit</strong></span> <span class='ocrx_word' id='word_1_521' title='bbox 2171 4518 2343 4580; x_wconf 91' lang='lat' dir='ltr'><strong>viros</strong></span> <span class='ocrx_word' id='word_1_522' title='bbox 2373 4519 2592 4580; x_wconf 90' lang='lat' dir='ltr'><strong>doctos</strong></span> <span class='ocrx_word' id='word_1_523' title='bbox 2629 4536 2707 4581; x_wconf 77' lang='lat' dir='ltr'><strong>ex</strong></span> <span class='ocrx_word' id='word_1_524' title='bbox 2754 4519 2852 4581; x_wconf 90' lang='lat' dir='ltr'><strong>his</strong></span> <span class='ocrx_word' id='word_1_525' title='bbox 2898 4518 3103 4581; x_wconf 89' lang='lat' dir='ltr'><strong>verbis</strong></span> <span class='ocrx_word' id='word_1_526' title='bbox 3149 4533 3365 4580; x_wconf 90' lang='lat' dir='ltr'><strong>ansam</strong></span> <span class='ocrx_word' id='word_1_527' title='bbox 3405 4514 3749 4593; x_wconf 88' lang='lat' dir='ltr'><strong>arripuisse</strong></span> 
     </span>
    </p>
   </div>
   <div class='ocr_carea' id='block_1_44' title="bbox 511 4616 3748 4703">
    <p class='ocr_par' dir='ltr' id='par_1_44' title="bbox 511 4616 3748 4703">
     <span class='ocr_line' id='line_1_44' title="bbox 511 4616 3748 4703; baseline 0.002 -28"><span class='ocrx_word' id='word_1_528' title='bbox 511 4616 799 4693; x_wconf 80' lang='lat' dir='ltr'><strong>alterutri</strong></span> <span class='ocrx_word' id='word_1_529' title='bbox 836 4616 1145 4695; x_wconf 87' lang='lat' dir='ltr'><strong>Gregorio</strong></span> <span class='ocrx_word' id='word_1_530' title='bbox 1176 4636 1328 4693; x_wconf 17' lang='lat' dir='ltr'><strong>cum,</strong></span> <span class='ocrx_word' id='word_1_531' title='bbox 1353 4621 1718 4685; x_wconf 85' lang='lat' dir='ltr'><strong>Theosebia</strong></span> <span class='ocrx_word' id='word_1_532' title='bbox 1751 4623 2232 4691; x_wconf 87' lang='lat' dir='ltr'><strong>matrimonium</strong></span> <span class='ocrx_word' id='word_1_533' title='bbox 2281 4623 2648 4703; x_wconf 82' lang='lat' dir='ltr'><strong>aﬂingendi,</strong></span> <span class='ocrx_word' id='word_1_534' title='bbox 2682 4643 2756 4687; x_wconf 80' lang='lat' dir='ltr'><strong>ex</strong></span> <span class='ocrx_word' id='word_1_535' title='bbox 2789 4624 3023 4703; x_wconf 90' lang='lat' dir='ltr'><strong>quibus</strong></span> <span class='ocrx_word' id='word_1_536' title='bbox 3056 4620 3442 4687; x_wconf 87' lang='lat' dir='ltr'><strong>contrarium</strong></span> <span class='ocrx_word' id='word_1_537' title='bbox 3471 4625 3748 4681; x_wconf 88' lang='lat' dir='ltr'><strong>statuere</strong></span> 
     </span>
    </p>
   </div>
   <div class='ocr_carea' id='block_1_45' title="bbox 510 4718 891 4780">
    <p class='ocr_par' dir='ltr' id='par_1_45' title="bbox 510 4718 891 4780">
     <span class='ocr_line' id='line_1_45' title="bbox 510 4718 891 4780; baseline 0.003 -3"><span class='ocrx_word' id='word_1_538' title='bbox 510 4718 891 4780; x_wconf 87' lang='lat' dir='ltr'><strong>debuerant.</strong></span> 
     </span>
    </p>
   </div>
   <div class='ocr_carea' id='block_1_46' title="bbox 588 4817 3748 4911">
    <p class='ocr_par' dir='ltr' id='par_1_46' title="bbox 588 4817 3748 4911">
     <span class='ocr_line' id='line_1_46' title="bbox 588 4817 3748 4911; baseline 0.001 -31"><span class='ocrx_word' id='word_1_539' title='bbox 588 4817 775 4881; x_wconf 85' lang='lat' dir='ltr'><strong>Certe</strong></span> <span class='ocrx_word' id='word_1_540' title='bbox 827 4819 1202 4899; x_wconf 83' lang='lat' dir='ltr'><strong>Gregorius,</strong></span> <span class='ocrx_word' id='word_1_541' title='bbox 1248 4844 1391 4888; x_wconf 89' lang='lat' dir='ltr'><strong>cum</strong></span> <span class='ocrx_word' id='word_1_542' title='bbox 1437 4828 1860 4908; x_wconf 74' lang='lat' dir='ltr'><strong>«cognationi</strong></span> <span class='ocrx_word' id='word_1_543' title='bbox 1915 4845 2313 4908; x_wconf 65' lang='lat' dir='ltr'><strong>corporeae,»</strong></span> <span class='ocrx_word' id='word_1_544' title='bbox 2372 4848 2495 4911; x_wconf 91' lang='lat' dir='ltr'><strong>qua</strong></span> <span class='ocrx_word' id='word_1_545' title='bbox 2550 4831 2913 4911; x_wconf 83' lang='lat' dir='ltr'><strong>Nyssenum</strong></span> <span class='ocrx_word' id='word_1_546' title='bbox 2953 4825 3312 4889; x_wconf 88' lang='lat' dir='ltr'><strong>Theosebia</strong></span> <span class='ocrx_word' id='word_1_547' title='bbox 3377 4821 3748 4900; x_wconf 86' lang='lat' dir='ltr'><strong>attingebat,</strong></span> 
     </span>
    </p>
   </div>
   <div class='ocr_carea' id='block_1_47' title="bbox 509 4921 3746 5010">
    <p class='ocr_par' dir='ltr' id='par_1_47' title="bbox 509 4921 3746 5010">
     <span class='ocr_line' id='line_1_47' title="bbox 509 4921 3746 5010; baseline 0 -25"><span class='ocrx_word' id='word_1_548' title='bbox 509 4945 546 4985; x_wconf 75' lang='grc' dir='ltr'><strong><em>α</em></strong></span> <span class='ocrx_word' id='word_1_549' title='bbox 575 4925 927 5005; x_wconf 74' lang='lat' dir='ltr'><strong>spiritalem</strong></span> <span class='ocrx_word' id='word_1_550' title='bbox 951 4950 980 4984; x_wconf 74' lang='grc' dir='ltr'><strong>ι»</strong></span> <span class='ocrx_word' id='word_1_551' title='bbox 1016 4928 1281 5006; x_wconf 85' lang='lat' dir='ltr'><strong>opponit</strong></span> <span class='ocrx_word' id='word_1_552' title='bbox 1323 4946 1444 5007; x_wconf 92' lang='lat' dir='ltr'><strong>qua</strong></span> <span class='ocrx_word' id='word_1_553' title='bbox 1479 4930 1555 4991; x_wconf 90' lang='lat' dir='ltr'><strong>ad</strong></span> <span class='ocrx_word' id='word_1_554' title='bbox 1587 4946 1656 4990; x_wconf 87' lang='lat' dir='ltr'><strong>se</strong></span> <span class='ocrx_word' id='word_1_555' title='bbox 1700 4930 1911 5009; x_wconf 91' lang='lat' dir='ltr'><strong>ipsum</strong></span> <span class='ocrx_word' id='word_1_556' title='bbox 1947 4930 2338 5009; x_wconf 85' lang='lat' dir='ltr'><strong>pertinebat;</strong></span> <span class='ocrx_word' id='word_1_557' title='bbox 2369 4948 2510 4993; x_wconf 91' lang='lat' dir='ltr'><strong>cum</strong></span> <span class='ocrx_word' id='word_1_558' title='bbox 2546 4952 2575 4994; x_wconf 69' lang='lat' dir='ltr'><strong>qr</strong></span> <span class='ocrx_word' id='word_1_559' title='bbox 2605 4928 2906 5010; x_wconf 90' lang='lat' dir='ltr'><strong>spiritalis</strong></span> <span class='ocrx_word' id='word_1_560' title='bbox 2930 4950 2962 4992; x_wconf 75' lang='lat'>»</span> <span class='ocrx_word' id='word_1_561' title='bbox 2994 4926 3185 5005; x_wconf 78' lang='lat' dir='ltr'><strong>huius</strong></span> <span class='ocrx_word' id='word_1_562' title='bbox 3228 4946 3257 4981; x_wconf 80' lang='grc' dir='ltr'><strong>α</strong></span> <span class='ocrx_word' id='word_1_563' title='bbox 3298 4921 3692 5002; x_wconf 86' lang='lat' dir='ltr'><strong>cognationis</strong></span> <span class='ocrx_word' id='word_1_564' title='bbox 3718 4951 3746 4983; x_wconf 73' lang='grc' dir='ltr'><strong><em>ι</em></strong></span> 
     </span>
    </p>
   </div>
   <div class='ocr_carea' id='block_1_48' title="bbox 508 5027 3745 5112">
    <p class='ocr_par' dir='ltr' id='par_1_48' title="bbox 508 5027 3745 5112">
     <span class='ocr_line' id='line_1_48' title="bbox 508 5027 3745 5112; baseline -0.002 -18"><span class='ocrx_word' id='word_1_565' title='bbox 508 5048 734 5095; x_wconf 91' lang='lat' dir='ltr'><strong>causas</strong></span> <span class='ocrx_word' id='word_1_566' title='bbox 767 5048 839 5094; x_wconf 91' lang='lat' dir='ltr'><strong>ac</strong></span> <span class='ocrx_word' id='word_1_567' title='bbox 884 5031 1165 5094; x_wconf 88' lang='lat' dir='ltr'><strong>rationes</strong></span> <span class='ocrx_word' id='word_1_568' title='bbox 1211 5034 1444 5105; x_wconf 89' lang='lat' dir='ltr'><strong>reddit,</strong></span> <span class='ocrx_word' id='word_1_569' title='bbox 1496 5033 1670 5112; x_wconf 92' lang='lat' dir='ltr'><strong>quod</strong></span> <span class='ocrx_word' id='word_1_570' title='bbox 1732 5033 2036 5095; x_wconf 90' lang='lat' dir='ltr'><strong>nimirum</strong></span> <span class='ocrx_word' id='word_1_571' title='bbox 2098 5034 2451 5096; x_wconf 86' lang='lat' dir='ltr'><strong>Theosebia</strong></span> <span class='ocrx_word' id='word_1_572' title='bbox 2504 5034 2672 5095; x_wconf 78' lang='lat' dir='ltr'><strong>«Dei</strong></span> <span class='ocrx_word' id='word_1_573' title='bbox 2723 5033 2970 5111; x_wconf 88' lang='lat' dir='ltr'><strong>legibus</strong></span> <span class='ocrx_word' id='word_1_574' title='bbox 3025 5038 3449 5095; x_wconf 82' lang='lat' dir='ltr'><strong>consentanea</strong></span> <span class='ocrx_word' id='word_1_575' title='bbox 3506 5027 3745 5101; x_wconf 65' lang='lat' dir='ltr'><strong>vixit,”</strong></span> 
     </span>
    </p>
   </div>
   <div class='ocr_carea' id='block_1_49' title="bbox 507 5129 3751 5212">
    <p class='ocr_par' dir='ltr' id='par_1_49' title="bbox 507 5129 3751 5212">
     <span class='ocr_line' id='line_1_49' title="bbox 507 5129 3751 5212; baseline -0.002 -19"><span class='ocrx_word' id='word_1_576' title='bbox 507 5148 766 5204; x_wconf 90' lang='lat' dir='ltr'><strong>omnem</strong></span> <span class='ocrx_word' id='word_1_577' title='bbox 807 5148 1069 5210; x_wconf 90' lang='lat' dir='ltr'><strong>prorsus</strong></span> <span class='ocrx_word' id='word_1_578' title='bbox 1099 5150 1134 5194; x_wconf 89' lang='lat' dir='ltr'><strong>a</strong></span> <span class='ocrx_word' id='word_1_579' title='bbox 1180 5150 1250 5194; x_wconf 90' lang='lat' dir='ltr'><strong>se</strong></span> <span class='ocrx_word' id='word_1_580' title='bbox 1287 5138 1349 5193; x_wconf 91' lang='lat' dir='ltr'><strong>et</strong></span> <span class='ocrx_word' id='word_1_581' title='bbox 1392 5149 1427 5192; x_wconf 94' lang='lat' dir='ltr'><strong>a</strong></span> <span class='ocrx_word' id='word_1_582' title='bbox 1478 5132 1771 5211; x_wconf 81' lang='lat' dir='ltr'><strong>Nysseno</strong></span> <span class='ocrx_word' id='word_1_583' title='bbox 1823 5134 2214 5195; x_wconf 91' lang='lat' dir='ltr'><strong>matrimonii</strong></span> <span class='ocrx_word' id='word_1_584' title='bbox 2271 5132 2709 5211; x_wconf 87' lang='lat' dir='ltr'><strong>suspicionem</strong></span> <span class='ocrx_word' id='word_1_585' title='bbox 2767 5131 3117 5212; x_wconf 89' lang='lat' dir='ltr'><strong>prepulsat.</strong></span> <span class='ocrx_word' id='word_1_586' title='bbox 3158 5129 3509 5192; x_wconf 88' lang='lat' dir='ltr'><strong>Theosebia</strong></span> <span class='ocrx_word' id='word_1_587' title='bbox 3568 5143 3751 5189; x_wconf 89' lang='lat' dir='ltr'><strong>soror</strong></span> 
     </span>
    </p>
   </div>
   <div class='ocr_carea' id='block_1_50' title="bbox 507 5227 3753 5310">
    <p class='ocr_par' dir='ltr' id='par_1_50' title="bbox 507 5227 3753 5310">
     <span class='ocr_line' id='line_1_50' title="bbox 507 5227 3753 5310; baseline -0.002 -16"><span class='ocrx_word' id='word_1_588' title='bbox 507 5240 641 5294; x_wconf 87' lang='lat' dir='ltr'><strong>erat</strong></span> <span class='ocrx_word' id='word_1_589' title='bbox 675 5231 978 5310; x_wconf 87' lang='lat' dir='ltr'><strong>Nysseni,</strong></span> <span class='ocrx_word' id='word_1_590' title='bbox 1012 5228 1392 5307; x_wconf 88' lang='lat' dir='ltr'><strong>cognatione</strong></span> <span class='ocrx_word' id='word_1_591' title='bbox 1427 5227 1778 5304; x_wconf 85' lang='lat' dir='ltr'><strong>corporali;</strong></span> <span class='ocrx_word' id='word_1_592' title='bbox 1824 5245 2008 5291; x_wconf 87' lang='lat' dir='ltr'><strong>soror</strong></span> <span class='ocrx_word' id='word_1_593' title='bbox 2040 5248 2191 5292; x_wconf 88' lang='lat' dir='ltr'><strong>vero</strong></span> <span class='ocrx_word' id='word_1_594' title='bbox 2228 5231 2640 5303; x_wconf 84' lang='lat' dir='ltr'><strong>Nazianzeni,</strong></span> <span class='ocrx_word' id='word_1_595' title='bbox 2677 5231 3115 5308; x_wconf 64' lang='lat' dir='ltr'><strong>«cognatione</strong></span> <span class='ocrx_word' id='word_1_596' title='bbox 3148 5228 3456 5307; x_wconf 87' lang='lat' dir='ltr'><strong>spirituali</strong></span> <span class='ocrx_word' id='word_1_597' title='bbox 3479 5249 3497 5303; x_wconf 89' lang='lat'><strong>;</strong></span> <span class='ocrx_word' id='word_1_598' title='bbox 3524 5250 3551 5283; x_wconf 77' lang='grc' dir='ltr'><strong><em>ιο</em></strong></span> <span class='ocrx_word' id='word_1_599' title='bbox 3602 5243 3753 5287; x_wconf 88' lang='lat' dir='ltr'><strong>neu-</strong></span> 
     </span>
    </p>
   </div>
   <div class='ocr_carea' id='block_1_51' title="bbox 507 5323 3746 5406">
    <p class='ocr_par' dir='ltr' id='par_1_51' title="bbox 507 5323 3746 5406">
     <span class='ocr_line' id='line_1_51' title="bbox 507 5323 3746 5406; baseline -0.003 -13"><span class='ocrx_word' id='word_1_600' title='bbox 507 5332 673 5394; x_wconf 89' lang='lat' dir='ltr'><strong>trius</strong></span> <span class='ocrx_word' id='word_1_601' title='bbox 704 5340 916 5395; x_wconf 89' lang='lat' dir='ltr'><strong>autem</strong></span> <span class='ocrx_word' id='word_1_602' title='bbox 953 5345 1138 5392; x_wconf 85' lang='lat' dir='ltr'><strong>uxor.</strong></span> <span class='ocrx_word' id='word_1_603' title='bbox 1170 5328 1297 5389; x_wconf 86' lang='lat' dir='ltr'><strong>Nec</strong></span> <span class='ocrx_word' id='word_1_604' title='bbox 1331 5342 1589 5394; x_wconf 73' lang='lat' dir='ltr'><strong>movere</strong></span> <span class='ocrx_word' id='word_1_605' title='bbox 1619 5327 1803 5390; x_wconf 90' lang='lat' dir='ltr'><strong>debet</strong></span> <span class='ocrx_word' id='word_1_606' title='bbox 1842 5344 1963 5389; x_wconf 84' lang='lat' dir='ltr'><strong>vox</strong></span> <span class='ocrx_word' id='word_1_607' title='bbox 1995 5328 2112 5391; x_wconf 91' lang='lat' dir='ltr'><strong>ista</strong></span> <span class='ocrx_word' id='word_1_608' title='bbox 2148 5336 2399 5405; x_wconf 75' lang='grc' dir='ltr'><strong>σύζυγος,</strong></span> <span class='ocrx_word' id='word_1_609' title='bbox 2437 5348 2559 5405; x_wconf 91' lang='lat' dir='ltr'><strong>qua</strong></span> <span class='ocrx_word' id='word_1_610' title='bbox 2600 5347 2754 5390; x_wconf 92' lang='lat' dir='ltr'><strong>usus</strong></span> <span class='ocrx_word' id='word_1_611' title='bbox 2802 5340 2896 5390; x_wconf 89' lang='lat' dir='ltr'><strong>est</strong></span> <span class='ocrx_word' id='word_1_612' title='bbox 2937 5337 3156 5391; x_wconf 90' lang='lat' dir='ltr'><strong>auctor</strong></span> <span class='ocrx_word' id='word_1_613' title='bbox 3203 5325 3536 5406; x_wconf 86' lang='lat' dir='ltr'><strong>epitaphii.</strong></span> <span class='ocrx_word' id='word_1_614' title='bbox 3572 5323 3746 5384; x_wconf 86' lang='lat' dir='ltr'><strong>Idem</strong></span> 
     </span>
    </p>
   </div>
   <div class='ocr_carea' id='block_1_52' title="bbox 505 5430 3746 5510">
    <p class='ocr_par' dir='ltr' id='par_1_52' title="bbox 505 5430 3746 5510">
     <span class='ocr_line' id='line_1_52' title="bbox 505 5430 3746 5510; baseline -0.002 -12"><span class='ocrx_word' id='word_1_615' title='bbox 505 5435 681 5498; x_wconf 86' lang='lat' dir='ltr'><strong>enim</strong></span> <span class='ocrx_word' id='word_1_616' title='bbox 736 5437 851 5497; x_wconf 92' lang='lat' dir='ltr'><strong>hac</strong></span> <span class='ocrx_word' id='word_1_617' title='bbox 910 5451 1061 5497; x_wconf 90' lang='lat' dir='ltr'><strong>voce</strong></span> <span class='ocrx_word' id='word_1_618' title='bbox 1114 5431 1473 5510; x_wconf 83' lang='lat' dir='ltr'><strong>signiﬁcare</strong></span> <span class='ocrx_word' id='word_1_619' title='bbox 1520 5430 1726 5505; x_wconf 67' lang='lat' dir='ltr'><strong>voluit</strong></span> <span class='ocrx_word' id='word_1_620' title='bbox 1794 5432 2169 5510; x_wconf 83' lang='lat' dir='ltr'><strong>Gregorius,</strong></span> <span class='ocrx_word' id='word_1_621' title='bbox 2224 5448 2394 5510; x_wconf 86' lang='lat' dir='ltr'><strong>quoe</strong></span> <span class='ocrx_word' id='word_1_622' title='bbox 2438 5442 2495 5492; x_wconf 88' lang='lat' dir='ltr'><strong>in</strong></span> <span class='ocrx_word' id='word_1_623' title='bbox 2559 5431 2882 5510; x_wconf 85' lang='lat' dir='ltr'><strong>epitaphio</strong></span> <span class='ocrx_word' id='word_1_624' title='bbox 2940 5450 3041 5493; x_wconf 81' lang='lat' dir='ltr'><strong>xu</strong></span> <span class='ocrx_word' id='word_1_625' title='bbox 3101 5435 3266 5510; x_wconf 86' lang='lat' dir='ltr'><strong>apud</strong></span> <span class='ocrx_word' id='word_1_626' title='bbox 3329 5430 3746 5492; x_wconf 83' lang='lat' dir='ltr'><strong>Muratorium</strong></span> 
     </span>
    </p>
   </div>
   <div class='ocr_carea' id='block_1_53' title="bbox 507 5534 2054 5624">
    <p class='ocr_par' dir='ltr' id='par_1_53' title="bbox 507 5539 2054 5624">
     <span class='ocr_line' id='line_1_53' title="bbox 507 5539 2054 5624; baseline -0.005 -19"><span class='ocrx_word' id='word_1_627' title='bbox 507 5562 568 5623; x_wconf 80' lang='grc' dir='ltr'><strong>ρ.</strong></span> <span class='ocrx_word' id='word_1_628' title='bbox 601 5541 678 5605; x_wconf 67' lang='grc' dir='ltr'><strong>1ιο</strong></span> <span class='ocrx_word' id='word_1_629' title='bbox 708 5561 724 5602; x_wconf 86' lang='lat'><strong>:</strong></span> <span class='ocrx_word' id='word_1_630' title='bbox 760 5552 1064 5624; x_wconf 81' lang='grc' dir='ltr'><strong>Καρτέριον</strong></span> <span class='ocrx_word' id='word_1_631' title='bbox 1093 5551 1190 5623; x_wconf 76' lang='grc' dir='ltr'><strong>τῆς</strong></span> <span class='ocrx_word' id='word_1_632' title='bbox 1230 5548 1326 5617; x_wconf 77' lang='grc' dir='ltr'><strong>σῆς</strong></span> <span class='ocrx_word' id='word_1_633' title='bbox 1362 5544 1595 5613; x_wconf 76' lang='grc' dir='ltr'><strong>σύζυγον</strong></span> <span class='ocrx_word' id='word_1_634' title='bbox 1630 5543 1917 5615; x_wconf 73' lang='grc' dir='ltr'><strong>εὐσεϐίηςο</strong></span> <span class='ocrx_word' id='word_1_635' title='bbox 1955 5560 1982 5592; x_wconf 79' lang='grc' dir='ltr'><strong><em>α</em></strong></span> <span class='ocrx_word' id='word_1_636' title='bbox 2012 5539 2054 5597; x_wconf 80' lang='grc' dir='ltr'><strong>Β</strong></span> 
     </span>
    </p>
   </div>
   <div class='ocr_carea' id='block_1_54' title="bbox 2201 5534 3748 5624">
    <p class='ocr_par' dir='ltr' id='par_1_54' title="bbox 2201 5534 3748 5615">
     <span class='ocr_line' id='line_1_54' title="bbox 2201 5534 3748 5615; baseline -0.001 -18"><span class='ocrx_word' id='word_1_637' title='bbox 2201 5537 2322 5611; x_wconf 85' lang='lat' dir='ltr'><strong>isti,</strong></span> <span class='ocrx_word' id='word_1_638' title='bbox 2352 5537 2586 5615; x_wconf 87' lang='lat' dir='ltr'><strong>inquit,</strong></span> <span class='ocrx_word' id='word_1_639' title='bbox 2621 5538 3018 5611; x_wconf 89' lang='lat' dir='ltr'><strong>Nicomedes,</strong></span> <span class='ocrx_word' id='word_1_640' title='bbox 3060 5538 3407 5599; x_wconf 87' lang='lat' dir='ltr'><strong>Carterium</strong></span> <span class='ocrx_word' id='word_1_641' title='bbox 3450 5544 3569 5596; x_wconf 67' lang='lat' dir='ltr'><strong>ture</strong></span> <span class='ocrx_word' id='word_1_642' title='bbox 3612 5534 3748 5614; x_wconf 85' lang='lat' dir='ltr'><strong>pie-</strong></span> 
     </span>
    </p>
   </div>
   <div class='ocr_carea' id='block_1_55' title="bbox 503 5640 3749 5722">
    <p class='ocr_par' dir='ltr' id='par_1_55' title="bbox 503 5640 3749 5722">
     <span class='ocr_line' id='line_1_55' title="bbox 503 5640 3749 5722; baseline -0.004 -11"><span class='ocrx_word' id='word_1_643' title='bbox 503 5648 656 5711; x_wconf 90' lang='lat' dir='ltr'><strong>tatis</strong></span> <span class='ocrx_word' id='word_1_644' title='bbox 686 5650 1009 5710; x_wconf 77' lang='lat' dir='ltr'><strong>socium.»</strong></span> <span class='ocrx_word' id='word_1_645' title='bbox 1046 5649 1451 5713; x_wconf 80' lang='lat' dir='ltr'><strong>Nazianzeno</strong></span> <span class='ocrx_word' id='word_1_646' title='bbox 1485 5651 1655 5705; x_wconf 91' lang='lat' dir='ltr'><strong>certe</strong></span> <span class='ocrx_word' id='word_1_647' title='bbox 1704 5643 1885 5706; x_wconf 87' lang='lat' dir='ltr'><strong>licuit</strong></span> <span class='ocrx_word' id='word_1_648' title='bbox 1934 5644 2106 5722; x_wconf 93' lang='lat' dir='ltr'><strong>quod</strong></span> <span class='ocrx_word' id='word_1_649' title='bbox 2157 5643 2391 5722; x_wconf 92' lang='lat' dir='ltr'><strong>cuique</strong></span> <span class='ocrx_word' id='word_1_650' title='bbox 2431 5642 2605 5716; x_wconf 86' lang='lat' dir='ltr'><strong>licet,</strong></span> <span class='ocrx_word' id='word_1_651' title='bbox 2658 5644 2923 5704; x_wconf 88' lang='lat' dir='ltr'><strong>vocibus</strong></span> <span class='ocrx_word' id='word_1_652' title='bbox 2967 5643 3050 5703; x_wconf 78' lang='lat' dir='ltr'><strong>iis</strong></span> <span class='ocrx_word' id='word_1_653' title='bbox 3105 5640 3304 5715; x_wconf 90' lang='lat' dir='ltr'><strong>abuti,</strong></span> <span class='ocrx_word' id='word_1_654' title='bbox 3352 5641 3586 5720; x_wconf 84' lang='lat' dir='ltr'><strong>quibus</strong></span> <span class='ocrx_word' id='word_1_655' title='bbox 3636 5656 3749 5700; x_wconf 91' lang='lat' dir='ltr'><strong>vo-</strong></span> 
     </span>
    </p>
   </div>
   <div class='ocr_carea' id='block_1_56' title="bbox 505 5744 3745 5835">
    <p class='ocr_par' dir='ltr' id='par_1_56' title="bbox 505 5744 3745 5835">
     <span class='ocr_line' id='line_1_56' title="bbox 505 5744 3745 5835; baseline -0.003 -23"><span class='ocrx_word' id='word_1_656' title='bbox 505 5750 723 5824; x_wconf 90' lang='lat' dir='ltr'><strong>luerit,</strong></span> <span class='ocrx_word' id='word_1_657' title='bbox 764 5752 953 5813; x_wconf 91' lang='lat' dir='ltr'><strong>modo</strong></span> <span class='ocrx_word' id='word_1_658' title='bbox 1005 5752 1290 5823; x_wconf 82' lang='lat' dir='ltr'><strong>deliniat,</strong></span> <span class='ocrx_word' id='word_1_659' title='bbox 1343 5766 1699 5835; x_wconf 78' lang='lat' dir='ltr'><strong>novamque</strong></span> <span class='ocrx_word' id='word_1_660' title='bbox 1751 5766 1949 5827; x_wconf 22' lang='lat' dir='ltr'><strong>quam,</strong></span> <span class='ocrx_word' id='word_1_661' title='bbox 1998 5748 2078 5809; x_wconf 89' lang='lat' dir='ltr'><strong>iis</strong></span> <span class='ocrx_word' id='word_1_662' title='bbox 2132 5746 2371 5825; x_wconf 81' lang='lat' dir='ltr'><strong>aliingit</strong></span> <span class='ocrx_word' id='word_1_663' title='bbox 2423 5747 2956 5825; x_wconf 82' lang='lat' dir='ltr'><strong>signiﬁcationem</strong></span> <span class='ocrx_word' id='word_1_664' title='bbox 3018 5753 3312 5826; x_wconf 84' lang='lat' dir='ltr'><strong>exponat.</strong></span> <span class='ocrx_word' id='word_1_665' title='bbox 3361 5744 3541 5817; x_wconf 82' lang='lat' dir='ltr'><strong>Quod</strong></span> <span class='ocrx_word' id='word_1_666' title='bbox 3589 5759 3745 5803; x_wconf 86' lang='lat' dir='ltr'><strong>sane</strong></span> 
     </span>
    </p>
   </div>
   <div class='ocr_carea' id='block_1_57' title="bbox 505 5847 3745 5941">
    <p class='ocr_par' dir='ltr' id='par_1_57' title="bbox 505 5847 3745 5941">
     <span class='ocr_line' id='line_1_57' title="bbox 505 5847 3745 5941; baseline -0.002 -26"><span class='ocrx_word' id='word_1_667' title='bbox 505 5854 933 5919; x_wconf 88' lang='lat' dir='ltr'><strong>disertissime</strong></span> <span class='ocrx_word' id='word_1_668' title='bbox 994 5855 1319 5935; x_wconf 66' lang='lat' dir='ltr'><strong>praestitit,</strong></span> <span class='ocrx_word' id='word_1_669' title='bbox 1363 5853 1789 5917; x_wconf 84' lang='lat' dir='ltr'><strong>Theosebiam</strong></span> <span class='ocrx_word' id='word_1_670' title='bbox 1844 5870 2127 5916; x_wconf 75' lang='lat' dir='ltr'><strong>sororem</strong></span> <span class='ocrx_word' id='word_1_671' title='bbox 2186 5852 2462 5932; x_wconf 70' lang='lat' dir='ltr'><strong>Nysseni</strong></span> <span class='ocrx_word' id='word_1_672' title='bbox 2521 5868 2883 5941; x_wconf 81' lang='lat' dir='ltr'><strong>germanam</strong></span> <span class='ocrx_word' id='word_1_673' title='bbox 2942 5868 3079 5915; x_wconf 87' lang='lat' dir='ltr'><strong>esse</strong></span> <span class='ocrx_word' id='word_1_674' title='bbox 3136 5849 3531 5923; x_wconf 73' lang='lat' dir='ltr'><strong>confirmans,</strong></span> <span class='ocrx_word' id='word_1_675' title='bbox 3572 5847 3745 5927; x_wconf 76' lang='lat' dir='ltr'><strong>ejus-</strong></span> 
     </span>
    </p>
   </div>
  </div>
