3926 6410
209 376 278 433 53
512 394 517 405 η
1193 376 1563 437 PR£FATIO
1606 380 2014 439 GENERALIS.
2066 411 2125 422 —
2165 381 2343 467 PARS
2382 379 2445 438 ﬂ.
3396 384 3463 439 54

207 496 957 575 όθωρυθῖόῑποουίεεδω
992 497 1092 561 his
1149 501 1360 563 verbis
1390 514 1712 579 astruens,

1911 524 2003 567 ius
2050 505 2294 586 aptiora
2329 522 2457 567 non
2495 511 2645 567 sunt
2693 504 2772 568 ad
2809 502 3197 582 designanda
3246 504 3461 568 diaco-

205 596 399 657 nissze
440 597 664 660 merita
700 606 758 661 et
805 600 1067 663 munia:
1104 626 1132 662 α
1166 605 1586 670 Theosebiam
1646 628 1794 672 vere
1852 624 2126 684 sacram,
2177 614 2371 691 alque
2419 609 2579 672 adeo
2618 606 2928 671 sacerdoti
2984 624 3343 688 comparem
3401 621 3460 672 et

198 715 415 785 parem
452 696 785 767 honore'et
820 706 1063 785 magnis
1096 712 1417 790 mysteriis
1449 713 1726 792 dignam.
1753 738 1783 772 ι

277 801 584 867 Praeterea
620 822 743 866 vox
779 805 988 871 Graeca
1025 819 1255 890 σύζυγος
1300 830 1425 874 non
1466 818 1716 891 preprie
1752 814 2067 892 significat
2102 832 2240 884 eos.
2292 830 2456 893 quos
2496 814 2719 875 Latine
2767 816 3071 895 conjuges
3126 832 3455 886 vocamus.

201 902 499 965 maritum
554 911 615 968 et
662 924 966 984 uxorem;
1012 915 1121 972 sed
1174 930 1284 974 eos
1322 916 1696 990 generatim,
1749 917 1859 995 qui
1894 899 2125 993 °0peris
2173 915 2461 994 ejusdem
2520 915 2703 986 socii,
2756 914 2925 979 idem
2985 918 3182 981 veluti
3226 919 3453 997 jugum

205 1001 454 1066 trahere
493 1014 859 1068 censentur.
896 1009 983 1068 Ita
1021 1011 1272 1071 consilii
1312 1012 1681 1091 participem
1726 1023 1904 1076 vocat
1942 1022 2175 1093 σύζυγον
2220 1015 2683 1092 AristOphanes
2716 1014 2778 1075 in
2814 1016 3037 1079 Pluto:
3072 1018 3155 1079 ita
3194 1036 3454 1098 quoque

194 1104 396 1171 Plato.
429 1109 533 1171 Sic
603 1127 637 1171 e
687 1113 953 1189 nostris,
1018 1115 1333 1177 Macarius
1390 1117 1727 1195 [Egyptius
1787 1118 2135 1179 monachus
2193 1126 2461 1195 trace-(oo;
2519 1118 2802 1179 nominat
2844 1120 3234 1197 discipulos,
3288 1138 3453 1201 quos

196 1211 388 1272 binos
428 1213 738 1276 Dominus
789 1216 987 1291 misit,
1038 1223 1333 1298 tanquam
1386 1222 1779 1298 conjugales.
1816 1224 1908 1283 Eo
1958 1223 2147 1285 etiam
2186 1241 2381 1285 sensu
2454 1223 2809 1284 Theo5ebia
2872 1232 3102 1305 σύζυγος
3158 1227 3450 1305 Gregorii

192 1310 472 1411 Nysseni
522 1311 637 1372 fuit
681 1322 740 1374 et
788 1319 911 1378 dici
949 1323 1177 1399 potuit,
1215 1323 1386 1403 quod
1422 1325 1512 1385 illi
1550 1350 1577 1381 α
1609 1343 1716 1404 par
1762 1327 2035 1399 honore,
2064 1351 2091 1383 ν
2121 1336 2405 1408 ὁμότιμον,
2438 1329 2609 1408 quod
2646 1350 2673 1382 α
2709 1332 2955 1408 magnis
2991 1331 3179 1407 digna
3216 1339 3452 1411 myste-

191 1408 329 1481 riis,
362 1431 393 1464 ι
446 1419 550 1473 τῶν
580 1422 833 1492 μεγάλων
864 1430 1174 1500 μυστηρίων
1204 1432 1388 1498 ἀξίαν,
1449 1423 1661 1504 iisque
1730 1443 1741 1486 l

1898 1427 2169 1488 slrandis
2220 1428 2473 1488 fratrem
2531 1442 2733 1503 soror,
2790 1433 3183 1495 sacerdotem
3236 1436 3448 1498 diaco-

190 1511 368 1575 nissa
416 1514 775 1595 adjuvabat,
812 1524 873 1580 et
920 1520 1255 1598 conjuncta
1302 1538 1495 1601 opera
1534 1523 1980 1588 collaborabat.
2018 1527 2167 1587 Haec
2213 1528 2423 1588 a’utem
2475 1527 2553 1589 de
2606 1546 2759 1591 voce
2811 1541 3043 1613 σύζυγος
3098 1536 3448 1615 disputavi-

190 1630 363 1687 mus,
396 1618 572 1679 salvo
608 1619 825 1682 Basilii
866 1622 1060 1700 patris
1097 1622 1516 1703 ejusdemque
1550 1626 1831 1705 episcopi
1867 1628 2191 1689 connubio
2240 1644 2381 1688 cum
2430 1628 2765 1703 Emmelia,
2806 1643 2867 1696 et
2900 1636 3191 1716 Gregorii
3250 1638 3446 1715 patris

188 1731 333 1778 cum
372 1719 614 1783 Nonne.
651 1722 959 1783 Emmelia
990 1722 1156 1784 enim
1198 1733 1260 1786 et
1309 1726 1557 1799 Nonna,
1591 1727 2013 1788 sanctissimas
2064 1725 2345 1797 feminae,
2385 1742 2531 1787 vere
2581 1729 2914 1809 conjuges,
2965 1736 3158 1797 altera
3221 1734 3440 1795 Basilii

186 1823 414 1901 patris,
449 1826 639 1889 altera
685 1827 975 1907 Gregorii
1038 1829 1232 1906 patris
1294 1828 1496 1905 fuere,
1544 1832 1717 1909 quod
1756 1830 1901 1893 aliis
1951 1838 2010 1893 et
2078 1831 2373 1910 plurimis
2430 1834 2827 1909 argumentis
2877 1841 3146 1897 constat.
3209 1836 3436 1897 Neutra

188 1938 332 1984 cum
389 1924 612 1986 marito
649 1933 1223 2010 consanguinitatis
1260 1934 1388 1997 ullo
1433 1935 1629 2014 gradu
1663 1943 1793 1998 erat
1831 1938 2195 2015 conjuncta,
2246 1940 2311 1997 ut
2359 1951 2576 1996 vocem
2627 1952 2659 1997 a
2716 1939 2926 2003 nativa
2976 1938 3443 2017 signiﬁcatione

184 2023 509 2091 deducere
542 2047 705 2111 opus
738 2033 842 2096 sit.
2604 2092 2620 2100 -

260 2129 468 2192 Nemo
501 2133 631 2211 jam
685 2154 809 2197 non
850 2137 1153 2219 intelligit
1193 2157 1325 2219 quo
1362 2141 1585 2204 ordine
1649 2142 1936 2204 habenda
1974 2142 2053 2203 sit
2094 2159 2250 2204 vana
2294 2141 2623 2209 Muratorii
2671 2144 2751 2203 de
2791 2143 3192 2207 matrimonio
3232 2146 3443 2209 Theo-

182 2234 311 2315 logi
362 2240 671 2319 suapicio,
707 2248 767 2304 et
805 2251 1044 2322 quanto
1098 2244 1160 2305 in
1196 2263 1410 2310 errore
1451 2255 1737 2309 versatus
1773 2248 1858 2309 sit
1893 2247 2301 2324 Beveregius,
2337 2246 2449 2327 qui
2508 2245 2902 2309 confidenter
2955 2246 3182 2308 asserit
3238 2248 3444 2308 nemi-

180 2352 329 2398 nem
387 2339 452 2407 in
514 2342 896 2421 antiquitate
965 2357 1281 2411 versatum
1362 2351 1611 2414 nescire
1668 2352 2043 2429 Gregorium
2118 2351 2515 2429 'l‘heologum
2602 2350 3011 2411 matrimonio
3071 2351 3437 2429 capulalum

181 2442 416 2515 fuisse.
451 2444 586 2506 Imo
622 2464 809 2508 nemo
858 2449 920 2511 in
978 2453 1359 2533 antiquitate
1413 2464 1699 2519 versatus
1736 2458 1796 2533 id
1830 2475 2116 2537 unquam
2167 2455 2513 2533 cogitavit:
2551 2472 2720 2516 unus
2762 2455 3155 2535 Beveregius
3217 2464 3436 2519 natum

182 2559 255 2603 ex
293 2561 367 2606 se
416 2552 538 2606 tam
583 2547 945 2611 inauditum
1001 2565 1434 2619 commentum
1478 2559 1764 2637 protulit.
1798 2558 2051 2621 Certum
2103 2557 2299 2635 igitur
2330 2562 2393 2617 et
2437 2557 2891 2617 inconcussum
2956 2563 3196 2617 maneat
3242 2558 3440 2619 nullis

174 2642 508 2722 alligatum
562 2664 845 2727 unquam
898 2654 1140 2730 nuptiis
1177 2656 1375 2720 fuisse
1432 2658 1865 2735 Theolagum,
1916 2659 2053 2738 qui,
2088 2666 2158 2719 ut
2187 2659 2270 2720 ait
2308 2655 2683 2718 Theodulus
2721 2653 3071 2716 monachus
3102 2655 3165 2716 in
3201 2654 3439 2732 Grego-

174 2748 245 2809 rii
309 2751 620 2832 Theologi
680 2754 1042 2819 laudatione
1101 2759 1381 2840 (p.153),
1443 2784 1472 2819 «
1542 2765 1800 2841 nuptias
1857 2780 1985 2825 non
2026 2762 2254 2840 attigit,
2294 2775 2511 2823 verum
2575 2757 2641 2818 in
2702 2770 3004 2837 perpetua
3070 2757 3436 2835 virginitate

176 2853 412 2916 vixit.»
447 2855 703 2921 Certum
750 2876 1013 2939 quoque
1044 2869 1105 2923 et
1149 2865 1600 2929 inconcussum
1645 2875 1891 2929 maneat
1944 2867 2322 2945 Gregorium
2356 2866 2723 2943 Nyssenum
2773 2858 3099 2921 connubio
3128 2858 3429 2938 junctum

175 2971 297 3017 non
346 2956 560 3020 fuisse
604 2977 745 3022 cum
784 2960 1165 3039 'i‘heosebia,
1203 2984 1344 3045 qum
1397 2970 1660 3048 quidem
1703 2987 1883 3031 soror
1925 2970 2131 3049 ipsius
2186 2976 2342 3041 erat,
2384 2985 2509 3029 non
2560 2972 2769 3029 autem
2816 2961 3090 3040 conjux;
3145 2962 3434 3040 adeoque

171 3061 229 3115 et
279 3054 529 3133 ipsum,
562 3059 614 3119 si
647 3061 772 3121 alio
810 3078 941 3123 non
997 3062 1191 3127 fuerit
1230 3068 1533 3147 conjugio
1590 3068 1983 3147 implicatus,
2041 3070 2311 3132 liberum
2370 3076 2428 3130 et
2479 3066 2761 3128 cmlibem
2807 3071 3112 3145 perpetuo
3164 3063 3428 3131 vixisse.

169 3155 327 3218 Sane
366 3158 485 3235 qui
534 3177 678 3221 eum
720 3166 981 3239 nuptias
1033 3172 1326 3249 attigisse
1388 3174 1755 3245 voluerunt,
1810 3191 1933 3235 non
1993 3174 2181 3236 aliam
2223 3190 2421 3252 quam
2479 3168 2902 3233 Theosebiam
2963 3183 3109 3229 eum
3163 3183 3428 3229 uxorem

170 3254 475 3317 habuisse
530 3264 916 3336 statuerunt,
967 3285 1083 3332 nec
1123 3271 1249 3332 alio
1304 3273 1435 3333 nixi
1501 3272 1914 3336 fundamento
1975 3292 2163 3353 quam
2209 3273 2478 3352 epistoia
2530 3274 2610 3335 al.
2643 3288 2802 3343 xcv;
2853 3287 2995 3349 quae
3049 3286 3191 3331 cum
3244 3270 3431 3331 aliam

168 3373 309 3436 prmo
335 3376 412 3419 Se
451 3357 609 3421 ferat
640 3364 1056 3439 sententiam,
1092 3370 1213 3427 ruit
1254 3370 1515 3431 omnino
1551 3373 1916 3448 nuptiarum
1952 3372 2229 3451 Nysseni
2268 3370 2780 3441 fundamentum,
2818 3368 3041 3428 victrix
3076 3378 3170 3429 est
3204 3369 3429 3448 Opinio

166 3458 685 3525 Centuriatorum
723 3464 831 3544 (a),
864 3468 976 3544 qui
1018 3487 1161 3529 eum
1203 3476 1508 3548 perpetuo
1544 3472 1825 3535 caelibem
1869 3473 2106 3534 vixisse
2158 3470 2403 3544 volunt,
2450 3480 2509 3532 et
2558 3470 2813 3534 laudant
2868 3474 3221 3533 orationem
3274 3473 3431 3535 Grc-

164 3567 316 3642 gorii
351 3566 440 3631 al.
470 3586 561 3627 xx
601 3568 663 3627 in
697 3570 998 3649 Basilium
1040 3570 1371 3647 Magnum.

241 3664 518 3726 Librum
570 3663 657 3727 be
706 3669 1074 3745 virginitate
1129 3671 1387 3749 scripsit
1450 3670 1779 3749 Nyssenus
1842 3670 2123 3750 (p.117),
2171 3669 2234 3729 in
2287 3685 2417 3748 quo
2476 3666 2609 3733 haec
2663 3682 2815 3735 sunt
2872 3674 3104 3737 verba:
3150 3675 3425 3737 «Veluti

163 3765 443 3841 quodam
505 3774 685 3829 terrm
744 3767 923 3828 hiatu
984 3766 1420 3842 prohibemur,
1481 3770 1830 3847 quominus
1889 3768 1961 3829 ad
2028 3769 2192 3830 hanc
2257 3767 2689 3845 virginitatem
2757 3772 3229 3848 accedamus“
3281 3789 3428 3851 qum

165 3868 354 3929 verba
426 3885 680 3929 amissaa
738 3856 1130 3945 virginitatis
1188 3868 1529 3947 quamdam
1587 3868 2021 3947 suspicionem
2078 3869 2379 3929 videntur
2430 3866 2717 3947 injicere.
2749 3869 2988 3931 Verum
3049 3870 3181 3932 haec
3236 3871 3423 3929 verba

161 3966 319 4048 ipsa,
376 3977 443 4032 et
491 3970 1000 4047 comparationes
1032 3986 1189 4048 quas
1248 3970 1506 4030 adhibet
1543 3968 1593 4029 si
1646 3968 2021 4048 perpendes,
2064 3966 2350 4045 suspicio
2399 3976 2758 4028 evanescat.
2808 3970 2948 4033 Non
3010 3969 3426 4046 enimrvirgi-
3464 4034 3479 4045 κ

160 4072 425 4135 nitatem
481 4073 713 4150 ipsam,
768 4072 881 4133 sed
941 4071 1117 4133 illius
1168 4073 1307 4132 vitm
1361 4072 1721 4142 commoda,
1780 4070 2108 4142 utilitates,
2181 4069 2464 4148 quietem
2530 4068 2844 4146 deplorat.
2898 4069 3062 4139 Non,
3118 4069 3419 4147 inquam,

160 4180 400 4239 nudam
453 4194 525 4239 ac
560 4178 915 4255 simplicem
971 4172 1400 4250 virginitatem
1434 4172 1498 4234 in
1538 4187 1613 4233 eo
1666 4177 1928 4232 tractatu
1972 4171 2261 4249 preponit
2313 4170 2683 4245 Nyssenus;
2721 4175 2832 4231 sed
2884 4171 3074 4230 vitam
3127 4168 3261 4229 Deo
3315 4171 3426 4229 de-

160 4283 399 4345 votam,
450 4271 716 4335 liberam
754 4272 927 4335 curis
980 4287 1050 4331 ac
1105 4269 1450 4342 caelestem,
1502 4270 1686 4349 cujus
1723 4268 1997 4347 adjutrix
2038 4269 2103 4328 in
2140 4267 2365 4347 primis
2398 4274 2459 4329 et
2514 4268 2691 4329 socie
2721 4269 3077 4346 virginitas.
3132 4268 3419 4348 Negotiis

164 4378 374 4433 autem
441 4371 877 4434 saecularibus"
914 4373 1210 4433 distracta
1272 4371 1583 4450 primum,
1640 4371 1787 4433 dein
1847 4371 2193 4449 epiSCOpali
2249 4370 2689 4433 sollicitudine
2742 4373 3017 4452 Nysseni
3084 4371 3208 4434 vita
3273 4390 3420 4435 cum
3496 4402 3502 4408 -

60 4522 61 4525 η
160 4467 375 4546 fuerit,
413 4471 573 4532 nihil
621 4472 855 4535 mirum
891 4475 969 4534 ab
1011 4492 1111 4544 eo,
1151 4473 1262 4553 qui
1305 4474 1493 4534 tantis
1533 4474 1716 4534 bonis
1756 4475 2027 4545 carebat,
2071 4484 2307 4535 sortem
2353 4489 2531 4535 suam
2581 4471 2922 4554 deplorari.
2954 4471 3074 4546 Qui
3126 4471 3226 4534 vel
3264 4489 3419 4552 pro-

158 4564 373 4650 logum
424 4570 681 4650 legerit,
717 4569 823 4636 ubi
861 4578 1226 4632 accuratum
1266 4572 1465 4632 totius
1504 4566 1651 4633 libri
1688 4580 2160 4648 argumentum,
2196 4589 2325 4634 rem
2364 4572 2700 4650 intelliget.

741 4691 769 4763 §
812 4688 923 4753 Ill.
972 4707 1054 4748 ne
1104 4706 1249 4750 vnn
1294 4708 1652 4753 monasnca
1695 4710 1870 4762 QUAM
1916 4708 2262 4754 rnosessus
2307 4709 2421 4753 ηδτ
2461 4711 2839 4756 eaeeomus.

230 4791 614 4854 Monasticm
646 4790 789 4851 vitae
836 4789 1238 4868 professione
1275 4794 1602 4855 astrictum
1643 4794 1844 4855 fuisse
1876 4795 2277 4874 Gregorium,
2322 4812 2439 4857 nec
2509 4812 2635 4856 non
2674 4794 3004 4869 Basilium,
3039 4795 3420 4875 Chrysosto-

158 4913 326 4961 mum
390 4904 698 4960 constans
761 4903 856 4958 est
906 4898 1198 4959 omnium
1260 4906 1429 4961 retro
1489 4904 1865 4962 saeculorum
1931 4900 2269 4961 sententia.
2330 4899 2487 4961 Cum
2538 4900 2601 4959 id
2658 4901 2874 4978 negari
2936 4902 3227 4965 absolute
3284 4919 3415 4964 non

157 4997 381 5074 possit,
424 5012 660 5059 novam
711 4999 1053 5077 quamdam
1103 4999 1506 5077 Opinionem,
1541 5002 1701 5079 apud
1753 5000 2054 5077 antiquos
2109 4998 2463 5071 inauditam
2522 5017 2810 5079 prorsus,
2847 5002 3069 5063 doctus
3108 5003 3417 5065 Thomas-

153 5102 329 5164 sinus
364 5101 641 5172 invenit,
673 5109 744 5163 ut
776 5100 1158 5164 monachum
1193 5120 1321 5164 non
1378 5104 1583 5166 fuisse
1613 5104 1988 5181 Gregorium
2024 5148 2039 5171 .
2076 5119 2194 5164 nec
2226 5102 2534 5164 Basilium
2593 5110 2987 5171 ostenderet.
3022 5110 3410 5188 Hujusmodi

159 5203 533 5279 figmentum
568 5204 781 5265 arrisit
813 5206 1234 5271 celeberrimo
1288 5210 1495 5272 abbati
1555 5212 1887 5288 Trapensi,
1929 5207 2384 5271 monachorum
2437 5209 2645 5271 studia
2678 5209 3075 5293 i‘mpugnanti
3130 5213 3251 5294 (b);
3306 5233 3412 5288 ne,

157 5308 205 5367 si
257 5308 673 5386 Gregorium,
710 5310 1044 5388 Basilium,
1094 5314 1667 5393 Chrysostomum,
1722 5321 1871 5387 etc.,
1937 5312 2282 5376 monachos
2354 5314 2555 5377 fuisse
2620 5320 3027 5393 agnosceret,
3082 5315 3413 5377 monachis

154 5406 242 5478 {as
270 5428 421 5475 esse
457 5412 673 5483 studio
722 5415 1123 5490 incumbere,
1172 5436 1518 5497 agnoscere
1566 5429 1920 5498 cogeretur.
1955 5421 2105 5491 Haec
2146 5420 2522 5497 Hieronymi
2577 5416 2862 5497 epistolae
2912 5416 2986 5476 ad
3026 5414 3411 5493 Principiam

158 5514 371 5587 verba,
426 5514 623 5593 hujus
665 5531 844 5576 nova:
875 5516 1206 5594 Opinionis
1256 5519 1747 5584 fundamentum
1793 5523 2015 5582 statuit
2049 5520 2518 5582 Thomassiuus
2551 5517 2631 5600 (ο)
2661 5541 2678 5581 :
2714 5540 2742 5573 α
2775 5515 3195 5578 Suburbanus
3229 5516 3411 5576 vobis

155 5634 297 5698 ager
342 5636 462 5699 pro
516 5620 906 5683 monasterio
936 5618 1084 5695 fuit,
1133 5630 1195 5684 et
1241 5644 1345 5687 rus
1406 5627 1678 5688 electum
1733 5642 1846 5705 pro
1896 5624 2289 5687 solitudine.
2316 5671 2331 5687 .
2361 5670 2375 5686 .
2402 5670 2417 5685 .
2448 5624 2605 5697 Quis
2644 5622 2763 5686 hoc
2798 5620 3107 5697 crederet,
3147 5629 3216 5685 ut
3260 5637 3413 5687 con-

217 5762 477 5841 (_a)_Ccnt.
527 5782 599 5837 Iv,
654 5782 703 5822 ε.
751 5765 837 5831 10,
896 5742 1077 5838 verbo
1109 5766 1268 5839 Greg.
1314 5770 1471 5841 Nysa.
1531 5779 1739 5827 center.

1443 5789 1471 5826 ι.
1531 5779 1739 5827 centur.
1919 5768 1991 5837 (ὁ)
2024 5767 2157 5841 R_ép.
2186 5784 2290 5823 aux
2314 5770 2461 5825 étml.
2501 5777 2760 5830 monast.,
2790 5784 2842 5838 p.
2876 5766 2993 5823 178.

154 5833 353 5905 p.322.
586 5833 595 5837 ’
1066 5833 1077 5838 ”
1214 5833 1232 5839 ⁷
1371 5833 1391 5841 ’

1945 5833 2013 5911 (ιλ)
2042 5833 2235 5909 Discip.
2275 5857 2373 5907 ec.,
2400 5851 2534 5910 part.
2577 5857 2632 5906 η,
2659 5842 2749 5895 lib.
2777 5833 2815 5905 ι’,
2851 5854 2966 5910 cap.
3000 5836 3089 5895 ω.
