3918 6556
524 374 597 432 55
1512 374 1888 433 PRIEFATIO
1927 374 2335 431 GENERALIS.
2375 407 2443 415 ——
2480 375 2660 432 PARS
2696 375 2759 431 Il.
3689 382 3756 438 56

522 488 739 549 sutum
792 502 1108 566 pronepos
1142 485 1640 567 (Pammachius,
1705 508 1895 571 quem
1980 490 2416 568 Hieronymus
2475 491 2746 569 appellat
2792 491 3232 562 ἀρχιστράτηγον
3284 492 3750 575 monachorum)

522 589 753 649 «inter
809 606 1121 668 purpuras
1175 596 1546 653 senatorum
1600 593 1783 654 furva
1827 592 2042 655 tunica
2080 591 2363 670 pullatus
2422 592 2846 654 incederet?»
2887 593 3020 654 Hoc
3078 599 3275 653 totum
3326 600 3454 664 est,
3512 592 3565 652 si
3605 594 3750 655 ﬁdes

520 688 944 751 Thomassino
983 689 1092 769 (a),
1153 690 1528 768 mysterium
1570 694 1937 756 monasticm
2002 691 2427 772 professionis
2482 694 2796 775 Gregorii,
2831 694 3075 767 Basilii,
3109 670 3568 773 Chrysostouii,
3614 703 3748 770 etc.,

519 792 824 854 nimirum
880 794 1062 854 furva
1120 795 1333 856 tunica
1394 796 1708 874 pullatum
1770 798 2094 873 incedere,
2158 819 2304 863 rure
2360 800 2624 861 versari.
2680 801 2815 862 Non
2877 801 3064 861 aliam
3115 799 3179 860 in
3217 797 3315 859 his
3352 800 3581 859 sanctis
3618 800 3752 861 vitm

516 896 885 957 monasticae
919 894 1389 974 professionem
1439 899 1729 976 agnoscit
1773 902 2259 975 Thomassinus,
2297 903 2622 982 simulque
2666 910 2849 981 negat
2891 925 2918 957 ε(
2959 920 3104 964 vere
3168 904 3543 963 monachum
3591 918 3747 973 esse.

515 995 645 1056 nisi.
680 995 790 1076 qui
825 1011 895 1057 se
948 999 1020 1056 ad
1074 1003 1277 1057 totum
1340 998 1483 1057 vitae
1534 1005 1787 1078 tempus
1836 1004 2168 1080 astringat,
2221 1004 2424 1083 seque
2484 1003 2786 1064 omnibus
2847 1002 3359 1081 professionibus
3419 1002 3642 1079 Spoliet
3686 1020 3751 1063 ac

516 1100 735 1160 nudet.
762 1121 791 1156 »
820 1133 898 1143 —
933 1121 961 1155 ‹‹
990 1100 1228 1160 Verum
1262 1097 1522 1159 difﬁcile
1556 1118 1688 1163 non
1723 1102 1865 1176 erit,
1918 1102 2129 1181 inquit
2183 1104 2404 1165 uester
2437 1103 2826 1164 Prudentius
2883 1102 3207 1175 Maranus,
3262 1104 3748 1165 'l‘humassinum

511 1200 843 1271 refellens,
878 1211 1229 1281 utrumque
1279 1205 1357 1265 de
1397 1204 1638 1267 Basilio
1672 1216 1996 1279 astruere;
2033 1214 2092 1268 et
2137 1209 2309 1286 quod
2360 1208 2654 1269 eruditus
2709 1207 3173 1269 Thomassinus
3212 1210 3457 1279 statuit,
3510 1218 3577 1268 ut
3613 1227 3747 1269 eum

518 1306 905 1367 monachum
949 1323 1074 1369 non
1107 1308 1309 1370 fuisse
1349 1308 1597 1385 probet,
1638 1308 1697 1370 id
1749 1319 2125 1372 convertere
2161 1311 2226 1369 in
2278 1318 2724 1386 argumentum
2780 1324 2943 1371 verre
2990 1308 3167 1369 illius
3204 1308 3565 1369 monasticae
3619 1326 3751 1384 pro-

511 1407 845 1470 fessionis.
872 1430 900 1466 ι)
941 1409 1123 1483 Quod
1160 1411 1234 1470 de
1269 1410 1507 1471 Basilio
1538 1411 1790 1475 difﬁcile
1831 1431 1955 1474 non
1999 1422 2116 1486 est,
2150 1414 2225 1476 de
2259 1413 2566 1491 Gregorio
2598 1413 2922 1474 difﬁcilius
2955 1430 3083 1474 non
3119 1413 3262 1487 erit,
3298 1412 3485 1492 cujus
3518 1414 3741 1493 scripta

510 1508 783 1585 amplam
829 1518 1112 1587 segetem
1149 1514 1583 1591 suppeditant.

587 1609 829 1670 Vereor
876 1628 956 1671 ne
989 1622 1195 1673 actum
1247 1631 1432 1692 agere
1468 1613 1707 1683 videar,
1744 1621 1806 1675 et
1862 1631 2334 1691 supervacaneo
2392 1615 2763 1676 incumbere
2828 1613 3051 1686 labori,
3099 1612 3151 1672 si
3198 1611 3275 1673 de
3335 1612 3645 1691 Gregorio
3693 1609 3751 1673 id

509 1711 787 1789 probare
842 1715 1198 1790 aggrediar,
1231 1716 1401 1793 quod
1438 1716 1517 1777 de
1558 1716 1797 1777 Basilio
1855 1718 2147 1794 probavit
2203 1718 2342 1795 ejus
2401 1717 2813 1793 epistularum
2882 1714 3113 1776 editor.
3149 1713 3272 1787 Qui
3330 1714 3500 1774 enim
3568 1713 3751 1773 unius

510 1812 655 1872 vitm
704 1814 1073 1875 monasticae
1133 1813 1592 1891 professionem
1637 1815 1899 1892 probat,
1960 1824 2307 1895 utrumque
2369 1815 2753 1877 monachum
2816 1813 3021 1874 fuisse
3077 1811 3378 1874 ostendit.
3414 1809 3752 1888 Aggrediar

512 1921 749 1987 tamen,
782 1913 836 1974 si
874 1913 1134 1992 quidem
1173 1912 1336 1973 hanc
1366 1914 1759 1990 provinciam
1803 1923 2018 1975 noster
2054 1916 2441 1977 Prudentius
2476 1938 2504 1971 α
2536 1915 2739 1975 sodali
2782 1930 3050 1991 operum
3089 1912 3375 1989 Gregorii
3411 1913 3749 1975 editionem

510 2015 861 2076 elaboranti
891 2036 921 2073 κ
958 2014 1241 2092 reliquit,
1280 2013 1436 2074 nihil
1472 2015 1610 2091 ipse
1646 2014 1762 2074 «in
1800 2016 1899 2075 his
1932 2034 2075 2095 qum
2107 2018 2182 2078 ad
2221 2022 2513 2078 sanctum
2549 2016 2928 2093 Gregorium
2962 2014 3442 2075 Nazianzenum
3476 2024 3750 2093 spectant

502 2116 905 2177 immoratus.
936 2138 965 2172 »

581 2208 843 2295 Ut'quis
893 2235 1040 2279 vere
1094 2225 1153 2280 et
1202 2216 1455 2295 proprie
1516 2219 1866 2281 monachus
1927 2220 2037 2291 sit,
2094 2221 2365 2297 requirit
2417 2219 2882 2281 Thomassinus
2944 2226 3010 2278 ut
3067 2236 3191 2278 «se
3248 2217 3321 2279 ad
3369 2226 3569 2279 totum
3626 2219 3757 2279 vitae

482 2334 759 2397 itempus
798 2319 1130 2397 astringat,
1171 2336 1371 2397 seque
1408 2318 1715 2379 omnibus
1766 2319 2292 2397 possessionibus
2350 2320 2583 2396 spoliet
2639 2337 2711 2382 ac
2764 2318 2985 2380 nudet.
3018 2342 3046 2374 »
3108 2319 3463 2395 Utrumque
3505 2319 3753 2397 praesti-

502 2420 657 2480 tisse
698 2418 1107 2496 Gregorium,
1147 2416 1498 2493 Gregorius
1557 2417 1913 2497 presbyter,
1970 2418 2109 2495 ejus
2171 2418 2330 2478 Vitre
2387 2420 2675 2496 scriptor,
2714 2419 2966 2480 disertis
3025 2418 3234 2479 verbis
3291 2424 3558 2481 testatur
3609 2420 3759 2498 (μδ

500 2533 563 2582 et
594 2521 677 2599 9).
714 2522 916 2580 «lose
968 2519 1086 2579 sibi
1125 2517 1500 2578 consulebat
1556 2524 1648 2589 ut,
1682 2516 2227 2595 quemadmodum
2262 2518 2325 2577 in
2389 2518 2534 2579 vitae
2584 2519 2931 2580 discrimen
2984 2518 3294 2579 adductus
3353 2521 3752 2595 promiserat,

500 2625 811 2684 Deosese
869 2622 1152 2692 offerret,
1188 2626 1247 2679 et
1279 2637 1309 2679 a
1350 2620 1590 2681 mundo
1629 2618 1985 2696 sejunctus,
2026 2635 2169 2680 cum
2212 2635 2285 2679 eo
2317 2620 2428 2697 qui
2467 2620 2643 2681 solus
2678 2618 3066 2698 purissimus
3118 2625 3236 2692 est,
3286 2620 3435 2681 vitae
3489 2638 3756 2682 consue—

501 2724 1157 2800 tudinejungeretur,
1208 2726 1401 2799 atque
1448 2738 1526 2780 ex
1568 2720 1880 2781 librorum
1922 2737 2249 2780 sacrorum
2294 2720 2570 2782 lectione
2603 2719 2895 2782 veritatis
2948 2720 3355 2795 Splendorem
3407 2721 3751 2785 hauriret.»

611 2848 636 2880 α
666 2826 867 2901 quue
898 2822 1087 2885 etiam
1130 2840 1241 2899 per
1277 2838 1533 2882 omnem
1570 2821 1761 2881 vitam
1794 2818 2001 2882 facere
2032 2836 2160 2881 non
2195 2821 2468 2893 destitit,
2498 2821 3023 2882 monachus'esse
3059 2820 3268 2899 potius
3299 2821 3541 2883 habens
3573 2840 3753 2901 quam

500 2927 889 2995 mundanus,
922 2931 984 2985 et
1024 2939 1265 3001 pauper
1294 2938 1486 2998 quam
1520 2921 1988 3001 quaestuarius:
2031 2948 2047 3001 ι

2201 2928 2302 3000 τὴς
2336 2929 2456 2982 ἀντὶ
2488 2928 2818 3000 κοσμικοῦ.»
2853 2920 3178 2999 Quidquid
3214 2922 3406 2999 igitur
3438 2924 3748 2984 Thomas-

499 3024 679 3083 sinus
722 3021 1019 3101 requirit,
1072 3027 1141 3080 ut
1174 3018 1322 3097 quis
1379 3019 1633 3096 proprie
1670 3019 1920 3082 dicatur
1957 3029 2016 3082 et
2063 3038 2206 3082 vere
2250 3020 2332 3079 sit
2373 3020 2747 3092 monachus,
2785 3021 2843 3080 id
2884 3037 3070 3082 omne
3115 3021 3465 3099 Gregorius
3523 3024 3759 3103 prmsti-e

498 3129 608 3199 tit;
666 3126 793 3185 imo
830 3125 1005 3202 plura
1061 3140 1249 3202 quam
1298 3122 1603 3199 postulat.

573 3224 901 3303 Quidquid
933 3223 1230 3305 objicitur
1261 3242 1292 3284 a
1321 3221 1774 3292 Thomassino,
1814 3222 2152 3282 adductum
2201 3224 2496 3284 crederes
2541 3221 2615 3283 ad
2663 3222 3060 3300 probandum
3099 3226 3509 3288 monasticam
3571 3227 3757 3288 vitam

497 3327 856 3406 professum
889 3325 1092 3387 fuisse
1122 3325 1527 3403 Gregorium.
1568 3325 1852 3403 Opponit
1888 3333 2097 3386 tamen
2127 3325 2220 3385 vir
2248 3326 2501 3401 doctus,
2539 3325 2846 3402 Gregorio
2871 3324 3109 3387 fontem
3149 3335 3209 3387 et
3241 3327 3495 3388 hortum
3531 3326 3757 3401 fuisse,

494 3437 786 3514 adeoque
811 3434 1019 3512 ipsum
1058 3450 1321 3495 suorum
1356 3432 1477 3493 sibi
1516 3448 1873 3493 reservasse
1908 3438 2147 3507 partem
2181 3432 2494 3494 bonorum
2529 3438 2587 3493 et
2623 3438 2950 3511 propterea
2984 3446 3127 3491 vere
3156 3438 3216 3491 et
3249 3432 3501 3510 proprie
3534 3448 3757 3492 mona-

493 3539 679 3601 chum
717 3555 845 3600 non
871 3536 1095 3599 fuisse.
1126 3537 1273 3600 Haec
1305 3535 1592 3612 Gregorii
1625 3536 1812 3596 verba
1849 3543 1998 3597 sunt
2024 3537 2090 3595 in
2123 3537 2405 3598 carmine
2443 3542 2584 3613 post
2610 3534 2957 3594 abdicatam
2991 3532 3758 3612 Constantinopolitanam

492 3650 710 3707 sedem
746 3641 1004 3705 condito
1035 3640 1225 3721 (quod
1260 3638 1521 3718 quidem
1571 3638 1911 3700 observare
1953 3638 2306 3715 plurimum
2342 3636 2653 3715 interest),
2691 3636 2754 3694 in
2782 3650 2910 3711 quo
2934 3651 3002 3694 se
3041 3635 3417 3697 monachum
3458 3637 3760 3714 appellat,

493 3749 664 3826 quod
699 3745 1059 3807 dissimulat
1092 3743 1557 3806 Thomassinus
1593 3742 1670 3820 ((2)
1714 3761 1727 3797 :
1772 3764 1799 3796 α
1833 3742 2051 3819 Nuper
2081 3741 2367 3818 quidam,
2399 3740 2636 3818 inquit,
2664 3736 2925 3807 stultus,
2958 3735 3206 3798 deliciis
3239 3738 3550 3815 perditus,
3585 3740 3763 3802 dives

491 3864 683 3933 atque
734 3853 1049 3921 insolens,
1109 3849 1369 3912 delicias
1413 3847 1567 3907 mihi
1621 3848 1895 3925 vittaque
1950 3846 2281 3907 mollitiem
2329 3844 2707 3922 objectabat,
2756 3858 2895 3901 cum
2944 3840 3063 3900 alia
3105 3837 3296 3897 multa
3346 3838 3596 3912 dicens,
3633 3851 3760 3901 tum

493 3957 682 4019 etiam
714 3956 898 4027 illud,
946 3972 1044 4015 me
1075 3952 1336 4012 divitem
1374 3959 1436 4013 et
1482 3953 1815 4029 cepiosum
1855 3970 2021 4024 esse,
2066 3957 2129 4011 ut
2164 3951 2275 4029 qui
2317 3958 2379 4012 et
2413 3948 2693 4021 hortum,
2733 3953 2793 4009 et
2827 3946 3051 4011 otium,
3088 3947 3149 4001 et
3182 3941 3569 4003 mediocrem
3619 3942 3765 4002 fon-

493 4072 614 4121 tem
649 4061 943 4121 habeam.
982 4080 1009 4113 »
1045 4056 1209 4117 Hinc
1245 4055 1567 4115 concludit
1609 4054 2099 4128 Thomassinus,
2130 4054 2508 4131 Gregorium
2547 4070 2670 4113 non
2710 4050 2919 4113 omnia
2960 4049 3122 4109 bona
3172 4045 3508 4124 abiecisse,
3574 4048 3763 4109 adeoe

490 4186 618 4245 que
657 4181 779 4225 non
813 4164 1065 4241 proprie
1099 4160 1479 4235 monachum
1519 4160 1745 4223 fuisse.
1773 4163 1869 4223 An
1905 4160 2099 4232 serio,
2127 4177 2204 4219 an
2231 4163 2454 4238 jucose
2487 4163 2545 4220 et
2580 4158 2789 4220 ridere
2821 4155 3043 4216 volens
3072 4151 3192 4212 hoc
3224 4146 3456 4209 dixerit
3503 4149 3608 4211 vir
3655 4150 3764 4210 do-

492 4282 659 4341 ctus,
691 4269 972 4329 dubitari
1010 4273 1219 4343 posset
1257 4288 1272 4325 :
1306 4266 1536 4327 mirum
1573 4267 1745 4329 enim
1783 4268 1989 4327 virum
2025 4266 2281 4327 doctum
2328 4265 2565 4327 talibus
2613 4261 2973 4332 momentis,
3018 4259 3069 4317 si
3104 4261 3421 4318 momenta
3458 4253 3611 4317 licet
3648 4275 3757 4336 ap-

490 4374 755 4449 pellare,
784 4389 913 4432 rem
951 4379 1070 4431 tam
1096 4376 1375 4444 apertam
1410 4368 1813 4447 impugnare.
1845 4368 2195 4445 Gregorius
2227 4367 2481 4429 hortum
2511 4366 2736 4428 habuit
2764 4372 2820 4427 et
2854 4381 3115 4443 parvum
3147 4360 3420 4433 fontem;
3448 4378 3595 4439 quae
3624 4363 3763 4440 qui-

488 4472 671 4542 libet,
706 4478 776 4531 ut
811 4470 1096 4549 quotidie
1130 4470 1444 4547 videmus,
1472 4476 1663 4537 habet
1701 4477 1961 4539 eremita
1992 4500 2006 4537 :
2041 4477 2188 4557 quis
2214 4477 2366 4539 inde
2402 4478 2572 4540 serio
2606 4475 2886 4551 colligat,
2918 4473 3293 4551 Gregorium
3332 4488 3601 4535 suorum
3636 4472 3759 4535 siti

488 4580 729 4647 partem
767 4573 1081 4633 bonorum
1123 4579 1531 4637 reservasse?
1564 4577 1736 4637 Idem
1773 4576 1961 4638 etiam
2007 4584 2220 4653 posset
2267 4577 2480 4639 dicere
2517 4593 2659 4638 cum
2698 4599 2725 4630 α
2763 4574 2956 4636 stulto
2999 4572 3383 4649 deliciisque,
3410 4574 3687 4649 perdito,
3726 4594 3756 4630 ι

488 4676 870 4751 Gregorium
917 4678 1176 4740 divitem
1225 4685 1285 4740 et
1337 4681 1670 4759 cepiosum
1708 4681 1929 4741 fuisse.
1976 4680 2179 4754 Quem
2233 4680 2583 4758 Gregorius
2621 4679 2713 4740 sic
2746 4676 2975 4738 refellit
3013 4675 3089 4753 (c)
3125 4698 3140 4736 :
3170 4698 3199 4731 α
3242 4678 3301 4737 Si
3339 4675 3609 4752 fontem,
3662 4679 3753 4738 vel

493 4775 842 4851 hortulum,
892 4779 989 4841 vel
1048 4779 1421 4841 umbrosum
1485 4780 2015 4841 nemusculum...
2068 4779 2543 4855 possideamus,
2582 4779 2641 4837 id
2690 4776 3510 4855 deliciasinterpretamini,
3543 4802 3570 4834 ιο
3629 4795 3758 4839 ma-

489 4893 675 4953 gnam
731 4888 1096 4942 nostrorum
1151 4884 1339 4946 nobis
1375 4893 1614 4962 partem
1653 4885 1968 4946 honorum
2024 4902 2384 4945 reservasse
2430 4880 2849 4946 arbitramini.
2886 4903 2913 4934 α
2945 4878 3109 4951 Quid
3166 4898 3337 4949 vero,
3386 4881 3678 4961 inquam,
3722 4897 3759 4941 ο

492 4986 1137 5063 miser,.|acrymasne
1175 4996 1370 5062 taces,
1407 4999 1467 5052 et
1496 4992 1739 5052 ventris
1782 4990 2059 5062 frenum,
2096 5000 2153 5052 et
2193 5008 2475 5067 genuum
2512 4989 2796 5058 vulnera,
2836 4992 3184 5060 noctesque
3213 4981 3570 5057 insomnes,
3610 4982 3760 5060 qui-

488 5083 610 5145 bus
645 5087 940 5149 monachi
975 5106 1087 5151 sua
1119 5105 1381 5170 corpora
1421 5090 1835 5152 conficientes
1874 5093 2186 5151 enecant?
2224 5113 2250 5144 υ
2285 5090 2433 5151 Haec
2462 5086 2808 5164 Gregorius
2858 5103 2873 5141 :
2927 5099 3116 5161 quem
3156 5080 3365 5141 omnia
3420 5081 3757 5159 abjecisse.

489 5204 689 5268 seque
722 5192 1025 5253 omnibus
1068 5195 1596 5271 possessionibus
1638 5194 1951 5271 spoliasse
1983 5212 2051 5256 ac
2082 5194 2389 5265 nudasse,
2442 5191 2613 5269 quod
2648 5186 2914 5266 requirit
2964 5181 3430 5246 Thomassinus
3490 5192 3560 5243 ut
3614 5181 3760 5261 quis

490 5311 639 5354 vere
688 5295 1037 5357 monachus
1087 5296 1212 5358 dici
1246 5307 1305 5358 et
1344 5314 1487 5358 esse
1522 5298 1750 5375 possit,
1782 5304 2021 5358 certum
2072 5304 2165 5359 est
2212 5296 2548 5373 ipsiusmet
2584 5293 2814 5357 verbis.
2849 5290 3072 5352 Omnia
3132 5288 3400 5360 dimisit,
3437 5288 3601 5349 nihil
3637 5286 3755 5349 sibi

491 5416 780 5473 servans,
815 5403 1007 5462 etiam
1046 5400 1360 5463 facundim
1402 5402 1652 5465 labores
1690 5424 1703 5463 :
1754 5428 1780 5457 τι
1818 5402 2044 5463 Omnia
2086 5403 2141 5462 ei
2184 5404 2292 5481 qui
2334 5418 2435 5461 me
2482 5401 2543 5460 in
2591 5405 2826 5460 sortem
2874 5396 3114 5472 accepit
3155 5400 3215 5456 et
3279 5393 3555 5455 servavit
3588 5396 3759 5454 dono

492 5504 668 5577 dedi,
706 5509 1175 5580 possessiones,
1209 5513 1426 5583 κτῆσιν,
1470 5527 1496 5559 ››
1528 5511 1647 5566 etc.
1683 5524 1697 5563 :
1732 5501 1950 5566 eadem
1988 5501 2220 5582 passim
2258 5500 2487 5580 repetit
2517 5497 2862 5576 Gregorius
2893 5497 2956 5558 in
2987 5491 3381 5557 orationibus
3419 5499 3479 5555 et
3519 5494 3585 5555 in
3620 5508 3759 5559 car-

492 5606 800 5667 minibus.

562 5768 734 5831 (alN.
772 5769 1138 5832 ιδ,1ιρι15,
1169 5784 1220 5832 p.
1262 5767 1378 5825 163.

1375 5810 1378 5824 .
2256 5768 2325 5836 (ς)
2360 5764 2520 5831 Ιὺίδ..
2549 5782 2597 5819 v.
2636 5764 2697 5820 15
2724 5775 2774 5821 et
2812 5777 2922 5833 seq.

561 5841 635 5912 (ο)
660 5842 837 5897 Carm.
871 5842 936 5893 ul.
970 5838 1054 5905 59,
1083 5855 1130 5892 ν.
1172 5840 1285 5895 1-4.

1017 5840 1054 5905 9,
1083 5855 1130 5892 v.
1172 5840 1285 5895 1-4.
