3926 6410
178 344 231 402 57
1100 328 1474 385 PREFATIO
1513 328 1919 385 GENERALIS.
1958 358 2028 371 -
2063 328 2244 385 PARS
2282 328 2343 384 11.
3288 339 3359 394 53

229 448 379 529 Quod
410 450 610 507 autem
638 442 925 519 Gregorii
968 448 1417 505 testamentum
1450 450 1715 523 spectat,
1745 443 1904 504 nihil
1948 443 2012 504 in
2047 459 2122 505 eo
2153 443 2456 519 reperias,
2510 453 2680 518 quoa
2716 444 2953 503 nostra)
2985 442 3359 515 adversetur

173 550 469 628 sententiae,
504 546 635 607 imo
671 544 829 604 nihil
864 545 1034 623 quod
1069 561 1196 606 non
1232 544 1459 606 faveat.
1494 545 1570 605 Ut
1602 544 1723 605 enii

1807 534 2085 605 omittam
2131 541 2622 619 tunctemporis
2671 556 2798 601 non
2831 547 3073 605 tantum
3113 549 3357 623 testari,

169 656 253 721 sed
283 653 441 715 etiam
481 644 876 705 btereditates
909 644 1083 706 adire
1117 643 1446 705 monachis
1483 642 1727 703 licitum
1763 640 1988 708 fuisse,
2032 640 2412 717 legibusque
2442 656 2815 704 concessum
2856 664 2873 704 :
2911 646 3253 721 bonorum.
3281 653 3358 714 de

170 759 359 838 quibus
418 749 476 809 in
542 748 919 806 testamento
966 740 1209 813 statuit,
1278 756 1406 800 non
1470 738 1796 811 dominus,
1858 736 1974 799 sed
2014 746 2386 815 procurator
2444 743 2685 800 tantum
2721 749 2779 802 et
2809 743 3184 808 administer
3213 750 3354 812 fuit.

170 837 281 921 Haec
316 851 464 913 enim
514 844 728 908 omnia
786 843 915 920 jam
985 840 1231 901 dudum
1290 839 1607 918 abjecerat
1675 857 1690 895 :
1750 859 1779 894 α
1847 837 2249 915 Omnemque
2307 853 2509 898 meam
2556 839 2974 904 substantiam
3038 847 3361 911 catholicae

170 952 409 1024 Nazianzi
460 946 867 1018 consecravi,
922 945 1178 1024 inquit,
1236 946 1310 1005 ad
1377 960 1754 1022 pauperum,
1814 942 1927 1023 qui
2018 943 2138 1004 sub
2186 943 2402 1004 eadem
2461 952 2610 1005 sunt
2666 948 2989 1025 Ecclesia,
3066 953 3363 1017 ministe-

166 1064 328 1126 rium;
356 1077 381 1109 ››
412 1060 598 1129 atque
628 1049 713 1109 ita
744 1046 958 1106 omnia
989 1044 1245 1123 abjecit,
1282 1050 1344 1103 ut
1380 1067 1407 1099 ‹‹
1438 1062 1507 1105 ea
1533 1046 1610 1105 de
1642 1061 1828 1105 causa
1865 1052 1989 1105 tres
2020 1043 2263 1103 alendis
2296 1044 2680 1121 pauperibus
2710 1057 3033 1110 curatores
3064 1053 3363 1115 institue-

130 1165 246 1226 τῃ,
279 1182 302 1215 ν
334 1158 455 1218 Non
508 1154 587 1214 de
626 1150 817 1210 rebus
850 1146 1012 1215 suis,
1055 1161 1193 1225 quae
1227 1144 1417 1205 nullm
1449 1152 1651 1218 erant,
1712 1143 1954 1223 quippe
1992 1142 2206 1204 omnia
2254 1145 2594 1222 abJecerat,
2638 1152 3021 1213 testamento
3072 1170 3191 1216 suo
3228 1162 3359 1215 sta-

163 1264 282 1332 tuit,
310 1258 405 1320 sed
438 1254 787 1320 conﬁrmat,
819 1247 988 1326 quod
1015 1244 1398 1323 jampridem
1446 1243 1901 1317 destinaverat,
1939 1250 2441 1321 sanctorumque
2475 1256 2803 1327 parentum
2838 1254 3141 1317 voluntati
3177 1258 3364 1321 obse-

164 1366 363 1447 quitur,
394 1357 654 1420 Veniam
688 1353 812 1414 sibi
846 1350 979 1413 dari
1015 1350 1316 1428 postulat,
1351 1349 1519 1429 quod
1554 1349 1711 1410 nihil
1751 1350 1950 1427 possit
1992 1350 2142 1412 dare
2178 1350 2509 1439 Alypianae
2542 1352 3128 1434 dulcissimaeﬁliae;
3166 1366 3359 1426 ratio-

169 1482 284 1528 nem
316 1462 465 1523 hanc
496 1457 668 1518 addit
706 1477 722 1516 :
754 1476 782 1509 ‹‹
815 1454 1063 1534 Quippe
1096 1456 1209 1532 qui
1246 1455 1460 1515 omnia
1486 1456 1618 1533 jam
1659 1454 2048 1534 pauperibus
2081 1453 2422 1525 destinavi,
2449 1464 2550 1516 aut
2594 1459 2808 1536 potius
2832 1460 3220 1525 beatissimis
3256 1482 3364 1542 pa-

162 1564 426 1632 rentibus,
471 1557 586 1636 qui
616 1557 700 1617 ita
737 1555 1000 1634 polliciti
1029 1560 1230 1627 erant,
1280 1554 1624 1616 obsecutus
1662 1571 1829 1628 sum,
1879 1570 2157 1633 quorum
2193 1554 2585 1616 voluntatem
2622 1555 2859 1619 irritam
2901 1560 3189 1627 reddere.
3245 1579 3367 1626 nec

161 1678 428 1738 sanctum,
458 1681 580 1725 nec
611 1669 812 1723 tutum
840 1662 1131 1723 arbitror.
1179 1684 1206 1716 )›

227 1769 527 1831 ΗιἮΓΘάΘΠΊ
563 1783 752 1826 suum
789 1763 905 1823 hoc
939 1765 1318 1821 testamento
1348 1757 1623 1819 instituit
1650 1758 2026 1835 Gregorium
2054 1759 2431 1821 monachum
2469 1780 2484 1819 :
2522 1782 2549 1816 α
2585 1761 2801 1824 Haeres
2835 1781 3015 1825 meus
3048 1780 3182 1827 eSto
3205 1763 3367 1827 (ire-

161 1872 337 1949 gnrius
370 1867 759 1939 monachus;
795 1888 822 1921 »
853 1860 1159 1939 additque
1187 1867 1402 1937 postea
1438 1878 1453 1916 :
1486 1882 1512 1914 α
1543 1861 1626 1920 ita
1660 1861 1917 1938 quidem
1954 1869 2025 1921 ut
2059 1863 2196 1939 ipse
2228 1878 2429 1923 meam
2465 1879 2720 1925 omnem
2757 1864 3199 1941 substantiam,
3232 1883 3366 1928 mo-

156 1973 312 2034 bilem
344 1976 401 2032 et
436 1965 857 2036 immobilem,
896 1972 1128 2027 sanctae
1177 1963 1503 2025 catholicae
1546 1965 1844 2024 Nazianzi
1883 1965 2183 2026 Ecclesnae
2231 1968 2600 2029 restituat...
2647 1970 3061 2047 sciensque...
3123 1970 3186 2031 in
3225 1990 3364 2035 eam

158 2094 260 2136 rem
293 2091 355 2136 se
379 2073 743 2133 institutum
784 2068 1123 2142 haeredem,
1170 2076 1240 2130 ut
1274 2083 1382 2146 per
1412 2067 1620 2145 ipsum
1655 2067 1958 2129 Ecclesiae
1988 2068 2201 2130 omnia
2248 2068 2389 2130 sine
2425 2069 2643 2131 fraude
2693 2078 3150 2132 conserventur
3198 2073 3307 2156 (a).
3336 2100 3373 2133 ιι

153 2177 363 2239 Poterat
414 2189 567 2250 ergo
598 2168 979 2245 Gregorius,
1012 2163 1300 2244 quamvis
1350 2163 1700 2226 monachus
1744 2173 1936 2235 esset,
1971 2172 2033 2227 et
2057 2166 2269 2227 omnia
2302 2166 2662 2246 abjecisset,
2700 2168 2934 2230 fontem
2970 2178 3030 2232 et
3067 2172 3370 2252 exiguum

154 2282 365 2341 hortum
419 2276 682 2337 habere.
718 2274 816 2334 Sic
852 2268 1142 2346 Gregorii
1193 2274 1641 2328 testamentum
1695 2270 2020 2330 conﬁrmat
2060 2286 2205 2330 eum
2242 2269 2386 2329 vita;
2425 2272 2789 2332 monasticae
2834 2269 3215 2351 professioni
3263 2279 3374 2337 ad-

90 2430 93 2431 ν
152 2385 350 2446 dictum
394 2379 627 2448 fuisse,
664 2374 1199 2453 difﬁcultatesque
1245 2389 1467 2435 omnes
1506 2373 1825 2447 dissolvit,
1874 2375 2110 2435 nedum
2152 2374 2617 2437 imoedimento
2663 2394 2802 2438 esse
2844 2383 2903 2438 et
2935 2378 3372 2441 difﬁcultatem

157 2484 321 2563 possit
350 2480 631 2559 aliqUam
671 2497 913 2555 parere.

214 2580 575 2641 Achillaeum
610 2579 1015 2639 'I‘homassiui
1045 2584 1521 2655 argumentum,
1554 2579 1632 2639 ad
1672 2578 2165 2657 expugnandam
2216 2578 2509 2658 Gregorii
2558 2580 2969 2641 monasticam
3030 2580 3376 2660 professio-

157 2702 294 2757 ueni,
324 2683 634 2745 sunthaec
670 2681 956 2759 Gregorii
990 2683 1175 2742 verba
1204 2680 1284 2761 (ὁ)
1317 2702 1333 2739 :
1370 2754 1378 2785 ἱ

815 2806 1005 2877 Μέσην
1034 2807 1133 2859 τιν’
1166 2801 1328 2876 ἦλθον
1353 2805 1566 2874 ἁζύγων
1593 2806 1684 2860 καὶ
1721 2807 1978 2930 ςιγάδων.

817 2877 936 2930 Τῶν
961 2878 1058 2930 μὲν
1093 2877 1155 2930 τὸ
1196 2876 1439 2930 σύννουν.
1470 2877 1579 2930 τῶν
1608 2877 1665 2929 δὲ
1690 2895 1717 2929 τ
1780 2878 1978 2930 vano-co

817 2877 936 2932 Τῶν
960 2876 1058 2948 μὲν
1093 2877 1155 2930 τὸ
1196 2876 1439 2941 σύννουν,
1470 2877 1579 2931 τῶν
1608 2877 1665 2929 δὲ
1690 2876 1750 2930 τὸ
1780 2878 2015 2949 χρηστὸν
2046 2877 2244 2949 φέρων.

830 2988 1001 3044 Media
1034 2990 1175 3043 inter
1208 2989 1326 3045 illos
1348 2991 1556 3059 hosque
1592 2991 1822 3057 procedo
1859 2991 1964 3055 via,

825 3060 1088 3114 Meditaus
1116 3070 1173 3114 ut
1204 3060 1316 3125 isti,
1355 3062 1695 3116 commodum
1723 3060 1936 3116 illorum
1969 3060 2253 3116 aemulatus.

152 3188 277 3260 Quae
306 3188 519 3258 verba,
547 3186 603 3247 si
646 3186 779 3247 viro
806 3187 991 3247 docto
1023 3182 1205 3257 ﬁdes,
1244 3184 1602 3261 signiﬁcant
1634 3184 2039 3261 Gregorium,
2084 3202 2226 3246 cum
2283 3183 2701 3246 deliberasset
2731 3182 3051 3257 quodnam
3085 3180 3229 3242 vitae
3261 3198 3377 3259 ge-

146 3304 244 3346 nus
295 3286 461 3347 inter
517 3286 937 3349 solitudinem
988 3287 1445 3350 monachorum
1488 3293 1547 3350 et
1577 3288 1764 3348 vitam
1819 3288 1883 3348 in
1936 3288 2141 3349 media
2196 3288 2523 3350 civitatum
2572 3290 2751 3350 turba
2799 3293 3199 3368 sequeretur,
3245 3304 3381 3348 me-

150 3389 289 3449 diam
314 3388 546 3449 iniisse
585 3389 774 3458 viam,
807 3396 871 3450 ut
899 3388 1046 3449 aliis
1078 3389 1432 3468 prodesset,
1467 3406 1582 3449 nec
1620 3387 1743 3448 sibi
1784 3387 2129 3461 perniciem
2165 3388 2511 3464 inveniret,
2543 3387 2594 3449 si
2634 3390 2720 3449 ita
2753 3386 3045 3466 Gregorii
3076 3387 3263 3449 verba
3298 3386 3382 3447 li-

148 3498 224 3551 cet
251 3491 687 3571 interpretari,
726 3490 820 3553 fas
849 3492 933 3553 sit
963 3492 1173 3553 dicere
1204 3509 1346 3553 cum
1388 3497 1567 3569 poeta
1605 3511 1618 3550 :

828 3619 915 3675 Nil
937 3622 1077 3676 intra
1107 3628 1188 3677 est
1210 3621 1406 3686 oleam,
1438 3621 1510 3676 nil
1535 3630 1686 3676 extra
1710 3623 1864 3675 estin
1891 3634 2028 3674 nuce
2054 3619 2173 3674 duri
2201 3619 2292 3690 (ε).

146 3729 316 3801 Quam
351 3733 744 3812 longissime
769 3732 1228 3797 Thomassinus
1262 3734 1510 3796 aberrat
1553 3754 1583 3797 a
1628 3742 1837 3796 mente
1878 3733 2200 3811 Gregorii!
2249 3749 2436 3812 quam
2484 3723 2537 3794 si
2574 3730 2846 3794 velimus
2874 3723 3155 3808 assequi,
3190 3718 3388 3802 paulo

149 3835 450 3910 superiora
489 3836 839 3915 repetenda
873 3846 1021 3901 sunt
1053 3840 1241 3901 verba
1268 3839 1353 3918 (ά)
1389 3860 1404 3899 :

830 3964 1050 4037 ῌρῷίεον
1067 3965 1127 4037 es
1142 3964 1311 4037 ςεοῡτο
1334 3966 1687 4037 φφοσοφῆσαι
1714 3965 2045 4037 προυθέμην,

852 4034 1028 4105 Titi/at
1055 4034 1173 4105 Θεῷ
1204 4036 1297 4088 καὶ
1328 4036 1517 4095 τᾶλλα,
1536 4034 1541 4035 ί
1562 4034 1654 4089 καὶ
1682 4034 1875 4098 πόνους
1904 4034 2073 4104 λόγων
2104 4075 2119 4100 ,

964 4107 1011 4157 οἱ
1052 4104 1315 4177 παρέντες
1346 4106 1673 4176 μηλοϐότους
1695 4107 1793 4170 τὰς
1812 4106 2017 4177 οὐσίας,

838 4175 907 4227 Ἦ
939 4175 1141 4246 χρυσὸν
1163 4175 1514 4249 ἀϋροίάαντες
1546 4179 1625 4240 εἰς
1659 4176 1837 4249 ἅλμης
1869 4176 2083 4247 βύϐους.

836 4286 1075 4363 {’riinum
1102 4292 1314 4358 quidem
1342 4292 1709 4363 philosophari
1736 4302 2052 4363 statueram,

853 4358 916 4429 lit
951 4360 1057 4412 Deo
1087 4358 1405 4429 projicerem
1432 4373 1483 4417 et
1513 4358 1614 4415 alia
1650 4364 1850 4427 omnia,
1881 4372 1933 4416 et
1966 4359 2228 4416 facundiae
2250 4361 2490 4428 labores,

842 4426 994 4501 [etut
1023 4426 1112 4499 qui
1147 4426 1305 4501 agros
1342 4432 1637 4500 pecudibus
1663 4426 1965 4501 pascendos
2001 4432 2354 4501 reliquerunt,

849 4496 945 4553 Vel
976 4496 1165 4555 aurum
1184 4496 1590 4574 congesserunt
1622 4496 1677 4558 iu
1707 4503 1875 4557 maris
1910 4496 2261 4572 profundum.

152 4609 475 4691 Gregorius
507 4616 621 4679 his
658 4623 824 4679 certe
853 4619 1063 4680 verbis
1095 4620 1396 4693 declarat,
1440 4638 1507 4683 se
1530 4621 1904 4700 jamdudum
1938 4621 2150 4681 omnia
2184 4619 2493 4699 abjecisse
2523 4618 2589 4680 in
2624 4621 3029 4697 perpetuum,
3065 4613 3392 4676 desiderio

148 4712 586 4797 philosOphiaa,
645 4717 708 4779 id
748 4726 866 4796 est,
916 4730 982 4784 ut
1016 4726 1308 4787 monachi
1354 4726 1545 4789 vitam
1598 4733 1958 4799 exerceret;
1998 4726 2170 4803 quod
2213 4726 2286 4786 ad
2335 4726 2521 4785 vitam
2564 4721 2976 4785 monasticam
3026 4717 3295 4797 requirit
3326 4723 3387 4777 et

150 4812 415 4880 sulﬁcere
447 4816 701 4880 fatetur
731 4819 869 4897 ipse
897 4823 1360 4886 Thomassinus
1402 4842 1415 4885 :
1453 4842 1660 4905 neque
1695 4824 1864 4886 enim
1904 4824 2081 4905 plura
2117 4823 2208 4887 fas
2241 4824 2705 4903 estrequirere.
2740 4823 2808 4888 Id
2840 4829 3050 4886 autem
3090 4821 3393 4883 decrevea

150 4926 223 4977 rat
254 4919 1036 5002 Gregoriusjamdudum,
1070 4921 1135 4983 id
1165 4922 1357 4987 ﬁxum
1392 4930 1830 5001 statutumque
1865 4930 1997 4985 erat
2024 4923 2099 5005 (e)
2133 4943 2149 4986 ε

844 5048 916 5100 Τδ
958 5047 1053 5117 μὲν
1074 5059 1143 5117 ντα
1174 5045 1375 5117 σαρξδς
1399 5047 1455 5109 ἐς
1487 5045 1678 5117 βύθους
1713 5044 1888 5116 ῥίψαι,
1912 5044 2081 5117 πάλαι

846 5113 1173 5187 Δεδογμένον
1205 5113 1260 5168 τί
1281 5113 1369 5187 ἦν,
1400 5113 1495 5170 καῖ
1516 5116 1622 5169 τὸτ’
1648 5113 1847 5187 apem
1870 5115 2049 5169 πλέον.

847 5234 923 5287 Ea
950 5235 1163 5300 quidem
1192 5250 1310 5302 qua:
1332 5234 1512 5288 Carnis
1541 5243 1689 5296 sunt,
1715 5233 1766 5285 iu
1801 5231 2121 5300 prolundum
2167 5231 2427 5302 projicere

852 5303 1059 5358 Dudum
1089 5301 1346 5365 statutum
1378 5313 1515 5371 erat,
1550 5315 1778 5372 tuncque
1808 5302 2055 5371 placebat
2086 5301 2275 5370 magis.

150 5412 266 5478 Hoc
300 5418 500 5480 ﬁxum
540 5418 765 5482 animo
799 5421 1090 5498 Gregorii
1144 5421 1423 5498 sedebat,
1474 5428 1754 5501 votoque
1799 5418 2247 5483 sanctissimus
2295 5418 2522 5496 praesul
2578 5419 2874 5484 astrictus
2914 5418 3257 5483 tenebatur
3291 5416 3394 5496 (f),

209 5636 273 5697 la)
301 5631 453 5683 Orat.
479 5630 540 5701 2.
579 5645 639 5696 p.
667 5631 753 5687 50.

1904 5633 1980 5701 (τι)
2011 5634 2187 5689 Carm.
2226 5629 2303 5701 De
2322 5631 2438 5701 vita
2466 5648 2583 5697 sua,
2607 5646 2659 5690 v.
2688 5602 2794 5687 ὲγο
2820 5637 2872 5686 et
2901 5644 3015 5700 seq.

211 5700 272 5773 (υ)
298 5701 483 5773 Germ.
517 5700 751 5773 Dicito
770 5718 888 5765 sua,
925 5717 976 5754 v.
1003 5702 1127 5769 510,
1151 5703 1271 5757 511.

1003 5702 1271 5769 510,511.
1904 5700 1972 5773 (ρ)
1999 5703 2154 5765 alia,
2179 5718 2229 5755 ν.
2271 5700 2397 5773 282,
2423 5701 2544 5758 εδδ.

211 5772 273 5837 (ε)
307 5768 527 5837 Horat.,
566 5768 674 5839 Ep.
704 5771 793 5826 lib.
828 5787 890 5840 tl,
921 5786 1004 5842 Cp.
1035 5774 1087 5826 1.

828 5787 890 5840 ιι,
921 5786 1004 5842 cp.
1035 5774 1087 5826 1.
1906 5768 1966 5844 (γ’)
1992 5774 2137 5829 Orat.
2163 5773 2216 5840 2,
2238 5771 2302 5826 al.
2333 5771 2377 5824 l.
