3918 6528
558 372 628 428 59
1540 368 1916 425 PRAEFATIO
1957 370 2371 426 CENERALIS.
2415 399 2484 413 —-
2522 369 2698 424 PARS
2736 369 2799 425 ll.
3736 380 3800 437 σο

552 490 726 569 quod
762 512 791 546 α
822 488 885 549 in
925 487 1226 549 maximis
1261 487 1790 567 gravissimisque
1827 486 2153 566 periculis,
2192 508 2220 541 υ
2257 503 2401 549 cum
2436 484 2720 547 Athenas
2751 484 2909 547 mari
2944 490 3206 565 peteret,
3244 507 3272 541 ι
3304 486 3436 550 Deo
3464 500 3742 553 voverat.
3770 519 3795 549 ι

548 592 739 659 Nulla
766 593 896 671 jam
936 595 1017 655 de
1054 608 1132 653 eo
1163 591 1565 654 deliberatio.
1888 678 1898 684 Δ

629 697 795 773 Quid
833 696 1033 777 igitur
1061 696 1220 759 illud
1258 700 1413 763 erat,
1440 692 1519 754 de
1549 709 1681 771 quo
1712 692 2061 771 Gregorius
2093 692 2266 755 intus
2298 692 2539 755 amicos
2571 689 2745 772 (a)ad
2779 688 3121 753 consilium
3148 693 3369 753 vocat?

1260 822 1447 874 ’Ἔνδον
1477 818 1821 891 Ακαθίζωντῶν
1842 819 2007 891 φίλων
2040 821 2322 891 κριτήριον
2353 859 2368 881 ,

1263 891 1443 962 Ἐμῶν
1476 889 1772 961 λογισμῶν,
1803 890 2041 961 γνησίων
2069 889 2437 961 παρὰινετῶν.

1253 1006 1403 1060 Intus
1432 1007 1635 1058 amicos
1670 1005 1721 1058 in
1759 1004 2042 1059 consilium
2072 1019 2225 1070 voco,

1256 1077 1404 1131 Meas
1437 1076 1811 1147 cognationes,
1847 1090 1964 1145 qua:
1996 1074 2222 1130 sincera:
2249 1083 2374 1129 sunt
2407 1074 2729 1131 hortatores.

550 1214 801 1279 Scilicet
833 1206 1178 1294 Gregorius
1211 1238 1238 1269 α
1276 1212 1355 1292 (b)
1387 1214 1556 1275 inter
1588 1231 1655 1274 ea
1693 1230 1834 1293 qum
1867 1212 2306 1292 praestantiora
2347 1218 2523 1286 sunt,
2558 1211 2619 1272 id
2651 1210 2822 1291 quod
2862 1211 3262 1289 praestantius
3297 1219 3392 1273 est
3430 1215 3783 1291 qumrebat;

549 1332 693 1378 nam
730 1336 870 1396 qum
903 1318 1109 1379 carnis
1142 1325 1290 1377 sunt
1326 1318 1389 1377 in
1428 1316 1811 1396 profundum
1849 1318 2124 1396 abjicere
2163 1317 2405 1378 dudum
2443 1323 2748 1378 statutum
2783 1322 2937 1389 erat,
2985 1327 3266 1397 tuncque
3321 1318 3607 1395 placebat
3665 1338 3788 1379 mtt—

546 1421 665 1498 gis.
696 1421 1135 1483 Consideranti
1179 1429 1390 1482 autem
1420 1421 1555 1482 vias
1588 1439 1732 1501 qua)
1756 1423 1832 1484 ad
1866 1423 2068 1484 Deum
2110 1423 2376 1491 ducunt,
2417 1436 2705 1500 quaenam
2747 1417 2973 1479 melior
3004 1423 3193 1491 esset,
3233 1417 3521 1479 invenire
3554 1434 3678 1478 non
3708 1418 3788 1477 at.

553 1520 675 1580 cile
718 1528 872 1582 erat.
914 1522 1104 1582 Aliud
1134 1523 1332 1597 enim,
1369 1524 1640 1587 aliorum
1683 1525 1891 1588 habita
1923 1526 2194 1599 ratione,
2256 1524 2496 1585 bonum
2540 1530 2646 1584 aut
2685 1522 2918 1583 malum
2960 1520 3311 1593 videbatur,
3364 1526 3432 1581 ut
3482 1537 3648 1592 saepe
3706 1523 3785 1590 fit,

547 1617 653 1680 ubi
685 1618 839 1695 quid
873 1621 1188 1697 agendum
1224 1632 1343 1687 est.
1387 1625 1663 1701 Longam
1698 1624 1894 1685 veluti
1930 1626 2280 1703 quamdam
2317 1623 2901 1703 peregrinationem
2947 1618 3386 1680 meditabatur.
3440 1618 3789 1695 Navigatio-

542 1735 686 1778 nem
720 1719 981 1795 quidem
1020 1722 1359 1799 effugerat,
1386 1728 1448 1780 et
1486 1721 1675 1781 maris
1709 1721 1982 1794 labores,
2019 1721 2130 1783 sed
2163 1721 2589 1798 investigabat
2614 1735 2907 1799 quamam
2937 1717 3290 1796 expeditior
3321 1726 3488 1779 esset
3516 1717 3637 1777 via.
3668 1718 3788 1775 Ma-

538 1817 922 1896 gnifaciebat
958 1822 1156 1883 Eliam
1196 1820 1569 1894 Thesbiten,
1603 1821 1993 1897 Carmelum,
2029 1823 2350 1885 desertum
2397 1823 2662 1884 Joannis
2711 1819 3143 1899 prtecursoris,
3184 1820 3456 1880 filiorum
3512 1820 3788 1881 Jonadab

536 1918 737 1978 vitam
775 1918 917 1979 sine
943 1929 1245 1999 apparatu
1278 1945 1295 1985 :
1328 1943 1551 1987 verum
1579 1944 1801 1988 rursus
1836 1944 1979 1989 eum
2022 1929 2272 1990 tenebat
2305 1946 2626 1990 sacrorum
2665 1928 2997 1990 Librorum
3032 1941 3232 1996 amor,
3269 1944 3369 1988 res
3400 1942 3545 1988 cum
3577 1925 3789 1985 deser-u

536 2025 601 2076 to
657 2024 723 2078 et
765 2016 982 2097 quiete
1030 2038 1156 2084 non
1194 2027 1538 2099 quadrans.
1573 2029 1641 2088 ln
1678 2038 2018 2108 utramque
2053 2035 2288 2108 partem
2327 2048 2489 2109 saepe
2526 2030 2801 2102 delatus,
2853 2029 3102 2090 tandem
3135 2026 3299 2087 inter
3327 2044 3440 2087 sua
3482 2022 3789 2086 desideria

534 2119 629 2181 sic
667 2118 844 2183 litem
883 2122 1162 2197 diremit,
1205 2128 1570 2208 mentisque
1607 2132 2017 2207 agitationem
2052 2131 2338 2194 cohibuit
2373 2132 2638 2194 :videns
2671 2132 2841 2195 enim
2878 2148 3015 2200 eos,
3044 2144 3206 2207 quos
3237 2132 3499 2188 actuosa
3527 2123 3790 2185 delecta-

535 2219 641 2282 bat
682 2221 831 2299 vita,
865 2225 1010 2287 aliis
1041 2228 1297 2305 quidem
1334 2231 1551 2303 utiles,
1592 2233 1714 2297 sibi
1748 2241 1958 2296 autem
1996 2233 2262 2295 inutiles
2299 2251 2369 2296 ac
2407 2234 2589 2295 malis
2619 2231 2875 2313 agitari;
2909 2247 3018 2293 eos
3052 2233 3259 2289 autem
3292 2226 3401 2305 qui
3439 2225 3575 2286 vale
3602 2238 3791 2286 saecu-

534 2321 596 2381 lo
635 2320 961 2397 dixerunt,
1001 2328 1358 2391 stabiliores
1404 2332 1663 2411 quidem
1722 2351 1889 2410 esse,
1944 2352 2015 2397 ac
2061 2334 2128 2396 in
2173 2336 2376 2397 Deum
2429 2334 2667 2413 placida
2707 2340 2918 2397 mente
2967 2329 3305 2408 respicere,
3345 2333 3407 2389 at
3464 2325 3591 2388 sibi
3644 2320 3789 2384 solis

534 2421 867 2498 prodesse,
922 2434 1188 2503 angusta
1239 2430 1566 2507 charitate,
1609 2433 1933 2512 vitamque
1988 2433 2312 2496 insolitam
2379 2440 2440 2497 et
2495 2451 2778 2513 asperam
2837 2435 3166 2495 traducere
3225 2448 3242 2489 :
3300 2427 3575 2489 mediam
3634 2424 3791 2485 inter

537 2525 854 2597 utrosque
886 2521 1055 2583 viam
1093 2523 1260 2595 iniit,
1294 2529 1580 2590 meditari
1617 2539 1686 2617 ut
1719 2530 1808 2604 hi,
1852 2532 2155 2609 prodesse
2190 2538 2257 2592 ut
2288 2531 2379 2593 illi
2414 2536 2727 2594 statuens.
2768 2553 2797 2588 »
2830 2531 2993 2591 Hinc
3023 2531 3329 2610 Gregorio
3385 2528 3786 2594 eremitarum

533 2627 733 2703 atque
766 2623 956 2686 etiam
992 2627 1515 2695 anachorelarum
1560 2634 1817 2697 vivendi
1852 2652 2055 2713 genus
2084 2635 2422 2709 arridebat,
2470 2635 2619 2697 hinc
2658 2635 3135 2699 cmnobitarum.
3168 2635 3287 2697 Sed
3336 2635 3400 2697 in
3437 2633 3591 2708 illis,
3624 2629 3787 2710 quod

534 2723 661 2787 sibi
692 2726 849 2788 solis
880 2729 1067 2792 utiles
1100 2738 1340 2805 essent,
1371 2733 1435 2792 in
1464 2733 1542 2794 iis
1577 2752 1725 2795 vero
1759 2736 1927 2815 quod
1964 2736 2108 2797 aliis
2140 2736 2401 2816 quidem
2435 2736 2646 2810 utiles,
2680 2733 2800 2797 sibi
2838 2751 2983 2796 vero
3009 2743 3221 2797 essent
3259 2736 3549 2807 inutiles,
3581 2728 3791 2806 displi-

535 2826 739 2889 cebat.
773 2828 996 2909 Itaque
1034 2832 1304 2893 mediam
1339 2817 1487 2895 iniit
1546 2836 1707 2896 viam
1750 2836 1917 2897 inter
1950 2836 2242 2899 eremitas
2283 2842 2344 2896 et
2378 2834 2685 2912 migades,
2732 2832 2796 2893 id
2839 2840 2935 2895 est
2968 2833 3132 2897 inter
3159 2836 3461 2898 eremitas
3505 2842 3564 2897 et
3592 2846 3792 2896 coeno-

536 2922 727 2998 bitas,
783 2925 1041 2989 illorum
1078 2928 1155 2990 ad
1193 2930 1473 2994 ccelestia
1510 2936 2024 3012 conversionem,
2076 2942 2137 2998 et
2187 2936 2454 2997 istorum
2493 2934 2867 2997 cbaritatem
2916 2935 3226 3008 retinens,
3270 2944 3339 2999 ut
3379 2937 3504 2999 sibi
3561 2942 3619 2997 et
3659 2930 3789 2993 aliis

535 3027 742 3103 utilis,
780 3029 1049 3092 maxime
1087 3035 1482 3109 parentibus,
1517 3051 1711 3099 esset.
2528 3013 2536 3021 ι

628 3127 710 3187 Ea
758 3126 959 3203 igitur
992 3126 1115 3190 fuit
1156 3130 1540 3196 deliberatio
1569 3138 1887 3215 Gregorii,
1923 3145 2128 3201 utram
2167 3158 2240 3199 ex
2273 3139 2528 3201 duobus
2571 3138 3030 3200 monachorum
3092 3138 3466 3215 generibus,
3500 3134 3791 3200 eremita—

537 3242 765 3287 rumne
795 3242 873 3287 an
905 3228 1366 3291 ccenobitarum
1403 3233 1592 3295 vitam
1630 3246 2033 3315 sequeretur.
2063 3240 2149 3299 Ac
2172 3238 2367 3299 veluti
2396 3238 2504 3315 qui
2534 3236 2594 3297 in
2628 3236 2844 3315 aliquo
2881 3236 3163 3314 periculo
3186 3243 3356 3319 gravi
3388 3240 3790 3305 constitutus!

546 3345 622 3392 se
657 3329 852 3395 vitam
894 3331 1257 3409 religiosam
1299 3334 1739 3411 professorum
1791 3342 1923 3402 Deo
1988 3341 2336 3419 pollicitus,
2389 3339 2579 3401 etiam
2616 3347 2763 3401 voto
2812 3356 2879 3402 se
2916 3339 3402 3421 obstrinxisset;
3439 3342 3673 3407 deinde
3693 3354 3789 3399 se-

538 3451 686 3496 cum
722 3444 1074 3515 reputans,
1130 3440 1458 3517 quomodo
1511 3446 1895 3522 promissum
1936 3447 2140 3517 faciat,
2181 3447 2350 3508 varia
2403 3447 2594 3525 illlJtiS
2654 3446 2959 3525 temporis
3016 3448 3298 3509 virorum
3352 3444 3792 3522 religiosorum

543 3535 842 3599 instituta
877 3548 937 3602 et
971 3540 1170 3618 leges,
1203 3542 1683 3623 Trappistarum
1734 3552 2003 3622 scilicet,
2064 3550 2593 3624 Mendicantium,
2625 3557 2773 3624 etc.,
2808 3550 3182 3629 perpendit;
3244 3552 3531 3620 demum,
3587 3539 3795 3604 habito

539 3654 757 3702 secum
797 3640 1095 3712 θοιιδίιίο,
1137 3639 1327 3703 vitam
1366 3653 1797 3729 trappisticam
1828 3661 1892 3715 ut
1928 3654 2319 3730 asperiorem
2359 3652 2621 3731 refugit,
2664 3654 2809 3714 Men
2830 3653 3173 3714 dicantium
3215 3658 3427 3712 autem
3484 3653 3553 3707 ut
3608 3634 3796 3705 nimis

540 3754 875 3817 actuosam
905 3750 965 3810 et
1013 3743 1135 3811 sibi
1172 3745 1385 3805 minus
1420 3750 1638 3817 utilem
1689 3752 1955 3829 reSpuit,
1998 3754 2082 3813 De

2250 3752 2431 3812 litare
2464 3751 2583 3813 sub
2621 3750 2839 3827 regula
2877 3752 3073 3812 sancti
3129 3748 3454 3811 Benedicti
3512 3749 3792 3807 mavult:

543 3843 692 3903 isne
730 3845 1083 3905 monachus
1121 3846 1465 3925 dicendus,
1506 3860 1561 3912 et
1603 3855 1787 3914 vitam
1824 3856 2235 3917 monasticam
2272 3855 2606 3933 amplexus
2641 3854 2843 3915 vidert
2890 3856 3149 3933 posset?
3206 3853 3416 3915 Credo
3474 3846 3796 3929 equidem.

538 3947 737 4027 Atqui
783 3949 903 4010 hoc
937 3950 1148 4028 ipsum
1186 3960 1284 4012 est
1320 3952 1492 4027 quod
1548 3954 1839 4030 prmstilil
1881 3954 2254 4032 Gregorius,
2323 3971 2467 4015 cum
2531 3954 2744 4015 habita
2788 3970 3008 4015 secum
3066 3952 3529 4015 deliberatione
3594 3958 3795 4009 utrum

544 4049 803 4112 vivendi
847 4069 1076 4130 genus,
1110 4072 1187 4115 an
1247 4056 1687 4127 eremitarum,
1726 4075 1803 4118 an
1861 4058 2176 4135 migadutn
2230 4067 2634 4137 sequeretur,
2679 4074 2873 4119 unum
2927 4076 3001 4120 ex
3046 4064 3318 4136 utroque
3385 4058 3795 4131 temperatum

542 4150 891 4229 atnplexus
931 4163 1025 4213 est
1061 4172 1202 4215 cum
1248 4154 1532 4228 Basilio;
1580 4157 1690 4235 qui
1730 4158 1917 4218 vitam
1954 4158 2299 4218 solitariam
2335 4166 2395 4219 et
2442 4156 2885 4221 cmuobiticam
2936 4155 3230 4233 praeclare
3283 4155 3452 4217 inter
3484 4170 3552 4214 se
3588 4161 3797 4211 recon-

545 4250 869 4312 ciliaverat
909 4261 971 4313 et
1005 4255 1491 4331 permiscuerat,
1531 4259 1873 4320 exstructis
1935 4258 2340 4319 monasteriis
2378 4274 2523 4337 quae
2567 4258 2804 4319 sociata
2852 4258 2995 4319 vitm
3045 4258 3392 4339 utriusque
3447 4247 3793 4321 commoda,

544 4350 713 4411 nulla
766 4357 974 4412 autem
1012 4355 1318 4431 perinista
1357 4356 1678 4417 habebant
1722 4359 2144 4419 incommoda.

625 4451 758 4517 Hoc
793 4454 843 4513 si
897 4470 1027 4514 non
1060 4458 1274 4517 statim
1312 4465 1504 4538 atque
1558 4470 1864 4537 Optasset,
1905 4470 2075 4523 certe
2132 4479 2327 4540 quam
2379 4463 2657 4540 primum
2694 4461 2906 4536 licuit,
2941 4462 3085 4522 vitae
3131 4475 3333 4537 genus
3387 4462 3651 4519 secutus
3706 4464 3794 4519 05'

548 4549 944 4647 Gregorius;
993 4562 1056 4616 et
1090 4559 1359 4617 secessit
1416 4561 1491 4621 ad
1553 4562 1891 4636 Basilium,
1960 4580 2217 4641 unaque
2280 4581 2425 4625 cum
2490 4578 2568 4625 eo
2626 4563 2953 4625 Ponticam
3007 4559 3419 4623 solitudinem
3476 4551 3792 4619 incoluit:

547 4670 580 4709 α
617 4652 944 4730 Degebant
999 4663 1206 4721 tamen
1245 4659 1555 4738 singuli,»
1593 4663 1800 4742 inquit
1832 4663 2167 4724 Annalium
2201 4664 2753 4725 ecclesiasticarum
2784 4680 3009 4741 parens
3029 4680 3104 4724 ex
3125 4662 3351 4723 Rufino
3383 4660 3531 4741 (c),¢
3575 4658 3636 4716 in
3670 4651 3795 4712 sin-

544 4755 716 4832 gulis
756 4757 1010 4849 CBHUJiS
1047 4761 1499 4839 separatis,ita
1532 4769 1743 4822 tamen
1808 4763 1969 4821 inter
2005 4780 2073 4822 se
2132 4763 2476 4833 distantes,
2511 4771 2580 4824 ut
2636 4778 2765 4823 non
2834 4762 3234 4823 incommoda
3280 4762 3516 4840 saepius
3576 4767 3793 4819 convc-

547 4854 769 4915 nieudi
802 4856 1060 4920 daretur
1090 4859 1384 4921 facultas.
1430 4860 1498 4932 id
1542 4861 1778 4921 etenim
1819 4878 1894 4923 ex
1939 4862 2227 4939 Gregorii
2288 4863 2557 4941 epistola
2606 4862 2715 4940 (ἀ),
2770 4879 2959 4939 quam
3021 4872 3172 4924 tunc
3224 4862 3289 4922 in
3347 4873 3561 4923 eremo
3615 4862 3793 4931 agens

540 4955 620 5047 εει
661 4956 1235 5036 Amphilochium,
1290 4960 1360 5021 in
1426 4960 1643 5031 eadem
1701 4960 2056 5029 solitudine
2121 4960 2730 5041 pltilOSOpbantem,
2790 4962 3075 5041 scripsit,
3137 4964 3321 5025 facile
3366 4966 3570 5043 potest
3622 4947 3795 5017 intel-

552 5054 692 5133 Iigi.

626 5182 653 5213 α
688 5159 908 5232 Qualis
942 5168 1157 5225 autem
1191 5158 1387 5223 fuerit
1422 5159 1559 5239 ejus
1599 5158 1904 5222 habitatio
1966 5169 2027 5224 et
2074 5164 2301 5237 victus,
2352 5166 2551 5242 pergit
2601 5166 2934 5236 Barontus,
3000 5184 3075 5227 ex
3125 5167 3225 5228 his
3277 5171 3461 5230 etiam
3514 5150 3793 5236 assequi—

549 5274 714 5347 mur,
757 5277 899 5345 qum
932 5260 1098 5322 idem
1148 5262 1223 5322 ad
1259 5258 1588 5332 Basilium,
1623 5270 1958 5338 postquam
1992 5264 2139 5324 inde
2192 5272 2560 5337 recesserat,
2622 5265 2849 5327 ludens
2883 5266 3100 5327 scribit
3141 5267 3240 5327 his
3278 5270 3486 5329 verbis
3522 5287 3536 5326 :
3571 5282 3600 5319 α
3635 5261 3794 5332 QUO‘

550 5378 579 5411 α
618 5356 790 5418 niam
826 5377 970 5437 quae
994 5354 1383 5439 jocando'ad
1419 5371 1475 5421 te
1506 5362 1912 5439 scripsimus,
1946 5384 2130 5445 aequo
2166 5368 2381 5429 animo
2427 5368 2578 5442 fers,
2618 5387 2689 5429 ea
2729 5387 2987 5449 quoque
3021 5389 3162 5449 quae
3192 5372 3497 5452 deinceps
3524 5373 3794 5442 sequun‘

438 5540 447 5553 _
548 5480 579 5516 α
618 5468 718 5521 tur
746 5462 1148 5541 adjiciamus,
1189 5482 1266 5526 ex
1304 5465 1581 5528 Homero
1633 5475 1843 5529 autem
1884 5470 2140 5533 initium
2205 5473 2475 5539 ducetur
2522 5495 2538 5534 :
2586 5474 2769 5537 Nunc
2826 5492 2966 5554 age,
3005 5472 3423 5555 progrediens
3482 5468 3793 5531 internum

619 5642 699 5780 (αξ
730 5643 886 5728 Ibid,
913 5663 966 5703 ν.
993 5650 1120 5720 278,
1146 5651 1271 5707 279.
2238 5676 2291 5731 p.
2321 5659 2441 5714 887.

621 5713 675 5777 (ὁ
737 5715 871 5772 lbttl.
2310 5735 2386 5780 till
2427 5732 2441 5780 I

621 5713 699 5800 ib)
735 5715 871 5800 tam:
947 5790 982 5800 _
1025 5793 1056 5800 __
1105 5713 1118 5720 '
1160 5796 1180 5800 _
1234 5793 1279 5800 __
1322 5793 1351 5800 __
1432 5794 1443 5800 _
1711 5798 1726 5800 Α
2078 5798 2100 5800 η
2238 5713 2386 5800 "(tu
2427 5713 2615 5799 Ep.at.
2647 5731 2731 5794 t2.

616 5789 688 5856 (ε)
721 5788 889 5855 Apul.
947 5790 1100 5851 Ball“
1154 5796 1181 5849 8
1234 5793 1377 5858 .‘iuii,
1431 5794 1480 5850 in
1540 5794 1654 5858 Vita
1689 5798 1944 5871 Ctt’gorii,
1996 5798 2124 5863 (2.5,
