3918 6514
177 368 224 423 6t
1114 371 1203 429 PR
1217 374 1495 432 [EFATIO
1533 376 1724 433 GENEJ

1822 378 1936 435 ωδ.
1978 412 2047 422 —-—
2082 379 2261 435 PARS
2298 380 2364 436 ll.
3303 375 3369 432 δί

178 509 202 542 ι
228 486 496 558 concine,
536 498 779 563 quaeso,
812 489 1143 563 ornatum;
1196 490 1519 568 tugurium
1560 490 1856 555 videlicet
1906 499 1967 555 et
2018 500 2184 555 tecto
2237 499 2297 554 et
2340 491 2558 571 januis
2593 507 2839 565 carens,
2868 488 3078 552 focum
3112 486 3276 565 ignis
3310 493 3369 548 et

175 616 196 645 ι
222 588 360 651 fumi
398 592 741 667 expertem,
784 588 1055 667 parietes
1091 591 1240 668 igne
1279 594 1656 671 exsiccatos,
1681 612 1761 659 ne
1798 596 1913 658 luti
1973 598 2171 674 guttis
2212 597 2617 675 impetamur,
2658 592 2941 656 Tantalis
2974 589 3242 661 similes,
3268 605 3369 650 ea-

174 693 467 770 ndemque
518 707 697 770 praua
738 691 1013 767 multati,
1073 693 1379 757 nimirum
1418 696 1485 757 iu
1537 698 1717 779 aquis
1769 699 2088 775 sitientes,
2121 699 2510 763 miserandas
2555 700 2694 761 illas
2747 696 2968 777 epulas
3001 693 3368 775 etjejunaS.

174 818 196 850 ι
220 795 281 856 ad
312 811 464 873 quas
500 812 536 856 e
568 794 983 874 Cappadocia,
1018 812 1148 859 non
1184 802 1487 877 tanquam
1528 800 1605 862 ad
1662 803 2180 883 LotOphagorum
2228 808 2681 882 paupertatem,
2711 799 2819 861 sed
2857 795 3050 858 veluti
3091 794 3165 856 ad
3202 793 3369 871 Alci-

172 895 309 957 «ηοὶ
335 913 644 975 mensam,
678 914 793 960 nos
840 900 988 963 novi
1017 906 1079 963 et
1130 906 1473 966 aerumnosi
1510 903 1797 985 naufragi
1845 907 2054 969 vocati
2081 923 2330 968 sumus.
2362 904 2625 982 Memini
2667 902 2836 963 enim
2869 916 3063 978 panes
3116 897 3259 956 illos
3304 904 3368 956 et

172 1000 465 1079 cjuscula,
502 1002 598 1065 sic
639 1005 809 1070 enim
852 1008 1373 1084 nominabantur,
1412 1026 1795 1090 semperque
1849 1012 2229 1080 meminero,
2263 1011 2562 1087 dentibus
2597 1005 2760 1067 circa
2792 1002 3139 1080 fragmenta
3171 996 3365 1061 colla-

171 1124 193 1156 ι
218 1102 630 1175 bescentibus,
664 1122 735 1166 ac
781 1113 1000 1181 postea
1052 1109 1307 1181 erectis,
1340 1110 1647 1189 vel-atque
1679 1129 1712 1173 e
1745 1128 1925 1175 coeno
1978 1112 2300 1186 retractis;
2340 1127 2481 1187 quae
2518 1102 2873 1169 sublimius
2916 1109 2978 1160 tu
3016 1097 3362 1175 ampliﬁca-

167 1223 191 1259 α
218 1201 322 1270 bis,
354 1192 645 1280 propriis
680 1203 1139 1266 calamitatibus
1180 1206 1476 1268 videlicet
1510 1208 1821 1269 orationis
1875 1207 2374 1285 magnitudinem
2425 1208 2537 1268 tibi
2582 1200 3153 1284 suppeditantibus.
3200 1197 3367 1271 Qui-

169 1322 190 1355 ι
218 1301 321 1363 bus
348 1300 467 1361 nisi
494 1301 601 1364 illa
630 1319 876 1380 magna,
902 1306 961 1363 et
994 1320 1349 1381 pauperum
1380 1322 1526 1367 vere
1556 1306 1875 1377 studiosa,
1909 1313 2109 1370 mater
2139 1313 2241 1367 tua
2279 1324 2392 1368 nos
2425 1325 2611 1385 quam
2646 1302 2977 1366 celerrime
3010 1299 3361 1369 liberasset,

168 1423 190 1455 ι
214 1399 501 1479 nobisque
546 1408 918 1481 tempestate
944 1400 1196 1480 jactatis
1242 1404 1415 1464 velut
1453 1413 1672 1482 portus
1698 1406 2049 1466 exstitisset
2076 1427 2091 1479 ;
2120 1406 2490 1484 jampridem
2538 1405 2702 1484 apud
2752 1405 2933 1464 vivos
2965 1418 3104 1462 esse
3137 1399 3365 1459 desiis-

166 1516 425 1573 csemus,
482 1500 635 1564 ﬁdei
674 1502 947 1565 Pontica:
994 1503 1258 1566 nomine
1304 1519 1433 1565 non
1466 1504 1769 1583 majorem
1812 1503 2066 1569 laudem
2102 1514 2597 1587 consequentes,
2632 1520 2822 1587 quam
2874 1499 3359 1564 miserationem

164 1620 189 1655 α
213 1608 517 1662 moventes
551 1600 660 1682 (α).
700 1624 732 1659 ι

219 1697 346 1760 Hzec
392 1697 541 1762 licet
597 1700 745 1780 joco
802 1703 1196 1783 Gregorius,
1247 1704 1413 1768 seria
1468 1710 1677 1767 tamen
1722 1705 2047 1768 describit.
2097 1706 2340 1779 Quanta
2382 1706 2548 1768 enim
2586 1706 2729 1769 vita}
2770 1704 3159 1775 austeritate,
3216 1717 3358 1762 cum

161 1798 286 1875 ipse,
318 1805 447 1860 tum
485 1801 711 1863 caeteri
750 1803 1045 1864 monachi
1079 1802 1363 1865 eamdem
1398 1803 1811 1865 solitudinem
1850 1803 2203 1866 incolentes
2238 1803 2540 1879 vixerint,
2600 1822 2676 1866 ex
2723 1804 2849 1879 his,
2887 1821 3029 1883 quae
3088 1804 3166 1864 de
3232 1800 3355 1871 sibi

160 1897 417 1976 subjectis
452 1900 795 1965 monachis
826 1903 902 1964 ad
935 1902 1307 1981 Hellenium
1359 1903 1602 1977 scribit,
1635 1906 1786 1965 satis
1837 1908 2093 1983 apparet
2115 1902 2195 1984 (ὁ)
2240 1925 2254 1964 :
2295 1926 2323 1959 α
2361 1905 2488 1982 Ipsi
2518 1904 2713 1978 enim,
2743 1904 2977 1982 inquit,
3010 1902 3234 1981 partim
3294 1900 3361 1960 in

158 1998 315 2073 antris
368 1999 841 2081 solitariisque,
882 2011 945 2069 et
975 2006 1050 2068 ad
1101 2014 1331 2068 terram
1373 2004 1583 2066 stratis
1641 2005 2036 2086 rudibusque
2098 2006 2421 2067 cubilibus
2494 2004 2922 2077 delectantur;
2967 2022 3000 2065 a
3060 2001 3362 2063 domibus

158 2094 477 2188 abhorrent,
510 2108 983 2183 cognatamque
1020 2105 1295 2169 ccelestis
1330 2104 1663 2183 sapientiae
1697 2106 1975 2184 quietem
2009 2106 2530 2185 amplectuntur:
2571 2106 2793 2183 partim
2840 2103 3066 2164 ferreis
3105 2118 3363 2180 compe-

157 2195 306 2258 dibus
333 2217 473 2263 sese
516 2205 919 2281 excruciant,
954 2211 1023 2268 ut
1063 2205 1289 2273 vitium
1324 2222 1448 2266 una
1512 2221 1656 2266 cum
1709 2222 1974 2279 corpore
2006 2206 2365 2267 conﬁciant.
2400 2206 2527 2277 Alii
2586 2221 2838 2265 rursum
2896 2202 3176 2265 ferarum
3232 2203 3359 2264 ritu

162 2302 333 2376 parvis
368 2306 808 2386 angustisque
843 2307 1143 2371 domibus
1193 2307 1453 2383 inclusi,
1490 2326 1570 2370 ne
1602 2309 1885 2370 mortalis
1918 2308 2181 2387 quidem
2220 2309 2581 2387 cujuspiam
2622 2310 2867 2370 vultum
2916 2308 3255 2385 aspiciunt,
3287 2324 3359 2367 ac

154 2418 284 2479 saepe
308 2407 488 2468 etiam
524 2414 701 2471 totos
752 2409 980 2487 viginti
1020 2409 1185 2484 dies,
1237 2410 1633 2490 totidemque
1693 2419 1935 2484 noctes,
1977 2427 2010 2471 a
2046 2409 2188 2472 cibo
2244 2411 2589 2486 abstinent,
2624 2411 3017 2489 dimidiaque
3076 2428 3150 2472 ex
3185 2416 3359 2488 parte

155 2502 345 2567 Christi
386 2509 709 2587 jejunium
761 2511 1131 2586 imitantur;
1186 2520 1390 2592 utque
1431 2512 1729 2575 nonnihil
1779 2514 1918 2591 ipse
1970 2512 2224 2590 gloriosi
2261 2514 2621 2591 praedicem,
2648 2513 2905 2592 quidam
2941 2512 3197 2573 illorum
3228 2509 3351 2571 mei

154 2608 323 2684 gregis
354 2625 490 2672 ovrs
534 2619 700 2686 erat,
728 2611 880 2675 hinc
926 2631 1119 2707 parvo
1151 2615 1427 2693 quodam
1454 2616 1690 2694 Oppido
1724 2629 2048 2694 egressus.
2076 2614 2235 2674 Sunt
2271 2612 2537 2693 insuper
2566 2613 2677 2693 qui
2713 2612 3027 2691 garrulam
3069 2611 3350 2688 linguam

154 2712 297 2784 quasi
363 2710 646 2774 vinculis
701 2712 1087 2791 quibusdam
1161 2715 1552 2792 astringunt,
1607 2714 1903 2793 labiaque
1965 2714 2224 2778 silentio
2279 2714 2743 2793 comprimunt,
2809 2728 3205 2791 summmque
3254 2709 3349 2771 illi

153 2806 305 2889 Menti
336 2807 547 2872 laudis
594 2812 977 2875 sacriﬁcium
1024 2812 1159 2875 sola
1207 2824 1420 2875 mente
1479 2815 1778 2876 oﬁ‘erunt.
1840 2816 1949 2875 Est
1995 2815 2197 2876 etiam
2244 2816 2354 2893 qui
2413 2832 2616 2877 annos
2667 2814 2949 2890 integros
3000 2813 3064 2873 in
3117 2812 3352 2890 templo

154 2915 305 2983 stans,
333 2930 518 2990 puras
568 2915 646 2975 ad
694 2916 1159 2978 Deum.manus
1228 2916 1627 2995 expanderit,
1668 2935 1804 2993 nec,
1838 2919 2010 2999 quod
2062 2919 2163 2979 vix
2196 2902 2493 2997 cuiquam
2532 2920 2716 2999 ﬁdem
2746 2916 3058 2978 facturum
3091 2921 3206 2990 est,
3235 2916 3333 2976 vel

152 3011 415 3075 tantillum
448 3015 902 3090 obdormierit,
943 3018 1055 3079 sed
1093 3016 1218 3078 vivi
1267 3016 1500 3096 lapidis
1531 3020 1730 3081 instar
1754 3019 2013 3081 Christo
2044 3020 2291 3081 deﬁxus
2324 3019 2594 3091 steterit,
2648 3036 2719 3080 ac
2758 3018 2926 3079 velut
2964 3015 3342 3093 obriguerit.

152 3110 280 3173 Huic
310 3130 488 3190 porro
536 3114 761 3191 exigui
797 3116 919 3177 cibi
959 3115 1265 3195 reliquias
1323 3118 1576 3180 vicinus
1626 3135 1856 3180 corvus
1894 3119 2327 3198 impertiebat,
2363 3136 2722 3197 panemque
2755 3119 3095 3194 integrum,
3132 3116 3184 3176 si
3224 3115 3354 3176 duo

150 3210 272 3276 forte
300 3223 531 3293 essent,
574 3218 901 3280 atl‘erebat.
938 3217 1111 3291 Quin
1150 3219 1336 3281 etiam
1388 3238 1519 3299 quo
1580 3228 1865 3299 tempore
1930 3220 2224 3282 Christus
2288 3220 2624 3282 salutifero
2680 3219 2790 3280 illo
2842 3217 3161 3298 supplicio
3218 3235 3359 3295 per-

149 3318 360 3383 functus
392 3321 699 3385 mortales
733 3321 1014 3402 reliquit,
1055 3321 1357 3385 inventus
1385 3329 1479 3385 est
1512 3323 1797 3400 quidam,
1826 3323 1938 3401 qui
1972 3322 2123 3383 hinc
2155 3324 2230 3384 ad
2270 3322 2559 3384 divinum
2622 3328 2900 3382 montem
2961 3318 3357 3391 ascenderet,

151 3419 326 3499 ibique
356 3432 413 3485 et
444 3440 779 3497 sermone,
810 3433 869 3486 et
901 3432 1139 3499 mente,
1175 3431 1235 3487 et
1308 3424 1611 3485 membris
1656 3424 1961 3485 immotus
2006 3431 2207 3498 stans,
2271 3424 2476 3484 ventis
2534 3423 2923 3499 nivibusque
2969 3423 3359 3499 jnctaretur;

152 3534 256 3594 nec,
286 3540 650 3604 quanquam
683 3523 925 3604 alioqui
962 3524 1181 3603 plures
1238 3525 1354 3587 viri
1396 3526 1482 3603 pii
1522 3543 1667 3587 eum
1712 3526 2221 3598 circumstarent,
2256 3524 2422 3587 etab
2458 3526 2678 3585 eodem
2732 3521 2966 3583 obnixe
3004 3523 3358 3583 contende-

151 3620 275 3697 rent,
306 3632 363 3685 ut
392 3623 681 3709 aliquam
726 3625 825 3686 sui
891 3626 1176 3703 corporis
1234 3625 1547 3687 rationem
1604 3625 1889 3697 haberet,
1937 3622 2234 3703 precibus
2288 3629 2498 3683 tamen
2533 3620 2728 3681 nullis
2781 3627 3185 3693 moveretur;
3244 3608 3356 3681 sed

151 3717 417 3785 Christum
453 3742 677 3802 regem
708 3725 1058 3789 fortissime
1091 3728 1433 3803 consertis,
1473 3735 1538 3789 ut
1564 3729 1680 3790 dici
1715 3728 1901 3800 solet,
1948 3727 2244 3789 manibus
2288 3724 2613 3787 retineret.
2657 3746 2686 3780 io

206 3826 351 3890 Alibi
401 3830 482 3892 de
530 3830 820 3892 Ponticis
856 3832 1186 3894 monachis
1234 3833 1364 3895 haec
1405 3833 1594 3895 habet
1641 3833 1987 3912 Gregorius
2028 3834 2100 3910 (ο)
2144 3854 2159 3891 :
2215 3854 2243 3887 α
2286 3830 2581 3910 Plerique
2638 3828 2759 3890 sub
2808 3827 3032 3890 ferreis
3073 3828 3345 3887 vinculis

154 3924 534 4004 ingemiscunt
566 3956 583 4010 ;
616 3934 726 3995 alii
762 3954 986 3997 rursus
1018 3954 1132 4016 pro
1165 3938 1308 4000 cibo
1339 3938 1588 4002 cineres
1623 3917 1889 4013 habent;
1928 3945 2079 3999 sunt
2110 3938 2348 4015 quibus
2383 3943 2569 4015 potus
2602 3934 2899 4013 lacrymis
2932 3939 3358 4012 temperatur;

152 4029 228 4091 alii
262 4033 539 4101 hibernis
597 4040 858 4102 nivibus
895 4041 1196 4117 impetiti,
1231 4044 1641 4122 quadraginta
1676 4044 1839 4118 dies,
1868 4042 2261 4122 totidemque
2298 4049 2544 4112 noctes,
2579 4038 2750 4100 velut
2779 4037 3037 4098 arbores
3070 4037 3357 4112 quendam

151 4148 423 4214 perstant,
466 4143 662 4206 corde
697 4162 922 4223 nempe
964 4164 997 4207 θ
1032 4154 1191 4208 terra
1239 4148 1607 4224 migrantes,
1638 4148 1973 4225 Deumque
2034 4148 2242 4207 solum
2287 4145 2350 4205 in
2386 4148 2593 4206 mente
2640 4142 3014 4202 trahentes...
3050 4138 3214 4211 Quid
3245 4138 3361 4198 de-

153 4234 305 4311 nique
348 4256 455 4301 eos
502 4255 1028 4318 commemorem,
1092 4246 1202 4325 qui
1252 4246 1476 4306 oculos
1520 4245 1850 4321 claudunt,
1902 4252 1964 4306 et
2014 4262 2200 4306 aures
2236 4244 2402 4306 velut
2437 4242 2699 4320 pessulo
2762 4240 3035 4319 quodam
3085 4239 3356 4310 obdunt,

150 4346 209 4392 ne
232 4337 471 4402 aculeus
505 4341 831 4419 quispiam
873 4346 1093 4406 mortis
1150 4346 1373 4409 furtim
1414 4347 1705 4425 irrepat?
1747 4348 1824 4407 At
1885 4346 2013 4407 haec
2046 4347 2505 4408 medicamenta
2573 4344 2745 4405 carni
2804 4343 2968 4403 hosti
3012 4359 3152 4403 meo
3207 4356 3358 4419 pro-

151 4434 285 4509 pino.
321 4462 349 4496 ι
390 4442 547 4505 Ηωο
579 4443 954 4522 Gregorius,
988 4449 1099 4528 qui
1152 4455 1279 4513 haec
1310 4452 1516 4531 etiarn
1547 4452 1698 4513 alibi
1756 4452 1963 4514 fusius
2003 4451 2086 4533 (d)
2122 4471 2137 4509 :
2180 4473 2208 4507 α
2246 4451 2510 4511 Carnem
2550 4466 2754 4511 meam
2806 4448 3005 4509 aetatis
3066 4447 3219 4507 ﬂore
3272 4444 3360 4505 la-

150 4539 474 4605 scivientem
509 4550 577 4607 et
604 4553 976 4611 aestuantem
1017 4553 1237 4613 multis
1296 4571 1365 4616 ac
1399 4553 1641 4615 crebris
1671 4553 2002 4615 laboribus
2047 4552 2281 4624 altrivi,
2305 4549 2544 4611 ventris
2570 4549 2919 4611 satietatem
2956 4547 3357 4624 vicinamque

151 4645 343 4708 rabiem
374 4649 640 4722 sustuli,
682 4650 904 4713 oculos
938 4658 1369 4734 temperantiae
1399 4657 1765 4734 adjumento
1836 4656 2160 4735 palpebris
2218 4654 2417 4723 inﬁxi,
2450 4653 2603 4714 iram
2638 4652 2885 4727 abrupi,
2920 4650 3198 4710 membra
3248 4648 3357 4708 de-

150 4746 309 4825 *ίηιὶι
346 4755 546 4815 risum
584 4752 945 4831 deploravi;
995 4758 1209 4821 omnia
1243 4760 1496 4824 Christo
1547 4766 1906 4835 cesserunt,
1966 4760 2175 4837 priora
2216 4756 2435 4819 omnia
2465 4754 2911 4817 conciderunt.
2972 4752 3161 4812 Terra
3198 4748 3355 4810 mihi

150 4846 312 4916 lectus
337 4856 480 4930 fuit,
527 4856 879 4937 asperrima
932 4861 1130 4922 vestis
1189 4862 1471 4924 membra
1527 4862 1855 4938 contexit;
1900 4860 2240 4942 pervigilia
2300 4858 2489 4919 etiam
2521 4864 2585 4918 et
2645 4859 3067 4934 lacrymarum
3116 4852 3355 4913 imbres

151 4954 411 5024 adhibui:
447 4961 739 5025 interdiu
775 4960 974 5022 labori
1011 4961 1317 5024 humeros
1344 4962 1650 5042 subjunxi
1698 4985 1717 5023 :
1761 4962 2021 5042 hymnis
2066 4965 2194 5021 tota
2245 4963 2432 5019 nocte
2493 4954 2907 5017 concinendis
2961 4969 3194 5030 corpus
3248 4952 3353 5011 in-

152 5064 249 5118 star
270 5068 481 5126 statua)
512 5064 751 5137 deﬁxi;
806 5064 1046 5126 nullam
1081 5065 1346 5127 omnino
1403 5064 1747 5128 humanam
1786 5064 2183 5130 voluntatem
2222 5078 2340 5123 nec
2375 5060 2441 5121 in
2478 5058 2760 5119 animum
2796 5054 3054 5133 quidem
3091 5058 3152 5113 et
3181 5050 3357 5127 cogi-

152 5164 406 5230 tationem
444 5170 819 5232 admittens.
854 5170 1062 5245 Atque
1094 5164 1214 5228 hoc
1244 5166 1517 5244 quodam
1551 5165 1707 5228 mihi
1747 5166 1893 5227 vitm
1940 5165 2305 5227 institutum
2339 5168 2496 5222 erat.
2531 5182 2559 5216 io
2808 5240 2819 5249 Χ

210 5263 292 5327 Sic
318 5273 585 5334 mediam
624 5271 791 5332 viam
822 5267 970 5330 iniit
1001 5266 1344 5343 Gregorius
1396 5266 1563 5328 inter
1612 5265 2018 5328 eremitarum
2073 5269 2131 5324 et
2185 5260 2510 5340 migadum
2553 5258 2809 5321 vivendi
2868 5258 3198 5347 rationem,
3232 5271 3357 5318 coe-

153 5365 454 5435 nobiticam
488 5374 830 5453 amplexus
870 5392 947 5437 ex
980 5381 1251 5454 utraque
1283 5378 1694 5453 temperatam
1729 5389 1763 5434 a
1812 5370 2074 5434 Basilio.
2120 5370 2182 5430 ls
2234 5366 2480 5447 primus
2538 5363 2825 5425 omnium
2885 5358 3233 5424 rmnobitas
3289 5358 3352 5417 in

152 5463 368 5541 Oriente
398 5476 706 5553 instituit,
742 5478 1047 5561 legesque
1082 5478 1389 5554 condidit,
1435 5494 1595 5559 quas
1647 5476 1835 5539 etiam
1877 5470 2171 5551 exemplo
2229 5470 2447 5534 docuit
2498 5484 2623 5530 una
2670 5480 2815 5527 cum
2864 5458 3205 5539 Gregorio,
3243 5455 3360 5540 esi

205 5701 267 5851 ἶσ)
293 5708 376 5779 Ep.
411 5713 480 5771 al.
509 5714 561 5768 8.
1862 5709 1931 5775 (c)
1964 5708 2141 5762 Carm.
2170 5705 2237 5757 al.

226 5777 269 5844 δ)
293 5780 463 5847 Carm.
492 5786 559 5839 al.
595 5784 685 5839 47.
1856 5781 1931 5851 (ά)
1964 5777 2141 5850 Carm.
2175 5776 2241 5833 at.
2274 5776 2325 5829 bl

226 5777 269 5844 ὁ)
293 5775 463 5847 Germ.
492 5786 559 5839 al.
595 5784 685 5839 47.

1856 5781 1931 5851 (d)
1964 5777 2141 5850 Carm.
2175 5776 2241 5833 al.
2274 5775 2357 5829 5t.
