3918 6540
521 416 591 477 63
1509 415 1879 473 PRAZFATIO
1916 408 2322 471 cenemus.
2360 436 2427 446 -
2466 403 2643 458 rans
2675 400 2738 456 ιι.
3678 380 3753 434 Μ

520 541 760 604 Basilio
804 542 864 601 in
900 540 1245 603 condendis
1281 541 1742 602 emnohitarum
1793 539 2028 616 regulis
2060 544 2250 613 atque
2285 531 2469 593 etiam
2531 518 2860 584 servandis
2910 512 3121 575 socius
3168 508 3311 578 fuit,
3369 509 3437 565 ut
3480 505 3750 562 constat.

517 644 742 721 itaque
775 651 963 703 ambo
992 641 1138 719 jure
1175 659 1244 703 ac
1282 645 1506 707 merito
1568 601 2027 706 cmnobitarum
2080 601 2453 714 patriarchae
2499 621 2774 688 habendi
2834 622 3003 688 sunt,
3038 612 3151 693 qui
3211 612 3382 686 leges
3423 601 3755 667 monachis

518 743 890 810 condidere.
961 741 1337 804 monasteria
1395 732 1794 818 exstruxere;
1825 745 1887 800 et
1937 735 2126 796 vitam
2193 727 2482 793 monachi
2516 735 2883 793 exercuere,
2926 722 2997 777 ut
3047 711 3427 775 Benedictus
3465 706 3529 766 in
3559 703 3754 765 Occi-

520 849 735 905 dente.
2940 882 2949 885 γ

614 949 847 1009 Praeter
890 948 1161 1026 privatas
1194 950 1509 1027 cujusque
1545 947 2061 1018 exercitationes,
2095 960 2253 1024 quas
2288 959 2366 1003 ex
2396 937 2623 999 Ruﬁno
2659 933 2738 1011 (a)
2770 926 3070 991 describit
3096 920 3403 984 Baronius
3434 917 3540 996 (ὁ),
3575 917 3758 975 erant

524 1048 889 1111 communia
928 1050 1186 1137 utrique
1222 1040 1568 1121 exercitia;
1617 1068 1649 1110 a
1701 1050 1939 1125 quibus
1990 1063 2136 1108 cum
2173 1039 2516 1119 aliquando
2552 1037 2900 1096 abstractus
2935 1026 3162 1087 fuisset
3206 1019 3570 1095 Gregorius,
3620 1015 3756 1074 haec

2652 1135 2685 1137 α
2973 1125 3045 1137 η..
3100 1126 3136 1137 Α.
3411 1119 3460 1137 ,ί
3566 1114 3753 1137 Αμη,

1080 1114 1102 1137 ι
1556 1114 1566 1121 .
1725 1114 1735 1125 .
2281 1114 2296 1119 -

524 1150 959 1228 ingemiscens
1012 1151 1315 1229 scripsit:
1357 1176 1383 1207 «
1414 1151 1577 1224 Quis
1629 1149 1780 1211 mihi
1823 1150 1996 1211 dabit
2041 1152 2107 1209 ut
2163 1144 2576 1223 pristinorum
2629 1135 2876 1196 dierum
2931 1125 3357 1192 aﬂlictionem,
3405 1119 3469 1179 in
3515 1114 3754 1194 quibus

532 1262 737 1314 tecum
770 1254 1235 1332 jucundissime
1272 1256 1426 1325 vixi,
1463 1255 1562 1315 vel
1596 1272 1877 1316 mensem
1914 1270 2113 1314 unum
2145 1249 2313 1310 ferre
2356 1245 2586 1306 liceat?
2617 1237 2919 1319 quoniam
2956 1248 3054 1293 res
3088 1229 3323 1296 tristes,
3356 1236 3496 1299 qua:
3525 1219 3757 1295 sponte

525 1354 844 1425 teruntur,
886 1356 1121 1414 coactis
1154 1356 1400 1419 deliciis
1433 1359 1725 1438 potiores
1764 1358 2100 1419 habentur.
2144 1347 2304 1427 Quis
2354 1349 2528 1411 dabit
2560 1344 2714 1407 mihi
2750 1336 3134 1421 psalmodias
3169 1332 3331 1400 illas,
3376 1333 3436 1387 et
3480 1321 3754 1400 vigilias,

531 1459 591 1514 et
623 1454 696 1514 ad
733 1455 1115 1530 precandum
1155 1474 1477 1530 recessus,
1530 1457 1861 1538 vitamque
1909 1457 2083 1517 illam
2138 1452 2320 1531 quasi
2364 1446 2760 1529 spiritualem
2796 1448 2854 1502 et
2898 1431 3381 1513 incorpoream?
3422 1425 3579 1499 Quis
3626 1420 3756 1482 fra-

524 1561 719 1627 ῑτυιην
779 1558 953 1634 quia
1001 1566 1058 1617 te
1112 1558 1175 1618 in
1212 1559 1445 1636 pietate
1498 1523 1927 1619 instituuntur
1958 1565 2020 1617 et
2069 1523 2464 1617 innsuhlime
2515 1547 2870 1624 eriguntur,
2942 1534 3418 1600 unanimitatem
3478 1523 3650 1586 dabit
3692 1525 3757 1582 et

529 1658 977 1720 concordiam?
1030 1661 1187 1731 Quis
1229 1664 1479 1723 virtutis
1535 1671 1852 1724 certamen
1911 1668 1970 1721 et
2029 1674 2319 1728 acumen,
2374 1653 2545 1735 quod
2601 1645 2980 1729 praescriptis
3028 1636 3232 1701 modis
3288 1640 3347 1695 et
3402 1626 3756 1720 canonibus

530 1758 1068 1821 stabiliebamus?
1097 1761 1257 1833 Quis
1293 1764 1659 1825 divinorum
1698 1762 2097 1826 oraculorum
2148 1756 2553 1825 exercitium,
2601 1752 2795 1830 inque
2828 1747 2955 1809 illis
2991 1757 3133 1806 cum
3166 1736 3425 1816 spiritus
3460 1727 3754 1792 modera-

531 1858 708 1920 mine
760 1859 1079 1923 inventam
1135 1862 1388 1925 lucem?
1430 1873 1562 1938 aut,
1615 1871 1683 1925 ut
1717 1864 1961 1925 minora
1998 1878 2064 1923 ac
2108 1856 2345 1921 leviora
2389 1855 2617 1923 dicam,
2655 1850 2800 1930 quis
2843 1846 3017 1911 dabit
3069 1843 3465 1925 quotidianas
3517 1837 3657 1897 illas
3699 1841 3761 1895 et

532 1966 898 2028 manuarias
950 1971 1220 2045 Operas?
1273 1969 1432 2042 Quis
1485 1970 1800 2047 lignorum
1852 1966 2326 2033 ﬁndendorum,
2381 1956 3008 2037 comportandorum,
3058 1967 3129 2011 ac
3173 1939 3754 2019 componendorum

534 2066 820 2131 laborem
858 2078 920 2131 et
951 2070 1374 2149 lapidicinas?
1405 2074 1564 2146 Quis
1596 2072 1989 2135 consitiones
2022 2078 2079 2132 et
2113 2068 2523 2145 irrigationes
2557 2060 2956 2140 plantarum?
3013 2052 3170 2128 Quis
3216 2051 3537 2129 platanum
3582 2042 3757 2103 illam

532 2187 818 2243 auream,
846 2169 1076 2230 Xercis
1116 2170 1367 2245 platano
1402 2171 1933 2250 praestantiorem,
1970 2168 2034 2229 in
2065 2183 2188 2247 qua
2224 2182 2349 2225 non
2388 2179 2497 2223 rex
2530 2139 2741 2221 mollis
2777 2167 2836 2217 et
2869 2162 3233 2227 enervatus,
3267 2148 3379 2211 sed
3412 2139 3762 2207 monachus

536 2271 804 2333 amictus
843 2278 902 2332 et
934 2244 1341 2332 debilitatus?
1373 2244 1562 2349 quam
1606 2287 1722 2347 ego
1781 2244 2345 2347 plantavipApollo
2396 2262 2643 2340 rigavit,
2692 2258 2811 2319 hoc
2846 2264 2940 2318 est
2981 2250 3353 2317 excellentia
3403 2253 3533 2315 tua;
3584 2244 3760 2305 Deus

529 2379 740 2433 autem
774 2372 835 2432 in
876 2370 1185 2431 honorem
1223 2373 1421 2432 nostri
1461 2370 1775 2448 provexit.
1808 2392 1835 2425 ι)

610 2472 753 2545 Quo
788 2480 1074 2550 tempore
1106 2474 1455 2549 Gregorius
1490 2473 1552 2533 in
1588 2466 1940 2535 solitudine
1975 2470 2366 2541 versabatur,
2399 2473 2459 2529 et
2494 2461 2789 2526 monachi
2826 2460 3018 2519 vitam
3054 2470 3195 2515 cum
3229 2448 3467 2511 Basillo
3509 2459 3762 2508 exerce-

530 2574 664 2645 bat,
718 2575 955 2634 crebris
1011 2590 1276 2635 suorum
1335 2573 1561 2635 litteris
1602 2592 1745 2635 cum
1793 2573 2062 2635 Basilius
2117 2571 2466 2632 Caesaream
2521 2568 2949 2629 revocaretur,
3014 2549 3444 2634 respondit(c)
3481 2566 3496 2607 :
3532 2547 3762 2607 «Nunc

532 2674 840 2752 quoniam
895 2692 1003 2749 per
1053 2673 1315 2750 gratiam
1369 2676 1484 2736 Dei
1538 2676 1665 2736 voti
1708 2674 1903 2734 nostri
1938 2688 2050 2749 pro
2086 2669 2329 2730 viribus
2381 2664 2705 2742 cempotes
2742 2657 2885 2720 facti
2935 2668 3183 2723 sumus,
3214 2663 3525 2727 organum
3556 2644 3761 2706 bene-

535 2740 783 2838 dictum
821 2740 1220 2855 puteumque
1254 2772 1640 2853 profundum
1678 2740 2357 2849 adepti.-Gregorium,
2396 2779 2467 2825 os
2500 2740 2654 2821 illud
2695 2757 2836 2818 dico
2874 2749 3152 2823 Christi;
3184 2761 3519 2826 parumper
3550 2740 3763 2805 nobis:

537 2881 1209 2960 obsecro,‘parumper
1240 2881 1406 2941 hanc
1438 2875 1754 2938 morulam
1788 2874 2144 2951 indulgete,
2179 2885 2371 2950 quam
2413 2882 2539 2927 non
2578 2864 2653 2926 ad
2688 2861 2809 2922 hoc
2844 2856 3143 2938 petimus,
3176 2861 3243 2916 ut
3271 2850 3524 2913 urbium
3562 2851 3765 2907 secte-

537 3003 679 3045 mur
712 2983 1001 3059 delicias,
1042 2983 1152 3045 sed
1194 2992 1259 3046 ut
1295 2968 1591 3046 fruamur
1611 2989 1974 3044 sanctorum
2009 2975 2329 3039 convictu.
2362 2995 2391 3029 ι»
2430 2968 2806 3045 Gregorium
2841 2977 3098 3041 quoque
3131 2959 3331 3037 pietas
3370 2969 3512 3031 erga
3537 2963 3765 3034 paren-

535 3099 629 3152 tes
663 3090 1079 3151 solitudinem
1113 3088 1476 3168 relinquere
1506 3097 1565 3151 et
1595 3087 1979 3149 Nazianzum
2015 3081 2248 3145 reverti
2283 3074 2630 3155 compulit;
2676 3086 2792 3131 nec
2829 3073 3033 3128 tamen
3064 3060 3307 3122 interea
3347 3053 3518 3136 quod
3561 3064 3759 3110 vove-

535 3197 652 3261 rat,
691 3190 753 3251 id
800 3196 919 3262 est,
957 3189 1246 3251 monachi
1279 3149 1586 3260 vitam,in
1624 3191 1878 3263 paterna
1905 3182 2095 3242 domo
2128 3194 2313 3255 agere
2348 3149 2619 3236 cessavit
2654 3190 2670 3229 :
2706 3192 2734 3225 α
2763 3165 2939 3227 Adeo
2976 3169 3067 3235 ut,
3096 3157 3306 3237 inquit
3340 3156 3450 3235 (ά),
3488 3149 3766 3228 philoso-

536 3289 754 3369 phiam
792 3305 1050 3369 quoque
1076 3289 1301 3365 ipsam,
1340 3303 1466 3365 qua
1503 3301 1618 3346 nec
1651 3281 1972 3361 possessio
2007 3278 2157 3352 ulla,
2194 3293 2308 3337 nec
2345 3289 2577 3336 nomen
2614 3268 2814 3332 ullum
2846 3263 2999 3327 mihi
3035 3258 3285 3324 cbarius
3314 3264 3433 3326 est,
3488 3258 3766 3315 contem-

540 3395 814 3471 pserim;
855 3391 976 3465 vel,
1012 3397 1076 3453 ut
1112 3390 1322 3451 verius
1349 3384 1739 3466 loquar,hoc
1761 3382 2032 3457 primum
2057 3377 2433 3448 studuerim,
2464 3380 2528 3434 ut
2568 3389 2643 3434 ne
2683 3362 3191 3449 philosophantis
3221 3358 3498 3439 speciem
3533 3352 3767 3434 prmbe-

536 3511 744 3557 rem.»
800 3492 980 3567 Quod
1019 3499 1354 3552 externum
1409 3493 1503 3548 est
1546 3485 1611 3547 in
1666 3485 1787 3545 vita
1824 3478 2141 3551 monachi,
2190 3476 2314 3550 vel,
2373 3480 2439 3536 ut
2486 3471 2695 3550 ipsius
2732 3467 2939 3529 verbis
2972 3471 3136 3533 utar,
3194 3481 3223 3516 α
3253 3454 3764 3536 phil030phantis

538 3599 844 3675 speciem,
876 3621 903 3655 ιι
935 3611 1151 3657 amore
1194 3597 1529 3670 parentum
1565 3584 1879 3664 despexit,
1913 3582 1987 3646 ὼς
2014 3600 2085 3636 κα

2219 3578 2457 3649 κοσοφίας
2481 3574 2750 3646 ὑπεριδεῖν
2780 3569 2948 3637 αὐτῆς
2972 3584 2988 3600 ’
3022 3565 3129 3627 sed
3164 3564 3335 3624 intus
3368 3577 3512 3623 vere
3546 3575 3766 3621 mona-

538 3705 643 3767 ohi
677 3703 869 3764 vitam
909 3698 1131 3777 agebat
1168 3719 1183 3756 :
1220 3704 1288 3757 ut
1340 3694 1509 3756 enim
1542 3692 1630 3754 ait
1658 3691 1797 3769 ipse
1828 3687 2174 3766 Gregorius
2205 3684 2277 3764 (ε)
2315 3704 2331 3743 :
2373 3682 2666 3743 «Morum
2702 3684 2818 3747 est,
2876 3687 3001 3733 non
3037 3683 3395 3747 corporum,
3454 3663 3576 3725 vita
3627 3678 3765 3724 mo-

540 3804 781 3869 nastica
817 3825 831 3863 :
870 3825 899 3858 ι

1167 3916 1397 3989 Τρὸπων
1427 3927 1536 3986 γαρ
1569 3907 1708 3967 εἶναι
1739 3911 1837 3983 τὴν
1870 3910 2057 3981 μονὴν,
2080 3910 2142 3963 οὐ
2185 3906 2471 3977 σωμάτων.

622 4034 977 4095 Observare
1006 4030 1178 4109 juvat
1225 4026 1603 4104 Gregorium
1656 4042 1687 4086 a
1740 4022 2085 4084 solitudine
2132 4017 2469 4080 abductum
2516 4010 2586 4092 tn
2623 4014 2791 4072 metu
2829 4025 2906 4070 ne
2948 4003 3500 4068 «benedictionem
3549 4004 3768 4076 pater-

543 4160 687 4207 nam
717 4141 1063 4202 amitteret:
1094 4160 1121 4194 ια
1140 4136 1238 4189 οὐκ
1254 4134 1475 4205 ήνεγκα.
1501 4168 1515 4181 .
1538 4168 1551 4181 .
1573 4164 1589 4179 .
1622 4123 1984 4193 καταλυθῆναι
2007 4121 2090 4191 “rip

2217 4116 2411 4185 toytaw
2446 4130 2574 4193 quo
2604 4119 2821 4189 postea
2847 4115 3015 4171 metu
3041 4104 3339 4182 'depulso,
3363 4117 3589 4177 nempe
3620 4108 3764 4179 post

540 4249 905 4313 sanctorum
936 4244 1199 4305 mortem
1237 4239 1568 4310 parentum
1622 4234 1681 4289 et
1720 4225 2068 4287 abdicatam
2117 4217 2332 4279 sedem
2367 4207 3158 4285 Constantinopolitanam,
3192 4216 3377 4271 totam
3412 4230 3439 4263 α
3466 4204 3763 4284 philoso-

545 4345 786 4423 phiam,
816 4357 937 4419 qua
977 4354 1091 4399 nec
1130 4333 1449 4415 possessio
1483 4332 1604 4395 ulla
1635 4376 1651 4405 ,
1682 4346 1799 4391 nec
1832 4341 2060 4388 nomen
2097 4322 2295 4383 ullum
2333 4318 2454 4396 ipsi
2488 4316 2740 4378 cbarius
2773 4320 2926 4390 erat,
2948 4337 2981 4371 ν
3013 4314 3073 4375 id
3108 4321 3224 4384 est,
3264 4314 3462 4392 ipsam
3490 4333 3520 4367 α
3549 4310 3764 4390 philo-

543 4447 876 4525 sophantis
908 4445 1183 4523 speciem
1216 4466 1244 4499 ιο
1296 4450 1356 4503 et
1387 4455 1624 4502 nomen
1679 4434 2008 4513 amplexus
2057 4435 2184 4501 est;
2237 4432 2299 4488 et
2335 4432 2454 4523 tam
2490 4422 2769 4486 exterius
2806 4439 2992 4503 quam
3040 4419 3336 4491 interius,
3377 4442 3404 4473 α
3429 4417 3581 4491 ruri,
3612 4440 3639 4473 υ
3696 4424 3765 4477 ιιι

541 4554 764 4616 scribit
793 4552 1254 4626 Hieronymus,
1301 4547 1543 4635 {vitam
1586 4537 1876 4603 monachi
1907 4534 2214 4597 exercuit.
2244 4553 2274 4588 »
2356 4506 2381 4523 ⁸

627 4659 997 4736 Priusquam
1031 4657 1178 4717 hinc
1225 4653 1649 4722 discedamus,
1700 4654 1757 4707 et
1794 4642 2077 4720 Gregorii
2117 4640 2348 4707 locum.
2406 4638 2513 4716 qui
2554 4636 2848 4714 objicitur
2893 4652 2972 4695 ex
3014 4632 3291 4696 carmine
3352 4628 3591 4706 primo,
3658 4644 3767 4687 re-

546 4764 939 4840 linquamus;
1004 4774 1189 4820 voces
1237 4754 1520 4835 qumdam
1584 4743 1989 4823 explanandaa
2057 4745 2246 4812 sunt,
2298 4746 2364 4800 ut
2429 4734 2968 4812 vitilitigatoribus
3029 4733 3413 4792 occurratur.
3498 4722 3763 4793 Ἀζύγων,

544 4870 768 4941 ἄζυγος,
797 4887 825 4921 α
858 4865 1202 4941 injugatns,
1237 4858 1526 4925 caelebs,»
1563 4852 1751 4928 vulgo
1786 4846 2069 4908 redditur
2102 4865 2116 4903 :
2149 4860 2365 4905 verum
2394 4853 2557 4921 apud
2584 4839 2989 4917 Gregorium,
3022 4834 3132 4916 qui
3164 4834 3324 4895 hanc
3357 4847 3572 4891 vocem
3617 4828 3769 4890 huic

548 4970 683 5031 voci
718 4931 956 5039 iit-{d6me
987 4931 1276 5045 opponit,
1323 4959 1516 5037 accipi
1571 4958 1757 5018 debet
1799 4953 1876 5012 de
1909 4949 2211 5020 eremita,
2269 4947 2685 5019 anachoreta,
2749 4942 2844 5005 vel
2896 4940 3186 5020 quolibet
3239 4933 3573 5004 monacho,
3647 4931 3764 5009 qui

545 5070 808 5131 omnino
861 5069 1035 5129 solus
1066 5072 1186 5137 est,
1228 5080 1345 5123 nec
1378 5060 1576 5120 ullum
1632 5053 1814 5114 habet
1853 5048 2125 5110 socium.
2174 5045 2322 5107 ideo
2373 5045 2774 5107 Bollandistte
2822 5043 3318 5117 interpretantur
3368 5029 3707 5093 Solitarios
3747 5052 3769 5092 :

540 5167 1011 5231 Leuvenklaius
1056 5166 1129 5226 ad
1173 5135 1378 5235 marg.
1425 5173 1518 5225 γρ.
1552 5152 1645 5206 καὶ
1679 5146 1982 5221 ὲρημικῶν.
2031 5147 2079 5205 Λ

2221 5142 2661 5222 'interpretari
2691 5156 2906 5203 vocem
2949 5138 3106 5201 hanc
3153 5154 3278 5197 non
3335 5135 3579 5205 sinunt,
3622 5149 3768 5212 quas

544 5270 913 5345 pramedunt
960 5274 1020 5328 et
1062 5281 1203 5343 quas
1242 5266 1601 5340 sequuntur
1646 5256 1711 5315 in
1758 5252 2088 5329 Gregorio.
2145 5253 2402 5319 Vereor,
2456 5267 2535 5311 ne
2591 5249 2813 5308 doctus
2852 5243 3231 5306 Sirmundus
3282 5242 3343 5302 in
3372 5240 3508 5299 Vita
3559 5238 3764 5298 sancti

538 5373 860 5435 Theodori
895 5338 1179 5439 Studitae,
1217 5338 1393 5425 num.
1427 5366 1487 5433 5,
1522 5380 1581 5439 p.
1613 5362 1674 5432 7,
1710 5360 1919 5420 minus
1951 5364 2085 5419 recti

2225 5356 2396 5416 rterit
2432 5356 2560 5416 hinc
2581 5353 2767 5414 verba
2804 5374 2819 5413 :
2859 5350 2963 5404 Τοῦ
2986 5342 3298 5403 κοινωνικοῦ
3331 5341 3445 5414 βίου
3479 5340 3568 5393 τὸν
3586 5338 3770 5407 ἄζυγᾶ

538 5476 1006 5547 προτιμήσαντας,
1038 5495 1065 5526 α
1092 5470 1372 5531 caelibem
1415 5470 1607 5525 vitam
1640 5463 1933 5540 coniugio
1959 5470 2085 5523 ante

2221 5469 2413 5523 lentes
2448 5481 2462 5518 :
2499 5484 2525 5516 υ
2559 5458 2884 5522 Κοινωνικὸς
2920 5457 3031 5530 βίος
3060 5468 3329 5531 namque
3359 5449 3424 5511 in
3458 5445 3768 5525 Gregorio

530 5584 693 5637 'orat.
727 5578 826 5647 21,
863 5592 899 5635 n
939 5574 1035 5645 19,
1068 5570 1146 5630 de
1187 5568 1309 5626 vita
1343 5563 1713 5628 cmnobitica
1744 5570 1892 5623 sunt
1925 5561 2308 5640 accipienda.

610 5719 684 5787 (η)
719 5707 1209 5787 [ιαπιίδΑι-,εηξλ
1253 5774 1357 5787 ω
1397 5776 1428 5787 η
1567 5776 1668 5787 m
1726 5773 1761 5787 ν
1796 5674 1815 5783 ’π
1949 5773 1960 5787 _
2013 5774 2042 5787 Α

1207 5749 1428 5787 .-
1949 5773 2042 5787 ,λ
2276 5699 2754 5787 (aer-ama.

612 5770 685 5855 ξὸ)
725 5786 868 5845 Itan,
904 5782 1039 5855 apud
1069 5776 1284 5855 {igitr}?
1310 5774 1530 5855 Maii_.n[,t.
1567 5776 1690 5832 588.
1725 5773 1890 5844 Epist.
1915 5773 1981 5831 al.
2012 5774 2063 5829 9.
2372 5773 2563 5855 Sarni.
2594 5770 2782 5855 Darei”:
2809 5785 2926 5824 sua.

615 5840 683 5927 ξοδ
720 5840 869 5923 Apud
906 5840 1060 5917 Βύιι..
1095 5849 1127 5904 9
1151 5847 1293 5915 Maii,
1330 5864 1377 5916 p.
1414 5846 1531 5902 588.
1768 5840 1785 5844 '
2277 5848 2345 5915 υ)
2369 5843 2461 5901 Or.
2490 5842 2544 5907 ρ,
2577 5857 2627 5911 ιι.
2662 5840 2747 5894 59.
