3926 6410
158 375 212 431 65
1096 367 1459 425 PREFATIO
1498 365 1903 424 GENERALIS.
1945 398 2015 409 —
2051 368 2229 425 PARS
2268 370 2331 424 ll.
3280 379 3351 437 56

216 482 477 552 Μιγάδων,
543 481 662 544 alia
730 498 852 545 vox
912 482 1287 559 exponenda
1371 487 1510 552 est,
1574 480 1627 542 si
1684 482 1945 560 quidem
2027 483 2198 567 viros
2266 482 2486 544 doctos
2546 484 2613 545 in
2696 503 2975 550 errorem
3064 491 3342 570 impulit.

155 587 359 658 Μιτάδες
382 585 608 663 accipit
645 586 989 663 Gregorius
1022 602 1132 661 pro
1170 574 1542 656 cmnobitis;
1589 600 1718 663 quo
1756 602 1947 646 sensu
1986 602 2106 647 vox
2141 586 2245 647 illa
2283 604 2314 647 a
2353 586 2650 665 pluribus
2686 591 3016 667 accipitur,
3072 594 3136 653 in
3178 613 3347 672 quo-

160 710 268 755 rum
296 708 562 751 numero
587 697 743 750 sunt
779 699 1033 753 sanctus
1064 690 1580 765 Chrysostomus,
1614 691 1783 751 hom.
1820 692 1885 751 in
1915 690 2108 770 falsos
2137 692 2509 768 prophetas;
2535 690 3045 769 Theophylactus
3076 694 3140 753 in
3174 695 3351 754 Mar-

155 813 262 857 cum
288 808 338 851 (τ,
374 810 457 854 ιν,
533 791 713 845 Ἀλλοι
747 791 844 861 μέν
880 792 984 843 εἱσι
1024 787 1277 860 παρθένοι
1320 788 1413 842 καὶ
1447 788 1720 860 ὲρημικοί·
1748 787 1895 843 ἄλλοι
1934 789 2155 859 μιγάδες
2184 790 2275 842 καὶ
2309 791 2365 844 ἐν
2398 788 2665 857 κοινοϐίῳ·
2714 789 2890 860 ἕτεροι
2929 788 3107 843 λαῐκοὶ
3152 793 3243 845 καὶ
3290 793 3347 845 ἐν

153 894 316 965 γάμῳ·
374 894 433 953 i=t
463 903 579 968 est,
633 916 663 951 α
695 894 816 959 Alii
849 892 1108 973 quidem
1139 893 1420 970 virgines
1450 900 1601 954 sunt
1626 899 1686 954 et
1724 893 1991 953 solitarii
2030 891 2177 952 :alii
2222 894 2392 955 misti
2428 903 2489 955 et
2520 895 2584 954 in
2627 893 2952 963 coenobio;
2991 910 3210 953 rursus
3238 894 3345 954 al.i

152 996 264 1062 laici
307 1002 367 1055 et
418 999 481 1054 in
532 995 830 1073 conjugio
874 995 1183 1057 viventes.
1214 1018 1241 1053 ω
1301 996 1541 1056 Verum
1581 1012 1614 1056 a
1648 995 1826 1057 nullo
1865 995 1987 1055 alio
2028 995 2262 1055 certius
2320 1013 2389 1055 ac
2428 996 2658 1057 melius
2706 995 2949 1056 discere
3004 1010 3347 1070 possvimus

155 1113 311 1177 quam
347 1094 423 1156 ab
454 1093 593 1169 ipso
625 1092 930 1168 Gregorio
972 1093 1128 1173 quid
1160 1092 1520 1169 signiﬁcare
1555 1091 1837 1153 voluerit
1872 1108 2021 1153 voce
2057 1090 2318 1160 μιγάδων.
2356 1093 2634 1152 Primum
2669 1092 2929 1171 quidem
2964 1091 3028 1150 in
3061 1093 3348 1153 oratione

149 1194 399 1261 secunda
439 1210 507 1254 n.
546 1194 650 1262 29.
682 1192 1054 1269 conjugatos
1084 1207 1115 1251 a
1168 1190 1652 1251 continentibus
1684 1190 1980 1263 secernit,
2021 1192 2272 1269 hosque
2323 1191 2487 1251 inter
2525 1190 2818 1250 eremitas
2857 1190 3191 1272 cmnobit‘is
3241 1196 3347 1250 aut

154 1296 329 1363 mistis
368 1296 634 1376 opponit
668 1319 683 1357 :
719 1296 1121 1370 «Quantum,
1171 1296 1422 1375 inquit,
1463 1296 1863 1357 intervallum
1902 1296 2068 1357 inter
2098 1297 2471 1375 conjugatos
2520 1302 2580 1355 et
2634 1292 2986 1353 caelibes...
3036 1296 3346 1366 quantum

148 1419 207 1463 ex
235 1399 326 1460 his
359 1414 582 1458 rursus
614 1397 778 1458 inter
802 1396 1097 1457 eremitas
1130 1402 1188 1458 et
1220 1396 1593 1465 cmnobitas,
1632 1395 1739 1473 qui
1779 1395 2063 1471 permisti
2099 1396 2525 1457 communiter
2557 1395 2819 1472 degunt,
2846 1415 2872 1446 ιο
2907 1391 2970 1451 id
3003 1397 3118 1461 est,
3156 1388 3350 1465 miga-

148 1497 255 1559 des.
290 1495 362 1555 In
405 1494 692 1555 oratione
735 1513 848 1554 xx:
914 1494 1130 1554 eadem
1178 1495 1372 1554 utitur
1407 1492 1843 1563 distinctione,
1896 1493 2005 1554 sed
2060 1495 2322 1554 mutatis
2378 1493 2609 1567 verbis,
2664 1499 2729 1551 ut
2782 1488 2979 1565 magis
3028 1488 3350 1547 illucescat

148 1590 436 1671 appositio
465 1611 481 1650 :
540 1595 602 1647 Οἱ
623 1590 721 1660 τῆς
750 1593 980 1665 ἐρημίας
998 1637 1011 1649 .
1034 1633 1048 1648 .
1074 1633 1088 1647 .
1115 1634 1127 1647 .
1170 1595 1218 1647 οἱ
1245 1598 1343 1664 τῆς
1376 1592 1677 1666 ἐπιμιξίας.

1816 1592 2036 1653 eadem
2070 1594 2359 1655 oratione
2391 1592 2686 1655 eremitas
2719 1606 2826 1651 eos
2864 1605 3005 1648 esse
3037 1586 3145 1659 ait,
3181 1607 3209 1639 α
3237 1584 3346 1663 qui

150 1697 301 1755 vitam
340 1706 603 1769 prorsus
648 1686 1017 1758 solitariam,
1052 1692 1111 1747 et
1138 1687 1215 1747 ab
1256 1687 1588 1750 hominum
1625 1692 1924 1755 societate
1961 1700 2264 1754 remotam
2296 1698 2515 1768 agunt,
2546 1689 2648 1751 sui
2682 1688 2964 1767 ipsorum
3008 1691 3246 1743 tantum
3286 1691 3349 1743 et

148 1796 237 1857 Dei
284 1790 610 1870 colloquio
662 1787 1039 1864 fruentes;»
1106 1788 1342 1870 quibus
1395 1794 1660 1871 opponit
1704 1797 2056 1857 coenobitas
2093 1818 2106 1857 :
2144 1796 2307 1857 «alii
2361 1805 2570 1857 autem
2616 1791 2939 1855 charilatis
2988 1790 3190 1866 legem
3238 1802 3354 1862 per

148 1897 637 1962 communionem
684 1899 743 1954 et
773 1891 1137 1954 societatem
1179 1894 1487 1970 colentes,
1521 1898 1790 1959 solitarii
1843 1898 2042 1959 simul
2079 1908 2139 1959 et
2185 1898 2515 1962 cmnobitee
2547 1901 2715 1964 sunt,
2742 1917 2770 1950 ››
2813 1901 2960 1966 etc.;
2996 1888 3250 1961 ὲρημιικοί
3288 1906 3351 1944 τε

145 2002 253 2074 ὑμοῦ
294 2000 392 2054 καὶ
426 1998 668 2070 μιγάδες.
730 1994 963 2073 Ecquis
993 1994 1117 2070 jam
1145 1994 1287 2066 erit,
1321 1998 1431 2075 qui
1469 1996 1689 2057 ccenob

1799 2015 1815 2058 ς
1850 1997 2053 2060 fuisse
2090 1997 2331 2068 μιγάδες,
2371 2004 2429 2057 et
2468 1993 2841 2071 Gregorium
2871 1993 2980 2069 qui
3024 1993 3182 2051 inter
3214 2008 3349 2050 ere-

148 2105 299 2165 miles
329 2109 395 2163 et
430 2099 709 2177 migades
737 2093 1002 2156 mediam
1039 2093 1184 2153 iniit
1233 2094 1423 2167 viam,
1479 2095 1667 2156 vitam
1698 2097 2118 2158 monasticam
2174 2093 2541 2158 exercuisse
2582 2093 2950 2173 negaverit?
3003 2091 3134 2152 Nisi
3185 2090 3349 2150 forte

144 2206 230 2284 qui
263 2203 409 2264 velit
442 2200 785 2263 monachos
818 2212 944 2259 non
980 2196 1183 2258 fuisse
1256 2194 1549 2258 eremitas
1600 2202 1659 2256 et
1701 2195 2067 2269 cmnobitas,
2117 2213 2280 2276 quos
2336 2210 2480 2256 cum
2525 2192 2912 2254 Athanasius
2962 2190 3144 2253 exsul
3198 2207 3348 2268 per-

141 2314 356 2388 agraret
390 2307 758 2384 Egyptum,
792 2300 1212 2377 consociavit;
1247 2317 1363 2362 nec
1394 2299 1609 2361 Basilii
1642 2298 2021 2376 discipulos,
2073 2316 2261 2378 quos,
2293 2316 2367 2360 ex
2405 2296 2686 2361 eremitis
2720 2303 2778 2357 et
2810 2292 3163 2369 migadibus
3196 2305 3351 2368 prm-

139 2412 278 2474 clare
304 2406 479 2467 inter
514 2422 583 2467 se
611 2402 1055 2478 reconciliatis,
1091 2401 1532 2479 congregavit;
1578 2398 1814 2479 quibus
1856 2400 2043 2462 etiam
2094 2400 2265 2478 leges
2315 2397 2625 2469 condidit,
2669 2394 2973 2458 asceteria
3025 2402 3085 2455 et
3128 2407 3351 2453 mona-

142 2512 300 2576 steria
329 2508 670 2574 exstruxit.
1340 2496 1349 2509 ’

142 2650 300 2724 51V.
367 2664 701 2709 cumsuam
759 2662 1069 2708 ecccssm
1127 2660 1451 2703 EPISCOPUS
1498 2662 1831 2704 uaneanus
1886 2664 2322 2716 DICENDUSQUE
2380 2663 2476 2705 sur
2526 2661 2921 2715 euacuatos,
2981 2658 3090 2713 QUI
3144 2655 3350 2701 vuum

992 2740 1425 2783 NAZIANZENUS
1498 2741 1934 2797 APPELLATUR,
2000 2742 2481 2786 INVESTIGATUR.

197 2853 403 2913 Primo
453 2851 710 2930 quidem
773 2852 1154 2913 Sasimensis
1202 2852 1520 2923 Ecclesiae,
1555 2867 1696 2928 quae
1727 2868 1946 2914 recens
1983 2871 2014 2913 a
2050 2853 2285 2914 Basilio
2327 2853 2511 2913 sedes
2555 2862 2757 2912 erecta
2798 2855 2970 2920 erat,
3012 2846 3351 2925 episcOpus

138 2935 526 3012 consecratus
559 2949 685 3011 fuit
718 2950 1066 3028 Gregorius
1093 2952 1169 3011 ab
1204 2951 1346 3029 ipso
1392 2950 1624 3012 Basilio
1668 2957 1730 3011 et
1762 2959 1936 3030 patre
1968 2952 2278 3030 Gregorio
2312 2951 2865 3028 compellentibus.
2900 2950 3064 3011 Huic
3101 2949 3355 3009 ordina-

139 3051 293 3121 tioni,
323 3050 379 3116 si
420 3050 640 3111 minus
670 3049 978 3123 animum,
1019 3051 1238 3111 saltem
1289 3050 1600 3111 cervicem
1631 3050 1882 3114 inﬂexit
1916 3072 1931 3111 :
1968 3052 2075 3113 sed
2112 3070 2252 3115 cum
2285 3053 2358 3115 ad
2393 3053 2841 3132 capessendam
2875 3050 3091 3113 sedem
3134 3048 3352 3109 nullus

137 3159 346 3227 paterat
408 3152 647 3225 aditus,
699 3168 889 3229 quam
938 3152 1181 3214 scilicet
1223 3152 1572 3213 Antbimus
1619 3155 1875 3215 armatis
1928 3155 2243 3216 militibus
2293 3163 2664 3233 occupatam
2713 3155 3032 3223 tuebatur,
3091 3152 3353 3231 abjectis

137 3253 394 3326 Sasimis,
449 3253 515 3312 in
550 3252 964 3314 solitudinem
1012 3270 1081 3313 se
1114 3253 1421 3324 contulit;
1465 3270 1581 3314 nec
1630 3253 2058 3325 oblationem,
2105 3272 2221 3316 nec
2274 3255 2774 3326 ordinationem,
2826 3272 2942 3316 nec
3001 3255 3355 3332 quidquam

134 3370 329 3415 eorum
363 3371 517 3432 quae
550 3354 719 3432 apud
775 3353 1109 3431 episcopos
1172 3352 1234 3411 in
1281 3367 1457 3413 more
1506 3362 1565 3412 et
1601 3352 1896 3413 instituto
1930 3362 2106 3422 sunt,
2156 3353 2419 3415 Sasimis
2463 3355 2731 3433 peregit,
2766 3362 2835 3415 ut
2866 3355 3005 3432 ipse
3040 3361 3355 3425 testatur;

137 3455 229 3516 sed
258 3455 451 3517 simul
487 3462 681 3535 atque
710 3463 1116 3516 consecratus
1151 3458 1245 3512 est
1289 3451 1630 3530 episc0pus
1654 3497 1670 3524 ,
1713 3450 1925 3529 fugam
1957 3469 2149 3529 quam
2186 3453 2400 3515 animo
2431 3460 2828 3531 conceperat,
2862 3453 3153 3530 arripuit.

203 3554 437 3616 Deinde
464 3560 795 3616 revocatus
828 3570 861 3614 e
890 3551 1269 3623 solitudine,
1306 3551 1590 3628 regimen
1627 3550 1917 3611 Ecclesiae
1944 3550 2674 3628 Nazianzenae,jubente
2697 3551 2930 3612 iterum
2983 3560 3182 3628 patre,
3236 3554 3353 3629 qui

135 3680 239 3740 prie
262 3671 442 3725 aetate
477 3660 630 3724 huic
660 3659 1175 3723 administrandae
1204 3657 1409 3735 impar
1441 3662 1593 3730 erat,
1619 3672 1837 3716 verum
1868 3673 1940 3717 ea
1975 3656 2373 3729 conditione,
2410 3661 2473 3717 ut
2509 3662 2758 3717 mortuo
2792 3664 2963 3735 patre
2992 3656 3155 3717 liber
3185 3658 3358 3717 esset

134 3768 282 3829 abire
342 3785 480 3847 quo
542 3767 756 3835 vellet,
815 3764 1121 3842 suscepit.
1187 3763 1337 3823 «Ad
1392 3763 1583 3823 breve
1630 3769 1962 3838 tempus,»
2008 3763 2219 3841 inquit
2267 3762 2405 3839 ipse
2458 3760 2801 3838 Gregorius
2859 3759 2968 3839 (α),
3023 3768 3132 3822 «et
3167 3764 3356 3839 quasi

134 3868 415 3947 h03pitcs,
463 3870 904 3950 praefecturam
937 3869 1345 3944 suscepimus
1372 3888 1387 3926 :
1414 3888 1442 3921 »
1480 3866 1722 3941 accepit
1754 3865 2038 3944 quidem,
2075 3867 2185 3927 sed
2221 3873 2469 3927 mortuo
2500 3874 2673 3943 patre
2708 3882 2841 3928 eam
2875 3866 3123 3943 abiecit.
3178 3872 3195 3897 ’λ

194 3972 488 4051 Denique
545 3969 1167 4047 Constantinopolim
1220 3968 1570 4029 accersitus
1621 3968 1699 4028 ab
1748 3968 2067 4046 episc0pis
2114 3967 2398 4030 Thraciae
2429 3974 2487 4030 et
2532 3969 2931 4043 orthouoxis,
2983 3978 3052 4031 ut
3101 3988 3351 4033 causam

133 4070 252 4133 ﬁdei
283 4084 513 4134 contra
545 4077 898 4150 grassantes
934 4070 1183 4149 lateque
1214 4069 1617 4130 dominantes
1654 4071 1716 4130 in
1753 4072 1919 4147 regia
1948 4071 2203 4132 civitate
2233 4072 2529 4143 Arianos,
2564 4072 3051 4134 ll-iaeedonianos
3071 4072 3355 4151 aliasque

132 4177 391 4239 veritatis
430 4184 646 4255 pestes
683 4184 990 4247 tueretur,
1026 4192 1167 4250 cum
1222 4174 1614 4247 advenisset,
1665 4174 1941 4251 tideique
1991 4190 2243 4236 causam
2295 4174 2709 4248 defendisset,
2758 4174 3087 4236 haereticos
3135 4175 3354 4252 proﬂi—

129 4284 333 4352 gasset,
377 4292 637 4337 errores
666 4274 973 4352 fugasset,
1007 4273 1345 4350 collapsam
1382 4273 1565 4333 ﬁdem
1610 4273 2023 4345 restituisset,
2059 4280 2118 4334 ct
2149 4273 2437 4335 omnium
2470 4273 2722 4336 animos
2753 4274 2872 4334 sibi
2904 4275 3349 4348 conciliasset;

133 4382 301 4442 totius
347 4379 580 4460 pepuli
630 4380 911 4461 cleriqup
949 4393 1296 4450 consensu,
1353 4387 1679 4440 annuente
1726 4377 2089 4439 Theodosio
2140 4378 2545 4456 imperatore,
2595 4378 2658 4439 in
2706 4377 2853 4437 sede
2894 4376 3349 4438 Constantino-

133 4482 417 4557 politana,
457 4481 649 4561 pulso
677 4477 1084 4559 DemOphilo,
1120 4478 1307 4555 pulso
1335 4478 1523 4538 etiam
1548 4478 1854 4549 Maximo,
1882 4493 2011 4537 non
2052 4487 2258 4539 tamen
2291 4493 2650 4555 repugnans
2682 4485 2747 4536 ut
2776 4484 2984 4549 antea,
3009 4476 3356 4538 collocatus

131 4590 205 4641 est
236 4600 268 4643 a
318 4592 551 4644 sancto
595 4580 882 4654 Meletio,
936 4580 1191 4641 concilii
1247 4582 1603 4658 generalis,
1642 4584 1810 4659 quod
1872 4588 1999 4640 tum
2046 4580 2500 4649 celebrabatur,
2556 4579 2846 4656 praeside.
2903 4579 3074 4641 Ortis
3122 4578 3356 4639 deinde

128 4686 389 4763 querelis
426 4686 601 4745 inter
632 4683 994 4760 episcopos,
1028 4695 1272 4760 arrepta
1313 4682 1671 4754 occasione,
1715 4681 2065 4758 Gregorius
2101 4680 2345 4741 abdicat
2384 4696 2452 4742 se
2480 4680 2872 4758 episc0patu,
2910 4680 3186 4757 effringit
3220 4681 3357 4741 vin-

129 4788 271 4860 cula,
315 4797 376 4849 et
407 4786 649 4866 gaudio
680 4785 965 4862 gestiens
1001 4786 1267 4862 patriam
1305 4787 1550 4862 repetit,
1588 4793 1797 4863 optata
1831 4785 2176 4846 solitudine
2222 4802 2288 4844 se
2322 4782 2662 4845 fruiturum
2704 4800 2991 4862 sperans.

190 4891 319 4963 Quo
354 4899 680 4967 tempore,
712 4886 1269 4966 Constantinopoli
1302 4889 1542 4961 relicta,
1584 4888 1645 4948 in
1676 4892 1941 4968 patriam
1982 4906 2280 4952 reversus
2318 4899 2412 4950 est
2443 4886 2824 4963 GregOrius,
2867 4888 3073 4950 adhuc
3107 4894 3357 4965 pastore

131 4994 410 5057 destituta
447 5002 585 5057 erat
633 4992 1030 5054 Nazianzena
1078 4992 1390 5063 Ecclesia,
1425 4993 2026 5069 Apollinaristarum
2077 4992 2335 5056 insidiis
2371 4998 2613 5071 patens.
2650 4989 2857 5067 HthlS
2895 4988 3180 5065 periculo
3217 5007 3359 5065 per-

132 5105 320 5156 motus
366 5095 752 5172 Gregorius,
786 5094 1157 5171 rogantibus
1194 5093 1514 5171 episcOpis
1552 5100 1613 5153 et
1655 5095 1954 5157 universo
1989 5097 2251 5175 pepulo,
2287 5094 2462 5155 illius
2496 5108 2734 5163 curam,
2768 5090 2972 5152 donec
3010 5091 3359 5168 praeﬁcere-

134 5199 220 5253 tur
247 5195 620 5273 episcopus,
662 5210 729 5253 se
768 5203 1219 5270 suscepturum
1258 5192 1553 5271 promisit
1590 5214 1604 5253 :
1639 5211 1769 5272 quo
1806 5195 2126 5274 praefecto,
2160 5195 2319 5272 fugit
2353 5195 2581 5257 lterum
2624 5194 2688 5256 in
2723 5194 3170 5256 solitudinem.
3226 5197 3231 5205 ’

197 5295 341 5354 Esto
378 5310 559 5355 nunc
584 5291 901 5370 judicium
936 5291 1214 5365 lectoris,
1253 5294 1589 5372 cuiusnam
1641 5295 1944 5355 Ecclesiae
1974 5295 2323 5371 Gregorius
2359 5294 2691 5357 habendus
2726 5305 2788 5355 et
2827 5293 3242 5372 appellandus
3275 5294 3357 5353 sit

134 5399 487 5478 episc0pus,
531 5404 589 5459 et
620 5415 695 5457 an
738 5405 864 5458 tres
896 5397 1302 5474 episc0patus
1345 5398 1667 5459 habuerit.
1700 5398 1926 5469 Nemo,
1986 5398 2238 5476 opinor,
2289 5397 2578 5460 dicturus
2613 5402 2703 5458 est
2758 5413 2902 5457 eum
2956 5394 3162 5455 fuisse
3196 5394 3364 5454 Susu-

136 5498 692 5562 mensis-Ecclesim
731 5501 1086 5578 praesulem.
1120 5500 1301 5562 Certe
1339 5501 1629 5579 nuspiam
1667 5502 1923 5579 scripsit
1956 5501 2306 5579 Gregorius
2339 5519 2407 5563 se
2443 5501 2631 5579 hujus
2652 5499 2955 5561 Ecclesiae
2988 5498 3361 5576 episc0pum

136 5599 559 5661 renuntiatum
598 5600 822 5675 fuisse,
865 5610 928 5671 ut
966 5602 1100 5681 ipse
1135 5602 1441 5680 loquitur,
1472 5610 1814 5681 κηρυχθέντα
1840 5652 1855 5679 ,
1898 5602 2014 5665 hoc
2046 5612 2163 5675 est,
2194 5602 2323 5665 ullo
2359 5601 2653 5682 prmconii
2689 5617 2919 5681 genere
2951 5598 3360 5662 declaratum.

194 5782 264 5857 (α)
309 5786 409 5857 Ep.
445 5787 525 5841 al.
564 5788 651 5843 te.
