3926 6410
579 344 647 401 67
1551 343 1917 401 ΡΒᾸΕῈΛΤΙΟ
1956 341 2129 398 GENE

2247 341 2363 397 LIS.
2406 375 2474 384 —
2510 342 2693 398 PARS
2735 342 2798 396 ll.
3738 337 3797 390 68

583 458 996 534 Designatum
1047 466 1333 534 quidem,
1371 455 1793 532 prepositum,
1828 454 2278 530 inauguratum
2319 452 2507 513 etiam
2571 452 2760 528 hujus
2798 449 3100 512 Ecclesiae
3132 448 3506 529 episc0pUm
3539 467 3609 512 se
3645 448 3793 512 fate-

584 567 687 618 tur
718 559 779 618 in
813 557 1096 617 oratione
1142 570 1308 614 nona
1362 554 1826 632 undecimaque
1874 552 2105 630 passim
2166 558 2225 613 et
2298 552 2363 611 in
2397 550 2672 628 epistola
2700 548 2778 613 al.
2820 548 2922 610 ut.
2959 572 2988 605 ι(
3040 553 3172 614 Non
3211 554 3529 627 Nazianzi,
3576 554 3797 635 inquit,

585 660 699 720 sed
731 660 1119 720 Sasimorum
1178 655 1563 737 (episcopus)
1616 656 1997 734 designati,»
2036 673 2135 717 sec

2247 655 2404 728 avis,
2434 675 2463 711 α
2491 653 2794 731 propositi
2829 671 3089 716 sumus:
3113 683 3139 715 υ
3172 669 3423 740 Σασίμων
3455 669 3512 724 δὲ
3542 668 3797 742 προεϐλήο

582 772 778 845 οημεν.
826 762 888 822 Id
923 762 1092 822 enim
1130 761 1249 821 hoc
1287 761 1549 822 verbum
1583 778 1659 823 eo
1702 760 1819 821 loci
1868 767 2074 828 sonat,
2108 774 2304 819 sensu
2336 757 2572 836 saepius
2610 774 2644 817 a
2684 772 2836 818 voce
2875 757 3253 831 «praedicari
3287 766 3346 821 et
3385 758 3737 820 renuntiari
3770 782 3795 815 ι

583 866 883 939 diverso;
923 862 1094 938 quod
1132 860 1225 921 vel
1261 879 1338 920 ex
1377 860 1728 919 Sozomeno
1764 864 1953 935 patet,
1990 857 2167 917 Hist.
2203 856 2310 916 lib.
2351 872 2411 926 v,
2444 872 2578 932 cap.
2616 855 2678 929 8,
2711 861 2773 916 et
2803 854 3055 917 Socrate
3094 855 3204 917 lib.
3239 874 3301 930 ν,
3346 875 3400 920 c.
3444 859 3505 930 8,
3540 874 3798 920 necnon

584 977 645 1030 et
676 968 836 1046 Cyro
870 967 1207 1039 PI‘OdeO,
1246 965 1311 1025 in
1351 965 1532 1025 titulo
1571 965 2099 1041 epigrammatum
2134 976 2399 1021 suorum
2436 959 2504 1020 in
2538 958 2700 1019 banc
2730 959 3196 1021 ordinationem
3229 957 3527 1035 Gregorii
3560 976 3578 1016 :

1273 1085 1364 1147 Εἰς
1397 1082 1690 1154 Γρηγόριον
1717 1080 2150 1152 προϐαλλόμενον
2180 1079 2257 1141 εἰς
2286 1076 2525 1148 Σάσιμα.

587 1201 667 1262 At
699 1203 913 1278 neque
948 1198 1077 1273 hic,
1111 1216 1319 1277 neque
1354 1216 1618 1275 usquam
1652 1196 1803 1258 alibi
1840 1196 2203 1274 episcopum
2229 1194 2654 1255 Sasimensem
2688 1192 3118 1254 renuntiatum
3154 1211 3220 1256 se
3239 1194 3584 1272 Gregorius
3607 1192 3796 1267 dixit;

581 1305 710 1364 imo
741 1302 1092 1365 attendenti
1127 1310 1297 1363 certo
1330 1320 1594 1379 negasse
1628 1302 1897 1360 videtur.
1936 1296 2490 1372 Quemadmodum
2523 1295 2693 1355 enim
2734 1295 3034 1356 Nazianzi
3073 1319 3101 1352 α
3127 1297 3554 1374 designatum,
3581 1318 3611 1353 ι
3666 1313 3801 1375 pro-

584 1408 943 1485 positumve
974 1406 1349 1485 episc0pum
1388 1402 1489 1461 hic
1523 1418 1590 1460 se
1625 1403 1833 1473 negat,
1886 1412 1955 1456 ac
2011 1394 2401 1455 Sasirnorum
2456 1392 2726 1465 fatetur;
2770 1392 2863 1453 sic
2898 1392 3007 1453 ille
3040 1392 3349 1456 Nazianzo
3386 1411 3453 1453 se
3488 1392 3801 1452 renuntia-

585 1516 717 1567 tum
775 1506 1041 1582 epistola
1107 1505 1185 1567 al.
1234 1505 1354 1565 225
1408 1504 1662 1573 fatetur,
1692 1518 1761 1560 ac
1792 1498 1867 1557 de
1900 1496 2162 1556 Sasirnis
2192 1503 2401 1571 negat,
2439 1511 2710 1573 quorum
2749 1495 3202 1571 «designatum
3242 1491 3799 1571 propositumque»

584 1607 947 1684 episeopum
992 1604 1190 1666 fuisse
1233 1621 1375 1665 sese
1422 1608 1846 1663 concesserat.
1884 1620 1913 1652 α
1959 1598 2087 1673 Ego
2121 1604 2313 1667 certe,
2365 1593 2601 1672 inquit,
2654 1595 2705 1655 si
2763 1610 3025 1671 corpore
3056 1594 3315 1672 quidem
3369 1593 3453 1653 ita
3487 1608 3585 1652 me
3620 1590 3804 1651 babe-

584 1727 741 1784 rem,
777 1712 843 1771 nt
880 1709 1176 1770 Ecclesiae
1216 1725 1465 1787 possem
1507 1703 1918 1767 Nazianzenus
1978 1715 2269 1777 prmesse,
2315 1698 2495 1776 cujus
2533 1698 2611 1758 ab
2664 1697 2855 1758 initio
2894 1697 3123 1775 prmsul
3177 1711 3316 1754 sum
3342 1693 3800 1771 ~renuntiatus,

582 1813 797 1873 minus
836 1813 1044 1872 autem
1102 1811 1520 1881 Sasimorum,
1575 1817 1641 1867 ut
1691 1800 1870 1864 vobis
1928 1800 2095 1861 baud
2149 1805 2318 1860 recte
2375 1798 2677 1859 nonnulli
2732 1798 3082 1861 suadent.»
3133 1795 3281 1856 Haec
3328 1799 3484 1854 sunt
3519 1790 3804 1869 Gregorii

582 1912 799 1982 verba,
835 1912 976 1988 qna:
1016 1927 1141 1970 non
1175 1911 1335 1972 bene
1372 1920 1552 1971 vetus
1588 1908 1901 1980 interpres
1936 1899 2240 1962 reddidit.

658 2017 851 2075 Porro
889 2013 1043 2073 nihil
1092 2016 1297 2087 obest,
1340 2013 1468 2074 imo
1502 2006 2069 2087 plurimurnjuvat,
2105 1997 2644 2061 renuntiationem
2683 1999 2849 2060 illam
2883 2020 2913 2055 α
2968 1998 3043 2060 ab
3074 1993 3282 2067 initio,
3320 2010 3433 2055 seu
3470 1992 3736 2072 primam
3772 2008 3801 2053 a

578 2114 888 2189 Gregorio
920 2108 1157 2186 vocari,
1193 2130 1337 2175 cum
1384 2109 1799 2175 Sasirnorum,
1833 2102 1913 2163 ob
1960 2116 2098 2179 qua)
2152 2097 2426 2177 primum
2482 2098 2557 2159 ad
2603 2099 3039 2190 episcopatum
3073 2104 3464 2175 assumptus,
3512 2095 3807 2173 designa-

580 2223 684 2274 tus
739 2220 883 2275 ante
922 2211 1149 2274 fuisset
1198 2228 1386 2291 quam
1437 2207 1752 2270 Nazianzo
1801 2198 2199 2264 renuntiatus
2239 2220 2253 2258 :
2292 2198 2497 2259 multo
2529 2198 2695 2259 obsit
2750 2199 2962 2259 minus
2999 2198 3078 2259 de
3118 2196 3589 2257 renuntiatione
3629 2196 3809 2257 tacita

580 2308 827 2376 tantum
875 2320 981 2375 aut
1036 2331 1161 2375 non
1209 2312 1499 2391 publica;
1545 2309 1608 2370 id
1647 2324 1678 2368 a
1728 2300 2034 2379 Gregorio
2090 2298 2232 2359 aliis
2290 2298 2358 2359 in
2405 2298 2563 2361 locis
2614 2299 3022 2377 explicatum.
3077 2297 3251 2371 Quin
3313 2297 3461 2358 inde
3510 2296 3799 2373 colligas,

583 2398 757 2481 nullo
790 2418 1074 2491 Sasimis,
1114 2435 1234 2479 nec
1271 2416 1441 2478 taciti
1475 2411 1761 2493 quidem,
1799 2405 2034 2468 nedum
2068 2402 2378 2464 solemnis
2431 2420 2661 2481 genere
2700 2403 2998 2481 praeconii
3050 2401 3479 2462 renuntiatum
3516 2422 3532 2461 :
3565 2399 3808 2478 quippe

579 2514 657 2575 de.
686 2513 998 2574 Nazianzo
1023 2512 1315 2574 concedit
1344 2507 1717 2588 Gregorius,
1747 2504 1825 2567 de
1853 2500 2118 2563 Sasimis
2150 2517 2454 2578 expresse
2490 2510 2707 2579 negat;
2742 2501 2819 2564 de
2844 2502 2974 2563 illis
3003 2502 3283 2567 vicissim
3317 2505 3485 2584 quod
3520 2505 3808 2578 afﬁrmat,

580 2622 764 2691 negat
796 2614 872 2676 de
902 2614 1244 2675 Nazianzo.

661 2716 854 2776 Erant
887 2715 1099 2792 itaque
1134 2711 1366 2774 diversi
1403 2707 1654 2788 generis
1684 2700 2193 2767 rennntiationes
2228 2700 2704 2780 episc0porum,
2740 2704 3005 2780 publicze
3042 2715 3101 2768 et
3133 2709 3456 2771 canonica;
3478 2707 3642 2781 alim,
3675 2707 3814 2767 alia)

579 2832 708 2875 non
741 2815 846 2876 ita.
879 2814 1145 2890 Vulgata
1174 2822 1276 2875 res
1309 2820 1426 2885 est,
1463 2808 1736 2871 maxime
1768 2804 1830 2863 in
1856 2801 2129 2871 Oriente,

2262 2800 2427 2880 )puli
2462 2803 2655 2863 totius
2688 2806 3035 2884 suffragiis,
3058 2831 3085 2863 ιο
3122 2818 3287 2889 ψήφῳ
3310 2816 3402 2870 τοῦ
3429 2816 3557 2869 λαοῦ
3584 2812 3812 2879 παντὸς,

580 2925 734 2977 tunc
768 2915 1068 2993 temporis
1105 2916 1339 2977 electos
1373 2930 1516 2975 esse
1550 2910 1914 2990 episcOpos,
1962 2904 2051 2964 uti
2087 2905 2164 2965 de
2192 2904 2541 2967 Athanasio
2581 2907 2804 2969 scribit
2835 2909 3180 2989 GregOr-ius
3205 2910 3284 2987 (ιι)
3315 2930 3332 2983 ;
3390 2909 3486 2968 vel
3523 2916 3589 2968 ut
3630 2905 3817 2966 habet

578 3016 920 3078 concilium
949 3014 1493 3082 Chalcedonense,
1528 3010 1777 3073 actione
1841 3007 1941 3077 16,
1973 3026 2001 3059 α
2028 3006 2487 3081 pascendorum
2527 3007 2815 3068 omnium
2846 3009 3127 3073 calculis.
3152 3034 3182 3067 η
3215 3009 3517 3086 Exempla
3555 3006 3817 3083 longius

580 3115 848 3193 petenda
884 3129 1011 3175 non
1043 3119 1190 3173 sunt
1224 3133 1239 3172 :
1277 3110 1606 3173 Nectarius
1640 3107 1704 3168 in
1738 3105 1888 3167 sede
1920 3101 2624 3181 ConstantinOpolitana
2671 3106 2979 3185 Gregorio
3012 3112 3393 3187 subrogatus
3426 3116 3543 3179 eSt,
3578 3130 3610 3163 α
3642 3123 3818 3167 com-

578 3214 963 3288 munibus,»
1017 3214 1229 3294 inquit
1266 3216 1661 3279 Sozomenus
1694 3210 1800 3291 (b),
1860 3205 2144 3286 «synodi
2194 3207 2603 3285 SUfTragiis;»
2655 3210 2907 3289 ipsique
2960 3211 3660 3290 ConstantinOpolitani
3714 3211 3821 3270 Pa-

578 3329 704 3383 tres
728 3320 806 3398 (ι’)
858 3318 987 3381 «ad
1042 3320 1371 3398 epiSCOpos
1422 3323 1640 3383 Romae
1691 3319 2157 3392 congregatos»
2213 3313 2508 3373 eumdem
2541 3332 2573 3375 a
2606 3332 2674 3375 se
2712 3317 3001 3379 scribunt
3044 3321 3405 3384 ordinatum
3476 3316 3823 3380 «universi

576 3424 729 3488 cleri
762 3425 1084 3502 totiusque
1114 3419 1434 3499 suffragiis
1467 3417 1764 3485 civitatis,
1790 3439 1818 3472 ››
1858 3425 2054 3489 παντός
2103 3443 2126 3477 τ

2270 3423 2292 3477 ὖ
2328 3424 2551 3498 κλήρου,
2588 3428 2681 3481 καὶ
2719 3429 2901 3500 πάσης
2956 3433 3425 3507 ἐπιψηφιζομένης
3451 3431 3547 3502 τῆς
3580 3432 3820 3493 πόλεως.

572 3532 854 3611 Moxque
888 3531 963 3592 de
995 3530 1302 3592 Flaviano
1325 3528 1765 3590 Antiocheno:
1803 3524 2189 3595 «Canonice,
2220 3546 2247 3579 ιο
2289 3526 2411 3598 vel,
2448 3549 2475 3581 α
2500 3526 2590 3587 uti
2633 3545 2912 3593 canones
2935 3533 3189 3610 jubent,
3228 3541 3353 3593 tota
3386 3532 3488 3593 illa
3526 3528 3823 3591 Ecclesia

576 3633 1002 3708 suffragante,
1082 3631 1455 3693 ordinarunt
1529 3625 1812 3703 episcopi
1868 3624 2045 3684 illius
2111 3624 2456 3698 provinciae
2504 3634 2564 3686 et
2616 3627 2963 3693 dimceseos
3019 3632 3436 3697 Orientalis.»
3468 3641 3536 3695 Οἵ
3590 3658 3659 3693 τε
3724 3641 3825 3710 τῆς

576 3735 841 3806 ἐπαρχίας
883 3735 977 3789 καὶ
1020 3736 1118 3803 τῆς
1160 3732 1480 3803 ἀνατολικῆς
1517 3730 1921 3799 διοικήσεως....
1974 3724 2270 3788 κανονικῶς
2300 3727 2707 3800 ἐχειροτόνησαν
2758 3733 2935 3805 πάσης
2991 3734 3280 3806 συμψήφου
3326 3738 3422 3807 τῆς
3463 3734 3827 3805 Ἐκκλησὶας.

576 3824 648 3884 lu
682 3826 953 3887 concilio
985 3825 1280 3886 Chalced.
1317 3832 1435 3886 act.
1470 3824 1566 3893 11,
1602 3819 1956 3897 Stephanus
1986 3817 2347 3896 Ephesinus
2390 3837 2458 3879 se
2499 3823 2801 3885 canonice
2830 3825 3099 3888 electum
3139 3828 3380 3904 probat,
3426 3826 3523 3887 his
3558 3828 3786 3888 verbis
3811 3846 3831 3866 ι

577 3930 753 4009 quia,
794 3952 823 3986 α
878 3936 937 3991 et
995 3930 1296 4008 populus,
1369 3927 1600 4008 inquit,
1651 3932 1711 3987 et
1752 3926 1981 3998 clerus,
2036 3932 2099 3984 et
2133 3923 2506 4002 episc0pi,»
2561 3930 2935 4008 episcopum
2972 3948 3072 3993 me
3107 3933 3597 3993 constituerunt,
3647 3931 3834 3993 [dem

578 4029 951 4102 concilium,
996 4036 1115 4092 act.
1149 4033 1249 4100 16,
1313 4046 1437 4091 non
1478 4026 1638 4088 alios
1673 4027 1959 4104 agnoscit
1994 4026 2351 4103 episcOpos,
2378 4037 2603 4105 praeter
2632 4047 2769 4102 eos,
2818 4053 2847 4086 α
2878 4032 2988 4111 qui
3017 4034 3271 4095 decreto
3307 4032 3465 4097 facto
3494 4051 3525 4094 a
3560 4033 3836 4095 clericis

580 4128 1091 4207 uniuscujusque
1130 4128 1499 4207 metropolis
1535 4134 1596 4189 et
1636 4126 2139 4206 possessoribus,
2175 4136 2479 4207 κτητόρων,
2513 4138 2576 4191 et
2610 4131 2984 4214 clarissimis
3020 4134 3197 4208 viris,
3249 4152 3440 4214 super
3488 4136 3628 4196 haec
3688 4144 3758 4198 et
3803 4154 3837 4196 a

580 4230 1133 4292 reverendissimis
1191 4230 1508 4309 epiSCOpis
1571 4230 1911 4309 provincia)
1969 4233 2272 4294 omnibus
2321 4244 2432 4294 aut
2481 4234 2769 4310 pluribus
2792 4210 2835 4291 η’
2870 4234 3145 4298 instituti
3192 4210 3364 4299 sunt.
3415 4238 3473 4300 S.
3518 4234 3835 4300 Athana—

576 4334 712 4392 sius
745 4330 831 4411 (d)
867 4331 1243 4409 Gregorium
1306 4340 1491 4408 negat
1537 4347 1682 4392 esse
1734 4330 2105 4409 episc0pum
2160 4331 2693 4407 Alexandrinum,
2734 4335 2883 4412 quia
2950 4353 3210 4416 «neque
3265 4334 3429 4414 plebi
3482 4335 3836 4411 cognitus,

578 4452 787 4514 neque
838 4435 1195 4512 postulatus
1236 4452 1267 4495 a
1314 4432 1703 4510 presbyteris
1750 4431 2026 4495 fuerat.»
2072 4436 2477 4497 Manifestius
2507 4437 2584 4497 de
2638 4438 2831 4498 Lucio
2868 4437 3305 4501 Theodoretus
3337 4436 3422 4496 ait
3469 4433 3588 4514 (e):
3629 4459 3663 4490 α
3690 4432 3839 4495 Non

576 4536 639 4597 in
673 4535 1171 4598 orthodoxorum
1209 4537 1660 4614 epierporum
1699 4537 1966 4613 synodo,
2007 4554 2132 4598 non
2171 4539 2472 4618 suffragio
2523 4540 2953 4617 legitimorum
2986 4542 3392 4616 clericorum,
3432 4558 3556 4602 non
3597 4548 3845 4616 postu-

572 4636 810 4702 latione
846 4636 1073 4717 plebis,
1104 4644 1175 4698 ut
1213 4635 1512 4696 Ecclesiae
1546 4634 1715 4709 leges
1749 4636 2147 4711 praecipiunt,
2184 4637 2519 4699 ordinatus
2553 4646 2671 4701 est.
2713 4662 2742 4697 »
2832 4700 2839 4707 ,

651 4741 833 4801 Nunc
867 4758 1019 4802 vero
1050 4741 1128 4798 de
1158 4734 1621 4800 constituendis
1657 4735 2064 4812 erigendisve
2097 4738 2279 4799 novis
2310 4740 2812 4817 episcOpatibus,
2860 4743 3053 4804 veluti
3086 4743 3455 4814 Sasimensi,
3503 4744 3579 4802 ad
3622 4762 3843 4821 quem

574 4842 980 4918 potissimum
1030 4838 1304 4901 collimat
1358 4836 1487 4898 haec
1535 4836 1761 4907 oratio,
1812 4835 1967 4914 quid
2015 4837 2231 4898 Patres
2285 4838 2650 4902 deﬁnierint
2706 4850 2772 4903 ut
2827 4850 3101 4914 constet,
3140 4861 3284 4904 ecce
3316 4842 3571 4905 concilii
3614 4846 3849 4907 Sardi-

573 4940 783 4999 censis
818 4955 1021 5000 canon
1055 4943 1317 4998 sextus:
1359 4959 1387 4991 α
1412 4933 1759 4997 Provinciae
1786 4935 2069 5013 epiSCOpi
2103 4936 2337 4999 debent
2370 4937 2435 4998 in
2470 4938 2547 4999 iis
2584 4941 2849 5002 urbibus
2882 4946 3216 5021 episcopos
3249 4943 3685 5013 constituere,
3725 4946 3847 5006 ubi

575 5039 765 5099 etiam
808 5038 986 5115 prius
1023 5036 1311 5113 episc0pi
1348 5037 1632 5096 fuerunt.
1666 5032 1727 5092 Si
1758 5039 1967 5094 autem
2004 5034 2154 5095 urbs
2202 5035 2413 5114 aliqua
2449 5038 2814 5098 inveniatur
2851 5048 2971 5099 tam
3016 5041 3347 5117 populosa,
3381 5048 3449 5100 ut
3493 5039 3642 5117 ipsa
3698 5043 3852 5120 epi-

574 5144 837 5215 scoriatu
871 5138 1061 5214 digna
1090 5137 1444 5213 judicetur,
1481 5135 1768 5212 accipiat,
1796 5157 1824 5190 »
1862 5134 2090 5196 iisdem
2126 5137 2406 5214 profecto
2440 5140 2713 5216 legibus,
2754 5150 2815 5201 et
2846 5158 2880 5203 a
2916 5143 3256 5219 provincia;
3305 5144 3850 5218 suffragantibus

573 5237 922 5315 episcopis;
957 5236 1132 5315 quod
1184 5237 1275 5298 vel
1309 5235 1604 5296 conciliis
1639 5234 1998 5296 deﬁnitum.
2045 5237 2117 5296 ln
2163 5236 2646 5316 Carthaginensi
2692 5244 3002 5316 secundo,
3034 5260 3170 5306 can.
3206 5245 3266 5315 5,
3300 5242 3376 5304 de
3412 5244 3604 5305 novis
3662 5247 3854 5308 sedi-

574 5340 694 5400 bus
727 5340 1045 5416 erigendis
1096 5338 1551 5421 praescribitur,
1600 5343 1668 5398 ut
1727 5359 1757 5393 α
1788 5339 2063 5416 populus
2095 5342 2211 5403 Dei
2248 5344 2707 5422 multiplicatus
2748 5347 2869 5419 sit;
2897 5371 2925 5402 »
2974 5347 3208 5410 deinde
3241 5355 3356 5409 «ut
3390 5347 3854 5413 desiderave-

572 5439 731 5515 rit,»
776 5458 887 5501 seu
922 5441 1335 5519 postulaverit
1366 5441 1783 5520 episcopum;
1819 5449 1950 5503 tum
1997 5450 2067 5506 ut
2117 5446 2218 5507 fiat
2258 5464 2451 5509 «cum
2494 5450 2631 5528 ejus
2664 5451 2994 5514 voluntate
3025 5453 3088 5515 in
3125 5453 3306 5533 cujus
3362 5460 3710 5532 potestate
3749 5460 3859 5521 est

641 5604 717 5680 (ᾳ)
759 5603 906 5680 om.
937 5605 1035 5680 ei,
1073 5624 1124 5677 p.
1157 5604 1284 5680 sap.
1984 5574 1989 5577 ⁷
2313 5610 2389 5680 (ιι)
2428 5611 2580 5678 Apol.
2609 5613 2663 5668 2.

641 5677 714 5753 ib)
754 5673 901 5753 flist.
937 5673 1098 5753 l._vn,
1131 5694 1178 5731 c.
1208 5678 1292 5753 7.__
1388 5748 1415 5753 μ
1755 5748 1785 5753 _
2009 5751 2027 5753 _
2052 5751 2063 5753 Α
2084 5749 2098 5753 Α
2314 5673 2382 5751 (ej
2424 5673 2567 5737 Hist.
2597 5684 2684 5739 lib.
2712 5699 2786 5753 Iv,
2815 5700 2863 5740 c.
2895 5684 2987 5741 22.

640 5746 709 5814 (ε)
751 5743 911 5798 Conc.
951 5747 1134 5802 Const.
1171 5764 1217 5812 I,
1254 5747 1347 5817 Ep.
1385 5748 1537 5820 5γη.,
1575 5760 1612 5805 t.
1641 5756 1706 5813 ιι.
1744 5748 1906 5805 Cone.
1936 5766 1984 5823 p.
2003 5749 2126 5807 966.

1744 5748 1906 5805 Cone.
1936 5766 1984 5823 ρ.
2003 5749 2126 5807 966.
2328 5744 2333 5745 ν
2362 5743 2374 5751 ’
2774 5743 2785 5753 ’
3267 5789 3287 5820 ,ἰ
