3918 6526
144 414 198 470 89
1088 402 1479 461 ΡΒᾹΞΡΑΤΙΟι
1501 400 1691 458 ΟΕΝΕ

1809 401 1914 457 .IS.
1953 434 2021 446 ——
2058 404 2235 460 PARS
2274 405 2334 461 ll.
3286 412 3356 465 70

144 528 468 596 dimcesis.)
509 523 862 588 Concilium
896 522 1089 599 vulgo
1121 522 1363 585 dictum
1397 518 1767 582 Africanum
1799 516 2071 595 addit(a)
2109 539 2123 578 :
2158 540 2185 571 ε
2210 518 2452 580 Placuit
2486 525 2552 579 ut
2577 519 2817 595 plebes,
2845 539 2988 601 quae
3013 540 3343 604 nunquam

143 634 465 695 habuerunt
500 628 792 706 proprios
825 626 1191 706 episcopos,
1224 626 1347 686 nisi
1388 643 1465 687 ex
1518 622 1804 701 plenario
1849 623 2127 684 concilio
2176 622 2689 700 uniuscujusque
2723 627 3071 704 provinciae
3105 636 3165 689 et
3200 629 3338 718 pri:

143 732 317 799 matis,
348 736 541 807 atque
571 745 889 790 consensu
926 727 1070 806 ejus
1115 728 1190 787 ad
1229 727 1412 805 cujus
1452 725 1777 786 diceeesim
1818 724 2036 785 eadem
2077 723 2359 785 Ecclesia
2416 726 2798 801 pertinebat,
2835 728 3161 789 decretum
3200 727 3346 789 fue-

140 834 218 904 rit,
260 832 521 892 minime
555 831 944 907 accipiant.»
991 831 1091 892 Ad
1144 830 1571 893 conﬁrmanda
1611 828 1744 889 haec
1775 828 1991 888 omnia
2029 828 2126 889 vel
2178 827 2497 889 sufﬁceret
2536 829 2801 907 epistola
2832 832 3150 910 Gregorii,
3188 832 3346 894 alias

137 935 213 1001 22,
264 932 363 993 ubi
396 933 473 992 de
542 932 775 992 Basilii
814 932 1024 1009 Magni
1061 932 1376 994 electione
1412 954 1427 992 :
1464 932 1573 991 sed
1608 930 1681 989 ad
1736 931 2141 990 astruendam
2183 929 2611 990 Occidentalis
2666 932 2965 994 Ecclesiae
3011 934 3121 994 hac
3168 933 3231 993 in
3278 952 3373 995 re-

136 1053 247 1095 cum
282 1033 591 1093 Orientali
631 1032 1158 1101 consensionem,
1202 1031 1508 1093 Sidonius
1546 1029 1960 1107 Apollinaris,
1996 1030 2102 1089 lib.
2142 1049 2225 1101 iv,
2272 1048 2373 1108 ep.
2412 1032 2514 1097 25,
2549 1039 2607 1091 et
2642 1032 2752 1092 lib.
2792 1050 2850 1102 v,
2885 1051 2984 1110 ep.
3021 1035 3083 1101 5,
3121 1034 3160 1094 8
3191 1032 3343 1114 et'9,

136 1133 293 1211 hujus
323 1134 825 1194 renuntiationis
888 1135 1218 1211 specimen
1274 1132 1532 1193 exhibet
1570 1153 1585 1192 :
1623 1156 1649 1187 α
1680 1134 1751 1194 In
1815 1130 2068 1192 nomine
2112 1132 2336 1201 Patris,
2393 1140 2453 1191 et
2494 1131 2668 1201 Filii,
2705 1140 2765 1191 et
2797 1132 3072 1207 Spiritus
3106 1137 3344 1203 sancti,

135 1235 458 1312 Simplicius
493 1244 620 1308 est,
658 1254 852 1315 quem
907 1235 1253 1313 provinciae
1296 1244 1528 1296 nostrae
1585 1235 2179 1315 metrOpoljtanum,
2229 1234 2471 1295 civitati
2524 1243 2747 1295 vestrae
2778 1236 3129 1315 (Bituricis)
3159 1257 3342 1298 sum-

136 1359 271 1401 mum
303 1340 698 1401 sacerdotem
739 1339 872 1401 fieri
906 1340 1137 1402 debere
1176 1339 1523 1419 (Sidonius)
1573 1341 1946 1418 pronuntio.
2036 1335 2611 1400 Proclamationum
2678 1338 3025 1414 formulas,
3059 1360 3187 1421 quo
3221 1358 3338 1403 no-

134 1441 269 1503 mine
296 1442 574 1519 appellat
621 1443 940 1513 Morinos,
974 1442 1289 1520 plurimas
1338 1442 1472 1516 ipse
1509 1441 1895 1521 suppeditat,
1944 1442 2028 1501 De
2071 1460 2199 1503 sac.
2261 1438 2471 1501 ordin.
2511 1459 2719 1504 exere.
2756 1445 2814 1514 1,
2848 1461 2900 1504 c.
2935 1445 2995 1504 3.
3030 1444 3344 1519 Insignior

133 1554 301 1606 autem
332 1544 434 1605 illa
484 1551 609 1619 est,
648 1561 837 1621 quam
877 1563 949 1605 ex
985 1544 1397 1625 Euchalogio
1453 1546 1704 1625 Gryptre
1750 1547 2021 1606 Ferratze
2061 1546 2229 1606 idem
2287 1544 2523 1623 profert
2559 1560 2583 1606 εί
2612 1568 2640 1602 ‹ι
2669 1547 2985 1621 Snll‘ragio
3020 1556 3079 1608 et
3111 1565 3341 1624 approa

135 1642 343 1702 liatione
384 1644 518 1701 Deo
556 1644 833 1705 maxime
865 1644 1239 1705 amabilium
1298 1646 1773 1723 episcoporum,
1828 1652 1887 1706 et
1940 1646 2492 1705 sanctissimorum
2541 1648 3060 1724 presbyterorum
3103 1655 3163 1707 et
3197 1648 3339 1708 dia-

135 1757 418 1811 conorum,
479 1740 703 1802 divina
760 1744 1036 1819 gratia...
1094 1750 1425 1822 promovet
1476 1746 1726 1807 hunc...
1770 1746 1831 1804 in
1873 1743 2248 1823 episcopum
2304 1746 2543 1814 urbis,»
2597 1754 2746 1817 etc.,
2791 1754 2910 1807 etc.
2951 1746 3001 1806 E
3036 1744 3341 1806 Vaticano

133 1844 429 1919 exemplari
464 1844 667 1905 aliam
703 1845 991 1918 exhibet,
1026 1846 1090 1907 in
1128 1864 1251 1927 qua
1284 1849 1519 1909 dicitur
1550 1849 1905 1926 «suffragio
1937 1858 1996 1908 et
2030 1849 2485 1926 approbatione
2523 1849 2625 1908 SS.
2667 1851 3340 1927 metropolitanorum,

132 1945 748 2023 archiepiscoporum,
781 1949 1261 2027 episco;iorum,
1292 1969 1319 2009 ι
1363 1961 1508 2019 etc.,
1542 1958 1737 2029 atque
1771 1970 1845 2013 ex
1878 1951 2169 2013 Cedreno
2222 1952 2482 2012 relatam
2523 1951 2584 2011 in
2626 1954 3039 2013 translatione
3074 1953 3335 2031 episco-

134 2060 309 2121 porum
358 2045 710 2107 formulam
773 2047 1057 2108 eamdem
1118 2049 1395 2111 adducit.
1432 2072 1459 2106 α
1503 2052 1655 2115 Haec
1687 2058 1805 2122 est,
1849 2049 2057 2128 inquit
2108 2052 2200 2110 vir
2230 2050 2478 2121 doctus,
2527 2048 2854 2112 electionis
2889 2049 3183 2127 legitimm
3204 2049 3333 2130 jam

132 2150 266 2208 factae
296 2149 710 2210 denuntiatio
744 2149 1022 2228 publica,
1067 2151 1200 2212 ﬁeri
1242 2152 1429 2213 solita
1474 2168 1616 2213 eum
1656 2150 1999 2230 episcOpus
2051 2150 2124 2210 ad
2172 2149 2668 2222 ordinationem,
2716 2171 2745 2206 ιο
2800 2148 2986 2223 adde,
3041 2157 3102 2212 et
3133 2150 3210 2212 ad
3239 2151 3338 2213 in-

128 2244 624 2309 thronizationem
667 2271 696 2304 α
721 2249 1046 2311 accinctus
1084 2257 1253 2313 est.»

183 2349 338 2411 Tales
370 2358 556 2412 erant
609 2353 672 2412 in
716 2352 1024 2415 Ecclesiis
1079 2354 1386 2415 omnibus
1428 2354 1719 2430 publicae,
1755 2353 2078 2432 legitimae,
2113 2353 2435 2415 canonica:
2467 2351 2843 2425 electiones,
2888 2353 3320 2417 renuntiatio-

128 2466 231 2523 aes,
259 2453 700 2515 ordinationes
733 2454 1234 2533 episcoporum;
1277 2456 1477 2517 tacitm
1510 2474 1685 2525 vero,
1713 2463 1774 2517 et
1822 2464 1887 2516 ut
1919 2456 2003 2516 ita
2035 2456 2262 2526 dicam,
2299 2455 2821 2533 interpretativze,
2857 2454 3079 2533 quales
3110 2456 3324 2516 irritas

128 2568 230 2612 esse
256 2552 530 2614 decrevit
566 2553 965 2615 Antiochena
1025 2554 1313 2632 synodus
1341 2572 1508 2615 anno
1530 2554 1673 2628 3M,
1701 2571 1841 2615 can.
1869 2555 1968 2625 16,
1995 2557 2103 2633 qui
2129 2554 2357 2616 citatur
2393 2553 2453 2612 in
2488 2568 2666 2614 conc.
2689 2551 2984 2614 Ohalced.
3011 2560 3128 2614 act.
3164 2552 3338 2633 πω).

128 2650 375 2729 «Siquis
407 2652 765 2729 epiSCOpus
817 2671 1045 2715 vacans
1083 2654 1148 2716 in
1184 2654 1532 2717 Ecclesiam
1590 2660 1918 2715 vacantem
1977 2653 2291 2730 prosiliat,
2339 2652 2692 2731 sedemque
2725 2652 3054 2730 pervadat,
3086 2653 3333 2731 absque

129 2754 323 2832 integro
360 2756 783 2837 perfectoque
815 2757 1123 2831 concilio,
1157 2759 1260 2820 hic
1292 2758 1657 2837 abjiciatur,
1693 2757 1811 2819 etsi
1846 2764 2120 2819 cunctus
2157 2755 2435 2835 populus
2467 2773 2660 2835 quem
2700 2754 2993 2833 diripuit,
3027 2772 3173 2816 eum
3210 2754 3328 2816 lia-

126 2854 237 2916 bere
261 2857 598 2935 delegerit.
639 2880 668 2913 ι
704 2858 780 2919 Et
819 2857 980 2921 infra
1013 2876 1152 2922 can.
1196 2860 1269 2920 21
1305 2857 1381 2940 (ο)
1413 2876 1429 2914 :
1463 2858 1639 2920 «Nec
1675 2857 1731 2917 vi
1766 2864 2020 2919 coactus
2052 2874 2085 2918 a
2118 2855 2402 2935 pOpulis,
2448 2872 2658 2935 neque
2691 2855 2744 2915 si
2782 2856 2974 2917 etiam
3006 2852 3127 2917 hoc
3167 2855 3224 2917 ei
3256 2854 3335 2917 ab

128 2959 392 3039 episcOpis
441 2962 879 3036 suadentur,»
940 2964 1221 3026 vacantis
1268 2963 1584 3037 ecclesiae,
1636 2962 1803 3041 «qui
1857 2962 2177 3042 propriam
2230 2959 2595 3034 deseruit,»
2655 2959 2924 3021 habetur
2963 2959 3330 3037 episcopus.

128 3063 383 3146 IUbique
416 3068 694 3146 integrae
720 3075 788 3130 et
822 3069 1130 3148 plenariae
1167 3068 1401 3149 synodi
1448 3069 1774 3131 decretum
1802 3090 1830 3123 »
1868 3067 2245 3146 requiritur,
2288 3073 2353 3127 et
2391 3072 2457 3126 ut
2498 3088 2528 3122 ι(
2557 3065 2766 3128 nullas
2798 3063 3119 3126 ordinatio
3147 3078 3334 3124 secus

124 3162 239 3227 facta
271 3170 430 3231 vires
468 3170 764 3232 habeat»
798 3187 1043 3233 canone
1084 3173 1158 3233 19
1192 3172 1588 3234 decernitur.
1617 3171 1733 3232 His
1764 3170 2104 3249 expositis,
2133 3167 2321 3230 facile
2350 3167 2709 3248 diiudicare
2743 3173 2840 3229 est
2872 3181 2951 3227 an
2984 3164 3331 3244 episcopus

125 3268 457 3335 Sasimorum
492 3275 857 3353 Gregorius
897 3276 1232 3339 habendus
1268 3278 1377 3338 sit.

176 3372 354 3450 Magni
390 3375 621 3437 Basilii
655 3375 916 3452 factum,
949 3393 1319 3456 quanquam
1366 3393 1397 3437 a
1433 3374 1724 3453 pluribus
1788 3374 2053 3435 minime
2104 3374 2466 3452 probatum,
2507 3390 2775 3450 arguere
2810 3390 2936 3434 non
2985 3374 3233 3435 ausim:
3262 3376 3331 3435 at

126 3482 268 3547 certe,
300 3479 467 3554 quod
501 3478 888 3541 Sardicense
919 3478 1263 3541 concilium
1302 3464 1576 3555 postulat
1641 3493 1671 3536 a

1782 3491 1951 3537 IOVOS
1984 3473 2392 3551 episcOpatus
2430 3473 3329 3553 constituendos,11).~q0iivouca

132 3583 265 3650 πόλις,
293 3580 656 3659 «Ρυρυιοεδ
691 3579 895 3657 plebs,
926 3603 954 3637 ι
996 3596 1398 3659 nequaquam
1433 3583 1608 3639 erant
1653 3578 1679 3638 Ε

1780 3577 1893 3638 ima
1928 3598 1943 3637 :
1979 3600 2007 3633 α
2032 3593 2157 3638 non
2200 3574 2660 3653 multiplicatus
2708 3574 2821 3634 Dei
2860 3575 3163 3653 populus,
3194 3598 3224 3633 ιο
3256 3586 3327 3639 ut

127 3676 583 3758 Cartliaginense
620 3682 888 3759 requirit
924 3702 940 3755 ;
975 3682 1346 3761 episcopum
1388 3695 1503 3740 nec
1540 3678 1991 3756 postulaverat,
2024 3694 2140 3738 nec
2172 3674 2644 3738 desideraverat
2681 3674 2855 3751 plebs
2885 3675 3324 3752 Sasimorum;

128 3777 355 3852 ejusdem
383 3778 699 3839 Ecclesia)
729 3778 880 3838 cleri
918 3796 989 3839 ac
1022 3778 1242 3856 pepuli
1279 3776 1454 3838 nulla
1490 3774 1884 3846 convocatio,
1916 3775 2109 3837 coitio
2143 3776 2357 3847 nulla;
2410 3792 2529 3837 nec
2564 3776 3014 3853 epiSt‘OpOI‘Uﬂ]
3056 3777 3324 3856 provin-

125 3879 203 3937 cite
238 3880 507 3956 plenaria
573 3880 890 3956 synodus,
953 3885 1017 3939 ut
1060 3878 1541 3939 Antiochenum
1592 3883 1654 3937 et
1706 3875 1997 3937 Africana
2044 3875 2368 3946 sanciunt,
2421 3875 2550 3936 ulla
2607 3878 3075 3950 intervenerat;
3110 3875 3326 3939 nullus

125 3994 147 4031 ι
173 3994 497 4040 consensus
530 4000 567 4034 ι
601 3980 763 4055 ejus,
801 4002 829 4033 «ι
855 3977 918 4039 in
961 3976 1142 4056 cujus
1179 3985 1553 4055 potestatem
1585 3975 1906 4045 dimcesis,
1930 3996 1956 4028 ››
2000 3982 2133 4032 tum
2173 3973 2352 4033 dubii
2386 3972 2573 4049 juris,
2609 3980 2834 4051 postea
2876 3975 3149 4048 tandem,
3184 3975 3326 4053 ipso

126 4080 507 4141 consentiente
545 4077 820 4149 Basilio,
868 4078 1085 4139 cessit.
1127 4078 1305 4139 Adeo
1352 4075 1641 4155 primatis
1694 4072 2067 4149 suffragium
2105 4089 2228 4131 non
2273 4077 2656 4145 accesserat,
2708 4080 2773 4132 ut
2816 4084 3051 4133 armata
3092 4089 3295 4151 prope

127 4178 327 4240 modum
361 4197 560 4240 manu
598 4186 978 4256 repugnaret
1044 4177 1422 4251 Antbimus,
1472 4192 1663 4255 quem
1697 4196 1725 4229 α
1772 4172 2060 4234 martium
2118 4180 2180 4233 et
2235 4188 2579 4250 pugnacem
2609 4194 2642 4228 ιι
2701 4172 3323 4235 virumfestiveGre-

126 4280 292 4347 gorius
318 4283 603 4361 appellat
637 4278 751 4361 (ά).
791 4280 1018 4361 Itaque
1060 4280 1430 4360 episc0pum
1465 4277 1758 4339 eumdem
1804 4273 2096 4355 epistola,
2132 4274 2289 4334 alias
2319 4274 2423 4345 33,
2482 4272 2789 4336 adversus
2851 4275 3321 4338 ordinationem

125 4393 279 4457 suam,
308 4402 445 4446 cum
478 4384 633 4446 aliis
667 4384 1063 4461 quibusdam
1118 4383 1466 4463 episcopis,
1520 4380 1716 4441 multa
1769 4385 2120 4449 causatum,
2159 4377 2567 4448 scribentem,
2622 4378 3053 4455 minitantem,
3098 4392 3323 4457 posto-

126 4478 434 4565 lantemque
486 4484 813 4564 synodum
857 4484 1123 4545 inducit.
1168 4484 1343 4546 Unde
1396 4480 1710 4544 Baronius
1748 4478 1861 4557 (e):
1897 4499 1925 4533 α
1960 4477 2437 4551 Existimamus,
2486 4477 2718 4573 inquit,
2771 4480 2940 4556 quod
2972 4477 3319 4541 Anthimus

126 4585 272 4649 alium
299 4591 588 4659 Sasimis,
640 4606 788 4669 quas
836 4588 959 4649 sibi
1009 4586 1422 4659 vindicasset,
1471 4586 1843 4663 episcopum
1890 4578 2327 4651 ordinaverit;
2386 4586 2447 4640 et
2482 4579 2784 4652 Basilius,
2819 4579 2895 4639 ad
2926 4579 3317 4644 dirimendas

126 4682 366 4750 Ecclesia:
394 4685 870 4751 controversias
911 4686 1077 4748 inter
1106 4682 1474 4747 Catholicos
1512 4680 1870 4761 periculoso
1902 4679 2012 4741 illo
2070 4687 2353 4757 tempore
2386 4679 2669 4751 obortas,
2706 4678 3008 4742 Anthimo
3042 4682 3315 4759 pugnaci

127 4782 317 4850 homini
349 4791 487 4852 loco
522 4787 814 4850 cesserit.
837 4810 865 4842 ι

181 4910 319 4975 Hinc
372 4914 646 4975 fortasse
717 4909 935 4971 referri
988 4908 1193 4989 possit
1254 4905 1410 4969 illud
1476 4903 1784 4983 epistolae,
1848 4902 1994 4965 alias
2037 4903 2139 4976 33,
2179 4925 2207 4958 ε
2238 4902 2644 4982 θρίῐιίοἱυω»
2680 4902 2850 4979 quod
2884 4901 2962 4963 de
3009 4902 3298 4980 Gregorit

128 5014 321 5089 «quasi
348 5014 602 5077 devicto
635 5009 705 5092 (ﬂ
736 5032 767 5068 in
807 5010 1186 5073 concinebat
1215 5008 1601 5072 Anthimus;
1643 5002 1872 5080 illique
1903 5002 2095 5063 etiam
2133 5019 2356 5063 versus
2383 4999 2474 5080 (g)
2504 5040 2523 5075 ,
2570 5001 2807 5080 quibus
2841 5001 3114 5079 Egyptii
3151 5018 3278 5081 prta

128 5110 263 5173 sales
285 5117 704 5194 suggillantur
738 5134 755 5176 :
790 5135 819 5170 α
843 5113 1044 5190 Leges
1078 5104 1808 5185 versantesjampridem
1870 5110 2180 5173 mortuas,
2216 5119 2246 5162 a
2277 5100 2523 5179 quibus
2554 5117 2744 5176 quam
2786 5099 3061 5162 maxime
3092 5108 3149 5160 et
3186 5118 3309 5159 ma-

130 5209 317 5273 nifesto
347 5235 597 5280 eramus
629 5215 841 5277 liberi.
874 5237 905 5271 ››
940 5215 1011 5274 Et
1045 5212 1306 5292 quidem
1343 5210 1503 5270 liber
1529 5248 1546 5278 ,
1578 5203 1833 5267 etiamsi
1869 5219 2017 5262 vera
2050 5200 2331 5263 fuissent
2362 5217 2505 5279 quae
2536 5199 2629 5261 illi
2664 5198 3049 5276 objiciebant
3074 5241 3088 5269 ,
3136 5198 3306 5258 Sasi-

131 5328 330 5375 mornm
359 5319 695 5397 praesulem
737 5331 883 5377 eum
917 5330 1061 5375 esse
1103 5308 1564 5378 renuntiatum,
1599 5302 1770 5365 unde
1801 5302 1874 5363 ad
1902 5300 2149 5376 ,Sasima
2188 5298 2612 5371 revocabant;
2657 5298 2767 5359 sed
2820 5293 3050 5356 frustra
3101 5303 3312 5372 certe,

180 5500 241 5563 (α)
275 5502 395 5556 Can.
425 5505 515 5560 65.

1740 5485 1968 5563 σκόπωχ
1988 5482 2450 5563 ἁναγκςςόμ-ενφν.

181 5552 762 5643 Ιέτμξίςνὲξεξσκοπος
811 5571 1084 5643 σχολάζων
1140 5571 1234 5643 ἐπὶ
1281 5568 1640 5643 σχφλάζουᾼσαν
1815 5559 1888 5643 id)
1923 5552 2794 5643 [Ep-fﬂ-75L£QWA°VLAVBLE’~°V'

134 5625 940 5716 eiecta»,labeﬂaibéiidc
981 5625 1408 5716 ὗφᾳρπάξοιίέέν
1452 5625 1637 5710 θρόνον
1810 5627 1879 5716 ἐξ)
1922 5626 2113 5716 ’ξ’,τὲης
2148 5625 2713 5716 i'Eti’_?‘.__";__'_97-_._-

132 5704 223 5776 δίχα
247 5693 681 5778 ἇννόὸουζεδεξας
700 5756 715 5779 ,
744 5693 941 5769 ‘1‘95209
970 5693 1273 5783 aviariis,sz
1329 5693 1495 5777 εἶναι,⁵
1545 5720 1637 5764 και
1808 5697 1876 5783 if
1925 5697 2118 5783 ,ῼσπερ
2149 5693 3090 5783 λ’ῖινξ....ᾒςεήτιτξὶιξῆένωνο

136 5763 1178 5858 uani;
1202 5782 1394 5858 adadv.
1452 5763 1487 5858 ‘l
1518 5857 1525 5858 ί
1808 5763 1880 5828 to)
1923 5763 2102 5822 Carm.
2140 5766 2347 5839 Degvita
2370 5780 2487 5831 sua,
2522 5779 2572 5819 v.
2610 5764 2767 5829 1815,
2802 5763 2956 5815 1814.

186 5851 239 5919 (ε)
262 5855 397 5926 Μήτε
428 5859 530 5912 ἀπὸ
560 5851 707 5911 λαῶν
740 5851 1122 5927 ἓκῠιαζὸμενον
1143 5896 1156 5923 ,
1201 5856 1333 5928 μήτε
1374 5853 1476 5907 ὑπὸ
1514 5857 1631 5908 ἐπι-
