3918 6536
562 416 625 476 ⁸⁸1
1538 414 1907 475 ΡΒᾹΞΡΑἸΊΟ
1942 418 2109 475 GENE

2241 420 2353 477 LlS.
2386 450 2455 460 —
2493 420 2674 476 PARS
2712 421 2777 477 II.
3722 430 3788 488 72

564 537 665 598 his
697 536 885 599 etiam
920 534 1148 615 positis
1186 554 1200 596 :
1244 538 1485 612 quanto
1518 534 1718 611 magis
1752 534 1804 594 si
1840 534 1993 594 falsa
2024 534 2174 607 sint,
2209 535 2498 597 ordinato
2527 535 2588 596 in
2619 536 2758 614 ejus
2786 536 2996 599 locum
3026 537 3428 619 suﬁecloque
3462 541 3785 622 episcOpo,

563 634 657 698 vel
700 651 866 699 novo
897 641 1062 697 certe
1100 636 1469 713 episcopatu
1505 636 1822 696 exstincto
1849 639 1878 696 ?

638 737 892 800 Constat
928 738 1095 799 enim
1129 736 1368 815 alioqui
1410 755 1552 798 cum
1592 737 1901 798 Anthimo
1949 738 2256 799 Basilium
2308 756 2373 799 in
2432 740 2837 801 concordiam
2894 748 3111 818 postea
3158 743 3448 805 rediisse.
3497 745 3569 803 Et
3622 763 3786 824 qua,

558 858 799 921 quaeso,
833 843 1225 915 conditione,
1263 848 1480 920 pacato
1513 841 1799 902 Anthit'ni
1846 843 2038 916 bello,
2072 842 2421 921 Gregorius
2456 838 2564 920 per
2592 843 2835 905 bellum
2871 846 3038 907 istud
3076 864 3151 906 ex
3192 846 3574 909 Antiocheni
3625 864 3785 908 con-

561 942 694 1002 cilii
735 958 979 1004 canone
1037 944 1113 1004 18
1167 941 1500 1021 hucusque
1551 941 1736 1012 liber,
1776 942 1935 1002 liber
1993 961 2133 1003 esse
2168 944 2630 1019 persewravit,
2670 944 2865 1020 idque
2916 944 3117 1022 palam
3160 964 3229 1007 ac
3285 968 3314 1002 α
3350 946 3723 1016 manifesto,
3760 972 3785 1002 ι

563 1044 684 1105 nisi
723 1043 1017 1104 alterutra
1055 1061 1131 1105 ex
1166 1042 1265 1103 his
1297 1041 1774 1104 conditionibus
1809 1051 2107 1121 accepta;
2143 1042 2237 1102 vel
2275 1050 2341 1103 ut
2377 1042 2691 1112 Anthimi,
2726 1044 2907 1121 cujus
2944 1047 3287 1120 provincia:
3326 1047 3565 1107 Sasima
3597 1048 3784 1108 cede-

561 1149 733 1219 bant,
773 1148 1089 1209 ordinatio
1130 1146 1388 1216 valeret,
1431 1146 1525 1206 vel
1558 1162 1713 1206 sane
1750 1146 1929 1206 locus
1961 1148 2265 1223 episcorio
2301 1150 2592 1208 careret?
2651 1146 2907 1224 Alioqui
2944 1148 2997 1208 si
3031 1148 3170 1227 ejus
3228 1148 3344 1210 loci
3391 1150 3787 1213 renuntiatus

562 1256 697 1311 erat
734 1248 1104 1325 episcopus,
1139 1247 1309 1324 quod
1343 1244 1732 1323 objiciebant
1764 1245 2141 1319 adversarii,
2167 1246 2295 1323 jam
2331 1263 2446 1306 nec
2478 1245 2745 1306 occultis
2775 1262 2889 1307 nec
2914 1248 3187 1323 cognitis
3216 1248 3571 1309 rationibus
3602 1250 3785 1315 liber.

561 1351 672 1411 sed
705 1354 857 1409 tunc
886 1348 1180 1407 Ecclesia)
1207 1346 1554 1407 Sasimensi
1592 1347 1927 1408 manifesto
1968 1346 2315 1422 Gregorius
2347 1346 2662 1423 illigatus;
2702 1348 2829 1407 imo
2863 1355 2922 1407 et
2963 1370 2991 1403 ‹‹
3030 1350 3488 1410 communione
3528 1351 3783 1427 privan-

561 1450 681 1511 dus
710 1471 737 1503 ι
774 1465 848 1509 ex
884 1446 1167 1524 ejusdem
1201 1445 1593 1507 Antiocheni
1659 1445 1911 1506 concilii
1974 1462 2215 1506 canone
2255 1448 2328 1505 17
2354 1488 2369 1515 ,
2406 1468 2433 1499 ‹‹
2466 1446 2517 1504 si
2572 1448 2646 1507 ad
2702 1447 3045 1507 Ecclesiam
3102 1449 3224 1509 sibi
3280 1451 3683 1513 cOmmissam
3714 1498 3727 1525 ,
3758 1478 3786 1509 ν

562 1549 823 1609 remotis
851 1548 980 1624 jam
1016 1546 1519 1623 impedimentis,
1556 1568 1581 1600 α
1618 1546 1712 1607 ire
1746 1562 1872 1606 non
1904 1546 2356 1624 acquievisset.
2390 1568 2418 1600 in
2469 1546 2659 1606 Liber
2701 1539 2915 1625 itaque
2965 1565 2997 1607 a
3044 1548 3302 1610 Sasimis
3342 1551 3689 1628 Gregorius
3720 1573 3789 1615 ac

562 1649 923 1710 liberrimas
958 1665 1209 1724 semper
1239 1645 1388 1717 fuit,
1424 1653 1554 1706 tum
1587 1654 1756 1719 ante,
1793 1653 1928 1707 tum
1965 1653 2105 1721 post
2143 1645 2367 1705 factam
2406 1662 2547 1705 cum
2586 1647 2896 1707 Antlnmo
2940 1665 3201 1725 pacem;
3255 1650 3503 1714 etiamsi
3540 1654 3615 1713 ad
3648 1672 3786 1716 eam

555 1749 907 1835 Ecclesiam
943 1746 1173 1809 fuisset
1215 1745 1468 1819 publice
1503 1753 1563 1807 et
1595 1746 1902 1807 canonice
1934 1744 2366 1807 renuntiatus.
2413 1746 2710 1822 Superest
2741 1748 2932 1824 igitur
2965 1756 3033 1808 ut
3070 1753 3253 1810 tacita
3300 1760 3359 1811 et
3405 1754 3648 1815 occulta
3678 1798 3695 1827 ,
3735 1757 3783 1816 si

555 1851 682 1912 dici
715 1851 918 1921 liceat,
964 1848 1460 1919 renuntiatione,
1503 1847 1897 1907 Sasimorum
1942 1845 2285 1923 episcopus
2336 1845 2683 1921 Gregorius
2729 1846 2918 1908 fuerit
2956 1864 2970 1906 :
3010 1866 3231 1910 verum
3286 1870 3365 1914 ne
3417 1854 3479 1914 id
3524 1857 3785 1934 quidem

556 1950 682 2015 ulla
718 1951 961 2012 ratione
990 1947 1244 2009 defendi
1284 1951 1512 2027 potest.
1573 1946 1795 2024 Neque
1843 1945 2014 2007 enim
2064 1944 2564 2007 conniventibus
2604 1947 2696 2007 vel
2736 1950 2918 2008 tacite
2961 1949 3376 2026 probantibus
3429 1956 3788 2035 episcopis,

554 2052 763 2123 clero,
816 2048 1114 2127 populis,
1169 2064 1309 2125 quas
1367 2047 1549 2108 tacita
1605 2045 1999 2107 renuntiatio
2056 2055 2192 2117 est,
2234 2062 2515 2124 unquam
2555 2046 2716 2107 hanc
2748 2048 3094 2110 Ecclesiam
3130 2052 3607 2117 administrasse
3657 2060 3789 2121 ullo

555 2153 746 2216 modo
778 2152 902 2216 dici
938 2157 1189 2227 potest;
1226 2166 1415 2227 quam
1450 2149 1614 2211 forte
1644 2165 1761 2210 nec
1790 2148 1986 2209 adivit
2022 2166 2331 2227 unquam,
2369 2167 2483 2211 nec
2517 2166 2548 2210 a
2583 2149 2804 2209 limine
2837 2148 3164 2223 salutavit,
3195 2153 3257 2212 in
3291 2172 3413 2232 qua
3448 2173 3563 2220 nec
3598 2161 3789 2236 sedit,

564 2270 681 2316 nec
710 2258 780 2315 ut
815 2252 1068 2313 sederet
1104 2250 1233 2310 ulla
1270 2254 1327 2308 vi
1365 2248 1504 2325 cogi
1540 2248 1745 2325 potuit
1780 2253 1842 2309 et
1874 2248 2128 2308 adduci.
2168 2271 2195 2303 α
2222 2249 2552 2310 Certamen
2591 2250 2735 2310 iniit
2768 2258 2966 2328 pater,
3003 2273 3031 2306 »
3081 2252 3287 2331 inquit
3326 2256 3460 2332 ipse
3491 2257 3574 2340 (a)
3601 2302 3618 2327 ,
3654 2280 3687 2316 α
3726 2269 3791 2322 ut

554 2364 618 2426 in
660 2353 1011 2416 Sasimensi
1045 2351 1198 2413 sede
1236 2368 1335 2411 me
1368 2349 1712 2412 collocaret
1748 2370 1762 2409 :
1805 2358 1873 2411 ut
1910 2360 2122 2409 autem
2158 2366 2283 2410 non
2325 2350 2542 2423 valuit,
2581 2373 2607 2405 ››
2644 2358 2762 2411 etc.
2800 2351 2993 2411 Paulo
3028 2362 3168 2429 post
3203 2374 3217 2412 :
3256 2378 3282 2409 α
3318 2356 3535 2417 Datam
3574 2365 3789 2421 autem

558 2475 636 2521 ne
665 2456 1013 2519 minimum
1066 2452 1325 2531 quidem
1363 2450 1706 2511 Ecclesiam
1751 2451 1975 2525 attigi;
2029 2448 2107 2509 ita
2158 2458 2227 2509 ut
2265 2466 2379 2509 nec
2415 2467 2611 2509 unum
2665 2449 2752 2510 ibi
2807 2450 3188 2513 sacriﬁcium
3235 2455 3369 2515 Deo
3403 2457 3790 2539 obtulerim,

558 2558 653 2620 vel
686 2572 906 2634 preces
946 2572 1068 2615 una
1109 2570 1249 2614 cum
1294 2553 1528 2630 populo
1566 2549 1869 2620 iuderim,
1912 2565 2027 2609 nec
2058 2548 2432 2611 clericorum
2472 2550 2746 2645 cuipiam
2784 2567 3009 2612 manus
3047 2554 3485 2630 imposuerim.
3522 2578 3551 2612 ι

628 2664 727 2723 Ex
761 2661 1022 2722 histum
1062 2658 1266 2731 factis,
1304 2665 1434 2719 tum
1469 2655 1655 2717 dictis
1689 2654 1913 2733 liquet,
1941 2654 2091 2732 quis
2122 2654 2184 2714 in
2211 2654 2522 2731 Gregorio
2551 2677 2577 2711 α
2610 2656 3103 2718 renuntiationis
3131 2666 3191 2719 et
3219 2660 3738 2734 proclamationis
3763 2687 3790 2719 ι

555 2781 782 2827 sensus
817 2784 833 2823 :
867 2763 975 2824 ille
1007 2762 1337 2830 nimirum,
1370 2759 1483 2837 qui
1523 2759 1846 2838 hodieque
1878 2758 2052 2819 initae
2086 2758 2555 2836 possessionis,
2594 2766 2653 2821 et
2686 2768 2752 2820 ut
2790 2767 3052 2834 vocant,
3093 2762 3382 2824 beneﬁcii
3430 2765 3789 2844 cujuSpiam

554 2891 585 2925 α
611 2868 1045 2940 investiturae;
1076 2889 1103 2922 ››
1138 2883 1254 2927 seu
1281 2864 1474 2926 fuerit
1509 2863 1613 2925 illa
1657 2863 1924 2934 «tacita,
1956 2885 1986 2919 ››
2023 2881 2165 2925 cum
2200 2863 2389 2923 alicui
2429 2864 2646 2925 sedem
2683 2866 3055 2939 invadenti,
3101 2874 3203 2928 aut
3255 2887 3472 2930 eorum
3506 2876 3580 2933 ad
3622 2891 3791 2952 quos

552 2974 920 3038 conferendi
959 2971 1250 3034 beneﬁcii
1293 2987 1420 3034 non
1458 2970 1855 3047 omninojus
1886 2969 2163 3046 pertinet
2196 2968 2515 3046 precibus,
2552 2970 2649 3031 vel
2686 2970 2875 3031 etiam
2913 2970 2971 3030 vi
3008 2972 3275 3049 quadam
3306 2974 3646 3038 Ecclesiam
3684 2981 3794 3042 ade

552 3078 936 3142 ministranti
970 3073 1353 3144 connivent,
1390 3071 1712 3149 silentque
1750 3072 1880 3131 veri
1934 3070 2183 3147 patroni
2229 3086 2299 3130 ac
2336 3069 2604 3145 legitimi
2652 3069 2990 3131 collatores
3034 3072 3376 3146 beneﬁcii;
3426 3091 3537 3135 seu
3588 3075 3791 3143 fuerit

554 3208 582 3240 α
618 3178 1005 3246 renuntiatio
1035 3199 1063 3231 ι)
1096 3176 1171 3236 ad
1200 3173 1365 3251 juris
1402 3172 1616 3249 apices
1660 3171 2062 3247 formamque
2098 3169 2345 3247 legibus
2397 3170 2702 3230 sancilam
2731 3213 2747 3240 ,
2798 3170 2980 3231 lectis
3030 3178 3090 3231 et
3137 3174 3443 3247 expositis
3488 3180 3790 3256 patroni,

556 3284 806 3362 regisv_e
846 3302 874 3335 or
906 3277 1249 3355 diplomate
1285 3297 1313 3332 ι
1353 3271 1768 3340 conferentis,
1804 3287 1946 3344 seu,
1994 3278 2061 3331 ut
2100 3274 2347 3340 vocant,
2392 3270 2908 3347 provisionibus,
2942 3278 3000 3331 et
3037 3292 3064 3325 α
3100 3273 3267 3334 bulla
3292 3320 3308 3346 ,
3345 3298 3373 3331 η
3408 3276 3460 3337 si
3500 3297 3625 3357 qua
3664 3283 3789 3353 sit,

555 3401 751 3466 papae,
784 3387 889 3442 aut
923 3400 953 3439 ε
983 3377 1141 3449 visa,
1169 3397 1199 3433 »
1228 3380 1418 3451 atque
1455 3388 1485 3432 a
1553 3378 1992 3449 promovente,
2024 3367 2092 3427 in
2124 3368 2273 3429 sede
2304 3375 2371 3429 ut
2398 3368 2743 3446 plurimum
2772 3386 2847 3430 eo
2874 3371 2985 3448 qui
3014 3380 3423 3447 promovetur
3455 3379 3790 3453 collocato,

552 3485 825 3561 aliisque
857 3478 933 3539 de
974 3491 1149 3536 more
1184 3472 1478 3552 peractis,
1513 3469 1750 3549 quibus
1790 3468 1982 3530 hodie
2008 3470 2155 3548 quis
2192 3469 2284 3529 vel
2319 3471 2748 3549 episc0patus,
2784 3472 2878 3533 vel
2914 3473 3177 3534 alterius
3209 3476 3495 3540 beneficii
3532 3498 3793 3557 posses-

550 3606 661 3653 sor
690 3588 998 3652 ﬁrmatur,
1033 3583 1139 3640 aut
1170 3584 1364 3649 certe,
1397 3575 1450 3636 si
1483 3574 1650 3635 alius
1682 3574 2058 3645 intercedat,
2097 3595 2122 3627 α
2159 3573 2595 3646 denuntiatur,
2623 3582 2683 3636 et
2712 3576 3109 3651 praedicatur,
3142 3600 3170 3632 »
3205 3581 3373 3656 quod
3404 3581 3613 3645 Graeca
3653 3589 3791 3663 ipsa

550 3694 883 3769 κηρύσσεται
915 3687 1138 3745 sonant
1167 3701 1183 3752 ;
1217 3694 1579 3758 quanquam
1613 3691 1739 3737 non
1773 3692 1848 3738 eo
1883 3678 1944 3737 id
1979 3677 2045 3737 in
2076 3676 2365 3749 Oriente,
2401 3694 2529 3754 quo
2571 3676 2638 3737 in
2670 3676 2766 3736 his
2804 3677 3087 3753 partibus
3110 3722 3125 3751 ,
3167 3680 3353 3742 modo
3398 3682 3592 3743 ﬁeret.
3626 3684 3793 3748 Sen-

554 3810 695 3854 sum
742 3791 912 3852 hunc
944 3786 1255 3847 exhibent
1288 3784 1477 3844 verba
1507 3781 1827 3858 Gregorii,
1865 3782 2179 3844 contraria
2209 3789 2269 3841 et
2299 3781 2592 3859 opposita
2626 3782 2702 3840 de
2734 3780 3050 3841 Nazianzo
3082 3782 3475 3861 Sasimisque
3505 3787 3796 3849 scriben-

555 3893 637 3952 tis
667 3887 747 3967 (b)
784 3910 798 3948 :
842 3884 1105 3947 Sasimis
1141 3905 1168 3939 α
1199 3881 1623 3962 propositum,
1656 3902 1685 3935 ι
1719 3880 2150 3958 designatum,
2186 3897 2257 3941 ac
2286 3879 2341 3940 si
2377 3879 2560 3950 velis,
2586 3880 2982 3941 nominatum
3009 3884 3383 3956 antistitem,
3416 3900 3540 3944 non
3574 3895 3791 3948 autem

552 3990 898 4060 Nazianzo;
933 3993 1151 4047 contra
1188 3998 1336 4045 vero
1373 3980 1674 4043 Ecclesire
1706 3979 2122 4042 Nazianzean
2160 3997 2286 4041 non
2324 3980 2721 4056 propositum
2748 4023 2763 4052 ,
2805 3997 2929 4041 non
2965 3981 3401 4060 designatum,
3441 4000 3567 4044 non
3606 3986 3791 4045 ordi-

556 4102 773 4157 natum
807 4092 1201 4170 episcopum,
1232 4086 1341 4147 sed
1376 4085 1813 4145 renuntiatum
1845 4089 2052 4145 tamen
2078 4129 2093 4156 ,
2134 4083 2329 4161 idque
2376 4103 2405 4138 α
2457 4080 2532 4161 (c)
2572 4082 2844 4161 primum
2882 4093 2942 4145 et
2977 4086 3055 4146 ab
3088 4085 3308 4158 initio,
3340 4108 3367 4143 io
3418 4104 3793 4165 quanquam

554 4219 584 4253 α
615 4213 738 4257 non
774 4193 1053 4273 publico,
1083 4213 1111 4247 >2
1150 4190 1261 4250 sed
1294 4189 1482 4250 tacito
1510 4193 1756 4248 tantum
1805 4204 2037 4263 genere
2082 4185 2577 4247 renuntiationis
2623 4206 2637 4246 :
2674 4203 2816 4266 quae
2871 4188 3132 4267 quidem
3164 4188 3375 4266 specie
3421 4194 3610 4248 tenus
3666 4207 3791 4268 pu-

553 4294 832 4374 gnantia,
869 4293 982 4354 hac
1013 4293 1255 4353 ratione
1287 4288 1611 4351 conciliari
1645 4287 1707 4350 et
1741 4288 2016 4364 intelligi
2056 4294 2351 4363 possunt.

630 4394 927 4455 Ecclesia;
966 4392 1234 4470 alicujus
1278 4400 1490 4468 pastor
1527 4406 1655 4451 non
1700 4388 1757 4450 is
1795 4396 2115 4461 censetur,
2160 4405 2276 4449 nec
2324 4388 2387 4448 in
2447 4396 2769 4466 pastorum
2813 4407 3149 4451 numerum
3201 4389 3495 4463 refertur,
3552 4391 3662 4467 qui
3715 4392 3791 4452 ad

553 4512 687 4557 eam
724 4494 986 4567 electus,
1023 4498 1377 4571 promotus,
1416 4489 1509 4550 vel
1546 4490 1733 4551 etiam
1768 4486 2125 4556 ordinatus,
2157 4484 2299 4563 jure
2339 4487 2589 4547 tandem
2625 4489 2831 4561 cadit;
2884 4489 2994 4548 sed
3046 4488 3153 4565 qui
3208 4488 3365 4547 victa
3416 4507 3601 4549 causa
3639 4506 3794 4565 pos.

551 4593 903 4657 sessionem
937 4592 1064 4654 adit
1098 4596 1287 4668 atque
1318 4589 1588 4649 obtinet.
1620 4586 1757 4659 Qua
1788 4585 1988 4663 igitur
2019 4585 2268 4645 ratione
2298 4585 2683 4647 Sasimensis
2711 4589 3001 4650 Ecclesiae
3030 4588 3369 4665 episcopus
3403 4590 3527 4649 dici
3566 4598 3792 4666 posset

550 4696 920 4777 Gregorius,
951 4694 1059 4777 qui
1090 4692 1334 4753 Sasima
1368 4707 1493 4750 non
1527 4689 1737 4766 attigit
1771 4689 2058 4767 quidem,
2100 4706 2214 4750 nec
2250 4690 2381 4751 illic
2413 4691 2793 4768 episcopalis
2837 4692 3121 4753 muneris
3160 4695 3327 4755 vices
3380 4694 3539 4775 ullas
3572 4694 3793 4755 obiit?

550 4800 611 4860 Si
644 4774 882 4859 sesima
931 4774 1094 4854 dixit
1138 4807 1345 4862 «sua,
1377 4813 1404 4845 ι)
1466 4788 1528 4848 id
1587 4805 1708 4848 non
1765 4788 1887 4847 nisi
1936 4787 2175 4849 ironice
2224 4808 2237 4847 :
2297 4791 2621 4865 egregium
2664 4791 2819 4851 illud
2856 4791 3190 4853 Basilianm
3222 4792 3515 4853 amicitiae
3549 4810 3791 4852 munus

555 4898 709 4960 ridet
740 4903 800 4959 et
831 4893 1191 4973 exprobrat.
1220 4888 1330 4950 Vel
1362 4887 1551 4950 etiam
1578 4909 1607 4942 «
1634 4904 1746 4947 sua
1779 4885 2053 4951 ».dicere
2089 4889 2317 4964 potuit,
2347 4890 2494 4966 quia
2529 4891 2649 4951 sibi
2684 4892 3006 4964 attributa,
3044 4892 3169 4952 sibi
3202 4891 3433 4966 oblata,
3464 4891 3585 4953 sibi
3618 4894 3786 4959 data.

551 5002 660 5064 sed
691 5016 723 5061 a
761 4996 961 5059 dubio
995 5007 1395 5075 possessore.

630 5103 1004 5179 Priusquam
1033 5095 1275 5158 Sasima
1303 5090 1723 5160 dimittamus,
1762 5091 2057 5167 exemplo
2096 5108 2226 5155 rem
2266 5092 2765 5155 illustrabimus.
2800 5095 3210 5170 Beneﬁcium,
3245 5102 3313 5157 ut
3344 5102 3565 5156 vocant
3600 5096 3789 5168 illud,

551 5204 656 5264 cui
694 5202 1051 5265 animarum
1084 5212 1232 5259 cura
1267 5191 1603 5265 incumbit,
1642 5190 1831 5269 vulgo
1864 5200 2179 5264 curatum,
2227 5195 2338 5255 uni
2378 5194 2609 5256 clerico
2662 5205 3001 5273 patronus;
3053 5198 3207 5258 alter
3252 5213 3365 5275 pro
3418 5201 3685 5273 patrono
3720 5215 3791 5258 se

551 5321 781 5383 gerens
807 5302 982 5364 alteri
1013 5300 1353 5379 praesentet
1383 5292 1835 5372 conferatque;
1870 5302 1977 5355 aut
2008 5307 2179 5357 certe
2212 5298 2274 5357 in
2306 5297 2481 5359 curia
2512 5299 2792 5359 Romana
2827 5300 3039 5377 quivis
3075 5300 3237 5361 alius
3287 5300 3592 5362 obtineat.
3629 5303 3789 5363 Pos-

551 5405 839 5467 sessione
866 5404 1011 5482 jura
1042 5418 1155 5461 sua
1195 5398 1399 5458 ﬁrmet
1426 5394 1627 5464 alter;
1667 5395 1821 5457 alter
1845 5404 1952 5458 aut
1977 5406 2288 5471 arceatur,
2322 5406 2430 5459 aut
2459 5400 2719 5477 segnius
2750 5410 2912 5479 agat.
2943 5404 3105 5464 Dum
3133 5402 3386 5464 interim
3416 5402 3534 5463 sub
3559 5405 3792 5480 judice

554 5508 629 5567 lis
659 5512 781 5579 est,
820 5505 987 5563 intra
1013 5515 1279 5569 annum,
1314 5502 1381 5556 ut
1414 5494 1502 5568 ﬁt,
1536 5495 1890 5556 sacerdotio
1924 5504 2194 5576 uterque
2230 5498 2517 5561 initietur
2556 5517 2628 5560 ea
2666 5510 2877 5564 mente
2915 5510 2975 5564 et
3009 5502 3300 5577 consilio,
3328 5510 3392 5564 ut
3427 5500 3631 5564 ofﬁcio
3662 5519 3791 5563 suo

552 5606 733 5685 fungi
765 5605 987 5664 valeat.
1022 5599 1116 5661 Ad
1148 5595 1492 5661 Ecclesiam
1554 5593 1839 5655 eamdem
1892 5595 2169 5657 ordinati
2222 5597 2407 5660 ambo
2446 5599 2544 5661 vel
2593 5599 2837 5663 interea
2888 5602 3307 5682 paciscantur,
3364 5604 3455 5665 vel
3512 5610 3789 5666 senatus

621 5767 698 5841 (τι)
736 5768 913 5841 _C_a_rm.
948 5763 1154 5841 ηεξ-νέῳ
1193 5778 1323 5828 sua,
1355 5774 1403 5814 v.
1437 5758 1561 5823 497,
1605 5765 1659 5813 et
1680 5757 1809 5829 :seq.
2289 5763 2359 5835 (ε)
2398 5763 2566 5835 Epist,
2596 5768 2666 5823 al,
2696 5767 2821 5823 295,

624 5832 695 5907 (ὁ)
732 5837 899 5905 Epist.
931 5836 1002 5888 al.
1037 5832 1132 5900 £24
