3918 6552
192 371 240 427 73
1141 358 1510 418 PREFATIO
1547 357 1958 415 GENERALIS.
1995 390 2068 401 —
2104 361 2282 417 PARS
2319 361 2382 418 ll.
2623 317 2626 324 1
3339 360 3408 417 ’Πι

184 482 455 546 mnsalto
483 482 846 562 possidenti
883 480 990 560 jus
1035 486 1386 552 asseratur,
1434 474 1531 539 vel
1581 475 1746 537 alter
1793 474 2122 555 denique,
2178 477 2448 540 minime
2498 479 2974 553 contentiosus,
3027 494 3146 543 nec
3193 479 3406 542 litium

185 599 403 658 amans,
444 581 754 645 aemulum
786 580 956 642 ultro
985 579 1150 642 sinat
1189 592 1662 657 possessorem,
1693 575 1951 654 ipsique
1984 592 2107 639 suo
2131 577 2278 656 jure
2311 581 2514 642 cedat.
2546 580 2852 643 Sacerdos
2878 581 3140 661 quidem
3172 580 3229 642 is
3262 581 3408 656 erit,

187 680 534 759 prapositus
573 678 793 750 etiam,
827 678 1225 754 designatus,
1260 674 1728 751 ordinatusque
1756 673 1834 735 ad
1869 674 2217 738 Ecclesiam
2251 676 2448 751 illam,
2481 680 2658 740 velut
2688 679 2762 742 ad
2793 679 3218 742 Sasimensem
3250 679 3412 741 Gre-

184 780 378 858 gorius
444 781 614 842 Num
645 781 889 846 idcirco
919 779 1168 841 dicetur
1198 776 1376 839 illius
1407 774 1534 837 loci
1569 775 1890 850 sacerdos,
1929 781 1994 839 et
2029 776 2096 837 in
2127 783 2450 855 pastorum
2485 778 2676 858 hujus
2707 780 3009 842 Ecclesiae
3039 779 3400 857 catalogum

184 900 448 963 unquam
490 882 852 947 referetur?
893 881 1162 943 Minime
1196 896 1395 953 sane;
1429 876 1582 957 quia
1614 875 1814 945 dubio
1843 893 2098 955 semper
2122 883 2232 941 aut
2262 886 2676 942 controverso
2670 881 2842 982 .jure
2873 897 2994 942 suo
3025 880 3259 942 cecidit
3288 885 3400 939 aut

180 993 386 1065 sponte
421 985 642 1047 cessit.

241 1086 423 1160 Quod
464 1090 650 1147 aetate
687 1090 900 1146 nostra
935 1105 966 1140 α
1001 1079 1558 1162 prmsentationes,
1591 1076 2019 1157 provisiones,
2052 1081 2430 1145 collationes
2461 1105 2490 1138 η
2525 1089 2789 1157 vocant,
2829 1082 2949 1144 hoc
2981 1081 3253 1160 majores
3284 1097 3409 1143 no-

181 1188 280 1250 stri
332 1189 410 1250 ad
466 1191 636 1250 hanc
683 1189 782 1250 vel
814 1187 992 1249 illam
1029 1183 1378 1248 Ecclesiam
1423 1182 1862 1244 ordinationes
1911 1185 2359 1263 appellabant;
2402 1188 2552 1267 quia
2600 1196 2754 1249 tunc
2803 1203 2994 1248 nemo
3036 1188 3176 1248 sine
3219 1187 3412 1254 titulo

180 1292 603 1355 ordinabatur.
634 1288 792 1362 Quae
820 1287 874 1349 si
913 1285 1212 1348 alicunde
1238 1300 1432 1346 cassae
1471 1282 1861 1345 haberentur
1895 1289 1956 1344 et
2008 1285 2224 1357 irritae,
2264 1288 2512 1350 nullum
2542 1335 2559 1364 ,
2605 1298 2678 1349 ut
2709 1289 2791 1350 ita
2831 1288 3075 1365 loquar,
3113 1292 3187 1350 ad
3231 1297 3411 1351 extra

179 1397 600 1459 sortiebantur
647 1390 938 1452 effectum
997 1409 1013 1448 :
1068 1393 1129 1448 et
1177 1384 1288 1464 qui
1326 1383 1572 1445 nullius
1599 1381 1734 1444 'loci
1776 1384 2071 1446 sacerdos
2119 1394 2226 1447 aut
2277 1387 2618 1467 episcopus
2655 1389 2975 1457 manebat,
3012 1410 3040 1445 α
3078 1390 3346 1463 Vacans,
3379 1413 3409 1446 »

177 1505 462 1580 σχολάζων,
517 1493 873 1556 dicebatur.
908 1491 1080 1553 Talis
1135 1488 1280 1562 fuit,
1318 1494 1386 1551 ut
1439 1506 1512 1549 ex
1548 1486 1736 1547 dictis
1773 1492 1965 1562 patet,
1994 1486 2314 1550 ordinatio
2345 1492 2635 1568 Gregorii
2671 1492 2744 1552 ad
2779 1492 3044 1552 Sasima.

245 1599 460 1662 Fuerit
494 1612 646 1673 ergo
694 1592 1044 1670 Gregorius
1099 1593 1174 1650 ad
1234 1589 1476 1652 Sasima
1529 1586 1930 1665 propositus,
1979 1586 2390 1667 designatus,
2434 1592 2988 1670 inauguratusque
3040 1593 3408 1672 episcopus,

177 1697 556 1764 ordinationi
584 1712 719 1756 sum
763 1692 1208 1763 consenserit,
1241 1685 1629 1751 Sasimensis
1661 1692 1869 1746 tamen
1900 1687 2244 1767 episcopus
2278 1707 2397 1753 nec
2424 1689 2583 1764 fuit,
2618 1710 2736 1754 nec
2767 1692 2890 1753 dici
2921 1699 3152 1770 potest,
3184 1694 3303 1754 nisi
3335 1694 3414 1756 ab

175 1802 396 1865 invidis
431 1803 493 1860 et
525 1777 1143 1866 calumniatoribus;
1179 1793 1422 1871 quippe
1446 1788 1559 1868 qui
1595 1804 1713 1848 nec
1740 1795 1984 1866 aperte,
2017 1808 2132 1853 nec
2167 1792 2372 1865 tacite,
2412 1810 2539 1854 non
2585 1796 2916 1868 canonica,
2948 1810 3074 1855 non
3104 1796 3225 1856 alia
3262 1814 3416 1873 qua-

177 1904 255 1965 vis
293 1901 550 1963 ratione
590 1895 714 1958 loci
760 1894 940 1955 illius
989 1893 1332 1972 episcopus
1381 1887 1576 1951 fuerit
1636 1886 2083 1963 renuntiatus,
2140 1891 2374 1952 nedum
2425 1907 2707 1971 unquam
2755 1891 2819 1953 in
2871 1894 3222 1956 Sasimensi
3261 1897 3415 1956 sede

175 2003 514 2067 collocatus
551 2003 615 2059 et
650 1980 962 2056 firmatus.

234 2108 392 2181 Qum
445 2103 764 2165 hactenus
812 2092 1283 2170 disputavimus
1306 2133 1323 2160 ,
1356 2097 1570 2169 aperta
1597 2135 1614 2164 ,
1648 2108 1792 2153 vera
1816 2134 1833 2162 ,
1868 2098 2035 2153 certa
2063 2135 2078 2163 ,
2110 2091 2474 2153 necessaria
2531 2099 2711 2155 erant
2748 2095 2824 2154 ad
2876 2096 3340 2174 pr0pulsandas
3380 2117 3414 2160 a

172 2208 468 2287 Ghagorio
502 2206 727 2263 nostro
760 2193 1159 2264 calumnias;
1191 2198 1331 2268 apta
1366 2189 1558 2251 etiam
1611 2199 1670 2254 et
1711 2193 2043 2254 commoda
2091 2192 2163 2253 ad
2213 2191 2698 2270 abstergendam
2732 2212 2764 2254 a
2814 2204 2988 2257 textu
3027 2198 3245 2260 Graeco
3279 2215 3417 2260 cor-

172 2306 491 2389 ruptionis
530 2310 773 2369 notam,
819 2303 1012 2375 atque
1042 2295 1118 2355 ad
1155 2293 1498 2354 tollendam
1533 2294 1610 2355 ab
1645 2292 2001 2355 innumeris
2034 2291 2232 2366 locis,
2277 2292 2387 2371 qui
2446 2310 2727 2370 pugnare
2775 2295 2942 2358 inter
2979 2317 3049 2361 se
3087 2302 3414 2374 videntur,

171 2405 674 2493 repugnantiam.
706 2401 838 2460 Hac
879 2396 976 2457 via
1023 2395 1327 2456 nimirum
1370 2394 1609 2474 iniqum
1647 2396 1726 2455 de
1761 2392 2177 2453 translatione
2224 2392 2300 2454 ad
2351 2391 2567 2453 sedem
2628 2393 3414 2476 ConstantinOpolitanam

170 2513 597 2597 quastiones;
632 2504 710 2565 de
749 2499 951 2560 tribus
979 2497 1488 2576 episcopatibus,
1524 2493 1855 2572 simulque
1889 2492 2093 2564 nullo,
2129 2508 2318 2552 merae
2355 2492 2591 2552 veteris
2629 2493 2885 2555 invidia;
2924 2516 2993 2557 ac
3034 2501 3410 2562 reccntioris

169 2593 494 2695 cujusdam
542 2599 876 2680 scriptoris
911 2616 1026 2659 seu
1067 2596 1404 2658 calumniae
1436 2614 1548 2657 seu
1585 2601 1937 2656 commenta
1979 2593 2099 2672 (a);
2133 2593 2213 2655 de
2247 2601 2547 2672 corrupto
2580 2596 2769 2671 epist.
2807 2616 3008 2659 ccxxv
3046 2612 3226 2663 textu
3258 2621 3418 2665 con-

165 2693 416 2796 imum
449 2707 888 2770 evanescunt;
925 2715 1200 2775 veraque
1235 2705 1385 2757 sunt
1424 2704 1485 2757 et
1519 2694 1839 2771 eXpedita,
1875 2709 2018 2770 quae
2055 2694 2115 2753 in
2152 2693 2421 2769 epistola
2454 2693 2611 2753 alias
2647 2712 2776 2755 xui
2809 2698 3139 2761 et‘iterum
3169 2702 3232 2763 in
3273 2705 3417 2782 epi-

169 2793 311 2878 stola
358 2810 520 2872 alias
568 2818 799 2870 CCXXV.
850 2807 910 2860 et
959 2799 1025 2858 in
1071 2797 1212 2858 aliis
1267 2796 1426 2856 locis
1490 2797 1724 2875 legenti
1771 2797 2024 2874 negotia
2070 2793 2469 2855 facessebant
2513 2815 2528 2852 :
2575 2797 2746 2871 quod
2792 2799 3068 2875 amplius
3117 2805 3419 2881 sequenti

170 2911 620 2980 dissertatione
648 2903 727 2963 de
763 2900 1135 2977 episcopatu
1168 2897 1570 2958 Nazianzeno
1604 2896 1865 2976 patebit.
1902 2897 2084 2956 Hanc
2117 2893 2373 2956 claudet
2408 2893 2850 2958 testimonium
2886 2900 3117 2964 Nicetaa
3149 2907 3417 2985 Paphla-

170 3017 337 3094 gonis
381 3020 538 3072 tom.
575 3005 660 3064 Vl
693 3002 858 3063 Bibl.
894 2998 1398 3060 Concionatoriaa
1445 3009 1618 3077 parte
1654 2999 1856 3077 prima
1904 2999 2025 3059 sub
2080 2999 2270 3059 finem
2299 3040 2315 3070 ,
2372 3010 2504 3074 quo
2557 2997 2820 3074 quidem
2874 3005 3244 3071 testimonio
3289 3018 3419 3074 ιοιει

169 3109 628 3199 propemodum
658 3100 1038 3178 disceptatio
1073 3116 1352 3173 praesens
1380 3117 1450 3160 ac
1485 3101 1776 3177 proxima
1813 3100 2203 3160 continetur.

235 3224 578 3296 Postquam
615 3205 892 3272 narravit
924 3212 1136 3268 orator
1167 3206 1272 3284 (b),
1299 3209 1623 3283 quomodo
1657 3211 2129 3289 episcoporum,
2166 3205 2549 3267 Antiocheni
2587 3207 2651 3265 in
2681 3203 2902 3280 primis
2938 3211 3145 3286 magni
3176 3213 3420 3278 Meietii

168 3325 347 3394 votis,
380 3313 740 3392 Gregorius
773 3306 966 3368 fuerit
998 3308 1066 3367 in
1095 3308 1249 3368 sede
1300 3307 2008 3390 Constantinopolitana
2076 3308 2464 3379 collocatus,
2528 3305 2877 3385 objectioni
2933 3311 3212 3372 occurrit
3275 3333 3422 3392 per-

168 3425 377 3504 gitque
413 3441 428 3478 :
469 3439 500 3472 α
535 3417 616 3475 At
653 3398 842 3472 nemo
879 3405 1232 3483 illegitime,
1268 3413 1615 3487 contraque
1645 3427 1717 3471 ac
1751 3427 1926 3472 sacra
1965 3407 2265 3469 Ecclesim
2302 3407 2522 3485 regula
2556 3413 2863 3467 statutum
2901 3418 3021 3477 est,
3057 3411 3132 3471 ad
3171 3416 3416 3477 tertiam

169 3551 302 3596 eum
336 3527 688 3592 arbitretur
719 3505 1049 3577 transferri
1089 3505 1334 3567 sedem.
1369 3505 1526 3567 Nam
1563 3524 1716 3587 neql

1875 3529 1884 3569 ι
1921 3525 2024 3570 res
2099 3506 2427 3569 translatio
2465 3514 2584 3577 est,
2619 3509 2732 3568 sed
2784 3509 3037 3583 electio,
3089 3515 3422 3596 primaque

168 3657 233 3702 ac
264 3638 452 3701 unica
484 3635 546 3693 in
583 3626 740 3690 urbe
776 3621 1059 3696 Augusta
1099 3631 1214 3689 pro
1249 3611 1530 3691 episcepi
1559 3615 1892 3690 dignitate,
1928 3622 2120 3694 atque
2154 3631 2420 3676 munere
2453 3613 2625 3675 sedis
2666 3610 3024 3675 collocatio.
3056 3615 3208 3676 Nam
3247 3621 3420 3696 quod

169 3746 363 3824 primo
395 3735 695 3804 Sasimis,
728 3721 1160 3792 utidicebam,
1195 3718 1527 3798 prtefectus
1563 3727 1700 3794 est,
1734 3722 1798 3784 id
1853 3722 2064 3784 solum
2106 3720 2528 3800 promotiouis
2586 3737 2772 3781 causa
2825 3719 2971 3794 fuit,
3018 3738 3160 3783 cum
3208 3742 3424 3805 neque

172 3822 374 3907 sedem
423 3831 766 3914 receperit,
807 3844 926 3890 nec
973 3822 1237 3886 omnino
1272 3822 1404 3884 illic
1450 3824 1875 3901 ordinaverit,
1919 3825 2192 3888 ullamve
2245 3825 2577 3904 mysticam
2632 3824 3062 3887 initiationem
3099 3847 3210 3906 pro
3247 3835 3426 3892 anti-

175 3949 328 4010 stitis
357 3943 656 4026 partibus
686 3930 1101 4001 celebraverit
1128 3951 1144 4004 ;
1178 3931 1352 4008 quod
1381 3946 1610 4008 nempe
1655 3930 1905 3992 viculus
1931 3929 2010 3992 ad
2037 3929 2518 3991 sustentandam
2547 3925 2972 4027 episcOpalem
3011 3930 3226 3991 sedem
3249 3941 3423 3996 esset

178 4048 434 4111 omnino
473 4043 762 4118 ineptus.
804 4031 1274 4094 Nazianzenam
1320 4035 1528 4091 autem
1591 4029 1952 4092 cathedram
1999 4030 2321 4109 quondam
2377 4029 2731 4101 curavisse,
2794 4043 2937 4088 cum
2999 4036 3176 4103 pater
3249 4033 3425 4096 illius

178 4147 512 4226 episcopus
539 4129 751 4207 esset;
782 4139 845 4192 at
873 4146 1000 4191 non
1033 4133 1173 4207 ejus
1204 4133 1484 4190 creatum
1514 4144 1655 4190 esse
1680 4129 2082 4208 epi500pum,
2112 4135 2220 4190 aut
2253 4131 2468 4190 sedem
2509 4127 2680 4190 illam
2719 4148 3000 4210 unquam
3033 4138 3419 4215 suscepisse.

176 4248 386 4310 Solum
415 4249 637 4305 autem
673 4233 867 4316 patris
897 4235 1152 4297 hortatu
1182 4251 1251 4295 ac
1291 4234 1476 4314 jussu
1535 4241 1605 4294 ut
1635 4233 1794 4296 sacri
1846 4233 2192 4296 ministerii
2250 4233 2569 4296 defectum
2621 4235 2941 4315 impleret,
2992 4241 3085 4302 sic
3123 4241 3426 4304 Ecclesiae

177 4368 378 4414 caram
405 4344 803 4421 suscepisse,
835 4349 905 4401 ut
929 4348 1202 4403 senectae
1237 4339 1509 4402 fulcrum
1543 4359 1614 4402 ac
1649 4348 1930 4417 paternae
1963 4339 2421 4402 imbecillitatis
2476 4342 2983 4402 sustentaculum
3016 4341 3291 4403 audiret.
3333 4343 3423 4404 lla

179 4476 321 4520 vero
351 4475 420 4520 se
454 4470 591 4516 rem
618 4451 876 4520 habere,
911 4446 1102 4508 etiam
1139 4462 1217 4507 ex
1248 4445 1329 4506 iis
1362 4444 1773 4523 perSpicuum
1805 4451 1926 4517 est,
1959 4462 2102 4522 quae
2135 4443 2271 4522 ipse
2303 4443 2380 4506 ad
2414 4443 2792 4521 Gregorium
2822 4443 2942 4508 sibi
2975 4446 3424 4523 cognominem

181 4566 386 4626 scribit
409 4562 490 4642 (c)
523 4582 541 4621 :
578 4582 605 4615 α
629 4559 803 4618 Inter
847 4569 1072 4618 omnes
1121 4552 1358 4614 etenim
1400 4557 1648 4613 constat
1681 4568 1781 4612 me
1811 4567 1939 4611 non
1975 4550 2306 4622 Nazianzi,
2333 4551 2441 4613 sed
2475 4551 2863 4612 Sasimorum
2897 4552 3247 4614 antistitem
3284 4571 3422 4615 cre-

185 4690 212 4721 ι
250 4676 438 4737 atum,
471 4660 924 4744 (propositum,
947 4657 1385 4736 προεϐλήθημεν)
1423 4655 1646 4728 fuisse,
1669 4655 1917 4716 tametsi
1940 4655 2004 4715 in
2023 4655 2214 4734 patris
2233 4655 2649 4718 reverentiam
2666 4663 2961 4717 eteorum
2980 4658 3088 4736 qui
3105 4657 3424 4735 supplices

186 4794 216 4826 ι
249 4772 360 4834 hoc
387 4787 423 4833 a
454 4787 557 4831 me
591 4761 1077 4834 contenderunt,
1101 4761 1176 4824 ad
1214 4761 1405 4822 breve
1439 4766 1710 4837 tempus,
1735 4757 1919 4837 quasi
1946 4757 2228 4835 hospites
2259 4757 3157 4836 praefecturamsuscepimus.
3187 4781 3214 4815 ιο
3239 4759 3422 4832 Quod

185 4873 367 4950 igitur
396 4877 577 4952 pater
609 4862 940 4929 mortalem
977 4860 1170 4920 vitam
1203 4856 1418 4918 divina
1449 4860 1984 4928 commutaverat,
2015 4863 2346 4917 vacantem
2370 4856 2500 4934 jam
2539 4855 2876 4918 inventum
2900 4857 3109 4919 divina
3152 4858 3428 4936 Spiritus

188 4978 395 5056 gratia,
430 4974 714 5051 vitaeque
747 4986 816 5030 ac
845 4963 1150 5028 doctrinae
1186 4960 1467 5023 humana
1521 4959 1759 5038 majore
1810 4960 2174 5037 praestantia
2221 4971 2440 5038 postea
2489 4958 2919 5035 clarissimum
2971 4958 3298 5029 effectum,
3359 4959 3424 5019 in

195 5081 354 5144 urbis
383 5085 694 5156 Augusta
721 5071 884 5135 solio
914 5072 1221 5149 quantum
1266 5064 1468 5127 oculis
1503 5063 1927 5144 conspicuum
1992 5071 2148 5142 erat,
2191 5066 2561 5140 constituit;
2623 5071 2935 5145 quantum
2968 5069 3180 5127 autem
3207 5064 3426 5126 animo

193 5183 582 5262 aspectabile,
618 5177 794 5241 orbis
827 5181 1138 5236 terrarum
1171 5169 1412 5232 bonum
1449 5175 1764 5246 pastorem
1799 5186 2232 5249 magnumque
2265 5171 2614 5234 antistitem
2647 5170 2926 5249 praeficit.
2962 5191 2990 5226 »

271 5289 515 5367 Rejecto
541 5279 897 5346 Sasimensi
922 5278 1321 5357 episcopatu,
1364 5273 1754 5351 rejiciendus
1792 5291 2052 5352 quoque
2080 5276 2547 5351 Nazianzenus,
2587 5283 2648 5339 et
2676 5271 3429 5351 Constantinopolitanus

200 5396 287 5447 est
311 5388 689 5451 asserendus
725 5405 740 5444 :
775 5382 838 5443 id
857 5379 1118 5460 quidem
1151 5376 1600 5456 exsequimur.
1633 5375 1918 5454 Abjectis
1953 5376 2249 5450 Sasimis,
2272 5378 2621 5457 Gregorius
2645 5380 2712 5441 in
2744 5380 3156 5443 solitudinem
3180 5398 3248 5444 se
3280 5396 3433 5442 con-

205 5489 352 5563 luiit,
383 5507 415 5550 e
441 5507 569 5570 qua
603 5492 934 5558 retractus,
964 5482 1236 5562 roganti,
1258 5482 1352 5544 vel
1383 5480 1634 5561 jubenti
1668 5481 1825 5559 patri
1870 5479 1932 5543 id
1962 5487 2208 5545 tantum
2240 5483 2557 5546 concessit
2588 5484 2672 5564 (ἀ)
2702 5491 2770 5547 ut
2802 5507 2832 5542 cr
2867 5484 3262 5550 collaborans
3287 5502 3434 5549 cum

275 5675 336 5746 (α)
373 5675 732 5749 ρυρῖιιοηβίδι-
765 5669 892 5749 secl-
928 5672 1011 5749 ιίιτ
1053 5668 1393 5749 (Ξκεαοκιυεο
1451 5739 1462 5749 .
1553 5735 1587 5749 ,η

819 5669 892 5749 ες.
928 5672 1011 5749 tit.
1053 5668 1393 5749 Gnaoomus.
1451 5739 1462 5749 .
1553 5735 1587 5749 ﬁ
2043 5669 2140 5749 Ep.
2176 5670 2366 5749 τιμή.

279 5739 336 5814 ib)
371 5739 518 5802 Toin.
559 5745 643 5810 V'I,
693 5759 745 5813 p.
777 5741 902 5809 651,
933 5743 1035 5796 col.
1063 5741 1119 5808 2,
1151 5758 1216 5796 cx
1259 5749 1394 5794 orat.
1445 5739 1500 5792 in
1546 5739 1750 5808 Grego-
1929 5739 2006 5810 (ά)
2037 5740 2215 5816 Carm.
2253 5741 2326 5794 De
2361 5743 2462 5796 vita
2497 5759 2612 5808 sua,
2656 5759 2702 5797 v.
2739 5743 2862 5798 500.

214 5828 350 5870 vnum.

500 5914 778 5976 Pnnon.
825 5912 944 5975 Gn.
990 5908 1256 5971 XXXV.
3130 5894 3168 5952 3
