3926 6410
520 296 586 350 79
834 312 835 319 η
1495 272 1865 333 PREFATIO
1902 267 2313 328 GENERALIS.
2355 296 2425 305 —-
2460 260 2643 318 PARS
2681 260 2747 316 ll.
3696 249 3765 305 80

524 418 673 482 tam,
707 408 819 489 qui
860 402 1032 469 nulla
1087 403 1333 466 ratione
1364 416 1589 481 passus
1621 415 1763 462 sum
1800 397 1868 458 in
1905 411 1977 458 ea
2023 411 2124 455 me
2155 387 2480 461 collocari,
2514 401 2705 466 quam
2735 383 2881 464 jure
2909 377 3289 460 (equissimo
3320 375 3617 439 obtinere
3651 389 3768 453 po-

522 514 749 574 teram.
787 534 811 566 ι
2114 520 2121 525 ι

608 614 981 691 Legitimam
1009 612 1181 675 enim
1211 609 1411 681 illam,
1462 613 1533 670 ut
1561 605 1645 667 ita
1684 604 1931 682 loquar,
1964 622 1991 656 α
2046 598 2158 659 intl

2215 592 2688 663 'onizalionem,
2727 610 2757 646 η
2793 584 3054 650 ἔνθεσμον
3077 582 3310 653 ἵδρυσιν,
3340 595 3467 641 non
3512 575 3765 647 factam,

527 714 639 775 sed
678 673 948 776 dblatam
977 732 995 785 ;
1028 726 1155 772 non
1194 673 1483 772 traditam
1509 752 1527 782 ,
1570 714 1637 769 ut
1674 673 1922 765 Bil'lius'
1945 699 2155 764 reddit
2182 744 2199 773 ,
2231 696 2342 759 sed
2374 692 2750 756 tradendam
2791 702 3055 749 uxorem
3088 681 3440 760 Gregorius
3478 721 3496 751 ,
3553 676 3608 737 si
3673 673 3768 735 fas

530 822 626 877 est
661 813 894 887 dicere,
927 810 1297 891 dereliquit.
1330 810 1465 871 Nec
1495 809 1735 869 incerta
1788 820 1892 866 res
1923 823 1940 863 :
1974 800 2149 863 illam
2185 795 2455 877 probant
2484 808 2710 854 versus
2766 783 3068 849 carminis
3111 784 3191 843 De
3220 781 3351 842 cita
3386 796 3500 839 sua
3555 775 3670 837 541
3712 785 3770 836 et

530 934 666 995 seq.
702 917 777 977 Et
804 923 985 977 certe
1016 913 1256 976 nemini
1290 911 1561 974 dubium
1598 926 1741 970 esse
1773 911 2003 985 potest,
2044 900 2200 982 quin
2233 894 2554 968 universi,
2588 909 2717 955 non
2757 896 2999 953 tantum
3038 881 3408 966 provinciae,
3445 877 3556 942 sed
3599 877 3768 939 orbis

531 978 753 1089 totius,
789 1032 978 1094 quam
1016 1016 1137 1075 late
1167 1018 1381 1091 patet,
1414 1007 1722 1090 praesules
1758 978 1835 1068 ad
1892 978 2295 1066 evehendnm
2353 993 2741 1073 Gregorium
2804 991 2883 1053 ad
2921 988 3360 1067 episcopatum
3396 1023 3413 1053 ,
3451 998 3565 1043 seu
3605 978 3772 1038 Sasi-

530 1112 843 1191 mensem,
868 1136 984 1182 seu
1009 1117 1479 1181 Nazianzenum
1526 1113 1795 1175 libenter
1826 1107 2327 1187 conSpirassent,
2351 1102 2405 1164 si
2431 1102 2568 1180 ipse
2600 1093 3061 1161 consensisset.
3098 1112 3127 1146 ι
3162 1089 3288 1150 Nec
3327 1084 3527 1157 enim,
3562 1080 3772 1160 inquit

530 1223 609 1283 de
641 1238 709 1283 se
740 1221 881 1301 ipso
913 1220 1020 1301 (a),
1052 1219 1211 1282 adeo
1246 1214 1564 1297 episcOpis
1601 1209 1995 1291 contemptui
2024 1225 2274 1279 sumus,
2306 1210 2373 1267 ut
2404 1202 2603 1269 alium
2644 1203 2944 1261 manente
2980 1211 3081 1255 me
3115 1187 3600 1252 renuntiarent:
3644 1204 3673 1238 ι
3700 1196 3771 1261 eo

532 1338 732 1385 sensu
777 1338 858 1383 ne
894 1341 923 1377 α
958 1317 1278 1399 propriam
1324 1316 1589 1396 quidem
1628 1328 1924 1385 uxorem,
1958 1332 1988 1366 ιο
2018 1308 2318 1370 sedemve
2367 1302 2739 1380 legitimam,
2781 1318 2811 1354 «
2852 1294 3083 1369 habere
3122 1314 3149 1347 ιο
3191 1288 3474 1351 voluisse
3502 1282 3771 1347 creden-

531 1426 653 1487 dus
684 1428 803 1487 est.
835 1381 1106 1483 Leviora
1136 1424 1288 1481 sunt
1326 1381 1467 1496 qua)
1498 1381 1923 1492 objiciuntur,
1955 1410 2125 1488 quod
2162 1405 2510 1483 Gregorius
2542 1422 2571 1457 «
2618 1416 2769 1461 suos
2801 1420 2829 1453 »
2865 1392 3138 1474 appellat
3166 1388 3602 1454 Nazianzenos
3641 1381 3721 1464 (b)
3755 1404 3769 1443 :

537 1545 566 1579 α
599 1523 704 1584 sui
740 1544 769 1578 ιι
802 1519 1082 1600 profecto
1109 1524 1311 1591 erant,
1348 1514 1568 1594 patria,
1603 1486 2026 1581 habitatione,
2058 1507 2317 1576 aﬁ‘ectu,
2356 1519 2509 1565 cura
2539 1517 2611 1562 ac
2643 1496 3089 1560 sollicitudine
3136 1509 3384 1564 eorum,
3421 1506 3612 1569 quam
3648 1486 3772 1565 plus

538 1628 663 1690 ries
692 1624 998 1704 suscepit,
1034 1622 1171 1684 sive
1201 1621 1352 1682 dum
1384 1626 1559 1697 pater
1579 1615 1766 1678 senio
1796 1610 2124 1674 confectus
2159 1610 2488 1685 superstes
2524 1609 2717 1674 esset,
2755 1600 2891 1661 sive
2923 1603 3063 1678 post
3089 1603 3356 1657 mortem
3390 1587 3773 1670 ipsius,siva

541 1732 680 1804 post
718 1692 1068 1788 abdicatam
1102 1720 1317 1784 sedem
1349 1692 2163 1791 Constantinopolitanae),
2199 1707 2310 1769 sed
2350 1720 2684 1785 nunquam
2718 1707 2784 1763 ut
2821 1698 3120 1778 proprius
3154 1712 3375 1759 eorum
3407 1692 3773 1781 epiSCOpus.

541 1779 680 1804 τ-νν-
719 1779 1068 1788 υη--ηη-
1103 1779 1246 1784 -νη
1287 1779 1312 1780 η
1417 1779 1423 1780 κ
1784 1779 1795 1791 .
2513 1779 2531 1785 _

538 1833 640 1892 Sat
670 1829 749 1892 de
779 1825 1125 1889 Sasimensi
1156 1829 1217 1886 et
1242 1819 1645 1883 Nazianzeno
1678 1812 2155 1895 episc0patibus
2181 1809 2424 1871 dictum
2447 1853 2465 1881 ,
2495 1814 2690 1883 atque
2739 1801 2929 1864 etiam
2968 1798 3149 1879 plura
3182 1795 3397 1858 forsan
3433 1779 3626 1873 quam
3659 1809 3774 1855 ne-

542 1948 719 1995 CBSSB
761 1936 914 1993 erat.

620 2034 867 2099 Amotis
898 2026 1245 2093 Sasimensi
1291 2032 1354 2087 et
1402 2021 1817 2084 Nazianzeno
1855 2010 2376 2094 epiSCOpatibus,
2414 2023 2581 2087 quos
2637 2018 2971 2082 nunquam
3012 2020 3045 2063 a
3077 2000 3387 2078 Gregorio
3438 2004 3780 2077 occupatos

541 2120 1261 2203 fuissedemonstratum
1293 2122 1783 2195 nobis‘videtur,
1818 2122 2116 2196 superest
2148 2120 2218 2175 ut
2241 2110 2338 2172 vel
2368 2110 2646 2203 nullius,
2682 2108 2785 2169 vel
2827 2122 2977 2168 sane
3016 2102 3196 2165 urbis
3237 2102 3780 2178 Constantinopo-

546 2247 646 2317 lis,
678 2257 797 2302 nec
826 2235 952 2299 nisi
980 2225 1576 2309 ConstantinOpolis
1615 2223 1957 2302 episcopus
1988 2215 2395 2279 renuntiatus
2428 2198 2622 2272 fuerit
2662 2206 3043 2285 Gregorius.
3085 2200 3781 2279 Constantinopolitani

543 2345 830 2432 episcopi
863 2340 1126 2405 titulum
1167 2335 1463 2416 plerique
1498 2346 1689 2393 manu
1721 2324 1958 2389 exarati
1994 2321 2247 2385 codices
2296 2316 2639 2394 prmferunt
2671 2337 2690 2391 ;
2723 2308 3504 2389 ConstantinOpolitanum
3564 2325 3781 2383 revera

1492 2430 1504 2432 _
1653 2426 1664 2432 -
1844 2423 1856 2432 .
2099 2426 2109 2432 .
2313 2426 2324 2432 -
2504 2416 2516 2427 ο
2573 2422 2584 2432 .
2804 2429 2884 2432 -u
2948 2412 2996 2432 3-
3064 2408 3552 2432 m-_l-f,--_--_1
3613 2407 3743 2432 νιι-

543 2407 916 2530 episcopum
952 2407 1289 2500 fuisseres
1323 2407 1459 2510 ipsa
1491 2426 1802 2508 loquitur,
1844 2423 2198 2501 loquuntur
2231 2426 2364 2481 acta
2398 2416 2760 2493 scriptaque
2793 2412 3029 2474 omnia.
3064 2411 3263 2472 Tanta
3294 2408 3555 2472 fuerunt
3588 2431 3618 2463 α
3650 2407 3781 2489 ple‘

546 2507 670 2622 bis,
697 2554 1221 2625 possessorum,»
1270 2540 1339 2595 ut
1399 2543 1679 2594 canones
1746 2521 2272 2605 praescribunt,«
2312 2514 2842 2586 clarissimorum,
2902 2508 3331 2590 imperatoris,
3409 2507 3588 2582 cleri,
3654 2510 3781 2590 epi-

548 2662 912 2728 scaporum,
944 2665 975 2699 »
1013 2640 1298 2701 virorum
1330 2632 1520 2695 etiam
1567 2647 1638 2693 ac
1696 2626 2041 2689 mulierum
2069 2668 2084 2697 ,
2118 2620 2495 2698 Gregorium
2560 2614 2898 2695 praesulem
2953 2611 3415 2690 postulantium
3467 2611 3683 2674 studia
3728 2620 3779 2675 el

547 2764 720 2826 vota,
754 2756 818 2812 ut
850 2763 1039 2810 nemo
1065 2742 1241 2813 satis,
1277 2739 1399 2801 nisi
1438 2734 1791 2812 Gregorius
1828 2732 1989 2811 ipse,
2035 2726 2251 2792 verbis
2290 2724 2707 2801 expresserit.
2740 2720 2899 2781 Cum
2928 2717 3333 2781 Theodosius
3390 2716 3568 2781 urbis
3620 2717 3780 2779 Cun-

549 2851 1131 2930 stantinopolitanae
1165 2842 1465 2907 ecclesias
1499 2836 1841 2902 Catholicis
1874 2832 2186 2903 restituit,
2226 2847 2481 2907 unaque
2518 2845 2662 2888 cum
2711 2843 2788 2887 eo
2815 2825 3118 2901 majorem
3151 2821 3473 2884 basilicam
3512 2822 3779 2884 Theolo-

550 2974 667 3036 gus
696 2920 894 3018 subiit
926 2994 945 3027 ,
981 2948 1092 3028 qui
1127 2947 1306 3025 prius
1338 2947 1469 3005 erat
1502 2941 1569 3001 in
1607 2936 1831 2999 nubilo
1862 2934 1955 2995 sol
1995 2930 2272 2995 refulsit.
2308 2951 2335 2983 α
2371 2928 2464 2989 Ibi
2497 2970 2513 2999 ,
2545 2948 2575 2983 ))
2613 2925 2825 3003 inquit
2881 2920 3234 3000 Gregorius
3274 2921 3378 2999 (c),
3418 2944 3446 2977 α
3482 2938 3628 2984 cum
3674 2921 3780 2981 huc

551 3053 911 3137 spectaculo
948 3048 1257 3114 subiisset
1296 3044 1543 3107 animos
1574 3038 1827 3111 ﬁducia,
1867 3061 1895 3093 »
1936 3052 2079 3114 quae
2114 3033 2329 3095 aderat
2358 3029 2708 3091 multitudo
2747 3049 2775 3083 «
2806 3028 3077 3087 clamare
3112 3024 3264 3085 totis
3293 3022 3538 3084 viribus
3571 3039 3643 3083 ac
3673 3022 3778 3081 de-

554 3174 815 3236 poscere
845 3169 988 3228 nos,
1023 3150 1087 3212 in
1119 3144 1603 3228 praesentiarum
1652 3163 1680 3196 ιι
1727 3138 1896 3198 haud
1929 3136 2117 3198 aliter
2144 3156 2173 3191 α
2207 3150 2279 3194 ac
2340 3131 2392 3192 si
2442 3131 2561 3191 hoc
2619 3144 2819 3190 unum
2854 3125 3205 3198 defuisset;
3243 3123 3673 3203 princepsque
3726 3139 3778 3184 at

565 3256 913 3320 maximum
944 3269 979 3315 a
1011 3266 1267 3313 summo
1301 3244 1583 3325 principe
1617 3241 1736 3301 hoc
1765 3235 2006 3299 civitati
2036 3234 2172 3296 fore
2206 3230 2452 3292 thronis
2483 3229 2643 3307 ipsis
2695 3225 3215 3304 anteponendum
3250 3240 3509 3297 munus,
3534 3224 3585 3285 si
3623 3222 3778 3286 urbi:

555 3357 718 3419 solio
754 3378 784 3413 »
824 3348 1169 3432 episc0pali
1194 3368 1225 3403 α
1265 3322 1341 3407 ab
1378 3344 1517 3422 ipso
1549 3344 1959 3401 donaremur.
1994 3336 2131 3396 Hoc
2166 3331 2281 3393 viri
2317 3330 2635 3407 dignitate
2670 3325 3015 3405 praecipui,
3053 3324 3170 3386 hoc
3222 3322 3511 3385 inﬁmum
3567 3323 3779 3401 vulgus

552 3424 1135 3536 agitabat.-Omnes
1194 3465 1274 3510 ex
1328 3460 1511 3525 aequo
1569 3458 1701 3504 rem
1756 3436 2251 3505 desiderabant,
2304 3432 2436 3512 pari
2489 3429 2836 3507 ﬂagrabant
2899 3424 3261 3491 desiderio:
3296 3425 3415 3487 hoc
3467 3424 3591 3487 alta
3648 3440 3780 3485 νος(

557 3558 859 3621 mulieres
890 3552 1333 3624 inclamabant,
1370 3563 1531 3626 pene
1568 3543 1840 3621 amplius
1875 3556 2071 3620 quam
2128 3535 2437 3598 mulieres
2490 3535 2768 3595 deceret.
2804 3530 3187 3593 Incredibile
3222 3528 3783 3609 quoddam,reper-

556 3676 747 3723 cnsso
782 3657 1053 3736 fragore,
1085 3651 1331 3715 tonitru
1375 3646 1782 3710 audiebatur.
1814 3665 1845 3700 »

635 3762 817 3821 Tunc
844 3734 1105 3836 quidem
1137 3751 1285 3814 vicit
1320 3744 1631 3823 Theologi
1665 3739 1974 3823 modestia
2012 3736 2126 3819 (ά),
2165 3752 2377 3816 neque
2420 3741 2555 3796 tum
2612 3734 2744 3810 cogi
2783 3734 2996 3813 potuit
3044 3741 3114 3796 ut
3146 3734 3505 3814 episcopale
3560 3734 3787 3797 solium

558 3864 1019 3927 conscenderet
1059 3881 1075 3922 :
1114 3870 1340 3921 verum
1407 3851 1485 3914 ad
1547 3846 1827 3926 agendas
1887 3843 2001 3905 nni
2064 3843 2200 3904 Deo
2255 3841 2492 3918 gratias
2544 3839 2763 3917 populi
2821 3837 3033 3900 studia
3092 3839 3189 3900 vir
3241 3838 3545 3914 divinus,
3601 3839 3782 3896 θειάςε

558 3982 673 4030 τος,
709 3965 969 4042 provida
1024 3956 1400 4024 dexteritate
1453 3944 1899 4025 convertit(c).
1934 3945 2098 4003 Tam
2154 3941 2442 4002 unanimi
2501 3937 2791 4001 omnium
2841 3940 3140 4000 ordinum
3178 3937 3616 4017 postulationi,
3680 3952 3793 4001 tam

563 4070 934 4134 ardentibus
967 4064 1127 4127 votis
1157 4068 1217 4123 et
1248 4053 1663 4124 clamoribus,
1701 4049 2151 4127 episcoporum
2182 4086 2199 4116 ,
2242 4043 2645 4121 plenariique
2677 4041 2933 4102 concilii
2971 4041 3317 4121 provinciae
3366 4059 3491 4102 non
3532 4050 3790 4115 tantum,

564 4175 675 4236 sed
710 4169 992 4234 Orientis
1035 4165 1222 4228 etiam
1259 4175 1420 4241 pene
1478 4156 1676 4217 totius
1711 4160 1775 4214 et
1829 4148 2237 4213 mcumenicm
2286 4147 2517 4225 synodi
2583 4146 2892 4224 suifragia
2953 4146 3330 4207 solemniter
3364 4158 3795 4209 accesserunt.

568 4298 597 4331 α
622 4270 949 4351 Quidquid
985 4266 1241 4336 Oriens,
1267 4258 1475 4341 inquit
1506 4258 1609 4336 (ἱ),
1638 4251 1937 4321 habebnt,
1958 4256 2216 4328 excepta
2237 4248 2542 4326 lEgypto,
2568 4248 2789 4325 pepuli
2814 4245 3168 4307 antistitum
3202 4245 3274 4308 ad
3301 4246 3561 4308 Romam
3600 4266 3796 4327 usque

564 4377 935 4447 secundam,
969 4378 1149 4433 terra;
1175 4365 1495 4443 marisque
1523 4378 1601 4421 ex
1634 4355 1994 4421 recessibus
2026 4352 2271 4413 intimis
2302 4351 2686 4414 concitatum
2722 4351 2869 4412 coit.
2900 4350 3017 4411 His
3046 4350 3421 4428 praesidebat
3453 4353 3795 4430 vir'pielate

565 4480 1013 4549 maximus.....
1044 4470 1333 4535 moribus
1392 4464 1673 4528 mellitus
1730 4456 2072 4540 (Meletius)
2124 4462 2185 4517 et
2224 4454 2509 4516 nomine.
2550 4454 2627 4513 Hi
2667 4471 2766 4513 me
2797 4452 3111 4514 collocant
3158 4452 3565 4532 ﬁrmantque,
3606 4455 3797 4527 πήξονο

559 4600 675 4654 τες,
710 4582 777 4642 in
804 4572 1071 4656 augusta
1100 4570 1252 4634 sede
1283 4568 1656 4631 clamantem
1690 4566 2219 4641 gementemque,
2275 4572 2396 4616 una
2433 4562 2641 4616 tamen
2694 4554 2775 4616 de
2815 4572 3006 4617 causa
3045 4569 3173 4615 non
3210 4553 3397 4631 plane
3436 4572 3795 4633 repugnan-

566 4696 715 4751 tem.
750 4706 782 4743 ι

642 4785 763 4849 Sed
789 4799 906 4865 nec
938 4778 1380 4862 Egyptiorum
1425 4772 1615 4834 etiam
1639 4764 1931 4829 defuisse
1961 4761 2215 4827 videtur
2246 4777 2631 4833 consensus,
2657 4776 2822 4839 quos
2857 4761 3118 4840 quidem
3145 4762 3421 4823 maxime
3461 4760 3558 4822 his
3598 4762 3799 4825 verbis

565 4860 913 4968 alloquitur
951 4858 1296 4957 Gregorius
1321 4872 1403 4953 (g)
1442 4893 1459 4933 :
1493 4894 1520 4925 α
1562 4865 1745 4935 Heri,
1780 4871 1849 4926 ut
1879 4862 1961 4923 ita
1998 4861 2232 4931 dicam,
2268 4858 2693 4931 inthronistze,
2731 4859 2919 4921 hodie
2943 4871 3408 4939 persecutores,
3442 4880 3513 4925 ac
3547 4878 3583 4925 e
3629 4864 3799 4925 thro-

566 5010 675 5066 ηο,
712 4992 779 5052 in
811 5002 940 5069 quo
973 5001 1073 5045 me
1115 4974 1477 5043 collocastis
1502 5022 1522 5049 ,
1554 4969 1995 5035 deturbantes.
2028 4984 2061 5021 ia
2097 4962 2540 5043 Conjecturam
2595 4969 2891 5026 astruunt
2929 4966 3235 5027 carminis
3270 4966 3559 5045 ejusdem
3598 4969 3802 5031 versi-

567 5064 696 5155 culi
732 5064 887 5151 181'0
913 5093 972 5149 et
997 5083 1176 5155 1811,
1227 5075 1464 5156 quibus
1510 5076 1776 5132 testatur
1799 5064 2141 5144 Egyptios
2180 5064 2442 5125 minime
2482 5064 2765 5127 voluisse
2798 5067 2863 5127 in
2894 5066 3121 5129 throno
3154 5067 3801 5146 ConstantinOpolita-

569 5214 654 5259 ne
692 5198 956 5258 alterum
990 5208 1020 5251 a
1053 5204 1122 5248 se
1150 5182 1460 5245 collocare
1495 5196 1511 5235 :
1547 5176 1709 5253 quin
1738 5180 1798 5232 et
1839 5167 2155 5232 contraria
2198 5166 2511 5245 Gregorio
2548 5168 2666 5246 ipsi
2728 5170 2995 5231 omnino
3024 5186 3027 5193 '
3056 5171 3440 5249 persuadere
3482 5174 3800 5237 conaban-

547 5308 694 5365 -'tur,
729 5298 887 5359 adeo
921 5287 1249 5353 utnullius
1274 5283 1344 5343 in
1374 5285 1504 5343 toto
1537 5272 1809 5338 concilio
1835 5267 2113 5348 generali
2148 5284 2507 5332 consensus
2542 5275 2739 5347 atque
2766 5269 3142 5348 suffragium
3176 5270 3462 5334 defuisse
3494 5261 3797 5336 videatur.

639 5509 719 5583 (α)
755 5510 855 5580 Ep.
896 5508 966 5563 al.
994 5509 1096 5583 ρὶ.
1163 5578 1174 5583 _
1300 5575 1311 5583 _
1408 5573 1419 5583 _
2309 5497 2377 5583 (ς)
2416 5495 2741 5583 ξζιιροιῐοεεῐ.
2782 5493 2921 5576 ῌὶει.
2964 5494 3059 5551 lib.
3095 5492 3326 5583 “necf.

762 5565 942 5653 Citrm.
985 5580 1061 5632 De
1094 5578 1201 5653 suis
1229 5573 1487 5653 ρςιι-ιειξιξι.Δ
2413 5569 2594 5653 ριν-μη.
2636 5567 2858 5653 ὓςηιζὶιια
2888 5582 3007 5634 sua,
3041 5582 3092 5620 ν.
3130 5565 3291 5620 1507.

643 5636 718 5723 (εί
763 5653 836 5705 De
868 5651 1016 5723 rebus
1039 5650 1169 5723 suis,
1199 5663 1249 5701 v.
1280 5643 1418 5699 1574
1441 5648 1639 5723 ςεξίιιι.

1280 5643 1418 5699 1574
1441 5648 1639 5723 egggq.
2301 5638 2375 5710 (υ)
2417 5636 2573 5703 lbid.,
2607 5654 2656 5692 v.
2686 5636 2814 5692 1951

644 5712 721 5796 (ιι)
763 5723 943 5779 Carm.
981 5719 1056 5774 De
1096 5722 1194 5773 vita
1222 5735 1337 5771 sua.
1365 5730 1415 5767 ν.
1449 5712 1600 5767 1395.
