3918 6548
174 516 218 567 8!
1086 520 1455 577 PREFATIO
1493 522 1900 581 GENERALIS.
1941 557 2011 567 -—
2048 526 2228 583 PARS
2262 526 2327 580 ιι.
3276 528 3349 584 82

172 630 460 707 Gregorius
498 633 733 705 antem,
768 631 881 711 qui
915 632 1103 696 binos
1135 636 1541 716 episcopatus
1571 638 1862 718 fugerat,
1887 638 2677 718 Constantinopolitanum
2705 637 2990 718 suscepit
3029 655 3141 718 spe
3176 642 3346 719 pacis

170 732 559 804 conciliandae;
608 749 813 813 eaque
842 734 1175 813 desperata
1227 738 1565 812 deseruit,
1599 748 1666 801 ut
1707 740 1772 801 in
1829 739 2205 815 solitudine,
2263 742 2400 803 Deo
2448 747 2787 804 contentus
2819 783 2838 814 ,
2868 741 3148 819 expetita
3195 757 3349 819 pace

167 836 453 897 frueretur.
489 835 583 897 Ita
633 838 809 915 quod
857 836 1203 900 schismate
1262 841 1699 904 laborantibus
1752 842 2112 905 Corinthiis
2152 842 2248 904 vir
2280 843 2676 921 apostolicus
2725 842 3021 905 Clemens
3075 842 3351 921 epistola

169 934 319 1013 priori
346 934 644 997 suadebat
674 933 783 1018 (a),
813 943 878 997 ut
910 958 939 993 σ
973 937 1037 999 Si
1070 938 1219 1016 quis
1243 947 1413 1003 esset
1444 958 1827 1019 generosus,
1860 942 1918 1004 si
1953 944 2101 1023 quis
2148 944 2539 1017 misericors,
2574 944 2628 1005 si
2656 944 2809 1023 quis
2859 942 3185 1006 charitatis
3220 943 3352 1021 ple-

168 1051 274 1107 nus,
301 1034 523 1097 diceret
550 1057 566 1096 :
598 1036 660 1098 Si
693 1048 956 1118 propter
993 1059 1092 1104 me
1122 1043 1359 1105 seditio
1392 1054 1453 1107 et
1482 1040 1803 1110 discordia
1839 1054 1899 1111 et
1924 1048 2264 1109 schismata
2287 1090 2304 1119 ,
2338 1047 2701 1110 discedo....
2731 1046 2936 1109 solum
2975 1047 3142 1109 ovile
3168 1046 3351 1110 Chri-

166 1135 223 1196 sti
254 1136 304 1196 in
328 1153 464 1216 pace
500 1138 709 1216 degat,
740 1163 767 1195 ιο
804 1149 965 1213 etc.;
999 1145 1076 1203 ad
1108 1143 1279 1222 quod
1308 1151 1587 1222 paratum
1622 1163 1690 1208 se
1741 1164 1889 1209 esse
1928 1154 2076 1226 post
2106 1146 2474 1225 exemplum
2509 1144 2819 1222 Theologi
2848 1143 3349 1223 Chrysostomus

166 1241 520 1319 proﬁtebatur
542 1241 626 1321 (ὁ)
667 1262 685 1303 :
720 1242 780 1303 id
811 1244 1165 1321 Gregorius
1221 1246 1668 1308 Nazianzenus
1718 1248 1927 1325 reipsa
1968 1247 2300 1326 praestitit,
2338 1246 2449 1325 qui
2486 1255 2553 1309 ut
2579 1243 2886 1305 seditioni
2915 1242 3166 1305 obviam
3200 1244 3346 1313 iret,

166 1348 443 1421 postquam
494 1343 571 1402 ad
627 1340 1403 1422 Constantinopolitanam
1442 1346 1661 1407 sedem
1699 1348 1995 1408 admotus
2050 1356 2267 1417 esset,
2323 1346 2621 1425 protinus
2654 1341 2958 1405 Ecclesiae
2993 1341 3351 1421 repudiavit

166 1438 572 1517 prafecturam,
608 1457 730 1503 nec
762 1440 945 1502 aliam
981 1465 1012 1500 α
1045 1443 1140 1503 vir
1168 1461 1543 1521 generosus,
1582 1467 1619 1501 ιι
1659 1451 1731 1506 ut
1760 1445 1976 1507 verbis
2008 1446 2068 1507 S.
2104 1444 2453 1507 Clementis
2482 1450 2647 1518 utar,
2683 1465 2715 1499 α
2770 1440 2865 1503 vir
2894 1441 3257 1504 misericors
3290 1449 3352 1503 et

164 1542 341 1622 plenus
366 1541 714 1618 charitatis,
746 1567 777 1601 an
813 1546 935 1608 vita
967 1548 1179 1609 divina
1206 1549 1482 1625 insignis
1507 1593 1524 1623 ,
1560 1549 1937 1612 Christianas
1991 1551 2056 1612 in
2104 1549 2387 1612 Ecclesia
2427 1548 2598 1627 pacis
2630 1557 2869 1626 martyr
2903 1552 2965 1609 et
3002 1545 3213 1607 hostia
3248 1544 3350 1627 (ο),

163 1644 442 1706 discedens
499 1647 579 1708 ab
640 1646 1028 1726 imperatore
1067 1652 1357 1730 poposcit
1388 1652 1651 1730 gratiam
1688 1696 1706 1726 ,
1748 1653 1876 1714 nisi
1914 1660 1982 1713 ut
2013 1654 2087 1714 ad
2139 1651 2543 1715 concordiam
2597 1650 2943 1711 adduceret
2992 1648 3353 1727 episcopos,

92 1770 97 1777 λ
162 1753 493 1810 contestatus
552 1765 625 1812 se
684 1751 913 1812 mundi
966 1752 1165 1829 gratia
1192 1795 1210 1825 ,
1247 1770 1392 1831 quas
1426 1754 1789 1827 patiebatur
1820 1754 1947 1833 pati
1993 1752 2205 1824 facile,
2241 1758 2304 1814 et
2335 1752 2411 1813 ad
2443 1748 2906 1813 conciliandam
2946 1748 3189 1811 mundo
3240 1766 3358 1826 pa—

164 1866 261 1908 cem
289 1848 429 1911 urbe
462 1848 830 1930 thronoque
862 1853 1171 1916 excedere
1202 1854 1499 1929 libenter,
1537 1855 1673 1934 paci
1705 1855 1986 1933 denique
2017 1854 2231 1916 omnia
2267 1854 2445 1915 litare
2476 1874 2492 1913 :
2523 1874 2552 1909 α
2593 1851 2764 1925 Quin
2789 1850 2979 1913 etiam
3012 1849 3163 1924 scis,
3194 1870 3226 1906 ι
3258 1848 3357 1909 in-

160 1953 263 2031 quit
286 1950 381 2031 (d),
415 1954 662 2035 alloqui
700 1973 971 2036 pergens
1004 1958 1454 2038 imperatorem
1484 1960 1947 2036 Theodosium,
1982 1984 2013 2020 «
2050 1979 2243 2042 quam
2278 1961 2694 2024 reluctantem
2728 1958 2793 2020 in
2828 1955 3060 2021 throno
3089 1974 3189 2022 me
3220 1958 3354 2020 col-

161 2052 347 2114 locasti.
382 2077 411 2110 ι

217 2154 520 2234 Nunquam
562 2155 1017 2235 Sasimensem,
1056 2177 1387 2241 nunquam
1448 2163 1919 2227 Nazianzenum
1972 2165 2345 2244 episcopum
2407 2179 2475 2223 se
2520 2157 2683 2222 dixit
2733 2156 2941 2221 dicive
2980 2175 3211 2238 passus
3263 2166 3359 2222 est

160 2251 473 2330 Gregorius,
505 2257 627 2317 sed
658 2273 917 2336 semper
944 2260 1009 2322 in
1036 2261 1429 2325 carminibus
1453 2271 1515 2325 et
1546 2264 1836 2343 epistolis
1869 2265 2281 2329 vehementer
2313 2263 2609 2326 reclamat
2656 2280 2671 2320 :
2713 2259 3361 2337 Constantinopolita-

160 2369 267 2413 οδω
294 2370 427 2417 vero
459 2356 686 2419 sedem
724 2374 797 2419 se
829 2360 1150 2440 accepisse
1183 2361 1443 2439 fatetur,
1478 2363 1540 2425 in
1576 2383 1646 2427 ea
1676 2382 1742 2427 se
1774 2366 2153 2428 collocatum
2192 2364 2390 2427 fuisse
2424 2369 2711 2434 testatur,
2744 2377 2947 2437 seque
2976 2360 3114 2434 ipse
3150 2363 3360 2433 nomi-

157 2465 234 2517 nat
261 2457 412 2521 illius
452 2462 637 2523 urbis
664 2461 1079 2543 episcOpnm.
1119 2465 1302 2529 Certe
1333 2484 1450 2531 nec
1489 2468 1691 2549 major
1736 2487 1853 2532 nec
1886 2472 2166 2549 apertior
2203 2469 2329 2531 ulla
2369 2474 2577 2546 potest
2606 2482 2748 2527 esse
2780 2463 3122 2525 auctoritas
3168 2481 3357 2544 quam

158 2556 285 2619 istud
311 2561 660 2624 authentici
697 2563 1055 2625 testamenti
1086 2564 1471 2643 principium
1513 2574 1573 2628 et
1606 2568 1774 2630 ﬁnis.
1831 2570 1921 2631 Ac
1968 2567 2354 2649 principium
2391 2566 2650 2647 quidem
2688 2583 2704 2623 :
2746 2586 2774 2620 α
2822 2562 3194 2642 Gregorius,
3252 2563 3358 2624 in-

158 2657 279 2733 quit,
308 2662 648 2741 episcOpus
686 2659 1013 2725 catholicae
1041 2661 1630 2744 ConstantinOpolis
1681 2667 2006 2740 Ecclesiae,
2050 2665 2275 2728 vivens
2324 2682 2396 2727 ac
2442 2664 2799 2744 prudens...
2834 2686 2862 2721 ιο
2921 2663 2993 2724 In
3036 2663 3158 2725 ﬁne
3211 2679 3361 2724 vero

157 2759 485 2841 subscriptio
532 2762 674 2825 haec
704 2771 802 2825 est
835 2787 851 2825 :
886 2788 916 2823 α
953 2767 1300 2847 Gregorius
1335 2770 1677 2851 episcOpus
1706 2773 2033 2835 catholicae
2058 2769 2647 2849 ConstantinOpolis
2689 2754 2985 2832 Ecclesiae
3024 2768 3221 2847 relegi
3264 2778 3363 2831 te-

159 2864 515 2939 slamentum,
586 2868 647 2926 et
707 2865 921 2930 omnia
980 2870 1337 2948 approbans
1393 2871 1750 2951 subscripsi
1813 2889 2004 2936 manu
2064 2890 2224 2948 mea,
2282 2878 2344 2936 et
2406 2873 2536 2937 vim
2605 2873 2898 2936 obtinere
2955 2873 3099 2936 volo
3158 2881 3218 2935 et
3254 2873 3363 2954 ju-

156 2957 258 3021 beo.
286 2984 312 3018 ι

209 3062 472 3146 Denique
506 3066 686 3129 inter
716 3065 1053 3144 episcopos
1084 3067 1835 3155 ConstantinOpolitanos
1876 3068 1943 3132 in
1982 3069 2430 3149 e‘pisc0porum
2464 3068 2659 3148 hujus
2700 3068 2880 3130 urbis
2927 3068 3093 3130 serie
3128 3068 3221 3131 sic
3256 3085 3359 3131 re-

157 3170 436 3226 censetur:
468 3186 498 3222 α
529 3164 891 3242 Gregorius
918 3165 1309 3243 Theologus,
1346 3166 1737 3229 Sasimorum
1766 3168 2039 3247 primum
2064 3170 2401 3248 episcopus
2440 3169 2884 3252 (designatus),
2911 3172 3364 3235 Constantino-

158 3261 424 3340 politahus
481 3267 613 3329 sub
670 3265 1036 3329 Theodosio
1068 3268 1300 3345 Magno
1333 3271 1736 3330 renuntiatus
1768 3276 1897 3345 est,
1932 3270 2124 3351 eique
2152 3271 2285 3332 haec
2316 3271 2527 3345 sedes,
2564 3274 2761 3334 veluti
2799 3274 2912 3353 qui
2947 3274 3143 3336 multa
3181 3273 3365 3336 labo-

158 3377 330 3442 rasset,
357 3386 424 3431 ac
454 3366 815 3430 Ecclesiam
850 3369 927 3429 ab
963 3368 1197 3447 injuria
1235 3369 1620 3433 vindicasset
1650 3371 1717 3433 in
1743 3370 2122 3447 libertatem,
2147 3380 2241 3435 est
2266 3392 2302 3435 a
2332 3376 2580 3453 synodo
2613 3376 2979 3440 conﬁrmata
3020 3398 3036 3439 :
3067 3399 3097 3434 »
3150 3386 3365 3440 Ἐπικυ-

156 3476 368 3547 ρωθὲντος
394 3480 545 3553 αὐτῷ
582 3478 676 3533 τοῦ
709 3478 1079 3563 θρόνουδηπαρᾲ
1096 3482 1195 3553 τῇς
1223 3482 1458 3538 συνόδου.

210 3573 600 3656 Nullumjam
632 3574 795 3637 circa
830 3581 1270 3659 episcopatum
1298 3578 1592 3658 Gregorii
1633 3579 1901 3643 dubium
1941 3582 2193 3644 videtur
2225 3599 2593 3662 superesse,
2616 3599 2735 3647 nec
2763 3583 3136 3646 evellendus
3170 3588 3362 3646 rest-at

156 3682 464 3760 scrupulus.
499 3682 840 3763 Siquidem
870 3699 947 3743 ex
982 3681 1166 3743 dictis
1200 3689 1492 3744 constare
1523 3680 1912 3757 debetcum,
1947 3699 2064 3745 nec
2093 3683 2512 3753 Sasimorum,
2565 3702 2683 3746 nec
2725 3684 3049 3755 Nazianzi,
3107 3686 3220 3747 sed
3252 3703 3354 3747 so-

160 3778 251 3843 lius
274 3783 862 3863 ConstantinOpolis
894 3782 1199 3846 Ecclesiae
1235 3782 1609 3863 episcopum
1656 3781 2136 3846 renuntiatione
2166 3783 2417 3863 publica
2453 3791 2513 3845 et
2546 3786 2870 3860 canonica,
2907 3788 3362 3851 communibus

161 3886 305 3949 totius
337 3890 485 3952 cleri
521 3907 602 3953 ac
636 3885 858 3967 pepuli
893 3884 1060 3947 votis
1092 3890 1154 3945 et
1184 3883 1534 3961 suffragiis,
1567 3900 1817 3946 necnon
1851 3883 2120 3961 plenarii
2160 3884 2418 3947 concilii
2456 3887 2711 3948 Patrum
2771 3886 3061 3949 omnium
3095 3900 3364 3949 consen-
3416 3942 3428 3957 .

160 3999 231 4057 su,
272 3984 461 4052 fuisse
519 3989 991 4050 renuntiatum.
1049 3985 1191 4046 Non
1241 3985 1416 4047 aliud
1454 3985 1649 4064 igitur
1712 3985 1863 4048 huic
1915 3993 2149 4048 nostrae
2208 3984 2503 4062 Gregorii
2563 4002 2829 4067 Operum
2887 3987 3158 4051 editioni
3216 3991 3366 4051 titu-

161 4086 254 4149 lum
310 4090 636 4169 prazﬁgere
691 4086 940 4161 licebat,
993 4103 1185 4166 quam
1240 4086 1353 4163 qui
1412 4078 1705 4165 preelixus
1759 4095 1910 4149 est:
1961 4110 1989 4143 α
2022 4084 2234 4147 Sancti
2295 4086 2495 4147 Patris
2546 4087 2748 4150 nostri
2808 4088 3101 4166 Gregorii
3161 4089 3368 4153 Theo-

161 4185 286 4264 logi,
344 4184 818 4267 archiepiscOpi
893 4184 1629 4262 ConstantinOpolitani,
1702 4201 1918 4265 Opera.
1983 4209 2011 4243 ››
2078 4186 2265 4249 Hunc
2331 4185 2456 4248 sibi
2530 4186 2597 4248 in
2672 4190 3124 4268 manuscriptis
3204 4208 3366 4269 pene

158 4293 407 4356 omnibus
457 4292 806 4355 Orationes
873 4305 1135 4364 omnes,
1210 4287 1382 4349 hunc
1453 4286 1582 4349 sibi
1653 4284 1988 4361 Carmina,
2056 4284 2227 4349 hunc
2300 4285 2424 4348 sibi
2485 4286 2787 4366 Epistolas
2869 4288 3126 4351 titulum
3204 4306 3367 4367 prae»

158 4388 415 4453 scribunt.

159 4557 279 4631 iV.
335 4581 420 4634 ne,
469 4574 962 4632 AMPHILOCEIO,
1011 4575 1145 4618 cum
1203 4576 1452 4628 parum,
1507 4574 1643 4625 TUM
1691 4575 1886 4631 1mm,
1936 4574 2241 4627 Episcopo
2292 4573 2608 4619 ICONIENSI
2638 4598 2654 4624 ,
2712 4573 3005 4626 remoue:
3063 4574 3364 4619 eaacoan

393 4658 709 4703 IATERNA
766 4656 1196 4709 COGNATIONE,
1248 4657 1331 4697 AD
1381 4656 1567 4710 QUAM
1614 4656 1974 4698 PERTINERE
2024 4654 2493 4699 AMPHILOCEIUS
2535 4653 3073 4696 DEMONSTRATUR.

213 4788 716 4870 Amphilochium
758 4787 968 4862 illum,
1002 4784 1187 4866 cujus
1221 4803 1385 4848 uxor
1411 4786 1591 4849 Livia
1627 4785 1775 4863 fuit,
1800 4788 1892 4865 ab
1925 4785 2248 4857 iconiensi
2279 4784 2473 4864 hujus
2505 4781 2787 4844 nominis
2836 4782 3110 4860 praesule
3146 4780 3366 4843 diver—

157 4904 262 4952 sutn
291 4893 504 4955 statuit
533 4892 794 4970 quidem
832 4894 929 4955 vir
958 4892 1356 4955 clarissimus
1385 4893 1781 4955 Muratorius
1819 4895 1886 4954 in
1939 4892 2108 4956 notis
2167 4892 2245 4954 ad
2278 4888 2674 4970 epitaphium
2711 4904 2902 4958 xxxx,
2947 4902 3084 4964 pag.
3120 4886 3221 4948 31.
3274 4888 3356 4947 At

158 4989 281 5057 nihil
310 4995 414 5057 ille
446 5004 781 5071 praeterea,
817 5008 933 5054 nec
969 4991 1026 5055 ei
1049 4992 1128 5055 de
1159 4993 1498 5070 utriusque
1530 4989 1965 5070 Amphilochii
2010 5006 2153 5057 cum
2190 4987 2500 5068 Gregorio
2541 4996 2761 5052 nostro
2811 4987 3364 5067 consanguinitate

156 5099 237 5152 aut
264 5078 542 5158 suboluit
586 5092 968 5174 quidquam,
1013 5104 1123 5158 aut
1171 5105 1345 5159 certe
1383 5096 1540 5177 quid
1573 5096 1849 5159 sentiret
1883 5094 1982 5157 vir
2010 5093 2236 5155 doctus
2278 5108 2411 5154 non
2456 5094 2730 5172 aperuit.
2764 5094 3003 5155 Verum
3035 5080 3367 5169 Amphilo-

158 5185 329 5257 chium
367 5192 601 5265 tilium,
635 5190 712 5253 de
741 5207 870 5268 quo
901 5192 966 5254 in
999 5193 1584 5273 epigrammatibus,
1616 5193 2018 5257 lconiensem
2059 5210 2203 5255 esse
2237 5191 2610 5272 episcnpum
2649 5192 3138 5257 celeberrimum
3184 5189 3364 5251 illum

157 5301 213 5351 ac
262 5294 437 5373 vulgo
495 5310 578 5358 eo
616 5292 883 5356 nomine
927 5294 1283 5372 cognitum,
1314 5294 1562 5355 tametsi
1600 5310 1727 5354 non
1757 5294 1840 5355 ita
1876 5291 2149 5355 fortasse
2178 5297 2463 5364 constet;
2494 5298 2741 5354 constat
2770 5297 2975 5352 tamen
3010 5287 3365 5350 certissime

159 5391 631 5471 Amphilochios,
695 5396 776 5460 de
828 5394 1068 5474 quibus
1125 5393 1230 5457 hic
1298 5395 1531 5473 agitur,
1592 5393 1902 5475 Gregorio
1963 5392 2278 5470 sanguine
2338 5390 2899 5471 conjunctissimos
2956 5388 3225 5450 fuisse:
3296 5405 3368 5448 ac

158 5496 355 5560 Patrem
386 5486 650 5572 quidem
688 5497 1077 5562 avunculum
1123 5500 1440 5578 Gregorii,
1475 5499 1677 5569 ﬁlium
1712 5515 1860 5561 vero
1895 5495 2419 5578 Amphilochium
2465 5514 2544 5557 ex
2591 5496 2912 5559 avunculo
2956 5492 3214 5555 fratrem
3259 5484 3396 5553 aut'

162 5593 487 5662 amitinum.
524 5601 712 5676 Quod
742 5612 1134 5681 postremum
1168 5605 1277 5667 ubi
1306 5605 2083 5685 probaverimus,partem
2116 5602 2381 5665 alteram
2412 5598 2829 5678 attingemus.
3167 5680 3170 5684 Δ

220 5697 378 5764 Mitto
406 5704 958 5785 Amphilochium,
990 5704 1425 5785 Amphilochii
1482 5705 1953 5788 Euphemiique
1998 5709 2350 5782 parentem,
2388 5708 2460 5764 'et
2494 5695 3089 5779 Liviae‘conjugem,
3146 5697 3371 5756 natum

216 5857 277 5938 (ᾳ)
312 5861 403 5938 Ep.
435 5867 461 5920 1
500 5866 553 5923 S.
587 5867 786 5933 Clem.,
816 5883 868 5935 p.
899 5869 1021 5938 1'76,
1049 5870 1133 5927 eti.
1169 5868 1343 5927 Cotel.

1049 5870 1133 5927 ed.
1169 5868 1343 5927 Cotel.
1876 5866 1946 5935 (ε)
1982 5863 2139 5938 vers.
2184 5865 2316 5938 teat
2345 5875 2399 5921 ct
2428 5864 2580 5920 1898.

218 5930 277 5998 Ut)
310 5930 459 5991 Huni.
489 5954 559 6008 ιι,
588 5940 657 5995 ad
694 5930 831 6009 Eph.
1008 5930 1019 5938 ’

791 5930 831 5994 ηιξ
1008 5930 1019 5938 ’
1991 5935 2142 5992 Vers.
2184 5935 2338 5991 1899.
