3926 6410
543 452 614 508 83
1532 448 1906 507 PBEFATIO
1944 445 2361 502 GENERALIS.
2403 477 2471 488 —-
2507 444 2687 501 PARS
2727 444 2793 498 II.
3736 436 3794 492 8|

540 569 977 640 Diocasarea,
1038 566 1097 627 id
1157 573 1252 627 est
1310 568 1637 629 Nazianzi.
1694 568 1754 627 ls
1799 561 2294 642 Amphilochius
2352 563 2591 625 dicitur
2624 584 2649 617 α
2689 562 2767 640 (α)
2811 574 3035 635 magna
3066 556 3346 618 Philtatii
3382 562 3442 617 et
3471 554 3795 631 Gorgonia

539 676 754 755 proles
794 693 811 733 :
849 695 878 728 ιι
918 679 1042 732 υἱέα
1075 677 1360 731 Φιλτατιου
1397 672 1689 746 Γοργονίας
1707 687 1766 723 τε
1794 670 1989 741 μέγαν.
2043 660 2088 721 Ρ

2283 659 2559 722 Philtatii
2597 658 2720 720 tilia
2755 656 3107 736 appellatur
3134 654 3495 737 Nonna'(b),
3516 670 3661 735 qua
3688 654 3795 718 alia

541 791 689 835 esse
750 787 881 834 non
946 777 1179 849 potest,
1238 784 1431 846 quam
1496 772 1694 826 mater
1751 758 2062 837 'l‘heologi
2133 778 2150 818 :
2230 760 2470 839 quippe
2532 778 2674 839 qua
2731 760 2955 821 Nonna
3012 759 3079 819 in
3138 762 3519 817 testamento
3570 755 3798 833 Grego-

547 882 625 943 rii
664 888 942 951 vocatur,
1028 874 1330 955 Alypium
1404 876 1465 927 et
1528 862 1916 941 Gorgoniam
1974 861 2312 939 juniorem
2379 869 2676 938 parentes
2744 861 2991 935 habuit,
3065 874 3482 937 sororemque
3536 857 3790 937 Alypiu-

541 1000 714 1045 nam.
1920 1010 1924 1021 ‘
2705 1012 2713 1021 ’

621 1084 761 1145 Hoc
788 1080 880 1143 vel
914 1096 1043 1142 uno
1078 1080 1401 1141 momento
1434 1075 1683 1134 constat
1719 1067 1988 1140 Nonna,
2037 1064 2347 1142 Theologi
2385 1066 2630 1138 matris,
2665 1066 3191 1145 Amphilochium
3220 1068 3425 1131 fuisse
3457 1086 3536 1130 ex
3564 1068 3789 1131 Philla-
3820 1144 3821 1147 η

539 1181 629 1245 tio
690 1189 752 1243 et
802 1178 1120 1258 Gorgonia
1162 1172 1533 1256 parentibus
1583 1182 1957 1247 germanum
1992 1164 2279 1226 fratrem.
2311 1165 2479 1226 IIinc
2510 1166 2585 1226 ad
2626 1166 2871 1227 Nonna
2907 1166 3096 1230 tiliam
3147 1170 3421 1232 manavit
3471 1171 3793 1249 Gorgonia

543 1299 808 1356 nomen,
841 1274 1387 1361 quemadmodum
1424 1272 1501 1333 ab
1534 1270 1673 1332 avia
1698 1265 1925 1328 Basilii
1962 1264 2172 1343 magni
2208 1280 2394 1325 soror
2420 1266 2587 1327 dicta
2619 1273 2715 1328 est
2743 1266 3049 1343 Macrine,
3079 1270 3209 1333 imo
3239 1271 3443 1351 ipsius
3471 1272 3795 1349 Gorgonia

535 1388 821 1467 junioris
860 1386 1095 1449 tiliaab
1127 1383 1264 1447 avia
1297 1396 1586 1461 quoque,
1620 1384 1818 1439 matre
1852 1371 2192 1448 Theologi,
2229 1372 2453 1434 Nonna
2490 1380 2709 1434 vocata
2744 1388 2761 1430 :
2796 1378 2857 1433 et
2889 1374 2966 1434 ah
2999 1391 3141 1447 avo,
3168 1380 3276 1435 aut
3306 1388 3540 1451 proavo
3572 1373 3796 1439 Philte-

538 1492 656 1563 tio,
706 1489 1067 1563 Philtatius,
1122 1484 1197 1567 (c)
1236 1485 1314 1549 de
1356 1501 1482 1565 qua
1518 1482 1586 1543 iu
1618 1479 1897 1561 quodam
1928 1476 2279 1557 epitaphio,
2310 1493 2504 1557 quem
2539 1494 2617 1541 ex
2650 1476 2940 1557 Gregorii
2972 1477 3207 1542 t‘ainilia
3229 1478 3432 1542 fuisse
3465 1496 3658 1542 nemo
3685 1480 3796 1543 du-

536 1595 857 1659 bitaverit.

618 1698 754 1758 1am
780 1713 929 1759 vero
962 1701 1271 1773 quantum
1310 1693 1473 1758 lucis
1499 1691 1632 1755 hac
1656 1690 1991 1755 af’l‘undaut
2014 1687 2295 1766 singulis
2332 1687 2931 1767 epigrammatibus,
2960 1688 3205 1769 totique
3230 1689 3513 1751 historia
3538 1696 3604 1771 et
3632 1692 3794 1767 genti

536 1797 835 1878 Gregorii
866 1795 1148 1859 attendat
1195 1796 1416 1860 lector.
1454 1794 1625 1857 Hinc
1664 1794 1871 1873 primo
1902 1799 2163 1874 apparet
2193 1811 2307 1855 cur
2329 1791 2427 1854 vir
2455 1809 2524 1855 se
2546 1791 2689 1870 ipso
2713 1792 2872 1854 adeo
2906 1791 3439 1854 commendabilis
3470 1790 3797 1871 Amphilo-

533 1900 751 1975 chius,
778 1897 915 1959 suis
948 1896 1327 1961 nobilitetur
1352 1895 1752 1976 parentibus.
1784 1893 2101 1955 Nimirum
2136 1893 2267 1965 isti,
2293 1891 2605 1971 Gregorio
2631 1908 2895 1971 quoque
2924 1891 3025 1954 avi
3053 1898 3258 1964 erant,
3293 1891 3531 1972 illaque
3559 1915 3590 1950 «
3626 1892 3796 1955 radix

535 2012 779 2078 sancta,
814 2026 843 2058 ι)
882 2002 1050 2065 unde
1094 2009 1229 2063 orta
1265 2002 1492 2063 Nonna
1527 2023 1558 2057 α
1591 2000 1890 2072 sanctior,
1926 2022 1957 2057 »
1983 1998 2275 2079 Gregorii
2326 2004 2549 2076 mater,
2580 1998 2771 2062 toties
2803 1999 2871 2061 in
2909 1997 3303 2061 carminibus
3344 2005 3536 2078 atque
3565 1999 3798 2063 oratio-

534 2101 728 2162 nibus
758 2100 879 2162 hoc
912 2099 1174 2162 nomine
1198 2119 1233 2162 ει
1261 2098 1392 2161 ﬁlio
1415 2100 1881 2162 commendata.

612 2199 859 2261 Deinde
894 2198 1154 2278 planum
1188 2212 1309 2279 est,
1340 2204 1495 2283 quid
1522 2203 1653 2266 hac
1686 2202 1877 2266 verba
1897 2202 2154 2283 epitaph

2250 2220 2396 2264 [XIX
2420 2201 2505 2282 (ἀ)
2524 2201 2887 2282 signiﬁcent
2911 2227 2926 2267 :
2947 2215 3107 2288 πηοῖς
3136 2216 3313 2271 πάντα
3346 2216 3617 2272 πέπασσο.
3644 2207 3800 2286 Agi-

529 2312 635 2365 tur
675 2303 846 2366 enim
882 2301 962 2363 de
994 2300 1282 2364 doctrina
1317 2308 1383 2362 et
1419 2300 1705 2364 scientia
1732 2302 1949 2374 bonis,
1983 2320 2128 2381 qua
2165 2301 2671 2381 consanguineis
2705 2312 2766 2365 et
2795 2304 3119 2383 afﬁnibus,
3142 2327 3252 2373 eos
3282 2310 3593 2384 docendo,
3624 2326 3800 2388 para-

532 2417 713 2470 verat
747 2405 1271 2485 Amphilochius.
1304 2406 1486 2467 Unde
1518 2405 1753 2467 iterum
1782 2406 1848 2467 in
1884 2405 2215 2485 epitaphio
2261 2425 2407 2467 xxx
2438 2407 2539 2488 te),
2570 2407 2859 2470 doctrina
2892 2409 3061 2473 idem
3107 2411 3243 2490 ipse
3277 2409 3515 2473 dicitur
3542 2431 3573 2469 α
3607 2409 3796 2472 auxi-.-

528 2510 689 2575 lium
721 2520 784 2574 et
816 2512 1010 2591 robur
1035 2508 1243 2571 fuisse
1267 2507 1581 2585 cognatis,
1611 2508 1754 2586 piis,
1798 2507 2154 2582 nobilibus,
2188 2508 2512 2583 litteratis,
2542 2510 2854 2591 verbique
2875 2513 3079 2585 dator,
3109 2535 3139 2569 ι
3171 2512 3235 2585 id,
3268 2518 3362 2575 est
3386 2510 3795 2593 eloquentia,

527 2628 643 2674 seu
677 2619 746 2673 ut
778 2611 841 2672 in
877 2608 1001 2671 alio
1025 2607 1095 2689 (ﬂ
1130 2629 1160 2665 ι(
1195 2606 1553 2670 Rhetorica
1588 2629 1616 2662 ιο
1658 2606 1963 2685 magister
1995 2629 2023 2663 α
2056 2606 2378 2669 eximius:
2420 2631 2449 2663 »
2481 2607 2654 2687 quod
2686 2608 2946 2687 quidem
2980 2610 3194 2674 Graca
3227 2616 3480 2673 sonant.

604 2712 859 2790 Quippe
896 2727 974 2773 ex
1005 2704 1341 2787 discipulis
1390 2708 1827 2788 Amphilochii
1863 2709 2062 2789 patris
2093 2716 2155 2772 et
2186 2710 2600 2783 necessariis,
2637 2711 2988 2791 Gregorius
3016 2729 3143 2775 non
3180 2732 3345 2779 unus
3387 2713 3596 2777 solum
3641 2720 3801 2788 erat,

525 2818 759 2890 ιταίρων
796 2817 903 2871 σῶν
949 2818 1101 2882 ἑνός’
1138 2831 1359 2876 verum
1402 2833 1479 2877 ex
1533 2814 1916 2894 prOpinquis
1961 2817 2075 2878 elia

2256 2822 2275 2877 t
2323 2817 2642 2894 sanguine
2681 2819 3281 2897 conjunctissimus.
3315 2824 3481 2885 Hinc
3511 2826 3675 2885 adeo
3714 2824 3802 2884 sic

528 2908 924 2990 epitaphium
961 2931 1101 2973 xxx
1135 2914 1377 2977 claudit
1416 2934 1431 2974 :
1472 2915 1869 2993 «Gregorius
1897 2915 2027 2977 hac
2048 2915 2303 2995 scripsi,
2330 2896 2686 2981 orationem
2720 2919 3033 2996 oratione,
3060 2939 3251 3002 quam
3287 2942 3318 2987 a
3352 2933 3437 2997 te,
3465 2923 3802 3002 Amphilo-

525 3015 669 3091 che,
704 3016 967 3091 edidici,
1003 3026 1291 3081 mutuam
1330 3020 1714 3101 rependens.
1764 3044 1791 3076 ν
1828 3020 2153 3084 Didicerat
2193 3039 2384 3101 porro
2410 3022 2787 3102 Gregorius,
2833 3027 3058 3103 utique
3098 3024 3167 3086 in
3200 3024 3420 3103 patria,
3471 3025 3592 3086 sub
3623 3031 3800 3103 patre

524 3118 799 3195 primum
836 3125 900 3182 et
940 3119 1289 3197 avunculo,
1328 3121 1706 3207 priusquam
1754 3122 1829 3183 ad
1865 3129 2147 3199 exteros,
2190 3123 2366 3187 velut
2395 3125 2474 3189 ad
2518 3133 2940 3189 mercaturam
2979 3127 3290 3189 bonarum
3335 3125 3563 3187 artium
3609 3124 3802 3204 proﬁ-

522 3223 898 3299 cisceretur.

599 3328 966 3406 Antequam
1000 3344 1150 3390 vero
1172 3326 1427 3406 longius
1460 3327 2188 3408 progrediam'ur,opera
2213 3328 3095 3409 pretiiimffueritobservare,
3119 3328 3289 3404 quod
3309 3320 3799 3402 Muralorius(g)

518 3430 585 3490 in
622 3431 927 3511 epitaphii
964 3434 1221 3498 titulum
1251 3453 1418 3496 xxxi
1449 3434 1865 3513 conjiciebat,
1889 3435 2023 3514 jam
2058 3445 2127 3498 ut
2158 3435 2599 3509 certissimum
2630 3453 2772 3497 esse
2804 3435 3197 3503 habendum,
3225 3425 3800 3505 scribendumque,

517 3546 599 3608 αις
644 3545 991 3617 Ἀμφιλόχιον
1023 3546 1169 3613 ἄλλο,
1212 3560 1242 3595 α
1274 3542 1338 3604 in
1372 3541 1894 3621 Amphilochium
1936 3543 2067 3605 aliu

2252 3543 2487 3608 scilicet
2516 3543 2913 3624 epitaphium
2948 3563 2964 3603 :
3002 3558 3133 3606 non
3165 3546 3404 3613 autem,
3451 3558 3485 3594 α
3527 3535 3594 3597 in
3640 3539 3802 3595 Am-

523 3636 924 3714 philochium
968 3640 1192 3705 alium.
1240 3667 1269 3700 υ
1314 3646 1488 3707 idem
1541 3642 1711 3705 enim
1770 3650 1868 3705 est
1905 3641 2427 3722 Amphilochius,
2466 3644 2759 3721 Gregorii
2797 3644 3182 3717 avunculus,
3233 3642 3312 3704 de
3341 3637 3563 3719 quoin
3595 3633 3803 3715 epita-

521 3736 692 3812 phiis
721 3739 822 3808 29,
854 3738 960 3811 30,
990 3741 1091 3813 31,
1125 3742 1229 3814 32,
1255 3744 1357 3819 33,
1389 3745 1491 3819 3h,
1521 3745 1623 3819 35,
1661 3751 1811 3819 etc,,
1841 3742 1909 3803 in
1969 3742 2071 3822 qui

2255 3764 2274 3801 κ
2312 3743 2394 3824 (h)
2432 3743 2555 3805 vim
2597 3744 2848 3825 igneam
2892 3742 3148 3806 dicendi
3197 3742 3517 3813 habuisse,
3586 3746 3805 3816 ῥήτραν

518 3846 853 3917 πυρὸεσσαν,
891 3855 1249 3920 omnesque
1275 3844 1682 3923 Cappadocas
1715 3860 2057 3922 superasse
2083 3844 2452 3923 eloquentia
2498 3868 2528 3901 υ
2553 3845 2810 3915 dicitur.
2844 3844 2930 3917 1s,
2974 3843 3256 3924 inquam,
3291 3856 3457 3904 unus
3488 3838 3804 3914 idemque

520 3939 1021 4021 Amphilochius
1056 3964 1071 4003 :
1109 3960 1229 4005 nec
1265 3943 1536 4006 dubium
1566 3944 1867 4024 cuiquam
1904 3959 2048 4005 esse
2083 3950 2315 4023 potest,
2349 3944 2505 4024 quin
2541 3945 2650 4006 ille
2688 3926 3205 4023 Amphilochius,
3237 3940 3349 4032 qui
3384 3940 3447 4000 in
3480 3934 3807 4017 posterio-

521 4042 699 4125 ribus
758 4044 878 4105 sub
940 4061 1109 4107 novo
1171 4044 1356 4107 titulo
1413 4045 1760 4125 epitaphiis
1822 4046 1901 4109 ab
1963 4046 2336 4125 eloquentia
2405 4053 2738 4125 tantopere
2794 4046 3301 4121 commendatur,
3352 4040 3461 4102 ille
3501 4039 3646 4117 ipse
3688 4037 3804 4106 sit,

519 4145 633 4224 qui
673 4166 703 4202 α
738 4145 879 4221 t‘ons
913 4146 1306 4227 eloquentia
1337 4151 1669 4228 omnibus,
1704 4175 1733 4207 ιι
1769 4132 2201 4235 Gregoriique
2238 4151 2538 4230 magister
2571 4152 2893 4231 prioribus
2936 4152 3002 4214 in
3041 4147 3380 4231 epitaphiis
3416 4146 3641 4208 audire
3675 4159 3808 4205 mc-

521 4246 675 4305 ruit.
2349 4241 2351 4250 ἵ

599 4346 788 4405 Plana
826 4345 1086 4409 demum
1125 4354 1223 4411 est
1259 4355 1321 4413 et
1349 4358 1563 4429 aperta
1606 4351 1807 4412 totius
1838 4349 2255 4430 Gregoriana
2297 4349 2509 4428 gentis
2547 4368 2622 4412 ex
2663 4358 2865 4413 matre
2907 4348 3137 4421 series,
3182 4348 3518 4426 hucusque
3561 4359 3803 4422 prepe-

518 4444 778 4525 modum
805 4445 1043 4523 ignota.
1078 4447 1283 4521 Quam
1327 4451 1500 4513 enim
1543 4450 1804 4513 exhibet
1836 4450 2158 4512 Barouius
2200 4450 2267 4511 in
2290 4450 2430 4512 Vita
2463 4450 2782 4529 Gregorii,
2816 4468 2887 4517 ea
2917 4450 3251 4521 mendosa,
3283 4455 3343 4517 et
3376 4452 3685 4525 [triﬁlerea
3723 4443 3804 4504 ab

514 4547 662 4611 aliis
696 4549 1057 4624 perturbata
1090 4557 1153 4613 et
1182 4553 1536 4616 adulterata
1568 4554 1718 4616 fuit.
1752 4553 1856 4615 Sic
1891 4552 2113 4631 igitur,
2148 4551 2370 4628 lector,
2417 4552 2676 4616 habeto.

594 4652 690 4712 Ex
722 4649 1031 4713 Philtalio
1062 4661 1126 4714 et
1167 4653 1493 4731 Gorgonia
1526 4651 1665 4733 ejus
1706 4668 1908 4714 uxore
1938 4656 2075 4713 orta
2111 4658 2206 4713 est
2246 4652 2496 4727 Nonna,
2533 4652 2828 4736 Gregorii
2864 4659 3088 4728 mater,
3139 4650 3558 4732 ejusdemque
3586 4662 3809 4706 avun-

511 4756 700 4827 culus
734 4755 1255 4835 Amphilochius,
1314 4755 1556 4817 Nonna
1604 4768 1953 4835 germanus
1990 4751 2209 4814 frater.
2240 4753 2403 4814 Natu
2446 4754 2751 4833 majorem
2782 4752 2986 4817 fuisse
3018 4754 3308 4841 Nonnam
3348 4748 3410 4808 id
3446 4761 3607 4825 pene
3654 4762 3811 4821 per-

511 4856 765 4932 suadet,
797 4860 973 4937 quod
1025 4858 1377 4937 Gregorius
1416 4854 1485 4939 (1')
1530 4852 1969 4934 Amphilochii
2025 4853 2216 4927 ﬁlios,
2268 4855 2530 4927 nonnisi
2575 4858 2724 4937 quia
2751 4863 2935 4920 atate
3007 4858 3287 4918 minores
3321 4857 3523 4925 erant,
3557 4866 3587 4899 α
3626 4848 3807 4909 ﬁlio-

402 4986 405 4987 ν
512 4977 653 5021 rum
690 4983 720 5015 υ
756 4959 1019 5031 nomine
1054 4957 1439 5037 compellare
1480 4957 1709 5032 soleat,
1743 4975 1947 5037 seque
1976 4956 2117 5037 ipse
2163 4981 2192 5014 «
2227 4976 2450 5023 senem
2488 4981 2518 5016 in
2547 4959 2895 5056 appellare.
2941 4960 3033 5023 De
3071 4953 3505 5036 Amphilochii
3559 4950 3811 5015 sobole

513 5061 795 5138 primum
828 5058 1145 5120 dicamus.

594 5158 1113 5243 Amphilochius,
1139 5160 1435 5240 Gregorii
1460 5161 1848 5237 avunculus,
1878 5177 2144 5225 uxorem

2236 5163 2685 5243 ibuitLiviam,
2709 5173 2955 5247 μάκαιρα
2987 5174 3169 5252 δάμαρ
3217 5168 3540 5251 Ἀμφιλόχου
3574 5163 3786 5239 A2661;-

516 5285 544 5317 α
582 5261 657 5343 (j)
688 5261 875 5322 Beata
906 5259 1349 5338 Amphilochii
1395 5277 1555 5335 uxOr
1597 5261 1801 5323 Livia.
1841 5284 1870 5317 ια
1904 5262 2060 5323 Tres
2110 5280 2188 5323 ex
2231 5280 2304 5325 ea
2340 5261 2575 5327 liberos
2607 5264 3103 5344 Amphilochius
3144 5256 3435 5341 Suscepit
3493 5278 3509 5318 :
3576 5268 3699 5323 σῶν
3743 5286 3806 5323 τε

510 5367 669 5439 τριὰς
696 5370 923 5443 τεκέων,
954 5381 983 5415 α
1024 5359 1106 5443 (Ic)
1146 5368 1399 5422 tuorum
1434 5360 1710 5422 ﬁliorum
1744 5359 1915 5422 trias.
1953 5385 1982 5419 ››
2006 5363 2060 5425 Η

2271 5364 2453 5427 fuere
2489 5387 2518 5420 α
2556 5365 2635 5445 (ι)
2666 5364 3065 5444 Euphemius
3097 5368 3158 5427 et
3186 5360 3687 5445 Amphilochius
3717 5383 3734 5421 :
3771 5384 3802 5417 ι

510 5471 657 5535 υἱέες
705 5471 1036 5543 Ἀμφιλόχου
1071 5471 1378 5545 Εὑφήμιος,
1441 5469 1775 5557 Ἀμφίλοχός
1804 5488 1885 5525 τε.
1922 5467 2011 5529 De
2046 5472 2060 5526 l

1574 5469 1775 5557 >ίλοχός¹
1804 5488 1885 5525 τε.
1922 5467 2011 5529 De
2046 5464 2214 5528 tertii
2264 5464 2526 5528 nomine
2564 5473 2785 5545 postea
2814 5466 3124 5528 dicemus.

580 5590 657 5657 (α)
692 5589 846 5662 Apud
882 5588 1048 5662 Mum,
1074 5606 1164 5662 eo.
1196 5589 1290 5662 ὅδε
1313 5606 1369 5662 tn,
1408 5589 1497 5644 55.
2265 5592 2339 5661 (g)
2381 5591 2479 5660 Ep.
2512 5592 2601 5662 50,
2636 5609 2690 5662 p.
2724 5592 2815 5647 5|.

581 5656 658 5740 ςυ.)
696 5656 860 5740 aut.
896 5660 1152 5740 99.21.15:
1187 5660 1241 5727 ιι.
1276 5657 1395 5713 ~106-
2263 5656 2340 5740 (ξι)
2511 5656 2687 5740 52;».
2719 5662 2949 5740 περ.
2980 5661 3071 5729 δε,
3108 5677 3160 5733 ιι-
3197 5658 3284 5715 δι-

580 5729 653 5801 (ε)
693 5730 861 5801 Epist.
883 5729 996 5801 156
1024 5729 1118 5784 lib.
1150 5746 1208 5785 ιι.
1416 5800 1427 5801 7
1458 5800 1463 5801 γ

1416 5800 1427 5801 ,
1458 5800 1463 5801 ,
2268 5734 2339 5798 (i)
2382 5729 2548 5799 Epist.
2575 5729 2667 5796 23,
2694 5734 2762 5786 al.
2802 5729 2923 5788 106⁷.

580 5798 657 5868 ((1⁷)
695 5798 848 5877 Apud
882 5798 1161 5877 Mur._,‘_ep.
1190 5801 1282 5877 ἓξ),
1321 5817 1373 5872 p.
1408 5800 1494 5869 9.9.

2266 5803 2341 5877 ιλ)
2382 5798 2596 5877 litura}?
2628 5819 2714 5871 ep.
2738 5803 2835 5877 i7,
2875 5820 2926 5874 p.
2961 5804 3044 5861 l7.

580 5882 651 5939 (el
695 5870 973 5942 [bid.,_ep.
1003 5870 1093 5942 5-0)
1135 5887 1189 5942 p.
1218 5870 1334 5927 9.0.7
2266 5870 2337 5939 (Ia)
2386 5874 2480 5941 Ep.
2518 5872 2603 5933 l9.
2646 5870 2696 5942 ρ.
2731 5873 2816 5926 20.

580 5934 646 6014 υ)
689 5940 786 6011 Ep.
817 5934 987 6012 δια),
1022 5937 1111 5996 50.
1135 5934 1152 5942 ’

2268 5934 2331 6012 (ι)
2371 5934 2465 6014 ιςρ.
2498 5942 2587 6009 20,
2623 5934 2676 6015 ις.
2710 5944 2800 5999 20.
