3926 6410
249 444 319 501 85
1238 453 1608 512 PREFATIO
1645 456 2049 513 GENERALIS.
2089 487 2156 499 —
2195 457 2374 512 PARS
2409 457 2470 514 ll.
3011 411 3022 417 -
3426 459 3495 512 86

337 570 539 633 Liviae
570 571 752 634 matri
790 571 908 632 hos
945 575 1070 633 tres
1109 569 1346 633 liberos
1383 574 1762 651 superstites
1797 575 1998 638 fuisse
2027 574 2250 654 probat
2281 573 2675 653 epitaphium
2717 591 2828 634 xix
2861 570 2970 651 (α),
3004 573 3069 633 in
3105 589 3232 652 quo
3271 594 3301 628 α
3347 575 3502 635 libe-

251 674 472 734 r'orum
509 672 662 733 trias
699 672 1093 750 meritusque
1127 673 1380 734 tumulo
1414 673 1656 736 Liviam
1693 675 2047 742 illustrasse
2084 699 2110 731 ιο
2141 675 2462 737 dicuntur.
2497 675 2742 735 Primus
2773 673 3060 734 omnium
3091 684 3377 737 mortuus
3410 686 3504 738 est

249 771 676 850 Euphemius,
724 789 916 850 quem
970 770 1261 847 pluribus
1312 772 1654 851 epitaphiis
1702 773 2040 834 celebravit
2093 775 2437 851 Gregorius
2487 773 2598 854 (ὁ),
2643 775 2878 852 quibus
2935 772 3276 852 epitaphiis
3333 771 3503 834 belle

246 880 558 934 consonat
592 872 857 950 epistola
890 871 1181 949 Gregorii
1219 889 1460 944 ccxxx,
1496 873 1654 935 alias
1685 890 1859 946 cxrv,
1904 874 1977 933 ad
2020 873 2462 937 Theodosium
2496 875 2633 936 sive
2671 873 3105 944 Theodorum,
3151 875 3332 951 cujus
3374 871 3497 932 tilia

253 972 619 1051 Euph‘emio
640 974 771 1052 jam
811 971 1222 1050 desponsata,
1257 973 1502 1049 nuptiis
1536 975 1847 1052 proxima,
1876 976 1961 1036 ibi
2005 974 2080 1055 (ε)
2113 991 2240 1037 non
2286 973 2672 1035 describitur
2703 973 2886 1034 aliter
2942 992 3011 1034 ac
3056 977 3119 1036 in
3175 971 3499 1052 epitaphio

243 1092 384 1146 xxi,
418 1073 654 1152 conjux
688 1074 825 1150 ejus
850 1070 1269 1150 Euphemius.

319 1177 384 1236 Si
420 1174 544 1238 alia
581 1192 706 1236 non
739 1183 1154 1253 suppeterent
1187 1184 1531 1250 momenta,
1568 1198 1636 1241 ea
1671 1181 1826 1241 satis
1861 1188 2083 1244 essent
2123 1180 2197 1244 ad
2234 1179 2794 1242 demonstrandam
2825 1179 3194 1256 Euphemii,
3228 1179 3496 1258 ejusque

243 1276 443 1356 patris
477 1276 915 1356 Amphilochii
957 1281 1015 1338 et
1061 1277 1498 1355 Amphilochii
1533 1279 1747 1343 fratris
1787 1298 1930 1343 cum
1969 1281 2279 1359 Gregorio
2312 1279 2778 1358 cognationem.
2845 1279 3073 1342 Scribit
3131 1281 3299 1343 enim
3354 1279 3494 1357 epi-

237 1379 399 1439 stola
444 1396 590 1440 mox
626 1379 872 1442 laudata
906 1381 1257 1458 Gregorius
1296 1382 1664 1447 Theodosio
1690 1385 1951 1466 jamjam
2007 1383 2234 1447 futuro
2295 1381 2639 1462 Euphemii
2683 1382 2955 1446 vitrico:
2997 1383 3220 1444 «Nunc
3264 1400 3494 1460 genera

237 1487 646 1563 capulantur,
677 1510 704 1542 ι
748 1495 807 1548 et
847 1486 1144 1562 inferius,
1178 1491 1581 1568 cognationis
1623 1493 1891 1570 gradum
1935 1500 2001 1554 ut
2038 1491 2368 1569 intelligas
2405 1513 2420 1553 :
2467 1514 2494 1546 «
2520 1493 2592 1552 Et
2634 1497 2698 1551 tu
2746 1505 2860 1550 nos
2897 1503 3008 1564 per
3035 1483 3492 1546 suavissimum

237 1591 440 1650 tilium
491 1597 780 1651 nostrum
825 1591 1251 1666 Euphemium
1290 1593 1475 1669 habe,
1514 1604 1574 1660 et
1617 1612 1737 1657 nos
1767 1596 1922 1656 item
1977 1613 2092 1675 per
2123 1594 2580 1656 suavissimam
2614 1594 2806 1655 filiam
2841 1596 3110 1652 vestram
3161 1603 3272 1650 vos
3305 1588 3495 1648 habe-

239 1708 406 1750 mus.
440 1713 469 1745 »
504 1693 652 1753 Mox
708 1691 1051 1754 Theodosii
1091 1692 1309 1767 ﬁliam,
1345 1711 1524 1756 suam
1559 1712 1821 1776 quoque
1850 1695 1932 1758 ob
1980 1694 2460 1758 matrimonium
2507 1694 2748 1756 ducens
2783 1715 2799 1754 :
2837 1691 3081 1754 «Patris
3114 1685 3217 1767 (de
3251 1703 3319 1747 se
3357 1685 3494 1763 ipso

236 1796 546 1876 loquitur)
577 1796 1019 1860 benevolentia
1051 1815 1160 1874 par
1189 1816 1333 1876 erga
1369 1800 1674 1863 liberos..
2693 1872 2698 1887 ν

315 1896 538 1957 Utrum
567 1905 776 1960 autem
814 1901 1215 1977 Euphemius
1251 1903 1398 1976 iste,
1428 1905 1505 1966 de
1545 1924 1675 1985 quo
1701 1907 1766 1969 in
1800 1906 2088 1986 Epistola
2145 1927 2386 1981 ccxxx,
2412 1908 2490 1970 al.
2527 1923 2699 1979 cxtv,
2734 1904 2840 1966 ille
2888 1904 3026 1981 ipse
3076 1899 3182 1972 sit,
3215 1898 3398 1976 cujus
3431 1897 3495 1959 Et

234 2000 482 2060 mentio
516 2000 578 2060 in
611 1999 891 2078 Epistola
929 2021 1204 2077 Lxxxnr,
1237 2004 1320 2067 al.
1361 2024 1579 2080 cxux,
1619 2023 1700 2067 an
1733 2007 1841 2069 ille
1875 2025 2138 2087 quoque
2170 2010 2250 2071 de
2275 2024 2404 2088 quo
2435 2008 2604 2070 circa
2636 2006 2825 2070 ﬁnem
2860 2004 3223 2068 testamenti
3260 2004 3493 2081 agitur,

234 2118 360 2163 non
405 2101 494 2162 ita
527 2102 938 2179 perspicuum
975 2113 1092 2168 est.
1137 2107 1201 2168 Si
1254 2125 1454 2170 unum
1509 2117 1758 2172 tantum
1817 2112 2114 2173 admittas
2162 2113 2622 2191 Euphemium,
2655 2117 3021 2174 occurrunt
3064 2109 3492 2179 difﬁcultates,

229 2215 376 2278 qua)
409 2198 575 2261 solvi
609 2216 734 2261 non
778 2211 1072 2278 possunt.
1109 2205 1319 2268 Satius
1355 2224 1506 2285 ergo
1543 2209 1955 2281 arbitramur,
1988 2212 2121 2272 imo
2157 2213 2622 2286 necessarium,
2656 2213 2818 2276 duos
2842 2212 3233 2290 Euphemios
3266 2210 3496 2270 distin-

228 2320 470 2380 guere;
512 2319 738 2378 unum,
774 2305 852 2369 de
902 2322 1031 2386 quo
1071 2307 1397 2388 epitaphia
1449 2316 1509 2373 et
1549 2311 1824 2390 epistola
1879 2330 2124 2385 ccxxx,
2165 2314 2322 2376 alias
2380 2334 2531 2376 cxrv
2563 2315 2639 2377 ad
2677 2315 3156 2392 Theodosium;
3195 2315 3489 2385 alterum,

225 2407 304 2468 de
341 2424 478 2486 quo
523 2415 974 2471 testamentum
1015 2411 1308 2490 Gregorii
1361 2414 1674 2494 loquitur,
1708 2421 2055 2496 utrumque
2114 2424 2327 2480 tamen
2364 2419 2671 2484 affinitate
2708 2421 3020 2499 Gregorio
3049 2419 3489 2497 conjunctum.

305 2511 471 2572 Tres
507 2511 960 2588 Amphilochia
988 2529 1065 2573 ex
1095 2512 1276 2574 Livia
1306 2512 1512 2576 fuisse
1552 2513 1790 2576 liberos
1822 2514 2134 2590 diximus,
2172 2516 2608 2595 Euphemium
2648 2524 2710 2581 et
2738 2515 3265 2595 Amphilochium
3301 2513 3494 2592 :quis

225 2620 312 2680 sit
355 2617 610 2690 tertius,
643 2619 1086 2696 quaerendum.
1121 2619 1535 2698 Epitaphium
1573 2619 1686 2702 (ά),
1717 2621 1784 2682 in
1815 2638 1946 2701 quo
1985 2643 2014 2678 α
2039 2627 2192 2684 trias
2232 2613 2582 2686 liberorum
2612 2647 2640 2680 ai
2675 2620 3130 2701 Amphilochia
3165 2618 3492 2692 tribuitur,

225 2719 395 2780 tertii
431 2734 670 2779 nomen
707 2717 877 2779 silet.
913 2718 983 2779 lu
1031 2719 1367 2799 Epitaphio
1399 2740 1490 2782 xx
1527 2721 1599 2800 (ε)
1632 2722 1905 2785 duorum
1965 2723 2275 2786 duntaxat
2306 2724 2585 2785 ﬁliorum
2621 2722 3060 2799 Amphilochii
3093 2724 3160 2785 fit
3197 2720 3439 2782 mentio
3475 2742 3491 2780 :

223 2822 574 2902 Euphemii
603 2823 729 2901 jam
761 2821 1074 2896 defuncti,
1108 2830 1169 2885 et
1203 2823 1637 2902 Amphilochii
1673 2825 2070 2904 superstitis.
2107 2826 2320 2890 Primo
2353 2827 2616 2905 quidem
2655 2825 3022 2889 Philtatium
3055 2823 3313 2884 tertium
3344 2838 3490 2882 eum

222 2947 366 2991 esse
405 2929 610 2990 tilium
645 2925 1164 3006 suspicabamur;
1195 2942 1414 2985 verum
1449 2925 1799 3002 Gregorius
1827 2924 2068 2986 nodum
2105 2926 2276 2986 hunc
2327 2924 2464 3003 ipse
2511 2921 2706 2985 solvit
2737 2923 2803 2986 in
2852 2922 3132 2987 carmine
3158 2919 3232 2980 ad
3270 2917 3495 2996 Olym-

218 3035 502 3112 piadem,
537 3034 636 3095 his
689 3034 899 3095 verbis
938 3031 1009 3111 (f)
1040 3052 1054 3092 :
1095 3033 1250 3085 Ἐστι
1298 3049 1399 3096 σοι,
1435 3026 1480 3086 ὦ
1507 3034 1768 3105 χαρίεσσα

1943 3034 2066 3098 locu;
2095 3032 2255 3104 [Θεοῦ
2286 3033 2456 3105 δόσις]
2482 3049 2496 3064 ο
2529 3032 2563 3103 ἢ
2610 3033 2667 3086 δὲ
2701 3027 3011 3104 προκείσθω
3040 3021 3239 3086 παντός
3279 3039 3360 3074 σοι
3395 3015 3493 3090 μύ-

221 3137 338 3189 Θοιο
366 3134 466 3189 καὶ
503 3133 776 3204 ἑργματος
805 3131 1038 3204 ἔμπνοος
1068 3129 1323 3185 etiamm...
1360 3132 1795 3204 αὐτοκασιγνήτη
1828 3131 1951 3203 μέγ’
1984 3132 2267 3204 ἀμύμονος
2321 3134 2613 3205 ἀρχιερῆος
2671 3127 3015 3202 Ἀμφιλόχου.
3068 3146 3096 3179 ιι
3122 3127 3228 3186 Est
3282 3121 3417 3192 tibi,
3456 3138 3493 3182 ο

220 3241 699 3320 elegantissima
735 3240 986 3317 mulier,
1020 3238 1402 3312 Theodosia,
1435 3257 1578 3320 quae
1603 3240 1714 3302 tibi
1745 3240 1957 3303 omnis
1985 3239 2302 3302 sermonis
2329 3247 2388 3302 et
2412 3239 2625 3315 aperis
2659 3238 2877 3329 vivum
2903 3228 3229 3308 exemplar
3266 3240 3490 3302 prepoo

220 3353 342 3411 sita
375 3351 594 3416 ειη...
637 3363 817 3409 soror
846 3345 1366 3408 innocentissimi
1412 3344 1716 3410 antistitis
1750 3341 2214 3423 Amphilochii.
2246 3365 2276 3400 ιο
2307 3343 2402 3402 En
2436 3341 2618 3404 tertia
2663 3335 3094 3419 Amphilochii
3131 3333 3488 3413 progenies.

219 3453 732 3535 Amphilochius
779 3466 951 3524 vero,
988 3451 1173 3529 cujus
1207 3464 1392 3510 soror
1421 3447 1791 3511 Theodosia
1823 3446 2084 3519 dicitur,
2127 3462 2259 3508 non
2296 3446 2464 3508 alius
2497 3453 2593 3508 est
2625 3461 2816 3524 quam
2851 3439 3210 3505 lconiensis
3244 3440 3492 3528 episcof

223 3577 379 3638 pus;
413 3557 936 3630 Amphilochius,
984 3553 1276 3632 inquam,
1333 3551 1676 3631 Euphemii
1721 3570 1798 3613 ex
1836 3548 2299 3629 Amphilochia
2333 3557 2394 3613 et
2424 3548 2601 3612 Livia
2637 3549 2829 3612 frater
2863 3560 3228 3624 germanus.
3261 3539 3485 3602 Omnia

223 3660 654 3734 conveniunt;
692 3660 908 3738 patria,
941 3672 1142 3732 genus
1166 3697 1181 3726 ,
1216 3655 1358 3714 vitm
1396 3660 1454 3716 et
1491 3672 1736 3719 morum
1777 3656 2109 3719 sanctitas.
2891 3659 2900 3668 '

302 3759 578 3821 Patriam
645 3758 1079 3836 Amphilochii
1135 3756 1490 3820 lconiensis
1544 3758 1749 3822 fuisse
1793 3757 2254 3838 Cappadociam
2321 3763 2594 3819 testatur
2653 3752 2936 3818 Basilius
2998 3747 3267 3828 epistola
3331 3745 3488 3806 alias

223 3875 519 3931 cccxcrv,
562 3863 622 3919 et
676 3859 951 3922 maxime
982 3863 1442 3940 Hieronymus,
1475 3861 1589 3940 qui
1629 3862 1898 3939 epistola
1943 3863 2020 3924 ad
2065 3861 2366 3938 Magnum
2397 3875 2678 3930 Lxxxur,
2711 3855 2866 3918 alias
2899 3870 3168 3924 Lxxxtv,
3203 3850 3369 3911 inter
3401 3847 3488 3908 vi-

224 3978 328 4023 ros
363 3962 586 4024 doctos
624 3963 1040 4043 Cappadociae
1074 3966 1410 4038 Basilium,
1447 3967 1925 4044 Gregoriumet
1965 3964 2495 4058 Amphilochium
2556 3965 2870 4058 recenset.
2901 3953 3350 4036 Amphilochio
3382 3971 3489 4058 pa-

223 4062 420 4135 renti,
457 4062 732 4142 ejusque
763 4063 940 4137 filiis,
972 4065 1388 4132 Dioczesarea,
1417 4063 1480 4126 id
1515 4073 1635 4136 est,
1667 4053 2300 4143 Nazianzum,patria
2328 4062 2695 4141 assignatur
2724 4057 2789 4121 in
2824 4057 3149 4138 epitaphio
3181 4072 3344 4115 xxxi
3373 4053 3483 4132 (g).

302 4167 397 4228 De
431 4183 668 4244 genere
699 4184 963 4249 quoque
1000 4169 1125 4230 sibi
1178 4168 1597 4231 consentiunt
1635 4167 1878 4241 omnia,
1917 4165 2241 4246 epitaphia
2270 4211 2286 4240 ,
2323 4162 2632 4244 epistolaa,
2667 4165 2982 4240 poemata.
3019 4159 3090 4219 In
3144 4153 3487 4235 epitaphiis

219 4271 722 4349 Amphilochius
761 4272 1040 4359 ille,_qui
1074 4272 1366 4351 Gregorii
1402 4291 1478 4335 ex
1510 4272 1835 4334 avunculo
1888 4271 2085 4334 frater
2134 4271 2393 4344 dicitur,
2441 4274 2764 4349 parentem
2816 4266 2956 4344 ejus
3001 4260 3285 4325 nominis
3326 4261 3489 4320 Am-

221 4376 631 4454 philochium
692 4376 959 4440 habuit:
995 4377 1219 4438 habuit
1272 4381 1334 4438 et
1395 4374 2326 4454 lconiensis~Amphilochius,
2361 4379 2432 4435 ut
2483 4389 2562 4433 ex
2619 4367 2966 4448 epigraphe
3008 4363 3294 4444 epistolae
3326 4378 3482 4433 Lxu,

218 4480 380 4540 alias
421 4498 570 4541 ccxx
603 4479 845 4562 Optime
889 4479 1345 4542 Tillemontius
1381 4479 1547 4542 eruit
1584 4485 1645 4541 et
1692 4479 1920 4541 astruit
1955 4484 2101 4539 nota
2139 4476 2334 4557 priori
2387 4475 2455 4536 in
2496 4474 2704 4535 Vitam
2744 4465 3184 4550 Amphilochii
3252 4469 3312 4525 et
3349 4478 3485 4522 eru-

220 4584 340 4645 diti
377 4587 760 4646 concedunt.

297 4690 574 4750 Gentem
612 4705 760 4751 vero
795 4707 866 4752 ac
897 4687 1199 4752 familiam
1235 4689 1670 4769 Amphilochii
1725 4689 2014 4754 eamdem
2045 4696 2237 4770 atque
2271 4686 2566 4765 Gregorii
2610 4682 2870 4762 sapiunt
2911 4671 3359 4770 epitaplli8,_ul
3393 4667 3486 4728 νί·

218 4787 464 4858 dimus,
503 4789 961 4866 prepemodum
989 4788 1251 4865 omnia;
1293 4765 1550 4869 sapiunt
1589 4795 1651 4853 et
1688 4790 1999 4871 epistolae.
2041 4765 2329 4866 Ep'istola
2367 4801 2652 4864 namque
2689 4796 2829 4851 xm,
2863 4775 3018 4837 alias
3063 4786 3184 4831 ccx
3214 4765 3289 4828 ad
3328 4766 3485 4825 Am-

219 4887 652 4964 philochium,
693 4906 885 4968 quem
941 4887 1348 4952 Iconiensem
1396 4896 1616 4969 postea
1672 4891 2048 4970 episcopum
2089 4889 2292 4952 fuisse
2345 4902 2535 4950 nemo
2577 4881 2926 4962 negaverit,
2961 4875 3314 4955 Gregorius
3347 4873 3476 4935 ait:

224 5014 250 5046 α
280 4993 418 5054 Non
458 4994 733 5055 multum
767 5010 893 5055 una
927 4992 1197 5066 fuimus,
1236 5011 1606 5075 quanquam
1637 4994 1796 5056 illud
1823 4994 2092 5056 omnino
2127 4991 2436 5071 Oportuit,
2473 5005 2616 5052 cum
2667 4993 2928 5068 prepter
2958 5001 3075 5047 nos
3111 4983 3311 5060 ipsos,
3345 4983 3479 5040 tum

221 5101 482 5174 propter
532 5098 879 5158 traductam
908 5095 983 5156 ad
1011 5114 1128 5159 nos
1161 5114 1195 5158 a
1233 5098 1607 5176 parentibus
1660 5098 2032 5161 amicitiam.
2066 5122 2095 5162 ν
2131 5100 2220 5159 Ac
2256 5094 2446 5174 paulo
2495 5102 2636 5174 post
2663 5089 3044 5160 Nicobulus,
3079 5103 3156 5148 ex
3189 5080 3478 5159 Gregorii

219 5208 441 5256 sorore
492 5195 816 5272 Gorgonia
871 5197 1068 5274 ﬁlius,
1111 5217 1237 5261 con
1291 5201 1582 5279 Gregorii
1633 5201 1870 5274 solum,
1913 5203 2026 5266 sed
2083 5200 2525 5281 Amphilochii
2577 5199 2838 5279 pariter,
2876 5191 3125 5257 tametsi
3189 5187 3480 5251 inferiori

221 5295 443 5368 gradu,
489 5296 661 5356 ﬁlius
707 5295 942 5358 dicitur
979 5320 993 5358 :
1032 5298 1288 5361 «Filius
1344 5307 1634 5373 noster,»
1677 5301 1856 5378 ἡμῶν,
1893 5303 2256 5379 amborum,
2293 5299 2717 5364 «Nicobulus.
2749 5323 2777 5358 ιο
2817 5297 3099 5378 Epistola
3130 5313 3287 5368 an,
3322 5293 3480 5354 alias

220 5414 392 5472 ccxr,
424 5401 787 5463 certissime
824 5399 898 5461 ad
946 5398 1469 5479 Amphilochium
1522 5401 1877 5466 lconiensis
1927 5403 2216 5482 episcopi
2270 5409 2510 5481 patrem
2544 5401 2803 5480 scripta,
2832 5399 3284 5479 cognationem
3319 5396 3480 5455 Am—

223 5505 529 5587 philochii
583 5526 726 5569 cum
778 5509 1087 5588 Gregorio
1133 5526 1168 5574 a
1213 5509 1417 5589 capite
1456 5508 1530 5573 ad
1575 5510 1809 5576 calcem
1863 5518 1969 5575 aut
2006 5511 2246 5572 diserte
2298 5508 2621 5587 exprimit,
2663 5515 2771 5569 aut
2801 5519 2929 5566 non
2966 5503 3238 5564 obscure
3276 5492 3474 5573 signi-

293 5693 374 5763 (a)
413 5691 628 5764 Muret,
674 5710 759 5763 cp.
805 5697 884 5752 19.
1976 5698 2042 5764 (ἐ)
2081 5697 2295 5760 Μιιι·;ιι.,
2332 5697 2419 5750 ΞΞΟ.

292 5760 372 5834 (δ)
546 5763 695 5818 20⁸61
709 5760 818 5834 -8ριι
829 5808 840 5818 .

1974 5760 2041 5833 (fl
2083 5769 2290 5832 Carm,
2330 5771 2394 5820 ad
2419 5764 2624 5834 Olynip.
2660 5760 2815 5834 v.97
2847 5769 3043 5829 etsqq.

295 5832 368 5906 (ε)
404 5831 622 5906 Muratq
653 5851 736 5906 ep.
769 5831 855 5895 21.

1978 5831 2051 5906 (9)
2095 5831 2311 5904 Μυνειιὲ,
2350 5853 2432 5906 cp.
2465 5831 2550 5897 3t,
2589 5849 2639 5902 p.
2679 5831 2766 5886 50.

296 5904 376 5974 (Δ)
417 5904 626 5971 Murat.,
667 5905 748 5964 i9.
