3918 6586
391 472 460 528 87
1385 471 1755 532 PREFATIO
1790 473 2198 532 GENERALIS.
2239 504 2306 514 -
2342 473 2520 528 PARS
2557 481 2622 528 II.
3567 478 3637 535 88

391 589 572 663 ﬁcat;
614 590 894 650 maxime
937 603 1088 650 vero
1139 589 1248 652 illa
1311 596 1788 670 comparatione
1845 596 2013 660 inter
2046 597 2243 659 iunus
2293 591 2588 672 Gregorii
2652 592 2870 672 patris,
2907 610 3100 673 quem
3124 593 3488 673 Theologus
3511 595 3637 658 sibi

393 701 598 756 morte
653 693 977 755 sublatum
1014 693 1208 767 dolet,
1245 701 1305 757 et
1335 696 1754 761 amissionem
1801 698 2236 778 Amphilochii
2278 698 2416 765 ﬁlii.
2451 713 2643 773 quem
2677 695 3166 772 Amphilochius
3215 705 3388 776 pater
3426 699 3642 761 adem-

395 802 574 873 ptum
621 798 744 858 sibi
795 798 1120 876 queritur;
1171 798 1408 877 illaque
1449 801 1833 879 etiam,jure
1865 803 2091 882 utique
2141 798 2666 880 prOpinquitatis,
2695 799 2912 861 debita
2954 799 3419 871 consolatione,
3446 819 3643 881 quam

360 907 364 912 ‘
396 898 887 979 Amphilochius
922 909 1124 976 pater,
1158 907 1220 961 et
1252 903 1599 980 Gregorius
1642 904 1814 966 titius
1845 923 1878 965 a
1915 923 1982 968 se
2015 913 2239 967 mutuo
2272 911 2640 982 exspectare
2672 921 2744 965 ac
2776 921 3109 984 reposcere
3156 911 3469 983 poterant.
3501 906 3647 966 Cla-

399 999 534 1060 rius
566 1000 773 1061 adhuc
808 1000 904 1061 his
937 1003 1012 1062 ad
1048 1005 1568 1082 Amphilochium
1608 1009 1821 1071 verbis
1853 1009 2019 1071 illud
2043 1011 2319 1073 declarat
2349 1010 2694 1088 Gregorius
2726 1031 2741 1068 :
2778 1012 2948 1072 «Nos
2979 1026 3262 1084 accusas,
3296 1009 3643 1090 inquit.....

398 1101 664 1163 minime
700 1103 1161 1168 detrimentum
1213 1127 1584 1188 agnoscere,
1631 1113 1804 1191 quod
1850 1114 2040 1175 amici
2095 1129 2324 1176 omnes
2357 1120 2420 1175 et
2447 1113 2723 1190 cognati,
2760 1117 3064 1189 συγγενεῖς.
3095 1118 3514 1192 acceperunt;
3550 1119 3646 1174 at-

398 1223 525 1286 que
567 1224 685 1286 ego
723 1209 788 1268 in
819 1209 1066 1286 primis,
1095 1235 1124 1268 »
1163 1218 1283 1272 etc.
1321 1231 1337 1269 :
1372 1210 1801 1274 disertissime
1849 1228 2038 1290 porro
2087 1210 2414 1290 exprimit,
2452 1210 2562 1273 ubi
2612 1210 3012 1273 lconiensem
3049 1209 3419 1288 episcopum
3459 1224 3650 1286 teque

398 1315 582 1371 vocat
628 1310 1091 1389 Amphilochii,
1144 1313 1218 1374 ad
1271 1327 1464 1391 quem
1521 1311 1769 1386 scribit,
1805 1335 1833 1368 α
1865 1311 2067 1375 filium
2111 1329 2182 1374 ac
2227 1328 2417 1372 suum
2451 1310 2663 1388 ipsius
2706 1309 2962 1372 fratrem
2995 1329 3012 1370 :
3043 1313 3246 1374 filium
3281 1319 3490 1385 tuum,
3522 1312 3648 1374 ira-

402 1424 559 1478 trem
610 1423 823 1478 autem
880 1423 1247 1490 nostrum,»
1296 1422 1416 1479 etc.
1461 1415 1566 1470 Τὸν
1590 1416 1681 1471 σὸν
1718 1417 1855 1484 υἱὸν,
1883 1419 1949 1489 iis

2100 1434 2152 1470 ον
2181 1416 2236 1469 δὲ
2265 1415 2508 1486 ἀδελφόν.
2542 1417 2671 1477 Has
2727 1415 2811 1477 ob
2867 1432 3089 1478 causas
3140 1418 3647 1480 consolationem

401 1542 432 1584 a
468 1525 802 1602 Theologo
839 1533 1212 1602 exSpectare
1257 1526 1563 1588 debuerat
1593 1523 2087 1602 Amphilochius
2122 1532 2296 1601 pater
2326 1521 2404 1583 de
2437 1520 2571 1582 lilio
2613 1518 2735 1581 sibi
2769 1518 3090 1600 adempto,
3123 1539 3353 1603 nempe
3383 1523 3653 1593 Amphi-

403 1629 612 1692 lochio
642 1632 992 1706 lconiensi,
1025 1632 1210 1712 cujus
1243 1650 1321 1694 ex
1358 1630 1683 1694 avunculo
1713 1630 1909 1694 frater
1946 1635 2084 1693 erat
2113 1629 2492 1705 Gregorius.

477 1759 627 1818 Tam
661 1759 829 1820 clara
875 1768 1025 1820 sunt
1071 1757 1290 1819 isthaec
1327 1765 1386 1818 et
1421 1757 1626 1828 firma,
1665 1762 1732 1817 ut
1757 1756 1888 1834 jam
1931 1754 2139 1832 pigeat
2173 1750 2505 1828 epistolam
2539 1747 2614 1809 ad
2645 1745 3073 1807 Themistium
3113 1764 3298 1819 xxxv,
3331 1745 3488 1808 alias
3523 1762 3653 1806 cxx.

399 1862 699 1940 adjicere,
731 1863 839 1925 ubi
892 1863 1025 1925 haec
1077 1862 1375 1939 leguntur
1403 1878 1417 1918 :
1445 1858 1539 1912 Σοὶ
1575 1858 1727 1928 φίλος
1753 1857 1946 1930 πατρόε

2111 1855 2243 1927 ἐμὸς
2279 1853 2650 1925 Ἀμφιλόχιοςο
2685 1851 2832 1913 Haec
2866 1851 3054 1912 verba
3093 1850 3229 1913 sive
3263 1867 3406 1912 cum
3441 1850 3647 1912 inter-

404 1971 578 2041 prete
611 1964 703 2026 sic
729 1964 1132 2026 reddideris:
1174 1985 1201 2016 ε
1227 1963 1277 2021 A
1310 1966 1576 2039 paterno
1609 1958 1805 2022 latere
1845 1958 1960 2019 tibi
1987 1959 2232 2019 amicus
2274 1964 2368 2018 est
2425 1970 2606 2015 meus
2655 1953 3185 2031 Amphilochius;
3212 1977 3239 2010 »
3275 1955 3412 2015 sive
3445 1953 3654 2029 magis

401 2065 475 2125 ad
509 2065 811 2136 litteram,
855 2064 1024 2125 «tibi
1057 2065 1300 2125 amicus
1339 2069 1459 2135 est,
1501 2079 1684 2124 meus
1718 2079 1751 2122 a
1799 2059 2171 2138 parentibus
2237 2057 2773 2138 Amphilochius;
2808 2082 2837 2116 η
2873 2058 2996 2120 vim
3057 2069 3224 2120 certe
3267 2063 3376 2121 aut
3424 2060 3658 2120 verbo-

403 2177 542 2222 rum
589 2162 918 2235 horumce,
958 2168 1069 2223 aut
1117 2160 1454 2224 sententia)
1512 2160 1744 2237 prioris
1807 2159 1976 2221 haud
2038 2159 2368 2238 eﬂ‘ugeris.
2405 2162 2626 2223 Dicere
2665 2161 2838 2222 enim
2894 2161 3096 2222 voluit
3143 2177 3259 2221 seu
3305 2161 3653 2238 interpres,

402 2281 515 2325 seu
552 2264 924 2342 Gregorius,
958 2264 1222 2327 minime
1259 2265 1640 2343 degenerem
1687 2264 1766 2325 ab
1807 2264 2178 2343 eloquentia
2213 2266 2410 2340 patris
2464 2265 2985 2343 Amphilochium
3023 2283 3194 2337 esse;
3232 2283 3352 2344 qua
3388 2265 3656 2325 Themi-

400 2368 587 2454 stio_«
615 2368 999 2448 eloquentiae
1034 2371 1217 2447 regi»
1261 2370 1491 2432 charus
1529 2376 1706 2447 pater
1753 2387 1897 2431 cum
1951 2377 2146 2444 esset,
2180 2370 2410 2433 charus
2449 2371 2653 2432 eidem
2688 2378 2749 2433 et
2780 2371 2950 2432 filius
2991 2386 3131 2431 esse
3162 2368 3455 2429 debebat.
3495 2367 3659 2438 Quae

401 2469 662 2546 quidem
694 2473 1015 2534 avunculo
1048 2473 1364 2550 Gregorii,
1403 2473 1672 2553 ejusque
1699 2472 1856 2548 filio,
1889 2474 1999 2552 qui
2035 2474 2102 2535 in
2150 2475 2491 2554 epitaphiis
2528 2481 2859 2551 tantOpere
2908 2474 2990 2535 ob
3026 2473 3453 2551 eloquentiam
3489 2473 3662 2532 cele-

401 2578 690 2648 brantur,
725 2580 982 2657 egregie
1027 2579 1442 2641 conveniunt.
1477 2579 1658 2642 Unde
1708 2581 1774 2640 in
1815 2582 2035 2641 eadem
2070 2580 2343 2658 epistola
2402 2597 2544 2641 mox
2609 2579 2876 2659 subjicit
2913 2577 3263 2655 Gregorius
3296 2597 3311 2636 :
3349 2600 3376 2632 «
3407 2577 3662 2639 Addam

402 2677 620 2748 etiam,
659 2679 830 2755 quod
871 2682 1186 2758 ejusmodi
1220 2692 1340 2754 est,
1367 2704 1396 2738 »
1431 2698 1661 2761 nempe
1690 2682 2210 2759 Amphilochius,
2243 2704 2272 2739 α
2297 2684 2405 2761 qui
2474 2701 2592 2745 nec
2639 2685 2948 2760 majorum
2992 2682 3238 2758 generi,
3279 2699 3394 2743 nec
3428 2688 3667 2742 nostrae

404 2778 703 2839 amicitia}
749 2780 1047 2842 dedecori
1088 2783 1192 2845 sit.
1221 2805 1251 2839 ι)
1300 2784 1401 2845 Sic
1456 2787 1631 2846 enim
1685 2785 2007 2846 reddenda
2057 2785 2347 2862 Gregorii
2409 2786 2622 2855 verba,
2663 2783 2916 2854 πατέρων
2952 2784 3135 2852 γένει’
3177 2801 3307 2845 non
3361 2793 3425 2845 ut
3462 2784 3668 2843 inter-

405 2901 575 2960 pres,
605 2905 632 2939 α
659 2891 921 2963 paterno
977 2888 1238 2965 generi;
1265 2911 1293 2944 ι
1327 2888 1570 2968 alioqui
1605 2887 1810 2959 πατρός
1844 2888 1951 2947 dix

2159 2886 2537 2964 Gregorius,
2585 2905 2710 2950 non
2747 2891 3022 2962 πατέρων.
3062 2888 3151 2949 Ita
3196 2894 3406 2949 autem
3448 2883 3670 2962 loqui-

409 2992 533 3056 tur,
587 2993 654 3046 ut
701 3003 905 3062 genus
953 2988 1412 3065 Amphilochii,
1447 3005 1636 3050 suum
1689 3004 1950 3066 quoque
2000 2985 2230 3059 fuisse,
2281 2986 2685 3067 majoresque
2736 2988 2997 3051 eosdem
3060 2988 3396 3065 signiﬁcet.
3451 2983 3667 3045 Simili

409 3105 670 3163 prorsus
706 3091 1106 3151 etsententia
1145 3097 1207 3152 et
1238 3093 1484 3153 ratione
1524 3092 1587 3153 in
1617 3091 1897 3153 carmine
1927 3091 2029 3161 57,
2070 3107 2236 3152 vers.
2263 3091 2404 3161 103,
2441 3113 2468 3145 ‹‹
2492 3091 2686 3153 decus
2727 3109 2914 3153 suum
2938 3112 2966 3146 ι)
2995 3089 3391 3151 lconiensem
3413 3084 3668 3162 episco-

409 3207 557 3266 pum
602 3189 1124 3267 Amphilochium
1181 3193 1530 3272 Gregorius
1585 3202 1762 3257 vocat
1796 3195 1902 3274 (α).
1941 3195 2148 3256 Decus
2197 3207 2414 3256 autem
2467 3213 2609 3259 esse
2662 3203 2906 3274 poterat
2973 3192 3260 3272 Gregorii
3331 3188 3670 3268 Amphilo-

409 3293 618 3365 chius,
656 3292 752 3354 vel
801 3299 868 3354 ut
914 3295 1070 3356 tanti
1104 3297 1392 3374 magistri
1425 3298 1807 3376 discipulus,
1854 3297 1955 3359 vel
1997 3304 2063 3359 ut
2109 3297 2470 3360 communis
2518 3296 2741 3376 stirpis
2775 3303 2838 3358 et
2874 3296 3144 3375 originis
3186 3297 3665 3376 ornamentum.

411 3400 664 3460 Prmslat
702 3398 834 3462 haac
889 3417 1041 3463 vero
1094 3373 1415 3463 sententia
1477 3373 1697 3482 priori,
1731 3418 1874 3465 cum
1913 3398 2375 3481 Amphilochia
2427 3373 2696 3481 epistola
2736 3419 2881 3473 xm,
2917 3373 3072 3465 alias
3101 3419 3246 3474 cur,
3280 3373 3668 3461 scrib'ntem

409 3504 785 3585 Gregorium
823 3506 1174 3570 viderimus
1207 3525 1224 3564 :
1260 3508 1448 3569 «Non
1509 3507 1782 3570 multum
1838 3525 1969 3571 una
2007 3507 2329 3580 fuimus,»
2357 3515 2508 3581 etc.,
2542 3524 2686 3586 quae
2718 3523 2751 3567 a
2788 3504 3128 3582 disciplina
3178 3515 3369 3580 quam
3413 3492 3666 3570 longis-

409 3612 572 3675 sime
613 3620 854 3674 remota
906 3621 1082 3674 sunt.
1133 3613 1228 3676 Ita
1273 3631 1536 3693 quoque
1573 3615 1898 3694 epitaphio
1947 3615 2115 3694 apud
2175 3614 2600 3677 Muratorium
2652 3631 2902 3684 xxxvr,
2951 3607 3361 3672 Nicomedem
3409 3601 3664 3661 «decus

413 3735 625 3778 meum
656 3741 684 3774 η
720 3718 844 3792 ait;
875 3718 1024 3798 quia
1059 3717 1393 3797 sanguinis
1420 3719 1734 3797 particeps
1768 3719 2085 3799 ejusdem,
2117 3723 2373 3796 gentem
2409 3724 2473 3778 et
2519 3717 2656 3795 ipse
2706 3713 3164 3793 Gregorianam
3204 3702 3583 3768 illustrabat.

488 3840 617 3902 Nec
667 3842 883 3902 minus
947 3843 1024 3903 ad
1084 3859 1216 3904 rem
1288 3850 1573 3904 nostram
1622 3841 1863 3906 faciunt
1897 3849 2349 3904 testamentum
2400 3839 2720 3917 Gregorii,
2754 3847 2814 3900 et
2869 3836 3082 3914 plures
3135 3829 3457 3910 epistolae;
3498 3843 3669 3887 xxm

413 3944 573 4006 alias
610 3965 725 4017 cx;
757 3965 947 4023 xxm,
989 3949 1148 4011 alias
1174 3967 1315 4021 cvr;
1346 3949 1416 4009 in
1445 3949 1683 4028 quibus
1719 3947 2242 4027 Amphilochium
2277 3946 2414 4008 sive
2449 3944 2716 4015 honore,
2754 3943 2892 4003 sive
2931 3955 3149 4002 amore
3181 3931 3670 4011 dignissimum.

413 4047 512 4108 vel
563 4051 1206 4126 reverendissimum,
1241 4071 1394 4116 sane
1432 4054 1514 4116 ob
1557 4053 1964 4133 episc0patUS
2001 4050 2409 4128 dignitatem,
2440 4047 2640 4108 tilium
2677 4060 2866 4107 suum
2901 4040 3178 4122 appellat
3219 4058 3235 4097 :
3270 4035 3373 4089 Τὸν
3398 4031 3674 4103 τιμιώτα-

411 4167 505 4207 τον
543 4154 677 4219 υἱὸν,
713 4156 1164 4228 αἰδεσιμώτατον,
1196 4166 1316 4222 etc.
1363 4159 1796 4238 Euphemiam
1848 4175 1958 4237 quc

2122 4197 2135 4226 ,
2182 4153 2649 4232 Amphilochii.
2687 4157 2906 4230 postea
2956 4140 3314 4206 lconiensis
3353 4135 3669 4238 episcopi,

415 4270 788 4328 germanum
837 4255 1119 4331 fratrem,
1174 4253 1378 4320 [ilium
1432 4236 1623 4319 suum
1674 4255 1948 4335 appellat
1998 4255 2374 4332 Gregorius.
2429 4253 2492 4315 Si
2528 4253 2839 4314 rationem
2899 4262 3172 4329 quaeras,
3210 4259 3324 4303 cur
3366 4236 3674 4300 amitinos

415 4352 763 4430 Gregorius
812 4367 1034 4423 noster
1097 4379 1174 4426 eo
1229 4364 1491 4426 nomine
1531 4361 1899 4436 donaverit,
1951 4359 2222 4439 epistola
2276 4378 2470 4431 XXIII,
2512 4359 2668 4421 alias
2723 4374 2847 4429 cvi,
2881 4370 3024 4431 quae
3076 4364 3189 4428 pro
3223 4340 3678 4424 Amphilochio

417 4460 558 4536 ipso
608 4463 840 4542 scripta
902 4471 1022 4542 est,
1069 4468 1324 4533 docebit
1359 4490 1376 4531 :
1411 4491 1441 4526 ιι
1494 4467 1639 4547 lpse
1690 4466 1829 4540 tibi,
1902 4465 2114 4544 inquit
2184 4463 2561 4543 Gregorius,
2620 4458 3069 4523 charissimum
3131 4452 3332 4515 tilium
3381 4453 3674 4510 nostrum

415 4560 940 4640 Amphilochium
996 4570 1222 4644 offero,
1267 4571 1478 4633 virum
1521 4568 1854 4649 probitatis
1891 4567 2159 4631 nomine
2191 4585 2401 4647 usque
2444 4567 2606 4628 adeo
2652 4564 2966 4634 nobilem,
3002 4559 3193 4622 etiam
3227 4559 3449 4634 praeter
3476 4565 3673 4629 quam

414 4673 566 4729 mtas
608 4667 805 4744 ferat;
845 4678 914 4734 ut
943 4674 1109 4753 ipse,
1149 4676 1262 4754 qui
1296 4682 1359 4737 et
1396 4692 1598 4737 senex
1646 4680 1708 4735 et
1751 4672 2182 4735 sacerdos.....
2237 4671 2538 4750 praeclare
2591 4685 2841 4732 mecum
2871 4665 2968 4743 agi
3007 4659 3490 4723 existimaturus
3523 4651 3673 4722 sim,

419 4773 472 4833 si
510 4791 647 4836 eam
707 4774 1049 4842 hominum
1111 4780 1656 4844 existimationem
1713 4777 2156 4842 obtinerem.»
2190 4775 2417 4838 Etatis
2471 4776 2666 4854 igitur
2711 4766 3178 4849 dignitatisque
3237 4754 3671 4838 prmrogativa,

421 4873 541 4936 hoc
579 4893 736 4939 usus
782 4895 925 4944 esse
964 4881 1276 4944 vocabulo
1319 4879 1669 4960 Gregorius
1713 4877 1998 4950 videtur,
2055 4882 2117 4939 et
2159 4878 2470 4943 amitiuos
2511 4873 2884 4957 appellavit,
2942 4875 3132 4931 mndo
3187 4862 3439 4935 fratres,
3483 4855 3671 4919 modo

419 4979 610 5044 ﬁlios.

497 5104 590 5165 De
635 5104 899 5176 Nonnte,
961 5103 1253 5182 Gregorii
1323 5102 1568 5175 matris,
1606 5101 1950 5179 nepotibus
1993 5117 2168 5162 nunc
2214 5099 2524 5161 dicamus.
2565 5095 2789 5154 Nonna
2835 5096 2961 5150 tres
3008 5085 3244 5146 liberos
3295 5075 3676 5184 procreavil.

419 5208 830 5284 Gregorium,
887 5206 1262 5277 Caesarium,
1298 5213 1357 5266 et
1411 5205 1599 5266 ﬁliam
1650 5203 1912 5265 nomine
1967 5200 2382 5278 Gorgoniam.
2441 5195 2686 5258 Caalebs
2733 5191 2895 5253 obiit
2937 5177 3675 5289 Caesarium-998.0,?“

424 5307 852 5386 virginitatem
901 5316 1211 5388 perpetuo
1252 5306 1476 5379 coluit,
1511 5306 1836 5383 vitamque
1888 5302 2303 5364 monasticam
2347 5295 2655 5359 exercuit.
2696 5292 2835 5353 Sola
2893 5295 3188 5388 posteros
3223 5278 3485 5388 reliquit
3519 5275 3679 5335 Gor-

423 5409 639 5487 gonia,
684 5424 827 5486 qua:
885 5386 1104 5486 nupsit
1160 5406 1421 5484 Alypio.
1467 5405 1726 5466 Nullum
1761 5404 1896 5483 jam
1964 5401 2350 5481 conjecturis
2406 5398 2616 5459 locum
2681 5393 2759 5455 de
2817 5389 3043 5452 marito
3081 5386 3676 5487 ϐοιεοηὶδθνίιυςιῐι

422 5479 734 5572 ᾖιιιοηὶιιὲ
768 5508 836 5568 in
875 5479 1018 5570 Vita
1060 5479 1352 5586 Gregorii
1380 5479 1780 5568 Vitalianum
1800 5503 2005 5566 fuisse
2051 5479 2453 5580 conjiciebat,
2479 5490 2933 5592 Tillemontius
2969 5486 3255 5592 modeste
3294 5479 3682 5592 suggerebat

423 5633 564 5679 esse
593 5613 954 5684 Meletium,
995 5582 1303 5689 relinquit
1351 5606 1745 5686 epitaphium
1803 5625 1928 5665 ιιι
1986 5601 2092 5684 (ω.
2126 5601 2196 5662 In
2228 5614 2308 5659 eo
2356 5593 2676 5675 siquidem
2712 5588 2985 5668 Alypius
3036 5582 3376 5661 Gorgoniaa
3409 5582 3679 5643 maritus

420 5710 821 5793 appellatur:

498 5926 573 5991 (η)
613 5925 791 5978 Carm.
841 5923 903 5975 ad
933 5917 1232 5988 Olympiad.

2138 5909 2208 5978 (ὁ)
2249 5907 2466 5972 Murat.,
2493 5916 2578 5972 ep.
2618 5899 2705 5965 70,
2737 5911 2790 5967 p.
2823 5893 2906 5951 65.
