3926 6410
142 453 203 511 89
905 455 913 463 ’
1098 459 1472 520 ΡΒΑΞΕΔΤΙΟ
1511 463 1692 520 GENE

1820 465 1921 521 δε.
1959 498 2027 507 -—-
2064 464 2248 521 PARS
2281 465 2342 521 ll.
3299 464 3370 525 90

816 572 1163 651 Krjotvsijv,
1198 578 1405 651 σάρκας
1448 597 1509 634 τε
1542 581 1635 651 καὶ
1667 580 1850 646 ὀστέα,
1878 581 2035 635 πάντ’
2063 580 2321 636 ἀναθεῖσα

883 645 1163 722 Γοργόνξῳξ
1194 645 1433 722 Χρίστῷ.
1465 650 1867 722 μοῦωννάφῆκε
1887 651 2071 722 Ῐπόᾳιν,

817 715 1032 793 Οὐ--ρζὴν
1057 718 1177 771 οὐδὲ
1198 715 1357 793 aream
1385 715 1448 791 δη
1458 715 1547 791 ῥὸν
1563 715 1931 793 χρόνοῦίᾴλϊ
1965 720 2072 793 ἄρα
2101 721 2195 775 καὶ
2222 720 2313 774 τὸν

883 786 1168 857 Ἥρπασεν
1194 786 1470 862 ἐξαπίνηξ
1487 786 1711 860 κύδῖέιον
1732 791 2006 845 ’Δλύπιον.

816 924 1046 996 Censnm
1075 946 1253 995 suum,
1279 946 1471 987 carnes
1501 940 1551 987 et
1586 947 1729 996 ossa,
1768 932 1951 987 omnia
1978 947 2101 988 cum
2126 940 2396 987 sacrasset

855 995 1208 1076 Gargonium
1241 1001 1479 1076 Christo,
1509 1001 1681 1056 solum
1712 995 2003 1076 reliquerat
2031 1017 2309 1076 sponsum,

825 1064 1219 1145 verumtamen
1242 1086 1347 1145 non
1380 1064 1473 1126 diu
1495 1064 1919 1145 sponsum.‘Sed
1948 1064 2191 1145 profecto
2218 1082 2272 1129 et
2295 1064 2480 1145 ipsum

890 1136 1155 1194 lilustrem
1192 1140 1442 1213 Alypium
1477 1136 1545 1197 ei
1574 1143 1865 1213 improvise
1898 1136 2094 1214 rapuit.

201 1271 286 1333 Ad
322 1273 629 1352 Alypium
667 1274 807 1335 sine
848 1279 1287 1341 controversia
1319 1280 1572 1361 scripta;
1612 1288 1762 1343 sunt
1809 1281 2123 1360 epistolae,
2162 1300 2429 1355 Lxxxu,
2458 1281 2616 1345 alias
2648 1300 2927 1354 chvm;
2961 1300 3241 1357 Lxxxm,
3277 1282 3360 1348 aio

131 1398 303 1447 (χιιι
336 1401 354 1454 ;
390 1398 655 1457 Lxxxvr,
679 1380 762 1442 al.
798 1397 896 1454 ca,
930 1399 1072 1444 cum
1098 1384 1164 1444 in
1196 1393 1521 1464 postremo
1566 1386 1824 1449 laudata
1858 1387 2102 1448 sororis
2135 1403 2270 1449 suae
2331 1389 2722 1453 mentionem
2754 1387 2849 1449 sic
2903 1387 3090 1450 faciat
3121 1390 3363 1469 Grego-

134 1486 275 1555 rius,
312 1495 383 1544 ut
417 1498 680 1548 uxorem
707 1488 921 1567 Alypii
961 1489 1147 1554 facile
1172 1507 1505 1568 agnoscas.
1536 1493 1629 1555 Ad
1664 1493 1964 1554 eumdem
2007 1492 2168 1555 data),
2201 1501 2352 1554 sunt
2388 1493 2699 1573 epistolae,
2738 1511 2980 1555 Lxxxtv
3021 1501 3080 1555 et
3112 1514 3358 1567 Lxxxv,

133 1584 203 1644 al.
226 1598 322 1645 cu
358 1590 421 1647 et
449 1602 575 1646 cui
614 1607 629 1647 :
664 1602 878 1667 neque
911 1596 1123 1653 tamen
1151 1590 1458 1671 Alypium
1494 1593 1673 1656 illum
1702 1592 2122 1672 Cappadociae
2160 1593 2492 1672 praesidem
2526 1595 2922 1657 constituere
2950 1613 3211 1658 necesse
3240 1603 3360 1658 est.

131 1685 273 1746 Num
312 1686 395 1748 ad
428 1687 735 1766 Alypium
772 1690 1069 1750 eumdem
1104 1690 1371 1767 epistola
1405 1709 1539 1761 ιιι,
1582 1693 1740 1754 alias
1768 1712 1972 1767 Lxxx,
2011 1693 2365 1755 verisimile
2403 1710 2528 1756 non
2563 1698 2682 1756 est.
2719 1695 3049 1771 Repugnal
3096 1692 3363 1755 omnino

132 1784 654 1862 laudibus,queis
688 1787 750 1846 in
782 1787 1074 1849 oratione
1105 1786 1361 1851 funebri
1389 1789 1731 1866 Gergonim
1762 1793 2036 1869 Alypius
2061 1790 2299 1868 conjux
2335 1800 2621 1869 ornatur,
2651 1804 2712 1857 et
2744 1800 3073 1876 epitaphio
3098 1818 3226 1860 Lxx
3248 1796 3359 1877 (α),

127 1889 195 1950 de
233 1904 307 1950 eo
354 1888 589 1968 Alypio
634 1891 904 1969 scriptas
941 1906 1084 1951 esse
1112 1891 1419 1969 epistolas
1458 1910 1625 1954 ccvn
1658 1901 1718 1956 et
1754 1913 1969 1967 ccvm,
2004 1896 2086 1959 al.
2126 1915 2315 1959 cxm
2363 1905 2423 1959 et
2465 1917 2698 1963 cxmn.
2741 1903 3013 1981 Alypius
3049 1906 3246 1976 enim,
3284 1904 3362 1963 de

134 2005 247 2067 quo
276 1989 385 2051 his
416 1991 480 2051 in
515 1990 772 2065 litteris,
804 1991 1195 2071 Simpliciam
1229 2009 1496 2056 uxorem
1534 1996 1866 2069 habuerat,
1906 2006 1965 2058 et
2007 1998 2260 2060 viduam
2298 2000 2583 2062 moriens
2616 1990 2985 2081 reliquerat.
3024 2005 3362 2082 Gnrgonim

129 2106 261 2151 vero
294 2091 542 2169 cenjux
571 2090 870 2171 Alypius,
903 2100 961 2153 et
1012 2093 1200 2155 uxori
1255 2104 1587 2174 superstes
1616 2095 1761 2167 fuit,
1801 2106 1865 2159 et
1909 2097 1992 2158 ita
2028 2098 2083 2158 ei
2120 2099 2442 2177 superfuit
2483 2100 2871 2181 baptizatus.
2910 2112 2979 2166 ut
3015 2105 3091 2167 ad
3124 2122 3364 2166 secun-

124 2191 219 2251 das
251 2192 516 2268 nuptias
550 2193 932 2254 convelandi
964 2211 1079 2255 nec
1111 2194 1393 2256 animum
1434 2213 1553 2257 nec
1596 2203 1848 2275 tempus
1894 2199 2211 2262 habuerit.

189 2292 503 2354 Baronius
533 2294 899 2372 Gorgoniaa,
939 2302 1170 2374 praeter
1212 2295 1591 2375 Alypianam
1650 2296 1867 2366 ﬁliam,
1914 2298 2083 2359 ﬁlios
2131 2314 2396 2378 quoque
2441 2300 2632 2371 duos,
2665 2302 2922 2363 Petrum
2979 2308 3039 2363 et
3087 2300 3359 2361 Pliocam

132 2392 341 2454 tribuit
377 2394 603 2455 eodem
645 2411 886 2468 errore,
921 2412 1050 2473 quo
1083 2395 1502 2470 Vitalianum,
1540 2396 1723 2475 cujus
1757 2394 1867 2457 filii
1901 2396 2127 2459 Petrus
2160 2407 2219 2460 et
2258 2400 2498 2461 Phecas
2531 2399 2734 2473 fuere,
2776 2403 2829 2463 ei
2867 2416 3173 2479 sponsum
3201 2400 3361 2459 assi-

122 2498 347 2572 gnavit.
380 2498 584 2560 Filios
619 2498 836 2561 itidem
870 2501 1035 2563 duos
1064 2502 1389 2578 Gorgenia
1419 2508 1604 2562 natos
1660 2501 1725 2563 in
1769 2502 2129 2564 orationem
2165 2511 2481 2575 octavam,
2518 2506 2674 2568 alias
2714 2525 2808 2577 XI,
2842 2523 3024 2566 num.
3059 2503 3155 2575 11a,
3186 2502 3357 2563 Elias

133 2602 453 2666 Cretensis
482 2603 745 2667 affirmat
780 2625 797 2679 ;
834 2605 1090 2667 neruine
1129 2614 1339 2666 autem
1375 2606 1699 2677 reticet,et
1724 2606 1946 2668 ambos
1979 2613 2223 2668 tantum
2251 2630 2281 2665 α
2306 2608 2380 2669 ad
2417 2610 2826 2687 episcepatus
2865 2606 3187 2682 fastigium
3215 2622 3361 2667 eve-

125 2696 239 2765 ctes
271 2730 297 2762 ι)
339 2706 619 2768 asserit:
668 2706 838 2785 quod
883 2706 989 2766 vix
1026 2698 1289 2767 credere
1336 2706 1491 2765 sinit
1522 2706 1909 2783 scriptorum
1969 2708 2261 2770 omnium
2298 2709 2377 2769 de
2433 2709 2536 2771 his
2568 2710 2929 2772 silentium.
2965 2710 3113 2770 Veri
3170 2710 3360 2786 longe

125 2806 395 2866 similius
429 2815 525 2867 est
558 2808 973 2883 Gergouiam,
1001 2815 1225 2883 praeter
1256 2804 1658 2881 Alyg'ianam,
1691 2805 1770 2867 de
1798 2823 1919 2883 qua
1960 2814 2210 2869 constat
2247 2808 2344 2870 vel
2380 2826 2460 2870 ex
2513 2812 2857 2890 epigraplie
2910 2812 3196 2886 epistolae
3246 2829 3357 2881 ιιι,

124 2908 257 2968 alias
286 2926 437 2981 cu,
470 2915 533 2969 et
567 2908 840 2968 maxime
878 2924 952 2968 ex
1005 2906 1285 2968 carmine
1321 2904 1399 2966 50
1441 2904 1562 2984 (b),
1606 2904 1714 2966 ubi
1769 2905 2102 2985 Alypianm
2152 2908 2324 2970 ﬁlius
2374 2909 2726 2972 Nicebulus
2762 2912 3142 2990 Gregerium
3182 2919 3361 2973 vocat

123 3035 147 3065 α
187 3011 401 3071 matris
434 3009 854 3081 avunculum,
890 3031 920 3066 »
951 3017 1143 3089 δέρκεο
1188 3019 1396 3091 μητρὸς
1431 3018 1571 3089 ὲμῆς
1619 3030 1673 3088 μγ

1801 3034 1841 3071 »ν
1875 3017 2050 3089 μέγαν
2079 3032 2094 3048 ·
2146 3009 2585 3082 verisimilius,
2610 3013 2870 3094 inquam
2896 3058 2913 3089 ,
2952 3022 3174 3094 praeter
3204 3014 3351 3092 Aly-

121 3115 350 3195 pianam
394 3114 688 3191 geminas
720 3114 872 3175 alias
903 3112 1287 3191 Gergouiam
1329 3115 1579 3176 enixam
1611 3114 1792 3183 ﬁlias,
1828 3115 2181 3192 Eugeniam
2221 3122 2283 3177 et
2315 3116 2626 3178 Nonnam.

191 3213 444 3274 Etenim
504 3211 856 3288 Gregorius
897 3211 1230 3290 Alypiaoaa
1263 3233 1292 3268 α
1329 3212 1472 3272 ﬁliae
1508 3228 1641 3272 suae
1700 3212 2119 3286 dulcissimae,
2156 3236 2187 3271 ››
2222 3221 2292 3276 ut
2329 3223 2534 3286 vocat,
2564 3216 2917 3297 Eugeniam
2953 3222 3015 3277 et
3070 3217 3361 3277 Nonnam

120 3315 193 3378 ita
225 3316 285 3378 in
321 3320 714 3389 testamento
740 3312 1057 3392 adjungit,
1086 3320 1154 3374 ut
1187 3313 1416 3375 eodem
1455 3312 1597 3375 illas
1651 3319 1843 3392 atque
1876 3314 2260 3393 Alypianam
2299 3309 2501 3394 gradu
2541 3315 2748 3381 fuisse
2785 3318 3077 3379 dubitare
3106 3333 3231 3379 non
3268 3319 3362 3379 si-

128 3424 221 3479 nat
250 3416 350 3480 hic
391 3416 709 3496 loquendi
744 3412 975 3476 medus
1015 3433 1031 3473 :
1074 3434 1104 3470 α
1137 3414 1519 3492 Alypianam
1559 3413 1753 3475 tiliam
1792 3419 1995 3478 meam
2058 3414 2505 3479 dulcissimam
2539 3421 2931 3496 (caaterarum
2961 3418 3129 3480 enim
3161 3421 3364 3498 Euge-

122 3517 228 3578 niai
289 3520 353 3578 et
408 3515 659 3576 Nonum
710 3513 941 3590 exigua
986 3511 1147 3575 ratio
1210 3510 1506 3573 habenda
1558 3511 1700 3592 est),
1735 3515 2264 3578 etc.......baec
2314 3504 2390 3579 ad
2442 3517 2650 3597 ipsius
2718 3518 3050 3597 Alypianae
3127 3516 3361 3585 liberos

124 3618 426 3694 pertinere
458 3616 606 3679 volo
640 3638 659 3692 ;
691 3639 721 3673 »
756 3606 881 3687 θεέ-ξι
918 3615 1091 3676 nulla
1133 3614 1199 3676 in
1234 3634 1301 3678 re
1334 3615 1567 3693 ipsam,
1606 3616 1706 3677 vel
1747 3634 2007 3680 sorores
2037 3619 2204 3698 ejus,
2242 3644 2269 3677 ιι
2306 3638 2537 3700 nempe
2570 3621 2922 3700 Eugeniam
2956 3626 3017 3680 et
3043 3618 3360 3691 Nonnam,

128 3743 153 3775 ι
192 3719 497 3783 molestas
536 3736 703 3781 esse.
741 3742 771 3777 »
806 3716 976 3791 Quid
1010 3716 1236 3779 clarius
1264 3720 1334 3777 ut
1364 3716 1843 3779 demonstretur
1876 3719 2257 3799 Alypianam
2290 3700 2463 3785 illam
2488 3765 2504 3796 ,
2538 3737 2665 3783 non
2698 3719 3009 3798 virginem
3049 3738 3186 3783 eam
3220 3736 3361 3783 esse

122 3821 188 3880 de
214 3838 330 3897 qua
370 3819 649 3898 epistola
678 3837 893 3907 cnvni,
926 3818 1008 3881 al.
1034 3836 1329 3889 ccxxxn,
1360 3816 1473 3879 sed
1505 3834 1648 3896 quae
1679 3818 1993 3881 Nicobule
2055 3832 2397 3900 nupserat,
2438 3829 2500 3884 et
2553 3838 2810 3884 sorores
2841 3821 2981 3899 ejus
3027 3838 3360 3898 germanas

124 3923 306 3985 fuisse
335 3923 698 4001 Eugeniam
732 3928 797 3982 et
826 3922 1118 3983 Nonnam
1148 3923 1177 3980 'I
1210 3919 1383 3993 Quas
1434 3919 1695 4000 quidem
1752 3920 2033 3998 virgines
2074 3923 2503 4000 permansisse
2544 3923 2702 3985 nihil
2757 3938 3022 3984 necesse
3078 3929 3173 3984 est
3216 3939 3359 3984 cre-

122 4025 275 4085 dere.
309 4025 507 4099 Quod
553 4026 725 4088 enim
759 4025 838 4086 de
871 4021 1195 4099 Gorgenia
1235 4020 1478 4083 dictum
1507 4034 1604 4083 est
1630 4020 1697 4082 in
1729 4022 2022 4083 oratione
2049 4040 2186 4096 vni,
2208 4023 2366 4085 alias
2398 4043 2490 4097 xi,
2527 4046 2556 4082 α
2593 4022 2885 4103 corporis
2918 4022 3217 4094 fructum,
3242 4021 3365 4086 hoe

122 4133 202 4187 est
234 4128 475 4190 liberos
507 4136 571 4190 et
595 4135 865 4207 nepotes
901 4125 1169 4205 spiritus
1195 4125 1477 4188 fructum
1505 4125 1742 4200 eﬂ‘ecit,
1778 4148 1809 4183 ι
1841 4125 1921 4188 de
1968 4127 2290 4205 baptismo
2324 4136 2384 4191 et
2431 4127 2918 4191 consecratione
2949 4145 3091 4209 quae
3147 4145 3227 4189 ex
3283 4143 3361 4188 eo

125 4229 267 4304 linit,
294 4237 514 4307 potest
556 4235 618 4290 et
648 4228 840 4289 debet
870 4226 1072 4303 accipi
1111 4246 1127 4286 :
1169 4226 1415 4305 alioqui
1465 4224 1834 4304 virginitate
1883 4242 2294 4290 consecrasse
2355 4229 2517 4291 ﬁlias
2564 4245 2717 4290 suas
2776 4246 3001 4290 omnes
3042 4226 3359 4307 Gergonia

125 4331 375 4394 «licenda
424 4335 627 4402 esset,
678 4328 851 4409 quod
909 4326 1171 4409 quidem
1233 4328 1582 4391 absurdum
1628 4334 1691 4389 et
1736 4329 1900 4389 facto
1939 4330 2380 4406 contrarium;
2418 4329 2735 4408 siquidem
2788 4329 3096 4409 Alypiana
3148 4329 3361 4406 nupsit

121 4433 443 4507 Nicobule,
469 4433 753 4508 Eugenia
779 4446 1063 4509 quoque,
1100 4428 1194 4492 vel
1222 4430 1472 4505 Nonne,
1505 4429 1869 4493 Meietion
1898 4438 1993 4492 est
2026 4431 2344 4507 Meletius,
2378 4433 2488 4512 qui
2537 4431 2603 4493 in
2638 4438 3021 4494 testamento
3068 4428 3359 4506 Gregorii

118 4544 347 4615 γαμὸρός
377 4514 648 4605 dicitur,
682 4534 853 4612 quod
901 4532 1045 4609 ejus
1077 4531 1318 4593 sororis
1350 4531 1551 4593 ﬁliam
1581 4549 1847 4594 uxorem
1879 4532 2196 4595 duxisset.

187 4637 273 4696 Ex
303 4633 654 4705 Nicobule,
680 4633 759 4693 ad
784 4648 978 4710 quem
1014 4633 1231 4710 plures
1284 4631 1576 4710 Gregorii
1612 4632 1936 4709 epistolae,
1966 4639 2024 4692 et
2055 4631 2372 4711 Alypiana
2424 4631 2779 4693 Nicebulus
2808 4629 2968 4692 alter
3017 4634 3207 4691 natus
3239 4634 3359 4697 est,

119 4748 171 4799 et
205 4739 528 4818 Alypiaua
559 4736 762 4815 virgo,
790 4736 871 4799 de
902 4754 1027 4817 qua
1075 4736 1349 4816 epistola
1388 4754 1652 4807 euut,
1687 4736 1771 4799 al.
1811 4753 2059 4798 cxxxn.
2112 4739 2202 4797 De
2244 4736 2559 4798 Nicobule
2610 4745 2781 4797 certa
2834 4752 2934 4796 res
2987 4739 3120 4803 est,
3156 4732 3252 4792 vel
3283 4748 3362 4791 ex

127 4844 397 4904 carmine
430 4841 606 4921 quod
644 4839 942 4902 Nicobuli
977 4856 1210 4901 nomen
1242 4839 1367 4900 sibi
1400 4840 1811 4919 praescripsit,
1846 4847 1906 4901 et
1933 4856 2012 4901 ex
2040 4839 2234 4917 patris
2257 4838 2553 4900 Nicobuli
2589 4838 3040 4917 responsione,
3076 4835 3364 4912 itemque

122 4959 190 5002 ex
217 4942 491 5021 epistola
523 4957 716 5014 cxcv,
749 4939 907 5002 alias
938 4952 1089 5001 XLIV
1118 4961 1136 5015 ;
1171 4939 1344 5002 unde
1367 4939 1677 5002 discimus
1700 4939 1863 5003 alios
1896 4938 2210 5001 Nicobule
2233 4938 2483 5019 junieri
2507 4951 2846 5017 germanos
2876 4930 3103 4999 fratres
3132 4933 3361 5007 fuisse,

122 5062 387 5123 quorum
434 5044 530 5107 vel
579 5044 842 5106 nemina
880 5044 1141 5121 penitus
1180 5042 1577 5120 ignorantur.

186 5146 343 5208 Sunt
376 5145 487 5207 alii
527 5146 694 5208 bene
744 5144 930 5207 multi
990 5142 1302 5222 Gregorio
1341 5151 1563 5205 nostro
1605 5143 1826 5207 afﬁnes
1866 5152 1927 5207 et
1972 5142 2480 5224 consanguinei;
2514 5143 2581 5206 in
2644 5159 2921 5222 quorum
2967 5154 3236 5229 numero
3267 5146 3364 5199 est

120 5242 540 5322 Euphemius,
603 5242 762 5303 alter
797 5241 876 5302 ab
914 5239 1352 5318 Amphilochii
1424 5240 1576 5303 ﬁlio.
1622 5241 1715 5303 De
1753 5241 1922 5303 eoin
1960 5248 2372 5317 testamento,
2405 5242 2512 5304 ubi
2547 5257 2650 5304 res
2682 5245 2849 5303 inter
2879 5239 3096 5302 afﬁnes
3129 5239 3360 5316 agitur.

191 5342 568 5405 Helladium
600 5340 1060 5420 Eulaliumque
1090 5340 1319 5402 fratres
1353 5340 1619 5419 epistola
1651 5358 1756 5417 xv,
1795 5342 1955 5403 alias
1986 5360 2176 5415 cxcv,
2217 5343 2567 5421 Gregorius
2603 5348 2787 5405 vocat
2822 5364 2851 5398 α
2890 5339 3361 5402 consobrinos»

120 5456 287 5516 suos,
318 5449 432 5505 aut
474 5440 821 5521 patrueles,
853 5447 1129 5518 ἀνεψίους,
1182 5439 1312 5502 nisi
1343 5441 1543 5502 mavis
1574 5452 1651 5504 ex
1687 5454 1911 5504 sorore
1942 5452 2053 5504 aut
2100 5443 2611 5523 prepinquorum
2649 5445 2870 5525 aliquo
2916 5447 3218 5521 nepotes,
3252 5456 3366 5519 pro

124 5544 287 5604 varia
315 5542 493 5604 vocis
535 5540 1031 5620 signiﬁcatione.

188 5642 511 5722 Georgius
536 5650 598 5705 et
628 5641 930 5704 Basilissa
963 5658 1147 5707 soror
1177 5641 1317 5723 ejus
1352 5659 1650 5723 germana
1680 5644 2010 5725 epitapbie
2040 5663 2076 5705 L
2122 5645 2225 5725 (c),
2263 5661 2511 5709 necnon
2558 5644 2903 5721 E‘uSehius,
2943 5643 3055 5727 qui
3109 5642 3364 5708 utrius-

182 5854 254 5929 (a)
296 5855 518 5929 alunt”
550 5852 847 5929 ep.]0,_p.
882 5853 971 5910 65.

882 5853 971 5910 65.
1863 5856 1930 5929 (ε)
1973 5856 2187 5925 Muret,
2218 5862 2301 5927 ep.
2338 5854 2424 5910 50.

188 5924 257 5993 (ἐι)
297 5928 509 5995 Carm,
551 5924 616 5982 aii
644 5924 827 5984 Nicub.
861 5939 996 5995 patr.
