3918 6524
531 483 590 534 9|
1528 473 1904 530 PBEFATIO
1944 470 2354 529 GENERALIS.
2390 500 2459 511 —
2495 465 2677 524 PARS
2711 466 2801 521 Ill.
3706 454 3779 509 9‘3

534 613 663 675 que
706 596 899 659 frater
922 596 1185 659 omnino
1216 594 1469 654 videtur
1507 593 1619 673 (α),
1656 610 1776 652 una
1818 608 1961 653 cum
1994 590 2217 650 Nonna
2268 595 2470 649 matre
2503 582 2812 660 Theologi
2850 596 2929 641 ex
2969 574 3162 638 variis
3185 572 3525 652 epitaphiis
3560 586 3636 629 eo
3670 577 3783 631 tu-

538 696 719 758 mulo
750 697 986 759 conditi
1012 696 1119 775 (b),
1155 694 1268 773 qui
1303 694 1595 772 Gregorii
1635 702 1697 753 et
1748 694 1989 754 Nonum
2020 689 2321 766 sanguini
2376 694 2631 766 paratus
2677 693 2839 753 erat,
2868 686 2950 762 αἴε

2285 690 2321 750 ιὶ
2376 694 2631 766 paratus
2677 693 2839 753 erat,
2868 686 3006 762 αἷμα
3035 689 3096 742 τὸ
3136 683 3453 758 Γρηγοριου,
3484 680 3690 751 Νόννης
3720 697 3784 734 τι

536 808 861 877 μεγακλέος,
889 798 966 858 ab
1012 795 1234 857 eodem
1263 793 1457 855 alieni
1497 809 1731 870 genere
1771 806 1914 851 esse
1962 804 2088 849 non
2135 796 2426 865 possunt.

2290 796 2426 847 UDl.

613 873 1012 967 Nicomedes,
1044 896 1110 957 in
1141 911 1336 975 quem
1373 895 1490 956 tria
1523 902 1675 955 sunt
1726 890 2052 970 epitaphia
2087 888 2199 970 (c),
2245 890 2430 966 cujus
2493 889 2693 951 etiam,
2720 884 2940 947 laudes
2990 880 3237 961 plenius
3276 876 3677 939 celebrantur
3714 873 3779 934 in

518 1000 806 1062 carmine
837 998 917 1059 al.
951 1015 1151 1058 xum
1187 997 1295 1076 (α),
1330 1013 1405 1056 ex
1442 994 1666 1057 eodem
1699 999 1913 1055 cretus
1951 989 2266 1067 sanguine
2317 989 2593 1050 videtur.
3655 1074 3665 1076 ξ
3747 1073 3757 1076 Α
3789 1022 3814 1054 ,

612 1099 744 1160 Jam
780 1098 861 1159 de
906 1073 1202 1158 Philtatii
1224 1073 1651 1158 adolescentis
1684 1109 1826 1155 cum
1866 1090 2180 1168 Gregorio
2216 1086 2518 1150 afﬁnitate
2549 1086 2841 1146 dubitare
2869 1083 2972 1145 vix
3012 1096 3246 1144 nomen
3276 1076 3453 1147 sinit,
3496 1074 3667 1152 quod
3702 1073 3785 1137 ab

529 1215 647 1261 avo
677 1198 968 1277 Gregorii
1002 1214 1299 1260 manasse
1346 1196 1665 1257 videatur.
1695 1192 1928 1254 Suadet
1958 1191 2147 1253 etiam
2187 1187 2589 1267 epitaphium
2621 1187 3014 1261 xav,Murat.
3041 1202 3103 1262 p.
3136 1182 3235 1258 1&2,
3267 1196 3338 1241 ac
3361 1177 3613 1258 penitus
3649 1192 3787 1253 per-

532 1300 878 1362 suaderent
913 1300 1007 1360 tire
1042 1315 1279 1362 voces«
1306 1314 1481 1359 sacra
1518 1295 1734 1365 tellus,
1769 1316 1797 1351 ιο
1824 1293 1879 1354 si
1911 1289 2234 1354 tumulum
2299 1298 2474 1352 certo
2520 1288 3023 1366 signiﬁcarent.«
3053 1280 3641 1348 Verisimillimum,
3678 1277 3785 1338 in-

532 1401 680 1480 quit
710 1400 1125 1471 Muratorius,
1189 1396 1591 1460 necessarios
1648 1391 2030 1455 Nazianzeni
2062 1388 2267 1451 fuisse
2334 1387 2696 1449 Philtatios.
2738 1410 2763 1442 a
2798 1385 2966 1447 Huic
3000 1382 3385 1445 adolescenti
3414 1379 3787 1441 adolescen-

532 1506 707 1566 tulus
736 1502 899 1563 alter
928 1499 1404 1578 adjungendus,
1445 1494 1794 1573 Gregorius
1826 1491 2116 1563 nomine,
2151 1488 2446 1565 Gregorii
2476 1505 2555 1549 ex
2586 1504 2805 1548 sorore
2832 1500 3030 1564 nepos
3062 1490 3171 1545 aut
3205 1482 3510 1562 abnepos,
3535 1480 3614 1542 de
3653 1496 3789 1560 quo

530 1600 927 1683 epitaphium
959 1588 1218 1661 d‘xxxm
1279 1597 1446 1676 apud
1501 1596 1733 1657 Murat.
1770 1594 1904 1654 Hos
1942 1606 2169 1652 omnes
2200 1595 2430 1667 praeter
2480 1588 2839 1650 stemmatis
2893 1586 3127 1648 seriem
3166 1600 3599 1656 recensemus,
3629 1582 3789 1664 quia

531 1718 663 1784 quo
693 1701 919 1764 ordine
946 1699 1042 1763 illi
1078 1718 1149 1762 ac
1191 1699 1329 1761 loco
1377 1695 1698 1758 statuendi
1733 1693 1865 1757 sint
1911 1692 2307 1770 ignoramus.
2351 1691 2443 1753 Sit
2473 1690 2671 1768 igitur
2701 1709 2733 1752 a
2775 1697 3000 1763 matre,
3027 1685 3788 1765 Gregoriani‘stemmatis

532 1806 649 1867 ista
689 1803 1061 1867 delineatio.

1678 2024 2093 2081 PHILTATIUS
2134 2024 2222 2079 ET
2258 2021 2631 2081 GORGONIA.

775 2194 1287 2251 AMPIIILOCHIUS
1323 2206 1375 2250 et
1405 2196 1519 2263 ejus
1547 2212 1684 2251 uxor
1712 2195 1918 2251 LIVIA.
2471 2191 2704 2248 NONNA
2739 2201 2795 2245 et
2822 2188 3221 2246 GREGORIUS
3249 2185 3467 2254 coniux.

2285 2270 3789 2344 Ψ

2256 2292 3794 2426 emimus

537 2447 777 2509 mortuus
809 2440 925 2492 sine
949 2440 1134 2495 liberis
1206 2451 1391 2509 postea
1427 2440 1723 2496 lconiensis
1822 2439 2157 2509 Olympiadis
2977 2433 3307 2509 capitis-ejus
3413 2432 3531 2486 sine
3580 2430 3793 2485 liberis.

536 2507 692 2578 paulo
731 2518 857 2564 ante
893 2511 1130 2580 nuptias.
1206 2502 1222 2509 ’
1309 2511 1614 2581 episcopus.
1827 2502 2129 2566 educatrix.
2984 2502 3299 2559 ALYPIUS.

2415 2599 3795 2646 w

2460 2670 2804 2752 Acvmua
2971 2665 3293 2723 suasum.
3462 2660 3719 2719 NONNA.

2449 2758 2601 2807 culus
2630 2755 2823 2804 conjux

1908 2957 2294 3016 NICOBULUS
2436 2955 2781 3012 ALYPIANA
2927 2954 3145 3009 Fratres
3174 2953 3347 3015 multi,

1966 3029 2171 3099 junior.
2497 3028 2669 3096 virgo.
2926 3026 3139 3080 iuuuiue
3163 3020 3375 3092 iguoto.‘

1552 3181 1871 3238 PRJETER
1912 3183 2223 3241 0RDINIS
2263 3182 2544 3241 SERIEM
2582 3182 2780 3239 SUNT

1189 3274 1520 3347 Eupliemius
1558 3277 1694 3332 alter
1730 3277 1798 3330 ab
1836 3277 2200 3347 Ampliilocbii
2241 3277 2383 3343 ﬁlio,
2423 3277 2635 3347 dequo
2674 3276 2726 3329 in
2767 3273 3131 3347 Testamento.

1363 3346 1606 3401 Meletius
1641 3348 1864 3402 maritus
1896 3344 2172 3414 Eugeniae,
2206 3358 2298 3402 aut
2330 3356 2475 3403 certe
2497 3344 2699 3401 Naturae
2734 3344 2980 3414 iunioris.

1414 3418 1694 3487 llelladius
1716 3427 1770 3470 et
1792 3417 2051 3487 iEulalius
2078 3417 2333 3487 Piazianzi
2364 3418 2670 3487 cpiscopus,
2708 3415 2920 3487 fratres.

1459 3486 1741 3550 "usebius,
1775 3486 2062 3557 Georgius.
2098 3485 2356 3542 Basilissa
2385 3485 2630 3557 germani
2652 3497 2707 3543 et
2734 3485 2858 3555 ipsi.

1795 3556 2113 3612 Nicomedes
2163 3572 2227 3612 ac
2274 3557 2368 3611 lilii
2394 3556 2552 3613 ’duo.

1841 3627 2129 3683 Philtatius
2155 3627 2491 3682 adolescens.

1891 3695 2185 3769 Gregorius
2217 3699 2452 3768 juvenis.

613 3881 1165 3963 (9?§P~‘6-.P-‘5.;
1322 3952 1377 3963 ,η
1785 3957 1838 3963 __
2020 3953 2082 3963 --
2296 3885 2857 3963 (¢)EP°36»§73_38-

542 4036 578 4093 Ρ
614 3954 695 4078 (ἕξ
722 3952 937 4019 Murat.,
972 3967 1059 4022 ep.
1101 3953 1189 4020 £9,
1230 3968 1282 4023 p.
1311 3952 1403 4021 45;
1436 3970 1521 4025 ep.
1560 3953 1649 4020 50,
1679 3971 1731 4026 p.
1773 3957 1863 4023 £6;
1894 3971 1982 4028 ep.
2014 3953 2106 4025 66,
2287 3952 2365 4027 (di
2406 3952 2583 4014 Carm.
2612 3952 2680 4010 ad
2712 3956 2915 4013 Hellen.
2972 3972 3113 4011 vers.
3142 3954 3251 4010 “5
3274 3963 3327 4011 et
3354 3969 3470 4025 seq.

549 4215 2950 4241 FW”

2285 4211 3797 4241 ...ιο-Μή

1750 4378 2192 4469 TERTIA
2266 4380 2592 4472 PARS.

1314 4571 1403 4625 DE
1443 4571 1673 4627 VARIIS
1713 4569 2189 4628 GREGORIANA‘J
2234 4571 2600 4631 DOCTRINA'I
2638 4576 3013 4632 CAPITIBUS.

624 4882 928 4955 Quamvis
959 4882 1307 4961 Gregorius
1352 4885 1466 4948 diu
1502 4887 1906 4969 multumque
1946 4890 2221 4969 patuerit
2256 4890 2541 4963 invidias,
2580 4889 2881 4970 quamvis
2923 4888 3236 4973 plurimos
3291 4887 3437 4951 vita;
3476 4892 3607 4951 toto
3640 4892 3805 4950 tem-

548 5000 705 5064 pore
732 4987 1130 5064 acertiosque
1169 4995 1475 5064 expertus
1512 4988 1596 5050 sit
1626 4989 2056 5065 adversarios,
2092 5008 2420 5070 nunquam
2452 5009 2539 5053 ex.
2564 4992 2644 5052 iis
2675 4990 3019 5072 quisquam
3045 5007 3241 5052 ausus
3273 4996 3368 5053 est
3397 5006 3542 5051 eum
3565 4988 3804 5052 erroris

549 5087 934 5150 insimulare
973 5094 1034 5149 et
1067 5087 1274 5167 ipsius
1315 5089 1670 5154 doctrinam
1705 5109 1987 5173 carpere.
2038 5116 2067 5151 ιι
2093 5093 2328 5173 Hujus,
2382 5092 2597 5173 inquit
2631 5092 2926 5167 Ruﬁnus,
2972 5109 3187 5171 neque
3217 5092 3339 5153 vita
3371 5090 3618 5171 aliquid
3644 5110 3805 5171 pro-

549 5189 830 5253 babilius
864 5197 927 5250 et
962 5190 1274 5265 sanctius,
1308 5209 1523 5272 neque
1556 5194 1924 5273 eloquentia
1959 5195 2195 5259 clarius
2242 5204 2305 5257 et
2353 5195 2703 5267 illustrius,
2748 5211 2956 5275 neque
2988 5194 3110 5257 ﬁde
3144 5194 3370 5275 purius
3422 5199 3483 5255 et
3519 5194 3757 5257 rectius
3783 5242 3801 5272 ,

549 5310 767 5373 neque
799 5293 1071 5356 scientia
1102 5294 1363 5374 plenius
1397 5304 1459 5359 et
1491 5297 1837 5377 perfectius
1869 5299 2149 5366 inveniri
2184 5307 2432 5379 potest;
2485 5307 2704 5379 utpote
2736 5300 2848 5379 qui
2880 5299 3059 5363 solus
3091 5299 3196 5375 sit,
3236 5298 3314 5362 de
3345 5300 3531 5382 cujus
3566 5300 3689 5364 ﬁde
3722 5322 3804 5366 ne

552 5397 944 5462 dissldentes
981 5401 1243 5481 quidem
1282 5402 1450 5466 inter
1485 5419 1579 5476 se,
1634 5409 1704 5466 ut
1752 5403 1886 5465 ﬁeri
1930 5406 2117 5480 solet,
2170 5415 2385 5485 partes
2432 5415 2488 5468 et
2542 5405 2751 5468 studia
2789 5405 3116 5483 disputare
3167 5408 3528 5483 potuerint;
3579 5407 3689 5469 sed
3736 5408 3802 5470 id

553 5496 908 5558 obtinuerit
936 5500 1104 5578 apud
1137 5500 1341 5562 Deum
1376 5507 1435 5563 et
1468 5501 1781 5564 Ecclesias
1829 5503 1945 5566 Dei
1986 5506 2222 5579 meriti,
2268 5512 2333 5567 ut
2363 5505 2743 5586 quicunque
2781 5524 2980 5568 ausus
3006 5506 3201 5568 fuerit
3234 5508 3534 5571 doctrinae
3562 5510 3703 5590 ejus
3733 5511 3801 5573 in

553 5595 773 5674 aliquo
805 5599 1130 5677 refragari,
1166 5618 1243 5663 ex
1272 5601 1395 5664 hoc
1426 5602 1565 5681 ipso
1595 5602 1743 5681 quia
1778 5603 1916 5683 ipse
1943 5605 2145 5685 magis
2194 5606 2277 5667 sit
2326 5606 2673 5669 haereticus
2711 5614 3039 5685 arguatur.
3073 5607 3485 5673 Manifestum
3520 5627 3801 5693 namque

554 5695 867 5760 indicium
903 5706 998 5762 est
1031 5719 1161 5764 non
1194 5719 1338 5766 esse
1374 5712 1561 5767 rectae
1591 5706 1734 5768 ﬁdei
1778 5708 2101 5770 hominem
2132 5752 2150 5784 ,
2202 5709 2315 5790 qui
2364 5710 2428 5773 in
2484 5711 2605 5773 fide
2660 5727 2803 5773 cum
2855 5710 3166 5790 Gregorio
3198 5729 3326 5774 non
3372 5714 3739 5777 concordat.
3767 5736 3798 5770 ιι

554 5798 734 5865 Adeo
767 5821 919 5883 pura
953 5806 1125 5869 enim
1159 5816 1221 5870 et
1257 5807 1526 5884 sincera,
1579 5818 1643 5874 et
1672 5810 1845 5875 omni
1890 5830 2150 5893 prorsus
2182 5814 2338 5876 vitio
2392 5831 2613 5881 carens
2662 5814 2801 5895 ejus
2833 5814 3143 5894 doctrina,
3200 5824 3267 5882 ut
3310 5818 3460 5883 inde
3490 5818 3796 5899 Theologi

555 5919 787 5971 nomen
822 5924 993 5971 unus
1024 5916 1161 5987 post
1197 5911 1557 5987 apostolum
1591 5914 1899 5979 Joannem
1931 5916 2011 5979 sit
2044 5918 2334 5990 adeptus.
