3926 6410
239 439 296 493 93
1200 430 1572 488 ΡΠᾹΞΡΑΤΙΟ
1607 431 1789 486 CENE

1915 433 2106 491 .is.—
2148 435 2328 490 psus
2366 436 2452 492 Ill.
3403 441 3465 517 ei

307 555 474 616 Plura
513 558 721 613 tamen
761 553 901 614 sive
932 551 1219 613 Clericus
1249 551 1325 614 ad
1363 551 1697 613 Sociniana
1733 559 2119 624 commenta,
2153 555 2231 614 de
2270 554 2474 614 tribus
2508 553 2754 615 naturis
2786 555 2849 615 in
2882 556 3016 616 Deo
3041 572 3149 632 per
3175 556 3468 633 antiquos

235 657 614 720 orthodoxos
647 657 1050 734 excogitatis,
1086 656 1384 727 fovenda,
1423 674 1613 734 prave
1645 659 1918 717 detorsit
1950 679 1966 730 ;
2001 658 2138 719 sive
2183 658 2600 720 Barbeiracus
2635 659 2920 737 quaedam
2950 659 3208 720 moralis
3239 643 3467 721 doctri-

229 772 319 822 βω
358 757 559 836 capita
594 757 826 820 acriter
854 764 916 819 et
947 758 1195 820 insulse
1229 756 1669 836 reprehendit.
1706 757 1870 830 Quid
1906 759 2141 820 mirum
2176 758 2240 820 in
2275 757 2652 821 hominibus
2684 761 2835 839 qui',
2867 760 3265 822 auctoritatis
3310 760 3468 840 jugo

228 863 389 927 omni
415 880 716 937 excusso,
750 863 913 924 nihil
952 880 1079 924 non
1123 864 1370 942 experti
1411 870 1586 934 sunt,
1621 862 1775 922 nihil
1814 879 2063 924 sacrum
2100 864 2163 923 in
2203 863 2324 925 ﬁde
2361 864 2812 942 reliquerunt?
2846 868 2938 934 fAt
2970 864 3467 941 interipsosmet

227 963 572 1026 Catholicos
618 963 914 1026 Petavius
950 1008 967 1038 ,
1020 963 1114 1024 vir
1158 962 1524 1025 eruditione
1578 967 1909 1039 praestans,
1963 961 2345 1039 Gregorium
2390 969 2458 1024 ut
2519 964 2681 1024 male
2737 964 2813 1023 de
2867 965 3243 1026 adversariis
3302 982 3464 1045 quos

226 1065 496 1130 confutat
540 1057 934 1140 triumphum
977 1071 1266 1142 agentem
1328 1061 1646 1123 traducit:
1682 1061 1792 1122 sed
1847 1062 1987 1140 ipse
2035 1061 2100 1122 in
2151 1063 2556 1124 venerandus
2599 1065 2813 1124 Patres
2861 1065 3125 1124 nimium
3172 1065 3460 1144 iniquus,

223 1175 276 1230 et
306 1185 334 1226 a
358 1164 540 1225 Bullo
572 1165 926 1242 Anglicano
961 1164 1272 1242 scriptore
1311 1164 1476 1226 bene
1508 1161 1880 1239 castigatus,
1916 1181 2208 1224 censurae
2245 1163 2592 1225 acerbitate
2626 1164 2813 1223 tantis
2849 1162 2999 1222 viris
3041 1179 3167 1224 non
3201 1164 3457 1238 nocuit;

223 1267 341 1328 imo
379 1267 597 1344 potius
648 1267 919 1344 propriae
964 1267 1207 1345 gloriae,
1250 1267 1382 1344 jam
1421 1267 1570 1326 inde
1609 1265 2139 1327 simulationibus
2173 1266 2418 1344 quibus
2470 1283 2626 1327 usus
2682 1273 2775 1325 est
2828 1265 2888 1324 in
2936 1282 3124 1326 causa
3177 1265 3460 1343 pergravi

220 1368 633 1441 obnubilatae,
669 1372 874 1432 labem
910 1377 1216 1432 aeternam
1253 1369 1515 1431 inussit.
1568 1369 1720 1430 Haec
1753 1369 1964 1430 omnia
2014 1387 2338 1449 exponere
2387 1377 2449 1431 et
2488 1369 2812 1446 exagitare
2860 1369 2910 1429 si
2961 1368 3212 1429 animus
3265 1379 3456 1443 esset,

219 1469 367 1531 ultra
412 1469 610 1550 hujus
667 1472 1016 1534 voluminis
1068 1473 1228 1536 ﬁnes
1292 1473 1785 1550 protenderetur
1837 1473 2089 1536 oratio:
2125 1473 2188 1534 in
2241 1491 2522 1553 sequens
2581 1472 2776 1550 igitur
2824 1473 3099 1550 diligens
3148 1479 3206 1532 et
3243 1481 3458 1535 exacta

217 1572 616 1647 querelarum
648 1575 938 1635 omnium
979 1574 1437 1648 consideratio,
1472 1591 1615 1652 quae
1648 1575 1713 1635 in
1749 1574 2105 1636 doctrinam
2141 1575 2535 1636 sanctissimi
2586 1573 2869 1635 doctoris
2920 1579 3236 1649 congestae
3268 1581 3456 1646 sunt,

219 1677 627 1739 extrahenda.
692 1678 1026 1758 Quidquid
1081 1687 1232 1741 tunc
1280 1678 1634 1741 occurrerit
1682 1681 1855 1756 quod
1912 1679 2238 1742 oﬁ'endere
2286 1679 2600 1750 inﬁrmos,
2639 1677 2736 1739 vel
2786 1678 2851 1738 in
2907 1675 3190 1739 deterius
3246 1681 3459 1752 posset

215 1779 432 1855 accipi,
473 1780 975 1856 elucidahimus,
1014 1789 1077 1842 et
1106 1773 1448 1860 scrupulos
1485 1783 1537 1842 si
1573 1782 1686 1861 qui
1725 1782 1857 1843 sint
1902 1782 2192 1844 studiose
2240 1781 2620 1846 evellemus.
2658 1780 2821 1840 Satis
2854 1793 3024 1839 nunc
3056 1775 3174 1838 erit
3205 1775 3259 1835 si
3293 1790 3453 1853 pra:-

213 1881 383 1956 cipua
417 1882 735 1946 doctrinae
775 1885 1069 1965 Gregorii
1123 1887 1328 1964 capita
1383 1886 1449 1947 in
1490 1903 1688 1946 unum
1739 1885 2004 1948 collecta
2054 1886 2273 1948 lectori
2332 1885 2790 1960 exhibeamus;
2852 1890 2922 1945 ut
2966 1881 3060 1943 vel
3115 1879 3207 1942 sic
3251 1887 3456 1957 pateat

210 1998 381 2056 quam
446 1996 744 2046 accurate
803 1993 863 2049 et
933 1986 1056 2049 alte
1116 1987 1194 2049 de
1256 1986 1496 2048 divinis
1559 1985 1858 2060 disserat,
1938 2005 2010 2050 ac
2054 1999 2221 2051 recte
2277 1987 2650 2064 Theologus
2697 1982 3051 2062 nuncupari
3103 1979 3451 2044 meruerit:

213 2081 349 2142 hinc
428 2086 766 2162 apparebit
823 2095 1061 2166 quanta
1114 2087 1319 2168 ipsius
1388 2087 1667 2163 injuria,
1727 2093 2098 2167 quantaque
2178 2088 2462 2150 veritatis
2524 2087 2814 2159 oﬁ‘ensa,
2886 2081 3117 2144 erroris
3177 2080 3508 2160 potuerit,

207 2179 590 2246 insimulari.

1671 2292 1760 2352 De
1831 2289 1978 2353 Dea.

275 2390 414 2461 Quo
459 2399 745 2467 tempore
778 2392 1054 2452 docendi
1089 2411 1323 2454 munus
1347 2395 1678 2472 ,Gregorio
1713 2395 2091 2472 impositum
2121 2403 2216 2456 est
2251 2392 2362 2474 (a),
2397 2399 2562 2455 tanta
2609 2390 2688 2453 de
2719 2388 2955 2452 divinis
2993 2387 3182 2450 rebus
3220 2383 3449 2464 dispu-

206 2487 361 2548 tandi
403 2489 673 2565 prurigo
706 2490 954 2551 animos
987 2491 1367 2560 incesserat.
1405 2502 1467 2554 ut
1512 2494 1724 2555 omnia
1754 2495 1914 2566 loca,
1951 2513 2031 2555 ne
2072 2494 2390 2572 gynaeceis
2436 2494 2697 2573 quidem
2737 2489 3046 2566 exceptis,
3086 2484 3451 2568 hujusmodi

205 2587 727 2650 contentionibus
761 2607 832 2650 ac
885 2590 1162 2650 tumultu
1206 2598 1648 2668 personarent.
1689 2591 1805 2652 Cui
1858 2592 2029 2654 male
2075 2592 2386 2656 medicam
2444 2599 2508 2653 ut
2563 2607 2820 2652 manum
2855 2588 3208 2660 adhiberet,
3263 2588 3450 2650 «Non

204 2692 482 2770 cujusvis
515 2699 635 2765 est,
668 2691 882 2772 inquit
917 2693 1025 2772 (b),
1061 2711 1097 2756 ο
1131 2695 1277 2768 viri,
1320 2697 1396 2757 de
1433 2698 1566 2756 Deo
1595 2696 1941 2772 disserere,
1977 2713 2133 2769 non,
2169 2696 2461 2776 inquam.
2497 2693 2828 2773 cujusvis;
2862 2709 2990 2753 non
3024 2691 3181 2753 adeo
3209 2690 3352 2751 vilis
3382 2708 3452 2752 ac

207 2795 461 2870 protrita
529 2795 658 2856 haec
715 2814 814 2856 res
863 2803 981 2869 est,
1034 2805 1094 2858 et
1143 2814 1362 2859 eorum
1418 2799 1525 2877 qui
1583 2800 1791 2862 adhuc
1840 2801 2018 2862 humi
2070 2805 2433 2879 reptant...
2486 2800 2603 2860 His
2644 2797 2949 2861 duntaxat
2997 2796 3117 2858 hoc
3164 2793 3450 2856 muneris

202 2897 537 2972 incumbit,
571 2898 682 2977 qui
716 2899 1126 2962 exactissime
1160 2901 1473 2979 explorati
1511 2910 1684 2976 sunt,
1721 2923 1790 2965 ac
1818 2903 2314 2982 contemplanda
2350 2905 2536 2981 longe
2585 2909 3185 2981 processerunt.
3218 2904 3349 2969 aut,
3382 2905 3451 2958 ut

204 2997 569 3075 parcissime
607 2999 854 3077 loquar,
883 2998 1011 3077 jam
1048 2998 1168 3062 hoc
1210 3008 1431 3078 agunt,
1489 3008 1556 3062 ut
1585 3019 1653 3064 se
1684 3019 1718 3063 a
1758 3002 2062 3063 vitiorum
2101 3003 2240 3065 labe
2275 3008 2570 3082 purgent.
2609 3001 2741 3077 Sed
2791 3018 2910 3063 nec
2958 3000 3244 3079 cujusvis
3294 3005 3453 3059 tem-

205 3098 362 3174 poris
386 3122 415 3153 ιο
457 3098 618 3159 illud
653 3108 791 3175 est;
860 3121 886 3153 α
917 3116 1032 3161 nec
1076 3100 1243 3177 apud
1275 3101 1567 3185 quosvis,
1597 3119 1714 3163 nec
1745 3102 1824 3162 de
1852 3103 2221 3181 quibusvis,
2261 3101 2372 3162 sed
2415 3108 2586 3162 certo
2623 3109 2929 3179 tempore,
2959 3109 3019 3162 et
3051 3099 3215 3178 apud
3245 3107 3450 3160 certos

205 3199 519 3275 homines,
560 3208 617 3262 et
651 3201 1084 3281 aliquousque
1107 3201 1227 3264 hoc
1251 3200 1646 3265 faciendum.
1675 3227 1703 3260 π
1742 3205 1833 3266 De
1859 3204 1958 3266 his
1977 3205 2307 3277 omnibus,
2345 3212 2474 3264 tum
2507 3202 2796 3263 oratione
2831 3200 3128 3262 vicesima
3154 3198 3448 3280 septima,

203 3319 334 3376 quas
373 3301 885 3380 theologicarum
925 3303 1098 3365 velut
1137 3304 1476 3365 exordium
1509 3313 1628 3375 est,
1666 3313 1797 3366 tum
1832 3306 1976 3366 aliis
2009 3307 2072 3366 in
2112 3305 2293 3378 locis,
2334 3304 2754 3365 saluberrima
2792 3309 3092 3381 praecepta
3127 3302 3327 3363 dedit.

270 3401 354 3461 De
401 3402 543 3462 Deo
595 3400 891 3478 praeclare
948 3409 1008 3464 et
1051 3401 1377 3464 subtiliter
1408 3404 1717 3482 disputat,
1768 3405 2064 3483 nihilque
2112 3402 2622 3481 magniﬁcentius
2678 3411 2739 3465 et
2792 3402 2868 3463 ad
2932 3402 3447 3480 persuadendum

203 3501 741 3563 accommodatius
802 3520 992 3582 quam
1055 3512 1428 3581 argumenta
1488 3524 1632 3582 qum
1684 3525 1759 3568 ex
1816 3516 2058 3568 naturai
2109 3506 2396 3567 miranda
2449 3513 2768 3568 structura
2814 3523 2885 3567 ac
2937 3505 3211 3581 eleganti
3248 3503 3446 3566 forma

202 3602 642 3679 deprompsit:
683 3601 1006 3674 «Etenim,
1063 3603 1277 3681 inquit
1335 3603 1440 3682 (c),
1498 3605 1671 3685 quod
1717 3606 1889 3665 Deus
1941 3606 2049 3679 sit,
2099 3623 2170 3666 ac
2218 3606 2518 3685 princeps
2553 3606 2843 3686 quaedam
2878 3619 3088 3677 causa,
3145 3619 3287 3680 quae
3345 3620 3447 3665 res

207 3718 419 3761 omnes
468 3703 818 3779 procrearit
849 3710 1038 3780 atque
1076 3709 1436 3775 conservet,
1479 3711 1612 3765 tum
1664 3703 1833 3765 oculi
1886 3704 2048 3783 ipsi,
2090 3714 2219 3765 tum
2263 3703 2364 3766 lex
2397 3704 2706 3766 naturalis
2761 3701 3033 3774 docent;
3093 3702 3213 3777 illi,
3295 3701 3446 3764 dum

202 3800 379 3862 rebus
426 3801 496 3861 in
523 3808 854 3880 aspectum
890 3801 1269 3862 cadentibus
1306 3801 1504 3863 aciem
1548 3800 1809 3878 alIigunt
1837 3847 1853 3874 ,
1901 3819 2141 3881 easque
2191 3810 2250 3865 et
2283 3802 2548 3881 pulchre
2596 3803 2749 3864 ﬁxas
2787 3806 2846 3863 et
2893 3801 3153 3862 stabiles
3187 3817 3354 3876 esse,
3389 3811 3445 3863 et

203 3900 518 3978 progredi,
555 3909 748 3980 atque
787 3901 1075 3973 immote,
1123 3910 1188 3962 ut
1217 3901 1303 3963 ita
1331 3901 1563 3977 dicam,
1601 3904 1844 3966 moveri
1881 3905 2182 3984 volvique
2232 3903 2629 3983 perspiciunt
2665 3924 2680 3964 :
2714 3902 2847 3964 haec
2877 3907 3113 3976 autem,
3155 3903 3445 3981 dum’per

205 4019 297 4063 res
323 4001 537 4062 oculis
567 4000 914 4081 subjectas,
946 4019 1016 4063 ac
1049 4010 1219 4064 recto
1251 4001 1478 4065 ordine
1512 4002 1875 4076 collocatas,
1914 4013 2238 4066 auctorem
2273 4022 2488 4067 earum
2516 4010 2683 4066 certa
2713 4003 2959 4066 ratione
2989 4003 3229 4082 colligit
3258 4011 3445 4082 atque

200 4106 587 4183 assequitur.
628 4101 917 4176 Quonam
951 4104 1122 4164 enim
1160 4104 1348 4164 modo
1401 4103 1701 4166 universa
1745 4103 1874 4166 haec
1907 4121 2119 4166 rerum
2157 4104 2359 4166 moles
2391 4103 2488 4164 vel
2532 4103 2832 4182 producta
2872 4120 3151 4181 unquam
3189 4103 3444 4170 fuisset.

203 4205 290 4271 vel
317 4204 732 4275 consisteret,
775 4203 899 4264 nisi
939 4204 1113 4266 Deus
1147 4205 1360 4266 omnia
1422 4204 1485 4265 in
1544 4221 1752 4266 rerum
1818 4213 2039 4267 natura
2081 4206 2478 4284 protulisset,
2526 4213 2718 4284 atque
2759 4207 3259 4266 conservaret?»
3311 4206 3450 4266 [Ioc

199 4323 414 4366 omnes
453 4311 515 4365 et
551 4304 823 4382 singqu
853 4314 1160 4368 creaturae
1191 4309 1591 4369 conclamant
1623 4307 1733 4387 (ἀ),
1778 4329 1806 4364 α
1836 4306 2157 4387 nobisque
2191 4307 2396 4386 ipsius
2430 4325 2667 4370 numen
2698 4305 3044 4379 declarant,
3094 4323 3220 4367 non
3262 4324 3449 4368 secus

210 4405 503 4466 videlicet
562 4421 635 4466 ac
670 4403 828 4465 solis
863 4404 926 4465 in
957 4406 1144 4485 aquis
1179 4408 1424 4468 umbrae
1459 4415 1652 4485 atque
1696 4404 2039 4468 simulacra
2081 4405 2354 4467 inﬁrmis
2398 4405 2604 4467 oculis
2661 4402 2862 4465 solem
2901 4411 3376 4481 repraesentant.
3416 4427 3446 4461 ι

198 4503 346 4579 Quis
393 4503 589 4566 etiam
637 4504 1053 4567 instrumenti
1089 4508 1322 4568 musici
1356 4505 1853 4570 concinnitatem
1891 4507 2233 4586 aspiciens,
2285 4514 2393 4568 aut
2425 4514 2680 4567 cantum
2715 4503 3009 4577 audiens,
3049 4504 3445 4566 conditorem

205 4608 425 4686 ipsius,
459 4614 572 4668 aut
607 4606 1026 4677 citharistam,
1071 4607 1233 4672 facie
1271 4610 1417 4671 licet
1446 4609 1766 4686 ignotum,
1797 4615 2013 4670 mente
2063 4625 2188 4670 non
2231 4611 2529 4686 reputet?
2561 4607 2841 4667 Plurima
2875 4605 3159 4682 ejusdem
3193 4606 3446 4680 generis

201 4716 571 4785 argumenta
618 4714 861 4780 tractat,
895 4707 1132 4784 quibus
1163 4709 1387 4770 mundi
1423 4726 1682 4772 cursum
1725 4717 1783 4769 et
1818 4725 2030 4769 rerum
2065 4707 2548 4786 aspectabilium
2584 4707 2870 4768 ordinem
2910 4705 3085 4766 casui
3121 4704 3214 4766 vel
3249 4703 3449 4766 fortu-

201 4825 287 4869 na:
319 4807 668 4880 ascribere,
705 4806 960 4867 nonnisi
994 4823 1264 4867 summa;
1320 4806 1660 4868 dementia;
1691 4805 1971 4868 dandum
1995 4807 2332 4868 manifesto
2363 4805 2621 4867 evincit.
2654 4805 2770 4866 Sed
2796 4805 2848 4866 si
2876 4823 2951 4867 ex
2988 4823 3196 4866 rerum
3225 4810 3446 4867 natura

203 4908 507 4968 divinitas
536 4907 772 4969 animis
807 4913 928 4967 tam
977 4908 1320 4986 perspicue
1357 4907 1589 4978 elucet,
1625 4925 1775 4968 num
1807 4907 1942 4986 ipsa
1975 4923 2156 4968 mens
2198 4913 2259 4968 et
2290 4908 2528 4968 mundo
2563 4905 2770 4980 latior,
2804 4913 2864 4966 et
2900 4904 3205 4967 creaturis
3241 4907 3450 4968 omni-

203 5005 312 5068 bus
347 5006 972 5084 supereminentior,
1021 5007 1224 5067 Deum
1257 5015 1584 5069 auctorem
1639 5024 1830 5068 suum
1871 5007 1993 5067 sibi
2028 5005 2153 5085 ipsi
2188 5024 2315 5069 non
2355 5007 2581 5068 melius
2623 5005 2929 5068 indicabit
2963 5010 3022 5065 et
3072 5004 3448 5067 exhibebit?

208 5129 234 5165 α
265 5108 338 5188 (e)
375 5109 481 5170 Sic
517 5108 712 5186 igitur
769 5107 928 5168 ratio
975 5124 1118 5188 qua:
1156 5125 1231 5168 ex
1287 5109 1421 5169 Deo
1459 5115 1582 5180 est,
1642 5113 1704 5167 et
1763 5106 2009 5168 cunctis
2059 5105 2275 5181 insita,
2330 5115 2390 5169 et
2433 5107 2631 5185 prima
2681 5105 2742 5166 in
2797 5104 3158 5184 pectoribus
3208 5106 3445 5166 nostris

205 5207 452 5266 condita
487 5206 619 5282 lex,
673 5205 1058 5284 cunctisque‘
1089 5207 1459 5270 mortalibus
1497 5207 1754 5282 innexa,
1797 5223 1914 5269 nos
1967 5205 2044 5268 ab
2099 5205 2180 5266 iis
2232 5206 2461 5280 rebus,
2513 5223 2657 5286 quin
2697 5205 2899 5269 oculis
2947 5209 3316 5278 cernuntur,
3368 5206 3445 5266 ad

207 5305 397 5365 Deum
441 5305 767 5366 subvexit.
809 5330 838 5360 ν

279 5406 530 5465 Interea
565 5404 720 5483 quid
757 5406 840 5466 sit
876 5407 1050 5470 Deus
1083 5408 1134 5469 si
1172 5418 1372 5486 petas,
1408 5429 1558 5473 cave
1591 5430 1671 5474 ne
1707 5412 1822 5474 tibi
1853 5430 1928 5473 ex
1964 5411 2208 5473 caeteris
2245 5408 2555 5470 creaturis
2607 5404 3012 5476 visibilibus,
3065 5421 3209 5483 qum
3241 5407 3441 5467 Deum

207 5505 494 5582 undique
543 5506 890 5577 celebrant,
932 5507 1179 5587 aliquid
1217 5511 1570 5575 verisimile
1623 5514 1847 5591 ﬁngas.
1914 5515 2045 5596 «(Ῑ)
2085 5515 2182 5574 An
2229 5527 2460 5589 corpus
2499 5524 2645 5570 eum
2692 5522 2837 5567 esse
2888 5505 3102 5567 dices?
3152 5505 3443 5579 Quonam

207 5619 349 5680 ergo
387 5603 574 5663 modo
616 5605 996 5681 immensus,
1034 5607 1344 5687 inﬁnitus,
1403 5611 1618 5692 ﬁgura:
1649 5629 1877 5691 expers
1914 5620 2035 5685 est,
2075 5629 2146 5673 ac
2180 5611 2458 5688 denique
2498 5606 2839 5688 ejusmodi,
2879 5613 2945 5669 ut
2981 5623 3097 5670 nec
3129 5605 3298 5685 tangi
3329 5623 3445 5668 ne"

272 5749 349 5823 ((1)
390 5743 543 5823 Qrat.
569 5745 662 5809 27,
691 5761 744 5800 n.
771 5747 822 5801 3.

1953 5755 2030 5823 (ὀ)
2070 5752 2217 5806 Orat.
2243 5754 2343 5815 28,
2377 5769 2428 5823 η.
2462 5752 2514 5807 3.

273 5817 345 5881 (Ib)
391 5813 522 5888 ibid.
584 5886 629 5888 μ
802 5887 808 5888 7
1199 5829 1211 5837 ‘

1199 5829 1211 5837 ·
1956 5813 2026 5888 ξε)
2068 5825 2219 5885 una,
2256 5839 2308 5875 η.
2332 5813 2425 5875 '16.

277 5888 344 5948 (ι’)
388 5886 538 5939 Orat.
575 5886 662 5953 28,
700 5904 752 5941 n.
785 5887 837 5942 6.

830 5927 837 5942 .
1955 5886 2022 5962 (Ι)
2064 5893 2216 5963 Ibid,
2250 5910 2300 5947 ιι.
2332 5893 2380 5950 7.
