3926 6410
452 397 525 454 95
1442 403 1818 461 PREFATIO
1857 407 2267 467 GENERALIS.
2306 445 2375 454 -—
2406 415 2586 474 PARS
2627 417 2713 474 Ill.
3644 433 3714 490 96

454 520 665 583 oculis
697 523 874 585 cerni
907 526 1149 603 queat?
1180 524 1277 586 An
1313 525 1446 588 haec
1475 544 1738 608 quoque
1774 528 1838 589 in
1867 547 2132 608 corpora
2168 534 2454 597 cadunt?
2486 538 2539 599 Ο
2579 538 2939 603 licentiam!
2975 560 3100 605 non
3138 545 3307 607 enim
3343 563 3472 611 meo
3495 566 3717 630 corpo-

458 643 598 687 rum
635 638 857 689 natura
890 634 1007 690 est.
1044 627 1145 690 An
1194 644 1345 690 vero
1387 646 1623 707 corpus
1665 631 1929 710 quidem
1983 653 2125 699 esse
2164 646 2450 716 statues,
2500 641 2886 706 immensum
2945 664 3092 709 vero
3132 657 3324 728 atque
3370 627 3713 726 infinitum,

462 735 820 805 caeteraque
853 728 1042 831 hujus
1069 729 1325 806 generis
1356 748 1499 794 esse
1532 733 1845 810 negabis?
1876 736 1929 795 0
1962 739 2315 800 crassitiem
2343 741 2357 801 l
2394 750 2462 804 ut
2503 745 2673 806 nulla
2707 763 2775 809 re
2814 748 3000 809 nobis
3032 750 3206 812 Deus
3240 759 3516 831 praestet.
3544 755 3715 830 Quid

457 832 627 894 enim
666 828 878 893 ati'erri
908 835 1295 907 potest,cur
1319 831 1568 893 colatur
1599 844 1792 913 atque
1825 840 2152 915 adoretur,
2187 845 2241 905 si
2276 845 2801 922 circumscriptus
2833 851 2975 909 est?
3002 855 3112 911 aut
3153 828 3308 931 quid
3337 871 3544 916 causae
3575 828 3718 920 esse

457 934 770 1007 dicemus,
806 931 965 1010 quin
1002 948 1083 1034 ex
1113 930 1453 1034 elementis
1486 936 1802 1002 conﬂatus
1837 942 1946 1016 sit,
1980 954 2173 1024 atque
2204 946 2270 1007 in
2304 946 2528 1007 eadem
2565 946 2781 1010 denuo
2814 950 3301 1028 redigatur,aut
3324 955 3511 1016 etiam
3551 973 3717 1034 pror-

456 1049 568 1094 sus
620 1034 935 1095 intereat?
997 1030 1398 1111 Compositio
1450 1035 1694 1118 quippe
1748 1058 1976 1121 pugnai
2009 1045 2265 1107 initium
2319 1057 2439 1115 est,
2495 1066 2706 1127 pugna
2764 1061 2975 1111 autem
3029 1052 3308 1126 dissidii,
3373 1030 3711 1118 dissidium

454 1131 807 1194 solutionis
843 1153 858 1193 :
890 1132 1136 1195 solutio
1178 1150 1366 1211 porro
1400 1137 1580 1197 nullo
1611 1141 1799 1201 modo
1835 1142 1898 1203 in
1932 1144 2132 1205 Deum
2166 1163 2238 1206 ac
2281 1147 2549 1223 primam
2588 1150 2756 1211 illam
2794 1157 3083 1214 naturam
3120 1154 3370 1223 cadit.»

459 1289 467 1296 ,
531 1230 1026 1308 Τιέιηεεθτιόθιοθξ
1060 1231 1277 1312 itaque
1335 1250 1598 1298 necesse
1652 1247 1746 1301 est
1800 1257 2009 1303 omne:

2164 1254 2400 1307 aturam
2449 1248 2823 1319 sensibilem
2870 1256 2931 1312 et
2981 1251 3258 1329 cogitare
3318 1254 3449 1332 «(a)
3510 1255 3714 1318 Deum

452 1331 741 1393 omnium
780 1349 923 1412 quas
949 1339 1099 1394 sunt
1132 1332 1634 1412 pulcherrimum
1666 1346 1724 1401 et
1756 1341 2302 1407 sublimissimum
2342 1364 2509 1420 esse,
2548 1350 2673 1410 nisi
2710 1350 2856 1429 quis
2886 1356 3094 1410 tamen
3132 1368 3277 1411 eum
3311 1331 3488 1413 malit
3522 1370 3715 1432 supra

451 1448 709 1494 omnem
744 1432 1090 1495 essentiam
1130 1450 1393 1512 ponere,
1427 1444 1536 1498 aut
1575 1438 1639 1499 in
1677 1440 1840 1518 ipso,
1883 1444 2199 1522 quidquid
2257 1456 2376 1521 est,
2442 1448 2791 1512 collocare:
2860 1458 3079 1528 utpote
3142 1470 3173 1512 a
3219 1468 3349 1529 quo
3401 1452 3520 1514 alia
3554 1471 3717 1532 quo-

452 1550 604 1613 que,
636 1539 706 1595 ut
751 1533 906 1606 sint,
949 1536 1339 1613 acceperint.
1364 1558 1392 1592 »
1444 1539 1520 1598 Et
1550 1550 1864 1619 quantum
1897 1546 1975 1606 de
2007 1544 2317 1610 inetfabili
2355 1550 2528 1629 loqui
2563 1550 2656 1612 fas
2688 1557 2807 1624 est,
2848 1551 3069 1630 paucis
3101 1558 3300 1610 totum
3342 1552 3715 1630 complecti-

454 1643 556 1694 tur
585 1633 735 1695 dum
771 1644 947 1697 vocat
974 1636 1178 1697 Deum
1229 1659 1257 1692 ι(
1284 1636 1366 1716 (b)
1399 1637 1668 1717 Pelagus
1698 1644 2015 1718 quoddam
2063 1649 2359 1710 essentia:
2391 1649 2778 1713 immensum
2830 1659 2889 1714 et
2942 1651 3455 1713 interminatum.
3481 1675 3510 1708 ι
3545 1652 3716 1725 Quid

451 1734 630 1796 aliud
663 1737 963 1798 enuntiat
1003 1754 1238 1799 nomen
1277 1740 1450 1818 quod
1496 1741 1623 1802 Deo
1657 1745 2165 1819 perexcellenter
2204 1748 2559 1811 tribuitur?
2615 1752 2748 1812 Ens
2780 1753 3098 1833 siquidem
3148 1755 3404 1829 dicitur,
3446 1758 3617 1834 quod
3653 1763 3717 1817 et

454 1856 488 1898 a
518 1853 589 1900 se
634 1836 720 1899 sit
766 1846 827 1899 et
876 1838 939 1899 in
988 1856 1058 1900 se
1108 1839 1253 1919 ipso
1315 1841 1483 1901 entis
1529 1841 1752 1905 habeat
1803 1844 2042 1908 fontem
2089 1848 2573 1913 inexhaustum.
2646 1875 2674 1908 α
2707 1854 2782 1934 (c)
2815 1855 3138 1929 Quantum
3200 1857 3385 1917 nobis
3448 1858 3713 1935 assequi

456 1955 836 2001 concessum
867 1945 985 2010 est,
1020 1940 1147 2001 Eas
1181 1949 1241 2000 et
1281 1941 1450 2002 Deus
1498 1944 1700 2020 magis
1745 1947 2221 2025 quodammodo
2263 1951 2560 2013 essentize
2617 1956 2876 2017 nomina
2910 1965 3097 2021 sunt:
3152 1977 3229 2020 ex
3281 1961 3491 2038 iisque
3524 1961 3714 2020 etiam

458 2059 582 2105 vox
620 2046 774 2115 Ens,
813 2044 890 2106 ad
922 2063 1061 2120 eam
1098 2045 1498 2107 indicandam
1531 2048 1741 2123 aptior
1780 2057 1914 2123 est;
1956 2067 2084 2111 non
2135 2050 2255 2113 hoc
2287 2050 2496 2115 solum
2538 2057 2798 2119 nomine
2829 2060 2999 2136 quod
3040 2060 3201 2139 ipse,
3234 2079 3376 2122 cum
3408 2061 3617 2139 Moysi
3648 2061 3715 2120 in

453 2156 674 2208 monte
726 2147 1052 2209 oraculum
1107 2151 1467 2217 ederet....
1534 2153 1619 2214 ita
1658 2154 1944 2231 seipsum
1998 2155 2373 2234 appellavit;
2424 2156 2538 2218 sed
2581 2157 2771 2218 etiam
2819 2159 2972 2238 quia
3026 2178 3259 2224 nomen
3310 2162 3466 2223 illud
3519 2162 3718 2240 magis

453 2250 779 2329 preprium
833 2268 974 2315 esse
1021 2257 1480 2333 comperimus.
1511 2304 1566 2320 ..
1602 2300 1617 2317 .
1641 2298 1695 2319 ..
1746 2255 2048 2317 Naturam
2086 2256 2406 2334 ejusmodi
2438 2259 2869 2335 exquirimus,
2896 2278 3039 2340 quae
3076 2262 3291 2342 ipsum
3326 2281 3468 2324 esse
3501 2281 3616 2343 per
3649 2281 3720 2325 se

452 2353 705 2426 habeat,
737 2372 809 2417 ac
842 2370 968 2416 non
1000 2372 1145 2417 cum
1180 2357 1305 2420 alio
1338 2361 1645 2439 qquiam
1692 2360 2058 2437 copuletur.
2099 2360 2229 2420 Ens
2268 2378 2444 2437 vero,
2481 2363 2808 2441 pmprium
2842 2380 2996 2425 sane
3030 2371 3124 2426 est
3169 2366 3321 2440 Dei,
3369 2383 3441 2427 ac
3488 2372 3717 2441 totum,

452 2470 572 2516 nec
625 2453 839 2533 priore
888 2456 1105 2536 aliqua
1156 2475 1267 2534 re,
1316 2478 1434 2523 nec
1483 2460 1840 2540 posteriore
1895 2465 2056 2537 (nec
2117 2459 2289 2522 enim
2342 2469 2499 2538 erat,
2552 2470 2660 2525 aut
2716 2464 2872 2543 erit)
2931 2465 3265 2527 definitum
3320 2483 3392 2529 ac
3446 2468 3722 2530 circum-

452 2571 684 2616 ClSDm.
713 2577 744 2611 ιι

533 2662 615 2721 At
640 2662 1113 2738 quantumlibet
1144 2670 1206 2725 et
1239 2684 1451 2729 rerum
1489 2667 1876 2731 universitas
1915 2673 1975 2728 et
2008 2682 2190 2728 mens
2216 2665 2509 2746 opificem
2540 2685 2731 2731 suum
2768 2670 3208 2748 proﬁteantur,
3240 2670 3719 2734 inconsiderate

396 2844 399 2851 κ
457 2768 522 2824 et
557 2760 920 2839 periculose
949 2764 1121 2841 quis,
1158 2763 1276 2826 hoc
1312 2782 1442 2828 uno
1487 2765 1690 2829 fultus
1727 2768 2052 2847 praesidio,
2104 2769 2184 2832 ad
2217 2786 2361 2832 eum
2395 2787 2538 2833 sese
2574 2780 2745 2834 certo
2780 2772 3025 2850 erigere
3055 2772 3404 2851 putaverit;
3438 2789 3556 2835 nec
3593 2772 3719 2834 mi-

453 2878 596 2925 rum
632 2861 684 2923 si
720 2868 812 2924 tot
841 2862 1010 2925 docti
1048 2872 1108 2925 et
1141 2868 1489 2944 sapientes,
1529 2870 1669 2931 solo
1710 2871 1951 2934 lumine
2005 2873 2278 2934 naturali
2312 2873 2524 2953 ipsum
2558 2873 2903 2950 quaarendo
2945 2863 3403 2950 cogitationum
3450 2889 3718 2934 suarum

451 2966 603 3027 fuco
634 2963 912 3043 decepti,
945 2983 978 3027 a
1016 2967 1151 3028 Deo
1184 2966 1385 3045 magis
1417 2984 1488 3029 ac
1521 2969 1721 3046 magis
1755 2971 2193 3033 aberraverint
2228 2993 2243 3033 :
2280 2978 2347 3034 ut
2400 2973 2567 3035 enim
2604 2972 2776 3032 Deus
2808 2977 2977 3034 recte
3012 2990 3044 3031 a
3081 2971 3266 3033 nobis
3297 2972 3717 3051 percipiatur,

452 3084 669 3149 neque
693 3068 868 3130 orbis
900 3076 1225 3147 aspectus,
1261 3085 1473 3149 neque
1505 3069 1775 3147 ipsemet
1808 3071 1971 3133 ratio
2014 3074 2172 3133 satis
2204 3089 2320 3134 nos
2366 3072 2691 3141 erudiunt,
2753 3071 2895 3151 «((1)
2941 3072 3052 3134 sed
3104 3089 3301 3145 nunc,
3350 3080 3414 3134 et
3462 3091 3723 3152 semper

452 3186 615 3246 opus
645 3168 840 3233 fuerit
869 3168 1135 3248 Spiritu,
1176 3186 1286 3244 per
1317 3186 1509 3248 quem
1550 3170 1761 3233 solum
1811 3174 1986 3235 Deus
2015 3179 2078 3235 et
2106 3173 2519 3251 intelligitur,
2574 3174 2636 3232 et
2683 3171 3055 3246 exponitur,
3104 3179 3164 3233 et
3197 3172 3481 3234 auditur.
3516 3194 3545 3228 ιι
3595 3173 3723 3235 Ve-

453 3277 814 3334 rumtamen
867 3272 1185 3352 quidquid
1240 3269 1319 3333 de
1366 3270 1502 3333 Deo
1545 3273 1937 3345 sentiamus,
1998 3273 2147 3336 licet
2190 3279 2385 3336 altum
2431 3271 2588 3352 quid
2634 3278 2696 3333 et
2756 3270 3036 3333 sublime
3081 3272 3716 3349 excogitaverimus;

452 3372 872 3449 quantumvis
904 3377 1145 3435 crescat
1181 3369 1250 3431 in
1286 3370 1401 3432 hac
1435 3373 1561 3432 vita
1594 3373 1906 3451 cognitio,
1954 3375 2299 3437 essentiam
2349 3374 2469 3436 Dei
2497 3388 2829 3450 nunquam
2863 3387 3305 3450 assequemur.
3371 3396 3400 3429 α
3430 3370 3515 3454 (ε)
3544 3360 3722 3447 Quid

454 3468 711 3531 tandem
761 3469 936 3531 Deus
977 3476 1203 3532 natura
1261 3487 1378 3533 sua
1419 3478 1481 3534 et
1533 3474 1813 3535 essentia
1856 3475 1969 3545 sit,
2018 3493 2136 3538 nec
2182 3474 2517 3538 hominum
2556 3474 2905 3554 quisquam
2945 3489 3227 3554 unquam
3267 3475 3543 3545 invenit,
3595 3491 3721 3537 nec

453 3573 744 3636 invenire
778 3580 1010 3652 potest.
1051 3596 1080 3630 to
1130 3574 1298 3637 Hinc
1334 3576 1683 3655 Gregorius
1715 3579 2121 3641 Eunomiano
2164 3577 2338 3640 fatue
2380 3594 2449 3639 se
2480 3577 2744 3657 jactanti
2775 3576 2993 3639 omnia
3021 3574 3216 3651 scire,
3256 3581 3319 3637 et
3346 3580 3722 3653 arroganter

454 3674 535 3737 ab
562 3672 1012 3747 orthodoxis,«
1034 3689 1323 3752 quaenam
1357 3682 1528 3738 esset
1561 3676 1676 3739 Dei
1706 3680 1985 3741 essentia
2023 3703 2052 3738 »
2092 3678 2402 3758 quaerenti
2437 3697 2453 3737 :
2490 3678 2708 3751 uTuaa,
2731 3675 2942 3756 inquit
2973 3673 3074 3756 (Γ),
3108 3672 3446 3736 dementias
3472 3680 3570 3735 est
3595 3672 3721 3736 hoc

459 3775 697 3847 dicere,
730 3774 843 3851 qui
875 3772 1359 3851 generationem
1389 3789 1652 3855 quoque
1683 3777 1888 3857 ipsam
1918 3781 2108 3842 anxie
2142 3780 2560 3857 perscrutaris
2598 3797 2613 3838 :
2650 3775 2837 3838 nobis
2869 3782 3080 3837 autem
3115 3774 3364 3836 abunde
3409 3790 3721 3852 magnum

458 3881 651 3953 atque
687 3872 971 3952 amplum
1004 3871 1227 3948 fuerit,
1271 3872 1326 3934 si
1358 3872 1424 3934 in
1472 3881 1797 3954 posterum
1848 3894 2110 3958 quoque
2156 3877 2527 3952 discamus,
2569 3878 2776 3941 soluta
2831 3875 3129 3939 videlicet
3172 3874 3289 3936 hac
3334 3872 3609 3951 caligine
3659 3880 3723 3938 et

462 3972 779 4049 crassitie,
817 3979 889 4035 ut
919 3972 1249 4041 pollicitus
1287 3977 1382 4037 est
1430 3973 1487 4035 is
1535 3974 1645 4053 qui
1686 3992 1814 4038 non
1853 3980 2238 4040 mentitur.»
2301 3977 2485 4039 Nunc
2520 3992 2675 4038 vero
2707 3974 3075 4053 Theologus
3129 3972 3239 4034 ille
3288 3971 3515 4034 merito
3563 3988 3726 4034 cen-

464 4081 706 4150 seatur,
771 4096 800 4130 α
824 4071 907 4152 (g)
939 4087 1069 4135 non
1100 4072 1213 4153 qui
1247 4072 1312 4135 in
1341 4079 1572 4150 totum,
1609 4076 1766 4154 quid
1791 4078 1964 4139 Deus
1999 4078 2105 4150 sit,
2140 4076 2530 4144 invenerit..
2553 4121 2604 4139 ..
2631 4076 2744 4140 sed
2776 4077 2891 4156 qui
2924 4074 3295 4155 ampliorem
3328 4072 3530 4152 ipsius
3560 4090 3719 4151 spe-

463 4176 628 4238 ciem
659 4182 874 4238 mente
907 4174 1298 4253 conceperit,
1332 4173 1743 4255 ampliusque
1787 4177 2079 4239 veritatis
2119 4176 2574 4249 simulacrum,
2630 4176 2730 4238 vel
2777 4175 3363 4249 adumbrationem,
3411 4174 3509 4235 vel
3554 4188 3725 4253 quo-

464 4293 727 4356 cunque
755 4273 1005 4337 tandem
1037 4274 1163 4336 alio
1203 4274 1514 4340 vocabulo
1547 4275 1640 4338 uti
1670 4277 1816 4355 quis
1848 4277 2049 4350 malit,
2082 4277 2147 4339 in
2185 4276 2401 4355 seipse
2445 4276 2799 4355 collegerit.
2824 4299 2853 4333 »
2906 4277 2983 4337 Et
3009 4292 3087 4337 ne
3114 4274 3192 4335 ab
3218 4275 3332 4337 hac
3364 4272 3583 4351 regula
3613 4271 3721 4336 vel

465 4383 643 4460 ipsos
669 4384 887 4445 Patres
929 4381 1229 4461 antiquos
1264 4382 1581 4461 excipias,
1637 4381 1732 4443 vel
1777 4377 2118 4458 prophetas
2168 4377 2281 4455 qui
2330 4375 2533 4438 Deum
2582 4376 2930 4455 aliquando
2975 4374 3215 4438 vidisse
3258 4374 3327 4437 in
3369 4375 3721 4454 Scripturis

468 4490 825 4546 narrantur.
893 4505 922 4537 α
955 4480 1042 4563 (lt)
1097 4480 1164 4543 Si
1209 4482 1356 4561 quis
1404 4482 1574 4544 enim
1620 4483 1821 4543 Deum
1869 4478 2192 4557 cognovit,
2239 4462 2387 4550 aut;
2419 4478 2739 4555 Scriptura
2776 4483 2972 4549 teste,
3036 4476 3413 4553 cognovisse
3452 4475 3720 4547 dicitur,

466 4588 737 4645 eatenus
762 4581 1144 4661 cognovisse
1175 4582 1546 4645 censendus
1578 4588 1699 4653 est,
1733 4588 2057 4660 quatenus
2092 4578 2417 4641 uberioris
2444 4577 2809 4656 splendoris
2841 4579 3156 4659 particeps
3185 4578 3367 4641 sit....
3391 4578 3483 4638 Ita
3525 4593 3722 4639 exsu-

470 4682 759 4762 perantia
796 4682 952 4758 haec,
992 4683 1268 4762 perfecta
1296 4684 1577 4763 cognitio
1601 4682 1968 4745 existimata
2008 4687 2132 4756 est,
2161 4697 2288 4744 non
2324 4680 2403 4744 ad
2434 4679 2643 4760 ipsius
2676 4679 2769 4742 rei
2800 4679 3162 4765 veritatem,
3194 4678 3307 4742 sed
3338 4678 3414 4741 ad
3441 4676 3720 4739 aliorum

469 4785 802 4848 modulum
830 4793 890 4849 et
914 4786 1278 4851 facultatem
1315 4805 1649 4867 perpensa.
1688 4809 1719 4845 ι

544 4887 675 4949 Nec
713 4887 946 4949 mirum
1000 4886 1056 4948 si
1096 4891 1389 4963 mortale,
1442 4897 1567 4950 tam
1598 4886 1888 4965 angustis
1942 4884 2496 4964 circumscriptum
2536 4884 2852 4957 terminis,
2891 4883 3183 4948 divinum
3229 4888 3290 4943 et
3325 4881 3721 4945 immensum

470 4996 603 5051 non
640 4986 890 5066 capiat:
936 5002 1217 5067 quonam
1263 4988 1433 5049 enim
1468 4996 1649 5066 pacto
1678 4994 1870 5049 totam
1902 4984 2075 5048 illius
2111 4990 2399 5047 naturam
2428 4982 2589 5046 ratio
2616 4982 2893 5045 humana
2925 4980 3407 5061 apprehendere
3439 4981 3703 5059 poterit,

468 5107 613 5155 cum
647 5112 678 5149 α
706 5087 775 5170 (ἰ)
804 5107 992 5152 omne
1022 5096 1328 5162 creatum,
1356 5090 1491 5151 sive
1516 5091 1794 5162 cmleste,
1833 5089 1969 5151 sive
2002 5088 2477 5169 supercmleste,
2517 5086 2665 5151 licet
2708 5086 3073 5150 sublimiori
3096 5102 3286 5165 quam
3314 5101 3432 5147 nos
3465 5098 3698 5148 natura

483 5191 848 5269 prteditum,
880 5191 1147 5269 Deoque
1178 5188 1478 5262 vicinius,
1511 5189 1783 5268 longiori
1822 5196 2030 5252 tamen
2066 5186 2405 5250 intervallo
2430 5205 2462 5248 a
2494 5187 2654 5260 Deo,
2690 5205 2761 5249 ac
2792 5189 2977 5265 plena
3033 5186 3143 5249 illa
3175 5194 3235 5249 et
3265 5185 3556 5249 absoluta
3587 5203 3697 5248 co-

478 5288 765 5367 gnitione
794 5288 1010 5361 distat,
1041 5302 1233 5365 quam
1281 5303 1411 5366 quo
1464 5289 1880 5367 compositam
1916 5287 2080 5350 hanc
2110 5293 2417 5361 nostram,
2448 5292 2512 5349 et
2560 5287 2870 5366 abiectam
2903 5294 3095 5365 atque
3131 5286 3311 5349 humi
3345 5293 3720 5365 vergentem

478 5402 750 5457 massam
781 5395 1084 5474 superat?
1107 5416 1137 5451 ρ
1174 5391 1348 5457 Nihil
1379 5392 1619 5458 interea
1653 5393 2227 5474 expostulandum,
2265 5392 2318 5454 si
2345 5394 2545 5469 Deus,
2573 5410 2606 5453 a
2637 5392 2823 5456 nobis
2854 5410 2981 5456 non
3015 5388 3084 5477 (j)
3120 5415 3150 5449 α
3179 5394 3367 5472 plene
3390 5390 3717 5472 perfecte-

574 5584 630 5656 ᾳ)
669 5581 820 5656 9m.
850 5584 916 5656 6,
937 5599 992 5638 ιι.
1027 5583 1116 5656 ig.

2218 5583 2287 5656 (ι’)
2327 5582 2420 5656 Qr.
2450 5583 2543 5656 g9.
2570 5600 2624 5638 ιι.
2653 5584 2741 5638 Η.

575 5652 627 5725 ι)
663 5652 816 5725 Orat.
839 5652 942 5725 AS,
979 5670 1032 5707 ιι.
1054 5654 1118 5725 73.

2220 5652 2295 5725 te)
2325 5653 2419 5725 Qr.
2457 5654 2549 5725 50,
2578 5656 2751 5710 n.-t7.

579 5723 630 5794 c)
668 5724 762 5794 Or.
793 5723 882 5785 50.
912 5740 968 5778 ιι.
1010 5724 1098 5794 18,

2220 5723 2297 5794 (Ii)
2335 5724 2425 5779 0r.
2457 5723 2546 5788 28,
2581 5739 2635 5778 n.
2668 5725 2752 5780 17.

580 5792 635 5873 ά)
674 5792 907 5873 9mg},
937 5792 1118 5873 n._§9.
2327 5794 2573 5873 [tiid._,._n.
2605 5794 2660 5873 3.

583 5795 635 5935 ti;
674 5795 824 5850 Orat.
850 5795 907 5860 2,
937 5810 991 5849 n.
1029 5795 1118 5850 '59.

583 5882 611 5920 ι
669 5865 762 5926 0r.
791 5864 883 5933 28,
911 5881 967 5921 ιι.
996 5864 1082 5919 17.
1129 5939 1136 5953 1

2224 5795 2284 5933 ὃ)
2327 5795 2482 5857 lbid.,
2520 5809 2573 5848 ιι.
2605 5795 2660 5848 3.

2271 5866 2293 5935 )
2330 5862 2422 5920 Or.
2451 5862 2541 5933 45,
2578 5880 2630 5920 ιι.
2656 5864 2708 5921 5.
