3926 6410
187 311 241 371 91
1126 297 1515 355 PttA-JFATIO
1535 297 1949 354 canamus.
1989 328 2058 337 -
2098 298 2276 351 rans
2314 297 2401 351 ιιι.
3328 302 3400 357 93

186 447 291 515 qua
314 422 767 504 comprehendi
800 427 1017 502 queat,
1046 441 1076 477 ιι
1109 420 1260 482 dum
1318 427 1443 483 tam
1484 421 1681 483 multa
1712 419 1915 482 oculis
1956 418 2147 480 etiam
2201 418 2511 497 subjecta,
2563 416 2859 480 manibus
2897 434 3067 497 saepe
3108 421 3405 498 contrita,

187 528 418 597 rationis
476 535 734 605 captum
790 541 1096 604 superare
1150 524 1523 604 Quotidiano
1584 522 1980 602 experientia
2023 522 2372 595 discamus,
2428 529 2489 583 et
2535 522 2706 586 varia
2736 530 2977 587 natura:
3001 544 3229 590 arcana
3264 534 3409 605 post

189 641 359 698 tantas
399 629 866 710 inquisitiones
930 628 1303 691 abscondita
1360 636 1423 691 et
1476 628 1821 691 tectissima
1855 634 2292 707 permaneant.
2353 628 2579 690 Nonne
2644 646 2839 709 prope
2890 632 3137 696 infinita
3191 652 3407 695 rerum

172 744 504 817 ,crcatarum
531 732 858 810 mysteria,
879 749 1019 811 qua)
1055 731 1668 808 mortalesundiaue
1701 733 2136 805 circumstant,
2172 739 2461 804 monent,
2488 749 2568 795 ne
2598 733 2835 795 altiora
2861 754 2923 795 se
2951 746 3232 817 quaerant
3267 736 3409 811 “'",

185 846 275 901 aut
324 841 409 896 tot
444 832 843 895 mirabilium
875 839 1199 893 auctorem
1254 834 1522 893 scrutari
1579 836 1993 908 praesumant,
2030 846 2111 892 ne
2138 848 2175 889 α
2205 828 2639 906 magnitudine
2686 830 2910 909 gloria:
2938 835 3145 912 ipsius
3190 837 3414 916 oppri-

184 946 470 1003 mantur"
494 940 522 998 ?
548 938 699 999 Haec
726 944 987 997 sanctus
1014 938 1237 999 doctor
1267 936 1511 999 eximie
1542 941 1605 996 et
1639 933 1784 998 fuse
1817 942 2196 1013 prosecutus
2248 941 2342 995 est
2381 930 2489 1014 (α),
2529 940 2700 995 totus
2743 933 2807 994 in
2841 952 2955 998 sua
2996 938 3283 1002 oratione
3316 941 3415 1001 in-

183 1040 466 1107 cumbens
502 1062 531 1094 α
565 1048 632 1100 ιιι
664 1040 984 1110 ostendat,
1029 1054 1111 1099 ne
1170 1037 1372 1116 ipsam
1408 1037 1670 1117 quidem
1704 1037 2131 1099 secundarum
2182 1052 2393 1098 rerum
2428 1042 2717 1098 naturam
2752 1036 3033 1102 hominis
3067 1052 3277 1106 mente
3321 1052 3415 1105 at-

184 1164 291 1227 que
322 1144 579 1223 ingenio
615 1141 1072 1222 comprehendi
1112 1159 1327 1221 posse,
1359 1143 1600 1205 nedum
1629 1141 1898 1221 primam
1932 1141 2107 1204 illam
2138 1158 2208 1205 ac
2247 1141 2474 1212 solam,
2530 1156 2756 1203 vereor
2785 1140 2959 1202 enim
3007 1140 3246 1218 dicere,
3277 1158 3416 1203 om-

183 1245 351 1327 nibus
388 1243 581 1305 rebus
614 1243 1064 1310 excelsiorem.
1090 1269 1122 1306 ιο
1180 1247 1283 1309 Sic
1314 1253 1376 1311 et
1418 1247 1619 1309 animi
1657 1247 1864 1323 dotes,
1900 1246 2137 1309 mentis
2172 1253 2234 1310 et
2261 1247 2549 1327 corporis
2602 1246 2667 1308 in
2714 1246 2980 1311 homine
3014 1248 3411 1324 societatem,

185 1344 590 1407 membrorum
623 1343 791 1405 inter
824 1362 894 1406 se
932 1341 1458 1418 concinnitatem,
1488 1346 1959 1439 elementorum
2011 1347 2330 1421 ordinem,
2364 1346 2790 1409 animantium
2823 1355 2882 1409 et
2908 1348 3409 1426 germinantium

183 1450 407 1531 species
443 1450 809 1528 perlustrat,
838 1466 948 1515 eos
985 1451 1095 1531 qui
1135 1450 1566 1531 phil050phiie
1592 1452 2021 1530 principatum
2064 1452 2190 1513 sibi
2221 1450 2552 1514 vindicant
2605 1452 2862 1530 egregie
2893 1452 3313 1533 compellans,
3346 1460 3413 1516 ut

185 1556 268 1617 vel
298 1552 695 1635 singularum
720 1554 1207 1635 proprietatum,
1248 1571 1425 1645 quas
1462 1555 1946 1633 elegantissime
2006 1554 2338 1627 describit,
2374 1554 2702 1617 recondita
2747 1556 3065 1637 principia
3094 1559 3418 1645 detegant,

183 1668 275 1723 aut
301 1660 551 1722 tandem
601 1659 839 1722 divinis
871 1659 1085 1733 rebus,
1117 1658 1199 1721 ob
1232 1642 1677 1739 intelligentia;
1710 1659 2175 1735 difﬁcultatem,
2205 1661 2583 1725 detrahendi
2613 1661 2802 1723 linem
2836 1661 3097 1725 faciant.
3400 1642 3401 1645 η

1563 1765 1654 1825 De
1695 1766 1749 1825 Τ
1751 1766 2034 1827 rinitate.

246 1872 462 1947 Quoad
517 1871 675 1933 vixit
727 1869 1104 1949 Gregorius,
1134 1870 1549 1933 accuratioris
1606 1869 1914 1932 doctrinae
1980 1871 2147 1933 circa
2181 1871 2562 1933 Trinitatem
2621 1870 2996 1950 praedicator
3053 1871 3423 1937 indefessus

184 1972 372 2034 fuitat
440 1971 742 2034 defensor
800 1973 1154 2035 acerrimus
1210 1979 1426 2034 contra
1462 1971 1737 2033 Arianos
1794 1979 1852 2034 et
1895 1971 2440 2045 Macedonianos;
2507 1972 2589 2033 ita
2628 1978 2693 2033 ut
2725 1975 2943 2037 omnia
2974 1974 3114 2057 ejus
3158 1975 3421 2055 scripta,

185 2077 303 2137 sive
328 2074 682 2149 orationes,
730 2074 866 2138 sive
897 2061 1205 2151 epistolaa,
1244 2075 1383 2137 sive
1415 2075 1718 2149 carmina,
1771 2075 2149 2137 Trinitatem
2186 2081 2487 2137 resonent
2518 2081 2578 2137 et
2607 2083 2904 2155 suscepta
2944 2092 3057 2153 pro
3086 2074 3422 2136 Trinitatis

184 2178 549 2242 defensione
607 2185 827 2242 contra
858 2181 1191 2260 quoslibet
1222 2182 1623 2244 adversarios
1661 2183 2005 2245 certamina
2074 2202 2089 2241 :
2146 2183 2320 2243 unde
2380 2181 2519 2263 ejus
2567 2181 2779 2243 remuli
2844 2180 2962 2243 hoc
3024 2180 3235 2260 ipsum
3272 2180 3426 2244 vitio

188 2279 502 2341 vertebant
528 2285 589 2341 et
620 2278 1033 2359 objiciebant,
1086 2290 1274 2361 prout
1306 2283 1659 2344 etiamnum
1695 2280 1975 2361 objicere
2009 2282 2320 2359 Gregorio
2350 2282 2666 2344 Clericum
2735 2288 2798 2341 et
2829 2280 3106 2342 Tollium
3148 2298 3275 2343 non
3313 2299 3424 2359 pu-

184 2380 325 2453 duit,
380 2380 559 2460 quod
597 2404 628 2438 «
655 2381 911 2444 assidue
968 2403 1148 2448 suam
1183 2386 1557 2447 Trinitatem
1604 2389 1974 2465 prmdicaret
2010 2396 2071 2448 et
2115 2386 2419 2447 omnibus
2456 2394 2701 2447 tantum
2740 2403 2866 2445 non
2903 2384 3080 2453 horis
3116 2403 3426 2448 memora-

186 2491 264 2542 ret
287 2504 315 2537 ι
374 2482 555 2543 obita
585 2498 698 2560 pro
728 2483 1041 2547 Trinitate
1064 2487 1437 2560 certamina,
1469 2492 1529 2548 et
1590 2486 1947 2548 exautlatos
1982 2487 2261 2549 labores.
2303 2486 2364 2548 Si
2396 2503 2798 2567 quaecunque
2846 2488 2919 2549 ad
2977 2468 3428 2566 exponendam

184 2590 235 2643 et
263 2580 730 2679 defendendam
763 2584 1067 2653 Ecclesiae
1090 2592 1412 2655 catholicae
1438 2592 1624 2653 tidem
1659 2592 1822 2654 circa
1856 2590 2194 2653 Trinitatis
2229 2590 2601 2670 mysterium
2630 2592 2887 2671 scripsit
2918 2592 3295 2670 Gregorius,
3329 2592 3427 2653 hic

186 2688 421 2749 animus
456 2695 627 2751 esset
684 2690 950 2793 referre,
1013 2697 1284 2760 maxima
1349 2700 1490 2776 ejus
1525 2697 1909 2776 scriptorum
1970 2712 2119 2777 pars
2177 2696 2597 2758 exscribenda
2660 2704 2855 2771 esset,
2897 2694 3245 2769 nequidem
3303 2696 3429 2755 ullo

186 2794 604 2869 praetermisso
639 2816 654 2856 :
689 2813 908 2859 verum
942 2799 1235 2873 pauciora
1269 2816 1611 2877 excerpere
1652 2805 1712 2859 et
1746 2796 2100 2873 insigniora
2137 2804 2232 2857 sat
2258 2796 2402 2857 erit.
2436 2796 2659 2874 Itaque
2688 2793 3019 2855 Trinitatis
3055 2794 3429 2871 mySterium

186 2895 271 2958 his
301 2899 518 2960 verbis
552 2902 821 2977 exponit
854 2900 938 2981 (ὁ)
976 2923 992 2961 :
1035 2926 1063 2960 α
1086 2904 1264 2965 Unus
1299 2904 1470 2965 Deus
1503 2902 1878 2964 retinendus
1912 2908 2047 2976 'esl,
2082 2908 2144 2962 et
2177 2907 2303 2962 tres
2341 2899 2745 2978 hypostases,
2785 2894 2919 2953 sive
2958 2899 3084 2952 tres
3121 2906 3459 2962 persona),

186 2999 575 3074 conﬁtendae,
633 3007 696 3063 et
749 3000 1012 3081 quidem
1075 3016 1483 3078 unaquaeque
1543 3016 1686 3060 cum
1756 3016 1875 3059 sua
1934 2999 2342 3076 preprietate.
2377 3020 2405 3052 ››
2443 2996 2513 3055 Et
2555 2996 2619 3055 in
2655 2994 2777 3056 alia
2817 2990 3109 3053 oratione
3142 2987 3217 3069 (ο)
3252 3008 3267 3048 :
3304 3010 3332 3043 α
3360 2990 3430 3048 At

188 3118 370 3163 unum
402 3105 617 3167 Deum
657 3122 1010 3185 agnoscere
1066 3105 1400 3181 Oportebat
1436 3103 1731 3182 principii
1794 3113 2119 3182 expertem
2190 3111 2248 3165 et
2308 3102 2693 3183 ingenitum,
2757 3106 2817 3160 et
2854 3114 3053 3158 unum
3088 3095 3324 3156 Filiqu
3358 3110 3434 3154 ex

185 3202 347 3265 Patre
378 3205 707 3281 genitum,
742 3215 803 3268 et
840 3225 1037 3272 unum
1073 3210 1379 3290 Spiritum
1425 3228 1503 3271 ex
1557 3209 1691 3271 Deo
1725 3210 2154 3271 substantiam
2218 3210 2585 3280 habentem,
2641 3205 3100 3269 concedentem
3141 3202 3305 3263 Patri
3342 3200 3437 3261 iu-

185 3309 366 3383 geuiti
407 3310 900 3389 preprietatem,
935 3314 1104 3378 Filio
1141 3332 1290 3378 vero
1321 3316 1854 3393 generationem;
1911 3316 1990 3376 de
2024 3324 2251 3377 caetero
2284 3320 2499 3376 autem
2535 3312 2823 3392 ejusdem
2867 3304 3134 3367 omnino
3168 3308 3436 3374 natum,

187 3409 535 3486 dignitatis,
593 3408 886 3487 honoris,
946 3417 1186 3494 gloriae.
1220 3416 1392 3487 Ilaec,
1454 3414 1745 3493 inquam,
1795 3429 2141 3491 agnoscere
2174 3414 2534 3493 Oportebat,
2566 3412 2697 3471 limo
2736 3402 3047 3468 conliteri.
3078 3424 3105 3457 »
3140 3400 3434 3461 Triuilati

185 3498 612 3578 accommodat
646 3516 776 3579 haec
809 3518 1074 3581 Joannis
1112 3518 1299 3580 verba
1361 3519 1439 3579 de
1485 3517 1649 3577 Filio
1698 3538 1713 3577 :
1748 3516 1961 3577 «Erat
2011 3514 2126 3576 lux
2156 3532 2323 3587 ocra,
2362 3533 2493 3594 qua:
2524 3510 2838 3574 illuminat
2878 3522 3108 3565 omnem
3135 3496 3438 3561 hominem

185 3614 506 3674 venientem
539 3616 607 3677 in
660 3616 827 3679 hunc
860 3615 1157 3677 mundum
1196 3615 1263 3675 ".
1323 3616 1469 3675 Erat
1506 3614 1611 3675 lux
1645 3631 1791 3675 vera
1832 3659 1847 3675 .
1872 3658 1889 3675 .
1920 3659 1935 3674 .
1960 3612 2164 3673 Pater.
2218 3613 2364 3671 Erat
2400 3610 2505 3671 lux
2545 3627 2691 3670 vera
2728 3653 2744 3671 .
2774 3654 2788 3669 .
2825 3649 2840 3665 .
2885 3606 3111 3667 Filius.
3147 3604 3287 3663 Erat
3330 3601 3438 3661 lux

190 3735 313 3778 vera
450 3719 622 3780 alius
648 3719 1036 3783 Paracletus.
1073 3698 1247 3793 Erat,
1276 3726 1335 3780 et
1366 3726 1521 3792 erat,
1557 3726 1620 3780 et
1652 3724 1780 3780 erat
1816 3737 1832 3777 :
1872 3717 1987 3779 sed
2027 3730 2226 3776 unum
2261 3721 2413 3775 erat.
2450 3716 2692 3786 Lux,et
2724 3712 2859 3786 lux,
2892 3715 2951 3770 et
2983 3708 3088 3769 lux
3128 3728 3144 3768 :
3176 3706 3284 3768 sed
3330 3705 3435 3765 lux

188 3832 319 3890 una,
355 3818 539 3879 Deus
576 3836 768 3880 unus.
798 3840 828 3877 ιι
862 3818 1188 3892 Quaelibet
1224 3831 1501 3895 persona
1549 3825 1643 3877 est
1675 3815 1753 3875 ab
1783 3821 2022 3875 aeterno
2055 3809 2140 3893 (ἁ)
2176 3831 2191 3871 :
2228 3811 2538 3871 «Patrem
2576 3828 2721 3873 vere
2765 3810 3071 3883 dicimus,
3111 3823 3182 3867 ac
3240 3806 3439 3866 multo

185 3920 441 3998 quidem
485 3924 730 3995 verius,
789 3939 983 4002 quam
1044 3921 1156 4002 qui
1215 3919 1383 3999 apud
1442 3936 1563 3982 nos
1616 3919 1680 3980 id
1715 3935 1949 3981 nomen
1984 3917 2324 3987 obtinent;
2382 3918 2515 3974 tum
2570 3912 2720 3992 quia
2756 3914 3012 3993 prOprio
3045 3906 3437 3988 etsingulnri

189 4029 360 4088 modo
399 4028 589 4089 Pater
619 4035 741 4102 est,
776 4044 901 4089 non
935 4036 1149 4090 autem
1186 4030 1351 4087 sicut
1382 4039 1685 4103 corpora;
1712 4029 1845 4084 tum
1879 4020 2029 4101 quia
2064 4018 2270 4092 solus,
2312 4032 2440 4078 non
2477 4014 2647 4076 enim
2672 4033 2750 4076 ex
2785 4013 3271 4094 conjunctione;
3309 4021 3436 4069 tum

186 4127 320 4203 quia
352 4129 594 4203 solius,
629 4146 860 4207 nempe
887 4121 1242 4201 unigeniti;
1279 4125 1411 4181 tum
1437 4121 1589 4197 quia
1622 4118 1860 4190 solum,
1894 4134 2010 4178 uec
2041 4115 2211 4178 enim
2244 4114 2383 4194 ipse
2440 4112 2815 4191 priusquam
2860 4113 3043 4173 Pater
3101 4117 3293 4178 esset,
3340 4109 3442 4167 Fi-

190 4225 297 4287 lius
328 4228 455 4290 fuit
493 4250 511 4304 ;
547 4238 679 4291 tum
705 4232 855 4310 quia
906 4230 971 4290 in
1006 4234 1208 4288 totum
1242 4232 1305 4285 et
1343 4224 1542 4284 totius
1578 4223 1783 4295 Pater,
1838 4218 2013 4299 quod
2048 4218 2133 4309 de
2186 4213 2375 4279 nobis
2427 4222 2601 4275 certo
2658 4211 2954 4274 ofﬁrmari
3014 4210 3273 4290 nequit;
3307 4218 3437 4268 tum

184 4331 319 4405 quia
350 4333 434 4393 ab
473 4332 689 4406 initio,
725 4350 841 4395 nec
868 4333 1037 4395 enim
1086 4331 1407 4411 posterius
1431 4331 1613 4390 Pater
1650 4343 1792 4390 esse
1823 4324 2036 4401 coepit.
2062 4319 2299 4380 Filium
2334 4334 2483 4378 vere
2515 4315 2781 4387 Filium,
2818 4315 2991 4395 quod
3026 4320 3088 4375 et
3120 4312 3301 4374 solus
3334 4310 3441 4382 sit,

188 4440 241 4493 et
270 4436 510 4511 solius,
552 4454 625 4500 ac
679 4436 992 4516 singulari
1045 4436 1261 4508 modo,
1296 4441 1358 4497 et
1409 4434 1658 4507 solum;
1699 4446 1827 4492 non
1892 4444 2062 4490 enim
2094 4426 2291 4520 _Pater
2334 4436 2597 4500 quoque
2644 4415 2836 4479 simul
2885 4420 3005 4486 est,
3043 4420 3102 4475 et
3135 4414 3199 4474 in
3234 4420 3439 4520 mlum

185 4538 404 4616 Filius,
443 4548 515 4603 et
572 4512 895 4614 totius,‘et
952 4557 988 4601 a
1054 4538 1387 4618 principio,
1444 4535 1608 4596 hanc
1666 4532 1911 4595 scilicet
1980 4512 2286 4591 rati-onem
2365 4525 2634 4593 habens,
2701 4525 2770 4581 ut
2833 4532 3166 4622 nunquam
3234 4512 3442 4622 1““ng

188 4654 317 4700 esse
368 4608 684 4718 eruperit;
740 4608 868 4702 non
923 4608 1093 4702 enim
1150 4655 1229 4700 ex
1262 4608 1655 4716 'pmniteutia
1714 4638 1811 4695 est
1856 4628 2086 4697 deitas,
2140 4642 2352 4705 neque
2400 4640 2476 4685 ex
2534 4620 2824 4699 profectu
2858 4613 3202 4683 deiﬁcatio,
3232 4623 3298 4672 ut
3331 4608 3444 4670 ille

185 4738 528 4819 aliquando
555 4741 772 4818 Pater,
805 4738 907 4801 hic
942 4738 1289 4819 aliquando
1337 4736 1546 4798 Filius
1578 4750 1720 4796 esse
1759 4731 2035 4796 desinat.
2074 4729 2382 4809 Spiritum
2425 4732 2716 4786 sanctum
2772 4737 2922 4782 vere
2954 4726 3242 4781 sanctum
3279 4738 3295 4778 :
3333 4734 3439 4777 nr-

187 4857 302 4918 que
334 4843 517 4905 enim
577 4842 745 4904 alius
801 4840 947 4903 talis
981 4849 1102 4913 est,
1167 4857 1285 4902 nec
1315 4839 1539 4901 eodem
1578 4838 1793 4910 modo,
1852 4851 2068 4912 neque
2104 4849 2181 4894 ex
2219 4827 2589 4893 accessione
2622 4824 3025 4887 sanctitatem
3061 4822 3276 4894 habet,
3328 4822 3441 4883 sed

188 4951 274 5003 est
302 4942 590 5023 ipsemet
624 4941 953 5011 sanctitas,
988 4958 1105 5003 nec
1138 4939 1336 5016 magis
1362 4945 1424 5000 et
1468 4936 1707 5011 minus,
1746 4951 1887 5007 nec,
1951 4933 2161 5014 quoad
2205 4938 2479 5006 tempus,
2526 4925 2840 5005 originem
2876 4942 3158 5004 unquam
3198 4923 3442 5004 habuit,

188 5060 295 5107 nec
317 5047 513 5108 linem
549 5047 885 5108 habiturus
919 5053 1038 5107 est.
1070 5045 1207 5106 Hoc
1244 5044 1414 5104 enim
1460 5042 1625 5103 Patri
1657 5048 1719 5101 et
1751 5039 1918 5101 Filio
1941 5047 2000 5098 et
2032 5034 2294 5113 Spiritui
2327 5040 2546 5096 sancto
2584 5046 2925 5093 commune
2957 5035 3073 5101 est,
3108 5026 3276 5106 quod
3317 5026 3442 5084 mi-

188 5149 351 5209 nime
381 5148 579 5209 creati
613 5153 787 5220 sunt,
850 5153 1043 5225 atque
1077 5146 1211 5223 ipsa
1245 5142 1579 5204 divinitas.
1615 5141 1753 5202 Hoc
1791 5147 2002 5200 autem
2050 5135 2215 5197 Filio
2263 5142 2324 5197 et
2376 5134 2643 5213 Spiritui
2680 5141 2919 5205 sancto,
2955 5133 3124 5209 quod
3162 5130 3444 5208 'uterque

189 5261 399 5308 eorum
440 5265 522 5308 ex
550 5248 738 5310 Patre
776 5253 894 5307 est.
929 5247 1009 5306 At
1043 5260 1192 5305 vero
1216 5243 1420 5304 Patris
1452 5240 1811 5320 preprietas
1849 5237 1984 5299 haec
2010 5246 2128 5307 est,
2162 5236 2335 5314 quod
2370 5233 2699 5313 ingenitus
2749 5232 2831 5293 sit
2879 5253 2895 5295 :
2935 5233 3079 5292 Filii
3114 5229 3286 5309 quod
3331 5246 3442 5306 ge-

192 5353 353 5414 nitus
388 5374 409 5416 :
449 5354 730 5431 Spiritus
774 5353 975 5415 sancti
1012 5352 1183 5431 quod
1220 5350 1539 5428 procedat.
1570 5371 1599 5403 ι
1630 5347 1778 5407 Haec
1803 5344 2131 5422 generatio
2170 5349 2230 5403 et
2264 5339 2613 5418 processio,
2657 5355 2801 5417 quae
2835 5336 3034 5399 nullis
3070 5335 3286 5397 verbis
3321 5348 3446 5409 po-r

188 5462 301 5519 test
334 5457 676 5536 explicari,
705 5455 1042 5519 scrutanda
1076 5469 1205 5513 non
1235 5459 1330 5513 est
1360 5472 1378 5513 :
1415 5473 1443 5506 α
1470 5450 1607 5512 Hoc
1637 5454 1879 5509 tantum
1915 5444 2193 5507 sciamus
2226 5441 2604 5503 Trinitatem
2640 5439 2704 5501 in
2742 5440 3010 5517 unitate,
3037 5444 3096 5503 et
3132 5434 3446 5501 unitatem

256 5578 370 5612 ’³ου
410 5576 581 5633 Eccli.
634 5590 737 5642 Ill,
779 5574 871 5630 22.
952 5575 996 5606 ¹⁶
1034 5574 1193 5631 Prov.
1227 5570 1504 5646 ‘xxv,_27.
1578 5571 1623 5644 f"
1661 5568 1816 5628 Joan.
1848 5584 1887 5635 ι,
1916 5566 1969 5621 9.

252 5699 327 5770 (α)
367 5698 467 5771 Or.
502 5698 593 5771 28.
619 5716 675 5753 ιι.
699 5698 789 5771 51.
828 5697 880 5751 in
913 5696 1035 5751 line.
1184 5754 1187 5757 ,

878 5722 880 5749 l
913 5696 1035 5751 line.
1184 5754 1187 5757 ,
2040 5686 2133 5771 9r.
2165 5685 2255 5771 Iit”,
2287 5701 2346 5740 n.

255 5754 325 5843 {of
364 5770 465 5826 0r.
503 5754 591 5838 52,
625 5786 680 5827 ιι.
713 5754 788 5825 5.-
1184 5754 1187 5757 r

1184 5754 1187 5757 ’
1929 5754 2005 5831 (d)
2049 5758 2141 5814 Or.
2301 5774 2353 5811 ιι.
2393 5755 2472 5822 ιδ,
2516 5754 2596 5809 17.
