3926 6410
493 293 562 348 99
1477 287 1840 344 I‘R/EFATIO
1878 285 2287 344 GENERALIS.
2331 319 2397 328 —-—
2432 287 2612 342 PARS
2653 288 2738 342 Ill.
3643 291 3737 348 100

497 411 562 470 in
597 407 902 470 Trinitate
965 405 1369 469 adorandum.
1430 405 1729 468 Calamus
1769 408 1966 467 Deum
2003 409 2272 478 Patrem,
2315 407 2514 466 Deum
2560 407 2819 478 Filium,
2852 407 3054 466 Deum
3093 404 3395 483 Spiritum
3431 415 3742 480 sanctum,

499 519 627 572 tres
660 509 1102 589 prOprietates,
1137 522 1329 568 unam
1373 507 1802 579 divinitatem,
1833 526 1948 569 nec
1967 505 2191 584 gloria,
2228 524 2344 568 nec
2378 507 2646 578 honore,
2709 523 2825 568 nec
2863 507 3168 582 essentia,
3206 525 3322 570 nec
3351 524 3548 587 regno
3583 508 3744 570 divi-

499 634 632 676 sam
670 614 778 696 (α).
802 639 832 673 )›

582 717 738 777 Tres
777 731 923 775 vero
949 728 1256 791 personae,
1311 711 1458 774 licet
1493 713 1699 790 reipsa
1736 713 2078 786 distinctas,
2110 712 2195 772 ita
2245 719 2397 773 sunt
2427 712 2552 775 sibi
2597 712 2871 775 invicem
2912 711 3310 775 cohaerentes
3346 722 3412 775 ut
3441 715 3741 794 quisquis

499 817 602 878 vel
636 831 826 876 unam
851 814 1233 875 exscindere
1271 817 1630 890 tentaverit,
1661 825 1789 879 tres
1827 817 2018 878 simul
2055 836 2125 880 ac
2154 824 2349 878 totam
2384 835 2647 896 prorsus
2682 819 2980 880 deitatem
3017 819 3391 894 sustulerit;
3425 822 3740 900 siquidem

504 933 627 978 una
658 913 797 976 sine
831 913 1026 973 altera
1080 930 1222 975 esse
1256 932 1584 996 nunquam
1620 923 1827 994 potest
1860 915 1970 996 (b).
2031 937 2061 970 α
2085 915 2148 976 Si
2179 913 2305 977 fait
2336 922 2611 994 tempus,
2671 933 2814 977 cum
2854 932 2977 976 non
3021 932 3189 983 esset
3221 924 3422 999 Pater,
3447 924 3567 986 fuit
3593 944 3750 1005 quo-

501 1035 651 1096 que,
684 1031 823 1077 cum
858 1030 984 1075 non
1031 1022 1200 1076 esset
1236 1017 1459 1081 Filius.
1496 1021 1554 1080 Si
1587 1020 1710 1080 fuit
1743 1026 2020 1096 tempus,
2053 1035 2196 1081 cum
2235 1035 2361 1079 non
2411 1028 2582 1082 esset
2614 1020 2841 1094 Filius,
2866 1021 2985 1083 fuit
3019 1043 3302 1106 quoque,
3328 1045 3467 1089 cum
3505 1046 3584 1088 ne
3614 1030 3750 1107 Spi-

501 1124 660 1186 ritus
692 1121 950 1200 quidem
999 1126 1195 1183 esset.
1237 1120 1300 1181 Si
1346 1137 1544 1181 unum
1585 1118 1742 1180 illud
1782 1137 1815 1181 a
1871 1118 2189 1196 principio
2221 1125 2376 1191 erat,
2411 1120 2633 1196 utique
2665 1126 2725 1179 et
2761 1120 2898 1180 tria.
2943 1121 3004 1180 Si
3042 1141 3235 1183 unum
3271 1125 3514 1202 dejicis,
3547 1127 3748 1188 audax

500 1228 621 1288 hoc
653 1226 884 1300 dicam,
921 1243 997 1285 ne
1020 1226 1148 1286 duo
1182 1226 1447 1304 quidem
1483 1223 1818 1302 superiore
1862 1220 2004 1284 loco
2036 1219 2335 1283 colloces.
2373 1221 2528 1294 Qum
2559 1222 2730 1283 enim
2762 1222 3424 1300 imperfectmdeitatis
3462 1224 3751 1286 utilitas?

497 1332 634 1393 Imo
682 1348 824 1411 quae
858 1311 1086 1405 deitas,
1127 1331 1177 1390 si
1231 1329 1654 1407 imperfecta?
1717 1327 2000 1389 Perfecta
2084 1334 2294 1388 autem
2352 1327 2677 1405 quomodo
2727 1329 2869 1401 erit,
2922 1329 2984 1389 in
3019 1347 3142 1408 qua
3183 1330 3257 1391 ad
3294 1329 3747 1408 perfectionem

498 1435 744 1514 aliquid
772 1432 1224 1494 desideretur?
1279 1434 1694 1495 Desideratur
1720 1432 1918 1502 enim,
1970 1431 2026 1493 si
2076 1435 2410 1494 sanctitate
2453 1443 2684 1496 careat.
2723 1436 2904 1496 Hanc
2941 1447 3127 1512 porro
3160 1432 3481 1507 quomodo
3519 1431 3752 1494 habere

499 1529 718 1615 queat,
743 1534 812 1595 ni
844 1532 1150 1612 Spiritum
1186 1531 1455 1592 habeat?
1523 1528 1581 1588 Si
1620 1527 1792 1589 enim
1830 1527 1959 1588 alia
2017 1527 2303 1606 quaedam
2340 1535 2564 1606 praeter
2591 1529 2773 1590 illum
2807 1531 3108 1592 sanctitas
3141 1538 3260 1600 est,
3322 1546 3464 1608 quas
3500 1530 3750 1590 tandem

496 1634 606 1696 illa
641 1633 1056 1710 intelligenda
1097 1632 1204 1704 sit,
1267 1630 1432 1691 dicat
1489 1627 1809 1707 quispiam
1855 1645 1872 1684 :
1906 1631 2036 1698 aut,
2071 1625 2125 1686 si
2183 1626 2444 1705 quidem
2482 1628 2706 1690 eadem
2763 1628 2894 1691 thc
2924 1637 3045 1702 est,
3079 1631 3234 1709 quid
3269 1631 3476 1692 afferri
3520 1639 3751 1704 potest,

497 1743 912 1823 quamobrem
948 1757 1074 1801 non
1125 1738 1250 1817 iam
1305 1736 1453 1797 inde
1486 1752 1517 1794 a
1571 1730 1889 1812 principio
1926 1730 2166 1792 fuerit?
2225 1731 2424 1804 Quasi
2459 1749 2608 1796 vero
2643 1734 3010 1813 praestiterit
3060 1737 3219 1808 Deo,
3255 1735 3602 1815 aliquando
3636 1737 3756 1797 im-

498 1844 848 1923 perfectum
882 1841 1233 1911 exstitisse,
1265 1855 1336 1900 ac
1381 1835 1656 1916 Spiritus
1695 1841 2055 1912 expertem.
2087 1857 2116 1892 ιι

577 1946 738 2020 Quis
769 1950 980 2006 autem
1009 1939 1360 2017 pergrande
1397 1937 1774 2016 mysterium
1807 1935 2012 1998 valeat
2055 1935 2150 1997 vel
2187 1936 2411 2000 saltem
2448 1939 2794 2003 subolere?
2846 1941 3044 2003 Nobis
3072 1959 3325 2020 semper
3361 1941 3754 2003 inaccessum

497 2049 757 2121 fuisset,
786 2047 912 2108 nisi
940 2045 1280 2124 Scripturae
1323 2040 1677 2102 divinitatis
1712 2038 2045 2102 thesauros
2081 2041 2459 2102 mortalibus
2487 2044 2970 2122 expandissent.
3010 2046 3091 2106 At
3131 2043 3427 2107 Ecclesia)
3458 2046 3756 2106 doctores

500 2159 735 2214 tantam
783 2151 1204 2228 majestatem,
1237 2146 1448 2224 captui
1482 2144 1765 2205 humano
1802 2143 2000 2204 nimis
2043 2144 2508 2222 praecellentem
2540 2152 2602 2208 et
2654 2146 2838 2225 cujus
2869 2147 3115 2226 fulgore
3162 2165 3345 2208 mens
3377 2150 3754 2226 perstringi-

505 2268 627 2332 tur,
665 2256 855 2318 variis
904 2249 1492 2332 comparationibus
1527 2247 1858 2309 delineare
1895 2257 1956 2309 et
1994 2249 2376 2312 adumbrare
2407 2252 2689 2330 aggressi
2729 2259 2906 2325 sunt,
2969 2261 3039 2314 ut
3103 2254 3199 2314 vel
3265 2252 3357 2314 sic
3410 2256 3752 2332 quamdam

499 2361 831 2426 Trinitatis
885 2358 1214 2420 notionem
1276 2348 1462 2412 nobis
1520 2347 2031 2425 suppeditarent.
2100 2349 2238 2409 Hoc
2300 2349 2651 2427 Gregorius
2691 2350 3071 2430 exsequitur
3107 2351 3259 2410 dum
3317 2352 3647 2412 nominem
3679 2354 3754 2410 ad

503 2482 572 2525 se
620 2463 832 2540 ipsum
877 2461 1166 2527 advocat,
1219 2463 1284 2518 ct
1318 2458 1384 2515 in
1424 2455 1655 2513 intimo
1683 2453 1912 2514 animae
1942 2453 2329 2530 impressam
2385 2454 2676 2530 mysterii
2709 2455 3052 2532 imaginem
3093 2454 3169 2514 ad
3197 2455 3758 2532 contemplandum

499 2563 722 2626 allicit.
759 2563 942 2622 Mens
971 2555 1324 2638 siquidem,
1363 2570 1574 2616 sermo
1607 2560 1668 2614 et
1698 2552 1965 2632 spiritus
1992 2553 2053 2612 in
2089 2571 2213 2615 una
2254 2555 2540 2632 ejusdem
2571 2554 2849 2615 hominis
2883 2562 3126 2625 natura,
3188 2553 3332 2615 licet
3374 2557 3449 2614 ah
3483 2553 3761 2614 invicem

499 2672 935 2732 secernantur,
993 2676 1117 2720 non
1155 2667 1362 2720 tamen
1421 2663 1548 2716 tres
1585 2656 1920 2726 essentias,
1955 2654 2064 2715 sed
2105 2672 2296 2715 unam
2344 2672 2613 2716 numero
2645 2654 3061 2716 substantiam
3090 2656 3511 2716 constituunt.
3577 2679 3605 2709 α
3632 2655 3764 2716 Nos

500 2772 733 2834 autem,
763 2785 791 2818 ιδ
828 2768 890 2821 ut
925 2761 1209 2838 loquitur
1238 2761 1493 2816 sanctus
1530 2753 1753 2816 doctor
1788 2754 1934 2834 (c),«
1976 2771 2162 2815 unam
2216 2764 2278 2815 et
2310 2757 2594 2816 eamdem
2629 2755 2881 2817 deitatis
2915 2761 3199 2816 naturam
3234 2765 3587 2828 teneamus,
3619 2773 3767 2833 qum

500 2883 575 2926 ex
614 2863 908 2944 principii
966 2871 1248 2938 experte,
1310 2866 1368 2920 et
1397 2858 1832 2935 generatione,
1892 2867 1951 2919 et
1981 2862 2396 2937 processione
2433 2860 2843 2938 agnoscitur;
2882 2862 3421 2940 quemadmodum
3489 2860 3550 2920 id
3583 2861 3768 2938 quot;

501 2949 915 3040 nobisinest,
948 2978 1184 3036 mente,
1214 2980 1533 3037 sermone,
1571 2982 1640 3025 ac
1665 2963 1891 3042 spiritu
1923 2962 2313 3042 intelligitur
2355 2964 2467 3045 (ἀ).
2503 2987 2531 3018 n

497 3128 505 3142 ,
576 3069 794 3132 Multa-2
824 3074 973 3128 sunt
1003 3065 1141 3126 aliaa
1193 3063 1730 3143 comparationes,
1771 3081 2045 3142 quarum
2109 3080 2232 3142 ope
2284 3063 2612 3126 inﬁrmum
2679 3065 2963 3128 animum
3015 3064 3351 3132 sublevare
3411 3063 3767 3140 scriptores

500 3176 701 3238 nostri
746 3171 958 3236 conati
997 3179 1147 3233 sunt
1187 3191 1203 3231 :
1239 3171 1352 3232 sed
1387 3186 1578 3250 quam
1614 3185 1832 3246 parum
1861 3169 1936 3229 ad
1976 3167 2065 3229 rei
2103 3169 2440 3232 veritatem
2474 3169 2810 3242 accedunt,
2845 3177 2914 3232 ut
2942 3171 3289 3249 Gregorius
3332 3177 3598 3231 testatur
3630 3170 3710 3248 (ε)
3750 3172 3765 3229 ι

501 3301 530 3335 ιι
565 3278 726 3339 Cum
775 3275 1009 3337 mentis
1065 3271 1435 3334 curiositate
1488 3269 1760 3332 multum
1814 3273 2061 3348 diuque
2126 3287 2381 3332 mecum
2425 3270 2962 3346 considerassem,
3025 3273 3114 3334 rei
3178 3280 3361 3333 tantae
3413 3271 3764 3348 imaginem

498 3376 842 3458 quamdam
876 3373 1248 3454 exquirens,
1290 3372 1391 3432 cui
1455 3370 1709 3432 tandem
1761 3387 1975 3431 rerum
2028 3367 2380 3438 inferarum
2445 3371 2660 3432 divina
2728 3371 2831 3433 illa
2884 3380 3106 3438 natura
3170 3378 3590 3456 comparanda
3649 3365 3766 3446 'sit,

495 3479 779 3560 reperire
816 3493 944 3539 non
985 3474 1187 3554 potui.
1235 3473 1543 3546 Quamvis
1579 3473 1752 3534 enim
1825 3471 2127 3549 exiguam
2164 3473 2446 3553 aliquam
2477 3473 2974 3539 similitudinem
3014 3481 3396 3554 invenerim,
3437 3485 3639 3562 major
3677 3493 3768 3544 ta-

495 3602 643 3648 men
673 3600 775 3646 me
810 3599 951 3661 pars
981 3580 1169 3657 fugit,
1208 3578 1519 3656 humique
1558 3575 1898 3657 relinquit.
1935 3599 1966 3632 »
2016 3577 2386 3640 Cavendum
2442 3580 2658 3660 itaque
2705 3598 2786 3643 ne
2839 3585 3111 3646 terrenis
3156 3583 3432 3646 ccelestia
3487 3583 3768 3645 metien»

494 3685 602 3760 do,
641 3682 1012 3761 dignitatem
1070 3683 1354 3758 mysterii
1392 3684 1868 3759 deprimanius;
1914 3682 2193 3760 ideoque
2228 3699 2306 3743 ex
2337 3683 2614 3760 singulis
2641 3665 3178 3750 similitudinibus
3204 3704 3399 3766 apage
3435 3687 3766 3765 quidquid

497 3791 592 3853 vel
625 3789 816 3850 nimis
850 3788 1191 3865 abiectum,
1227 3788 1318 3849 vel
1362 3787 1576 3866 dispar
1611 3804 1877 3865 prorsus
1910 3786 2104 3847 fuerit
2138 3787 2216 3866 (f)
2263 3808 2279 3848 :
2322 3809 2352 3845 α
2391 3789 2461 3848 In
2499 3807 2752 3851 summa
2789 3791 2948 3852 nihil
2985 3798 3083 3853 est
3121 3789 3186 3850 in
3222 3805 3350 3870 quo
3401 3805 3582 3849 mens
3619 3807 3769 3844 mea

494 3891 758 3970 gradum
789 3891 981 3967 figere
1011 3895 1226 3967 queat,
1259 3888 1438 3962 dum,
1471 3893 1641 3968 quod
1700 3888 2042 3965 imaginor,
2084 3890 2150 3950 in
2205 3889 2520 3968 exemplis
2553 3891 2927 3962 considero;
2980 3892 3044 3952 ni
3101 3890 3264 3953 forte
3303 3889 3620 3968 quispiam
3693 3905 3767 3945 ea

493 3996 688 4059 animi
715 3995 1014 4073 aequitate
1052 3995 1156 4062 sit,
1191 4000 1283 4065 ut,
1307 4009 1450 4054 cum
1494 4011 1688 4054 unum
1720 3993 1965 4073 aliquid
1998 4012 2076 4056 ex
2109 3995 2433 4074 proposita
2469 3995 2746 4073 imagine
2769 3997 3108 4075 acceperit,
3133 3993 3376 4071 reliqua
3405 3989 3767 4067 proﬁciat.»

573 4096 877 4158 Tritheiaa
908 4096 1150 4155 crimen
1177 4099 1344 4172 quod
1384 4094 1447 4152 in
1495 4095 1876 4171 Gregorium
1941 4094 2362 4172 increpabant
2396 4095 2620 4156 Ariani
2649 4097 2732 4158 ita
2765 4095 2982 4166 diluit,
3035 4101 3106 4155 ut
3146 4093 3378 4154 mirum
3417 4089 3496 4149 sit
3553 4089 3770 4147 fuisse

492 4198 792 4288 deinceps
823 4195 935 4276 qui
988 4213 1176 4257 unam
1221 4197 1640 4258 substantiam
1679 4199 1892 4275 Specie
1947 4206 2133 4259 tenus
2167 4197 2506 4260 admisisse
2540 4199 2749 4276 ipsum
2802 4200 3172 4262 incusarent
3223 4199 3328 4276 (g).
3376 4221 3401 4251 α
3437 4197 3494 4256 Si
3556 4195 3767 4260 Deus.

494 4314 555 4366 et
586 4307 782 4379 Deus,
816 4311 880 4365 et
915 4305 1111 4374 Deus,
1147 4326 1177 4358 η
1226 4303 1716 4366 sciscitabantur
1749 4305 1993 4378 Ariani,
2034 4328 2063 4361 α
2091 4305 2244 4385 quid
2285 4323 2493 4366 causa)
2526 4323 2668 4368 esse
2722 4313 2958 4385 potest,
2989 4303 3145 4386 quin
3181 4311 3305 4363 tres
3339 4300 3463 4359 sint
3530 4296 3629 4357 Dii
3668 4301 3696 4355 ?
3739 4323 3766 4351 »ι

493 4407 588 4469 Ad
626 4408 757 4468 haec
802 4405 1150 4484 Gregorius
1196 4409 1281 4488 (h)
1319 4430 1334 4468 :
1378 4432 1407 4466 α
1442 4411 1638 4472 Nobis
1693 4412 1928 4492 inquit,
1983 4415 2157 4473 Deus
2227 4430 2394 4472 unus
2445 4419 2565 4486 est,
2613 4413 2918 4493 quoniam
2969 4430 3090 4474 una
3149 4409 3383 4478 deitas;
3440 4417 3635 4483 atque
3690 4409 3771 4468 ad

497 4529 721 4579 unum,
764 4529 837 4571 ea
868 4528 1010 4588 qum
1053 4530 1126 4572 ex
1160 4529 1235 4572 eo
1268 4522 1442 4586 sunt,
1480 4515 1868 4588 referuntur,
1904 4517 2152 4579 etiamsi
2192 4526 2319 4580 tres
2367 4536 2672 4595 personas
2721 4519 3066 4582 credimus.
3122 4514 3344 4591 Neque
3401 4511 3570 4571 enim
3638 4509 3771 4570 hoc

495 4615 718 4693 magis,
752 4614 908 4675 illud
944 4615 1157 4675 minus
1190 4625 1286 4676 est
1335 4618 1545 4686 Deus;
1605 4632 1721 4678 nec
1781 4618 1900 4678 hoc
1946 4619 2150 4693 prius,
2182 4618 2340 4679 illud
2380 4620 2722 4695 posterius.
2788 4621 2916 4682 Nec
2971 4619 3298 4680 voluntate
3342 4612 3767 4678 scinduntur,

490 4731 598 4785 aut
631 4723 915 4803 potentia
948 4723 1343 4792 dividuntur,
1379 4731 1486 4782 aut
1547 4722 1832 4801 denique
1874 4723 2232 4802 quidquam
2281 4741 2532 4793 eorum,
2569 4743 2714 4802 quae
2770 4724 3058 4786 dividuis
3098 4721 3288 4782 rebus
3342 4719 3768 4792 contingunt,

493 4823 595 4886 hic
630 4841 887 4903 quoque
941 4824 1284 4900 reperitur.
1322 4845 1350 4876 ιι
1400 4823 1474 4881 Et
1506 4839 1636 4901 quo
1704 4839 1915 4882 veram
1955 4830 2016 4883 et
2056 4823 2364 4900 integram
2402 4825 2465 4884 in
2525 4823 2759 4885 deitate
2830 4824 3135 4883 unitatem
3183 4827 3445 4893 asserat,
3482 4835 3606 4881 non
3678 4823 3773 4880 si-

495 4929 791 4991 mulatam
827 4935 934 4989 aut
964 4926 1424 5005 imperfectam,
1469 4929 1548 4990 ab
1589 4927 1703 4989 hac
1741 4929 1986 4989 unitate
2040 4947 2339 4992 amovere
2371 4931 2604 5006 satagit
2636 4929 2955 5008 quidquid
2990 4927 3084 4988 vel
3125 4928 3189 4987 in
3223 4927 3616 5000 roslesaibus,
3664 4931 3765 4990 vel

493 5033 556 5094 in
590 5032 914 5104 humanis,
947 5031 1111 5093 male
1143 5030 1265 5107 ipsi
1299 5049 1635 5109 exmquare
1664 5030 2132 5092 contenderent
2179 5031 2271 5111 (ἱ).
2330 5056 2358 5086 α
2398 5034 2568 5106 Quid
2608 5041 2844 5103 autem,
2881 5031 3160 5094 dixerint
3204 5032 3495 5100 fortasse,
3533 5049 3770 5093 nonne

492 5136 656 5214 apud
700 5135 989 5197 ethnicos
1021 5149 1282 5213 quoque
1321 5133 1524 5196 deitas
1561 5151 1688 5194 una
1727 5141 1846 5206 est,
1885 5143 1953 5194 ut
2004 5135 2239 5197 docent
2279 5137 2387 5216 qui
2444 5138 2699 5212 plenius
2732 5140 2895 5211 apud
2933 5138 3080 5198 illos
3107 5133 3581 5215 perfectiusque
3609 5133 3769 5208 phi-

495 5240 932 5318 losophantur,
968 5245 1159 5316 atque
1192 5233 1359 5311 apud
1410 5250 1525 5294 nos
1569 5251 1774 5310 genus
1835 5235 2239 5306 universum,
2295 5237 2662 5298 humanitas
2725 5241 2890 5298 una?
2938 5238 3265 5297 ELtamen
3323 5233 3536 5313 plures
3597 5243 3767 5293 sunt

491 5343 604 5415 dii,
643 5351 702 5405 et
736 5361 864 5405 non
911 5360 1103 5415 unus,
1141 5341 1306 5403 sicut
1337 5337 1523 5402 etiam
1570 5337 1751 5398 multi
1810 5337 2130 5400 homines.
2185 5342 2264 5399 At
2298 5339 2429 5401 illic
2478 5342 2909 5402 communitas
2971 5341 3278 5403 unitatem
3336 5339 3546 5410 habet,
3604 5357 3768 5421 qum

562 5510 639 5582 (α)
665 5507 771 5582 ῨΟΓ.
799 5511 860 5564 ’51
887 5555 901 5577 ,
931 5529 984 5564 n.
1008 5510 1098 5564 ‘28.

2240 5505 2308 5575 (n
2352 5505 2508 5582 nam.
2526 5524 2594 5582 _n.
2631 5506 2717 5563 35.

559 5577 634 5649 (⁷1))
662 5581 818 5644 lbid.,
853 5599 906 5634 ιι.
935 5584 986 5636 4.

2242 5582 2314 5649 (g)
2479 5579 2564 5642 51,
2600 5599 2650 5632 tt.
2687 5583 2768 5635 i5.

562 5647 631 5722 (ε)
669 5651 761 5704 0r.
789 5652 877 5722 25,
913 5653 1081 5722 n.1..
1364 5721 1367 5722 ν
1411 5719 1420 5722 Α
1458 5719 1465 5722 Α
1655 5716 1665 5722 _
1826 5712 1837 5722 ,

997 5653 1020 5703 -t
1048 5693 1081 5704 ..
1364 5721 1367 5722 ν
1411 5719 1420 5722 Α
1458 5719 1465 5722 Α
1655 5716 1665 5722 _
1826 5712 1837 5722 ,
2234 5648 2311 5722 (ιι)
2347 5647 2416 5722 ἢ.
2457 5649 2540 5722 1-4.

556 5712 635 5793 (ιι)
685 5721 868 5790 Ὠςνῷ
899 5721 976 5790 τῷ
1011 5725 1064 5773 ἐν
1100 5724 1250 5792 ἡμῖν,
1293 5721 1383 5773 καὶ
1411 5719 1552 5788 λόγῳ
1585 5716 1678 5770 καὶ
1714 5712 2000 5784 πνεύματί·
2238 5712 2300 5786 (δέ
2344 5718 2404 5770 N'
2444 5719 2524 5772 ’δ’

558 5797 626 5866 (ε)
669 5793 759 5849 0r.
797 5794 883 5858 5i,
926 5811 977 5847 υ.
1007 5793 1091 5844 51.
