3926 6410
181 277 258 336 ibi
1100 265 1475 321 PRA‘ZFATIO
1515 263 1731 320 GENEH

1839 264 1924 323 lS.
1966 297 2034 304 —
2074 261 2256 322 PARS
2295 265 2382 323 Ill.
3286 281 3386 336 £02

177 389 512 472 cogitatione
545 384 679 445 sola
715 375 1100 444 considerari
1130 375 1354 454 possit.
1390 398 1418 430 ιο
1474 374 1706 436 Contra
1739 392 1889 437 vero
1926 375 2266 454 perfectam
2321 377 2633 438 unitatem
2676 379 2879 442 tribus
2929 402 3114 466 teque
3161 407 3385 466 perso-

177 500 257 562 ois
292 495 512 570 absque
547 487 684 549 ullo
729 483 1102 547 discrimine
1133 497 1488 558 congruere
1519 479 1740 540 statuit
1771 485 2028 542 sanctus
2072 481 2314 552 doctor,
2355 482 2569 541 aureis
2606 481 2778 545 hisce
2833 487 3042 548 verbis
3084 507 3209 566 pne
3239 511 3384 555 sen-

157 620 260 666 sus
291 595 609 662 altitudine
659 609 787 654 non
845 590 1001 652 satis
1055 585 1641 668 perscrutandis(a)
1678 607 1693 646 :
1734 608 1763 643 α
1799 587 1878 648 At
1914 592 2147 648 nostrae
2211 587 2516 649 doctrinm
2571 605 2693 649 non
2753 588 2973 650 eadem
3033 601 3128 652 est
3185 596 3380 667 ratio;

173 706 260 767 sed
290 704 494 762 horum
533 696 786 774 (nempe
815 691 1186 752 divinorum
1236 685 1749 765 suppositarum)
1782 686 2117 764 quodlibet
2151 687 2458 748 unitatem
2511 685 2722 757 habet,
2775 703 2901 749 non
2948 689 3160 752 minus
3217 693 3379 770 ejus,

171 817 285 864 cum
330 813 449 877 quo
499 791 938 874 conjungitur,
993 805 1182 869 quam
1245 785 1349 848 sui
1413 785 1626 865 ipsius
1684 794 2001 864 respectu,
2056 796 2316 866 prepter
2376 787 2678 848 essentia!
2724 795 2784 848 et
2846 791 3148 866 potentias
3198 792 3382 853 iden-

168 907 367 968 titatem
401 923 415 962 :
452 909 580 980 »τῷ
636 907 818 979 ταυτῷ
893 909 992 979 τῆς
1056 906 1262 968 οὐσίας,
1333 903 1427 957 καὶ
1482 903 1582 974 τῆς
1636 902 1718 955 δυκ

1827 920 1937 966 εως.
2008 892 2129 955 Sed
2202 891 2414 953 verbis
2499 892 2652 971 quid
2715 908 2878 968 Opus
2933 902 3050 968 est,
3113 898 3377 958 utGre-

164 1006 372 1084 gorium
415 1003 798 1079 purgemus?
840 1015 985 1060 eum
1029 994 1446 1068 Eunomium,
1479 994 1590 1071 qui
1628 994 2017 1054 divisionem
2076 991 2143 1051 in
2199 1003 2521 1069 paternam
2587 992 3012 1054 substantiam
3070 995 3374 1058 inducere

164 1103 507 1167 orthodoxos
548 1109 614 1160 ut
653 1101 967 1180 probaret,
1009 1103 1188 1158 tanto
1234 1094 1450 1156 studio
1485 1093 1832 1168 laborabat,
1868 1093 2172 1154 omnibus
2208 1093 2425 1155 nervis
2462 1092 2839 1171 propulsare
2872 1093 3184 1157 intendat.
3219 1099 3375 1170 Quae

163 1223 286 1267 sane
317 1201 532 1265 animis
570 1203 734 1263 bene
779 1204 1026 1266 all'ectis
1069 1203 1210 1280 plus
1242 1217 1427 1279 (equo
1488 1199 1830 1270 sufficiant,
1867 1216 1944 1260 ne
1985 1199 2141 1278 quid
2205 1199 2298 1260 vel
2353 1199 2757 1261 levissimum
2820 1197 2901 1258 de
2967 1200 3089 1261 (ide
3148 1203 3369 1264 eximii

162 1299 396 1364 doctoris
426 1299 856 1378 suspicentur.

1568 1398 1650 1456 De
1702 1396 1905 1457 Patre.

219 1511 393 1570 Deum
425 1508 668 1568 Patrem
715 1507 1077 1568 divinitatis
1115 1505 1258 1566 Filii
1297 1511 1356 1565 et
1415 1503 1699 1583 Spiritus
1751 1503 1951 1564 sancti
1989 1519 2272 1574 causam,
2327 1505 2500 1580 quod
2553 1504 2720 1566 idem
2775 1504 2939 1566 valet
2990 1524 3060 1568 ac
3124 1509 3367 1585 princi-

158 1613 302 1690 pium
331 1609 490 1686 apud
538 1609 817 1678 Latinos,
855 1606 1204 1684 Gregorius
1256 1603 1526 1666 edocet:
1573 1624 1602 1658 α
1646 1604 1990 1664 Parvorum
2028 1610 2221 1676 certe,
2256 1604 2467 1680 inquit
2509 1602 2618 1683 (ὁ),
2655 1605 2924 1682 ipsoque
2957 1604 3365 1682 indignorum

159 1693 491 1789 principium
530 1709 722 1770 fuerit
762 1711 967 1780 Pater,
1007 1707 1131 1767 nisi
1164 1705 1424 1767 deitatis
1464 1707 1631 1782 ejus,
1666 1721 1809 1766 quae
1859 1703 1921 1762 in
1990 1702 2157 1763 Filio
2211 1708 2270 1764 et
2331 1702 2566 1780 Spiritu
2628 1713 2846 1764 sancto
2905 1705 3366 1777 consideratur,

157 1828 306 1875 causa
341 1811 438 1872 sit.
478 1833 506 1864 ιο
553 1811 626 1872 Ut
664 1829 694 1871 a
735 1813 914 1874 Patre
956 1811 1161 1872 Filius
1200 1817 1260 1870 et
1300 1807 1579 1886 Spiritus
1613 1814 1874 1868 sanctus
1909 1814 2206 1868 emanant
2257 1813 2316 1867 et
2361 1807 2628 1880 perinde
2675 1807 2747 1869 ad
2785 1826 2929 1869 eum
2975 1809 3364 1881 referuntur,

155 1919 226 1976 sic
254 1913 502 1976 unitatis
541 1914 600 1972 in
641 1915 954 1976 Trinitate
987 1915 1167 1990 origo
1206 1919 1266 1972 et
1322 1910 1466 1971 fons
1511 1910 1693 1970 Pater
1731 1916 1824 1969 est
1864 1908 1937 1987 (ο)
1975 1929 1990 1968 :
2040 1931 2066 1963 α
2108 1909 2241 1970 Una
2298 1907 2396 1968 his
2451 1909 2650 1970 tribus
2697 1918 2917 1972 natura
2974 1913 3148 1972 Deus
3193 1921 3284 1972 est
3349 1937 3364 1974 :

153 2014 277 2074 unio
295 2031 426 2075 vero
443 2015 757 2085 estPater,
783 2032 857 2076 ex
881 2028 1033 2093 quo,
1052 2019 1108 2072 et
1133 2011 1207 2071 ad
1226 2025 1414 2088 quem
1439 2025 1536 2082 ea,
1555 2023 1696 2086 quae
1717 2005 2019 2085 deinceps
2036 2015 2420 2084 sequuntur,
2439 2010 2824 2080 referuntur,
2851 2026 2973 2068 non
3001 2019 3066 2069 ut
3091 2010 3368 2072 confun-

159 2111 352 2173 dantur
387 2129 454 2174 ac
505 2113 1040 2192 permisceantur,
1075 2111 1185 2171 sed
1226 2119 1293 2170 ut
1331 2108 1718 2170 cohaereant.
1759 2128 1786 2162 ιο
1845 2106 1906 2166 Si
1963 2107 2352 2185 quandoque
2397 2109 2576 2169 Pater
2626 2111 2803 2172 solos
2851 2112 3022 2173 Deus
3075 2115 3369 2176 nomina-

154 2218 250 2284 tur,
278 2219 334 2272 et
370 2213 661 2276 Christus
711 2214 919 2293 ipsum
961 2213 1053 2272 sic
1089 2209 1442 2289 alloquitur
1501 2206 1586 2287 (ἁ)
1625 2227 1641 2266 :
1679 2229 1707 2259 α
1739 2206 1817 2266 Ut
1868 2215 2254 2283 cognoscant
2313 2213 2371 2268 te
2427 2207 2635 2268 solum
2701 2229 2920 2271 verum
2986 2213 3182 2272 Deum
3225 2212 3304 2287 ¹⁸;
3334 2237 3364 2268 ι

151 2316 452 2392 Gregorius
484 2317 607 2379 hoc
641 2341 666 2373 α
704 2321 778 2379 ad
813 2334 1059 2388 eorum,
1098 2315 1236 2394 qui,
1273 2329 1640 2393 quanquam
1673 2310 1855 2385 falso,
1888 2311 1975 2371 dii
2016 2320 2226 2372 tamen
2267 2311 2691 2388 appellantur,
2721 2311 3149 2371 sublationem
3185 2313 3304 2372 dici
3331 2335 3358 2367 ι

151 2415 449 2478 existimat.
491 2418 695 2497 Major
728 2421 950 2501 utique
983 2422 1166 2481 Pater
1197 2419 1374 2479 solus
1409 2418 1574 2478 Filio
1612 2417 1735 2478 dici
1771 2424 1975 2496 potest
2009 2418 2078 2490 η’,
2113 2433 2241 2476 non
2315 2417 2396 2476 ob
2427 2415 2706 2494 aliquam
2743 2417 2802 2476 in
2834 2426 3053 2478 natura
3086 2417 3363 2494 dispari-

150 2520 369 2595 litatem,
401 2524 514 2583 sed
563 2533 882 2602 quatenus
922 2527 1105 2587 Pater
1135 2524 1282 2585 Filii
1332 2541 1523 2584 causa
1592 2532 1654 2582 et
1698 2522 2081 2601 principium
2139 2537 2281 2582 esse
2334 2521 2756 2598 dignoscitur.
2805 2523 3108 2599 Majorem
3172 2525 3359 2582 etiam

149 2635 387 2684 asserere
411 2635 784 2703 possumus,
825 2630 878 2691 si
908 2628 1052 2690 Filii
1087 2629 1544 2690 humanitatem
1581 2629 1981 2690 attendamus
2025 2649 2039 2687 :
2077 2629 2186 2689 sed
2223 2628 2354 2690 hinc
2390 2629 2829 2706 interpretatio
2862 2638 3078 2690 sancto
3116 2631 3356 2692 doctori

151 2740 250 2785 non
287 2728 551 2791 multum
584 2733 840 2805 arridet,
879 2743 950 2794 ut
989 2733 1200 2794 minus
1241 2733 1588 2794 honoriliea
1647 2753 1662 2791 :
1710 2754 1736 2785 α
1774 2731 1999 2791 Nonne
2058 2731 2470 2810 perspicuum
2521 2739 2638 2800 est,
2694 2730 2908 2808 inquit
2959 2731 3058 2809 (ε),
3104 2729 3360 2808 majoris

150 2840 327 2888 vocem
360 2832 430 2892 ad
465 2851 725 2924 causam
766 2837 1157 2900 referendam
1211 2856 1352 2900 esse
1389 2841 1494 2900 ‘2...
1530 2837 1715 2911 Quod
1754 2838 1999 2900 ratione
2045 2837 2466 2900 humanitatis
2528 2839 2707 2898 Pater
2741 2837 3138 2912 Filio,major
3173 2834 3360 2897 inte]-

148 2928 396 3006 ligendus
442 2934 553 3022 sit,
590 2953 731 2999 vere
769 2940 1029 3017 quidem
1064 2941 1188 3002 dici
1233 2950 1467 3020 potest,
1517 2939 1628 3001 sed
1678 2955 1803 2998 non
1837 2941 2101 3017 perinde
2137 2941 2509 3003 honorifice.
2557 2965 2583 2995 ››

1567 3040 1652 3099 De
1700 3039 1894 3100 Filio.

207 3132 412 3195 Nullus
451 3153 737 3216 unquam
779 3138 922 3201 Filii
969 3140 1364 3203 divinitatem
1397 3139 1596 3217 magis
1630 3147 1890 3200 strenue
1939 3144 2382 3219 prOpugnavit,
2426 3142 2562 3202 sive
2593 3148 2936 3218 argument
3008 3141 3082 3201 tir
3153 3140 3346 3208 ando.

147 3229 515 3326 siveobjecta
566 3237 1076 3303 adversariorum
1119 3241 1563 3312 convellendo,
1591 3239 1728 3300 sive
1755 3239 2105 3304 difﬁciliora
2165 3243 2590 3320 esplanando.
2634 3241 2921 3319 Singulis
2983 3240 3355 3319 quibusque

145 3331 496 3402 Proierendis
538 3356 662 3401 non
698 3341 1208 3416 immorabimur,
1251 3360 1446 3421 pauca
1482 3359 1558 3403 ex
1595 3349 1716 3403 tam
1751 3341 1975 3403 multis
2020 3343 2306 3404 delibare
2345 3343 2654 3403 contenti.
2708 3343 2990 3402 Primum
3028 3347 3196 3401 unde
3250 3358 3354 3401 ac-

145 3434 341 3508 oeperit
392 3439 548 3499 Filii
611 3441 1006 3505 divinitatem
1071 3444 1377 3518 ostendit,
1417 3441 1690 3521 plurima
1745 3441 2216 3520 Scripturarum
2277 3444 2410 3504 loca
2475 3444 2881 3520 congerenda
2944 3459 3093 3519 qum
3147 3441 3350 3520 ipsam

142 3542 317 3608 δΡεΓῐθ
347 3537 698 3604 declarant.
739 3567 766 3600 α
801 3545 957 3619 Nos,
1004 3546 1214 3624 inquit
1263 3544 1367 3626 (Γ),
1400 3541 1778 3619 ex‘magnis
1820 3549 1881 3605 et
1916 3542 2188 3604 excelsis
2247 3543 2514 3604 vocibus
2563 3542 2712 3603 Filii
2761 3543 3166 3604 divinitatem
3212 3560 3352 3618 per-

141 3630 405 3709 cepimus,
432 3655 506 3698 ac
543 3642 981 3718 praedicamus.
1016 3643 1262 3716 Quibus
1308 3643 1609 3704 tandem?
1635 3643 1753 3703 His
1784 3643 2112 3714 nimirum,
2148 3644 2346 3716 Deus,
2381 3644 2689 3714 Verbum,
2722 3645 2893 3722 quod
2931 3643 2992 3704 in
3034 3643 3350 3724 principio

141 3737 261 3831 ξὲτδῑ.
297 3743 530 3831 etcum
585 3743 926 3822 principio,
968 3753 1029 3806 et
1064 3744 1446 3821 principium
1479 3769 1494 3816 ;
1557 3757 1624 3808 ut
1667 3750 1728 3809 in
1779 3747 1879 3806 his
1915 3746 2068 3807 locis
2104 3767 2119 3806 :
2157 3745 2229 3805 In
2277 3746 2598 3824 principio
2633 3752 2764 3803 erat
2800 3743 3077 3816 Verbum,
3114 3753 3168 3804 et
3209 3745 3350 3804 Ver-

139 3824 248 3889 bum
275 3824 394 3898 erat
425 3841 602 3918 apud
632 3844 843 3917 Deum,
878 3855 933 3905 et
971 3845 1126 3904 Deus
1163 3852 1291 3904 erat
1326 3844 1585 3905 Verbum
1616 3855 1682 3910 ’°.
1729 3849 1826 3915 Et,
1865 3846 2086 3905 Tecum
2132 3845 2522 3922 principium
2561 3852 2602 3884 ’ί
2640 3866 2654 3904 :
2701 3851 2787 3916 et,
2825 3843 2949 3918 Qui
2988 3854 3164 3904 vacat
3222 3863 3348 3904 cani

138 3949 166 3986 ιι
200 3941 680 4009 generationibus
725 3945 1116 4023 principium
1165 3947 1236 4006 ".
1288 3945 1382 4005 Ad
1468 3945 1601 4009 haec
1673 3948 1870 4007 Filius
1919 3945 2289 4022 nnigenitus
2361 3944 2642 4004 dicitur:
2687 3942 3052 4021 Unigenitus
3111 3943 3343 4010 Filius,

139 4029 327 4110 inquit,
357 4042 466 4118 qui
529 4049 613 4101 est
657 4045 722 4103 in
771 4045 914 4104 sinu
963 4045 1209 4117 Patris,
1271 4046 1403 4123 ipse
1463 4047 1775 4106 enarravit
1815 4047 1898 4117 ¹³;
1948 4047 2085 4116 Via,
2121 4045 2390 4114 Veritas,
2431 4045 2590 4113 Vita,
2643 4045 2773 4103 Lux
2816 4043 2996 4121 :Ego
3035 4063 3168 4102 sum
3218 4047 3341 4110 via.

137 4137 319 4196 veritas
348 4149 398 4198 et
432 4143 567 4200 vita
603 4143 684 4215 “;
722 4151 804 4214 et,
843 4145 976 4222 Ego
1037 4163 1172 4204 sum
1206 4144 1321 4205 lux
1350 4147 1568 4208 mundi
1605 4149 1676 4207 ".
1721 4147 2066 4224 Sapientia,
2110 4125 2396 4206 Potentia
2443 4167 2457 4203 :
2493 4145 2780 4204 Christus
2815 4146 2922 4204 Dei
2953 4147 3234 4222 potentia
3289 4159 3342 4205 rt

141 4233 220 4292 Dei
246 4241 546 4315 sapientia
581 4246 649 4302 ἐ.
707 4243 1039 4320 Splendor,
1093 4244 1453 4317 Character,
1518 4248 1758 4322 Imago.
1815 4245 2136 4320 Sigillum,
2183 4252 2247 4305 ut
2311 4245 2373 4303 in
2433 4243 2532 4302 bis
2595 4243 2858 4304 verbis:
2905 4245 3030 4319 Qui
3076 4265 3212 4305 cum
3259 4251 3338 4306 sit

135 4335 384 4411 splendor
413 4342 638 4418 gloria.-
679 4363 699 4403 :
736 4350 818 4416 et,
863 4341 1195 4403 Character
1235 4344 1594 4405 substantia:
1643 4346 1843 4423 ipsius
1874 4353 1916 4382 ’⁷
1950 4367 1964 4405 :
2010 4353 2094 4416 et,
2150 4347 2363 4422 Imago
2397 4343 2697 4404 bonitatis
2728 4346 2847 4405 ²⁸...
2901 4348 2998 4417 Et,
3030 4347 3153 4420 Qui
3185 4361 3338 4418 erat,

134 4436 340 4512 quiest,
372 4449 424 4499 et
465 4442 578 4519 qui
605 4454 898 4502 venturus
943 4451 1052 4515 est,
1103 4444 1488 4519 omnipotens
1538 4443 1644 4504 ille
1675 4450 1798 4505 η...
1862 4446 2018 4518 Quae
2065 4445 2400 4522 perspicue
2437 4442 2516 4503 de
2573 4441 2733 4502 Filio
2793 4442 3117 4517 dicuntur,
3173 4448 3340 4508 sicut

134 4547 179 4597 et
207 4542 309 4601 alia
342 4543 548 4620 plura,
583 4559 724 4620 quae
764 4543 1048 4603 eamdem
1097 4542 1222 4601 vim
1275 4542 1529 4615 habent,
1569 4561 1845 4622 quorum
1903 4543 2060 4604 nihil
2114 4542 2457 4604 ascititium
2492 4549 2612 4615 est,
2650 4560 2767 4606 nec
2809 4543 2992 4618 Filio,
3029 4555 3134 4606 aut
3190 4546 3332 4624 Spi-

132 4639 252 4702 ritui
306 4649 522 4703 sancto
570 4642 888 4718 posterius
950 4643 1242 4715 accessit,
1298 4645 1838 4722 quemadmodum
1892 4665 2008 4708 nec
2057 4645 2243 4706 Patri.
2303 4645 2526 4724 Neque
2605 4646 2775 4706 enim
2824 4665 2900 4709 ex
2969 4651 3336 4714 accessione

123 4740 393 4819 perfectio
424 4743 584 4818 ipsis
617 4751 973 4818 comparata
1007 4749 1124 4802 est.
1181 4741 1315 4801 Non
1350 4742 1520 4802 enim
1576 4744 1754 4807 Pater
1802 4747 1990 4807 Verbi
2055 4762 2334 4821 unquam
2396 4762 2627 4823 expers
2669 4745 2829 4815 fuit;
2884 4765 2998 4810 nec
3052 4769 3332 4832 unquam

131 4842 226 4903 fuit
252 4845 402 4922 quin
434 4845 617 4904 Pater
662 4851 869 4912 esset;
923 4858 1038 4902 nec
1080 4841 1363 4921 denique
1409 4860 1687 4921 unquam
1733 4844 2022 4916 veritate,
2077 4843 2414 4922 sapientia,
2459 4843 2727 4918 viribus,
2769 4847 2915 4920 vita,
2967 4851 3330 4928 splendore,

129 4955 211 5005 aut
236 4945 506 5006 bonitate
539 4942 766 5005 caruit.
807 4965 834 4996 υ

187 5045 288 5106 sed
317 5045 468 5124 quid
493 5048 522 5105 -ῖ
568 5045 790 5103 Nonne
824 5042 933 5119 qui
968 5041 1372 5103 divinitatem
1425 5044 1587 5106 Filio
1620 5045 1948 5117 abrogant,
1993 5049 2053 5101 et
2085 5041 2204 5120 ipsi
2268 5043 2544 5120 plurima
2578 5044 2919 5125 Scriptura)
2954 5050 3085 5114 loca
3136 5055 3196 5115 in
3227 5061 3330 5118 sui

126 5144 319 5205 erroris
349 5143 772 5224 patrocinium
805 5141 1116 5202 afferunt?
1169 5141 1284 5202 His
1317 5151 1575 5205 sanctus
1610 5147 1830 5207 doctor
1887 5145 2138 5206 obviam
2173 5147 2243 5217 it,
2278 5147 2557 5225 regulam
2619 5152 3089 5228 constituendo,
3148 5163 3332 5237 cujus

177 5285 213 5365 ’ξ
247 5283 388 5340 Joan.
419 5299 556 5365 xvii,
586 5283 660 5365 3L
710 5282 758 5365 ξ’
794 5281 946 5335 Joan.
978 5282 1208 5365 μξτὶὲὃ..⁸
1245 5283 1290 5365 ’ξ
1329 5281 1483 5365 {eam
1513 5300 1547 5349 t,
1578 5287 1674 5365 1.”
1703 5290 1722 5320 ’

1789 5287 1928 5365 [:53]:
1965 5305 2076 5365 eis,
2116 5290 2216 5365 '5._
2258 5292 2511 5365 "Eccli.
2568 5311 2712 5360 xxrv,
2748 5297 2832 5353 Η.
2911 5301 3133 5358 "Joan.
3165 5320 3202 5365 ι.
3240 5306 3323 5362 18.

125 5353 318 5444 "lcum.
352 5370 461 5418 xiv,
490 5357 544 5406 6.
617 5354 662 5386 ³³
700 5351 853 5407 Joan.
913 5369 962 5416 ν,
1007 5352 1091 5407 10.
1166 5354 1211 5384 ’⁵
1273 5353 1288 5408 l
1330 5355 1454 5409 Cor.
1505 5373 1562 5420 ι,
1611 5356 1675 5410 24

1798 5359 1840 5388 ’⁷
1883 5351 2070 5412 Ηεὺτί
2109 5376 2144 5422 ι,
2187 5361 2238 5413 5.
2319 5364 2361 5393 ’⁸
2405 5366 2540 5434 Sep.
2585 5351 2829 5429 νηίὲϐξ
2879 5372 2923 5401 ⁸⁸
2961 5351 3202 5440 ίξ

122 5437 180 5489 iv,
202 5437 248 5478 ts.

181 5423 248 5585 (as).
273 5515 358 5588 Or.
391 5520 481 5573 51.
515 5536 566 5571 n.
608 5518 692 5573 16.

1829 5519 1904 5588 (d)
1944 5518 2035 5574 Or.
2077 5521 2164 5582 50.
2198 5540 2250 5575 u.
2283 5525 2367 5579 15.

178 5587 237 5648 (ὸ)
268 5587 354 5643 0r.
395 5590 486 5652 20,
525 5605 577 5640 η.
614 5590 665 5641 6.

1828 5587 1897 5652 (ε)
1940 5591 2092 5650 lbid.,
2124 5608 2175 5644 n.
2217 5594 2266 5646 7.

179 5665 237 5724 (ι)
272 5661 359 5713 Ur.
397 5659 469 5711 42
529 5675 579 5713 u.
615 5658 705 5712 15.

877 5693 906 5793 ἒ
1830 5658 1894 5730 υ)
1933 5659 2022 5714 Or.
2057 5661 2149 5726 29,
2191 5679 2246 5742 ρ.
2287 5665 2370 5719 l7.
