3918 6636
519 333 623 390 103
1488 326 1860 387 ΡΒΛΕΕΛἹΊΟ
1897 325 2066 382 GENE

2345 356 2418 369 -—-
2449 326 2631 384 PARS
2667 327 2758 384 111.
3726 336 3754 386 Ι
3769 336 3856 386 04

518 463 645 527 ope
677 447 972 511 iutricata
1018 447 1404 520 enodantur,
1436 444 1621 524 cujus
1660 445 1907 507 lumine
1966 446 2234 506 obscura
2267 444 2725 519 dilucidantur,
2757 452 2818 508 et
2849 447 3092 510 umbrat
3145 447 3387 527 quibus
3432 452 3847 514 veritatem

520 566 701 610 error
750 549 1051 626 obtegere
1083 547 1435 622 nitebatur,
1477 553 1895 610 evanescunt.
1930 547 2147 624 Ipsum
2182 544 2404 608 audire
2442 546 2648 623 juvat.
2684 566 2714 605 at
2756 547 2843 626 (a)
2896 548 3094 611 Multa
3123 549 3314 611 etiam
3362 549 3483 612 alia
3535 566 3854 627 conge-

518 664 660 712 rere
695 668 975 728 queas...
1008 648 1390 728 Quanquam
1428 658 1645 715 autem
1690 647 2223 726 unumquodque
2251 646 2481 707 borum
2530 645 2858 723 sigillatim
2919 647 3242 726 persequi,
3277 648 3516 728 pioque
3570 668 3881 733 sensu.

520 750 843 829 explicare
898 748 1164 811 minime
1204 749 1467 812 ditiicile.
1498 756 1618 823 est,
1662 756 1853 828 atque
1881 744 2341 810 otl‘endiculum
2391 747 2574 821 illud,
2608 748 2781 826 quod
2819 747 2882 809 in
2914 749 3171 813 Litteris
3221 751 3499 824 exsistit,
3531 770 3844 831 repur-

515 862 668 923 gare
710 854 772 909 et
808 847 1123 921 eximere,
1154 847 1209 909 si
1255 847 1446 909 modo
1479 866 1626 909 vere
1649 846 1954 919 otl‘endis,
1981 865 2052 910 ac
2076 864 2203 909 non
2239 848 2454 923 potius
2491 846 2572 909 de
2624 846 2940 911 industria
2974 867 3236 930 peccas;
3288 858 3357 913 ut
3393 861 3613 916 tamen
3664 871 3843 917 rem

516 948 893 1011 summatim
923 947 1321 1017 contraham,
1358 946 1479 1009 hoc
1513 945 1628 1007 tibi
1660 946 2026 1008 faciendum
2063 954 2184 1019 est,
2207 954 2276 1007 ut
2308 947 2727 1010 sublimiores
2761 966 2950 1017 voces
2981 951 3331 1025 divinitati,
3362 970 3435 1017 ac
3466 962 3845 1034 praestan-

521 1048 667 1112 tiori
704 1048 801 1111 illi
840 1055 902 1112 et
934 1048 1328 1125 incorporea
1380 1051 1643 1117 naturae,
1682 1042 2229 1121 passionibusque
2284 1047 2607 1126 superiori
2663 1049 2977 1113 attribuas
3020 1070 3038 1110 :
3100 1052 3476 1117 humiliores
3528 1063 3840 1128 autem,

514 1150 905 1229 composito,
943 1156 1006 1212 et
1045 1156 1148 1209 tua
1180 1162 1375 1210 causa
1408 1144 1680 1217 inanito,
1718 1153 1915 1224 atque
1958 1144 2368 1208 incarnato...
2424 1155 2494 1210 ut
2524 1154 2595 1210 tu
2632 1148 2931 1237 videlicet
2985 1151 3311 1235 intelligas
3341 1173 3485 1235 qua:
3539 1158 3841 1237 prioris

518 1252 694 1315 illius
738 1259 982 1313 natura;
1012 1246 1095 1310 sit
1128 1248 1317 1318 ratio,
1353 1251 1415 1308 et
1442 1261 1588 1325 qua)
1636 1248 1983 1324 assumptus
2042 1241 2483 1311 humanitatis.
2520 1270 2550 1305 n
3749 1330 3759 1337 ⁴

595 1356 785 1417 Atne
818 1368 1099 1425 errorem
1136 1348 1351 1410 minus
1387 1338 1867 1407 intolerandum
1921 1350 2029 1406 aut
2068 1356 2395 1423 peccatum
2465 1365 2592 1410 non
2662 1356 2785 1412 tam
2854 1352 3480 1431 immanecenseas,
3538 1378 3837 1440 negare

517 1460 684 1522 Filio
722 1452 1147 1522 divinitatem,
1207 1466 1284 1511 ex
1320 1445 1610 1523 Gregorii
1651 1460 1849 1506 sensu
1903 1444 2166 1507 offensa;
2208 1448 2505 1511 atrocitas
2566 1458 2662 1512 est
2702 1455 3065 1518 statuenda.
3110 1478 3140 1512 α
3172 1457 3254 1536 (ὁ)
3308 1461 3537 1523 Deum
3585 1463 3831 1526 ﬁdem

518 1559 832 1638 abrogas?
881 1557 1002 1618 hoc
1035 1569 1113 1616 ne
1147 1549 1476 1627 daemones
1545 1545 1808 1626 quidem
1865 1545 1987 1623 ipsi
2046 1546 2359 1612 fecerunt.
2392 1550 2446 1613 Ο
2494 1551 2893 1616 daemonibus
2944 1556 3365 1634 incredulior,
3422 1569 3481 1625 et
3532 1565 3829 1627 Iudaeis

516 1657 971 1739 insipientior!
1018 1651 1132 1715 Isti
1174 1650 1345 1715 enim
1386 1645 1534 1709 Filii
1601 1662 1837 1707 nomen
1902 1646 2291 1725 mqualitatis
2335 1665 2554 1716 vocem
2612 1668 2757 1717 esse
2807 1654 3198 1721 censebant:
3237 1658 3298 1718 hi
3333 1670 3540 1724 autem
3602 1681 3828 1735 eum,

517 1779 553 1824 a
584 1778 713 1840 quo
752 1758 1165 1837 fugabantur,
1202 1755 1402 1813 Deum
1453 1754 1708 1811 norant.

1828 1846 1911 1905 De
1944 1844 2197 1924 Spiritu
2244 1856 2481 1910 sancto.

595 1964 725 2025 Nec
760 1975 992 2023 minori
1042 1954 1268 2019 ardore
1328 1970 1401 2013 ac
1452 1948 1591 2012 zelo
1644 1945 1926 2024 Spiritus
1981 1947 2185 2009 sancti
2229 1948 2631 2017 divinitatem
2680 1956 2906 2019 astruit
2970 1966 3186 2021 contra
3246 1960 3816 2027 Μδοθάοηίδηοε.

518 2068 824 2146 Spiritum
862 2069 1153 2126 sanctum
1194 2062 1395 2120 Deum
1431 2062 1648 2133 aperte
1682 2052 2045 2123 conﬁtetur,
2081 2070 2213 2132 quo
2249 2061 2533 2134 tempore
2569 2059 2760 2127 etiam
2812 2061 2978 2123 inter
3024 2063 3382 2128 Calholicos
3424 2084 3551 2129 non
3592 2073 3816 2147 pauci

519 2178 722 2243 erant,
756 2168 866 2248 qui
906 2162 1198 2245 quamvis
1246 2159 1521 2237 Spiritus
1564 2157 1763 2218 sancti
1802 2155 2207 2221 divinitatem
2237 2169 2851 2235 agnoscerent,eum
2895 2170 3101 2227 tamen
3130 2167 3332 2230 Deum
3383 2152 3599 2247 aperte
3652 2151 3810 2232 non)

518 2274 836 2344 dicebant,
887 2286 1005 2330 nec
1057 2264 1178 2327 dici
1244 2263 1569 2325 volebant.
1603 2262 1759 2323 Tam
1806 2269 2020 2339 aperta
2062 2263 2514 2340 praedicatione
2552 2282 2678 2328 non
2719 2277 2966 2334 tantum
2999 2271 3382 2334 Arianorum
3442 2282 3504 2335 et
3558 2276 3812 2339 Mace-

517 2372 989 2439 donianorum,
1042 2365 1153 2427 sed
1209 2363 1398 2427 etiam
1462 2360 1923 2422 nonnullorum
1978 2359 2452 2423 Catholicorum
2500 2365 2809 2426 oﬂensam
2866 2367 3174 2443 incurrit,
3228 2371 3387 2431 atteo
3446 2382 3514 2432 ut
3570 2373 3810 2451 ipsius

516 2474 916 2542 adversarios
958 2471 1037 2535 ad
1077 2486 1225 2531 eum
1279 2486 1312 2529 e
1353 2466 1508 2529 sede
1564 2464 2274 2544 ConstantinOpolitana
2334 2466 2829 2543 delurbandum,
2886 2471 3006 2534 hoc
3054 2474 3245 2536 etiam
3301 2476 3592 2538 nonnihil
3646 2499 3810 2543 mo-

518 2581 684 2643 verit
737 2585 799 2639 et
847 2573 1165 2654 adjuverit
1226 2570 1332 2651 (c).
1385 2572 1741 2632 «Fortasse
1803 2568 2065 2647 Spiritus

2253 2572 2513 2633 )etitur:
2549 2594 2577 2628 ι
2599 2583 2758 2647 Ἴσως
2784 2583 2846 2639 τὸ
2878 2583 3107 2655 Πνεῦμα
3139 2584 3423 2656 βάλλεται·
3464 2579 3582 2640 hoc
3643 2595 3751 2644 est
3781 2629 3800 2655 ,

518 2680 737 2762 inquit
800 2678 1058 2748 Billius,
1103 2675 1374 2736 fortasse
1426 2672 1543 2734 hac
1615 2672 1693 2733 de
1756 2687 1945 2733 causa
2000 2687 2335 2753 Oppugnor
2388 2680 2450 2738 et
2499 2676 2808 2752 exagitor,
2851 2678 3000 2758 quia
3057 2677 3330 2756 Spiritus
3382 2680 3622 2755 sancti,
3676 2685 3796 2747 cui

519 2766 760 2847 bcllum
799 2781 909 2842 isti
960 2777 1361 2852 indixerunt,
1396 2775 1797 2837 divinitatem
1860 2792 2078 2837 assero
2112 2784 2172 2837 et
2226 2777 2519 2855 praedico.
2556 2780 2764 2857 Pergit
2799 2780 3146 2859 Gregorius
3178 2804 3194 2844 :
3233 2792 3305 2845 Τὸ
3336 2793 3558 2865 Πνεῦμα
3588 2796 3800 2865 (ἀκού-

520 2897 661 2969 σαθ⁹)
691 2895 767 2961 ὡς
797 2892 950 2957 Θεὸς,
982 2891 1143 2945 πάλιν
1173 2889 1347 2959 λέγωο
1391 2889 1514 2960 ἐμοὶ
1547 2888 1678 2953 Θεὸς
1713 2886 1776 2941 σύ
1801 2904 1814 2918 ·
1851 2890 1947 2943 καὶ
1978 2889 2067 2961 τρί

2245 2889 2320 2955 ιῶ,
2382 2890 2537 2953 Θεός·
2575 2905 2602 2939 ι
2632 2883 2906 2961 Spiritus
2938 2874 3017 2947 ut.
3040 2887 3235 2961 Deus,
3267 2889 3507 2961 audite,
3540 2889 3792 2953 iterum

520 2993 725 3053 dicam
758 3011 773 3049 :
811 2996 876 3050 tu
912 2987 1066 3049 mihi
1105 2988 1301 3058 Deus,
1337 2992 1399 3047 et
1436 2984 1619 3046 tertio
1653 2984 1965 3055 clamabo,
2004 2985 2174 3048 Deus
2217 2993 2336 3057 est,
2366 3009 2394 3042 ιο
2428 2994 2545 3048 etc.
2589 2986 2777 3060 Quod
2826 2987 2891 3047 in
2943 2986 3345 3052 defendenda
3402 2990 3548 3052 Filii
3609 2993 3790 3052 divi-

521 3099 721 3160 nitate
766 3096 1157 3158 Athanasius
1199 3090 1515 3168 prtBSlllit,
1550 3090 1611 3151 id
1662 3089 2015 3169 Gregorius
2059 3090 2128 3150 in
2164 3086 2562 3153 defendenda
2598 3089 2874 3166 Spiritus
2922 3092 3123 3153 sancti
3175 3092 3530 3154 divinitate.
3579 3093 3645 3154 Si
3694 3104 3791 3155 tot

522 3208 584 3263 et
622 3205 821 3261 tantas
857 3212 986 3258 non
1038 3203 1134 3256 est
1182 3199 1483 3270 expertus
1538 3190 2043 3268 persecutiones,
2094 3194 2250 3269 quot
2285 3196 2346 3250 et
2379 3198 2652 3269 quantas
2689 3208 3029 3269 perpessus
3063 3200 3155 3255 est
3191 3191 3602 3264 Athanasius,
3644 3212 3787 3257 non

521 3298 650 3362 nisi
682 3298 743 3358 id
783 3294 1034 3369 accidit,
1067 3293 1217 3374 quia
1251 3289 1501 3353 occasio
1536 3288 1765 3360 defuit,
1805 3303 1936 3349 non
1970 3295 2184 3348 autem
2226 3288 2481 3348 animus
2517 3298 2581 3351 et
2630 3290 2945 3352 voluntas.
2998 3291 3108 3353 Est
3162 3301 3367 3352 tamen
3411 3292 3658 3372 aliquid
3718 3297 3785 3356 in

521 3401 662 3480 ejus
722 3397 1003 3476 scriptis,
1052 3393 1222 3474 quod
1275 3390 1681 3455 mirationem
1742 3388 1914 3453 facit.
1966 3389 2127 3465 Sibi,
2177 3388 2439 3451 nomine
2496 3390 2964 3463 haereticorum,
3018 3390 3263 3469 objicit,
3298 3392 3385 3471 (d)
3440 3394 3784 3469 «Spiritus

521 3502 724 3565 sancti
766 3501 1167 3562 divinitatem
1206 3497 1386 3559 nullo
1425 3495 1767 3573 Scriptura;
1808 3492 1951 3557 loco
1990 3494 2300 3571 proditam
2350 3493 2666 3565 haberi;n
2715 3497 2882 3574 quod
2931 3496 3191 3576 quidem
3245 3496 3475 3560 refellit
3526 3500 3781 3577 duplici

521 3608 808 3681 ratione;
843 3606 1045 3685 primo
1090 3603 1409 3665 afﬁrmans
1442 3598 1515 3681 (ε)
1552 3623 1581 3659 α
1608 3600 1953 3677 Scripturte
2002 3598 2377 3663 testimonio
2418 3597 2763 3661 admodum
2816 3600 3246 3663 confirmatam
3303 3617 3444 3663 esse
3492 3601 3785 3678 Spiritus

519 3705 944 3779 divinitatem,
981 3702 1060 3763 iis
1109 3701 1368 3781 quidem
1421 3705 1616 3772 certe,
1667 3698 1778 3777 qui
1828 3712 1956 3759 non
2000 3696 2194 3757 nimis
2246 3698 2460 3758 stolidi
2511 3705 2572 3759 et
2631 3699 2842 3761 obtusi
2891 3698 3166 3773 fuerint,
3215 3710 3407 3779 atque
3444 3719 3476 3762 a
3527 3702 3781 3779 Spiritu

520 3804 752 3866 aversi.
783 3826 812 3863 ι)
852 3801 1091 3863 Deinde
1140 3800 1279 3876 ipse
1317 3799 1661 3859 innumera
1693 3795 2038 3874 Scriptum
2079 3794 2315 3873 profert
2366 3796 2752 3869 testimonia,
2802 3800 3037 3879 quibus
3082 3802 3443 3863 ostenditur
3494 3802 3783 3881 Spiritus

522 3904 726 3967 sancti
780 3900 1182 3964 divinitatem
1243 3898 1306 3958 in
1379 3893 1727 3970 Scripturis
1793 3892 2107 3971 proditam
2178 3894 2394 3955 haberi
2442 3894 2544 3976 (Γ).
2600 3918 2630 3951 α
2686 3896 2961 3974 Spiritus
3010 3901 3122 3963 Dei
3180 3902 3438 3974 dicitur,
3492 3902 3783 3981 Spiritus

519 4003 783 4076 Christi,
820 4016 1002 4063 mens
1056 3998 1290 4061 Christi
1316 4042 1331 4069 ,
1370 3997 1653 4074 Spiritus
1712 3995 1994 4065 Domini.
2028 4013 2100 4059 ac
2132 3997 2452 4063 Dominus
2492 3998 2656 4075 ipse,
2716 3999 2992 4079 Spiritus
3028 4003 3391 4083 adoptionis
3419 4047 3436 4064 .
3465 4048 3484 4066 .
3511 4050 3527 4066 .
3560 4003 3781 4068 scien-

520 4106 649 4178 tiae,
683 4102 935 4183 pietatis
965 4146 980 4162 .
1010 4148 1025 4166 .
1054 4146 1070 4163 .
1097 4100 1312 4164 omnia
1346 4098 1627 4161 essentia
1665 4115 1778 4159 sua
1813 4097 2118 4173 implens,
2151 4099 2366 4161 omnia
2398 4099 2764 4175 continens,
2788 4123 2817 4159 ι
2853 4108 2971 4164 etc.

600 4207 935 4275 Praeterea,
969 4202 1088 4264 hoc
1118 4202 1306 4264 etiam
1338 4199 1581 4280 posito,
1613 4200 1785 4278 quod
1816 4198 2093 4278 Spiritus
2133 4201 2333 4263 sancti
2392 4200 2697 4263 divinitas
2743 4202 2924 4268 nullo
2969 4204 3308 4284 Scriptum
3340 4205 3479 4267 loco
3521 4206 3771 4285 prodita

524 4310 886 4378 haberetur,
918 4306 1078 4367 illud
1119 4303 1578 4383 impedimento
1611 4318 1755 4366 esse
1786 4318 1915 4364 non
1964 4302 2226 4365 deberet
2270 4305 2621 4382 quominus
2650 4306 2954 4391 Spiritum
3009 4308 3211 4369 Deum
3244 4324 3387 4370 esse
3434 4310 3767 4371 conﬁtere-

524 4429 693 4483 mur,
740 4406 1063 4487 siquidem
1130 4404 1251 4467 alia
1294 4403 1563 4482 plurima
1612 4403 1931 4466 eredimus
1961 4420 2104 4484 qua)
2151 4405 2213 4466 in
2262 4405 2606 4486 Scripturis
2641 4423 2766 4471 non
2800 4415 3129 4488 apparent.
3162 4431 3192 4467 ct
3226 4408 3574 4483 Undenam,
3600 4432 3631 4466 ι
3666 4411 3769 4471 in-

524 4510 666 4593 quit
697 4509 804 4588 (g),
856 4506 1194 4587 alloquens
1224 4506 1686 4579 adversarium,
1721 4528 1747 4559 α
1781 4512 1844 4571 tu
1876 4522 2054 4567 arces
2082 4504 2225 4591 illas
2263 4513 2429 4581 tuas,
2467 4506 2833 4585 Ingenitum
2879 4515 2988 4570 aut
3028 4508 3396 4569 Anarchum
3439 4510 3767 4588 accepisti,

528 4623 638 4678 aut
668 4632 785 4677 nos
833 4615 1022 4675 etiam
1062 4610 1441 4673 immortalis
1472 4612 1735 4673 vocem?
1766 4611 1902 4672 Hoc
1948 4610 2319 4673 nominatim
2355 4616 2415 4673 et
2463 4629 2775 4690 expresse
2808 4612 3098 4684 ostende,
3136 4613 3231 4673 vel
3266 4612 3335 4677 ea
3375 4613 3771 4693 rejiciemus,

524 4718 676 4796 quia
708 4716 774 4777 in
817 4714 1140 4793 Scriptura
1179 4730 1306 4775 non
1348 4718 1625 4782 exstant,
1669 4711 1764 4774 vel
1820 4729 2309 4791 expungemus.
2337 4758 2354 4776 .
2384 4759 2399 4774 .
2429 4759 2444 4774 .
2477 4714 2700 4776 Nonne
2757 4714 3160 4793 perspicuum
3197 4722 3317 4791 est,
3374 4714 3506 4778 haec
3555 4716 3636 4779 de
3685 4716 3772 4777 iis

525 4825 778 4895 sumpta
810 4832 976 4889 esse,
1009 4832 1087 4878 ex
1119 4814 1358 4894 quibus
1391 4812 1805 4891 colliguntur,
1844 4811 2093 4875 tametsi
2129 4812 2393 4875 minime
2423 4813 2816 4876 dicantur?»

604 4922 817 5000 Hujus
886 4920 1327 4999 responsionis
1390 4918 1811 4980 dilucidandm
1866 4932 2084 4991 causa,
2136 4915 2491 4995 Gregorius
2563 4915 3099 4995 comparationem
3155 4917 3459 4980 instituit.
3523 4942 3551 4974 α
3586 4919 3764 4997 Dum,

527 5021 739 5103 inquit
783 5020 892 5100 (h),
921 5040 998 5084 ex
1042 5020 1215 5083 omni
1248 5035 1385 5083 aevo
1418 5018 1702 5081 illustres
1746 5019 2022 5079 vitarum
2074 5017 2463 5081 mutationes
2497 5020 2902 5091 exstiterunt,
2953 5037 3098 5098 qum
3142 5023 3331 5084 etiam
3369 5021 3500 5085 duo
3551 5024 3770 5087 Testa.-

530 5134 767 5200 menta,
808 5133 996 5205 atque
1027 5125 1109 5187 ob
1145 5125 1235 5185 rei
1286 5123 1743 5198 celebritatem,
1778 5129 1961 5185 terrm
1995 5130 2208 5185 motus
2239 5124 2683 5203 appellantur;
2737 5123 2934 5187 altera
2967 5143 3001 5187 a
3050 5127 3539 5190 simulacrorum
3588 5128 3763 5192 cultu

530 5231 605 5291 ad
646 5229 883 5309 legem,
932 5229 1123 5291 altera
1155 5247 1187 5291 a
1226 5229 1368 5307 lege
1402 5229 1478 5290 ad
1512 5228 1960 5307 Evangelium.
1995 5229 2084 5289 Ac
2121 5228 2379 5290 tertium
2443 5228 2631 5291 etiam
2695 5237 2875 5291 terra:
2929 5238 3173 5293 motum
3224 5232 3538 5313 Scriptura
3582 5235 3764 5296 nobis

528 5338 893 5409 annuntiat,
932 5352 1159 5414 nempe
1193 5333 1637 5413 migrationem
1675 5332 1752 5396 ab
1804 5332 1919 5396 hac
1961 5332 2193 5414 vitaad
2244 5332 2504 5397 alteram
2559 5333 2733 5397 illam
2790 5342 3001 5400 motus
3036 5338 3255 5402 omnis.
3297 5351 3361 5403 et
3400 5338 3762 5417 iactationis

631 5594 659 5629 a
717 5574 809 5632 0r.
843 5576 933 5642 20,
962 5594 1017 5632 n.
1050 5576 1137 5633 18.

605 5575 682 5719 ibi
714 5647 808 5719 or.
832 5648 921 5713 δε,
947 5665 999 5719 η.
1028 5649 1113 5702 ts.

2276 5572 2348 5713 fit
2385 5572 2542 5719 ltiti?
2568 5588 2625 5627 “'
2656 5571 2744 5628 ’9'

609 5645 679 5719 (b)
714 5647 808 5701 0r.
832 5648 921 5713 38,
947 5665 999 5702 n.
1028 5649 1113 5702 15.

605 5720 685 5835 tat

2276 5645 2345 5713 (n
2386 5645 2515 5697 Ibid.

2265 5711 2766 5835 at:

609 5782 685 5858 (ά)
709 5784 815 5859 -Or.
850 5786 937 5853 51,
971 5803 1024 5842 n.
1064 5782 1162 5841 21.
1260 5786 1289 5792 ”

1260 5786 1289 5792 -
2265 5782 2344 5856 (Ιι)
2379 5782 2533 5852 tbid.,
2570 5800 2623 5839 η.
2662 5784 2763 5841 25..
