3926 6410
211 336 299 392 {05
1197 336 1564 394 PIUEFATIO
1600 337 2007 394 GENERALIS.
2046 369 2117 379 —-
2154 339 2332 394 PARS
2370 338 2458 395 IH.
3329 340 3431 397 106

209 456 549 526 expertem.
596 448 769 510 Idem
820 465 1005 527 porro
1063 449 1314 511 duobus
1370 453 1796 513 Testamentis
1851 453 2109 515 accidit.
2164 453 2331 526 Quid
2388 453 2587 513 illud?
2644 453 2779 512 Non
2832 459 3117 528 repente,
3185 466 3303 513 nec
3351 451 3432 513 ad

208 549 455 630 primam
518 548 943 625 aggressiouis
992 550 1446 627 impulsionem
1506 559 1892 613 commutata
1951 559 2126 612 sunt.
2162 554 2640 625 Quamobrem?
2679 552 2747 612 ld
2791 552 2959 612 enim
3008 550 3171 611 scire
3220 566 3430 629 Operm

206 646 458 727 pretium
510 654 748 709 estzut
798 665 877 709 ne
916 648 974 708 vi
1040 650 1595 727 pertraheremur,
1646 653 1756 713 sed
1813 655 2239 731 persuasione
2282 654 2763 715 adduceremur.
2823 652 3009 724 Quod
3071 649 3241 713 enim
3305 668 3431 715 vo“

204 749 537 810 luntarium
586 766 714 809 non
754 752 873 821 est,
922 765 1000 809 ne
1039 749 1417 811 diuturnum
1470 750 1729 827 quidem
1774 759 1911 814 est.
1943 797 1957 813 .
1988 798 2001 812 .
2033 797 2048 814 .
2106 753 2270 827 Ergo
2334 754 2533 829 prima
2583 751 2682 811 lex
2741 752 3009 813 sublatis
3065 753 3427 815 simulacris

202 851 491 912 sacriﬁcia
535 852 846 928 permisit.
911 852 1202 914 Secunda
1254 853 1569 914 submotis
1623 854 1971 928 sacriﬁciis,
2020 856 2572 917 circumcisionem
2638 854 2900 916 minime
2952 856 3297 933 prohibuit.
3336 860 3426 917 Ae

201 959 432 1030 postea,
467 958 540 1011 ut
587 952 783 1014 semel
834 953 1117 1014 subtrahi
1168 954 1289 1015 sibi
1324 953 1566 1033 aliquid
1597 970 1779 1033 aequo
1829 957 2043 1017 animo
2091 958 2375 1017 tulerunt
2430 956 2747 1028 homines,
2804 957 2993 1017 rebus
3054 957 3238 1018 etiam
3297 958 3424 1019 sibi

198 1055 534 1127 concessis,
581 1060 700 1117 hoc
744 1065 877 1129 est,
926 1058 1018 1117 illi
1079 1058 1435 1131 sacriﬁciis,
1486 1058 1551 1117 bi
1604 1058 2087 1121 circumcisione
2134 1060 2617 1133 abstinuerunt;
2666 1068 2858 1137 atque
2911 1068 2981 1120 ut
3018 1078 3093 1120 ex
3145 1060 3421 1121 ethnicis

198 1154 412 1227 Judaei,
454 1155 535 1216 ita
586 1173 660 1217 ex
701 1157 941 1218 Iudaeis
984 1156 1327 1219 Christiani
1366 1157 1509 1218 facti
1564 1164 1737 1228 sunt,
1792 1175 1905 1235 per
1966 1160 2353 1219 mutationes
2392 1159 2573 1237 quasi
2614 1159 2829 1219 furtim
2880 1160 2951 1219 ad
3003 1161 3414 1238 Evangelium

187 1257 387 1318 allecti
427 1257 510 1337 (α)
541 1306 555 1322 .
591 1302 608 1320 .
636 1303 650 1319 .
681 1304 697 1319 .
736 1260 907 1321 Huic
943 1264 1237 1338 exemplo
1294 1259 1653 1341 divinitatis
1707 1259 1986 1319 doctrina
2028 1258 2372 1335 comparari
2428 1265 2654 1336 potest,
2711 1258 2836 1318 nisi
2891 1261 3065 1336 quod
3101 1262 3415 1321 contrario

195 1362 369 1423 modo
403 1382 503 1425 res
543 1365 857 1441 procedit.
886 1411 901 1426 .
933 1411 949 1426 .
979 1409 993 1425 .
1033 1364 1133 1425 Sic
1170 1362 1340 1426 enim
1374 1381 1443 1425 se
1499 1381 1596 1424 res
1647 1362 1829 1423 habet
1866 1384 1880 1421 :
1917 1364 2118 1422 Vetus
2160 1364 2635 1423 Testamentum
2690 1362 2936 1421 Patrem
2993 1368 3207 1437 aperte
3260 1380 3417 1440 prm-

191 1467 447 1539 dicabat,
496 1468 729 1529 Filium
781 1469 1136 1529 obscurius.
1189 1468 1440 1528 Novum
1501 1477 1713 1528 autem
1766 1466 1949 1527 nobis
1987 1466 2222 1527 Filium
2282 1466 2617 1543 perspicue
2667 1465 2978 1538 ostendit,
3028 1474 3088 1527 et
3140 1466 3412 1544 Spiritus

190 1568 579 1630 divinitatem
622 1570 1016 1632 subobscure
1067 1570 1547 1649 quodammodo
1597 1569 1923 1630 indicavit.
1960 1570 2143 1629 Nunc
2181 1584 2328 1628 vero
2387 1568 2659 1646 Spiritus
2713 1568 2847 1641 ipse
2894 1569 3229 1629 nobiscum
3277 1587 3416 1629 ver-

189 1675 373 1741 satur,
408 1686 678 1749 seseque
730 1671 913 1733 nobis
946 1672 1227 1751 apertius
1270 1672 1566 1733 declarat.
1600 1668 1827 1748 Neque
1872 1670 2040 1730 enim
2075 1679 2279 1730 tutum
2315 1678 2466 1741 erat,
2500 1671 2701 1731 Patris
2735 1671 3073 1761 divinitate
3109 1674 3398 1732 nondum

187 1767 489 1843 confessa,
523 1770 753 1831 Filium
790 1780 1002 1849 aperte
1056 1771 1420 1850 praedicari;
1460 1790 1598 1846 nec,
1648 1771 1804 1831 Filii
1846 1772 2182 1833 divinitate
2239 1772 2518 1833 nondum
2561 1772 2857 1842 admissa,
2906 1772 3210 1849 Spiritum
3268 1789 3416 1833 san-

186 1877 368 1943 ctum,
415 1871 585 1934 velut
624 1875 976 1951 graviorem
1033 1876 1368 1954 quamdam
1400 1920 1416 1949 ,
1474 1876 1524 1935 si
1582 1876 1662 1934 ita
1726 1875 1897 1953 loqui
1936 1875 2028 1935 fas
2070 1884 2202 1948 est,
2252 1876 2558 1938 sarcinam
2597 1876 2783 1937 nobis
2834 1875 3076 1953 ingeri.
3104 1920 3119 1936 .
3149 1917 3163 1933 .
3194 1917 3209 1932 .
3240 1874 3414 1947 Quin

188 1976 377 2037 tacitis
432 1977 641 2054 potius
675 1979 1180 2053 accessionibus,
1241 1988 1344 2052 et,
1406 1988 1471 2041 ut
1526 1979 1731 2040 David
1792 1979 2101 2056 loquitur,
2164 1981 2670 2054 ascensionibus,
2729 1988 2919 2059 atque
2960 1998 3037 2040 ex
3084 1979 3283 2057 gloria
3342 1978 3411 2040 in

185 2078 435 2154 gloriam
492 2081 1043 2159 progressionibus
1088 2090 1147 2142 et
1202 2082 1650 2155 incrementis,
1684 2080 2017 2141 Trinitatis
2058 2082 2271 2142 lumen
2324 2082 2869 2161 splendidioribus
2926 2081 3220 2143 illuceret
3248 2127 3262 2142 .
3298 2126 3310 2139 .
3344 2127 3360 2143 .
3389 2128 3403 2141 .

183 2180 334 2253 Quin
366 2182 553 2243 etiam
588 2185 663 2244 ab
698 2184 837 2261 ipso
868 2184 1019 2245 Jesu
1053 2184 1354 2261 paulatim
1383 2182 1843 2245 declaratur....
1897 2206 1924 2238 α
1977 2183 2237 2259 Rogabo
2290 2185 2458 2245 enim
2507 2185 2780 2256 Patrem,
2820 2183 3055 2263 inquit,
3093 2191 3155 2245 et
3212 2182 3406 2243 alium

182 2285 554 2346 Paracletum
591 2286 791 2346 mittet
818 2287 1018 2361 vobis,
1052 2287 1351 2364 Spiritum
1392 2287 1674 2348 veritatis
1708 2294 1821 2345 ³ο.»
1848 2333 1863 2347 .
1893 2332 1908 2347 .
1942 2332 1957 2347 .
1989 2286 2271 2348 Habebat
2311 2287 2597 2366 qumdam
2632 2287 2932 2357 Salvator,
2966 2302 3108 2365 quae
3142 2303 3174 2345 a
3221 2284 3410 2345 disci—

182 2386 362 2465 pulis,
405 2386 553 2449 licet
586 2387 824 2465 alioqui
863 2389 1201 2467 multiplici
1251 2389 1542 2451 doctrina
1576 2389 2023 2467 implerentur,
2060 2396 2209 2449 tunc
2254 2398 2459 2449 tamen
2519 2389 2745 2465 portari
2784 2403 2967 2465 posse
3004 2387 3291 2465 negabat,
3325 2385 3406 2444 ob

182 2505 272 2549 eas
304 2487 615 2560 forsitan,
660 2506 820 2567 quas
880 2491 1087 2561 attuli,
1151 2507 1409 2563 causas,
1458 2498 1648 2569 atque
1708 2491 1948 2552 idcirco
2003 2508 2071 2551 ea
2112 2490 2265 2567 ipsis
2315 2490 2688 2552 occultabat.
2746 2491 2833 2551 Ac
2878 2506 3100 2549 rursus
3158 2488 3407 2548 dicebat

178 2586 318 2658 fore,
364 2595 428 2649 ut
478 2589 555 2649 ab
590 2578 970 2651 adveniente
1008 2590 1244 2668 Spiritu
1284 2591 1501 2652 omnia
1561 2590 2011 2651 edocerentur.
2068 2588 2233 2665 Ergo
2281 2606 2478 2649 unum
2533 2607 2610 2648 ex
2664 2606 2881 2650 eorum
2944 2604 3211 2649 numero
3264 2604 3405 2649 esse

182 2701 422 2758 censeo,
475 2685 671 2763 ipsam
724 2688 996 2765 Spiritus
1042 2689 1240 2750 sancti
1304 2690 1633 2760 deitatem,
1678 2689 1742 2750 in
1804 2698 2131 2768 posterum
2182 2689 2463 2765 apertius
2508 2687 2985 2762 declarandam,
3032 2695 3166 2748 tum
3231 2689 3407 2748 vide-

180 2783 339 2859 licet,
403 2804 547 2847 cum
610 2788 737 2867 jam
806 2795 950 2868 post
1009 2790 1362 2850 Salvatoris
1430 2790 1495 2849 in
1561 2790 1881 2868 integrum
1964 2789 2477 2859 restitutionem,
2545 2795 2787 2849 matura
2843 2794 2903 2848 et
2971 2785 3406 2865 perceptibilis

181 2894 322 2946 esset
382 2887 589 2965 ipsius
634 2890 935 2967 cognitio,
994 2896 1207 2968 utpote
1252 2890 1357 2951 cui
1410 2890 1491 2950 ob
1550 2898 1672 2950 tam
1729 2890 1984 2967 insigne
2042 2888 2418 2950 miraculum
2483 2887 2639 2948 fides
2699 2904 2822 2947 non
2881 2888 3007 2965 jam
3063 2888 3405 2963 abrogare-

182 2996 262 3046 tur
316 2987 429 3067 (ὁ).
455 3012 483 3043 υ

242 3089 324 3147 Ex
391 3089 834 3167 superioribus
883 3088 1169 3167 Gregorii
1221 3091 1432 3150 verbis
1479 3092 1557 3151 de
1617 3090 1760 3150 Filii
1811 3090 2147 3151 divinitate
2205 3090 2472 3150 obscure
2529 3089 2589 3147 in
2652 3088 2900 3160 Veteri,
2958 3088 3288 3165 perspicue
3338 3089 3402 3149 in

180 3188 333 3251 Novo
378 3192 787 3251 Testamento
826 3191 1106 3266 cognita;
1152 3190 1303 3251 item
1343 3192 1419 3251 de
1452 3190 1694 3268 Spiritu
1747 3190 2142 3251 subobscure
2181 3198 2420 3251 tantum
2456 3190 2519 3249 in
2555 3190 2731 3249 Novo
2760 3189 3167 3250 Testamento
3206 3190 3404 3267 signi-

190 3292 355 3353 ﬁcato
392 3315 407 3351 :
445 3309 519 3352 ex
560 3289 687 3363 bis,
726 3291 1020 3369 inquam,
1078 3292 1311 3363 verbis,
1348 3291 1407 3351 id
1466 3291 1759 3369 sequitur
1808 3299 2050 3352 tantum
2101 3298 2159 3352 et
2214 3291 2667 3369 colligendum,
2720 3298 2941 3367 praeter
2989 3291 3401 3367 Scriptura-m,

182 3391 578 3451 traditionem
634 3408 761 3453 non
795 3393 1091 3470 scriptam
1130 3393 1328 3454 fuisse
1378 3394 1828 3464 necessariam,
1864 3395 2045 3471 cujus
2078 3412 2195 3472 Ope
2243 3394 2385 3454 Filii
2418 3411 2487 3454 ac
2527 3392 2798 3470 Spiritus
2850 3394 3051 3454 sancti
3101 3394 3402 3455 divinitas

181 3490 233 3548 in
277 3490 743 3567 Scripturarum
823 3492 1206 3554 testimoniis
1269 3493 1664 3555 subobscure
1743 3510 2083 3570 expressa,
2144 3493 2479 3571 perspicue
2545 3501 2605 3553 et
2661 3498 2875 3570 aperte
2949 3491 3397 3554 declararetur.

174 3592 335 3666 Quod
381 3593 641 3672 quidem
678 3594 829 3656 alibi
870 3594 946 3676 (c)
1002 3595 1350 3674 Gregorius
1395 3596 1574 3658 docet
1630 3598 2000 3675 expressius
2040 3620 2055 3657 :
2097 3620 2126 3653 α
2154 3596 2524 3660 Prteclarum
2565 3595 2950 3675 depositum,
2998 3598 3167 3677 quod
3206 3616 3238 3659 a
3296 3617 3403 3676 pa-

178 3697 363 3759 tribus
412 3698 647 3758 nostris
704 3699 1092 3776 accepimus,
1140 3700 1611 3773 custodientes;
1650 3702 1919 3773 Patrem,
1955 3710 2015 3761 et
2050 3701 2309 3772 Filium,
2343 3710 2403 3763 et
2439 3700 2745 3775 Spiritum
2792 3708 3081 3763 sanctum
3131 3704 3401 3765 adoran-

178 3805 289 3870 tes;
320 3797 390 3859 in
436 3786 602 3860 Filio
650 3799 923 3870 Patrem,
959 3799 1022 3858 in
1055 3799 1294 3877 Spiritu
1329 3798 1566 3859 Filium
1619 3808 2103 3877 cognoscentes,
2140 3800 2205 3861 in
2244 3816 2519 3878 quorum
2570 3799 2829 3862 nomine
2884 3801 3181 3879 baptismi
3235 3820 3397 3883 aqua

175 3899 333 3961 tincti
369 3916 674 3961 sumus.»
719 3900 796 3959 Et
844 3916 936 3961 or.
968 3919 1132 3959 xxx:
1176 3902 1267 3979 (n.
1304 3901 1403 3979 21)
1438 3923 1451 3961 :
1493 3924 1517 3956 ii
1546 3899 1900 3962 Identidem
1937 3902 2303 3980 saepiusque
2348 3900 2631 3963 inculcas
2674 3900 2947 3979 Spiritus
2988 3901 3189 3963 sancti
3231 3903 3397 3965 divi-

180 4004 421 4065 nitatem
479 4002 659 4064 nullo
700 4002 1034 4080 Scripturae
1071 4003 1205 4064 loco
1246 4002 1557 4082 proditam
1597 4002 1837 4065 haberi.
1874 4004 2219 4066 Enimvero
2269 4003 2438 4082 quod
2488 4019 2606 4065 nec
2643 4020 2846 4065 novus
2883 4020 2952 4064 ac
2993 4004 3393 4081 peregrinus,

176 4119 275 4164 nec
312 4103 798 4165 introductitius
824 4103 961 4182 ipse
1000 4104 1106 4178 sit,
1142 4122 1360 4165 verum
1392 4112 1453 4166 et
1488 4123 1521 4166 a
1569 4104 1822 4183 priscis,
1856 4112 1915 4166 et
1952 4104 2143 4181 hujus
2185 4103 2385 4163 aetatis
2423 4100 2793 4163 hominibus
2819 4101 3071 4179 agnitus
3111 4106 3173 4161 et
3225 4108 3397 4179 pate-

175 4203 381 4279 factus,
437 4222 805 4283 quanquam
838 4224 869 4267 a
912 4207 1201 4285 pluribus
1252 4209 1379 4287 jam
1427 4216 1761 4271 ostensum
1831 4216 1958 4282 est,
2014 4208 2124 4288 qui
2169 4208 2247 4269 de
2285 4206 2399 4269 hac
2447 4224 2514 4269 re
2547 4206 3032 4281 ﬁdisseruerunt,
3087 4212 3277 4284 atque
3325 4206 3394 4265 in

176 4305 393 4366 divinis
440 4306 790 4384 Scripturis
841 4324 956 4368 nec
1008 4308 1258 4385 ignave,
1304 4326 1418 4370 nec
1467 4308 1897 4386 perfunctorie
1952 4308 2181 4371 versati
2240 4315 2421 4379 sunt,
2486 4308 2595 4369 sed
2632 4306 2903 4367 litteram
2962 4315 3388 4382 penetrantes,

175 4414 343 4482 atque
387 4406 557 4467 intro
607 4405 1099 4484 prospicientes,
1157 4409 1540 4469 reconditam
1585 4406 2123 4484 pulchritudinem
2172 4408 2391 4470 divino
2447 4407 2756 4469 beneﬁcio
2809 4405 3126 4475 viderunt,
3183 4403 3392 4465 scien-

176 4508 390 4585 tiaeque
440 4508 585 4569 luce
643 4509 996 4570 collustrati
1039 4516 1256 4581 sunt,»
1310 4520 1427 4571 etc.
1482 4509 1636 4582 Quae
1682 4516 1850 4571 certe
1909 4510 2279 4570 cnnﬁrmant
2323 4510 2748 4571 necessariam
2788 4522 2926 4567 esse
2980 4504 3386 4565 traditionem

177 4613 235 4665 ut
260 4606 590 4686 Scriptura)
626 4606 1086 4685 intelligantur,
1123 4608 1396 4687 ﬁdeique
1428 4609 1721 4688 dogmata
1753 4610 2133 4673 deﬁniantur
2162 4610 2237 4671 ab
2272 4608 2575 4679 Ecclesia,
2610 4623 2805 4685 penes
2837 4622 3025 4683 quam
3050 4612 3157 4665 est
3194 4604 3388 4681 depo-

174 4707 349 4770 situm
384 4711 579 4782 istud,
613 4710 783 4790 quod
816 4720 1144 4789 acceptum
1180 4712 1254 4772 ab
1289 4712 1596 4788 apostolis
1628 4718 1837 4773 servat
1870 4718 1931 4772 et
1964 4727 2216 4787 semper
2263 4708 2558 4769 servabit.

238 4808 297 4870 Si
350 4811 640 4890 quaedam
694 4823 867 4889 sunt,
901 4830 1041 4892 quae
1076 4814 1232 4873 mira
1286 4812 1484 4872 videri
1523 4812 1804 4889 possint,
1853 4812 2017 4873 dicta
2046 4828 2081 4873 a
2109 4809 2416 4886 Gregorio
2448 4808 2525 4869 ad
2581 4804 3041 4867 defendendam
3107 4802 3382 4881 Spiritus

174 4909 349 4969 sancti
391 4911 830 4985 divinitatem;
872 4914 1098 4974 mirum
1137 4912 1343 4973 adhuc
1384 4911 1583 4989 magis
1615 4911 1789 4991 quod
1826 4913 1933 4985 ait,
1971 4920 2125 4973 tunc
2176 4907 2481 4986 temporis
2532 4904 2878 4967 nonnullos
2934 4903 3160 4974 fuisse,
3193 4899 3381 4961 etiam

173 5023 237 5067 ex
266 5010 624 5087 Catholicis,
658 5014 768 5093 qui
805 5014 1095 5095 quamvis
1129 5014 1431 5093 Spiritum
1464 5020 1753 5075 sanctum
1785 5012 2093 5090 aequalem
2127 5008 2291 5070 Patri
2325 5018 2385 5069 et
2418 5006 2611 5080 Filio,
2642 5002 3384 5078 consubstantialemque

173 5112 507 5188 crederent,
544 5114 756 5194 ipsum
809 5122 1016 5177 tamen
1058 5117 1261 5176 Deum
1307 5115 1624 5194 appellare
1668 5114 1911 5177 nollent
1944 5134 1958 5172 :
1991 5114 2165 5191 quod
2217 5128 2409 5191 quam
2468 5110 2813 5171 absurdum
2848 5110 2953 5181 sit,
3008 5120 3195 5169 nemo
3254 5116 3380 5163 non

174 5205 491 5289 intelligit;
531 5230 651 5276 nec
697 5220 907 5275 tamen
949 5214 1013 5274 in
1063 5213 1330 5275 dubium
1379 5214 1667 5277 revocari
1719 5222 1965 5292 potest,
2018 5230 2162 5275 cum
2223 5220 2347 5272 tam
2409 5212 2641 5272 diserte
2686 5218 2925 5272 asserat
2974 5226 3045 5271 ac
3096 5206 3283 5281 dicat,
3315 5223 3383 5267 se

172 5303 357 5370 libere
388 5310 760 5388 praedicante
795 5310 1415 5393 Spiritumsanctum
1462 5314 1665 5375 Deum
1703 5329 1871 5386 esse,
1905 5319 2282 5373 commotam
2326 5310 2529 5374 fuisse
2560 5320 2811 5372 terram.

230 5493 271 5525 ³⁸
306 5493 463 5551 Joan.
502 5512 612 5562 xxv,
641 5496 729 5552 16.

233 5683 309 5750 (α)
346 5682 440 5738 0r.
469 5681 557 5745 31,
592 5698 648 5736 ιι.
677 5680 765 5751 2-6.

1895 5680 1961 5751 (ι’)
1998 5680 2087 5735 0r.
2120 5679 2170 5744 6,
2210 5697 2261 5733 tt.
2303 5678 2390 5732 22.

236 5744 305 5821 to)
336 5754 486 5815 lbid.,
518 5744 572 5806 η.
603 5744 721 5806 273

440 5847 701 5908 Ρλτιιοι.
761 5844 877 5907 Gn.
915 5845 1179 5906 XXXV.

3062 5846 3097 5898 ίι
