3926 6410
475 331 572 389 167
1484 328 1853 387 ΡΒᾹΞΕΑΤῙΟ
1893 332 2025 387 GEN

2160 331 2302 386 tLIS~
2338 358 2408 371 —-
2432 330 2627 387 .PARS
2665 330 2753 393 lll.i
3616 325 3710 387 ιω

649 447 814 502 οὐδὲν
840 447 947 519 γὰρ
975 446 1146 519 obrui;
1174 443 1368 498 οὔποτε

2327 444 2400 519 ig)
2432 443 2577 498 Nihil
2606 443 2747 498 enim
2776 449 2855 519 sic
2883 453 3116 511 unquam

661 518 818 588 Ὀλὴν
848 512 1023 570 Esaias
1056 515 1157 586 γὴν
1199 587 1205 588 7
1239 587 1244 588 γ
1337 583 1347 588 Α

2327 512 2514 588 Totam
2537 512 2826 568 commovit
2843 519 3078 588 “terram,

655 590 741 669 :0;
754 579 1078 669 ῃχεύματοξ
1108 579 1384 657 infirmata
2330 582 2674 669 ytIIibe'r‘tas,
2700 579 3077 669 qua_Spir-ittis

647 651 795 712 Θεοῦν
812 651 1103 727 βοώμένου.
1186 651 1232 656 ”
1277 651 1287 657 ⁷
1370 723 1385 727 _
1434 724 1454 727 _

2332 654 2510 727 Palatii
2535 651 3010 727 Deusprzedicatur
3034 668 3047 727 ς

650 730 714 782 Ὀ
741 718 833 780 καὶ
868 718 1142 797 προσάντη
1177 741 1287 788 τοις
1311 723 1484 793 ψιλοῖς

2333 718 2814 797 Quodetinvisum
2841 733 2927 774 me
2950 718 3134 773 amicis

650 792 922 859 TéOetxav,
954 792 1192 865 οἴδαμεν.
1326 792 1331 793 ⁷

1326 792 1331 793 7
2334 792 2541 858 Effecit,
2569 792 2620 846 id
2650 792 2875 845 scimus.

472 912 627 984 Quae
662 921 863 972 tamen
903 909 1087 970 verba
1123 908 1215 970 sic
1253 906 1617 987 accipienda
1667 925 1807 971 esse
1851 906 2147 981 arbitror,
2182 914 2251 968 ut
2284 905 2364 967 iis
2409 902 2769 981 signiﬁcare
2803 902 3077 965 voluerit
3126 901 3484 966 mirabilem
3544 906 3704 969 Con-

474 1014 889 1093 stantinOpoli
944 1013 1365 1073 mutationem
1418 1012 1645 1073 factam
1678 1056 1695 1086 ,
1744 1028 1888 1072 cum
1942 1010 2005 1071 in
2068 1027 2143 1072 ea
2200 1010 2394 1081 urbe,
2439 1022 2583 1084 quas
2641 1003 3011 1083 metr0p0lis
3063 1010 3124 1065 et
3162 1006 3706 1083 prepugnaculum

478 1122 614 1175 erat
645 1092 1274 1181 Macedonianorum,
1324 1110 1598 1171 Soiritus
1632 1110 1830 1171 sancti
1877 1108 2183 1170 divinitas
2216 1107 2423 1187 ipsius
2452 1104 2743 1185 Gregorii
2770 1120 2987 1183 .opera
3038 1103 3477 1182 singularique
3511 1092 3707 1168 animi

471 1217 845 1283 fortitudine
879 1216 1208 1292 praedicata
1242 1222 1337 1274 est
2158 1226 2161 1233 '

556 1321 776 1382 Inanis
834 1324 1047 1381 autem
1088 1315 1197 1376 ille
1235 1314 1615 1401 scrupulus,
1657 1315 1734 1376 de
1766 1312 2216 1393 praedicatione
2275 1311 2552 1390 Spiritus
2602 1308 2804 1372 sancti
2853 1306 3244 1379 divinitatis,
3290 1321 3419 1367 non
3462 1304 3591 1368 nisi
3640 1306 3704 1368 in

472 1423 857 1502 quibusdam
896 1417 1182 1481 Orientis
1245 1418 1536 1497 partibus
1575 1424 1900 1496 grassatus
1948 1424 2070 1488 est,
2102 1416 2378 1478 maxime
2414 1413 2753 1486 Caesarea);
2790 1412 2878 1473 ita
2910 1418 2978 1473 ut
3010 1408 3197 1471 etiam
3228 1407 3532 1482 Basilius,
3565 1418 3707 1470 cum

475 1524 859 1587 firmissimis
895 1515 1295 1599 argumentis
1360 1514 1635 1591 Spiritus
1663 1513 1866 1575 sancti
1926 1512 2325 1575 divinitatem
2386 1512 2876 1582 demonstraret,
2935 1524 3079 1570 eum
3133 1523 3276 1567 esse
3315 1507 3521 1567 Deum
3581 1520 3708 1566 non

472 1634 691 1706 aperte
717 1625 1103 1704 praedicaret,
1147 1635 1226 1680 ne
1273 1616 1525 1678 animos
1581 1615 1898 1687 eﬁ‘eraret,
1930 1631 2007 1675 ne
2041 1613 2226 1674 novis
2280 1612 2595 1682 dissidiis,
2659 1611 2980 1688 novisque
3015 1604 3462 1669 vexationibus
3493 1622 3711 1667 ansam

473 1724 808 1802 prmberet.
850 1723 1022 1804 quod
1058 1721 1196 1783 fuse
1227 1717 1642 1799 prosequitur
1672 1717 2018 1795 Gregorius
2051 1717 2341 1779 oratione
2376 1732 2565 1796 quam
2607 1713 2830 1777 habuit
2856 1713 2919 1773 in
2946 1710 3196 1773 laudem
3232 1710 3445 1771 Basilii
3485 1709 3567 1788 (b)
3597 1726 3613 1769 :
3647 1713 3711 1772 in

472 1828 817 1890 Occidente
853 1843 999 1889 vero
1031 1842 1363 1904 nunquam
1396 1845 1412 1899 ;
1451 1836 1641 1884 nemo
1674 1821 1846 1883 enim
1897 1820 2031 1882 illic
2060 1819 2364 1899 Spiritum
2398 1825 2688 1883 sanctum
2723 1820 2929 1880 Deum
2988 1814 3201 1877 dicere
3255 1822 3318 1875 et
3376 1813 3713 1892 praedicare

473 1928 812 1991 dubitavit.
1820 1934 1821 1937 “

540 2032 860 2107 τουθωνὶς
891 2050 968 2095 ue
997 2031 1404 2112 processione
1447 2029 1722 2107 Spiritus
1756 2045 1884 2089 non
1932 2035 2071 2107 agat
2099 2029 2471 2107 Gregorius,
2530 2045 2710 2107 ptura
2762 2043 2973 2089 tamen
3006 2027 3069 2087 in
3106 2025 3246 2105 ejus
3276 2025 3530 2106 scriptis
3566 2033 3714 2087 sunt

468 2136 637 2210 ioca,
672 2154 747 2196 ex
779 2135 1019 2214 quibus
1056 2134 1370 2215 conjicere
1395 2133 1564 2209 licet,
1601 2149 1749 2194 eum
1781 2149 1815 2192 a
1851 2133 2033 2194 Patre
2068 2140 2127 2193 et
2161 2151 2192 2192 a
2225 2116 2393 2195 'Filio
2424 2133 2731 2232 Spiritum
2758 2138 3045 2193 sanctum
3086 2131 3425 2209 procedere
3454 2128 3719 2193 arbitra-

475 2247 608 2299 tum
667 2236 892 2309 fuisse,
952 2244 1022 2299 ut
1072 2237 1191 2298 ista
1244 2235 1369 2316 (c):
1412 2234 1856 2307 Προσκυνοῦντες
1885 2235 2025 2290 Πατέ

2164 2238 2210 2288 ἒν
2251 2235 2385 2309 Υἱῷ,
2412 2229 2506 2291 κάι
2537 2236 2666 2290 Υἱὸν
2686 2237 2743 2291 ὲν
2775 2235 2915 2306 ἁγίῳ
2938 2229 3247 2301 Πνεύματιθ
3297 2253 3328 2288 α
3360 2232 3714 2295 Adorantes

472 2341 715 2403 Patrem
749 2341 815 2401 in
852 2342 1040 2414 Filio,
1076 2350 1138 2404 et
1170 2342 1402 2405 Filium
1437 2345 1505 2405 in
1531 2353 1750 2409 sancto
1784 2345 2049 2425 Spiritu.
2078 2370 2105 2402 ρ
2130 2345 2379 2419 Quibus
2418 2345 2627 2408 verbis
2710 2342 2784 2437 id.
2834 2348 3215 2424 supponitur
3297 2338 3711 2421 quemadmo-

474 2441 624 2504 dum
656 2441 855 2503 Filius
900 2442 1320 2509 substantiam
1352 2465 1530 2512 suam
1564 2467 1601 2514 a
1638 2453 1821 2513 Patre
1848 2452 2063 2526 trahit,
2096 2453 2190 2514 sic
2219 2469 2400 2513 suam
2433 2470 2467 2514 a
2499 2448 2661 2513 Filio
2693 2451 2968 2531 Spiritus
3000 2459 3281 2514 sanctus.

1810 2605 1894 2664 De
1928 2604 2393 2669 Incarnal'ione.

545 2716 1017 2783 Incarnationis
1050 2743 1174 2789 non
1204 2730 1416 2794 minus
1450 2741 1740 2798 accurate
1771 2740 1961 2814 quam
1993 2734 2326 2796 Trinitatis
2390 2732 2769 2815 mysterium
2833 2731 3109 2811 explicat
3140 2722 3514 2805 Gregorius.
3552 2720 3701 2781 Tam

476 2822 645 2885 enim
676 2823 951 2902 diligens
976 2837 1034 2890 et
1064 2846 1394 2899 accuratus
1430 2840 1495 2900 in
1534 2858 1610 2902 eo
1642 2840 2046 2919 exponendo,
2076 2847 2146 2901 ut
2178 2858 2253 2903 ex
2287 2841 2595 2904 immensa
2629 2840 2732 2906 illa
2771 2839 3085 2902 haeresum
3119 2834 3282 2899 circa
3318 2826 3711 2893 Incarnatio-

476 2940 623 2985 nem
656 2922 942 2995 cohorte.
974 2947 1118 3008 quae
1152 2938 1335 2999 terris
1371 2938 1689 3013 incubuit,
1717 2941 1893 3002 nulla
1925 2941 2008 3001 sit
2039 2959 2226 3022 quam
2278 2941 2520 3004 calamo
2552 2958 2681 3002 non
2756 2937 3111 3008 conﬁxerit,
3144 2939 3319 2997 natas
3374 2926 3609 3007 pariter
3656 2930 3716 2985 et

478 3026 857 3091 nascituras.
891 3031 1417 3100 Nestorianorum
1452 3042 1649 3115 enim,
1686 3042 2234 3122 Eutychianorum
2275 3050 2335 3105 et
2371 3040 2938 3103 Monothelitarum
2974 3034 3166 3113 impia
3216 3032 3535 3119 dogmata,
3573 3039 3716 3105 qua

473 3128 753 3191 necdum
790 3140 1154 3208 eruperant,
1190 3140 1523 3216 convellit,
1554 3143 1878 3221 Oppositus
1909 3143 2009 3205 his
2040 3145 2445 3223 dogmatibus
2477 3142 2773 3204 veritates
2806 3139 3181 3219 praedicans.
3218 3133 3308 3196 Ac
3332 3131 3535 3210 primo
3575 3126 3720 3207 qui-

476 3230 623 3290 dem
658 3245 781 3289 non
815 3229 999 3291 aliam
1028 3238 1314 3308 agnoscit
1335 3239 1800 3303 lncarnationis
1824 3261 2076 3306 causam
2098 3244 2209 3324 (d),
2232 3261 2418 3321 quam
2446 3242 2708 3305 humani
2742 3239 2998 3320 generis
3022 3232 3591 3298 restaurationem:
3618 3224 3716 3287 Τίς

472 3326 529 3382 δὲ
554 3328 652 3399 τῆς
682 3328 1126 3401 ἀνθρωπότητος,
1161 3334 1226 3404 ἢν
1257 3335 1324 3388 δι’
1354 3338 1503 3407 ἡμᾶς
1530 3337 1736 3411 ὑπέστη
1759 3341 1910 3405 Θεὸς,
1944 3339 2129 3408 αἰτίας
2162 3341 2233 3394 Τὸ
2274 3343 2514 3413 σωθῆναι
2544 3344 2761 3405 πάντως
2788 3341 2953 3411 ἡμᾶς’
2984 3337 3037 3390 τί
3067 3336 3175 3408 γὰρ
3196 3335 3284 3387 ἓτε
3298 3345 3422 3403 ρον;
3513 3329 3713 3388 Docet

472 3430 754 3492 Verbum
788 3429 1011 3491 animm
1045 3433 1329 3507 proxime
1360 3436 1611 3497 unitum
1645 3435 1847 3500 fuisse
1882 3439 1980 3517 (ε),

2185 3441 2369 3519 iaque
2396 3441 2604 3501 anima
2636 3438 2883 3516 corpori
2918 3454 2934 3494 :
2973 3433 3071 3487 Διά
3099 3430 3256 3485 τοῦτο
3285 3429 3418 3492 Θεὸς
3441 3423 3722 3498 σαρκὶ-διὰ

476 3529 649 3601 μέσης
669 3529 843 3601 ψυχῆς
870 3530 1166 3602 ἀνεκράθη,
1202 3533 1296 3585 καὶ
1329 3535 1586 3606 συνεδέθη
1614 3535 1683 3589 τὰ
1705 3537 1968 3591 διεστῶτα
1994 3541 2059 3609 τῇ
2095 3540 2230 3613 πρὸς
2258 3541 2424 3613 ἄμφω
2451 3540 2545 3595 τοῦ
2570 3537 2943 3612 μεσιτεύοντος
2964 3534 3275 3604 οἰκειότητι.
3309 3529 3624 3591 Divinitas
3658 3533 3726 3585 et

476 3655 729 3716 corpus,
757 3654 855 3699 res
874 3638 1301 3716 discrepantes
1328 3640 1409 3701 ita
1433 3642 1785 3720 conjunctae
1804 3650 1974 3711 sunt,
1995 3642 2222 3702 animre
2243 3642 2599 3703 interventu
2627 3643 2731 3722 (f).
2755 3636 3221 3718 Apollinaristaa
3244 3633 3466 3693 Jesum
3529 3624 3725 3687 Chri—

476 3745 643 3799 stum
676 3737 1083 3798 Dominicum
1108 3736 1433 3800 hominem
1457 3740 1896 3819 appellabant;
1922 3757 2051 3821 quo
2079 3741 2335 3802 nomine
2365 3760 2398 3802 e
2434 3742 2665 3802 sanctis
2700 3738 2985 3801 Palribus
3011 3734 3109 3797 usi
3130 3740 3278 3796 sunt
3300 3726 3723 3814 Athanasius,

474 3836 901 3914 Epiphanius,
930 3835 1302 3909 Cassianus,
1343 3846 1491 3915 etc.;
1529 3858 1749 3902 verum
1781 3842 1969 3919 longe
2008 3842 2135 3904 alio
2159 3858 2379 3910 sensu,
2412 3840 2738 3902 hominem
2793 3839 3039 3900 scilicet
3070 3833 3422 3914 perfectum
3462 3826 3722 3891 intelli-

478 3949 727 4018 gentes.
785 3939 1259 4019 Apollinaristaa
1300 3949 1509 4007 autem
1550 3945 1879 4008 hominem
1915 3948 1983 4008 in
2016 3947 2271 4009 Christo
2330 3944 2774 4018 admittebant,
2837 3943 3025 4004 modo
3087 3939 3304 4001 anima
3365 3938 3718 3999 carentem,

480 4045 674 4106 modo
733 4043 1182 4122 intelligentia,
1236 4046 1417 4121 cujus
1454 4044 1714 4117 scilicet
1773 4045 1940 4109 vices
1975 4046 2376 4109 divinitatem
2432 4044 2731 4124 supplere
2764 4043 3097 4112 volebant;
3133 4052 3297 4117 quos
3327 4034 3423 4096 sic
3477 4028 3723 4093 refellit

475 4144 824 4223 Gregorius
855 4146 983 4223 (g):
1021 4167 1049 4200 α
1087 4144 1308 4223 Neque
1358 4144 1687 4208 hominem
1726 4165 1759 4206 a
1818 4147 2151 4209 divinitate
2186 4162 2577 4225 separamus,
2622 4146 2857 4223 inquit,
2894 4142 3006 4206 sed
3038 4156 3243 4204 unum
3298 4142 3362 4199 et
3414 4130 3718 4195 eumdem

480 4246 872 4323 proﬁtemur,
909 4266 939 4300 ››
973 4252 1093 4306 etc.
1130 4244 1285 4305 Dure
1316 4244 1752 4307 exscribendas
1791 4252 2009 4308 essent
2044 4247 2121 4307 ad
2155 4246 2537 4309 Cledonium
2565 4246 2875 4326 epistolm,
2917 4257 3059 4324 quae
3088 4240 3242 4303 olim
3271 4237 3439 4298 inter
3467 4230 3724 4295 oratio-

480 4359 594 4404 nes
627 4344 1147 4424 numerabantur,
1179 4361 1337 4422 quas
1374 4343 1541 4405 inter
1569 4361 1628 4405 LI
1660 4353 1722 4406 et
1759 4364 1844 4405 ιιι
1877 4347 2273 4425 occupabant
2337 4347 2581 4421 sedem,
2620 4356 2683 4410 et
2738 4353 2897 4409 orat.
2930 4342 3172 4406 iuvui
3223 4340 3308 4403 tn.
3368 4336 3492 4416 13).
3528 4355 3561 4391 α
3592 4333 3725 4407 Qui

481 4444 601 4515 est,
637 4443 702 4503 ﬁt
742 4460 759 4500 :
804 4443 915 4521 qui
947 4450 1198 4504 creatus
1233 4460 1360 4504 non
1400 4452 1518 4516 est,
1554 4453 1844 4515 creatur;
1908 4447 2017 4525 qui
2081 4446 2262 4508 nullo
2302 4447 2441 4510 loco
2496 4448 2813 4511 contineri
2859 4451 3093 4526 potest,
3132 4460 3245 4523 per
3273 4440 3719 4501 interventum

480 4544 712 4604 animus
753 4542 1231 4616 intellectualis,
1286 4543 1451 4604 inter
1486 4543 1887 4605 divinitatem
1947 4554 2008 4609 et
2066 4548 2274 4608 carnis
2335 4550 2716 4623 crassitiem,
2760 4549 3150 4612 continetur.
3180 4545 3305 4620 Qui
3356 4540 3722 4619 locupletes

481 4643 644 4705 alios
678 4644 858 4715 ditat,
892 4649 1265 4721 paupertate
1304 4641 1573 4704 afﬁcitur
1609 4663 1624 4702 :
1659 4643 1868 4704 carnis
1930 4644 2101 4707 enim
2144 4662 2300 4707 meae
2353 4656 2789 4728 paupertatem
2850 4647 3048 4719 subit,
3086 4652 3158 4707 ut
3204 4660 3321 4723 ego
3353 4640 3727 4705 divinitatis

479 4746 687 4825 ipsius
724 4762 877 4825 opes
917 4761 1301 4825 consequar.
1336 4743 1461 4817 Qui
1497 4744 1728 4823 plenus
1761 4751 1882 4815 est,
1909 4745 2279 4807 exinanitur
2311 4765 2326 4805 :
2364 4767 2476 4811 sua
2511 4750 2681 4811 enim
2716 4749 2915 4827 gloria
2955 4763 3082 4808 non
3122 4746 3281 4807 nihil
3320 4742 3747 4819 exinanitum

483 4854 553 4909 ut
585 4863 702 4925 ego
735 4846 1155 4924 plenitudinis
1192 4846 1399 4924 ipsius
1432 4848 1750 4925 particeps
1813 4845 2124 4913 efﬁciar...
2191 4850 2479 4911 Christus
2536 4848 2813 4910 humana
2847 4846 3086 4920 omnia,
3134 4851 3400 4924 excepto
3433 4851 3705 4923 peccato
3726 4888 3741 4905 ..

482 4946 789 5025 suscipit,
815 4953 1161 5025 conceptus
1196 4946 1457 5025 quidem
1495 4963 1569 5008 ex
1604 4947 1895 5024 Virgine,
1935 4949 2149 5011 animo
2205 4958 2268 5012 et
2326 4965 2589 5027 corpore
2648 4968 2680 5011 a
2736 4948 2975 5028 Spiritu
3011 4954 3446 5027 praapurgata;
3480 4964 3628 5009 nam
3666 4958 3735 5011 et

482 5050 958 5128 generationem
990 5045 1235 5108 honore
1266 5044 1452 5118 allici,
1489 5053 1550 5109 et
1582 5046 2016 5125 virginitatem
2077 5051 2357 5128 prmferri
2397 5050 2751 5127 Oportebat.
2795 5071 2824 5106 »
2862 5048 3193 5125 Virginem
3252 5048 3543 5122 Mariam,
3577 5066 3738 5128 quae

480 5150 831 5213 Dominum
881 5145 1171 5225 concepit
1210 5152 1272 5207 et
1329 5147 1595 5225 peperit,
1660 5163 1789 5208 non
1846 5166 2021 5210 seme

2187 5151 2334 5204 τόκον
2364 5149 2629 5221 παρθένον
2666 5148 2989 5226 appellans
3037 5147 3143 5226 (ἡ),
3178 5149 3511 5211 anathema
3552 5149 3737 5212 dixit

483 5250 777 5349 Nestorio
809 5250 1180 5329 priusquam
1215 5257 1605 5325 nasceretur,
1636 5248 1849 5328 iisque
1873 5251 2175 5315 omnibus
2213 5253 2325 5331 qui
2358 5251 2515 5313 hanc
2542 5249 2953 5311 honoriﬁcam
2988 5248 3475 5326 appellationem
3513 5248 3743 5314 beatas

482 5350 730 5429 Virgini
765 5354 1077 5415 adimunt.

551 5580 629 5655 (ρ)
665 5581 945 5655 (ἓππτοὲι
985 5583 1105 5655 145.
1140 5599 1199 5655 v.
1224 5584 1287 5638 ιδ
1320 5593 1370 5638 ει
1398 5600 1509 5655 seq,

1181 5584 1287 5655 ,15
1320 5593 1370 5638 ct
1398 5600 1509 5655 seq.
2232 5585 2300 5653 (ρ)
2342 5583 2435 5639 Or.
2464 5583 2518 5648 9.,
2556 5600 2609 5638 n.
2641 5585 2731 5640 23.

552 5651 627 5727 (ὁ)
665 5651 938 5727 ρηιιί-Ᾰὸ,
972 5670 1026 5727 ηἶ
1048 5654 1150 5727 A68,
1179 5654 1269 5710 69.
1476 5651 1488 5655 ⁷
2333 5656 2572 5727 _Sucrul._.
2607 5657 2639 5709 Ι.
2676 5671 2734 5720 lt,
2773 5670 2822 5727 c.
2856 5654 2944 5719 46,
2983 5672 3033 5727 p.
3073 5658 3190 5715 161.

576 5721 625 5793 c)
657 5721 749 5794 or.
788 5723 877 5794 ξι.
918 5741 969 5776 ιι.
1010 5724 1091 5778 t9.

2232 5721 2297 5792 lg)
2330 5724 2561 5794 Episl._i
2596 5728 2660 5777 ad
2691 5721 3025 5794 Cledonium,
3054 5730 3182 5785 olim
3209 5742 3292 5783 or.
3328 5727 3416 5784 51.

575 5790 630 5864 (1⁷)
672 5792 763 5847 0r.
804 5790 891 5857 30,
936 5811 985 5845 ιι.
1012 5794 1058 5850 2.

2233 5790 2302 5866 (li)
2341 5795 2433 5850 0r.
2467 5792 2555 5859 55,
2599 5812 2653 5851 n.
2681 5796 2732 5851 4.
