  <div class='ocr_page' id='page_1' title='image "/cluster/home/n/w/nwhite01/storage/ocr_20150623/35/hvd.32044024473308/060.png"; bbox 0 0 3918 6514; ppageno 0'>
   <div class='ocr_carea' id='block_1_1' title="bbox 174 330 3400 428">
    <p class='ocr_par' dir='ltr' id='par_1_1' title="bbox 174 330 3400 428">
     <span class='ocr_line' id='line_1_1' title="bbox 174 330 3400 428; baseline -0.001 -1"><span class='ocrx_word' id='word_1_1' title='bbox 174 368 261 427; x_wconf 74' lang='lat' dir='ltr'>tos</span> <span class='ocrx_word' id='word_1_2' title='bbox 1146 330 1512 428; x_wconf 64' lang='lat' dir='ltr'>mme</span> <span class='ocrx_word' id='word_1_3' title='bbox 1556 368 1966 425; x_wconf 67' lang='lat' dir='ltr'>cenamus.</span> <span class='ocrx_word' id='word_1_4' title='bbox 2008 396 2077 409; x_wconf 86' lang='lat'><em>—</em></span> <span class='ocrx_word' id='word_1_5' title='bbox 2119 366 2297 421; x_wconf 81' lang='lat' dir='ltr'>PARS</span> <span class='ocrx_word' id='word_1_6' title='bbox 2335 365 2419 421; x_wconf 85' lang='grc' dir='ltr'>ιιι.</span> <span class='ocrx_word' id='word_1_7' title='bbox 3294 359 3400 425; x_wconf 80' lang='lat' dir='ltr'>tto</span> 
     </span>
    </p>
   </div>
   <div class='ocr_carea' id='block_1_2' title="bbox 1605 485 1973 563">
    <p class='ocr_par' dir='ltr' id='par_1_2' title="bbox 1605 485 1973 563">
     <span class='ocr_line' id='line_1_2' title="bbox 1605 485 1973 563; baseline 0 -18"><span class='ocrx_word' id='word_1_8' title='bbox 1605 488 1687 545; x_wconf 66' lang='lat' dir='ltr'>De</span> <span class='ocrx_word' id='word_1_9' title='bbox 1717 485 1973 563; x_wconf 80' lang='lat' dir='ltr'>angelis.</span> 
     </span>
    </p>
   </div>
   <div class='ocr_carea' id='block_1_3' title="bbox 233 570 3393 669">
    <p class='ocr_par' dir='ltr' id='par_1_3' title="bbox 233 570 3393 669">
     <span class='ocr_line' id='line_1_3' title="bbox 233 570 3393 669; baseline -0.002 -18"><span class='ocrx_word' id='word_1_10' title='bbox 233 587 408 663; x_wconf 86' lang='lat' dir='ltr'>Quod</span> <span class='ocrx_word' id='word_1_11' title='bbox 441 587 707 666; x_wconf 84' lang='lat' dir='ltr'>angelos</span> <span class='ocrx_word' id='word_1_12' title='bbox 743 597 1009 669; x_wconf 83' lang='lat' dir='ltr'>Spectat,</span> <span class='ocrx_word' id='word_1_13' title='bbox 1066 590 1308 652; x_wconf 66' lang='lat' dir='ltr'>haerere</span> <span class='ocrx_word' id='word_1_14' title='bbox 1367 588 1621 653; x_wconf 89' lang='lat' dir='ltr'>videtur</span> <span class='ocrx_word' id='word_1_15' title='bbox 1680 585 2028 664; x_wconf 83' lang='lat' dir='ltr'>Gregorius</span> <span class='ocrx_word' id='word_1_16' title='bbox 2087 584 2250 647; x_wconf 90' lang='lat' dir='ltr'>circa</span> <span class='ocrx_word' id='word_1_17' title='bbox 2304 598 2529 644; x_wconf 90' lang='lat' dir='ltr'>eorum</span> <span class='ocrx_word' id='word_1_18' title='bbox 2588 570 3014 655; x_wconf 70' lang='lat' dir='ltr'>creationem,</span> <span class='ocrx_word' id='word_1_19' title='bbox 3074 586 3393 654; x_wconf 84' lang='lat' dir='ltr'>naturam,</span> 
     </span>
    </p>
   </div>
   <div class='ocr_carea' id='block_1_4' title="bbox 169 679 3392 764">
    <p class='ocr_par' dir='ltr' id='par_1_4' title="bbox 169 679 3392 764">
     <span class='ocr_line' id='line_1_4' title="bbox 169 679 3392 764; baseline -0.005 -7"><span class='ocrx_word' id='word_1_20' title='bbox 169 702 409 764; x_wconf 72' lang='lat' dir='ltr'>sutum,</span> <span class='ocrx_word' id='word_1_21' title='bbox 446 702 511 755; x_wconf 87' lang='lat' dir='ltr'>et</span> <span class='ocrx_word' id='word_1_22' title='bbox 543 690 750 754; x_wconf 86' lang='lat' dir='ltr'>varios</span> <span class='ocrx_word' id='word_1_23' title='bbox 786 704 1009 751; x_wconf 89' lang='lat' dir='ltr'>eorum</span> <span class='ocrx_word' id='word_1_24' title='bbox 1042 688 1348 751; x_wconf 84' lang='lat' dir='ltr'>ordines:</span> <span class='ocrx_word' id='word_1_25' title='bbox 1384 686 1446 747; x_wconf 93' lang='lat' dir='ltr'>in</span> <span class='ocrx_word' id='word_1_26' title='bbox 1483 704 1554 747; x_wconf 91' lang='lat' dir='ltr'>ea</span> <span class='ocrx_word' id='word_1_27' title='bbox 1588 691 1798 746; x_wconf 91' lang='lat' dir='ltr'>tamen</span> <span class='ocrx_word' id='word_1_28' title='bbox 1855 701 1999 746; x_wconf 92' lang='lat' dir='ltr'>cum</span> <span class='ocrx_word' id='word_1_29' title='bbox 2051 682 2335 764; x_wconf 79' lang='lat' dir='ltr'>antiquis</span> <span class='ocrx_word' id='word_1_30' title='bbox 2372 680 2664 743; x_wconf 88' lang='lat' dir='ltr'>Patribus</span> <span class='ocrx_word' id='word_1_31' title='bbox 2701 679 2937 743; x_wconf 82' lang='lat' dir='ltr'>Graecis</span> <span class='ocrx_word' id='word_1_32' title='bbox 2992 679 3197 743; x_wconf 84' lang='lat' dir='ltr'>fuisse</span> <span class='ocrx_word' id='word_1_33' title='bbox 3230 698 3392 743; x_wconf 47' lang='lat' dir='ltr'>sene</span> 
     </span>
    </p>
   </div>
   <div class='ocr_carea' id='block_1_5' title="bbox 171 780 3398 864">
    <p class='ocr_par' dir='ltr' id='par_1_5' title="bbox 171 780 3398 864">
     <span class='ocr_line' id='line_1_5' title="bbox 171 780 3398 864; baseline -0.004 -11"><span class='ocrx_word' id='word_1_34' title='bbox 171 793 339 855; x_wconf 88' lang='lat' dir='ltr'>tentia</span> <span class='ocrx_word' id='word_1_35' title='bbox 374 792 651 863; x_wconf 84' lang='lat' dir='ltr'>videtur,</span> <span class='ocrx_word' id='word_1_36' title='bbox 690 796 760 852; x_wconf 92' lang='lat' dir='ltr'>ut</span> <span class='ocrx_word' id='word_1_37' title='bbox 794 789 1081 852; x_wconf 79' lang='lat' dir='ltr'>crederet</span> <span class='ocrx_word' id='word_1_38' title='bbox 1112 792 1257 848; x_wconf 90' lang='lat' dir='ltr'>ante</span> <span class='ocrx_word' id='word_1_39' title='bbox 1296 784 1610 847; x_wconf 91' lang='lat' dir='ltr'>mundum</span> <span class='ocrx_word' id='word_1_40' title='bbox 1664 791 1908 847; x_wconf 85' lang='lat' dir='ltr'>creatos</span> <span class='ocrx_word' id='word_1_41' title='bbox 1947 801 2089 846; x_wconf 90' lang='lat' dir='ltr'>esse</span> <span class='ocrx_word' id='word_1_42' title='bbox 2128 784 2414 861; x_wconf 82' lang='lat' dir='ltr'>angelos.</span> <span class='ocrx_word' id='word_1_43' title='bbox 2447 806 2475 839; x_wconf 80' lang='grc' dir='ltr'>(ι</span> <span class='ocrx_word' id='word_1_44' title='bbox 2504 781 2586 864; x_wconf 88' lang='grc' dir='ltr'>(α)</span> <span class='ocrx_word' id='word_1_45' title='bbox 2616 784 2933 857; x_wconf 83' lang='lat' dir='ltr'>Quoniam</span> <span class='ocrx_word' id='word_1_46' title='bbox 2966 785 3177 842; x_wconf 90' lang='lat' dir='ltr'>autem</span> <span class='ocrx_word' id='word_1_47' title='bbox 3213 780 3398 842; x_wconf 62' lang='lat' dir='ltr'>boni.</span> 
     </span>
    </p>
   </div>
   <div class='ocr_carea' id='block_1_6' title="bbox 170 880 3393 969">
    <p class='ocr_par' dir='ltr' id='par_1_6' title="bbox 170 880 3393 969">
     <span class='ocr_line' id='line_1_6' title="bbox 170 880 3393 969; baseline -0.004 -16"><span class='ocrx_word' id='word_1_48' title='bbox 170 892 320 953; x_wconf 69' lang='lat' dir='ltr'>lati)</span> <span class='ocrx_word' id='word_1_49' title='bbox 375 893 615 954; x_wconf 84' lang='lat' dir='ltr'>divinae</span> <span class='ocrx_word' id='word_1_50' title='bbox 673 915 700 948; x_wconf 79' lang='grc' dir='ltr'>α</span> <span class='ocrx_word' id='word_1_51' title='bbox 764 905 1163 969; x_wconf 79' lang='lat' dir='ltr'>nequaquam</span> <span class='ocrx_word' id='word_1_52' title='bbox 1231 886 1385 949; x_wconf 80' lang='lat' dir='ltr'>satis</span> <span class='ocrx_word' id='word_1_53' title='bbox 1447 892 1580 947; x_wconf 88' lang='lat' dir='ltr'>erat</span> <span class='ocrx_word' id='word_1_54' title='bbox 1642 902 1753 945; x_wconf 92' lang='lat' dir='ltr'>sua</span> <span class='ocrx_word' id='word_1_55' title='bbox 1817 882 2022 962; x_wconf 81' lang='lat' dir='ltr'>ipsius</span> <span class='ocrx_word' id='word_1_56' title='bbox 2080 886 2287 945; x_wconf 88' lang='lat' dir='ltr'>solum</span> <span class='ocrx_word' id='word_1_57' title='bbox 2346 882 2885 961; x_wconf 88' lang='lat' dir='ltr'>contemplatione</span> <span class='ocrx_word' id='word_1_58' title='bbox 2942 880 3210 954; x_wconf 89' lang='lat' dir='ltr'>moveri,</span> <span class='ocrx_word' id='word_1_59' title='bbox 3282 884 3393 942; x_wconf 87' lang='lat' dir='ltr'>sed</span> 
     </span>
    </p>
   </div>
   <div class='ocr_carea' id='block_1_7' title="bbox 168 982 3392 1068">
    <p class='ocr_par' dir='ltr' id='par_1_7' title="bbox 168 982 3392 1068">
     <span class='ocr_line' id='line_1_7' title="bbox 168 982 3392 1068; baseline -0.002 -17"><span class='ocrx_word' id='word_1_60' title='bbox 168 995 379 1054; x_wconf 86' lang='lat' dir='ltr'>bonum</span> <span class='ocrx_word' id='word_1_61' title='bbox 410 992 691 1053; x_wconf 70' lang='lat' dir='ltr'>diffundi</span> <span class='ocrx_word' id='word_1_62' title='bbox 726 1009 796 1053; x_wconf 91' lang='lat' dir='ltr'>ac</span> <span class='ocrx_word' id='word_1_63' title='bbox 830 984 1562 1068; x_wconf 82' lang='lat' dir='ltr'>prOpagarioportebat,</span> <span class='ocrx_word' id='word_1_64' title='bbox 1585 992 1655 1044; x_wconf 87' lang='lat' dir='ltr'>ut</span> <span class='ocrx_word' id='word_1_65' title='bbox 1688 984 1867 1060; x_wconf 92' lang='lat' dir='ltr'>plura</span> <span class='ocrx_word' id='word_1_66' title='bbox 1899 992 2137 1053; x_wconf 89' lang='lat' dir='ltr'>essent,</span> <span class='ocrx_word' id='word_1_67' title='bbox 2173 1001 2316 1061; x_wconf 79' lang='lat' dir='ltr'>quae</span> <span class='ocrx_word' id='word_1_68' title='bbox 2341 983 2652 1045; x_wconf 84' lang='lat' dir='ltr'>beneﬁcio</span> <span class='ocrx_word' id='word_1_69' title='bbox 2672 982 3093 1057; x_wconf 73' lang='lat' dir='ltr'>afficerentur,</span> <span class='ocrx_word' id='word_1_70' title='bbox 3127 985 3189 1046; x_wconf 89' lang='lat' dir='ltr'>id</span> <span class='ocrx_word' id='word_1_71' title='bbox 3218 985 3392 1046; x_wconf 89' lang='lat' dir='ltr'>enim</span> 
     </span>
    </p>
   </div>
   <div class='ocr_carea' id='block_1_8' title="bbox 165 1083 3393 1167">
    <p class='ocr_par' dir='ltr' id='par_1_8' title="bbox 165 1083 3393 1167">
     <span class='ocr_line' id='line_1_8' title="bbox 165 1083 3393 1167; baseline -0.001 -17"><span class='ocrx_word' id='word_1_72' title='bbox 165 1107 406 1151; x_wconf 77' lang='lat' dir='ltr'>summae</span> <span class='ocrx_word' id='word_1_73' title='bbox 427 1090 748 1153; x_wconf 85' lang='lat' dir='ltr'>bonitatis</span> <span class='ocrx_word' id='word_1_74' title='bbox 787 1097 942 1161; x_wconf 89' lang='lat' dir='ltr'>erat,</span> <span class='ocrx_word' id='word_1_75' title='bbox 979 1090 1255 1167; x_wconf 88' lang='lat' dir='ltr'>primum</span> <span class='ocrx_word' id='word_1_76' title='bbox 1288 1084 1607 1162; x_wconf 87' lang='lat' dir='ltr'>angelicas</span> <span class='ocrx_word' id='word_1_77' title='bbox 1642 1092 1704 1144; x_wconf 90' lang='lat' dir='ltr'>et</span> <span class='ocrx_word' id='word_1_78' title='bbox 1734 1084 2026 1146; x_wconf 81' lang='lat' dir='ltr'>caelestes</span> <span class='ocrx_word' id='word_1_79' title='bbox 2067 1085 2329 1145; x_wconf 90' lang='lat' dir='ltr'>virtutes</span> <span class='ocrx_word' id='word_1_80' title='bbox 2357 1083 2654 1160; x_wconf 82' lang='lat' dir='ltr'>cogitavit</span> <span class='ocrx_word' id='word_1_81' title='bbox 2693 1090 2923 1161; x_wconf 87' lang='lat' dir='ltr'>:atque</span> <span class='ocrx_word' id='word_1_82' title='bbox 2950 1084 3055 1146; x_wconf 90' lang='lat' dir='ltr'>illa</span> <span class='ocrx_word' id='word_1_83' title='bbox 3088 1085 3393 1163; x_wconf 84' lang='lat' dir='ltr'>cogitatio</span> 
     </span>
    </p>
   </div>
   <div class='ocr_carea' id='block_1_9' title="bbox 164 1180 3396 1268">
    <p class='ocr_par' dir='ltr' id='par_1_9' title="bbox 164 1180 3396 1268">
     <span class='ocr_line' id='line_1_9' title="bbox 164 1180 3396 1268; baseline -0.002 -18"><span class='ocrx_word' id='word_1_84' title='bbox 164 1206 302 1268; x_wconf 91' lang='lat' dir='ltr'>opus</span> <span class='ocrx_word' id='word_1_85' title='bbox 330 1200 488 1262; x_wconf 90' lang='lat' dir='ltr'>erat,</span> <span class='ocrx_word' id='word_1_86' title='bbox 529 1190 700 1268; x_wconf 91' lang='lat' dir='ltr'>quod</span> <span class='ocrx_word' id='word_1_87' title='bbox 741 1190 953 1251; x_wconf 81' lang='lat' dir='ltr'>Verbo</span> <span class='ocrx_word' id='word_1_88' title='bbox 989 1185 1471 1259; x_wconf 82' lang='lat' dir='ltr'>conﬁciebatur,</span> <span class='ocrx_word' id='word_1_89' title='bbox 1510 1201 1579 1244; x_wconf 91' lang='lat' dir='ltr'>ac</span> <span class='ocrx_word' id='word_1_90' title='bbox 1609 1180 1846 1260; x_wconf 83' lang='lat' dir='ltr'>Spiritu</span> <span class='ocrx_word' id='word_1_91' title='bbox 1880 1184 2274 1261; x_wconf 81' lang='lat' dir='ltr'>explebatur.</span> <span class='ocrx_word' id='word_1_92' title='bbox 2315 1187 2527 1262; x_wconf 82' lang='lat' dir='ltr'>Atque</span> <span class='ocrx_word' id='word_1_93' title='bbox 2576 1184 2660 1244; x_wconf 87' lang='lat' dir='ltr'>ita</span> <span class='ocrx_word' id='word_1_94' title='bbox 2702 1186 2965 1245; x_wconf 90' lang='lat' dir='ltr'>secundi</span> <span class='ocrx_word' id='word_1_95' title='bbox 3018 1184 3396 1262; x_wconf 89' lang='lat' dir='ltr'>splendores</span> 
     </span>
    </p>
   </div>
   <div class='ocr_carea' id='block_1_10' title="bbox 164 1281 3395 1368">
    <p class='ocr_par' dir='ltr' id='par_1_10' title="bbox 164 1281 3395 1368">
     <span class='ocr_line' id='line_1_10' title="bbox 164 1281 3395 1368; baseline -0.002 -19"><span class='ocrx_word' id='word_1_96' title='bbox 164 1290 445 1367; x_wconf 82' lang='lat' dir='ltr'>procreati</span> <span class='ocrx_word' id='word_1_97' title='bbox 490 1298 670 1361; x_wconf 91' lang='lat' dir='ltr'>sunt,</span> <span class='ocrx_word' id='word_1_98' title='bbox 705 1288 895 1368; x_wconf 85' lang='lat' dir='ltr'>primi</span> <span class='ocrx_word' id='word_1_99' title='bbox 925 1284 1288 1367; x_wconf 87' lang='lat' dir='ltr'>splendoris</span> <span class='ocrx_word' id='word_1_100' title='bbox 1318 1281 1726 1355; x_wconf 88' lang='lat' dir='ltr'>administri;</span> <span class='ocrx_word' id='word_1_101' title='bbox 1778 1281 1914 1342; x_wconf 91' lang='lat' dir='ltr'>sive</span> <span class='ocrx_word' id='word_1_102' title='bbox 1971 1281 2410 1359; x_wconf 89' lang='lat' dir='ltr'>intelligentes</span> <span class='ocrx_word' id='word_1_103' title='bbox 2451 1281 2746 1359; x_wconf 86' lang='lat' dir='ltr'>spiritus,</span> <span class='ocrx_word' id='word_1_104' title='bbox 2804 1282 2940 1344; x_wconf 90' lang='lat' dir='ltr'>sive</span> <span class='ocrx_word' id='word_1_105' title='bbox 2965 1282 3178 1361; x_wconf 88' lang='lat' dir='ltr'>ignem</span> <span class='ocrx_word' id='word_1_106' title='bbox 3219 1284 3395 1345; x_wconf 83' lang='lat' dir='ltr'>velut</span> 
     </span>
    </p>
   </div>
   <div class='ocr_carea' id='block_1_11' title="bbox 162 1380 3391 1468">
    <p class='ocr_par' dir='ltr' id='par_1_11' title="bbox 162 1380 3391 1468">
     <span class='ocr_line' id='line_1_11' title="bbox 162 1380 3391 1468; baseline -0.003 -19"><span class='ocrx_word' id='word_1_107' title='bbox 162 1389 413 1449; x_wconf 80' lang='lat' dir='ltr'>materiae</span> <span class='ocrx_word' id='word_1_108' title='bbox 443 1398 779 1468; x_wconf 80' lang='lat' dir='ltr'>expertem</span> <span class='ocrx_word' id='word_1_109' title='bbox 813 1395 874 1450; x_wconf 93' lang='lat' dir='ltr'>et</span> <span class='ocrx_word' id='word_1_110' title='bbox 909 1388 1383 1463; x_wconf 87' lang='lat' dir='ltr'>incorporeum,</span> <span class='ocrx_word' id='word_1_111' title='bbox 1445 1383 1579 1443; x_wconf 86' lang='lat' dir='ltr'>sive</span> <span class='ocrx_word' id='word_1_112' title='bbox 1628 1380 1816 1442; x_wconf 86' lang='lat' dir='ltr'>aliam</span> <span class='ocrx_word' id='word_1_113' title='bbox 1853 1380 2186 1461; x_wconf 81' lang='lat' dir='ltr'>quamdam</span> <span class='ocrx_word' id='word_1_114' title='bbox 2222 1389 2505 1441; x_wconf 90' lang='lat' dir='ltr'>naturam</span> <span class='ocrx_word' id='word_1_115' title='bbox 2532 1398 2641 1445; x_wconf 86' lang='lat' dir='ltr'>eos</span> <span class='ocrx_word' id='word_1_116' title='bbox 2670 1380 3042 1444; x_wconf 86' lang='lat' dir='ltr'>existimare</span> <span class='ocrx_word' id='word_1_117' title='bbox 3074 1388 3391 1460; x_wconf 68' lang='lat' dir='ltr'>oportet.»</span> 
     </span>
    </p>
   </div>
   <div class='ocr_carea' id='block_1_12' title="bbox 161 1483 3382 1569">
    <p class='ocr_par' dir='ltr' id='par_1_12' title="bbox 161 1483 3382 1569">
     <span class='ocr_line' id='line_1_12' title="bbox 161 1483 3382 1569; baseline -0.002 -19"><span class='ocrx_word' id='word_1_118' title='bbox 161 1491 600 1553; x_wconf 78' lang='lat' dir='ltr'>Verumtamen</span> <span class='ocrx_word' id='word_1_119' title='bbox 665 1492 923 1569; x_wconf 85' lang='lat' dir='ltr'>angelos</span> <span class='ocrx_word' id='word_1_120' title='bbox 973 1512 1001 1545; x_wconf 81' lang='grc' dir='ltr'><strong>α</strong></span> <span class='ocrx_word' id='word_1_121' title='bbox 1064 1487 1148 1569; x_wconf 88' lang='lat' dir='ltr'>(b)</span> <span class='ocrx_word' id='word_1_122' title='bbox 1212 1485 1486 1565; x_wconf 85' lang='lat' dir='ltr'>simplici</span> <span class='ocrx_word' id='word_1_123' title='bbox 1554 1483 1826 1563; x_wconf 89' lang='lat' dir='ltr'>quadam</span> <span class='ocrx_word' id='word_1_124' title='bbox 1899 1485 2539 1562; x_wconf 70' lang='lat' dir='ltr'>naturanpraeditos,</span> <span class='ocrx_word' id='word_1_125' title='bbox 2607 1493 2667 1546; x_wconf 92' lang='lat' dir='ltr'>et</span> <span class='ocrx_word' id='word_1_126' title='bbox 2717 1506 2747 1540; x_wconf 75' lang='grc' dir='ltr'><strong><em>α</em></strong></span> <span class='ocrx_word' id='word_1_127' title='bbox 2817 1500 3004 1561; x_wconf 90' lang='lat' dir='ltr'>puras</span> <span class='ocrx_word' id='word_1_128' title='bbox 3063 1493 3382 1547; x_wconf 67' lang='lat' dir='ltr'>naturas»</span> 
     </span>
    </p>
   </div>
   <div class='ocr_carea' id='block_1_13' title="bbox 163 1584 3388 1669">
    <p class='ocr_par' dir='ltr' id='par_1_13' title="bbox 163 1584 3388 1669">
     <span class='ocr_line' id='line_1_13' title="bbox 163 1584 3388 1669; baseline -0 -20"><span class='ocrx_word' id='word_1_129' title='bbox 163 1590 641 1669; x_wconf 56' lang='lat' dir='ltr'>sanxitmlgnem</span> <span class='ocrx_word' id='word_1_130' title='bbox 666 1608 862 1654; x_wconf 75' lang='grc' dir='ltr'>»νει-ο</span> <span class='ocrx_word' id='word_1_131' title='bbox 894 1591 1067 1666; x_wconf 90' lang='lat' dir='ltr'>ipsos</span> <span class='ocrx_word' id='word_1_132' title='bbox 1102 1595 1425 1663; x_wconf 88' lang='lat' dir='ltr'>nuncupat</span> <span class='ocrx_word' id='word_1_133' title='bbox 1474 1584 1583 1665; x_wconf 92' lang='lat' dir='ltr'>(c),</span> <span class='ocrx_word' id='word_1_134' title='bbox 1620 1598 1748 1643; x_wconf 90' lang='lat' dir='ltr'>non</span> <span class='ocrx_word' id='word_1_135' title='bbox 1771 1584 1942 1661; x_wconf 92' lang='lat' dir='ltr'>quod</span> <span class='ocrx_word' id='word_1_136' title='bbox 1975 1597 2340 1660; x_wconf 87' lang='lat' dir='ltr'>corpoream</span> <span class='ocrx_word' id='word_1_137' title='bbox 2360 1586 2781 1647; x_wconf 90' lang='lat' dir='ltr'>substantiam</span> <span class='ocrx_word' id='word_1_138' title='bbox 2818 1586 2909 1649; x_wconf 88' lang='lat' dir='ltr'>vel</span> <span class='ocrx_word' id='word_1_139' title='bbox 2945 1586 3388 1647; x_wconf 90' lang='lat' dir='ltr'>tenuissimam</span> 
     </span>
    </p>
   </div>
   <div class='ocr_carea' id='block_1_14' title="bbox 162 1683 3393 1770">
    <p class='ocr_par' dir='ltr' id='par_1_14' title="bbox 162 1683 3393 1770">
     <span class='ocr_line' id='line_1_14' title="bbox 162 1683 3393 1770; baseline -0.001 -18"><span class='ocrx_word' id='word_1_140' title='bbox 162 1690 235 1752; x_wconf 86' lang='lat' dir='ltr'>eis</span> <span class='ocrx_word' id='word_1_141' title='bbox 261 1691 537 1769; x_wconf 77' lang='lat' dir='ltr'>aiﬁugat,</span> <span class='ocrx_word' id='word_1_142' title='bbox 572 1693 686 1754; x_wconf 89' lang='lat' dir='ltr'>sed</span> <span class='ocrx_word' id='word_1_143' title='bbox 711 1694 793 1753; x_wconf 91' lang='lat' dir='ltr'>ob</span> <span class='ocrx_word' id='word_1_144' title='bbox 827 1709 1089 1754; x_wconf 89' lang='lat' dir='ltr'>munera</span> <span class='ocrx_word' id='word_1_145' title='bbox 1127 1690 1367 1770; x_wconf 89' lang='lat' dir='ltr'>quibus</span> <span class='ocrx_word' id='word_1_146' title='bbox 1400 1704 1546 1765; x_wconf 85' lang='lat' dir='ltr'>erga</span> <span class='ocrx_word' id='word_1_147' title='bbox 1579 1703 1698 1749; x_wconf 90' lang='lat' dir='ltr'>nos</span> <span class='ocrx_word' id='word_1_148' title='bbox 1727 1686 2104 1765; x_wconf 74' lang='lat' dir='ltr'>funguntur.</span> <span class='ocrx_word' id='word_1_149' title='bbox 2140 1683 2239 1746; x_wconf 91' lang='lat' dir='ltr'>Sic</span> <span class='ocrx_word' id='word_1_150' title='bbox 2270 1686 2444 1748; x_wconf 89' lang='lat' dir='ltr'>Deus</span> <span class='ocrx_word' id='word_1_151' title='bbox 2479 1708 2507 1743; x_wconf 76' lang='grc' dir='ltr'>σι</span> <span class='ocrx_word' id='word_1_152' title='bbox 2547 1687 2711 1764; x_wconf 88' lang='lat' dir='ltr'>ignis</span> <span class='ocrx_word' id='word_1_153' title='bbox 2737 1686 2976 1749; x_wconf 70' lang='lat' dir='ltr'>netiam</span> <span class='ocrx_word' id='word_1_154' title='bbox 3015 1686 3079 1747; x_wconf 92' lang='lat' dir='ltr'>in</span> <span class='ocrx_word' id='word_1_155' title='bbox 3114 1687 3393 1765; x_wconf 85' lang='lat' dir='ltr'>Scriptu-</span> 
     </span>
    </p>
   </div>
   <div class='ocr_carea' id='block_1_15' title="bbox 164 1784 3391 1867">
    <p class='ocr_par' dir='ltr' id='par_1_15' title="bbox 164 1784 3391 1867">
     <span class='ocr_line' id='line_1_15' title="bbox 164 1784 3391 1867; baseline 0.001 -19"><span class='ocrx_word' id='word_1_156' title='bbox 164 1789 233 1850; x_wconf 87' lang='lat' dir='ltr'>ris</span> <span class='ocrx_word' id='word_1_157' title='bbox 260 1799 546 1861; x_wconf 73' lang='lat' dir='ltr'>vocatur,</span> <span class='ocrx_word' id='word_1_158' title='bbox 584 1792 680 1853; x_wconf 87' lang='lat' dir='ltr'>vel</span> <span class='ocrx_word' id='word_1_159' title='bbox 707 1792 790 1852; x_wconf 89' lang='lat' dir='ltr'>ob</span> <span class='ocrx_word' id='word_1_160' title='bbox 822 1791 1083 1852; x_wconf 86' lang='lat' dir='ltr'>nimiam</span> <span class='ocrx_word' id='word_1_161' title='bbox 1126 1789 1490 1867; x_wconf 89' lang='lat' dir='ltr'>puritatem,</span> <span class='ocrx_word' id='word_1_162' title='bbox 1524 1784 1621 1846; x_wconf 91' lang='lat' dir='ltr'>vel</span> <span class='ocrx_word' id='word_1_163' title='bbox 1655 1786 1736 1846; x_wconf 92' lang='lat' dir='ltr'>ob</span> <span class='ocrx_word' id='word_1_164' title='bbox 1762 1784 2327 1861; x_wconf 86' lang='lat' dir='ltr'>ﬂagrantissimum</span> <span class='ocrx_word' id='word_1_165' title='bbox 2352 1789 2620 1867; x_wconf 80' lang='lat' dir='ltr'>justitiae</span> <span class='ocrx_word' id='word_1_166' title='bbox 2647 1790 2933 1851; x_wconf 89' lang='lat' dir='ltr'>studium</span> <span class='ocrx_word' id='word_1_167' title='bbox 2965 1804 3096 1866; x_wconf 93' lang='lat' dir='ltr'>quo</span> <span class='ocrx_word' id='word_1_168' title='bbox 3138 1798 3391 1867; x_wconf 86' lang='lat' dir='ltr'>peccata</span> 
     </span>
    </p>
   </div>
   <div class='ocr_carea' id='block_1_16' title="bbox 164 1885 3395 1970">
    <p class='ocr_par' dir='ltr' id='par_1_16' title="bbox 164 1885 3395 1970">
     <span class='ocr_line' id='line_1_16' title="bbox 164 1885 3395 1970; baseline -0.001 -18"><span class='ocrx_word' id='word_1_169' title='bbox 164 1892 361 1964; x_wconf 86' lang='lat' dir='ltr'>exurit,</span> <span class='ocrx_word' id='word_1_170' title='bbox 402 1907 645 1970; x_wconf 83' lang='lat' dir='ltr'>pravos</span> <span class='ocrx_word' id='word_1_171' title='bbox 683 1907 893 1953; x_wconf 91' lang='lat' dir='ltr'>mores</span> <span class='ocrx_word' id='word_1_172' title='bbox 923 1891 1059 1952; x_wconf 89' lang='lat' dir='ltr'>sive</span> <span class='ocrx_word' id='word_1_173' title='bbox 1088 1888 1514 1957; x_wconf 90' lang='lat' dir='ltr'>immutando,</span> <span class='ocrx_word' id='word_1_174' title='bbox 1546 1885 1685 1947; x_wconf 86' lang='lat' dir='ltr'>sive</span> <span class='ocrx_word' id='word_1_175' title='bbox 1712 1886 2075 1962; x_wconf 88' lang='lat' dir='ltr'>plectendo.</span> <span class='ocrx_word' id='word_1_176' title='bbox 2112 1889 2227 1949; x_wconf 88' lang='lat' dir='ltr'>His</span> <span class='ocrx_word' id='word_1_177' title='bbox 2260 1891 2485 1951; x_wconf 88' lang='lat' dir='ltr'>annuit</span> <span class='ocrx_word' id='word_1_178' title='bbox 2521 1895 2782 1951; x_wconf 90' lang='lat' dir='ltr'>sanctus</span> <span class='ocrx_word' id='word_1_179' title='bbox 2814 1888 3064 1959; x_wconf 89' lang='lat' dir='ltr'>doctor,</span> <span class='ocrx_word' id='word_1_180' title='bbox 3098 1895 3158 1950; x_wconf 92' lang='lat' dir='ltr'>et</span> <span class='ocrx_word' id='word_1_181' title='bbox 3192 1889 3395 1950; x_wconf 59' lang='lat' dir='ltr'>inter.</span> 
     </span>
    </p>
   </div>
   <div class='ocr_carea' id='block_1_17' title="bbox 164 1986 3391 2069">
    <p class='ocr_par' dir='ltr' id='par_1_17' title="bbox 164 1986 3391 2069">
     <span class='ocr_line' id='line_1_17' title="bbox 164 1986 3391 2069; baseline -0.001 -18"><span class='ocrx_word' id='word_1_182' title='bbox 164 1989 463 2068; x_wconf 88' lang='lat' dir='ltr'>pretatioui</span> <span class='ocrx_word' id='word_1_183' title='bbox 501 1990 916 2069; x_wconf 73' lang='lat' dir='ltr'>suffragatur.</span> <span class='ocrx_word' id='word_1_184' title='bbox 964 2012 995 2047; x_wconf 77' lang='grc' dir='ltr'><strong><em>α</em></strong></span> <span class='ocrx_word' id='word_1_185' title='bbox 1034 1990 1333 2066; x_wconf 85' lang='lat' dir='ltr'>Spiritus,</span> <span class='ocrx_word' id='word_1_186' title='bbox 1374 1988 1583 2067; x_wconf 86' lang='lat' dir='ltr'>inquit</span> <span class='ocrx_word' id='word_1_187' title='bbox 1616 1987 1949 2069; x_wconf 82' lang='lat' dir='ltr'>(d),atque</span> <span class='ocrx_word' id='word_1_188' title='bbox 1981 1986 2150 2065; x_wconf 90' lang='lat' dir='ltr'>ignis</span> <span class='ocrx_word' id='word_1_189' title='bbox 2202 1989 2466 2067; x_wconf 84' lang='lat' dir='ltr'>angelus</span> <span class='ocrx_word' id='word_1_190' title='bbox 2519 1989 2911 2069; x_wconf 85' lang='lat' dir='ltr'>appellatur;</span> <span class='ocrx_word' id='word_1_191' title='bbox 2999 1988 3182 2061; x_wconf 90' lang='lat' dir='ltr'>illud,</span> <span class='ocrx_word' id='word_1_192' title='bbox 3239 1991 3391 2068; x_wconf 83' lang='lat' dir='ltr'>quia</span> 
     </span>
    </p>
   </div>
   <div class='ocr_carea' id='block_1_18' title="bbox 162 2088 3385 2169">
    <p class='ocr_par' dir='ltr' id='par_1_18' title="bbox 162 2088 3385 2169">
     <span class='ocr_line' id='line_1_18' title="bbox 162 2088 3385 2169; baseline 0 -18"><span class='ocrx_word' id='word_1_193' title='bbox 162 2089 490 2151; x_wconf 87' lang='lat' dir='ltr'>iutellectili</span> <span class='ocrx_word' id='word_1_194' title='bbox 537 2098 767 2153; x_wconf 87' lang='lat' dir='ltr'>natura</span> <span class='ocrx_word' id='word_1_195' title='bbox 799 2098 891 2153; x_wconf 90' lang='lat' dir='ltr'>est</span> <span class='ocrx_word' id='word_1_196' title='bbox 917 2092 1242 2168; x_wconf 79' lang='lat' dir='ltr'>praeditus,</span> <span class='ocrx_word' id='word_1_197' title='bbox 1272 2091 1414 2159; x_wconf 87' lang='lat' dir='ltr'>hoc,</span> <span class='ocrx_word' id='word_1_198' title='bbox 1442 2089 1593 2168; x_wconf 89' lang='lat' dir='ltr'>quia</span> <span class='ocrx_word' id='word_1_199' title='bbox 1628 2088 1980 2167; x_wconf 86' lang='lat' dir='ltr'>purgandis</span> <span class='ocrx_word' id='word_1_200' title='bbox 2025 2090 2260 2151; x_wconf 90' lang='lat' dir='ltr'>animis</span> <span class='ocrx_word' id='word_1_201' title='bbox 2292 2091 2529 2152; x_wconf 88' lang='lat' dir='ltr'>nostris</span> <span class='ocrx_word' id='word_1_202' title='bbox 2562 2089 2940 2160; x_wconf 78' lang='lat' dir='ltr'>adhibetur;</span> <span class='ocrx_word' id='word_1_203' title='bbox 2972 2090 3385 2169; x_wconf 81' lang='lat' dir='ltr'>quandoqui-</span> 
     </span>
    </p>
   </div>
   <div class='ocr_carea' id='block_1_19' title="bbox 164 2190 3389 2271">
    <p class='ocr_par' dir='ltr' id='par_1_19' title="bbox 164 2190 3389 2271">
     <span class='ocr_line' id='line_1_19' title="bbox 164 2190 3389 2271; baseline -0.001 -22"><span class='ocrx_word' id='word_1_204' title='bbox 164 2190 278 2249; x_wconf 89' lang='lat' dir='ltr'>dem</span> <span class='ocrx_word' id='word_1_205' title='bbox 308 2190 619 2267; x_wconf 90' lang='lat' dir='ltr'>primaria</span> <span class='ocrx_word' id='word_1_206' title='bbox 658 2207 920 2269; x_wconf 90' lang='lat' dir='ltr'>quoque</span> <span class='ocrx_word' id='word_1_207' title='bbox 953 2191 1057 2251; x_wconf 88' lang='lat' dir='ltr'>illa</span> <span class='ocrx_word' id='word_1_208' title='bbox 1090 2192 1368 2253; x_wconf 87' lang='lat' dir='ltr'>essentia</span> <span class='ocrx_word' id='word_1_209' title='bbox 1401 2192 1627 2271; x_wconf 90' lang='lat' dir='ltr'>(Deus)</span> <span class='ocrx_word' id='word_1_210' title='bbox 1693 2192 1923 2254; x_wconf 86' lang='lat' dir='ltr'>iisdem</span> <span class='ocrx_word' id='word_1_211' title='bbox 1965 2192 2336 2253; x_wconf 88' lang='lat' dir='ltr'>nominibus</span> <span class='ocrx_word' id='word_1_212' title='bbox 2387 2190 2451 2252; x_wconf 88' lang='lat' dir='ltr'>iu</span> <span class='ocrx_word' id='word_1_213' title='bbox 2497 2192 2818 2271; x_wconf 86' lang='lat' dir='ltr'>Scriptura</span> <span class='ocrx_word' id='word_1_214' title='bbox 2867 2200 3313 2268; x_wconf 88' lang='lat' dir='ltr'>nuncupatur.</span> <span class='ocrx_word' id='word_1_215' title='bbox 3360 2216 3389 2247; x_wconf 73' lang='grc' dir='ltr'><strong><em>ι</em></strong></span> 
     </span>
    </p>
   </div>
   <div class='ocr_carea' id='block_1_20' title="bbox 160 2286 3391 2372">
    <p class='ocr_par' dir='ltr' id='par_1_20' title="bbox 160 2286 3391 2372">
     <span class='ocr_line' id='line_1_20' title="bbox 160 2286 3391 2372; baseline 0.002 -23"><span class='ocrx_word' id='word_1_216' title='bbox 160 2286 394 2350; x_wconf 75' lang='lat' dir='ltr'>Videtur</span> <span class='ocrx_word' id='word_1_217' title='bbox 420 2290 671 2352; x_wconf 89' lang='lat' dir='ltr'>alicubi</span> <span class='ocrx_word' id='word_1_218' title='bbox 710 2290 785 2369; x_wconf 75' lang='grc' dir='ltr'>(ε)</span> <span class='ocrx_word' id='word_1_219' title='bbox 816 2292 1077 2370; x_wconf 88' lang='lat' dir='ltr'>angelos</span> <span class='ocrx_word' id='word_1_220' title='bbox 1112 2302 1332 2354; x_wconf 89' lang='lat' dir='ltr'>natura</span> <span class='ocrx_word' id='word_1_221' title='bbox 1365 2310 1478 2354; x_wconf 92' lang='lat' dir='ltr'>sua</span> <span class='ocrx_word' id='word_1_222' title='bbox 1506 2293 1683 2355; x_wconf 89' lang='lat' dir='ltr'>omni</span> <span class='ocrx_word' id='word_1_223' title='bbox 1716 2301 1976 2371; x_wconf 90' lang='lat' dir='ltr'>peccato</span> <span class='ocrx_word' id='word_1_224' title='bbox 2016 2308 2276 2365; x_wconf 89' lang='lat' dir='ltr'>prorsus</span> <span class='ocrx_word' id='word_1_225' title='bbox 2322 2291 2649 2354; x_wconf 90' lang='lat' dir='ltr'>immunes</span> <span class='ocrx_word' id='word_1_226' title='bbox 2690 2293 2970 2372; x_wconf 90' lang='lat' dir='ltr'>opinari.</span> <span class='ocrx_word' id='word_1_227' title='bbox 3008 2318 3036 2352; x_wconf 79' lang='grc' dir='ltr'><strong><em>α</em></strong></span> <span class='ocrx_word' id='word_1_228' title='bbox 3072 2296 3391 2369; x_wconf 90' lang='lat' dir='ltr'>Quoniam</span> 
     </span>
    </p>
   </div>
   <div class='ocr_carea' id='block_1_21' title="bbox 164 2389 3389 2475">
    <p class='ocr_par' dir='ltr' id='par_1_21' title="bbox 164 2389 3389 2475">
     <span class='ocr_line' id='line_1_21' title="bbox 164 2389 3389 2475; baseline 0.003 -27"><span class='ocrx_word' id='word_1_229' title='bbox 164 2391 306 2450; x_wconf 87' lang='lat' dir='ltr'>omni</span> <span class='ocrx_word' id='word_1_230' title='bbox 335 2390 587 2467; x_wconf 88' lang='lat' dir='ltr'>peccati</span> <span class='ocrx_word' id='word_1_231' title='bbox 626 2389 764 2452; x_wconf 89' lang='lat' dir='ltr'>labe</span> <span class='ocrx_word' id='word_1_232' title='bbox 796 2409 1034 2465; x_wconf 90' lang='lat' dir='ltr'>carere,</span> <span class='ocrx_word' id='word_1_233' title='bbox 1073 2392 1186 2453; x_wconf 91' lang='lat' dir='ltr'>Dei</span> <span class='ocrx_word' id='word_1_234' title='bbox 1257 2400 1377 2465; x_wconf 89' lang='lat' dir='ltr'>est,</span> <span class='ocrx_word' id='word_1_235' title='bbox 1432 2396 1779 2475; x_wconf 82' lang='lat' dir='ltr'>primaeque</span> <span class='ocrx_word' id='word_1_236' title='bbox 1845 2404 1906 2459; x_wconf 90' lang='lat' dir='ltr'>et</span> <span class='ocrx_word' id='word_1_237' title='bbox 1963 2391 2404 2470; x_wconf 83' lang='lat' dir='ltr'>incompositae</span> <span class='ocrx_word' id='word_1_238' title='bbox 2458 2399 2698 2455; x_wconf 87' lang='lat' dir='ltr'>naturae</span> <span class='ocrx_word' id='word_1_239' title='bbox 2761 2394 3160 2473; x_wconf 86' lang='lat' dir='ltr'>(simplicitas</span> <span class='ocrx_word' id='word_1_240' title='bbox 3216 2398 3389 2459; x_wconf 90' lang='lat' dir='ltr'>enim</span> 
     </span>
    </p>
   </div>
   <div class='ocr_carea' id='block_1_22' title="bbox 165 2492 3391 2575">
    <p class='ocr_par' dir='ltr' id='par_1_22' title="bbox 165 2492 3391 2575">
     <span class='ocr_line' id='line_1_22' title="bbox 165 2492 3391 2575; baseline 0.002 -25"><span class='ocrx_word' id='word_1_241' title='bbox 165 2496 340 2567; x_wconf 82' lang='lat' dir='ltr'>pacata</span> <span class='ocrx_word' id='word_1_242' title='bbox 367 2497 487 2561; x_wconf 89' lang='lat' dir='ltr'>est,</span> <span class='ocrx_word' id='word_1_243' title='bbox 519 2498 720 2568; x_wconf 89' lang='lat' dir='ltr'>atque</span> <span class='ocrx_word' id='word_1_244' title='bbox 771 2492 849 2575; x_wconf 84' lang='lat' dir='ltr'>ab</span> <span class='ocrx_word' id='word_1_245' title='bbox 879 2493 1051 2553; x_wconf 89' lang='lat' dir='ltr'>omni</span> <span class='ocrx_word' id='word_1_246' title='bbox 1091 2493 1357 2555; x_wconf 85' lang='lat' dir='ltr'>dissidio</span> <span class='ocrx_word' id='word_1_247' title='bbox 1400 2496 1704 2575; x_wconf 88' lang='lat' dir='ltr'>remota);</span> <span class='ocrx_word' id='word_1_248' title='bbox 1768 2497 2066 2558; x_wconf 85' lang='lat' dir='ltr'>audacter</span> <span class='ocrx_word' id='word_1_249' title='bbox 2126 2494 2315 2556; x_wconf 87' lang='lat' dir='ltr'>etiam</span> <span class='ocrx_word' id='word_1_250' title='bbox 2368 2492 2620 2575; x_wconf 79' lang='lat' dir='ltr'>addam,</span> <span class='ocrx_word' id='word_1_251' title='bbox 2654 2501 2713 2554; x_wconf 91' lang='lat' dir='ltr'>et</span> <span class='ocrx_word' id='word_1_252' title='bbox 2742 2494 3068 2573; x_wconf 90' lang='lat' dir='ltr'>angelicae,</span> <span class='ocrx_word' id='word_1_253' title='bbox 3102 2512 3245 2575; x_wconf 74' lang='lat' dir='ltr'>quae</span> <span class='ocrx_word' id='word_1_254' title='bbox 3278 2506 3391 2558; x_wconf 89' lang='lat' dir='ltr'>aut</span> 
     </span>
    </p>
   </div>
   <div class='ocr_carea' id='block_1_23' title="bbox 168 2574 3389 2677">
    <p class='ocr_par' dir='ltr' id='par_1_23' title="bbox 168 2574 3389 2677">
     <span class='ocr_line' id='line_1_23' title="bbox 168 2574 3389 2677; baseline 0.003 -28"><span class='ocrx_word' id='word_1_255' title='bbox 168 2606 389 2665; x_wconf 87' lang='lat' dir='ltr'>prorsus</span> <span class='ocrx_word' id='word_1_256' title='bbox 426 2598 617 2653; x_wconf 86' lang='lat' dir='ltr'>extra</span> <span class='ocrx_word' id='word_1_257' title='bbox 652 2574 950 2671; x_wconf 65' lang='lat' dir='ltr'>peccandi</span> <span class='ocrx_word' id='word_1_258' title='bbox 984 2593 1188 2655; x_wconf 89' lang='lat' dir='ltr'>aleam</span> <span class='ocrx_word' id='word_1_259' title='bbox 1226 2602 1344 2670; x_wconf 87' lang='lat' dir='ltr'>est,</span> <span class='ocrx_word' id='word_1_260' title='bbox 1378 2602 1488 2657; x_wconf 91' lang='lat' dir='ltr'>aut</span> <span class='ocrx_word' id='word_1_261' title='bbox 1519 2598 1596 2659; x_wconf 91' lang='lat' dir='ltr'>ad</span> <span class='ocrx_word' id='word_1_262' title='bbox 1634 2574 1692 2659; x_wconf 89' lang='lat' dir='ltr'>id</span> <span class='ocrx_word' id='word_1_263' title='bbox 1719 2604 1889 2661; x_wconf 89' lang='lat' dir='ltr'>certe</span> <span class='ocrx_word' id='word_1_264' title='bbox 1919 2596 2001 2658; x_wconf 94' lang='lat' dir='ltr'>ob</span> <span class='ocrx_word' id='word_1_265' title='bbox 2037 2612 2174 2658; x_wconf 85' lang='lat' dir='ltr'>eam</span> <span class='ocrx_word' id='word_1_266' title='bbox 2232 2594 2808 2676; x_wconf 86' lang='lat' dir='ltr'>prOpinquitatem,</span> <span class='ocrx_word' id='word_1_267' title='bbox 2843 2616 3037 2677; x_wconf 92' lang='lat' dir='ltr'>quam</span> <span class='ocrx_word' id='word_1_268' title='bbox 3072 2574 3148 2663; x_wconf 88' lang='lat' dir='ltr'>ad</span> <span class='ocrx_word' id='word_1_269' title='bbox 3183 2604 3389 2664; x_wconf 89' lang='lat' dir='ltr'>Deum</span> 
     </span>
    </p>
   </div>
   <div class='ocr_carea' id='block_1_24' title="bbox 166 2691 3384 2787">
    <p class='ocr_par' dir='ltr' id='par_1_24' title="bbox 166 2691 3384 2787">
     <span class='ocr_line' id='line_1_24' title="bbox 166 2691 3384 2787; baseline 0.005 -36"><span class='ocrx_word' id='word_1_270' title='bbox 166 2691 343 2763; x_wconf 88' lang='lat' dir='ltr'>habet,</span> <span class='ocrx_word' id='word_1_271' title='bbox 374 2694 678 2771; x_wconf 83' lang='lat' dir='ltr'>proxime</span> <span class='ocrx_word' id='word_1_272' title='bbox 711 2694 978 2755; x_wconf 87' lang='lat' dir='ltr'>accedit.</span> <span class='ocrx_word' id='word_1_273' title='bbox 1019 2716 1048 2750; x_wconf 66' lang='grc' dir='ltr'><strong>υ</strong></span> <span class='ocrx_word' id='word_1_274' title='bbox 1083 2697 1319 2756; x_wconf 85' lang='lat' dir='ltr'>Verum</span> <span class='ocrx_word' id='word_1_275' title='bbox 1360 2700 1743 2761; x_wconf 79' lang='lat' dir='ltr'>sententiam</span> <span class='ocrx_word' id='word_1_276' title='bbox 1773 2706 1885 2761; x_wconf 86' lang='lat' dir='ltr'>aut</span> <span class='ocrx_word' id='word_1_277' title='bbox 1920 2705 2303 2778; x_wconf 86' lang='lat' dir='ltr'>temperare,</span> <span class='ocrx_word' id='word_1_278' title='bbox 2335 2708 2443 2787; x_wconf 75' lang='lat' dir='ltr'>aut</span> <span class='ocrx_word' id='word_1_279' title='bbox 2473 2700 2697 2761; x_wconf 87' lang='lat' dir='ltr'>saltem</span> <span class='ocrx_word' id='word_1_280' title='bbox 2732 2701 3075 2781; x_wconf 86' lang='lat' dir='ltr'>explanare</span> <span class='ocrx_word' id='word_1_281' title='bbox 3107 2722 3384 2784; x_wconf 84' lang='lat' dir='ltr'>sequen-</span> 
     </span>
    </p>
   </div>
   <div class='ocr_carea' id='block_1_25' title="bbox 165 2794 3389 2884">
    <p class='ocr_par' dir='ltr' id='par_1_25' title="bbox 165 2794 3389 2884">
     <span class='ocr_line' id='line_1_25' title="bbox 165 2794 3389 2884; baseline 0.006 -33"><span class='ocrx_word' id='word_1_282' title='bbox 165 2794 305 2855; x_wconf 88' lang='lat' dir='ltr'>tibus</span> <span class='ocrx_word' id='word_1_283' title='bbox 329 2797 555 2857; x_wconf 87' lang='lat' dir='ltr'>dicere</span> <span class='ocrx_word' id='word_1_284' title='bbox 591 2796 749 2857; x_wconf 87' lang='lat' dir='ltr'>nihil</span> <span class='ocrx_word' id='word_1_285' title='bbox 786 2806 954 2859; x_wconf 90' lang='lat' dir='ltr'>vetat</span> <span class='ocrx_word' id='word_1_286' title='bbox 1002 2820 1029 2852; x_wconf 77' lang='grc' dir='ltr'>αι</span> <span class='ocrx_word' id='word_1_287' title='bbox 1064 2798 1135 2877; x_wconf 78' lang='lat' dir='ltr'>(n</span> <span class='ocrx_word' id='word_1_288' title='bbox 1166 2799 1373 2860; x_wconf 77' lang='lat' dir='ltr'>Gestit</span> <span class='ocrx_word' id='word_1_289' title='bbox 1401 2800 1661 2879; x_wconf 88' lang='lat' dir='ltr'>quidem</span> <span class='ocrx_word' id='word_1_290' title='bbox 1696 2801 1952 2861; x_wconf 85' lang='lat' dir='ltr'>animus</span> <span class='ocrx_word' id='word_1_291' title='bbox 1983 2798 2195 2862; x_wconf 87' lang='lat' dir='ltr'>dicere</span> <span class='ocrx_word' id='word_1_292' title='bbox 2253 2801 2327 2862; x_wconf 89' lang='lat' dir='ltr'>ad</span> <span class='ocrx_word' id='word_1_293' title='bbox 2364 2802 2598 2863; x_wconf 90' lang='lat' dir='ltr'>malum</span> <span class='ocrx_word' id='word_1_294' title='bbox 2635 2802 3003 2866; x_wconf 87' lang='lat' dir='ltr'>immobiles</span> <span class='ocrx_word' id='word_1_295' title='bbox 3036 2828 3064 2861; x_wconf 72' lang='grc' dir='ltr'>ι)</span> <span class='ocrx_word' id='word_1_296' title='bbox 3100 2807 3389 2884; x_wconf 88' lang='lat' dir='ltr'>angelos.</span> 
     </span>
    </p>
   </div>
   <div class='ocr_carea' id='block_1_26' title="bbox 168 2898 3390 2984">
    <p class='ocr_par' dir='ltr' id='par_1_26' title="bbox 168 2898 3390 2984">
     <span class='ocr_line' id='line_1_26' title="bbox 168 2898 3390 2984; baseline 0.004 -28"><span class='ocrx_word' id='word_1_297' title='bbox 168 2916 190 2947; x_wconf 77' lang='grc' dir='ltr'>ι</span> <span class='ocrx_word' id='word_1_298' title='bbox 213 2904 379 2975; x_wconf 87' lang='lat' dir='ltr'>atque</span> <span class='ocrx_word' id='word_1_299' title='bbox 400 2898 474 2957; x_wconf 91' lang='lat' dir='ltr'>ad</span> <span class='ocrx_word' id='word_1_300' title='bbox 501 2898 752 2959; x_wconf 85' lang='lat' dir='ltr'>bonum</span> <span class='ocrx_word' id='word_1_301' title='bbox 778 2898 1082 2959; x_wconf 79' lang='lat' dir='ltr'>duntaxat</span> <span class='ocrx_word' id='word_1_302' title='bbox 1105 2899 1516 2975; x_wconf 82' lang='lat' dir='ltr'>agitationem</span> <span class='ocrx_word' id='word_1_303' title='bbox 1560 2899 1892 2971; x_wconf 87' lang='lat' dir='ltr'>habentes,</span> <span class='ocrx_word' id='word_1_304' title='bbox 1926 2904 2146 2978; x_wconf 88' lang='lat' dir='ltr'>utpote</span> <span class='ocrx_word' id='word_1_305' title='bbox 2181 2901 2388 2962; x_wconf 91' lang='lat' dir='ltr'>Deum</span> <span class='ocrx_word' id='word_1_306' title='bbox 2438 2901 2957 2981; x_wconf 89' lang='lat' dir='ltr'>circumstantes,</span> <span class='ocrx_word' id='word_1_307' title='bbox 2985 2908 3390 2984; x_wconf 89' lang='lat' dir='ltr'>acprimario</span> 
     </span>
    </p>
   </div>
   <div class='ocr_carea' id='block_1_27' title="bbox 166 2999 3386 3079">
    <p class='ocr_par' dir='ltr' id='par_1_27' title="bbox 166 2999 3386 3079">
     <span class='ocr_line' id='line_1_27' title="bbox 166 2999 3386 3079; baseline 0.005 -24"><span class='ocrx_word' id='word_1_308' title='bbox 166 2999 252 3059; x_wconf 89' lang='lat' dir='ltr'>Dei</span> <span class='ocrx_word' id='word_1_309' title='bbox 280 3000 524 3077; x_wconf 82' lang='lat' dir='ltr'>fulgore</span> <span class='ocrx_word' id='word_1_310' title='bbox 568 2999 998 3074; x_wconf 89' lang='lat' dir='ltr'>collucentes;</span> <span class='ocrx_word' id='word_1_311' title='bbox 1035 3018 1256 3063; x_wconf 88' lang='lat' dir='ltr'>verum</span> <span class='ocrx_word' id='word_1_312' title='bbox 1301 3012 1368 3062; x_wconf 91' lang='lat' dir='ltr'>ut</span> <span class='ocrx_word' id='word_1_313' title='bbox 1401 3019 1532 3063; x_wconf 90' lang='lat' dir='ltr'>non</span> <span class='ocrx_word' id='word_1_314' title='bbox 1562 3002 1831 3063; x_wconf 69' lang='lat' dir='ltr'>omnino</span> <span class='ocrx_word' id='word_1_315' title='bbox 1891 3001 2284 3070; x_wconf 88' lang='lat' dir='ltr'>immobiles,</span> <span class='ocrx_word' id='word_1_316' title='bbox 2326 3001 2437 3062; x_wconf 90' lang='lat' dir='ltr'>sed</span> <span class='ocrx_word' id='word_1_317' title='bbox 2479 3019 2644 3079; x_wconf 84' lang='lat' dir='ltr'>aegre</span> <span class='ocrx_word' id='word_1_318' title='bbox 2695 3002 2966 3065; x_wconf 88' lang='lat' dir='ltr'>mobiles</span> <span class='ocrx_word' id='word_1_319' title='bbox 3023 3006 3386 3070; x_wconf 85' lang='lat' dir='ltr'>existimem</span> 
     </span>
    </p>
   </div>
   <div class='ocr_carea' id='block_1_28' title="bbox 169 3099 3388 3185">
    <p class='ocr_par' dir='ltr' id='par_1_28' title="bbox 169 3099 3388 3185">
     <span class='ocr_line' id='line_1_28' title="bbox 169 3099 3388 3185; baseline 0.004 -29"><span class='ocrx_word' id='word_1_320' title='bbox 169 3114 220 3158; x_wconf 80' lang='lat' dir='ltr'>ac</span> <span class='ocrx_word' id='word_1_321' title='bbox 242 3099 455 3174; x_wconf 89' lang='lat' dir='ltr'>dicam,</span> <span class='ocrx_word' id='word_1_322' title='bbox 489 3099 658 3162; x_wconf 84' lang='lat' dir='ltr'>mihi</span> <span class='ocrx_word' id='word_1_323' title='bbox 692 3103 1035 3180; x_wconf 88' lang='lat' dir='ltr'>persuadet</span> <span class='ocrx_word' id='word_1_324' title='bbox 1064 3102 1175 3164; x_wconf 92' lang='lat' dir='ltr'>ille</span> <span class='ocrx_word' id='word_1_325' title='bbox 1232 3103 1314 3164; x_wconf 92' lang='lat' dir='ltr'>ob</span> <span class='ocrx_word' id='word_1_326' title='bbox 1373 3104 1781 3182; x_wconf 89' lang='lat' dir='ltr'>splendorem</span> <span class='ocrx_word' id='word_1_327' title='bbox 1817 3102 2089 3175; x_wconf 74' lang='lat' dir='ltr'>Lucifer,-</span> <span class='ocrx_word' id='word_1_328' title='bbox 2151 3104 2263 3182; x_wconf 94' lang='lat' dir='ltr'>qui</span> <span class='ocrx_word' id='word_1_329' title='bbox 2306 3110 2562 3181; x_wconf 88' lang='lat' dir='ltr'>propter</span> <span class='ocrx_word' id='word_1_330' title='bbox 2624 3104 2988 3182; x_wconf 88' lang='lat' dir='ltr'>superbiam</span> <span class='ocrx_word' id='word_1_331' title='bbox 3031 3105 3257 3185; x_wconf 89' lang='lat' dir='ltr'>caligo,</span> <span class='ocrx_word' id='word_1_332' title='bbox 3325 3117 3388 3169; x_wconf 90' lang='lat' dir='ltr'>et</span> 
     </span>
    </p>
   </div>
   <div class='ocr_carea' id='block_1_29' title="bbox 168 3201 3382 3283">
    <p class='ocr_par' dir='ltr' id='par_1_29' title="bbox 168 3201 3382 3283">
     <span class='ocr_line' id='line_1_29' title="bbox 168 3201 3382 3283; baseline 0.003 -24"><span class='ocrx_word' id='word_1_333' title='bbox 168 3201 390 3263; x_wconf 78' lang='lat' dir='ltr'>etl‘ectus</span> <span class='ocrx_word' id='word_1_334' title='bbox 418 3210 548 3273; x_wconf 87' lang='lat' dir='ltr'>est,</span> <span class='ocrx_word' id='word_1_335' title='bbox 577 3211 638 3263; x_wconf 93' lang='lat' dir='ltr'>et</span> <span class='ocrx_word' id='word_1_336' title='bbox 670 3203 1057 3276; x_wconf 87' lang='lat' dir='ltr'>nominatur,</span> <span class='ocrx_word' id='word_1_337' title='bbox 1085 3222 1155 3267; x_wconf 88' lang='lat' dir='ltr'>ac</span> <span class='ocrx_word' id='word_1_338' title='bbox 1183 3204 1486 3282; x_wconf 87' lang='lat' dir='ltr'>subjectae</span> <span class='ocrx_word' id='word_1_339' title='bbox 1521 3204 1641 3283; x_wconf 92' lang='lat' dir='ltr'>ipsi</span> <span class='ocrx_word' id='word_1_340' title='bbox 1686 3203 1962 3266; x_wconf 87' lang='lat' dir='ltr'>rebelles</span> <span class='ocrx_word' id='word_1_341' title='bbox 2002 3210 2372 3281; x_wconf 89' lang='lat' dir='ltr'>potestates,</span> <span class='ocrx_word' id='word_1_342' title='bbox 2411 3220 2555 3283; x_wconf 82' lang='lat' dir='ltr'>quae</span> <span class='ocrx_word' id='word_1_343' title='bbox 2587 3223 2697 3283; x_wconf 86' lang='lat' dir='ltr'>per</span> <span class='ocrx_word' id='word_1_344' title='bbox 2721 3205 2873 3265; x_wconf 89' lang='lat' dir='ltr'>boni</span> <span class='ocrx_word' id='word_1_345' title='bbox 2908 3203 3131 3282; x_wconf 83' lang='lat' dir='ltr'>fugam</span> <span class='ocrx_word' id='word_1_346' title='bbox 3154 3208 3382 3268; x_wconf 87' lang='lat' dir='ltr'>vitium</span> 
     </span>
    </p>
   </div>
   <div class='ocr_carea' id='block_1_30' title="bbox 169 3302 3386 3383">
    <p class='ocr_par' dir='ltr' id='par_1_30' title="bbox 169 3302 3386 3383">
     <span class='ocr_line' id='line_1_30' title="bbox 169 3302 3386 3383; baseline 0.002 -22"><span class='ocrx_word' id='word_1_347' title='bbox 169 3302 502 3374; x_wconf 77' lang='lat' dir='ltr'>effecerunt,</span> <span class='ocrx_word' id='word_1_348' title='bbox 545 3302 835 3381; x_wconf 90' lang='lat' dir='ltr'>illudque</span> <span class='ocrx_word' id='word_1_349' title='bbox 869 3305 1051 3365; x_wconf 84' lang='lat' dir='ltr'>nobis</span> <span class='ocrx_word' id='word_1_350' title='bbox 1085 3311 1560 3367; x_wconf 82' lang='lat' dir='ltr'>contraxerunt.</span> <span class='ocrx_word' id='word_1_351' title='bbox 1591 3326 1619 3359; x_wconf 72' lang='grc' dir='ltr'><strong>υ</strong></span> <span class='ocrx_word' id='word_1_352' title='bbox 1656 3304 1937 3381; x_wconf 82' lang='lat' dir='ltr'>Angelos</span> <span class='ocrx_word' id='word_1_353' title='bbox 1970 3304 2073 3365; x_wconf 91' lang='lat' dir='ltr'>hic</span> <span class='ocrx_word' id='word_1_354' title='bbox 2095 3304 2366 3367; x_wconf 91' lang='lat' dir='ltr'>attendit</span> <span class='ocrx_word' id='word_1_355' title='bbox 2390 3306 2614 3383; x_wconf 89' lang='lat' dir='ltr'>quales</span> <span class='ocrx_word' id='word_1_356' title='bbox 2644 3314 2847 3379; x_wconf 90' lang='lat' dir='ltr'>erant,</span> <span class='ocrx_word' id='word_1_357' title='bbox 2881 3304 3035 3366; x_wconf 89' lang='lat' dir='ltr'>dum</span> <span class='ocrx_word' id='word_1_358' title='bbox 3061 3310 3140 3368; x_wconf 88' lang='lat' dir='ltr'>de</span> <span class='ocrx_word' id='word_1_359' title='bbox 3171 3307 3386 3369; x_wconf 84' lang='lat' dir='ltr'>futura</span> 
     </span>
    </p>
   </div>
   <div class='ocr_carea' id='block_1_31' title="bbox 167 3400 3385 3484">
    <p class='ocr_par' dir='ltr' id='par_1_31' title="bbox 167 3400 3385 3484">
     <span class='ocr_line' id='line_1_31' title="bbox 167 3400 3385 3484; baseline 0.001 -23"><span class='ocrx_word' id='word_1_360' title='bbox 167 3400 297 3463; x_wconf 67' lang='lat' dir='ltr'>forte</span> <span class='ocrx_word' id='word_1_361' title='bbox 323 3404 535 3465; x_wconf 88' lang='lat' dir='ltr'>adhuc</span> <span class='ocrx_word' id='word_1_362' title='bbox 568 3403 783 3476; x_wconf 90' lang='lat' dir='ltr'>inscii,</span> <span class='ocrx_word' id='word_1_363' title='bbox 824 3414 883 3467; x_wconf 91' lang='lat' dir='ltr'>et</span> <span class='ocrx_word' id='word_1_364' title='bbox 916 3406 1198 3467; x_wconf 90' lang='lat' dir='ltr'>nondum</span> <span class='ocrx_word' id='word_1_365' title='bbox 1260 3406 1324 3466; x_wconf 89' lang='lat' dir='ltr'>in</span> <span class='ocrx_word' id='word_1_366' title='bbox 1379 3407 1711 3467; x_wconf 89' lang='lat' dir='ltr'>sanctitate</span> <span class='ocrx_word' id='word_1_367' title='bbox 1757 3404 2173 3475; x_wconf 88' lang='lat' dir='ltr'>constabiliti,</span> <span class='ocrx_word' id='word_1_368' title='bbox 2236 3404 2440 3467; x_wconf 90' lang='lat' dir='ltr'>libero</span> <span class='ocrx_word' id='word_1_369' title='bbox 2481 3413 2775 3484; x_wconf 83' lang='lat' dir='ltr'>poterant</span> <span class='ocrx_word' id='word_1_370' title='bbox 2805 3404 3076 3465; x_wconf 90' lang='lat' dir='ltr'>arbitrio</span> <span class='ocrx_word' id='word_1_371' title='bbox 3105 3424 3137 3465; x_wconf 93' lang='lat' dir='ltr'>a</span> <span class='ocrx_word' id='word_1_372' title='bbox 3181 3410 3385 3484; x_wconf 66' lang='lat' dir='ltr'>prima</span> 
     </span>
    </p>
   </div>
   <div class='ocr_carea' id='block_1_32' title="bbox 169 3503 3385 3583">
    <p class='ocr_par' dir='ltr' id='par_1_32' title="bbox 169 3503 3385 3583">
     <span class='ocr_line' id='line_1_32' title="bbox 169 3503 3385 3583; baseline 0.002 -22"><span class='ocrx_word' id='word_1_373' title='bbox 169 3503 441 3565; x_wconf 81' lang='lat' dir='ltr'>sententia</span> <span class='ocrx_word' id='word_1_374' title='bbox 491 3504 569 3564; x_wconf 90' lang='lat' dir='ltr'>in</span> <span class='ocrx_word' id='word_1_375' title='bbox 626 3504 814 3566; x_wconf 86' lang='lat' dir='ltr'>aliam</span> <span class='ocrx_word' id='word_1_376' title='bbox 865 3508 1228 3577; x_wconf 83' lang='lat' dir='ltr'>detlectere,</span> <span class='ocrx_word' id='word_1_377' title='bbox 1263 3506 1407 3568; x_wconf 91' lang='lat' dir='ltr'>licet</span> <span class='ocrx_word' id='word_1_378' title='bbox 1444 3507 1518 3567; x_wconf 91' lang='lat' dir='ltr'>ad</span> <span class='ocrx_word' id='word_1_379' title='bbox 1544 3505 1859 3583; x_wconf 83' lang='lat' dir='ltr'>justitiam</span> <span class='ocrx_word' id='word_1_380' title='bbox 1893 3506 2127 3567; x_wconf 88' lang='lat' dir='ltr'>mentis</span> <span class='ocrx_word' id='word_1_381' title='bbox 2152 3505 2378 3567; x_wconf 74' lang='lat' dir='ltr'>aﬂ‘ectu</span> <span class='ocrx_word' id='word_1_382' title='bbox 2412 3516 2561 3569; x_wconf 80' lang='lat' dir='ltr'>tunc</span> <span class='ocrx_word' id='word_1_383' title='bbox 2587 3506 2928 3575; x_wconf 80' lang='lat' dir='ltr'>proclives,</span> <span class='ocrx_word' id='word_1_384' title='bbox 2958 3506 3385 3583; x_wconf 83' lang='lat' dir='ltr'>promptiores</span> 
     </span>
    </p>
   </div>
   <div class='ocr_carea' id='block_1_33' title="bbox 170 3604 1368 3682">
    <p class='ocr_par' dir='ltr' id='par_1_33' title="bbox 170 3604 1368 3682">
     <span class='ocr_line' id='line_1_33' title="bbox 170 3604 1368 3682; baseline 0.007 -23"><span class='ocrx_word' id='word_1_385' title='bbox 170 3605 226 3661; x_wconf 88' lang='lat' dir='ltr'>ad</span> <span class='ocrx_word' id='word_1_386' title='bbox 250 3604 473 3664; x_wconf 89' lang='lat' dir='ltr'>bonum</span> <span class='ocrx_word' id='word_1_387' title='bbox 506 3620 705 3682; x_wconf 89' lang='lat' dir='ltr'>quam</span> <span class='ocrx_word' id='word_1_388' title='bbox 738 3609 812 3670; x_wconf 89' lang='lat' dir='ltr'>ad</span> <span class='ocrx_word' id='word_1_389' title='bbox 850 3607 1084 3668; x_wconf 91' lang='lat' dir='ltr'>malum</span> <span class='ocrx_word' id='word_1_390' title='bbox 1125 3615 1368 3669; x_wconf 84' lang='lat' dir='ltr'>essent.</span> 
     </span>
    </p>
   </div>
   <div class='ocr_carea' id='block_1_34' title="bbox 230 3703 3385 3792">
    <p class='ocr_par' dir='ltr' id='par_1_34' title="bbox 230 3703 3385 3792">
     <span class='ocr_line' id='line_1_34' title="bbox 230 3703 3385 3792; baseline 0.005 -30"><span class='ocrx_word' id='word_1_391' title='bbox 230 3732 253 3762; x_wconf 82' lang='grc' dir='ltr'>ι</span> <span class='ocrx_word' id='word_1_392' title='bbox 282 3710 355 3787; x_wconf 73' lang='grc'>(9)</span> <span class='ocrx_word' id='word_1_393' title='bbox 384 3708 714 3788; x_wconf 80' lang='lat' dir='ltr'>Angelicae</span> <span class='ocrx_word' id='word_1_394' title='bbox 750 3710 1095 3782; x_wconf 89' lang='lat' dir='ltr'>potestates</span> <span class='ocrx_word' id='word_1_395' title='bbox 1124 3703 1360 3765; x_wconf 82' lang='lat' dir='ltr'>divinae</span> <span class='ocrx_word' id='word_1_396' title='bbox 1393 3703 1739 3766; x_wconf 89' lang='lat' dir='ltr'>voluntatis</span> <span class='ocrx_word' id='word_1_397' title='bbox 1801 3704 2112 3773; x_wconf 68' lang='lat' dir='ltr'>ministrae</span> <span class='ocrx_word' id='word_1_398' title='bbox 2148 3727 2322 3783; x_wconf 74' lang='lat' dir='ltr'>sunt,</span> <span class='ocrx_word' id='word_1_399' title='bbox 2380 3712 2739 3792; x_wconf 89' lang='lat' dir='ltr'>roboreque</span> <span class='ocrx_word' id='word_1_400' title='bbox 2801 3727 2928 3773; x_wconf 92' lang='lat' dir='ltr'>non</span> <span class='ocrx_word' id='word_1_401' title='bbox 2975 3712 3164 3774; x_wconf 91' lang='lat' dir='ltr'>modo</span> <span class='ocrx_word' id='word_1_402' title='bbox 3195 3722 3385 3776; x_wconf 86' lang='lat' dir='ltr'>natu-</span> 
     </span>
    </p>
   </div>
   <div class='ocr_carea' id='block_1_35' title="bbox 173 3803 3382 3898">
    <p class='ocr_par' dir='ltr' id='par_1_35' title="bbox 173 3803 3382 3898">
     <span class='ocr_line' id='line_1_35' title="bbox 173 3803 3382 3898; baseline 0.005 -33"><span class='ocrx_word' id='word_1_403' title='bbox 173 3807 277 3880; x_wconf 85' lang='lat' dir='ltr'>rali,</span> <span class='ocrx_word' id='word_1_404' title='bbox 309 3809 413 3870; x_wconf 85' lang='lat' dir='ltr'>sed</span> <span class='ocrx_word' id='word_1_405' title='bbox 445 3810 646 3872; x_wconf 89' lang='lat' dir='ltr'>etiam</span> <span class='ocrx_word' id='word_1_406' title='bbox 693 3805 1045 3868; x_wconf 79' lang='lat' dir='ltr'>adventitio</span> <span class='ocrx_word' id='word_1_407' title='bbox 1090 3803 1355 3883; x_wconf 86' lang='lat' dir='ltr'>pollent,</span> <span class='ocrx_word' id='word_1_408' title='bbox 1396 3804 1530 3867; x_wconf 92' lang='lat' dir='ltr'>loca</span> <span class='ocrx_word' id='word_1_409' title='bbox 1563 3805 1777 3866; x_wconf 88' lang='lat' dir='ltr'>omnia</span> <span class='ocrx_word' id='word_1_410' title='bbox 1832 3818 2188 3888; x_wconf 74' lang='lat' dir='ltr'>peragrant,</span> <span class='ocrx_word' id='word_1_411' title='bbox 2227 3820 2357 3873; x_wconf 94' lang='lat' dir='ltr'>tum</span> <span class='ocrx_word' id='word_1_412' title='bbox 2413 3815 2495 3875; x_wconf 88' lang='lat' dir='ltr'>ob</span> <span class='ocrx_word' id='word_1_413' title='bbox 2550 3814 2888 3877; x_wconf 90' lang='lat' dir='ltr'>ministerii</span> <span class='ocrx_word' id='word_1_414' title='bbox 2925 3820 3382 3898; x_wconf 88' lang='lat' dir='ltr'>promptitudi-</span> 
     </span>
    </p>
   </div>
   <div class='ocr_carea' id='block_1_36' title="bbox 174 3905 3378 3994">
    <p class='ocr_par' dir='ltr' id='par_1_36' title="bbox 174 3905 3378 3994">
     <span class='ocr_line' id='line_1_36' title="bbox 174 3905 3378 3994; baseline 0.005 -27"><span class='ocrx_word' id='word_1_415' title='bbox 174 3925 307 3983; x_wconf 86' lang='lat' dir='ltr'>nem,</span> <span class='ocrx_word' id='word_1_416' title='bbox 340 3919 471 3973; x_wconf 90' lang='lat' dir='ltr'>tum</span> <span class='ocrx_word' id='word_1_417' title='bbox 506 3912 597 3972; x_wconf 88' lang='lat' dir='ltr'>ob</span> <span class='ocrx_word' id='word_1_418' title='bbox 629 3914 869 3970; x_wconf 80' lang='lat' dir='ltr'>naturae</span> <span class='ocrx_word' id='word_1_419' title='bbox 922 3907 1270 3969; x_wconf 88' lang='lat' dir='ltr'>levitatem.</span> <span class='ocrx_word' id='word_1_420' title='bbox 1321 3905 1481 3967; x_wconf 78' lang='lat' dir='ltr'>Aliae</span> <span class='ocrx_word' id='word_1_421' title='bbox 1537 3906 1723 3970; x_wconf 88' lang='lat' dir='ltr'>aliam</span> <span class='ocrx_word' id='word_1_422' title='bbox 1773 3912 2112 3988; x_wconf 87' lang='lat' dir='ltr'>quamdam</span> <span class='ocrx_word' id='word_1_423' title='bbox 2171 3914 2347 3977; x_wconf 89' lang='lat' dir='ltr'>orbis</span> <span class='ocrx_word' id='word_1_424' title='bbox 2410 3921 2647 3992; x_wconf 87' lang='lat' dir='ltr'>partem</span> <span class='ocrx_word' id='word_1_425' title='bbox 2687 3918 3235 3994; x_wconf 86' lang='lat' dir='ltr'>complectuntur,</span> <span class='ocrx_word' id='word_1_426' title='bbox 3267 3933 3378 3984; x_wconf 92' lang='lat' dir='ltr'>aut</span> 
     </span>
    </p>
   </div>
   <div class='ocr_carea' id='block_1_37' title="bbox 174 4008 3381 4093">
    <p class='ocr_par' dir='ltr' id='par_1_37' title="bbox 174 4008 3381 4093">
     <span class='ocr_line' id='line_1_37' title="bbox 174 4008 3381 4093; baseline 0.006 -26"><span class='ocrx_word' id='word_1_427' title='bbox 174 4017 308 4072; x_wconf 87' lang='lat' dir='ltr'>certe</span> <span class='ocrx_word' id='word_1_428' title='bbox 335 4010 476 4072; x_wconf 88' lang='lat' dir='ltr'>aliis</span> <span class='ocrx_word' id='word_1_429' title='bbox 507 4008 806 4088; x_wconf 86' lang='lat' dir='ltr'>quaedam</span> <span class='ocrx_word' id='word_1_430' title='bbox 841 4024 984 4086; x_wconf 92' lang='lat' dir='ltr'>pars</span> <span class='ocrx_word' id='word_1_431' title='bbox 1020 4008 1358 4069; x_wconf 87' lang='lat' dir='ltr'>commissa</span> <span class='ocrx_word' id='word_1_432' title='bbox 1395 4012 1514 4083; x_wconf 89' lang='lat' dir='ltr'>est,</span> <span class='ocrx_word' id='word_1_433' title='bbox 1565 4021 1635 4073; x_wconf 88' lang='lat' dir='ltr'>ut</span> <span class='ocrx_word' id='word_1_434' title='bbox 1694 4014 1873 4076; x_wconf 90' lang='lat' dir='ltr'>novit</span> <span class='ocrx_word' id='word_1_435' title='bbox 1906 4015 2017 4093; x_wconf 90' lang='lat' dir='ltr'>qui</span> <span class='ocrx_word' id='word_1_436' title='bbox 2048 4014 2183 4077; x_wconf 82' lang='lat' dir='ltr'>haec</span> <span class='ocrx_word' id='word_1_437' title='bbox 2216 4016 2535 4078; x_wconf 90' lang='lat' dir='ltr'>ordinavit</span> <span class='ocrx_word' id='word_1_438' title='bbox 2590 4033 2660 4078; x_wconf 92' lang='lat' dir='ltr'>ac</span> <span class='ocrx_word' id='word_1_439' title='bbox 2696 4016 3013 4081; x_wconf 88' lang='lat' dir='ltr'>distinxit.</span> <span class='ocrx_word' id='word_1_440' title='bbox 3046 4022 3142 4083; x_wconf 81' lang='lat' dir='ltr'>Ad</span> <span class='ocrx_word' id='word_1_441' title='bbox 3182 4042 3381 4086; x_wconf 87' lang='lat' dir='ltr'>unum</span> 
     </span>
    </p>
   </div>
   <div class='ocr_carea' id='block_1_38' title="bbox 176 4106 3377 4200">
    <p class='ocr_par' dir='ltr' id='par_1_38' title="bbox 176 4106 3377 4200">
     <span class='ocr_line' id='line_1_38' title="bbox 176 4106 3377 4200; baseline 0.008 -35"><span class='ocrx_word' id='word_1_442' title='bbox 176 4124 345 4171; x_wconf 86' lang='lat' dir='ltr'>rerum</span> <span class='ocrx_word' id='word_1_443' title='bbox 381 4108 678 4174; x_wconf 87' lang='lat' dir='ltr'>omnium</span> <span class='ocrx_word' id='word_1_444' title='bbox 709 4106 1076 4170; x_wconf 88' lang='lat' dir='ltr'>Conditoris</span> <span class='ocrx_word' id='word_1_445' title='bbox 1106 4113 1338 4170; x_wconf 88' lang='lat' dir='ltr'>nutum</span> <span class='ocrx_word' id='word_1_446' title='bbox 1369 4111 1583 4173; x_wconf 88' lang='lat' dir='ltr'>omnia</span> <span class='ocrx_word' id='word_1_447' title='bbox 1612 4112 1679 4173; x_wconf 90' lang='lat' dir='ltr'>in</span> <span class='ocrx_word' id='word_1_448' title='bbox 1708 4115 2231 4193; x_wconf 89' lang='lat' dir='ltr'>unumjungunt.</span> <span class='ocrx_word' id='word_1_449' title='bbox 2266 4116 2530 4195; x_wconf 80' lang='lat' dir='ltr'>Divinas</span> <span class='ocrx_word' id='word_1_450' title='bbox 2571 4116 2791 4180; x_wconf 87' lang='lat' dir='ltr'>laudes</span> <span class='ocrx_word' id='word_1_451' title='bbox 2814 4136 3077 4200; x_wconf 89' lang='lat' dir='ltr'>canunt,</span> <span class='ocrx_word' id='word_1_452' title='bbox 3100 4144 3171 4188; x_wconf 94' lang='lat' dir='ltr'>ac</span> <span class='ocrx_word' id='word_1_453' title='bbox 3204 4145 3377 4190; x_wconf 90' lang='lat' dir='ltr'>sem-</span> 
     </span>
    </p>
   </div>
   <div class='ocr_carea' id='block_1_39' title="bbox 174 4207 3379 4309">
    <p class='ocr_par' dir='ltr' id='par_1_39' title="bbox 174 4207 3379 4309">
     <span class='ocr_line' id='line_1_39' title="bbox 174 4207 3379 4309; baseline 0.006 -35"><span class='ocrx_word' id='word_1_454' title='bbox 174 4214 440 4288; x_wconf 77' lang='lat' dir='ltr'>piternam</span> <span class='ocrx_word' id='word_1_455' title='bbox 471 4214 653 4277; x_wconf 91' lang='lat' dir='ltr'>illam</span> <span class='ocrx_word' id='word_1_456' title='bbox 669 4208 932 4288; x_wconf 86' lang='lat' dir='ltr'>gloriam</span> <span class='ocrx_word' id='word_1_457' title='bbox 956 4207 1342 4286; x_wconf 79' lang='lat' dir='ltr'>sempiterna</span> <span class='ocrx_word' id='word_1_458' title='bbox 1372 4209 1724 4287; x_wconf 89' lang='lat' dir='ltr'>intuentur,</span> <span class='ocrx_word' id='word_1_459' title='bbox 1743 4226 1863 4275; x_wconf 89' lang='lat' dir='ltr'>etc.</span> <span class='ocrx_word' id='word_1_460' title='bbox 1883 4216 1966 4295; x_wconf 71' lang='grc' dir='ltr'>(ἡ)</span> <span class='ocrx_word' id='word_1_461' title='bbox 1999 4217 2193 4278; x_wconf 84' lang='lat' dir='ltr'>Nobis</span> <span class='ocrx_word' id='word_1_462' title='bbox 2222 4240 2248 4271; x_wconf 74' lang='grc' dir='ltr'>»ο</span> <span class='ocrx_word' id='word_1_463' title='bbox 2268 4218 2456 4279; x_wconf 90' lang='lat' dir='ltr'>etiam</span> <span class='ocrx_word' id='word_1_464' title='bbox 2480 4240 2511 4278; x_wconf 73' lang='grc' dir='ltr'>ο(</span> <span class='ocrx_word' id='word_1_465' title='bbox 2539 4220 2613 4280; x_wconf 91' lang='lat' dir='ltr'>ad</span> <span class='ocrx_word' id='word_1_466' title='bbox 2641 4222 2882 4299; x_wconf 83' lang='lat' dir='ltr'>Optima</span> <span class='ocrx_word' id='word_1_467' title='bbox 2900 4230 3379 4309; x_wconf 81' lang='lat' dir='ltr'>quaequeadju-</span> 
     </span>
    </p>
   </div>
   <div class='ocr_carea' id='block_1_40' title="bbox 174 4322 619 4379">
    <p class='ocr_par' dir='ltr' id='par_1_40' title="bbox 174 4322 619 4379">
     <span class='ocr_line' id='line_1_40' title="bbox 174 4322 619 4379; baseline -0.013 -2"><span class='ocrx_word' id='word_1_468' title='bbox 174 4322 345 4379; x_wconf 79' lang='lat' dir='ltr'>mento</span> <span class='ocrx_word' id='word_1_469' title='bbox 372 4323 551 4379; x_wconf 88' lang='lat' dir='ltr'>sunt.</span> <span class='ocrx_word' id='word_1_470' title='bbox 588 4336 619 4371; x_wconf 71' lang='grc' dir='ltr'>ιν</span> 
     </span>
    </p>
   </div>
   <div class='ocr_carea' id='block_1_41' title="bbox 1010 4413 2491 4498">
    <p class='ocr_par' dir='ltr' id='par_1_41' title="bbox 1010 4413 2491 4498">
     <span class='ocr_line' id='line_1_41' title="bbox 1010 4413 2491 4498; baseline 0.005 -23"><span class='ocrx_word' id='word_1_471' title='bbox 1010 4416 1090 4475; x_wconf 85' lang='lat' dir='ltr'>De</span> <span class='ocrx_word' id='word_1_472' title='bbox 1116 4414 1322 4474; x_wconf 80' lang='lat' dir='ltr'>anima</span> <span class='ocrx_word' id='word_1_473' title='bbox 1362 4413 1609 4494; x_wconf 79' lang='lat' dir='ltr'>ejusque</span> <span class='ocrx_word' id='word_1_474' title='bbox 1644 4415 2111 4478; x_wconf 77' lang='lat' dir='ltr'>immortalitate</span> <span class='ocrx_word' id='word_1_475' title='bbox 2145 4428 2199 4479; x_wconf 83' lang='lat' dir='ltr'>et</span> <span class='ocrx_word' id='word_1_476' title='bbox 2229 4420 2491 4498; x_wconf 77' lang='lat' dir='ltr'>origine.</span> 
     </span>
    </p>
   </div>
   <div class='ocr_carea' id='block_1_42' title="bbox 234 4515 3378 4619">
    <p class='ocr_par' dir='ltr' id='par_1_42' title="bbox 234 4515 3378 4619">
     <span class='ocr_line' id='line_1_42' title="bbox 234 4515 3378 4619; baseline 0.003 -39"><span class='ocrx_word' id='word_1_477' title='bbox 234 4520 504 4582; x_wconf 79' lang='lat' dir='ltr'>Animam</span> <span class='ocrx_word' id='word_1_478' title='bbox 542 4536 622 4581; x_wconf 83' lang='lat' dir='ltr'>ex</span> <span class='ocrx_word' id='word_1_479' title='bbox 648 4520 779 4580; x_wconf 89' lang='lat' dir='ltr'>Deo</span> <span class='ocrx_word' id='word_1_480' title='bbox 804 4524 865 4580; x_wconf 91' lang='lat' dir='ltr'>et</span> <span class='ocrx_word' id='word_1_481' title='bbox 892 4516 1319 4579; x_wconf 86' lang='lat' dir='ltr'>immortalem</span> <span class='ocrx_word' id='word_1_482' title='bbox 1349 4532 1490 4578; x_wconf 89' lang='lat' dir='ltr'>esse</span> <span class='ocrx_word' id='word_1_483' title='bbox 1518 4515 1699 4577; x_wconf 86' lang='lat' dir='ltr'>docet</span> <span class='ocrx_word' id='word_1_484' title='bbox 1726 4517 1795 4595; x_wconf 84' lang='lat' dir='ltr'>(i)</span> <span class='ocrx_word' id='word_1_485' title='bbox 1833 4538 1905 4578; x_wconf 71' lang='grc' dir='ltr'>τα</span> <span class='ocrx_word' id='word_1_486' title='bbox 1942 4518 2171 4581; x_wconf 85' lang='lat' dir='ltr'>Anima</span> <span class='ocrx_word' id='word_1_487' title='bbox 2206 4537 2282 4582; x_wconf 86' lang='lat' dir='ltr'>ex</span> <span class='ocrx_word' id='word_1_488' title='bbox 2320 4524 2453 4585; x_wconf 88' lang='lat' dir='ltr'>Deo</span> <span class='ocrx_word' id='word_1_489' title='bbox 2478 4531 2595 4599; x_wconf 90' lang='lat' dir='ltr'>est,</span> <span class='ocrx_word' id='word_1_490' title='bbox 2626 4536 2817 4609; x_wconf 90' lang='lat' dir='ltr'>atque</span> <span class='ocrx_word' id='word_1_491' title='bbox 2870 4532 3111 4611; x_wconf 87' lang='lat' dir='ltr'>divina,</span> <span class='ocrx_word' id='word_1_492' title='bbox 3154 4555 3378 4619; x_wconf 82' lang='lat' dir='ltr'>SUper-</span> 
     </span>
    </p>
   </div>
   <div class='ocr_carea' id='block_1_43' title="bbox 178 4614 3381 4705">
    <p class='ocr_par' dir='ltr' id='par_1_43' title="bbox 178 4614 3381 4705">
     <span class='ocr_line' id='line_1_43' title="bbox 178 4614 3381 4705; baseline 0.005 -24"><span class='ocrx_word' id='word_1_493' title='bbox 178 4636 365 4703; x_wconf 80' lang='lat' dir='ltr'>uaeque</span> <span class='ocrx_word' id='word_1_494' title='bbox 396 4618 750 4687; x_wconf 89' lang='lat' dir='ltr'>nobilitatis</span> <span class='ocrx_word' id='word_1_495' title='bbox 787 4618 1129 4698; x_wconf 88' lang='lat' dir='ltr'>particeps,</span> <span class='ocrx_word' id='word_1_496' title='bbox 1191 4614 1267 4677; x_wconf 92' lang='lat' dir='ltr'>ad</span> <span class='ocrx_word' id='word_1_497' title='bbox 1301 4632 1574 4694; x_wconf 88' lang='lat' dir='ltr'>eamque</span> <span class='ocrx_word' id='word_1_498' title='bbox 1613 4632 1999 4696; x_wconf 85' lang='lat' dir='ltr'>prOperans;</span> <span class='ocrx_word' id='word_1_499' title='bbox 2035 4623 2284 4683; x_wconf 90' lang='lat' dir='ltr'>tametsi</span> <span class='ocrx_word' id='word_1_500' title='bbox 2321 4624 2529 4687; x_wconf 92' lang='lat' dir='ltr'>viliori</span> <span class='ocrx_word' id='word_1_501' title='bbox 2564 4627 2818 4692; x_wconf 90' lang='lat' dir='ltr'>interim</span> <span class='ocrx_word' id='word_1_502' title='bbox 2859 4653 2929 4697; x_wconf 90' lang='lat' dir='ltr'>ac</span> <span class='ocrx_word' id='word_1_503' title='bbox 2957 4614 3265 4704; x_wconf 73' lang='lat' dir='ltr'>deteriori</span> <span class='ocrx_word' id='word_1_504' title='bbox 3296 4645 3381 4705; x_wconf 81' lang='lat' dir='ltr'>sit</span> 
     </span>
    </p>
   </div>
   <div class='ocr_carea' id='block_1_44' title="bbox 180 4717 3375 4814">
    <p class='ocr_par' dir='ltr' id='par_1_44' title="bbox 180 4717 3375 4814">
     <span class='ocr_line' id='line_1_44' title="bbox 180 4717 3375 4814; baseline 0.008 -35"><span class='ocrx_word' id='word_1_505' title='bbox 180 4725 485 4788; x_wconf 82' lang='lat' dir='ltr'>astricta....</span> <span class='ocrx_word' id='word_1_506' title='bbox 520 4723 595 4805; x_wconf 82' lang='lat' dir='ltr'>(j)</span> <span class='ocrx_word' id='word_1_507' title='bbox 622 4722 710 4782; x_wconf 89' lang='lat' dir='ltr'>De</span> <span class='ocrx_word' id='word_1_508' title='bbox 744 4720 974 4781; x_wconf 82' lang='lat' dir='ltr'>animae</span> <span class='ocrx_word' id='word_1_509' title='bbox 997 4718 1205 4780; x_wconf 89' lang='lat' dir='ltr'>salute</span> <span class='ocrx_word' id='word_1_510' title='bbox 1240 4717 1701 4795; x_wconf 90' lang='lat' dir='ltr'>periclitamur,</span> <span class='ocrx_word' id='word_1_511' title='bbox 1732 4734 1875 4795; x_wconf 83' lang='lat' dir='ltr'>quae</span> <span class='ocrx_word' id='word_1_512' title='bbox 1906 4721 2089 4781; x_wconf 88' lang='lat' dir='ltr'>beata</span> <span class='ocrx_word' id='word_1_513' title='bbox 2124 4729 2184 4783; x_wconf 87' lang='lat' dir='ltr'>et</span> <span class='ocrx_word' id='word_1_514' title='bbox 2242 4724 2622 4788; x_wconf 88' lang='lat' dir='ltr'>immortaiis</span> <span class='ocrx_word' id='word_1_515' title='bbox 2657 4739 2776 4804; x_wconf 88' lang='lat' dir='ltr'>est,</span> <span class='ocrx_word' id='word_1_516' title='bbox 2817 4740 3008 4814; x_wconf 89' lang='lat' dir='ltr'>atque</span> <span class='ocrx_word' id='word_1_517' title='bbox 3040 4738 3375 4804; x_wconf 89' lang='lat' dir='ltr'>immorta-</span> 
     </span>
    </p>
   </div>
   <div class='ocr_carea' id='block_1_45' title="bbox 178 4817 3380 4911">
    <p class='ocr_par' dir='ltr' id='par_1_45' title="bbox 178 4817 3380 4911">
     <span class='ocr_line' id='line_1_45' title="bbox 178 4817 3380 4911; baseline 0.005 -34"><span class='ocrx_word' id='word_1_518' title='bbox 178 4818 336 4896; x_wconf 86' lang='lat' dir='ltr'>libus,</span> <span class='ocrx_word' id='word_1_519' title='bbox 396 4825 494 4887; x_wconf 80' lang='lat' dir='ltr'>vel</span> <span class='ocrx_word' id='word_1_520' title='bbox 554 4819 919 4900; x_wconf 87' lang='lat' dir='ltr'>suppliciis,</span> <span class='ocrx_word' id='word_1_521' title='bbox 973 4818 1071 4881; x_wconf 90' lang='lat' dir='ltr'>vel</span> <span class='ocrx_word' id='word_1_522' title='bbox 1140 4817 1460 4888; x_wconf 88' lang='lat' dir='ltr'>laudibus,</span> <span class='ocrx_word' id='word_1_523' title='bbox 1514 4821 1595 4882; x_wconf 92' lang='lat' dir='ltr'>ob</span> <span class='ocrx_word' id='word_1_524' title='bbox 1634 4821 1857 4883; x_wconf 87' lang='lat' dir='ltr'>vitium</span> <span class='ocrx_word' id='word_1_525' title='bbox 1912 4832 2021 4885; x_wconf 91' lang='lat' dir='ltr'>aut</span> <span class='ocrx_word' id='word_1_526' title='bbox 2078 4826 2378 4885; x_wconf 79' lang='lat' dir='ltr'>virtutem</span> <span class='ocrx_word' id='word_1_527' title='bbox 2440 4824 2777 4891; x_wconf 77' lang='lat' dir='ltr'>afﬁcietur.</span> <span class='ocrx_word' id='word_1_528' title='bbox 2816 4854 2845 4887; x_wconf 65' lang='grc' dir='ltr'><strong><em>ι</em></strong></span> <span class='ocrx_word' id='word_1_529' title='bbox 2891 4835 3130 4911; x_wconf 87' lang='lat' dir='ltr'>Patres,</span> <span class='ocrx_word' id='word_1_530' title='bbox 3165 4845 3380 4904; x_wconf 65' lang='lat' dir='ltr'>carnis</span> 
     </span>
    </p>
   </div>
   <div class='ocr_carea' id='block_1_46' title="bbox 181 4929 849 5007">
    <p class='ocr_par' dir='ltr' id='par_1_46' title="bbox 181 4929 849 5007">
     <span class='ocr_line' id='line_1_46' title="bbox 181 4929 849 5007; baseline 0.013 -27"><span class='ocrx_word' id='word_1_531' title='bbox 181 4929 379 4986; x_wconf 78' lang='lat' dir='ltr'>tantum</span> <span class='ocrx_word' id='word_1_532' title='bbox 407 4934 559 4988; x_wconf 88' lang='lat' dir='ltr'>sunt</span> <span class='ocrx_word' id='word_1_533' title='bbox 592 4934 799 5007; x_wconf 85' lang='lat' dir='ltr'>patres</span> <span class='ocrx_word' id='word_1_534' title='bbox 833 4946 849 4980; x_wconf 85' lang='lat'><strong>:</strong></span> 
     </span>
    </p>
   </div>
   <div class='ocr_carea' id='block_1_47' title="bbox 696 5051 2159 5127">
    <p class='ocr_par' dir='ltr' id='par_1_47' title="bbox 696 5051 2159 5127">
     <span class='ocr_line' id='line_1_47' title="bbox 696 5051 2159 5127; baseline -0.001 -20"><span class='ocrx_word' id='word_1_535' title='bbox 696 5051 954 5127; x_wconf 37' lang='grc' dir='ltr'>Οὐχ-ὅλου</span> <span class='ocrx_word' id='word_1_536' title='bbox 987 5052 1289 5127; x_wconf 71' lang='grc' dir='ltr'>ἀνθρώπριο</span> <span class='ocrx_word' id='word_1_537' title='bbox 1315 5054 1495 5127; x_wconf 82' lang='grc' dir='ltr'>πατὴρ</span> <span class='ocrx_word' id='word_1_538' title='bbox 1518 5055 1722 5127; x_wconf 78' lang='grc' dir='ltr'>βροτὸς,</span> <span class='ocrx_word' id='word_1_539' title='bbox 1747 5055 1822 5119; x_wconf 82' lang='grc' dir='ltr'>ὡς</span> <span class='ocrx_word' id='word_1_540' title='bbox 1855 5054 2159 5127; x_wconf 74' lang='grc' dir='ltr'>ἐνέπουσιν,</span> 
     </span>
    </p>
   </div>
   <div class='ocr_carea' id='block_1_48' title="bbox 696 5123 2235 5197">
    <p class='ocr_par' dir='ltr' id='par_1_48' title="bbox 696 5123 2235 5197">
     <span class='ocr_line' id='line_1_48' title="bbox 696 5123 2235 5197; baseline -0.001 -19"><span class='ocrx_word' id='word_1_541' title='bbox 696 5123 833 5197; x_wconf 65' lang='grc' dir='ltr'>Ἀλλ’</span> <span class='ocrx_word' id='word_1_542' title='bbox 866 5125 1023 5197; x_wconf 18' lang='grc' dir='ltr'>ὄσᾼσον</span> <span class='ocrx_word' id='word_1_543' title='bbox 1052 5123 1251 5197; x_wconf 63' lang='lat' dir='ltr'>carpito;</span> <span class='ocrx_word' id='word_1_544' title='bbox 1271 5143 1342 5197; x_wconf 16' lang='lat' dir='ltr'>Axe</span> <span class='ocrx_word' id='word_1_545' title='bbox 1361 5123 1741 5197; x_wconf 42' lang='grc' dir='ltr'>ξεαϊξαῗματος·</span> <span class='ocrx_word' id='word_1_546' title='bbox 1777 5126 2101 5197; x_wconf 76' lang='grc' dir='ltr'>ἀμφοτέρων</span> <span class='ocrx_word' id='word_1_547' title='bbox 2137 5126 2235 5195; x_wconf 82' lang='grc' dir='ltr'>μὲν</span> 
     </span>
    </p>
   </div>
   <div class='ocr_carea' id='block_1_49' title="bbox 711 5194 2031 5319">
    <p class='ocr_par' dir='ltr' id='par_1_49' title="bbox 711 5194 2031 5319">
     <span class='ocr_line' id='line_1_49' title="bbox 711 5194 2031 5319; baseline 0 -70"><span class='ocrx_word' id='word_1_548' title='bbox 711 5194 1066 5319; x_wconf 54' lang='grc' dir='ltr'>Ὀλλυδιένων,</span> <span class='ocrx_word' id='word_1_549' title='bbox 1094 5194 1237 5265; x_wconf 73' lang='grc' dir='ltr'>ψυχὴ</span> <span class='ocrx_word' id='word_1_550' title='bbox 1264 5195 1321 5249; x_wconf 87' lang='grc' dir='ltr'>δὲ</span> <span class='ocrx_word' id='word_1_551' title='bbox 1348 5194 1482 5249; x_wconf 81' lang='grc' dir='ltr'>Θεοῦ</span> <span class='ocrx_word' id='word_1_552' title='bbox 1505 5194 1830 5281; x_wconf 56' lang='grc' dir='ltr'>κραςεέοντοέ</span> <span class='ocrx_word' id='word_1_553' title='bbox 1849 5194 2031 5267; x_wconf 74' lang='grc' dir='ltr'>ἄημσί,</span> 
     </span>
     <span class='ocr_line' id='line_1_50' title="bbox 711 5265 2031 5319; baseline 0.001 -1"><span class='ocrx_word' id='word_1_554' title='bbox 711 5265 866 5319; x_wconf 86' lang='grc' dir='ltr'>Ἐκτο</span> <span class='ocrx_word' id='word_1_555' title='bbox 900 5282 958 5319; x_wconf 90' lang='grc' dir='ltr'>εν</span> <span class='ocrx_word' id='word_1_556' title='bbox 993 5266 1349 5319; x_wconf 67' lang='grc' dir='ltr'>εἰσι-πίπτουσα</span> <span class='ocrx_word' id='word_1_557' title='bbox 1373 5266 1495 5319; x_wconf 73' lang='grc' dir='ltr'>νοὸς</span> <span class='ocrx_word' id='word_1_558' title='bbox 1523 5266 1736 5319; x_wconf 83' lang='grc' dir='ltr'>πλασει.</span> <span class='ocrx_word' id='word_1_559' title='bbox 1773 5265 1922 5319; x_wconf 71' lang='grc' dir='ltr'>Οἶδεν</span> <span class='ocrx_word' id='word_1_560' title='bbox 1950 5270 1978 5319; x_wconf 87' lang='grc' dir='ltr'><strong>ό</strong></span> <span class='ocrx_word' id='word_1_561' title='bbox 2003 5285 2031 5319; x_wconf 88' lang='lat' dir='ltr'>u</span> 
     </span>
    </p>
   </div>
   <div class='ocr_carea' id='block_1_50' title="bbox 702 5262 2180 5338">
    <p class='ocr_par' dir='ltr' id='par_1_50' title="bbox 702 5262 2180 5338">
     <span class='ocr_line' id='line_1_51' title="bbox 702 5262 2180 5338; baseline 0.001 -20"><span class='ocrx_word' id='word_1_562' title='bbox 702 5262 958 5338; x_wconf 35' lang='lat' dir='ltr'>{Exzoeev</span> <span class='ocrx_word' id='word_1_563' title='bbox 993 5262 1349 5338; x_wconf 63' lang='grc' dir='ltr'>εἰςτέίτὲσξόυσα</span> <span class='ocrx_word' id='word_1_564' title='bbox 1373 5266 1495 5335; x_wconf 84' lang='grc' dir='ltr'>χοὸς</span> <span class='ocrx_word' id='word_1_565' title='bbox 1523 5262 1736 5321; x_wconf 60' lang='grc' dir='ltr'>ἠλάσει.</span> <span class='ocrx_word' id='word_1_566' title='bbox 1773 5262 1978 5320; x_wconf 62' lang='grc' dir='ltr'>Οἷδειῖό</span> <span class='ocrx_word' id='word_1_567' title='bbox 2002 5267 2180 5338; x_wconf 78' lang='grc' dir='ltr'>μίξας,</span> 
     </span>
    </p>
   </div>
   <div class='ocr_carea' id='block_1_51' title="bbox 708 5336 2153 5411">
    <p class='ocr_par' dir='ltr' id='par_1_51' title="bbox 708 5336 2153 5411">
     <span class='ocr_line' id='line_1_52' title="bbox 708 5336 2153 5411; baseline -0.001 -21"><span class='ocrx_word' id='word_1_568' title='bbox 708 5337 830 5400; x_wconf 86' lang='grc' dir='ltr'>Ἰῶς</span> <span class='ocrx_word' id='word_1_569' title='bbox 859 5337 921 5390; x_wconf 80' lang='grc' dir='ltr'><strong>τὸ</strong></span> <span class='ocrx_word' id='word_1_570' title='bbox 954 5336 1167 5390; x_wconf 84' lang='grc' dir='ltr'>ποῶτον</span> <span class='ocrx_word' id='word_1_571' title='bbox 1192 5336 1437 5401; x_wconf 75' lang='grc' dir='ltr'>ἔπνευσε,</span> <span class='ocrx_word' id='word_1_572' title='bbox 1464 5338 1556 5390; x_wconf 79' lang='grc' dir='ltr'>καὶ</span> <span class='ocrx_word' id='word_1_573' title='bbox 1582 5337 1763 5390; x_wconf 76' lang='grc' dir='ltr'>εἰκόνα</span> <span class='ocrx_word' id='word_1_574' title='bbox 1790 5338 1980 5409; x_wconf 76' lang='grc' dir='ltr'>μίξατο</span> <span class='ocrx_word' id='word_1_575' title='bbox 2002 5336 2153 5411; x_wconf 63' lang='grc' dir='ltr'>γαίῃ.</span> 
     </span>
    </p>
   </div>
   <div class='ocr_carea' id='block_1_52' title="bbox 229 5490 2386 5595">
    <p class='ocr_par' dir='ltr' id='par_1_52' title="bbox 229 5490 2386 5595">
     <span class='ocr_line' id='line_1_53' title="bbox 229 5490 2386 5595; baseline -0.008 0"><span class='ocrx_word' id='word_1_576' title='bbox 229 5490 298 5595; x_wconf 54' lang='grc' dir='ltr'>ῳ</span> <span class='ocrx_word' id='word_1_577' title='bbox 327 5512 413 5595; x_wconf 65' lang='grc' dir='ltr'>,ρτο</span> <span class='ocrx_word' id='word_1_578' title='bbox 436 5514 531 5595; x_wconf 49' lang='grc' dir='ltr'>ἔθ’</span> <span class='ocrx_word' id='word_1_579' title='bbox 555 5520 717 5595; x_wconf 60' lang='lat'>&quot;-91-</span> <span class='ocrx_word' id='word_1_580' title='bbox 1881 5525 1946 5595; x_wconf 70' lang='grc' dir='ltr'>(ί)</span> <span class='ocrx_word' id='word_1_581' title='bbox 1985 5522 2076 5579; x_wconf 87' lang='lat' dir='ltr'>0r.</span> <span class='ocrx_word' id='word_1_582' title='bbox 2110 5523 2201 5587; x_wconf 86' lang='lat'>58,</span> <span class='ocrx_word' id='word_1_583' title='bbox 2237 5541 2293 5579; x_wconf 82' lang='grc' dir='ltr'>ιι.</span> <span class='ocrx_word' id='word_1_584' title='bbox 2334 5525 2386 5577; x_wconf 88' lang='lat'>9.</span> 
     </span>
    </p>
   </div>
   <div class='ocr_carea' id='block_1_53' title="bbox 231 5578 1778 5667">
    <p class='ocr_par' dir='ltr' id='par_1_53' title="bbox 231 5578 738 5667">
     <span class='ocr_line' id='line_1_54' title="bbox 231 5578 738 5667; baseline 0 0"><span class='ocrx_word' id='word_1_585' title='bbox 231 5578 294 5667; x_wconf 70' lang='lat' dir='ltr'>ri</span> <span class='ocrx_word' id='word_1_586' title='bbox 324 5582 410 5667; x_wconf 62' lang='lat' dir='ltr'>9r.</span> <span class='ocrx_word' id='word_1_587' title='bbox 436 5578 535 5667; x_wconf 64' lang='lat' dir='ltr'>ag.</span> <span class='ocrx_word' id='word_1_588' title='bbox 652 5591 738 5667; x_wconf 65' lang='lat'>15-</span> 
     </span>
    </p>
   </div>
   <div class='ocr_carea' id='block_1_54' title="bbox 868 5578 2415 5667">
    <p class='ocr_par' dir='ltr' id='par_1_54' title="bbox 1874 5578 2415 5667">
     <span class='ocr_line' id='line_1_55' title="bbox 1874 5578 2415 5667; baseline -0.03 -6"><span class='ocrx_word' id='word_1_589' title='bbox 1982 5578 2077 5667; x_wconf 64' lang='grc' dir='ltr'>ρι’.</span> <span class='ocrx_word' id='word_1_590' title='bbox 2116 5578 2209 5667; x_wconf 45' lang='grc'>28.</span> <span class='ocrx_word' id='word_1_591' title='bbox 2240 5578 2299 5648; x_wconf 86' lang='grc' dir='ltr'>ιι.</span> <span class='ocrx_word' id='word_1_592' title='bbox 2330 5596 2415 5667; x_wconf 61' lang='grc' dir='ltr'>ξι.</span> 
     </span>
    </p>
   </div>
   <div class='ocr_carea' id='block_1_55' title="bbox 237 5652 1784 5736">
    <p class='ocr_par' dir='ltr' id='par_1_55' title="bbox 237 5652 735 5736">
     <span class='ocr_line' id='line_1_56' title="bbox 237 5652 735 5736; baseline 0 0"><span class='ocrx_word' id='word_1_593' title='bbox 237 5652 298 5736; x_wconf 62' lang='lat' dir='ltr'>se).</span> <span class='ocrx_word' id='word_1_594' title='bbox 329 5652 532 5736; x_wconf 60' lang='lat' dir='ltr'>tit-.28;</span> <span class='ocrx_word' id='word_1_595' title='bbox 652 5661 735 5715; x_wconf 70' lang='grc' dir='ltr'>δίο</span> 
     </span>
    </p>
   </div>
   <div class='ocr_carea' id='block_1_56' title="bbox 872 5652 2419 5736">
    <p class='ocr_par' dir='ltr' id='par_1_56' title="bbox 1871 5652 2419 5736">
     <span class='ocr_line' id='line_1_57' title="bbox 1871 5652 2419 5736; baseline 0.007 -22"><span class='ocrx_word' id='word_1_596' title='bbox 1871 5652 1947 5736; x_wconf 59' lang='grc' dir='ltr'>(Μ</span> <span class='ocrx_word' id='word_1_597' title='bbox 1985 5652 2218 5736; x_wconf 70' lang='lat' dir='ltr'>Or._40,</span> <span class='ocrx_word' id='word_1_598' title='bbox 2249 5682 2302 5718; x_wconf 88' lang='grc' dir='ltr'>ιι.</span> <span class='ocrx_word' id='word_1_599' title='bbox 2330 5665 2419 5719; x_wconf 82' lang='grc'>56.</span> 
     </span>
    </p>
   </div>
   <div class='ocr_carea' id='block_1_57' title="bbox 254 5721 1801 5803">
    <p class='ocr_par' dir='ltr' id='par_1_57' title="bbox 254 5721 1475 5803">
     <span class='ocr_line' id='line_1_58' title="bbox 254 5721 1475 5803; baseline 0 0"><span class='ocrx_word' id='word_1_600' title='bbox 254 5721 303 5803; x_wconf 65' lang='grc' dir='ltr'>ει.)</span> <span class='ocrx_word' id='word_1_601' title='bbox 325 5724 492 5803; x_wconf 61' lang='grc' dir='ltr'>ιδίας,</span> <span class='ocrx_word' id='word_1_602' title='bbox 520 5721 527 5724; x_wconf 61' lang='grc'>⁷</span> <span class='ocrx_word' id='word_1_603' title='bbox 1463 5799 1475 5803; x_wconf 89' lang='lat'><em>_</em></span> 
     </span>
    </p>
   </div>
   <div class='ocr_carea' id='block_1_58' title="bbox 795 5721 2342 5803">
    <p class='ocr_par' dir='ltr' id='par_1_58' title="bbox 1463 5721 2342 5803">
     <span class='ocr_line' id='line_1_59' title="bbox 1463 5721 2342 5803; baseline 0.005 -19"><span class='ocrx_word' id='word_1_604' title='bbox 1463 5799 1475 5803; x_wconf 88' lang='lat'>_</span> <span class='ocrx_word' id='word_1_605' title='bbox 1868 5721 1928 5803; x_wconf 70' lang='grc' dir='ltr'>(ε)</span> <span class='ocrx_word' id='word_1_606' title='bbox 1965 5736 2055 5789; x_wconf 91' lang='lat' dir='ltr'>Or.</span> <span class='ocrx_word' id='word_1_607' title='bbox 2085 5734 2141 5799; x_wconf 72' lang='lat'>2,</span> <span class='ocrx_word' id='word_1_608' title='bbox 2172 5721 2224 5787; x_wconf 85' lang='lat' dir='ltr'>n&#39;.</span> <span class='ocrx_word' id='word_1_609' title='bbox 2256 5736 2342 5788; x_wconf 76' lang='lat' dir='ltr'>t7.</span> 
     </span>
    </p>
   </div>
   <div class='ocr_carea' id='block_1_59' title="bbox 256 5790 1803 5873">
    <p class='ocr_par' dir='ltr' id='par_1_59' title="bbox 256 5790 1476 5866">
     <span class='ocr_line' id='line_1_60' title="bbox 256 5790 1476 5866; baseline 0.007 -18"><span class='ocrx_word' id='word_1_610' title='bbox 256 5790 295 5861; x_wconf 65' lang='grc' dir='ltr'>ρ)</span> <span class='ocrx_word' id='word_1_611' title='bbox 323 5790 405 5849; x_wconf 85' lang='lat' dir='ltr'>0r.</span> <span class='ocrx_word' id='word_1_612' title='bbox 433 5798 519 5866; x_wconf 80' lang='grc' dir='ltr'>ιο,</span> <span class='ocrx_word' id='word_1_613' title='bbox 548 5817 599 5856; x_wconf 92' lang='lat' dir='ltr'>n.</span> <span class='ocrx_word' id='word_1_614' title='bbox 624 5804 672 5856; x_wconf 84' lang='lat'>7.</span> <span class='ocrx_word' id='word_1_615' title='bbox 1463 5799 1476 5809; x_wconf 84' lang='grc'><strong>’</strong></span> 
     </span>
    </p>
   </div>
   <div class='ocr_carea' id='block_1_60' title="bbox 796 5790 2343 5873">
    <p class='ocr_par' dir='ltr' id='par_1_60' title="bbox 1463 5790 2343 5873">
     <span class='ocr_line' id='line_1_61' title="bbox 1463 5790 2343 5873; baseline 0.005 -15"><span class='ocrx_word' id='word_1_616' title='bbox 1463 5799 1476 5809; x_wconf 83' lang='lat'><strong><em>°</em></strong></span> <span class='ocrx_word' id='word_1_617' title='bbox 1866 5790 1933 5873; x_wconf 62' lang='grc' dir='ltr'>ελ)</span> <span class='ocrx_word' id='word_1_618' title='bbox 1974 5790 2141 5871; x_wconf 60' lang='lat' dir='ltr'>una;</span> <span class='ocrx_word' id='word_1_619' title='bbox 2169 5822 2223 5859; x_wconf 90' lang='grc' dir='ltr'>ιι.</span> <span class='ocrx_word' id='word_1_620' title='bbox 2254 5805 2343 5862; x_wconf 75' lang='grc'>98-</span> 
     </span>
    </p>
   </div>
  </div>
