3918 6550
529 386 619 456 ιιι
1505 397 1867 453 cinnamo
1903 397 2076 454 GENE

2186 400 2311 456 LlS.
2350 431 2417 439 —
2453 400 2630 456 PARS
2668 399 2752 453 lll.
3645 395 3733 451 112

1088 518 1160 588 (u)
1190 517 1305 571 Non
1334 517 1494 571 totius
1526 517 1756 570 hominis
1783 518 1937 571 homo
1960 528 2107 585 pater
2133 528 2235 580 est,
2269 531 2326 573 ut
2349 520 2449 573 dici
2479 520 2631 579 solet,

1089 590 1193 640 Sed
1225 597 1427 640 tantum
1454 588 1633 641 carnis
1660 598 1711 640 et
1738 589 2031 656 sanguinis,
2063 603 2287 655 quorum
2320 600 2607 656 utrumque

1080 657 1302 710 Perihit.
1343 656 1534 710 Anima
1563 668 1737 727 autem
1774 656 1868 709 Dei
1892 659 2277 725 omnipotentis
2306 661 2632 727 spiraculum
2667 669 2768 722 est,

1086 728 1429 781 Extrinsecus
1470 725 1708 779 incidens
1734 727 1786 780 in
1815 736 2067 779 terrestre
2094 725 2424 795 ﬁgmentum.
2467 730 2624 783 Novit
2658 730 2746 794 qui
2778 728 2988 782 miscuit

1080 796 1355 862 Quomodo
1388 797 1615 864 primum
1647 795 1866 862 amavit,
1890 811 1954 850 ac
1995 799 2278 866 imaginem
2302 810 2461 854 terrae
2494 801 2735 864 miscuit.

1771 908 2093 969 Peccatum
2148 912 2471 989 originale.

598 1009 917 1086 Originale
952 1016 1272 1085 peccatum
1305 1009 2127 1086 apertissimeconﬁtetur:
2186 1034 2213 1067 α
2254 1013 2453 1073 Totus
2536 1011 2759 1084 cecidi,
2824 1008 3026 1087 inquit
3057 1004 3161 1085 (b),
3228 1011 3416 1082 atque
3498 1003 3580 1064 ob
3613 1007 3733 1082 pri-

522 1111 601 1169 mi
641 1109 919 1169 hominis
959 1110 1455 1171 inobedientiam
1490 1118 1551 1169 et
1584 1109 1817 1170 diaboli
1850 1110 2135 1171 fraudem
2175 1111 2631 1173 condemnatus
2664 1128 2803 1172 sum
2826 1156 2841 1169 .
2866 1156 2879 1171 .
2909 1156 2921 1170 .
2954 1106 3062 1187 .(c)
3093 1102 3638 1177 Quemadmodum
3671 1104 3731 1164 in

524 1212 717 1273 veteri
751 1212 989 1271 Adamo
1022 1211 1251 1272 mortui
1283 1228 1529 1283 sumus,
1554 1210 1632 1271 ita
1660 1210 1723 1272 in
1751 1209 1999 1272 Christo
2024 1211 2306 1273 vivamus
2326 1212 2559 1286 “;dum
2580 1211 2877 1271 nimirum
2896 1226 3035 1271 cum
3060 1201 3730 1273 Christoetnascimur,

523 1318 581 1371 et
608 1311 774 1373 cruci
814 1310 1229 1386 aﬁigimur,et
1261 1310 1644 1389 sepelimur,
1672 1318 1730 1372 et
1774 1311 2186 1388 resurgimus.
2234 1312 2498 1373 Pulchra
2544 1312 2712 1372 enim
2758 1311 2823 1371 in
2871 1306 3251 1371 contrarium
3287 1302 3553 1364 mutatio
3586 1302 3733 1364 mihi

521 1412 857 1473 subeunda
888 1420 1007 1486 est,
1045 1420 1113 1473 ut
1143 1414 1685 1491 quemadmodum
1718 1430 1793 1474 ex
1824 1414 2123 1475 secundis
2156 1415 2341 1475 rebus
2375 1412 2654 1475 molesta:
2688 1416 3020 1480 venerunt,
3054 1408 3141 1468 sic
3161 1406 3374 1468 etiam‘
3404 1424 3479 1468 ex
3543 1406 3733 1467 mole-

520 1515 1193 1592 stisltetzeetjucundze
1226 1515 1501 1575 redeant.
1528 1513 1688 1575 «Ubi
1712 1515 1878 1575 enim
1912 1515 2623 1592 abundavitpeccatum,
2679 1510 3218 1590 superabundavit
3254 1515 3313 1570 et
3368 1508 3569 1585 gratia
3614 1516 3730 1567 δέ»

520 1626 577 1678 et
615 1616 668 1676 si
703 1624 930 1693 gustus
963 1614 1433 1684 condemnavit,
1473 1622 1711 1692 quanto
1742 1616 1939 1693 magis
1965 1614 2197 1675 Christi
2260 1616 2469 1691 passio
2502 1614 2930 1693 justiﬁcavit?
2964 1633 2992 1669 ιι
3030 1615 3263 1671 Locum
3297 1607 3465 1669 hunc
3496 1609 3729 1669 exscri-

523 1722 644 1798 psit
673 1719 1075 1796 Augustinus
1108 1716 1147 1773 l.
1185 1734 1201 1773 ι
1237 1724 1399 1775 cont.
1441 1714 1575 1773 Jul.
1616 1734 1667 1777 c.
1704 1715 1761 1785 5,
1794 1734 1853 1791 p.
1881 1714 2021 1788 503,
2064 1725 2213 1776 tom.
2246 1714 2329 1776 Χ.
2368 1713 3137 1796 TripliCem_nativitatem
3169 1708 3540 1785 Gregorius,
3580 1709 3731 1769 Scri-

523 1826 844 1895 pturarum
903 1815 1298 1888 auctoritate,
1334 1822 1625 1874 numerat
1663 1823 1727 1875 et
1778 1814 2086 1888 decernit,
2144 1834 2413 1894 quarum
2446 1816 2587 1877 dum
2624 1817 2867 1894 priores
2914 1813 3137 1875 vitium
3192 1812 3461 1889 originis
3500 1822 3725 1872 nostra}

517 1916 877 1988 declarattL;
925 1932 1066 1977 cum
1106 1932 1227 1976 una
1272 1933 1412 1995 qua)
1460 1916 1524 1975 ﬁt
1567 1933 1673 1993 per
1710 1932 1977 1992 corpus,
2013 1916 2261 1979 servilis
2301 1917 2381 1977 sit
2420 1925 2479 1976 et
2513 1915 2902 1988 libidinosa;
2945 1912 3136 1973 altera
3191 1929 3332 1991 quas
3380 1930 3494 1989 per
3546 1914 3737 1988 bapti-

516 2031 723 2073 smum
759 2015 941 2073 nobis
987 2016 1363 2086 confertur,
1408 2017 1641 2076 malum
1684 2015 1900 2093 primae
1971 2016 2313 2077 nativitatis
2345 2015 2688 2093 depellere,
2752 2023 2813 2075 et
2869 2012 3167 2074 damnum
3228 2012 3533 2073 resarcire
3567 2028 3731 2072 mon-

516 2126 772 2179 stretur.
834 2143 861 2173 ‹‹
929 2117 1015 2196 (d)
1074 2115 1329 2192 Triplex
1406 2115 1753 2176 nativitatis
1818 2131 2020 2193 genus
2076 2115 2363 2191 agnoscit
2434 2115 2784 2192 Scriptura,
2846 2114 3122 2191 primum
3192 2129 3269 2172 ex
3318 2112 3728 2189 corporibus,

515 2222 782 2281 alterum
851 2238 926 2280 ex
992 2221 1346 2297 baptismo,
1416 2218 1670 2279 tertium
1737 2232 1814 2276 ex
1866 2214 2351 2277 resurrectione.
2410 2215 2654 2275 Horum
2716 2215 2991 2292 primum
3052 2218 3438 2274 nocturnum
3492 2222 3550 2275 et
3606 2231 3730 2276 ser-

517 2342 662 2384 vum
702 2330 820 2392 est,
853 2341 921 2383 ac
980 2339 1120 2382 cum
1187 2318 1452 2379 libidine
1518 2318 1923 2395 conjunctum
1989 2334 2003 2372 :
2063 2314 2329 2376 alterum
2388 2316 2688 2377 diurnum
2733 2323 2792 2375 et
2853 2314 3143 2383 liberum,
3196 2330 3266 2373 ac
3327 2312 3731 2390 depellenda-

514 2443 653 2486 rum
705 2426 1075 2485 vitiosarum
1130 2422 1536 2482 affectionum
1571 2420 1696 2479 vim
1738 2418 2013 2489 habens,
2045 2434 2233 2477 omne
2266 2417 2351 2489 id,
2392 2417 2562 2497 quod
2600 2435 2634 2478 a
2682 2415 3007 2477 nativitate
3052 2420 3448 2476 contractum
3484 2422 3599 2485 est,
3640 2430 3733 2471 ve-

516 2531 721 2590 lamen
747 2535 1103 2606 amputans,
1138 2532 1199 2584 et
1244 2523 1319 2583 ad
1360 2539 1696 2599 supernam
1740 2521 1925 2581 vitam
1963 2535 2063 2578 nos

2192 2534 2448 2590 vocans,
2493 2541 2520 2572 »
2558 2526 2693 2598 πρὸς
2732 2527 2832 2596 τὴν
2871 2526 2982 2578 ἄνω
3024 2524 3167 2595 ζωὴν
3214 2524 3596 2591 ὲπανάγουσα.
3623 2516 3733 2574 Ra-

513 2631 618 2690 dix
654 2636 857 2688 tamen
900 2624 1130 2701 peccati
1191 2624 1501 2683 exstincta
1554 2619 1808 2697 penitus
1886 2638 2012 2681 non
2058 2629 2218 2681 'est.
2270 2644 2297 2674 «
2345 2621 2632 2692 Utinam,
2712 2619 2922 2699 inquit
2998 2620 3111 2698 (ε),
3187 2619 3482 2683 funditus
3534 2636 3735 2699 pereat

516 2728 765 2796 vitium,
799 2734 857 2785 et
900 2725 1171 2800 primum
1207 2721 1381 2781 illius
1415 2738 1658 2791 semen,
1692 2738 1759 2782 ac
1793 2739 2021 2798 pravus
2055 2722 2159 2783 ille
2186 2769 2202 2796 ,
2238 2724 2351 2800 qui
2407 2721 2875 2782 dormientibus
2940 2720 3127 2781 nobis
3158 2720 3397 2782 zizania
3428 2737 3731 2799 superse~

514 2825 837 2889 minavit”
871 2871 883 2884 .
1034 2825 1181 2884 Haec
1210 2822 1395 2882 nobis
1431 2821 1673 2898 lignum
1704 2822 1857 2882 illud
1896 2823 2163 2893 invexit,
2201 2833 2260 2883 et
2306 2840 2559 2884 amarus
2613 2838 2786 2893 esus,
2830 2827 2890 2883 et
2928 2820 3185 2880 invidus
3214 2838 3509 2899 serpens,
3549 2829 3608 2882 et
3642 2820 3734 2880 lex

518 2932 774 2999 violata,
812 2944 952 3005 qua:
983 2926 1168 2986 nobis
1199 2924 1356 2985 hanc
1386 2941 1633 3003 poenam
1665 2927 1992 3004 irrogavit,
2021 2932 2086 2987 ut
2118 2926 2184 2985 in
2215 2927 2427 2986 vultus
2452 2926 2687 2986 sudore
2719 2922 2907 2984 nobis
2942 2922 3143 2983 victus
3169 2924 3247 2982 sit
3281 2924 3730 2998 parandus“...

513 3033 562 3089 E
610 3027 900 3106 paradiso
956 3026 1242 3102 deiectus
1301 3043 1468 3099 sum,
1503 3032 1691 3105 atque
1717 3030 1791 3089 ad
1831 3038 2095 3101 terram,
2131 3046 2206 3090 ex
2247 3045 2371 3107 qua
2416 3035 2781 3104 assumptus
2828 3024 3070 3088 fueram
3097 3068 3113 3097 ,
3155 3016 3419 3084 aversus
3469 3040 3643 3093 sum,
3676 3022 3734 3079 il

516 3146 713 3190 unum
770 3126 1139 3188 deliciarum
1193 3124 1328 3186 loco
1379 3126 1646 3198 habens,
1679 3130 1847 3206 quod
1908 3129 2299 3190 calamitates
2351 3146 2520 3190 meas
2576 3130 2865 3206 cognitas
2920 3127 3181 3189 habeam
3217 3146 3231 3186 :
3264 3132 3321 3185 et
3355 3143 3471 3203 pro
3512 3126 3734 3199 exigua

501 3230 863 3305 voluptate,
906 3234 1214 3303 perpetuo
1254 3244 1516 3287 maerore
1556 3227 1889 3290 damnatus
1924 3247 2066 3290 sum
2102 3252 2118 3305 ;
2155 3248 2423 3307 eamque
2482 3247 2725 3307 poenam
2766 3230 2999 3307 pendo,
3036 3235 3103 3290 ut
3145 3228 3298 3289 mihi
3338 3246 3483 3289 cum
3519 3245 3593 3288 eo
3628 3224 3734 3303 qui

517 3328 677 3388 male
723 3328 788 3387 in
818 3343 1014 3388 meam
1045 3326 1384 3387 amicitiam
1421 3327 1697 3404 irrepsit,
1745 3348 1814 3390 ac
1848 3348 1955 3408 per
2006 3330 2249 3391 arboris
2295 3339 2549 3408 gustum
2583 3332 2648 3391 in
2687 3330 2970 3391 fraudem
3028 3347 3127 3391 me
3175 3328 3463 3400 induxit,
3500 3328 3731 3387 bellum

514 3446 734 3507 gerere
757 3428 839 3488 sit
876 3443 1154 3488 necesse.
1191 3427 1357 3488 Hinc
1381 3427 1611 3489 factum
1648 3438 1742 3489 est
1774 3440 1839 3490 ut
1889 3430 1950 3490 in
2010 3430 2227 3491 labore
2259 3439 2325 3490 et
2376 3447 2658 3492 aerumna
2707 3448 2954 3501 nascar,
2991 3439 3053 3492 et
3086 3430 3316 3503 vivam,
3358 3444 3429 3489 ac
3483 3426 3725 3489 moriar.

514 3531 677 3589 Hinc
707 3527 1061 3603 indigentia
1114 3535 1252 3587 nata
1308 3534 1552 3602 est;’ex
1606 3529 1954 3609 indigentia
1992 3532 2305 3610 cupiditas
2358 3532 2670 3603 habendi,
2706 3550 2785 3591 ex
2816 3532 3163 3610 cupiditate
3212 3531 3402 3603 bella,
3438 3549 3516 3593 ex
3549 3530 3729 3592 bellis

517 3645 701 3707 porro
736 3628 991 3699 tributa,
1036 3628 1271 3707 quibus
1305 3629 1368 3688 in
1405 3629 1615 3691 divina
1647 3632 2181 3695 condemnatione
2217 3631 2372 3693 nihil
2410 3632 2665 3709 gravius
2699 3639 2793 3695 est
2835 3643 2895 3693 et
2932 3632 3251 3695 acerbius.
3276 3656 3305 3687 ιο
3331 3632 3391 3693 S.
3431 3632 3729 3709 Augusti-

514 3750 658 3801 nus,
694 3729 986 3807 pluribus
1019 3730 1091 3790 ad
1128 3732 1620 3793 conﬁrmandam
1655 3733 1839 3795 ﬁdem
1888 3733 2258 3795 catholicam
2307 3732 2568 3810 prolatis
2626 3733 2917 3810 Gregorii
2965 3732 3374 3805 testimoniis,
3410 3732 3503 3793 sic
3536 3732 3727 3795 Julia-

516 3848 667 3890 num
704 3829 1052 3906 alloquitur
1084 3832 1154 3909 (f)
1194 3850 1206 3887 :
1247 3854 1271 3887 α
1308 3832 1427 3893 Sed
1463 3849 1588 3892 non
1627 3833 1737 3894 tibi
1768 3834 1969 3894 deerit
2006 3834 2213 3913 magni
2242 3833 2518 3894 nominis
2551 3840 2611 3895 et
2648 3832 2813 3894 fama
2845 3832 3259 3895 celeberrima
3293 3832 3570 3894 illustris
3603 3830 3728 3909 epi-

513 3946 744 4005 εοοιιιιε
771 3931 957 3990 etiam
995 3936 1072 3993 de
1110 3934 1396 4010 partibus
1431 3933 1730 4009 Orientis,
1767 3937 1949 4015 cujus
1974 3936 2229 4015 eloquia
2273 3936 2552 4011 ingentis
2603 3936 2828 3997 merito
2863 3936 3099 4013 gratim,
3133 3935 3324 3996 etiam
3356 3935 3421 3995 in
3453 3934 3723 4012 linguam

513 4035 799 4097 Latinam
845 4038 1136 4098 translata
1190 4051 1655 4115 usquequaque
1707 4036 2093 4098 claruerunt.
2127 4037 2351 4098 Sedeat
2384 4053 2533 4113 ergo
2572 4055 2711 4098 cum
2743 4038 2882 4099 istis
2936 4034 3220 4114 patribus
3252 4036 3441 4096 etiam
3474 4043 3724 4098 sanctus

513 4136 880 4214 Gregorius,
918 4144 1148 4197 etcum
1189 4137 1282 4197 eis
1342 4144 1464 4199 tuae
1506 4138 1972 4199 criminationis
2015 4140 2273 4199 inanem
2308 4138 2578 4215 patiatur
2625 4138 2974 4201 invidiam:
3013 4137 3163 4197 dum
3218 4145 3425 4199 tamen
3460 4156 3604 4199 cum
3639 4138 3723 4200 eis

511 4248 726 4302 contra
762 4241 1061 4302 novitiam
1100 4246 1336 4316 pestem
1374 4248 1670 4313 vestram,
1695 4239 2134 4301 medicinalem
2168 4240 2445 4318 proferat
2474 4249 2535 4303 et
2566 4242 2703 4321 ipse
2731 4241 3149 4305 sententiam.
3175 4285 3191 4301 .
3221 4284 3234 4299 .
3259 4242 3355 4301 Au
3393 4240 3505 4301 tibi
3540 4255 3724 4319 parva

514 4340 577 4399 in
613 4356 741 4400 uno
770 4339 1076 4415 Gregorio
1126 4340 1569 4418 epiSCOporum
1610 4339 2023 4404 orientalium
2073 4338 2329 4401 videtur
2358 4342 2700 4403 auctoritas
2736 4344 2764 4402 ?
2800 4343 2910 4403 Est
2943 4341 3202 4422 quidem
3235 4350 3400 4404 tanta
3433 4358 3720 4422 persona,

512 4450 580 4502 ut
614 4460 818 4521 neque
858 4443 965 4504 ille
1006 4444 1122 4504 hoc
1158 4443 1279 4503 nisi
1316 4461 1391 4503 ex
1433 4443 1556 4505 ﬁde
1596 4442 1951 4504 Christiana
1992 4441 2292 4503 omnibus
2318 4441 2652 4504 notissima
2684 4442 2946 4517 diceret,
2981 4460 3097 4505 nec
3129 4443 3223 4505 illi
3258 4461 3403 4505 eum
3445 4451 3565 4506 tam
3597 4442 3719 4503 cla-

510 4558 651 4601 rum
701 4542 1000 4603 haberent
1036 4552 1225 4621 atque
1283 4543 1738 4612 venerandum.
1779 4544 1903 4604 nisi
1951 4544 2082 4606 haec
2138 4544 2213 4606 ab
2268 4544 2377 4605 illo
2423 4542 2590 4605 dicta
2639 4561 2713 4607 ex
2776 4547 2992 4624 regula
3040 4547 3393 4611 notissimae
3448 4545 3718 4610 veritatis

509 4655 948 4723 agnoscerent.
991 4667 1016 4700 ιι

1577 4746 1662 4805 De
1709 4743 2006 4823 baptismo
2064 4750 2117 4806 et
2172 4747 2668 4826 conﬁrmatione.

585 4852 974 4930 Baptismum
1022 4849 1340 4927 appellate
1364 4848 1651 4909 omnium
1687 4847 1799 4908 Dei
1828 4846 2278 4909 beneﬁciorum
2318 4847 2868 4926 prmclarissimum
2908 4857 2970 4912 et
3001 4846 3727 4930 prmstantissimumml

504 4957 787 5027 Donum,
844 4954 1049 5033 inquit
1113 4952 1220 5030 (ἡ),
1278 4969 1600 5027 vocamus,
1633 4950 1918 5027 gratiam,
1961 4947 2367 5025 baptismum,
2448 4945 2845 5023 unctionem,
2907 4949 3470 5024 illuminationem,
3508 4954 3701 5013 incor«

508 5056 826 5135 ruptionis
883 5056 1352 5126 indumentum,
1390 5049 1885 5129 regenerationis
1943 5049 2257 5111 lavacrum
2290 5094 2306 5122 ,
2340 5049 2624 5128 sigillum
2653 5094 2669 5123 ,
2710 5069 2780 5113 ac
2836 5050 3120 5132 denique
3180 5051 3701 5117 excellentissimi

502 5157 732 5235 quovis
791 5156 1046 5216 nomine
1104 5153 1519 5231 appellamus.
1574 5152 1824 5212 Donum
1888 5150 2145 5225 dicitur,
2207 5153 2355 5230 quia
2403 5152 2506 5226 iis,
2549 5153 2659 5231 qui
2698 5152 2874 5230 prius
2918 5155 3079 5217 nihil
3131 5157 3563 5225 contulerunt,
3609 5151 3704 5211 dat

504 5266 627 5318 tur.
710 5256 921 5315 Gratia
963 5298 980 5328 ,
1041 5254 1188 5333 quia
1246 5252 1432 5313 etiam
1492 5250 1894 5312 debentibus.
1966 5251 2346 5331 Baptismus,
2413 5251 2562 5333 quia
2640 5261 2963 5332 peccatum
3028 5242 3095 5318 in
3175 5275 3336 5338 aqua
3397 5254 3703 5335 sepelitur.

573 5420 615 5450 ³¹
648 5419 665 5472 l
704 5418 830 5473 Cor.
860 5433 947 5483 xv,
979 5418 1069 5471 9.2.
1138 5419 1179 5447 "
1208 5416 1361 5469 Rom.
1392 5430 1442 5480 v,
1467 5415 1557 5468 20.
1634 5416 1676 5445 ³³
1698 5414 1883 5472 Matth.
1921 5433 2037 5483 xm,
2071 5417 2120 5470 ΞΣ

1138 5419 1179 5447 ³²
1208 5416 1361 5469 Rom.
1392 5430 1442 5480 v,
1467 5415 1557 5468 20.
1634 5416 1676 5445 ³³
1698 5414 1883 5472 Matth.
1921 5433 2037 5483 χιιι,
2071 5417 2160 5471 25.
2239 5419 2283 5458 ³⁸
2314 5417 2447 5471 Gen.
2480 5432 2559 5483 Ill,
2596 5420 2678 5475 l9.

568 5577 643 5717 ﬁ;
665 5574 1101 5706 (garrnéé’innlatitg.
1134 5573 1300 5642 Virg,
1328 5589 1379 5627 v.
1409 5572 1510 5625 592
1544 5581 1594 5627 ct
1627 5588 1735 5643 seq.
2167 5654 2204 5698 ι.
2331 5574 2387 5629 S.
2420 5575 2669 5645 August.,
2701 5576 2737 5630 ι.
2775 5594 2790 5631 ι
2845 5591 2981 5635 cont.
3020 5579 3129 5635 Jul.
3156 5620 3170 5647 ,
3199 5593 3321 5652 pag.
3350 5578 3452 5634 504
3500 5583 3553 5631 et
3581 5568 3707 5631 505:

567 5713 636 5785 (ε)
676 5716 766 5770 0r.
793 5713 881 5776 58,
917 5730 973 5767 ιι.
1004 5718 1057 5785 ρ.

2236 5715 2308 5783 (g)
2342 5714 2432 5768 Or.
2461 5716 2550 5781 40,
2584 5734 2637 5770 ιι.
2672 5718 2724 5772 5.

568 5782 643 5857 (tt)
783 5785 886 5857 ﬁt),
922 5782 1048 5857 n._2.

2240 5784 2311 5855 (It)
2344 5785 2499 5853 lbid.,
2534 5804 2585 5840 ιι.
2613 5788 2665 5853 5,
2700 5788 2753 5841 4.

566 5852 634 5929 (ε)
660 5856 752 5912 0r.
776 5854 861 5917 l9,
900 5852 1057 5907 n.14.
