3926 6410
218 395 313 450 M5
1130 462 1131 465 η
1207 390 1577 447 PBAZFATIO
1616 388 2020 447 GENERALIS.
2066 421 2132 428 ——
2171 388 2351 444 PARS
2388 388 2475 445 ll].
3344 383 3447 437 H4

226 507 467 579 chtio,
532 508 681 585 quia
748 518 926 569 sacer
989 514 1049 569 et
1113 510 1479 587 regius....
1584 504 1999 578 llluminatio,
2061 505 2207 582 quia
2273 504 2575 583 Splendor
2624 507 2685 563 et
2756 500 3031 563 claritas.
3092 499 3446 560 Indumen-

220 622 376 683 tum,
460 613 608 691 quia
668 611 1038 687 ignominiae
1089 618 1318 672 nostra
1375 612 1661 673 velamen
1692 617 1825 685 est,
1862 630 1891 667 ))
1927 618 2043 671 etc.
2081 610 2362 671 Tandem
2396 607 2727 686 quodlibet
2773 611 3093 683 peccatum
3132 610 3351 680 purgat
3382 610 3443 665 et

216 714 538 792 abstergit.
584 737 610 768 «
652 712 736 793 (a)
769 713 914 773 Haec
968 712 1265 790 baptismi
1298 713 1492 791 gratia
1526 720 1588 775 et
1619 711 1889 774 facultas
1926 718 2047 786 est,
2075 728 2203 774 non
2233 712 2454 774 orbem
2496 716 2802 771 terrarum
2854 714 2919 766 ut
2950 706 3099 767 olim
3134 707 3439 781 obruens,

218 816 321 876 sed
360 815 879 895 uniuscujusque
910 812 1197 875 hominis
1256 822 1582 892 peccatum
1648 830 1959 892 purgans,
1996 829 2235 875 easuue
2293 810 2768 873 obstructiones
2820 811 2912 874 vel
2968 809 3442 889 maculas,quaa

215 913 364 975 vitio
402 915 886 988 contrahuntur,
915 931 1174 988 prorsus
1204 915 1595 993 abstergens.
1649 938 1677 972 n

283 1012 606 1075 Collatum
638 1034 670 1076 a
705 1014 883 1076 laicis
913 1014 1225 1094 baptisma
1260 1014 1512 1076 irritum
1550 1014 1804 1076 videtur
1840 1015 2253 1077 existimasse
2306 1014 2652 1091 Gregorius
2682 1014 2952 1077 :saltem
3013 1019 3222 1097 colligi
3256 1038 3331 1082 ex
3366 1038 3438 1083 eo

216 1121 419 1190 potest
458 1116 626 1193 quod
657 1122 863 1177 narrat
895 1115 973 1178 de
1002 1133 1095 1189 se,
1128 1134 1269 1178 cum
1305 1116 1586 1177 Caesarea
1620 1116 1940 1193 navigaret
1986 1116 2293 1177 Athenas.
2333 1139 2360 1171 α
2412 1115 2562 1177 Orta
2598 1115 2770 1194 gravi
2809 1123 3203 1195 tempestate,
3234 1120 3299 1180 in
3335 1139 3440 1197 pe-

214 1218 487 1279 riculum
560 1218 753 1281 miser
830 1234 1154 1290 veneram,
1232 1218 1442 1296 inquit
1494 1216 1597 1297 (ὁ),
1681 1233 1760 1278 ne
1817 1233 1947 1278 non
2004 1217 2363 1279 initiatuse
2410 1218 2534 1277 vita
2589 1218 3005 1292 discederem,
3040 1221 3436 1298 Spiritualem

212 1336 444 1395 aquam
480 1319 648 1380 inter
683 1318 991 1381 exitiosas
1025 1326 1085 1379 et
1118 1317 1473 1380 mortiferas
1503 1319 1703 1381 undas
1727 1320 2097 1381 desiderans
2130 1341 2146 1393 ;
2189 1336 2259 1381 ac
2299 1320 2567 1397 proinde
2610 1319 3439 1399 clamabam,obsecrabam,

210 1420 400 1481 breve
445 1420 762 1498 quoddam
810 1422 1113 1499 temporis
1159 1421 1435 1499 spatium
1475 1422 1915 1500 exspectabam
1956 1443 1970 1482 :
2007 1420 2575 1483 clamabantetiam
2611 1420 2678 1480 in
2723 1422 3045 1483 communi
3098 1423 3240 1485 licet
3298 1426 3440 1487 vitm

210 1519 581 1582 discrimine
610 1565 624 1591 ,
658 1521 765 1599 qui
807 1520 998 1581 simul
1043 1521 1448 1601 navigabant.
1496 1544 1525 1579 »
1566 1522 1916 1583 Verebatur
1959 1520 2328 1599 Gregorius,
2364 1539 2441 1581 ne
2478 1521 2769 1599 baptismi
2805 1524 2997 1599 gratia
3035 1523 3434 1601 privaretur:

207 1620 565 1680 remedium
603 1628 808 1684 tamen
838 1628 970 1684 erat
996 1622 1458 1701 ipsiperfacile,
1488 1622 1541 1683 si
1579 1622 2005 1683 existimasset
2039 1640 2230 1683 manu
2286 1622 2433 1683 laici
2491 1623 2874 1700 baptismum
2913 1641 3100 1702 posse
3136 1627 3434 1690 conferri.

206 1721 335 1780 Non
377 1721 551 1782 enim
585 1720 850 1783 dubium
891 1723 1293 1802 quinvplures
1341 1731 1489 1785 tunc
1520 1722 1863 1791 adfuerint,
1897 1725 2116 1785 eadem
2153 1724 2273 1784 ﬁde
2321 1723 2638 1784 informati
2680 1743 2694 1780 :
2741 1747 2769 1779 ‹‹
2812 1726 2885 1804 (ε)
2922 1725 3173 1805 Quippe
3217 1746 3439 1791 omnes

206 1823 273 1884 ad
307 1843 519 1886 unum
561 1824 811 1885 fletibus
844 1841 1039 1900 genas
1091 1824 1412 1901 rigabant;
1448 1824 1781 1902 iunctique
1813 1822 2134 1884 Christum
2195 1842 2345 1885 voce
2406 1825 2807 1901 gemebunda
2870 1829 3193 1889 vocabant.
3234 1853 3260 1885 ιο
3298 1831 3441 1893 Haec

205 1929 417 1984 tamen
482 1925 647 2001 apud
704 1941 847 1986 eum
888 1923 1098 2001 legere
1132 1931 1249 1997 est,
1282 1940 1423 2001 quas
1473 1922 1736 2001 primam
1785 1923 2167 1985 sententiam
2216 1925 2531 1987 infirmare
2576 1927 2935 1988 viderentur
2977 1950 2991 1989 :
3039 1952 3065 1983 «
3100 1928 3183 2008 (d)
3217 1930 3440 2003 Quivis

207 2028 313 2088 tibi
361 2028 651 2089 initiator
682 2028 785 2099 sit,
821 2026 927 2105 qui
961 2024 1151 2086 modo
1187 2024 1407 2085 eadem
1443 2024 1564 2085 fide
1596 2023 1974 2084 informatus
2013 2032 2131 2085 est.
2177 2047 2204 2079 ι)

275 2128 626 2190 Existimat
660 2134 916 2188 sanctus
952 2125 1171 2186 doctor
1200 2123 1274 2206 (ε)
1309 2140 1418 2186 eos
1452 2125 1589 2202 qui,
1630 2142 1754 2185 non
1796 2124 2057 2203 quidem
2098 2142 2210 2203 per
2243 2132 2698 2204 contemptum,
2739 2128 2811 2188 ad
2850 2128 3141 2209 baptismi
3177 2136 3434 2211 gratiam

204 2246 318 2290 non
362 2228 797 2306 pervenerint,
830 2226 942 2287 sed
1003 2241 1212 2286 moras
1269 2225 1694 2303 producentes
1750 2233 1896 2286 ante
1953 2232 2325 2303 susceptum
2375 2226 2685 2303 baptisma
2729 2240 2929 2293 morte
2971 2236 3243 2312 correpti
3300 2238 3438 2299 fue-

208 2330 357 2401 rint,
395 2352 426 2385 α
468 2329 741 2390 leviores
776 2343 991 2405 ptenas
1022 2326 1310 2397 daturos,
1346 2332 1565 2403 utpote
1602 2325 1711 2404 qui
1749 2334 2029 2387 nontam
2068 2325 2269 2389 animi
2325 2326 2657 2403 pravitate,
2700 2348 2887 2406 quam
2942 2333 3239 2409 stultitia,
3265 2355 3297 2399 a
3328 2340 3436 2400 ba-

204 2432 440 2508 ptismo
470 2429 845 2491 aberrarint.
886 2450 913 2484 »
943 2429 1033 2488 De
1066 2426 1301 2489 adultis
1330 2433 1389 2486 et
1420 2425 1798 2499 infantibus,
1838 2432 2094 2503 pr0pter
2123 2425 2527 2504 in0pinatum
2557 2437 2618 2489 et
2648 2430 2994 2492 violentum
3032 2450 3273 2507 casum,
3309 2454 3431 2499 non

201 2538 496 2608 suscepta
533 2530 825 2607 baptismi
862 2528 1082 2606 gratia,
1117 2528 1381 2589 mortuis
1414 2528 1542 2589 haec
1575 2528 1760 2587 habet
1800 2545 1813 2583 :
1852 2547 1879 2581 ‹‹
1915 2526 1985 2605 (Ῑ)
2020 2526 2326 2587 Postremi
2380 2527 2684 2606 denique,
2743 2548 2859 2593 nec
2904 2536 3143 2599 cmlesti
3209 2540 3432 2617 gloria,

202 2648 308 2692 nec
366 2630 707 2709 suppliciis
742 2648 775 2691 a
804 2630 981 2710 justo
1030 2630 1253 2692 Judice
1305 2626 1680 2700 afﬁcientur,
1715 2634 1935 2704 utpote
1973 2628 2256 2705 quilicet
2308 2629 2537 2707 signati
2573 2647 2699 2692 non
2735 2632 2995 2707 fuerint,
3032 2637 3434 2715 improbitate

202 2742 409 2794 tamen
446 2738 720 2804 careant,
745 2732 1116 2809 atquehanc
1143 2731 1453 2807 jacturam
1482 2730 1646 2806 passi
1670 2729 1880 2806 potius
1903 2726 2161 2802 fuerint,
2186 2748 2373 2809 quam
2417 2731 2706 2793 fecerint.
2746 2756 2774 2789 »
2812 2735 2957 2799 HIEC
2999 2756 3147 2800 vero
3180 2757 3305 2801 non
3343 2743 3437 2805 sic

200 2832 596 2911 accipienda,
626 2832 810 2910 quasi
843 2833 1168 2894 censuerit
1199 2833 1544 2910 Gregorius
1582 2828 1913 2907 originalis
1946 2830 2183 2907 peccati
2222 2850 2439 2909 poenas
2472 2833 2746 2894 infantes
2782 2853 2908 2898 non
2958 2839 3155 2903 luere.
3195 2844 3430 2905 Revera

203 2934 480 2996 infantes
517 2934 853 3013 suppliciis
889 2951 1013 2995 non
1051 2932 1404 2995 afﬁcientur
1435 2932 1608 3010 quod
1645 2932 1959 3010 baptismo
1992 2934 2340 3005 caruerint,
2370 2936 2537 2997 sicut
2571 2954 2685 2999 nec
2716 2940 2940 3012 adulti,
2980 2940 3031 3001 si
3064 2942 3307 3004 desidia
3337 2943 3429 3006 vel

205 3042 576 3113 contemptu
632 3038 706 3099 ad
763 3036 1147 3114 baptismum
1208 3051 1336 3096 non
1396 3036 1777 3097 accesserint
1816 3034 2184 3112 :siquidem
2233 3035 2517 3097 defectus
2568 3038 2673 3100 ille
2724 3041 3121 3118 baptismatis
3174 3062 3297 3107 non
3340 3047 3431 3107 eis

202 3140 451 3199 crimini
491 3140 647 3199 verti
685 3146 922 3217 posset.
959 3140 1203 3199 Interea
1244 3136 1390 3198 licet
1424 3134 1625 3197 adulti
1687 3151 1810 3195 non
1866 3135 2217 3212 puniantur
2254 3135 2335 3195 ob
2360 3137 2671 3199 omissum
2720 3140 3057 3220 baptisma,
3091 3162 3303 3223 poenas
3330 3140 3429 3211 1a-

202 3254 335 3299 men
372 3239 710 3299 exsolvent
740 3241 819 3300 de
852 3240 1121 3316 peccatis
1162 3255 1304 3317 quae
1337 3238 1403 3299 in
1441 3239 1563 3299 vita
1599 3243 2075 3316 perpetrarunt;
2109 3235 2200 3296 sic
2246 3244 2309 3297 et
2340 3237 2613 3301 infantes
2656 3248 2874 3303 natura
2911 3245 3018 3304 ﬁlii
3054 3247 3161 3305 irae
3195 3256 3253 3307 et
3290 3268 3432 3325 pec-

202 3348 331 3401 cato
366 3340 670 3417 originali
728 3340 1014 3409 obnoxii,
1057 3342 1283 3402 merito
1325 3340 1707 3417 plectentur,
1743 3338 2027 3399 miserea
2078 3338 2212 3398 Deo
2249 3338 2312 3397 in
2345 3345 2652 3401 aeternum
2689 3344 2953 3419 repulsi,
2985 3352 3047 3406 ut
3081 3348 3435 3426 Gregorius

203 3441 381 3500 docet
416 3462 431 3499 :
477 3464 504 3495 «
537 3439 620 3520 (g)
656 3442 996 3503 Hominem
1029 3440 1269 3503 invidia
1290 3441 1554 3516 diaboli,
1592 3449 1781 3520 atque
1811 3440 2039 3504 acerbo
2077 3442 2313 3519 peccati
2350 3453 2568 3521 gustu,
2604 3463 2637 3507 a
2670 3448 2803 3509 Deo
2829 3452 3156 3517 conditore
3198 3457 3427 3520 misere

205 3548 561 3615 separatum
596 3541 950 3621 despicere,
983 3564 1012 3605 a
1046 3546 1181 3605 Deo
1222 3544 1503 3606 alienum
1541 3552 1658 3609 est.
1698 3566 1725 3599 »

281 3642 596 3702 Hortatur
630 3653 947 3720 parentes,
986 3651 1052 3708 ut
1080 3645 1434 3707 infantibus
1467 3645 1602 3706 suis
1628 3645 2007 3723 baptismum
2049 3647 2320 3709 conferri
2352 3658 2599 3723 curent,
2647 3659 2703 3713 et
2741 3670 2852 3713 eos
2890 3654 2966 3716 ab
3001 3656 3259 3717 infantia
3286 3676 3429 3717 san-

203 3742 481 3803 ctiﬁcari.
520 3766 549 3798 α
592 3744 675 3825 (h)
712 3746 927 3808 Infans
959 3748 1071 3809 tibi
1096 3754 1190 3809 est
1220 3750 1247 3808 ‘2
1276 3749 1365 3809 Ne
1403 3745 1796 3809 occasionem
1827 3745 2201 3823 improbitas
2231 3749 2488 3827 arripiat
2524 3773 2539 3811 :
2572 3753 2649 3813 ab
2682 3752 2943 3815 infantia
2974 3758 3422 3833 sanctiticetur,

202 3841 271 3899 ab
303 3842 467 3920 ipsis
518 3846 886 3921 unguiculis
923 3847 1185 3924 Spiritui
1234 3854 1657 3910 consecretur.
1701 3848 1779 3905 At
1826 3851 2076 3923 propter
2127 3854 2368 3919 naturae
2418 3849 2920 3915 imbecillitatem
2967 3856 3246 3932 sigillum
3299 3877 3428 3921 me-

202 3944 374 4004 tuis?
410 3944 615 4017 Quam
672 3946 1010 4009 imbecillis
1073 3949 1268 4008 animi
1327 3954 1524 4008 mater
1578 3964 1670 4021 es,
1722 3948 2097 4026 pusillasque
2136 3949 2277 4011 fidei
2324 3953 2337 4011 ι
2377 3954 2557 4015 Anna
2614 3972 2764 4016 vero
2821 3956 3212 4029 Samuelem,
3247 3960 3426 4036 prius
3474 3982 3477 3989 λ

203 4051 385 4111 etiam
420 4068 613 4129 quam
648 4058 1013 4129 procreatus
1046 4050 1394 4123 esset,Deo
1429 4049 1623 4122 vovit,
1655 4056 1843 4127 atque
1874 4050 1939 4110 in
1971 4050 2172 4112 lucem
2212 4053 2422 4115 editus
2456 4057 2665 4118 statim
2706 4061 3101 4120 consecravit
3131 4059 3197 4122 ³⁵.
3237 4084 3265 4116 »
3288 4063 3422 4123 Νοη

201 4152 331 4213 vult
378 4168 615 4230 pueros
656 4152 852 4230 prima
881 4158 1062 4211 aetate
1101 4150 1429 4228 baptizari,
1466 4150 1591 4211 nisi
1642 4150 1811 4227 quod
1872 4157 2087 4227 urgeat
2133 4155 2508 4228 periculum.
2552 4179 2581 4211 α
2624 4158 2693 4237 (ἰ)
2730 4160 2817 4217 De
2859 4159 3123 4237 reliquis
3162 4161 3238 4220 ita
3272 4179 3422 4222 cen-

201 4266 332 4323 seo,
365 4258 434 4311 ut
470 4251 748 4313 triennio
786 4256 1175 4329 exspectato,
1211 4257 1315 4310 aut
1348 4251 1675 4327 aliquanto
1713 4248 1989 4309 breviori
2026 4251 2118 4312 vel
2188 4252 2454 4331 longiori
2498 4258 2800 4336 tempdris
2831 4259 3031 4334 spatio
3062 4257 3225 4340 (nam
3265 4268 3419 4337 tum,

202 4359 257 4410 et
290 4352 541 4430 mystici
578 4351 877 4431 quiddam
910 4350 1157 4423 audire,
1192 4355 1253 4412 et
1279 4348 1668 4428 respondere
1702 4356 1988 4425 possunt,
2025 4370 2094 4413 ac
2126 4356 2179 4415 si
2214 4355 2429 4417 minus
2463 4358 2649 4434 plene
2686 4370 2747 4420 et
2782 4368 2994 4420 exacte
3027 4360 3416 4438 intelligunt,

201 4457 582 4518 imbuuntur
610 4462 816 4517 tamen
863 4459 922 4515 et
968 4452 1441 4531 informantur),
1476 4452 1561 4512 ita
1605 4452 1884 4525 demum,
1922 4470 2147 4531 magno
2204 4453 2614 4532 perfectionis
2660 4463 3050 4519 sacramento
3086 4464 3146 4519 et
3177 4459 3419 4519 animas

204 4565 257 4618 et
289 4574 557 4635 corpora
594 4554 1009 4617 sanctiﬁcant.
1034 4599 1049 4615 .
1075 4599 1089 4615 .
1113 4599 1127 4615 .
1161 4552 1235 4634 (j)
1272 4554 1532 4629 PrOpter
1557 4551 1922 4629 in0pinatos
1979 4562 2038 4615 et
2074 4555 2440 4633 repentinos
2474 4557 2896 4634 periculorum
2941 4559 3242 4637 impetus,
3271 4560 3419 4635 qui-

200 4671 320 4736 que
354 4656 528 4717 nulla
564 4672 687 4733 ope
748 4661 939 4733 atque
968 4654 1213 4716 auxilio
1244 4651 1603 4731 propulsari
1638 4660 1897 4731 queant,
1945 4654 2189 4719 lavacro
2223 4658 2604 4719 communiri
2645 4659 2908 4720 omnino
2953 4660 3422 4721 conducibilius

200 4768 311 4818 est.
350 4780 383 4815 »
420 4757 730 4836 Objurgat
761 4772 870 4818 eos
895 4755 1007 4835 qui
1041 4754 1427 4832 baptismum
1463 4753 1794 4828 differunt,
1837 4756 2283 4837 subvertitque
2318 4760 2567 4833 inanes,
2608 4777 2767 4837 quas
2800 4761 3148 4820 obtrudunt
3179 4778 3419 4821 causas.

200 4882 226 4911 α
263 4857 349 4937 (lc)
384 4857 589 4921 Omne
628 4858 738 4920 tibi
774 4865 1025 4935 tempus
1055 4858 1127 4918 ad
1165 4856 1557 4918 ablutionem
1616 4855 1919 4918 idoneum
1954 4866 2075 4931 est,
2106 4860 2632 4937 quandoquidem
2667 4859 2917 4921 nullum
2967 4871 3219 4937 tempus
3256 4876 3423 4920 mor-

198 4959 277 5019 tis
337 4960 622 5039 periculo
664 4968 862 5021 vacat.
910 4982 938 5018 ››
973 4961 1209 5021 Verum
1269 4958 1554 5022 solemne
1610 4959 2036 5039 baptisma,in
2068 4962 2459 5040 Cappadocia
2489 5006 2505 5034 ,
2541 4977 2665 5023 non
2721 4961 2844 5022 nisi
2890 4960 3115 5023 diebus
3146 4960 3423 5030 Paschae.

199 5058 599 5121 Pentecostes
627 5068 687 5121 et
720 5058 1090 5139 Epiphaniae
1122 5059 1588 5125 conferebatur.
1624 5061 1874 5124 Primus
1904 5063 2247 5140 Gregorius
2283 5061 2409 5122 diei
2439 5062 2807 5140 Epiphaniae
2837 5059 3126 5122 meminit
3169 5080 3184 5118 :
3213 5059 3322 5121 sed
3364 5060 3428 5120 in

197 5160 460 5222 Oriente
488 5179 625 5225 mos
661 5164 781 5227 iste
817 5165 1087 5243 vigebat.
1124 5164 1194 5247 (ι)
1224 5167 1581 5247 Imperante
1626 5168 2032 5244 Iustiniano,
2069 5186 2177 5230 rex
2226 5168 2637 5243 Herulorum,
2672 5166 2909 5228 Gethes
2954 5164 3431 5240 nomine,Con-

263 5325 307 5355 ³⁸
346 5323 523 5389 lReg.
558 5343 594 5391 ι,
630 5329 718 5393 Η,
750 5329 840 5383 28.

261 5442 337 5519 te)
371 5438 464 5519 ρτο
483 5442 568 5519 49.
598 5459 654 5497 η-
677 5443 744 5519 2--

1930 5448 2003 5519 (a)
2029 5448 2120 5503 Or.
2152 5448 2239 5513 to,
2267 5447 2446 5519 n._17.

263 5511 566 5583 (b)9r.18,
588 5532 656 5583 γη.
684 5513 773 5567 51.

1932 5511 1995 5583 (il
2019 5520 2170 5583 lhid.,
2209 5511 2259 5571 εἰ.
2284 5517 2372 5571 28.

262 5582 333 5657 (ελ
358 5578 648 5657 (ἐπίῃ-..οε
673 5584 779 5657 vita:
806 5600 922 5640 sua.

1933 5578 1997 5656 ti")
2028 5578 2181 5654 lbitlf,
2221 5606 2277 5643 ιι.
2307 5589 2372 5640 16
2399 5598 2451 5642 et
2473 5603 2620 5657 seqq.

263 5648 341 5729 (at)
362 5649 473 5729 ρς.Δ
503 5652 588 5715 to,
619 5652 794 5729 I1._‘26.

1936 5648 2005 5729 at)
2031 5648 2186 5723 max,
2221 5676 2273 5713 η.
2303 5659 2385 5712 ιδ.

262 5722 332 5800 (ς.)
355 5719 516 5800 tota,
545 5740 597 5777 η.
626 5724 716 5777 25.

1940 5719 1999 5800 (tl
2027 5719 2182 5800 Paul.
2210 5729 2380 5795 l)iac.,
2409 5727 2571 5795 Hist,
2615 5729 2651 5783 l.
2685 5744 2791 5795 xvi,
2833 5743 2949 5799 pag.
2995 5726 3120 5795 272,
3152 5737 3277 5781 tom.
3312 5725 3442 5781 Xll'r.

259 5790 325 5855 (Ι)
355 5788 485 5843 Ibid.
1875 5788 2007 5854 Bibl.
2056 5799 2201 5855 Patr.

256 5863 330 5930 (ς)
361 5859 559 5927 0r.39.
594 5881 647 5921 n.
690 5865 769 5919 15.
