3918 6520
511 442 614 497 115
1495 442 1855 498 ΡΒᾸΞΡΔΤΙΟ
1890 441 2058 497 GENE

2224 442 2298 497 lS.
2342 474 2407 486 —
2442 442 2620 498 PARS
2661 442 2742 498 111.
3667 436 3771 492 116

512 557 989 635 stantinOpolim
1024 554 1226 628 venit,
1262 559 1323 616 et
1355 554 1458 616 die
1494 544 1867 635 Epiphania:
1902 558 2213 636 baptisma
2237 558 2543 635 suscepit,
2578 575 2649 619 ac
2684 572 2797 634 pro
2830 569 3005 617 sacro
3036 551 3209 614 fonte
3246 563 3545 629 sponsor
3580 543 3767 607 illius
3850 593 3859 596 -

510 658 651 737 ipse
672 655 793 717 fuit
816 654 1177 732 imperator.

567 760 825 871 .Foedus
1198 759 1259 820 in
1295 761 1671 840 baptismate
1711 770 2100 825 contractum
2129 761 2398 824 ﬁdeliter
2427 762 2806 825 servandum
2838 760 3020 820 docet
3066 752 3425 833 Gregorius
3463 748 3573 810 his
3610 764 3763 810 ver-

1492 862 1505 871 .
1701 861 1724 871 -
1842 863 1852 871 .
2084 864 2098 871 -
2240 865 2251 871 -
2366 866 2377 871 ,
2515 863 2608 871 ._.
2850 859 2926 871 ..
3461 848 3763 871 ,ΔΑ-,μμ

494 861 617 972 'bis
644 857 727 938 (α)
758 880 772 918 :
810 879 837 913 α
872 856 1242 970 Nihilaliud
1274 877 1415 972 esse
1446 862 1570 972 vim
1606 871 1662 924 et
1692 861 2049 928 facultatem
2084 864 2381 944 baptismi
2428 863 2789 925 existimare
2830 859 3162 925 debemus,
3206 868 3407 930 quam
3455 848 3771 910 secundae

520 962 662 1022 vitae
685 976 755 1021 ac
787 956 1066 1035 purioris
1109 958 1361 1021 vivendi
1424 962 1689 1023 rationis
1721 972 1969 1042 pactum
1998 983 2140 1027 cum
2171 967 2303 1027 Deo
2338 964 2593 1025 initum.
2621 963 2709 1023 Ac
2739 958 3002 1038 proinde
3030 955 3129 1017 vel
3156 950 3447 1013 maximo
3483 946 3552 1006 in
3590 952 3769 1008 metu

495 1082 741 1126 ~omnes
774 1080 941 1134 esse,
972 1066 1160 1137 atque
1192 1058 1366 1119 omni
1395 1058 1683 1121 custodia
1716 1070 1961 1124 nostras
1988 1062 2231 1147 animas
2264 1079 2517 1125 servare
2541 1062 2873 1130 debemus,
2926 1076 3005 1119 ne
3037 1047 3373 1117 mendacio
3410 1045 3614 1107 fidem
3661 1062 3770 1123 pa-

514 1173 816 1242 ctumque
857 1161 1132 1222 violasse
1175 1162 1660 1237 oomperiamur.
1695 1161 1847 1222 Nam
1895 1180 2039 1224 cum
2094 1164 2169 1225 ad
2206 1172 2422 1225 mutua
2460 1162 2790 1223 hominum
2836 1167 3009 1238 pacta
3045 1152 3351 1216 ﬁrmanda
3388 1152 3580 1212 Deus
3633 1163 3766 1211 me-

512 1270 661 1331 dius
688 1264 977 1330 adhiberi
1011 1263 1232 1335 δοιθθῑ,
1275 1268 1609 1339 quantum,
1648 1278 1893 1339 quzeso,
1934 1263 2292 1342 periculum
2331 1267 2448 1333 est,
2500 1278 2579 1323 ne
2609 1259 2837 1322 foedera
2876 1271 3016 1317 cum
3056 1254 3190 1314 Deo
3223 1249 3372 1329 ipso
3430 1252 3768 1309 contracta

494 1367 901 1447 .pert‘regisse
930 1362 1365 1441 reperiemur;
1398 1377 1490 1435 ac,
1529 1367 1750 1438 praeter
1776 1362 1897 1425 alia
1929 1381 2041 1442 pec

2242 1364 2449 1443 ipsius
2474 1377 2733 1442 quoque
2762 1354 3075 1421 mendacii
3099 1351 3266 1431 apud
3291 1349 3616 1413 Veritatis
3650 1349 3765 1411 tri-

512 1469 707 1532 bunal
729 1466 818 1530 rei
846 1466 1252 1543 peragamur?
1280 1485 1308 1519 ν

592 1577 681 1637 De
700 1566 1196 1634 conﬁrmationis
1219 1572 1612 1629 sacramento
1634 1566 1752 1630 hoc
1790 1586 1987 1632 unum
2014 1568 2079 1629 in
2122 1566 2375 1647 scriptis
2397 1560 2687 1641 Gregorii
2719 1556 3067 1639 reperimus
3104 1574 3122 1613 :
3158 1549 3616 1614 necessarium
3674 1547 3761 1632 (ὁ)

512 1695 681 1749 esse,
735 1682 801 1737 ut
866 1669 1125 1750 perfecti
1167 1668 1371 1730 simus
1424 1666 1794 1740 Christiani,
1886 1679 2059 1749 ἐπιζηι

2215 1695 2225 1730 ι
2261 1675 2399 1747 πρὸς
2431 1674 2530 1746 τὴν
2557 1669 2867 1725 τελείωσινσ
2910 1657 2985 1738 (c)
3033 1661 3221 1735 atque
3274 1650 3762 1711 sacramentum

515 1780 683 1840 istud
714 1776 780 1837 in
818 1771 1075 1835 nomine
1114 1767 1386 1847 Spiritus
1413 1767 1612 1830 sancti
1650 1768 1923 1833 conferri

928 1895 948 1921 ,λ
1838 1872 1927 1931 De
1981 1867 2406 1932 Eucharistia.

595 1981 779 2057 Quod
806 1980 1224 2044 Eucharistiw
1250 1984 1716 2042 sacramentum
1747 1979 1989 2054 spectat
2022 2017 2040 2045 ,
2116 1970 2348 2032 realem
2381 1965 2615 2028 Christi
2652 1965 2718 2026 in
2748 1957 3139 2025 Eucharistia
3183 1951 3607 2055 prwsentiam
3641 1955 3762 2010 tam

516 2083 733 2146 multis
771 2089 833 2145 et
870 2091 991 2144 tam
1033 2082 1386 2160 perspicuis
1418 2044 1805 2143 testimoniis
1834 2072 2120 2153 agnoscit
2156 2067 2526 2148 Gregorius,
2568 2073 2635 2126 ut
2673 2062 2916 2125 nullum
2950 2060 3028 2120 de
3065 2044 3357 2135 ejus'ﬁde
3403 2050 3581 2112 circa
3620 2063 3766 2125 my-

515 2187 778 2250 sterium
810 2185 981 2248 istud
1026 2145 1292 2246 dubium
1328 2198 1467 2244 esse
1513 2177 1737 2257 possit.
1772 2198 1803 2236 α
1836 2145 2042 2236 61)θί
2088 2145 2315 2233 cultori
2343 2164 2771 2238 sanctissime,
2805 2184 2835 2220 ι
2872 2158 3080 2239 inquit
3118 2153 3233 2234 (ἀ),
3286 2145 3761 2229 Amphilochio

498 2289 830 2359 'scribens,
871 2309 899 2341 α
932 2301 1013 2347 ne
1043 2282 1364 2347 cuncteris
1394 2296 1574 2343 orare
1608 2287 1669 2341 et
1706 2274 2102 2338 intercedere
2134 2286 2246 2349 pro
2276 2267 2491 2337 nobis,
2527 2262 2783 2344 quando
2823 2261 2988 2322 dicto
3020 2257 3222 2323 allicis
3267 2254 3571 2315 Verbum
3605 2248 3758 2317 Dei;

512 2392 770 2470 quando
825 2392 1156 2451 incruenta
1200 2382 1484 2445 sectione
1532 2394 1763 2456 corpus
1806 2381 1867 2437 et
1911 2371 2287 2450 sanguinem
2321 2365 2725 2427 Dominicum
2757 2377 2961 2432 seces,
3004 2374 3220 2420 vocem
3269 2352 3602 2415 adhibens
3648 2364 3759 2426 pro

512 2450 916 2570 ᾇιεάῑᾶξνΕι
946 2485 1233 2549 oratione
1256 2500 1377 2544 xu
1410 2481 1493 2559 (n.
1532 2480 1629 2557 19)
1645 2450 1686 2538 ἰ
1716 2499 1745 2533 ‹‹
1780 2475 1933 2548 Lex,
1965 2468 2200 2549 inquit,
2222 2465 2592 2528 fulcientem
2622 2462 2918 2525 baculum
2957 2458 3064 2520 tibi
3100 2456 3483 2535 praescribit,
3523 2450 3753 2515 necubi

510 2593 730 2653 animo
765 2588 1023 2658 titubes,
1056 2586 1207 2647 dum
1244 2578 1623 2659 sanguinem
1660 2575 1801 2648 Dei,
1836 2579 1904 2634 et
1933 2570 2322 2651 passionem,
2353 2582 2422 2627 ac
2453 2570 2716 2626 mortem
2759 2562 2966 2632 audis,
2996 2577 3067 2622 ac
3098 2558 3247 2620 dum
3284 2558 3408 2617 Dei
3445 2565 3753 2634 patronus

510 2707 582 2751 ac
617 2686 916 2750 defensor
949 2683 1152 2745 videri
1189 2656 1395 2764 cupis,
1436 2675 1632 2753 impie
1664 2689 1943 2737 corruas.
2006 2669 2176 2744 Quin
2227 2664 2440 2744 potius
2491 2664 2631 2725 sine
2659 2662 2904 2742 pudore
2943 2677 3014 2723 ac
3058 2656 3471 2721 dubitatione
3523 2668 3755 2731 corpus

510 2788 653 2860 ede,
688 2786 1066 2863 sanguinem
1102 2782 1272 2853 bibe,
1303 2780 1353 2843 si
1382 2778 1570 2842 modo
1604 2778 1749 2837 vitae
1781 2770 2105 2837 desiderio
2135 2766 2399 2842 teneris,
2425 2782 2544 2837 nec
2572 2762 2975 2826 sermonibus
3010 2759 3089 2821 de
3124 2772 3311 2819 carne
3342 2755 3543 2816 ﬁdem
3575 2752 3756 2814 abro-

509 2908 690 2969 gans,
728 2906 844 2952 nec
865 2888 939 2951 ad
974 2902 1108 2959 eos,
1144 2883 1254 2963 qui
1290 2881 1368 2943 de
1398 2877 1696 2958 passione
1726 2874 2066 2947 habentur,
2098 2868 2488 2948 impingens.
2524 2862 2796 2930 Innixus
2830 2874 2949 2933 sta,
2985 2859 3203 2922 ﬁrmus
3234 2860 3297 2917 et
3332 2853 3620 2925 stabilis,
3658 2856 3751 2912 at-

507 2978 637 3071 que
674 2989 758 3051 ita
795 2992 1218 3064 comparatus,
1254 2988 1321 3043 ut
1353 2977 1522 3040 nulla
1556 2976 1620 3038 in
1655 2994 1719 3039 re
1751 2973 2055 3054 quatiaris
2090 2970 2169 3035 ab
2207 2966 2612 3039 adversariis,
2646 2982 2763 3027 nec
2794 2963 3133 3026 verborum
3177 2960 3399 3036 lepore
3448 2964 3646 3036 atque
3670 2953 3750 3014 il-

509 3089 781 3153 lecebris
814 3084 1173 3175 abripiaris.
1212 3106 1241 3139 ι)

554 3243 557 3245 .
590 3189 655 3251 In
694 3166 1108 3251 Euch‘aristiaa
1139 3183 1617 3246 consecratione
1656 3197 1874 3245 verum
1909 3183 2195 3259 agnoscxt
2227 3172 2630 3245 sacrificium,
2688 3186 2829 3232 cum
2880 3167 2963 3229 ait
2995 3164 3327 3244 episcopos
3374 3171 3438 3225 et
3480 3161 3752 3242 presby-

510 3304 681 3349 teros
714 3288 1081 3350 incruentas
1133 3288 1372 3351 hostias
1408 3290 1660 3363 oﬂ'erre,
1695 3296 1886 3367 atque
1923 3283 2143 3350 altaria
2175 3286 2387 3344 nostra
2418 3277 2503 3339 ita
2534 3270 2858 3355 appellari,
2886 3268 3054 3349 quod
3087 3282 3278 3344 super
3306 3282 3381 3325 ea
3414 3263 3749 3325 incruenta

506 3389 812 3451 sacriﬁcia
844 3390 1238 3451 offerantur:
1284 3413 1312 3447 α
1367 3390 1437 3471 (ε)
1478 3391 1532 3452 Ο
1570 3360 1953 3467 sacerdotes,
1986 3390 2102 3470 qui
2149 3385 2388 3450 hostias
2444 3379 2811 3440 incruentas
2848 3365 3165 3433 offertis...
3224 3362 3297 3443 (Ι)
3342 3360 3399 3423 Ο
3446 3376 3683 3437 genua,
3716 3373 3751 3416 ο

505 3488 752 3567 palmae,
788 3488 1150 3565 purissimis
1206 3459 1430 3552 Deum.
1468 3509 1611 3572 quas
1666 3459 2023 3569 placabatis.
2048 3488 2302 3562 hostiis,
2352 3476 2644 3551 Carterii,
2668 3469 2990 3553 quomodo
3024 3462 3319 3527 cessastis
3357 3463 3387 3522 Ἰ
3428 3482 3459 3517 »
3492 3459 3751 3535 Magnas

488 3592 776 3677 ‘virtutes
810 3591 873 3652 in
909 3608 985 3652 eo
1020 3591 1308 3671 requirit,
1343 3593 1453 3671 qui
1487 3562 1862 3656 sacriﬁcium
1899 3590 2067 3654 istud
2108 3590 2180 3651 ad
2214 3588 2412 3651 altare
2440 3591 2793 3658 supernum
2841 3564 3230 3637 transmittit,
3267 3562 3381 3643 qui
3416 3566 3751 3623 externum

506 3692 909 3764 sacrificium,
940 3659 1497 3771 illud-magnorum
1532 3695 1982 3775 mysteriorum
2012 3690 2399 3767 antitypum,
2436 3682 2644 3743 offert.
2678 3698 2708 3731 α
2754 3671 2838 3750 (9)
2868 3670 3007 3743 QUO
3038 3664 3287 3729 tandem
3322 3659 3517 3721 ωοάο
3550 3661 3753 3719 ene"

506 3809 662 3863 num
690 3791 847 3854 illud
880 3793 1337 3857 sacriﬁcium...
1372 3797 1505 3858 Deo
1541 3764 1770 3859 ofi‘erre
1797 3798 2126 3866 auderem,
2172 3764 2297 3852 aut-
2332 3799 2461 3865 quo
2494 3776 2687 3843 modo
2718 3767 3065 3835 sacerdotis
3093 3764 3382 3837 habitum
3425 3767 3489 3822 et
3518 3770 3748 3821 nomen

506 3893 754 3963 δυῦίτθι
786 3890 1163 3972 priusquam
1194 3896 1431 3958 sanctis
1458 3896 1764 3974 operibus
1794 3910 2020 3958 manus
2056 3854 2521 3972 puriﬁcassem?
2547 3906 2575 3937 η
2611 3912 2685 3924 --
2721 3898 2750 3934 α
2791 3876 2907 3934 Per
2938 3873 3263 3935 externum
3304 3868 3522 3924 autem
3554 3854 3746 3919 sacri-

519 3999 761 4072 (ἰοίυῐη,
796 3998 976 4070 illud,
1009 3997 1176 4074 quod
1214 4015 1324 4076 per
1360 4016 1584 4076 partem
1617 4005 1678 4061 et
1714 3998 1934 4060 vinum
1972 3956 2319 4072 peragitur,
2352 3981 2655 4061 intelligit
2684 3971 3053 4051 Gregorius,
3090 3982 3232 4045 qua;
3258 3960 3527 4042 quidem
3556 3956 3623 4018 in
3656 3968 3749 4065 sa-

519 4053 760 4072 ..-----,
797 4053 976 4070 -----,
1019 4053 1176 4074 γη
1214 4053 1309 4076 τνν-
1388 4053 1584 4062 »ν--η-
1622 4053 1677 4061 ν-
1727 4053 1934 4060 τ-----
1972 4053 1998 4072 τ
2026 4053 2162 4070 -ρυ
2302 4053 2315 4063 ι
2565 4053 2598 4061 ν

510 4112 616 4159 cra
649 4112 867 4158 mensa
907 4094 1248 4175 proiiosita,
1301 4053 1412 4174 μέν
1461 4096 1850 4159 ineffabilem
1914 4094 2251 4176 quamdam
2318 4078 2777 4163 omnipotentis
2837 4070 2950 4134 Dei
2988 4067 3111 4127 vim
3160 4072 3220 4126 et
3250 4061 3646 4131 facultatem,
3683 4053 3746 4114 in

511 4201 746 4263 Christi
796 4215 1024 4277 corpus
1061 4208 1121 4259 et
1154 4197 1531 4274 sanguinem
1568 4214 1711 4259 vere
1745 4157 2292 4266 commutantur...
2354 4188 2483 4250 Nec
2514 4199 2687 4255 vero,
2719 4176 2878 4258 quin
2914 4173 3033 4234 hoc
3077 4181 3292 4229 verum
3326 4161 3437 4235 sit,
3473 4157 3604 4221 ullo
3642 4171 3749 4231 pa-

507 4301 893 4377 ctoambige,
920 4316 1062 4360 cum
1090 4299 1223 4375 ipse
1250 4302 1462 4375 aperte
1489 4294 1863 4369 dicat,aHoc
1880 4302 2224 4374 estcorpus
2247 4305 2524 4364 meum,»
2541 4280 2774 4346 etaHic
2805 4283 2901 4342 est
2930 4269 3189 4350 sanguis
3220 4282 3404 4327 meus
3434 4269 3552 4323 ³⁸.»
3580 4257 3746 4331 Quin

512 4401 728 4477 p0tius
760 4399 1097 4461 Salvatoris
1129 4413 1487 4460 sermonem
1518 4396 1637 4460 fide
1668 4397 1901 4475 accipe.
1935 4357 2265 4458 Nam‘cutn
2305 4406 2490 4454 verus
2527 4386 2634 4461 sit,
2671 4380 2933 4444 minime
2964 4369 3291 4439 mentitur.
3333 4386 3362 4419 ››
3396 4362 3549 4424 Haec
3580 4357 3744 4419 Elias

508 4501 678 4561 Cret.
705 4500 771 4561 in
804 4498 977 4561 Orat.
1009 4498 1090 4561 al.
1119 4500 1178 4573 1,
1216 4514 1385 4559 nunc
1417 4498 1479 4569 2,
1516 4503 1665 4558 tom.
1692 4497 1773 4570 ll,
1809 4496 1971 4575 apud
2012 4494 2151 4556 Bill.
2198 4513 2257 4572 p.
2293 4494 2433 4567 900,
2461 4489 2599 4549 201.

586 4602 698 4662 Per
748 4600 1151 4662 incruentum
1196 4602 1314 4659 hoc
1348 4596 1750 4670 sacrificium,
1805 4569 1923 4662 nos
1959 4599 2133 4662 Chris

2200 4569 2568 4675 participes
2601 4588 2758 4652 ρίΗοὶ
2791 4587 2972 4648 docet
3006 4575 3354 4653 Gregorius
3394 4572 3480 4655 (ἡ)
3518 4591 3534 4631 :
3570 4569 3742 4675 e-Per

506 4706 681 4785 quod
705 4705 1127 4783 (incruentum
1166 4695 1565 4776 sacrificium)
1597 4713 1711 4759 nos
1748 4698 1999 4761 Christo
2036 4670 2368 4776 ipsiusque
2401 4670 2807 4774 passionibus
2855 4696 2914 4749 et
2949 4678 3265 4745 divinitati
3304 4670 3737 4741 communica-

505 4822 670 4869 mus.
715 4830 743 4861 ››
776 4805 935 4866 Sunt
988 4804 1109 4865 alia
1145 4798 1432 4877 Gregorii
1466 4800 1677 4874 verba,
1743 4818 1821 4862 ex
1864 4801 2123 4879 quibus,
2163 4786 2243 4858 ut
2291 4795 2583 4858 observat
2625 4787 3008 4855 Muratorius
3060 4784 3155 4867 (ι’),
3216 4779 3474 4861 probari
3516 4775 3736 4853 potest,

505 4908 667 4984 apud
722 4915 970 4967 veteres
1030 4901 1332 4965 sacrificia
1391 4908 1450 4961 et
1495 4917 1714 4979 preces
1770 4902 1992 4978 proiis
2048 4898 2157 4979 qui
2209 4898 2619 4959 decesserunt
2652 4894 2717 4957 in
2754 4891 2940 4972 signo
2968 4888 3136 4960 ﬁdei,
3200 4891 3262 4947 et
3293 4875 3622 4941 dormiunt
3676 4867 3737 4926 in

506 5023 734 5069 somno
770 5007 962 5085 pacis,
1000 5003 1315 5080 viguisse;
1348 5003 1440 5063 sic
1471 5002 1638 5064 enim
1671 5001 1734 5063 in
1770 5000 2090 5082 epitaphio
2121 5015 2311 5060 cxvm
2343 4994 2587 5057 inducit
2618 5001 2898 5061 mortuos
2935 4985 3337 5064 Gregorium‘t
3360 4989 3425 5043 et
3455 4981 3737 5041 Nonnam

511 5079 854 5186 loquentes
894 5127 910 5167 :
944 5129 971 5161 α
1007 5079 1132 5164 NOs
1172 5104 1252 5179 pii
1295 5108 1586 5180 parentes
1629 5079 1944 5180 Gregorii,
1981 5101 2093 5180 qui
2140 5108 2200 5162 et
2231 5105 2627 5159 senectutem
2676 5093 2939 5156 reddidit
2988 5089 3126 5155 suis
3159 5087 3490 5152 laboribus
3536 5079 3733 5139 levem

507 5219 816 5279 nostram,
851 5213 911 5265 et
951 5221 1120 5265 nunc
1161 5203 1700 5281 prosequiturnos
1743 5176 2054 5267 sacrificii:

2192 5210 2287 5263 καὶ
2317 5208 2410 5262 νῦν
2440 5207 2702 5278 ἀμφιέπει
2724 5203 2951 5268 θυσίαις.
2996 5195 3119 5270 Nec
3153 5189 3370 5254 minus
3418 5176 3735 5245 oblatione

505 5306 796 5379 sacrificii
827 5319 1026 5380 aegros
1049 5319 1124 5363 ex
1145 5301 1364 5363 morbo
1392 5307 1705 5364 recreatos
1732 5302 1957 5362 asserit
1987 5308 2048 5363 et
2065 5276 3086 5380 reprazsentatVsanctusdoctor.ln
3107 5290 3471 5367 exemplum
3503 5276 3731 5363 profert

501 5412 746 5499 patrem
787 5421 976 5466 suum
1018 5402 1422 5480 Gregorium,
1454 5418 1569 5463 nec
1616 5418 1740 5464 non
1790 5401 2166 5492 Gergouiam
2224 5416 2507 5464 sororem
2557 5417 2758 5470 suam,
2815 5414 3085 5477 quorum
3117 5374 3294 5458 [alter
3334 5413 3349 5455 :
3384 5412 3417 5452 at
3448 5388 3525 5469 (Ι)
3574 5375 3729 5445 ΙΠοά

574 5505 622 5537 ⁸⁸
655 5506 845 5559 Matth.
872 5518 1019 5567 χχιιι,
1053 5501 1143 5569 26,
1171 5501 1262 5566 28,
1284 5512 1339 5559 et
1363 5502 1488 5557 alibi
1932 5480 1947 5492 ἢ

3233 5484 3248 5493 υ
3392 5480 3396 5483 Α

575 5600 650 5665 (al
679 5599 768 5653 Or.
804 5596 892 5662 40,
918 5614 969 5649 ιι.
998 5597 1054 5649 8.
1308 5653 1310 5656 ν

575 5670 649 5734 (ὑ)
674 5669 766 5723 Or.
788 5668 876 5729 54,
910 5683 963 5721 n.
996 5668 1084 5723 14.

2244 5594 2311 5665 (f)
2340 5594 2488 5661 Apud
2512 5593 2706 5648 Muret.
2737 5592 2893 5660 epist.
2927 5591 3008 5646 10.

2242 5668 2315 5733 (ρ)
2346 5663 2438 5734 Or.
2464 5665 2517 5722 2.
2546 5680 2597 5718 η.
2624 5663 2717 5734 95.

600 5670 649 5734 b)
674 5669 766 5723 Or.
788 5668 876 5729 54,
910 5683 963 5721 n.
996 5668 1084 5723 M.

599 5752 647 5808 ι)
674 5741 766 5793 Or.
801 5738 953 5800 55,".

2242 5663 2315 5733 fg)
2346 5663 2438 5717 Or.
2464 5665 2517 5722 2.
2546 5680 2597 5718 η.
2624 5663 2711 5718 95.

2243 5735 2322 5808 (ιι)
2362 5732 2454 5808 Οτι
2488 5734 2541 5808 4,
2575 5750 2627 5808 !!~
2665 5733 2750 5785 5‘3-

598 5798 652 5875 a’;
693 5810 856 5875 Epist.
878 5798 959 5861 at.
988 5806 1095 5858 ato
1771 5820 1776 5825 ε

1771 5820 1776 5825 ’
2342 5805 2537 5875 (ineat.
2569 5802 2755 5875 (iure,
2783 5816 2834 5870 p.
2866 5798 2975 5853 112.

576 5871 646 5971 ἧς)
683 5871 859 5946 Curtii.
892 5879 959 5934 al.
996 5876 1082 5946 11,
1113 5896 1161 5934 v.
1190 5883 1232 5935 l.

1218 5920 1232 5935 .
2338 5874 2429 5931 Or.
2473 5872 2556 5940 i8,
2595 5889 2645 5925 ιι.
2675 5871 2762 5927 5S.
