3926 6410
210 378 307 433 H7
1191 379 1569 437 PREFATIO
1606 380 1760 437 GENI

1911 381 2014 436 .lS.
2056 415 2123 423 —
2161 382 2343 438 PARS
2382 382 2466 437 lli.
3364 382 3461 435 118

219 488 482 566 quidem
518 505 661 551 cum
692 488 834 552 aliis
867 488 1238 551 hominibus
1270 505 1612 551 commune
1646 489 1889 560 habuit,
1928 493 2101 570 quod
2135 498 2473 570 aegrotaret
2498 513 2514 565 ;
2544 491 2663 554 hoc
2694 498 2903 553 autem
2943 506 3069 551 non
3109 488 3259 551 item
3294 506 3463 551 com-

218 606 442 662 mune,
476 589 586 649 sed
621 588 961 651 admodum
990 589 1332 668 peculiare,
1365 587 1642 669 aliisque
1686 591 2009 653 miraculis
2055 600 2581 655 consentaneum.
2616 593 2769 654 Nam
2801 608 2944 654 cum
2981 610 3309 673 nunquam
3342 594 3460 655 do-

209 690 340 748 lore
374 703 505 748 non
551 693 969 764 premeretur,
1003 696 1065 751 et
1095 688 1355 766 quidem
1400 705 1682 768 persaepe
1718 690 1991 767 singulis
2032 690 2285 764 diebus,
2318 699 2510 769 atque
2542 691 2861 753 interdum
2903 692 3094 754 etiam
3145 692 3343 766 horis,
3382 712 3463 757 ex

205 787 341 848 sola
371 785 625 863 titurgia
660 787 855 849 robur
889 789 1310 867 concipiebat,
1362 806 1432 852 ac
1467 790 1753 865 morbus,
1790 800 2089 871 tanquam
2131 811 2209 855 ex
2244 794 2453 855 edicto
2486 799 2546 854 et
2579 792 2848 871 imperio
2876 791 3154 871 fugatus,
3202 810 3271 855 se
3301 795 3461 855 sub-

204 886 565 949 ducebat...
608 881 691 965 (α)
732 887 843 950 Illa
868 905 1020 951 vero
1054 886 1423 968 (Gorgonis)
1457 906 1600 951 cum
1628 898 1816 969 caput
1846 910 2033 955 suum
2065 892 2194 973 pari
2230 911 2373 955 cum
2416 894 2716 966 clamore,
2750 892 3199 972 lacrymisque,
3225 892 3465 971 quibus

205 990 604 1064 abundabat,
630 989 1026 1052 mulierculae
1056 988 1233 1051 illius
1263 989 1488 1064 instar,
1518 1008 1656 1068 quae
1677 991 1827 1053 olim
1852 991 2086 1054 Christi
2112 994 2304 1072 pedes
2330 993 2578 1073 rigavit,
2602 992 2781 1054 altari
2805 992 3215 1064 admovisset,
3246 1008 3362 1053 nec
3391 1008 3462 1053 se

208 1090 391 1167 prius
422 1090 583 1151 illud
618 1090 1031 1153 dimissuram
1066 1106 1207 1153 esse
1238 1091 1706 1163 denuntiasset,
1739 1074 1928 1170 quani
1979 1094 2315 1155 sanitatem
2357 1092 2783 1165 obtinuisset;
2823 1110 2893 1155 ac
2930 1094 3159 1157 deinde
3190 1094 3313 1154 hoc
3342 1109 3461 1159 suo

206 1192 549 1272 pharmaco
599 1207 831 1272 corpus
880 1196 1081 1252 totum
1130 1188 1539 1267 perfudisset,
1580 1197 1642 1250 et
1689 1189 1743 1250 si
1784 1191 1939 1270 quid
1974 1191 2218 1269 uspiam
2259 1193 2697 1271 antityporum
2742 1193 3008 1268 pretiosi
3042 1192 3323 1271 corporis
3355 1199 3458 1254 aut

206 1293 553 1371 sanguinis
585 1309 810 1355 manus
844 1287 1308 1362 recondiderat,
1341 1288 1402 1349 id
1429 1288 1731 1368 lacrymis
1762 1291 2209 1354 admiscuisset
2249 1293 2312 1371 (ο
2345 1310 2477 1354 rem
2510 1292 2997 1373 admirandam),
3032 1292 3240 1353 statim
3295 1290 3460 1354 libe-

204 1399 404 1454 ratam
440 1410 508 1455 se
537 1388 756 1454 morbo
780 1390 999 1462 sentit,
1027 1396 1219 1469 atque
1247 1397 1307 1451 et
1338 1405 1628 1469 corpore,
1662 1396 1722 1453 et
1746 1390 1989 1463 animo,
2024 1398 2086 1455 et
2114 1397 2325 1453 mente
2354 1391 2512 1452 levis
2545 1391 2836 1454 discedit.
2880 1415 2908 1447 ι

282 1491 418 1554 Nec
441 1508 593 1554 vero
629 1506 1016 1570 quemquam
1054 1505 1307 1551 movere
1353 1489 1565 1564 debet,
1597 1493 1767 1570 quod
1806 1493 2178 1570 Gregorius,
2226 1494 2304 1553 de
2343 1492 2739 1554 Eucharistia
2782 1492 3076 1571 loquens,
3112 1493 3345 1570 ﬁguras
3400 1499 3462 1553 et

206 1594 498 1673 antitypa
547 1590 842 1672 appellat.
871 1588 1070 1649 Movit
1099 1593 1305 1648 tamen
1338 1588 1429 1660 id,
1459 1595 1566 1650 aut
1596 1598 1763 1651 certe
1792 1607 2045 1654 movere
2081 1595 2284 1655 visum
2317 1598 2413 1655 est
2452 1593 2817 1654 nonnullos.
2848 1592 3067 1670 Neque
3126 1591 3322 1660 enim,
3353 1590 3457 1653 ina

206 1695 449 1775 quiunt
472 1691 743 1757 ministri
774 1689 1075 1753 Claudius
1092 1694 1150 1751 et
1175 1688 1566 1761 Albertinus,
1602 1689 1701 1751 his
1734 1692 2339 1755 nominibusfuisset
2364 1709 2516 1755 usus
2534 1691 2880 1770 Gregorius
2900 1690 2952 1751 si
2973 1689 3457 1751 vereetrealiter

206 1796 441 1857 Christi
478 1809 711 1873 corpus
743 1796 805 1852 et
839 1787 1219 1864 sanguinem
1249 1786 1318 1848 in
1380 1788 1779 1852 Eucharistia
1811 1793 2123 1853 contineri
2164 1792 2610 1855 existimasset.
2646 1792 2814 1853 Elias
2862 1787 3185 1851 Cretensis
3214 1786 3293 1865 (ὁ)
3332 1786 3460 1848 ι)ωο

209 1899 473 1960 nomina
518 1898 596 1959 de
642 1890 1047 1956 Eucharistia
1078 1889 1556 1967 interpretatur,
1596 1906 1666 1951 ac
1700 1891 1779 1953 de
1814 1908 1961 1952 vero
2001 1892 2237 1954 Christi
2273 1908 2537 1971 corpore
2575 1898 2635 1953 et
2674 1889 2985 1968 sanguine
3019 1888 3303 1969 exponit.
3337 1888 3481 1950 Sede

208 2004 268 2059 et
301 1996 534 2058 inanes
568 1993 816 2057 Claudii
846 1998 907 2054 et
945 1988 1261 2051 Albertini
1304 1988 1700 2067 obiectiones
1731 1990 1996 2067 refellit,
2035 2010 2105 2057 ac
2137 1992 2431 2056 funditus
2457 1992 2682 2056 evertit
2717 1997 2937 2055 auctor
2970 1988 3182 2057 oneris
3211 1988 3298 2050 De
3321 2004 3464 2066 per-

207 2095 521 2174 petuitate
543 2092 712 2173 ﬁdei,
748 2092 859 2154 lib.
892 2109 935 2164 ι,
970 2107 1028 2153 c.
1058 2091 1119 2165 5,
1163 2105 1225 2168 p.
1256 2088 1358 2162 1&9,
1389 2095 1539 2153 tom.
1579 2090 1689 2153 Ill.

1599 2240 1680 2300 De
1698 2242 2082 2319 pauitantia.

288 2358 625 2422 Justitiam
659 2360 863 2424 amitti
898 2377 1086 2440 posse
1115 2368 1177 2425 et
1210 2361 1599 2440 recuperari,
1636 2362 1791 2424 satis
1826 2370 1917 2425 tot
1953 2366 2278 2445 lapsorum
2315 2365 2705 2448 experientia
2736 2366 3324 2429 didiceratsanctus
3353 2367 3466 2429 do-

216 2466 405 2535 ctor;
451 2468 728 2523 attamen
766 2476 847 2523 ne
877 2462 990 2541 qui
1023 2463 1391 2526 innocentia
1420 2462 1720 2541 baptismi
1754 2463 2146 2539 exciderent,
2209 2485 2371 2530 nova
2420 2467 2849 2530 contrahendo
2904 2470 3179 2544 peccata,
3214 2462 3338 2524 sibi
3384 2465 3464 2524 de

212 2558 407 2621 venia
469 2560 662 2622 nimis
710 2560 1177 2634 blandiremur,
1214 2562 1388 2624 aliud
1443 2562 1537 2623 eis
1570 2576 1700 2623 non
1733 2579 2075 2641 superesse
2121 2568 2471 2631 remedium
2514 2574 2737 2647 praeter
2775 2564 3083 2642 lacrymas
3127 2564 3465 2627 denuntiat

212 2660 594 2736 Gregorius,
631 2682 660 2718 α
687 2678 862 2726 nunc
890 2663 1064 2726 aliud
1091 2663 1442 2727 remedium
1483 2670 1661 2726 extra
1689 2662 2003 2744 lacrymas
2034 2667 2281 2731 nullum
2318 2684 2575 2747 prorsus
2608 2667 2768 2729 scio.
2805 2688 2833 2723 ιο
2865 2666 3033 2737 Quin
3073 2671 3138 2725 ut
3169 2664 3473 2727 homines

212 2780 241 2821 a
272 2768 547 2840 peccato
586 2762 785 2839 magis
816 2765 1131 2828 deterreat
1177 2772 1233 2826 et
1275 2764 1337 2825 in
1367 2764 1617 2844 justitia
1664 2771 1961 2833 stabilius
2009 2770 2361 2841 conﬁrmet,
2398 2774 2615 2831 monet
2665 2782 2775 2829 eos
2812 2763 3251 2843 poenitentiam
3297 2764 3473 2826 labo-

214 2861 467 2924 riosum
501 2880 643 2925 esse
669 2864 1099 2941 pharmacum,
1130 2866 1556 2929 difﬁciliorem
1600 2874 1661 2929 et
1701 2866 2137 2929 molestiorem
2184 2864 2586 2945 disciplinam
2625 2884 2641 2924 :
2679 2886 2709 2920 α
2745 2860 2830 2943 (c)
2867 2860 3072 2926 Grave
3099 2869 3192 2926 est
3216 2861 3463 2926 facilio-

216 2962 295 3022 ris
333 2961 847 3026 medicinwloco
892 2965 1314 3028 difﬁciliorem
1363 2973 1423 3029 et
1455 2968 1890 3031 molestiorem
1934 2966 2265 3038 adhibere,
2312 2984 2405 3040 ac,
2448 2965 2725 3046 projecta
2758 2962 3212 3026 misericordiae
3242 2964 3505 3041 gratias.

213 3060 563 3141 suppliciis
622 3062 907 3142 seipsum
963 3065 1313 3127 obnoxium
1380 3066 1670 3138 reddere,
1726 3076 1919 3146 atque
1969 3085 2044 3128 ex
2079 3065 2295 3127 delicti
2346 3065 2593 3128 ratione
2629 3063 3140 3127 emendationem
3189 3080 3463 3145 aequare.

209 3167 536 3242 Quantam
564 3165 734 3229 enim
773 3165 1190 3243 lacrymarum
1226 3166 1351 3227 vim
1398 3166 1872 3244 impendemus,
1909 3170 1977 3227 ut
2010 3184 2078 3227 ea
2114 3184 2258 3228 cum
2294 3166 2593 3246 baptismi
2640 3167 2814 3228 fonte
2850 3164 3165 3243 exaequari
3216 3165 3471 3243 possit?

211 3267 384 3340 Quis
412 3274 631 3329 autem
663 3281 933 3346 sponsor
966 3266 1113 3340 erit,
1148 3265 1310 3339 fore,
1346 3275 1412 3328 ut
1440 3266 1582 3330 vitae
1614 3267 1757 3329 finis
1794 3268 2191 3331 curationem
2228 3275 2573 3348 exspectet,
2610 3285 2680 3329 ac
2704 3285 2831 3330 non
2859 3270 3076 3345 potius
3111 3268 3317 3331 adhuc
3344 3286 3465 3330 tere

210 3367 431 3429 alieno
464 3385 746 3446 pressos,
801 3376 990 3449 atque
1034 3368 1212 3430 illius
1242 3367 1408 3446 ignis
1441 3369 1677 3431 ardore
1710 3386 1873 3444 opus
1919 3369 2251 3439 habentes,
2298 3368 2574 3431 tribunal
2614 3368 2772 3430 illud
2804 3369 3159 3447 suscipiat?
3187 3370 3284 3430 Tu
3317 3369 3501 3448 qui‘.

212 3466 360 3529 dem
393 3463 692 3543 fortasse,
726 3468 895 3531 bone
926 3476 985 3531 et
1017 3470 1296 3531 humane
1330 3469 1633 3547 agricola,
1667 3469 2000 3533 dominum
2035 3468 2308 3548 supplex
2344 3469 2621 3548 rogabis,
2655 3482 2723 3530 ut
2754 3469 3042 3531 ﬁculneae
3080 3467 3288 3530 adhuc
3325 3486 3471 3544 par-

210 3574 326 3641 cat,
366 3584 489 3629 nec
520 3586 658 3629 eam
694 3570 1049 3632 sterilitatis
1078 3578 1431 3634 accusatam
1469 3568 1677 3631 adhuc
1705 3568 2012 3637 succidat,
2052 3585 2267 3631 verum
2306 3568 2421 3630 tibi
2466 3570 2786 3648 permittat
2827 3575 2892 3631 ut
2956 3579 3234 3635 stercora
3272 3573 3472 3634 tundi-

210 3684 335 3743 que
382 3666 450 3727 in
485 3684 622 3730 eam
656 3669 907 3750 injicias
938 3679 1008 3744 ³⁷,
1044 3669 1165 3734 hoc
1211 3676 1307 3733 est
1340 3669 1674 3749 lacrymas,
1709 3669 2007 3746 gemitus,
2057 3686 2295 3747 preces,
2332 3668 2772 3744 chameunias,
2816 3672 3094 3750 vigilias,
3145 3672 3372 3733 animae
3404 3679 3466 3733 et

211 3770 507 3849 corporis
543 3774 1064 3846 macerationem,
1120 3790 1192 3835 ac
1237 3771 1515 3851 denique
1569 3770 2028 3833 correctionem
2085 3787 2249 3844 eam,
2283 3786 2426 3848 qum
2473 3787 2546 3831 ex
2586 3773 2825 3846 peccati
2859 3758 3286 3846 confessione,
3319 3790 3471 3841 con-

214 3871 682 3951 temptiorique
722 3874 864 3935 vitae
892 3890 1125 3951 genere
1175 3873 1466 3947 exsistit;
1531 3879 1593 3934 at
1644 3872 1956 3933 incertum
2005 3876 2122 3944 est,
2164 3887 2241 3932 an
2283 3870 2596 3932 Dominus
2644 3872 2732 3931 illi
2783 3878 3016 3952 parcet,
3058 3881 3277 3953 utpote
3325 3890 3495 3953 qua

210 3969 415 4031 etiam
458 3970 673 4034 locum
708 3974 914 4037 otiose
945 3982 1237 4053 occupet,
1274 3991 1417 4035 cum
1451 3971 1902 4035 interim-alius
1937 3969 2371 4033 misericordia
2395 3978 2616 4048 egeat,
2650 3978 2841 4051 atque
2888 3974 2969 4034 ob
3019 3980 3470 4043 longanimita-

213 4075 364 4142 tem,
397 4088 550 4151 quae
579 4071 703 4150 ipsi
736 4074 1096 4146 exhibetur,
1132 4074 1407 4137 deterior
1439 4075 1613 4135 fiat.»
3185 4140 3193 4148 .

285 4170 476 4232 Licet
504 4171 852 4250 Gregorius
885 4172 973 4254 (ιι)
1012 4174 1453 4254 purgationem
1488 4173 1718 4236 animae
1768 4190 1839 4234 ac
1894 4174 2424 4234 instaurationem
2466 4171 2531 4231 in
2564 4173 2905 4250 pristinum
2941 4183 3174 4240 statum
3216 4176 3472 4239 rarissi-

215 4288 381 4335 mam
418 4292 570 4339 esse
600 4286 931 4356 agnoscat,
966 4285 1027 4342 et
1057 4295 1223 4357 aegre
1260 4277 1511 4342 tandem
1553 4284 1696 4357 post
1729 4274 2027 4338 assiduos
2066 4274 2342 4363 gemitus
2367 4316 2384 4347 ,
2422 4272 2775 4353 longosque
2810 4275 3057 4339 labores
3096 4278 3474 4341 vulneribus

215 4378 586 4441 cicatricem
612 4380 891 4453 obduci,
926 4383 1156 4445 acriter
1188 4388 1397 4445 tamen
1428 4382 1933 4445 Novatianorum
1964 4378 2272 4440 saevitiam
2320 4378 2631 4454 coarguit.
2666 4400 2695 4433 α
2724 4378 2817 4440 Tu
2851 4396 2997 4441 vero
3031 4382 3184 4459 quid
3217 4383 3341 4443 ais?
3372 4382 3472 4442 in-

214 4481 351 4557 quit
379 4498 630 4559 ;quam
668 4484 869 4561 legem
899 4484 1149 4554 statuis,
1190 4502 1227 4545 o
1257 4501 1419 4547 nove
1448 4484 1786 4558 Pharisme,
1812 4500 1895 4547 ac.
1916 4480 2196 4553 nomine,
2233 4496 2363 4542 non
2395 4488 2604 4542 autem
2641 4482 2834 4542 animi
2879 4485 3229 4561 proposito,
3292 4501 3474 4560 pure,

213 4599 284 4642 ac
316 4582 558 4644 Novati
592 4583 888 4661 dogmata
919 4600 1061 4646 cum
1093 4584 1313 4647 eadem
1336 4584 1713 4648 infirmitate
1754 4583 1942 4645 nobis
1973 4580 2192 4644 efﬂans
2216 4582 2245 4642 ?
2276 4580 2719 4643 Paenitentiam
2768 4598 2893 4642 non
2928 4583 3209 4644 admittis
3233 4589 3259 4643 ?
3296 4583 3479 4645 lucti-

214 4681 336 4743 bus
378 4684 597 4745 locum
633 4688 880 4763 negas?
939 4683 1255 4763 lacrymas
1284 4684 1581 4762 Iacrymis
1615 4701 1740 4746 non
1774 4682 2235 4763 prosequeris?
2288 4680 2536 4741 Utinam
2575 4680 2762 4741 talem
2802 4681 2916 4741 tibi
2968 4682 3251 4760 judicem
3287 4700 3479 4761 expe-

213 4780 327 4843 riri
367 4799 505 4845 non
547 4784 906 4862 contingat!
941 4784 1344 4862 Benignitate
1381 4785 1537 4846 Jesu
1586 4801 1715 4847 non
1767 4784 2045 4845 moveris
2078 4824 2095 4855 ,
2132 4781 2242 4860 qui
2302 4780 2708 4841 infirmitates
2742 4787 2994 4842 nostras
3032 4782 3312 4857 suscepit
3346 4826 3363 4857 ,
3419 4788 3480 4842 et

215 4885 491 4948 morbos
528 4893 784 4948 nostros
816 4886 1090 4966 portavit
1119 4886 1336 4966 ",qui
1369 4902 1498 4946 non
1537 4886 1712 4949 venit
1746 4901 1968 4948 vocare
1997 4883 2202 4962 iustos
2234 4926 2250 4955 ,
2287 4882 2398 4944 sed
2431 4888 2794 4957 peccatores
2828 4881 2903 4942 ad
2939 4881 3373 4961 pmnitentiam
3408 4889 3477 4952 ι’.

214 4989 325 5061 qui
358 4987 875 5050 misericordiam
920 4989 1159 5049 mavult
1192 5003 1383 5069 quam
1416 4986 1794 5049 sacrificium
1821 4982 1890 5058 ‘°,
1927 4984 2039 5061 qui
2078 4983 2444 5062 septuagies
2472 4980 2711 5058 septies
2760 4990 3008 5059 peccata
3039 4982 3356 5044 condonet
3387 4983 3482 5042 “'2'

212 5083 430 5162 Quam
468 5086 650 5149 beata
691 5091 860 5149 esset
890 5085 1253 5147 sublimitas
1292 5094 1419 5159 tua,
1454 5085 1508 5147 si
1538 5085 1780 5163 pu‘ritas
1813 5102 1883 5147 ea
1921 5091 2117 5156 esset,
2169 5098 2295 5144 non
2337 5086 2549 5143 autem
2579 5080 2810 5155 fastus,
2843 5081 3019 5157 leges
3050 5098 3241 5157 supra
3276 5081 3482 5143 homi-

219 5187 320 5249 nis
356 5191 617 5265 captum
660 5185 1034 5257 instituens,
1080 5201 1152 5247 ac
1184 5202 1430 5248 morum
1463 5184 1924 5248 correctionem
1950 5201 2063 5262 per
2092 5180 2600 5259 desperationem
2639 5182 2895 5243 tollens!
2932 5181 3004 5241 In
3043 5180 3266 5244 eodem
3302 5182 3473 5244 enim

217 5292 382 5353 vitio
448 5294 626 5359 sunt,
664 5286 1065 5363 indulgentia
1100 5288 1364 5353 omnino
1420 5284 1998 5350 animadversionis
2031 5300 2258 5362 expers
2288 5323 2319 5353 ,Δ
2347 5288 2407 5343 et
2444 5282 2893 5344 condemnatio
2934 5280 3106 5343 omni
3139 5281 3320 5344 venia
3385 5301 3479 5345 ca-

218 5408 414 5465 rens;
451 5388 557 5449 illa
592 5404 819 5450 omnes
853 5387 1130 5451 habenas
1166 5392 1353 5463 taxat,
1389 5390 1520 5453 haec
1553 5391 1634 5453 ob
1672 5386 2138 5451 vehementiam
2175 5385 2553 5462 strangulat.
2596 5407 2624 5439 ι

282 5584 331 5615 ³⁷
367 5585 513 5639 Luc.
539 5598 634 5648 ιιι,
666 5582 787 5640 6-9.
865 5583 909 5615 ³⁸
939 5581 1041 5641 lsa.
1078 5599 1193 5650 mu,
1216 5582 1275 5647 ξι.
1350 5586 1391 5617 ι’
1432 5584 1595 5642 Marc.
1626 5600 1686 5651 ll,
1716 5585 1800 5639 t7.

1684 5631 1686 5645 .
1716 5585 1800 5639 t7.
1880 5584 1925 5615 ‘°
1960 5584 2145 5638 Matth.
2186 5599 2259 5644 Ix,
2298 5581 2385 5644 i5;
2421 5595 2511 5640 xu,
2535 5577 2590 5631 7.
2670 5576 2710 5607 ⁸¹
2739 5573 2924 5629 Matth.
2958 5588 3111 5641 xvnl,
3142 5571 3234 5626 22.

284 5755 371 5827 (ᾳ)
401 5753 504 5827 pr.
542 5757 595 5821 8,
627 5774 681 5812 η.
714 5757 794 5811 18.

1982 5760 2049 5825 (ί)
2082 5757 2175 5813 Or.
2202 5757 2287 5817 40,
2318 5772 2373 5810 n.
2404 5755 2452 5808 9.

289 5823 369 5898 (tr)
402 5823 469 5879 In
488 5842 563 5882 or.
579 5828 653 5884 at.
686 5828 736 5893 t,
770 5828 1113 5900 utincﬁapud
1138 5829 1278 5899 ΒΜ,
1300 5832 1507 5901 tom.ll,
1529 5848 1651 5906 pag.
1673 5832 1794 5889 201.
1983 5823 2054 5899 (rt)
2091 5830 2183 5882 0r.
2222 5827 2315 5895 59;
2346 5842 2400 5880 n.
2443 5825 2523 5879 18.
