3926 6410
510 300 615 354 ne
1495 303 1866 361 PBEFATIO
1904 306 2309 361 cenemus.
2358 338 2423 347 —
2460 306 2635 360 rans
2673 279 2758 359 iit.
3625 313 3709 369 reo

589 418 1005 498 Prosequitur
1035 419 1386 495 Gregorius
1414 419 1495 493 (α)
1531 438 1767 498 urgens
1798 422 2230 484 Novatianos:
2269 446 2295 477 «
2327 420 2497 499 Quid
2530 423 2559 481 ?
2587 437 2669 482 ne
2706 420 3112 497 pcenitentem
3150 420 3403 499 quidem
3437 423 3708 489 Davidem

512 493 843 591 admittis,
897 515 997 576 cui
1052 493 1483 592 propheticam
1520 493 1783 597 quoque
1819 518 2083 596 gratiam
2146 493 2523 596 pmnit’entia
2567 515 3018 577 conservavit?
3056 518 3182 579 Nec
3240 536 3529 595 magnum
3555 522 3711 587 illum

512 618 793 688 Petrum,
821 617 930 696 qui
966 615 1129 679 circa
1161 615 1504 678 Salvatoris
1542 620 1903 695 passionem
1944 619 2207 679 humani
2235 617 2481 697 aliquid
2522 633 2866 695 perpessus
2896 620 3043 679 est?
3082 622 3161 680 At
3197 620 3381 680 Jesus
3418 638 3556 682 eum
3588 639 3713 684 sus-

510 720 703 796 cepit,
735 739 806 783 ac
870 738 982 797 per
1028 721 1341 800 triplicem
1388 724 1965 802 interrogationem
2002 731 2063 786 et
2114 724 2593 786 confessionem
2625 730 2693 797 “,
2731 722 3045 801 triplicem
3085 722 3541 800 abjurationem
3568 724 3714 789 "sa-

512 819 705 879 navit.
737 818 1007 891 Quid....
1044 836 1159 881 nec
1203 839 1347 881 eum
1382 821 1708 899 (admittis)
1765 821 1875 900 qui
1924 820 2165 884 scelere
2198 838 2342 882 sese
2380 817 2447 907 in
2499 819 2809 882 Corintho
2854 819 3197 881 devinxit?
3229 822 3305 881 At
3335 822 3563 883 Paulus
3592 822 3713 887 cha-

514 919 759 979 ritalem
798 917 984 979 etiam
1026 936 1170 997 erga
1204 938 1347 983 eum
1384 921 1681 990 ﬁrmavit,
1730 922 1923 984 simul
1956 928 2146 1000 atque
2181 940 2326 984 eum
2367 922 2443 984 ad
2476 922 2803 983 meliorem
2842 921 2983 982 vitae
3038 921 3282 997 frugem
3318 922 3574 984 rediisse
3600 942 3714 1010 per-

513 1022 757 1096 spexit,
808 1022 1124 1101 istamque
1165 1041 1417 1085 causam
1450 1024 1629 1085 aﬂ'ert
1658 1048 1673 1085 :
1702 1042 1780 1087 ne
1817 1026 2309 1087 «abundantiori
2351 1025 2607 1085 tristitia
2646 1025 3062 1105 absorbeatur
3098 1024 3206 1097 Ἦ»
3260 1030 3378 1086 etc.
3432 1028 3600 1098 Quod
3646 1030 3715 1090 ait

512 1122 855 1197 Gregorius
892 1124 968 1185 de.
995 1122 1361 1185 Novatianis
1394 1124 1476 1201 (b)
1518 1146 1533 1185 :
1568 1146 1597 1178 α
1637 1126 1703 1185 ln
1756 1125 1952 1187 altero
1984 1141 2121 1187 sevo
2159 1125 2292 1202 igni
2342 1124 2612 1187 fortasse
2653 1124 3169 1202 baptizabuntur,
3221 1124 3331 1203 qui
3389 1133 3714 1203 postremus

511 1228 607 1281 est
646 1222 1027 1301 baptismus,
1062 1242 1178 1285 nec
1215 1224 1424 1286 solum
1455 1226 1767 1298 acerbior,
1799 1227 1907 1287 sed
1955 1234 2013 1285 et
2046 1226 2439 1300 diuturnior,
2482 1227 2593 1305 qui
2650 1244 2925 1288 crassam
2984 1227 3309 1295 materiam
3368 1228 3559 1289 instar
3609 1230 3716 1291 feni

511 1324 901 1399 depascitur,
937 1325 1209 1403 vitiique
1247 1326 1458 1386 omnis
1493 1327 1815 1388 levitatem
1860 1326 2175 1401 absumit;
2211 1349 2238 1382 »
2271 1326 2433 1388 forte
2475 1328 2769 1404 sperabat
2805 1327 3149 1405 Gregorius
3183 1329 3559 1391 Novatianos
3581 1348 3719 1392 erro-

513 1442 646 1485 rem
670 1443 859 1487 suum
894 1428 1223 1503 agnituros
1247 1470 1264 1499 ,
1297 1436 1685 1508 quapropter
1712 1428 1895 1489 verba
1954 1429 2030 1488 de
2079 1430 2229 1507 igne
2280 1428 2648 1507 purgatorio
2675 1472 2691 1501 ,
2729 1444 2853 1489 non
2893 1430 2970 1490 de
3005 1436 3242 1491 artemo
3278 1429 3447 1508 igne,
3481 1438 3543 1492 ut
3573 1440 3718 1509 putat

513 1509 764 1591 Nic'etas
793 1527 891 1606 (c),
934 1527 1234 1590 videnlur
1275 1528 1715 1605 intelligenda.

1738 1627 1819 1685 De
1855 1624 2095 1684 ordinis
2123 1630 2527 1686 sacramento.

591 1735 682 1795 De
719 1732 962 1793 ordinis
997 1742 1395 1791 sacramento
1426 1746 1553 1790 non
1606 1730 1800 1789 multa
1834 1728 2190 1806 dogmatice
2225 1733 2481 1789 tractata
2540 1727 2604 1787 in
2660 1728 2949 1805 Gregorii
3005 1728 3262 1808 scriptis
3296 1732 3591 1808 reperias,
3622 1735 3721 1797 nisi

510 1837 681 1915 quod
719 1831 1041 1911 episc0pis
1080 1830 1143 1890 in
1177 1830 1580 1891 ordinatione
1632 1829 1935 1907 Spiritum
1991 1834 2281 1889 sanctum
2322 1827 2593 1889 conferri
2630 1835 2919 1888 testatur.
2959 1849 2987 1883 α
3022 1829 3185 1889 Num
3241 1836 3335 1902 tu,
3394 1829 3594 1909 inquit
3630 1833 3721 1914 (ά),

517 1935 792 2015 Spiritus
831 1930 1029 1991 sancti
1056 1944 1181 1988 non
1218 1944 1285 1988 es
1311 1928 1671 2004 particeps?
1716 1929 1890 2003 atqui
1927 1927 2200 1989 maxime
2238 1936 2295 1986 te
2337 1926 2457 1988 hoc
2490 1926 2629 2004 ipso
2664 1928 2877 1988 effers.
2918 1951 2945 1983 ι›
2978 1928 3129 1988 Jure
3162 1928 3383 1990 divino
3415 1939 3670 2008 pastores
3696 1953 3722 1996 a

511 2035 751 2116 p0pulo
782 2031 1027 2094 secerni
1066 2036 1127 2090 et
1168 2046 1439 2105 prmesse
1471 2028 1655 2090 docet
1688 2028 1785 2109 (c).
1825 2051 1854 2083 «
1884 2028 2439 2100 Quemadmodum
2475 2027 2540 2087 in
2576 2044 2842 2105 corpore
2874 2028 3044 2087 aliud
3080 2028 3502 2107 principatum
3538 2042 3720 2107 tenet,

511 2155 582 2199 ac
622 2134 817 2197 veluti
853 2132 1170 2210 praesidet,
1198 2131 1382 2190 aliud
1423 2130 1646 2192 subest
1678 2137 1739 2191 et
1778 2131 2023 2207 regitur
2064 2152 2078 2189 :
2115 2134 2189 2190 ad
2249 2132 2546 2191 eumdem
2585 2146 2851 2209 quoque
2900 2131 3161 2192 modum
3192 2134 3388 2207 Deus,
3430 2135 3522 2195 vel
3558 2146 3725 2215 tequi-

511 2239 657 2298 tatis
696 2236 859 2312 lege,
897 2251 1041 2312 qua;
1075 2234 1376 2294 meritum
1405 2232 1723 2310 cujusque
1752 2233 2111 2309 perpendit,
2138 2232 2232 2293 vel
2277 2233 2467 2293 etiam
2518 2232 2960 2310 providentia),
2994 2251 3106 2310 per
3134 2253 3321 2311 quam
3364 2238 3568 2298 omnia
3592 2240 3725 2301 inter

511 2355 580 2399 se
612 2335 783 2397 velut
814 2334 1131 2415 devinxit,
1161 2333 1278 2394 hoc
1312 2336 1375 2394 in
1406 2333 1712 2395 Ecclesiis
1738 2336 2096 2401 constituit,
2141 2344 2210 2394 ut
2241 2334 2348 2395 alii
2387 2344 2727 2411 pascantur
2766 2339 2825 2396 et
2880 2344 3162 2412 pareant,
3197 2337 3434 2414 quibus
3467 2341 3726 2402 videlicet

512 2444 573 2502 id
615 2441 837 2501 utilius
876 2447 995 2513 est,
1025 2457 1095 2500 ac
1131 2448 1263 2499 tum
1292 2456 1613 2511 sermone,
1648 2445 1782 2499 tum
1829 2456 2045 2516 Opere,
2083 2440 2155 2499 ad
2195 2438 2477 2501 ofﬁcium
2537 2440 2895 2516 dirigantur
2930 2464 2944 2501 :
2978 2440 3086 2501 alii
3118 2448 3327 2502 autem
3358 2442 3430 2501 ad
3473 2443 3727 2505 Ecclesiae

512 2542 977 2621 perfectionem
1017 2547 1303 2617 pastores
1337 2558 1407 2601 ac
1446 2541 1730 2618 magistri
1762 2540 1918 2613 sint,
1955 2542 2261 2602 nimirum
2298 2542 2407 2621 qui
2456 2541 2690 2603 virtute
2721 2587 2736 2613 ,
2771 2542 3358 2618 conjunctioneque
3396 2550 3455 2603 et
3485 2543 3727 2603 familia-

518 2646 700 2705 ritate
732 2642 899 2721 apud
938 2642 1167 2715 Deum,
1194 2642 1384 2717 vulgo
1422 2642 1834 2704 sublimiores
1860 2649 2036 2714 sunt,
2070 2642 2379 2703 rationem
2410 2643 2641 2704 animae
2690 2643 2763 2703 ad
2818 2659 3075 2720 corpus,
3108 2651 3215 2704 aut
3247 2644 3480 2706 mentis
3510 2644 3579 2705 ad
3611 2645 3725 2705 ani-

514 2760 685 2804 mam
722 2742 1090 2803 obtinentes
1116 2785 1134 2813 ,
1176 2748 1241 2801 ut
1290 2741 1422 2802 haec
1452 2740 1617 2815 duo,
1649 2742 1769 2805 hoc
1814 2751 1911 2805 est
1950 2751 2009 2803 et
2059 2744 2117 2803 id
2149 2744 2319 2822 quod
2356 2744 2611 2817 deficit,
2644 2750 2703 2803 et
2742 2744 2801 2805 id
2854 2743 3021 2823 quod
3061 2745 3414 2818 redundat,
3452 2746 3606 2806 inter
3631 2763 3727 2819 se,

516 2845 694 2904 velut
723 2843 789 2902 in
825 2842 1151 2914 membris,
1185 2842 1538 2919 composita
1572 2850 1633 2905 et
1665 2851 2014 2920 compacta,
2048 2842 2445 2921 spiritusque
2480 2861 2782 2922 compage
2816 2862 3101 2905 connexa
3138 2852 3197 2907 et
3230 2846 3539 2923 colligata,
3562 2864 3727 2907 unum

518 2960 777 3022 corpus,
817 2942 991 3004 omni
1025 2960 1098 3003 ex
1138 2948 1311 3020 parte
1341 2942 1720 3020 perfectum,
1763 2951 1950 3021 atque
1982 2943 2123 3020 ipso
2156 2942 2411 3004 Christo
2440 2987 2456 3017 ,
2489 2945 2599 3021 qui
2636 2952 2824 3022 caput
2857 2952 3144 3007 nostrum
3200 2954 3293 3007 est
3316 2992 3332 3022 ,
3367 2948 3611 3008 omnino
3651 2946 3730 3008 di-

520 3063 718 3124 gnum
755 3046 1086 3107 exsistant.
1118 3068 1147 3101 »
1176 3045 1361 3105 Ritus
1400 3046 1652 3107 tandem
1682 3045 1920 3125 quibus
1951 3045 2467 3123 inaugurabatur
2493 3044 2810 3122 pontifex,
2846 3046 2943 3108 sic
2992 3046 3322 3116 describit,
3375 3065 3514 3107 eum
3546 3067 3575 3108 a
3625 3062 3730 3126 quo

522 3157 933 3211 consecratus
958 3149 1167 3211 fuerat
1195 3149 1531 3227 alloquens
1565 3150 1665 3229 (f).
1707 3173 1736 3205 «
1774 3150 1875 3211 Me
1921 3150 2282 3227 pontificem
2320 3149 2534 3226 ungis,
2589 3166 2660 3211 ac
2695 3149 2931 3227 podere
2978 3150 3209 3228 cingis,
3251 3151 3564 3229 capitique
3594 3149 3730 3212 cida-

522 3257 641 3316 rim
694 3254 1002 3333 imponis,
1035 3260 1225 3330 atque
1258 3253 1616 3314 bolocausti
1674 3253 2025 3332 spiritualis
2056 3253 2234 3314 altari
2280 3256 2580 3314 admoves
2610 3298 2626 3327 ,
2659 3260 2718 3315 et
2754 3253 3136 3315 initiationis
3184 3254 3456 3316 vitulum
3496 3261 3731 3327 mactas,

527 3378 885 3439 manusque
918 3358 1171 3437 spiritui
1204 3374 1569 3428 consecras,
1606 3365 1666 3419 et
1706 3361 1927 3421 Sancta
1962 3368 2339 3421 sanctorum.
2367 3366 2718 3436 spectatum
2754 3358 3135 3430 introducis,
3176 3358 3443 3439 verique
3477 3359 3635 3420 illius
3661 3364 3733 3419 ta-

524 3464 879 3534 bernaculi,
908 3464 1078 3542 quod
1115 3481 1239 3524 non
1276 3462 1491 3533 homo,
1531 3463 1641 3524 sed
1678 3465 1848 3525 Deus
1887 3465 2068 3525 tinxit
2096 3470 2163 3537 θ’,
2200 3463 2566 3523 ministrum
2598 3459 2817 3520 efﬁcis.
2849 3481 2877 3514 »

606 3566 900 3626 Meminit
969 3565 1224 3627 lectoris
1282 3564 1471 3627 officii
1539 3565 1892 3642 Gregorius
1928 3610 1943 3637 ,
1996 3566 2107 3627 ubi
2164 3572 2372 3627 narrat
2404 3562 2485 3641 (ῃ)
2544 3561 2792 3623 Gallum
2847 3570 2907 3623 et
2969 3560 3334 3631 Julianum,
3388 3560 3498 3638 qui
3551 3563 3731 3636 postea

524 3672 649 3731 fuit
706 3676 1014 3749 apostata,
1046 3669 1107 3730 in
1148 3669 1387 3730 clerum
1442 3664 2131 3746 seipsos'ascripsisse
2166 3689 2182 3729 :
2223 3690 2251 3724 «
2320 3668 2498 3728 Adeo
2536 3672 2605 3727 ut
2653 3665 2906 3727 divinos
2960 3681 3218 3743 quoque
3279 3664 3473 3726 libros
3528 3660 3734 3723 lectita-

529 3778 669 3830 rent
724 3770 935 3847 plebi,
986 3786 1109 3831 non
1173 3769 1388 3830 minus
1438 3769 1723 3848 amplum
1779 3770 1843 3830 id
1904 3770 2022 3834 sibi
2080 3776 2142 3832 et
2193 3769 2618 3830 honoriﬁcum
2672 3784 2812 3829 esse
2855 3766 3342 3841 existimantes,
3377 3781 3559 3845 quam
3591 3759 3733 3824 aliud

530 3869 793 3948 quidvis
825 3917 842 3945 ,
890 3871 1022 3933 imo
1053 3870 1343 3932 omnium
1383 3877 1907 3934 ornamentorum
1949 3873 2295 3934 maximum
2333 3869 3070 3950 praestantissimumque
3116 3868 3417 3949 pietatem
3454 3885 3585 3932 esse
3617 3880 3735 3928 cen-

532 3980 771 4037 sentes.
811 4000 839 4032 »

610 4071 914 4159 Agnoscit
951 4080 1375 4144 disertissime
1425 4080 1765 4157 primatum
1819 4080 2014 4150 Petri,
2051 4096 2242 4154 quem
2292 4078 2760 4156 disciputorum
2818 4077 3108 4138 omnium
3156 4076 3595 4138 charissimum
3646 4090 3735 4149 ap-

528 4185 725 4264 pellat
755 4185 862 4264 (h).
899 4207 926 4240 α
966 4185 1103 4245 Non
1138 4184 1329 4245 modo
1368 4200 1488 4245 suo
1539 4184 1832 4244 Christus
1861 4226 1877 4253 ,
1926 4183 2035 4244 sed
2070 4182 2257 4243 etiam
2296 4180 2504 4253 Petri,
2541 4179 3000 4256 discipulorum
3033 4178 3323 4239 omnium
3363 4172 3735 4244 charissimi,

530 4284 795 4345 nomine
863 4266 1309 4345 didrachmum
1368 4282 1587 4362 pendit
1619 4289 1687 4345 “.
1728 4282 1800 4364 (ἰ)
1836 4285 2058 4346 Petrus
2115 4281 2549 4367 apostolorum
2608 4280 2955 4358 princeps,
3005 4280 3117 4340 sed
3186 4277 3487 4340 Ecclesiae
3543 4281 3734 4354 petra,

530 4402 662 4448 non
719 4393 788 4447 ut
845 4386 1142 4463 piscator,
1178 4388 1290 4448 sed
1330 4391 1401 4447 ut
1434 4386 1706 4448 fervoris
1737 4393 2009 4448 scatens.
2051 4387 2121 4465 (j)
2176 4385 2368 4446 Vides
2400 4381 2941 4462 quemadmodum
3004 4397 3079 4441 ex
3140 4378 3374 4441 Christi
3410 4371 3735 4452 discipulis,

530 4492 782 4569 magnis
817 4491 1042 4571 utique
1072 4492 1374 4554 omnibus
1407 4500 1468 4553 et
1502 4493 1800 4565 excelsis,
1838 4502 2030 4572 atque
2063 4492 2377 4552 electione
2414 4489 2652 4566 dignis,
2694 4486 2795 4547 hic
2828 4492 3001 4563 petra
3034 4488 3316 4552 vocetur,
3343 4489 3528 4560 atque
3557 4472 3738 4538 Eccle-

532 4595 645 4655 sim
672 4592 1089 4654 fundamenta
1124 4593 1189 4653 in
1226 4609 1405 4655 suam
1432 4593 1616 4656 ﬁdem
1652 4594 1919 4672 accipiat
1944 4592 2009 4653 ⁸⁸⁷.
2054 4616 2081 4648 »
2114 4592 2276 4653 Hinc
2306 4610 2336 4652 a
2366 4589 2674 4668 Gregorio
2702 4588 2812 4667 (k),
2845 4609 2875 4643 α
2906 4587 3127 4647 Petrus
3158 4582 3452 4646 Ecclesia;
3479 4578 3736 4643 columen

531 4697 787 4758 dicitur.
833 4718 861 4752 »

614 4801 801 4862 Hunc
834 4801 1172 4878 primatum
1208 4802 1279 4862 ad
1310 4802 1473 4862 Petri
1509 4818 1913 4862 successores
1948 4816 2242 4862 manasse
2275 4798 2551 4860 declarat
2582 4799 2839 4857 sanctus
2869 4792 3114 4861 doctor,
3142 4790 3492 4851 Romanum
3524 4775 3741 4862 pontiﬁ-

535 4918 668 4961 cem
701 4901 875 4962 orbis
909 4899 1256 4962 Christiani
1294 4902 1653 4980 praesidem,
1689 4910 1748 4964 et
1782 4901 2044 4962 unitatis
2081 4899 2410 4961 catholicae
2440 4897 2773 4991 vinculum
2806 4894 3183 4971 designans:

1099 5017 1313 5070 Τούτων
1344 5017 1399 5069 δὲ
1431 5018 1633 5084 πίστις,
1670 5021 1701 5123 ιζ)
1743 5020 1839 5089 μὲν
1867 5013 1934 5089 ἦν
1967 5019 2029 5069 ἐκ
2058 5016 2297 5080 πλέιονος

1100 5088 1205 5123 mn
1356 5087 1428 5123 se,
1464 5090 1608 5123 ειη-..ι
1646 5106 1666 5123 ε
1696 5090 1904 5123 an..."
1948 5090 2044 5123 ..ιω
2087 5088 2297 5123 τηρ-ιη,

1100 5088 1210 5140 Καὶ
1234 5088 1327 5140 νῦν
1355 5087 1428 5140 ἔτ’
1463 5090 1608 5142 ἔστιν
1645 5087 1923 5159 εὔδρομος,
1948 5090 2044 5157 τὴν
2087 5088 2352 5158 Ἑσπέραν

532 5243 823 5366 ιγῇᾏθῗη·
864 5244 1199 5369 “tif-17.
1304 5244 1970 5305 “nantem-1,6945.
2082 5242 2503 5307 “llCor.u,7.
2608 5236 3067 5303 “Hebr.vm,2.
3178 5218 3739 5291 “Malth.xvu,23.

661 5324 932 5369 alti.xvl.
1046 5355 1057 5367 .
2050 5356 2053 5357 ν

661 5324 796 5368 altb.
824 5331 932 5382 xvr,
971 5324 1057 5369 18.
2050 5356 2053 5357 ν

607 5424 683 5494 (η)
713 5426 807 5480 0r.
833 5426 920 5491 59,
964 5445 1019 5481 ιι.
1063 5430 1086 5482 1
2060 5476 2063 5481 .

2060 5476 2063 5481 .
2284 5428 2355 5494 (q)
2379 5426 2473 5478 0r.
2507 5425 2562 5489 4,
2586 5440 2640 5480 n.
2671 5425 2758 5477 25.

608 5495 682 5558 (b)
724 5495 880 5558 Ibid.,
923 5515 974 5549 ιι.
1014 5500 1100 5552 19.

2282 5495 2357 5561 (h)
2391 5495 2481 5549 0r.
2516 5495 2601 5555 19,
2632 5495 2795 5547 p.15.

630 5554 677 5627 ci
715 5554 1040 5632 Αριιιιίδίιιη
1071 5567 1264 5635 ι.11,ιι.
1300 5570 1455 5623 1037.
2282 5554 2349 5635 (η’
2370 5565 2551 5635 Carm.
2580 5554 2701 5617 adv.
2738 5564 2932 5633 episc.,
2969 5561 3106 5631 apud
3135 5558 3296 5623 Toll.,
3323 5572 3372 5627 ι).
3402 5554 3493 5613 25.

635 5634 688 5707 cf)
719 5634 901 5707 Carm.
945 5638 1063 5690 adv.
1094 5632 1280 5706 episc,
1317 5639 1454 5707 apud
1486 5639 1645 5702 Tol|.,
1678 5654 1731 5707 p.
1758 5637 1843 5691 27.

1272 5684 1280 5703 ,
1317 5639 1454 5707 apud
1486 5639 1645 5702 To||.,
1678 5654 1731 5707 p.
1758 5637 1843 5691 Ξῖ.
2374 5632 2465 5707 Qr.
2508 5635 2599 5707 ξιῖ,
2634 5651 2687 5707 n.
2727 5632 2810 5687 18.

632 5698 803 5775 _e_)Qr.
841 5704 895 5764 2.
936 5707 1076 5759 [1.5.
1129 5698 1141 5706 ·
1274 5698 1279 5703 ’
1352 5698 1363 5707 ·
1636 5698 1691 5707 ’·
2281 5698 2474 5775 (θον.
2507 5705 2711 5770 9,n.-l.

615 5772 681 5847 (ι’)
716 5772 810 5829 Or.
839 5775 923 5841 10,
952 5794 1003 5828 n.
1036 5777 1086 5829 4.
