3926 6410
181 387 259 450 tsi
1113 371 1487 448 puerulo
1525 378 1935 450 assensus.
1974 429 2041 438 -.
2079 395 2256 450 mas
2296 394 2382 452 tu.
3255 399 3358 456 m

701 511 886 589 Πᾶςᾳν
912 513 1102 589 asporta
1130 514 1207 589 τῷ
1234 517 1483 589 σωτηρίῳ
1511 518 1682 589 λόγῳ,

702 582 901 658 ξί-ᾳθὼς
935 584 1136 658 δίκαιον
1157 582 1254 658 τὴν
1281 582 1532 658 πρόὲδρον
1555 582 1676 641 amvi
1694 588 1826 642 ὅλων

708 653 877 724 Ὀλην
907 654 1163 708 σέὁουσαν
1185 653 1283 726 τὴν
1306 653 1454 710 Θεοῦ
1473 659 1807 728 συμφωνίαν.

691 769 766 848 (_a)
801 771 966 848 Quod
986 781 1191 839 special
1218 773 1281 827 ad
1315 772 1522 827 illarum
1549 776 1733 848 fidem;
1760 784 1911 848 vetns
1935 777 2146 845 quidem
2177 775 2392 848 (Roma)
2410 764 2724 846 jamdudum

694 842 869 908 Atque
894 842 1058 894 etiam
1085 859 1226 896 nunc
1253 855 1398 897 recte
1430 847 1619 901 currit.
1655 842 2000 900 Occidentem

692 908 881 962 Totum
917 913 1223 966 devinciens
1249 914 1471 967 salutari
1495 915 1759 976 doctrina,

695 979 1272 1054 Quemadmodumpar
1298 993 1399 1047 est,
1437 991 1493 1036 ut
1515 1000 1632 1054 qua:
1668 985 1933 1040 universis
1960 988 2230 1054 prmsitlet,

694 1046 881 1102 Totam
912 1050 1054 1105 colat
1077 1046 1189 1106 Dei'
1205 1046 1570 1108 concordiam.

1273 1167 1356 1226 De
1397 1179 1772 1230 sacramento
1814 1171 2217 1233 matrimonii.

228 1264 455 1324 Bonum
489 1280 631 1326 esse
661 1266 1138 1329 matrimonium
1168 1311 1186 1341 ,
1221 1269 1330 1331 sed
1367 1276 1574 1330 tamen
1611 1273 1957 1348 virginitati
2018 1275 2528 1351 posthabendum
2576 1280 2793 1336 censet
2847 1271 3194 1348 Gregorius
3248 1270 3374 1348 (lt).

175 1390 197 1423 ε
222 1367 439 1426 Bonum
477 1373 572 1425 est
607 1367 1105 1440 matrimonium,
1136 1369 1388 1449 inquit;
1421 1369 1527 1430 sed
1569 1371 1739 1449 quod
1791 1373 2154 1450 virginitate
2193 1373 2598 1449 priestantius
2641 1372 2748 1445 sit,
2786 1370 2994 1431 dicere
3024 1385 3151 1430 non
3206 1386 3352 1446 pos—

171 1479 308 1526 sum.
334 1466 546 1544 Neque
583 1467 752 1538 enim
789 1485 1084 1545 magnum
1116 1471 1358 1548 aliquid
1414 1478 1582 1533 esset
1615 1472 1942 1550 virginitas
1971 1516 1987 1544 ,
2026 1474 2148 1534 nisi
2189 1492 2252 1534 re
2284 1474 2496 1550 aliqua
2550 1474 2711 1534 bona
2746 1472 2968 1534 melior
3003 1477 3062 1532 et
3097 1469 3352 1548 praecla-

171 1566 278 1626 rior
303 1572 484 1626 esset.
543 1567 746 1628 Nolite
807 1570 922 1629 hoc
977 1569 1243 1631 moleste
1297 1571 1486 1643 ferre,
1519 1589 1660 1650 quas
1694 1573 2078 1634 matrimonii
2111 1573 2261 1652 jugo
2299 1575 2599 1653 subjecta:
2637 1573 2788 1635 estis
2822 1595 2837 1634 :
2867 1595 2895 1629 α
2943 1570 3199 1632 Obedire
3234 1570 3354 1630 Deo

172 1671 378 1740 oportet
429 1667 632 1743 magis
674 1684 852 1745 quam
882 1667 1234 1729 hominibus
1261 1672 1326 1730 ³⁸⁸.
1351 1693 1380 1727 ω
1419 1671 1726 1731 Caeterum
1765 1672 1975 1745 facile,
2010 1685 2076 1734 ut
2106 1675 2271 1735 inter
2298 1691 2410 1734 vos
2444 1675 2622 1752 quasi
2674 1674 2928 1733 vinculo
2958 1671 3353 1747 constringa-

172 1761 322 1832 mini,
356 1769 413 1823 et
445 1763 726 1840 virgines
759 1774 816 1825 et
853 1784 1108 1842 uxores,
1145 1777 1334 1848 atque
1377 1790 1573 1833 unum
1608 1773 1749 1834 sitis
1791 1775 1853 1834 in
1901 1774 2200 1845 Domino,
2251 1783 2677 1850 mutuumque
2709 1775 2844 1834 alite
2873 1772 3134 1832 aliarum
3167 1787 3356 1831 orna-

179 1871 449 1925 mentum.
477 1867 618 1928 Non
659 1878 823 1931 esset
856 1873 1104 1947 caelebs,
1138 1874 1264 1936 nisi
1301 1877 1776 1938 matrimonium
1814 1885 2003 1940 esset.
2044 1879 2223 1941 Unde
2257 1879 2424 1939 enim
2463 1879 2526 1938 in
2564 1878 2724 1937 hanc
2754 1876 2941 1936 vitam
2997 1873 3172 1949 Virgo
3208 1887 3355 1950 ΡΓο·

169 1962 406 2025 diisset?
441 1967 570 2028 Nec
607 1977 771 2030 esset
804 1970 1219 2034 honoriﬁcum
1248 1982 1310 2035 et
1341 1977 1772 2037 venerandum
1808 1977 2323 2046 matrimonium,
2359 1977 2484 2035 nisi
2520 1974 2826 2051 virginem
2865 1969 3198 2056 proferret.
3227 1974 3355 2028 lum

171 2064 297 2136 Deo,
341 2073 469 2127 tum
513 2069 677 2130 vitae.
709 2093 740 2127 ιι

229 2165 537 2229 Secundas
571 2171 826 2249 nuptias
860 2190 989 2234 non
1025 2175 1277 2237 videtur
1319 2179 1606 2256 probare.
1638 2200 1666 2234 α
1711 2178 1771 2238 Si
1805 2179 1972 2239 enim
2005 2178 2132 2240 duo
2157 2178 2388 2240 Christi
2422 2185 2594 2252 sunt,
2627 2177 2834 2254 inquit
2880 2174 2982 2252 (ο),
3017 2173 3145 2232 duo
3201 2185 3362 2246 quo.

168 2282 268 2342 que
301 2265 406 2327 viri
439 2267 596 2341 sint,
631 2277 690 2330 et
715 2271 854 2331 dum
883 2290 1139 2335 uxores.
1163 2274 1220 2334 Si
1260 2291 1467 2336 autem
1507 2294 1669 2338 unus
1701 2277 2015 2349 Christus,
2046 2296 2244 2339 unum
2277 2279 2576 2341 Ecclesiae
2609 2284 2818 2354 caput,
2846 2293 2966 2337 una
3003 2272 3188 2332 etiam
3217 2288 3357 2332 cam

167 2369 252 2439 sit,
283 2368 560 2430 secunda
596 2378 806 2431 autem
841 2382 1199 2450 respuatur.
1229 2376 1412 2448 Quod
1445 2376 1498 2436 si
1538 2377 1879 2438 secundam
1920 2377 2274 2456 prohibeat,
2312 2379 2392 2439 de
2427 2379 2604 2440 tertia
2653 2377 2807 2455 quid
2841 2373 3176 2436 dicendum
3209 2373 3358 2432 est?

169 2467 406 2528 Primum
449 2469 555 2530 lex
588 2480 728 2542 est,
762 2475 1116 2534 secundum
1155 2478 1334 2538 venia
1396 2485 1456 2539 et
1509 2479 1936 2557 indulgentia,
1974 2481 2226 2542 tertium
2270 2481 2604 2558 iniquitas.
2641 2478 2761 2556 Qui
2789 2485 2997 2539 autem
3033 2476 3200 2535 hunc
3231 2490 3353 2533 nu-

167 2572 375 2631 merum
409 2573 686 2645 excedit,
713 2577 1014 2651 port-inus
1046 2577 1227 2655 plane
1267 2585 1405 2654 est,
1451 2588 1666 2659 utpote
1719 2599 1796 2642 ne
1855 2582 2048 2642 multa
2085 2581 2342 2660 quidem
2397 2582 2529 2643 vitii
2567 2578 2852 2655 exempla
2905 2576 3165 2637 habens.
3202 2594 3231 2628 ιι
3272 2571 3362 2630 Ex

171 2674 248 2731 his
273 2674 476 2735 verbis
510 2676 712 2738 critici
750 2679 1041 2739 nonnulli
1096 2683 1306 2740 minus
1349 2692 1515 2743 recte
1569 2685 2014 2744 existimarunt
2068 2684 2441 2760 Gregorium
2487 2683 2822 2743 damnasse
2881 2674 3191 2738 secundas
3244 2688 3363 2732 nu-

170 2774 346 2852 ptias:
385 2776 495 2836 sed
529 2777 872 2851 immerito,
901 2779 952 2840 si
995 2780 1256 2859 quidem
1297 2781 1605 2841 Novatum
1644 2781 1724 2841 ita
1767 2782 2156 2842 sentientem
2211 2783 2540 2861 impugnat
2597 2787 2656 2839 et
2709 2774 2934 2838 refellit
2970 2770 3078 2850 (ἁ).
3111 2792 3139 2825 α
3179 2770 3363 2831 Anne

162 2879 477 2954 juvenibus
512 2880 771 2958 quidem
808 2882 1046 2955 viduis,
1089 2890 1342 2960 propter
1373 2883 1572 2944 relatis
1621 2883 1938 2945 lubricum
1968 2927 1984 2956 ,
2019 2883 2286 2967 ineundi
2331 2880 2711 2943 matrimonii
2749 2882 3118 2954 potestatem
3154 2873 3305 2934 facis
3334 2875 3363 2932 ‘2

169 2984 231 3040 At
257 2980 477 3041 Paulus
529 2981 649 3043 hoc
685 2981 889 3044 facere
947 2983 1209 3044 minime
1251 2985 1563 3044 dubitavit
1599 2988 1747 3045 “9....
1779 2984 1854 3062 (ε)
1907 2987 1984 3046 At
2021 2985 2150 3046 haec
2193 2983 2456 3044 minime
2503 2987 2640 3060 post
2677 2977 3087 3056 baptismum,
3125 2972 3360 3051 inquis.

169 3081 282 3156 Quo
313 3092 690 3159 argumento
737 3085 798 3146 id
835 3088 1170 3148 confirmas
1202 3090 1230 3146 ?
1261 3087 1383 3147 Aut
1415 3104 1542 3147 rem
1599 3086 1682 3146 ita
1733 3093 1804 3148 3e
1842 3087 2077 3148 habere
2111 3087 2329 3165 proba,
2357 3091 2463 3147 aut
2493 3084 2542 3146 si
2577 3083 2639 3144 id
2673 3078 2926 3158 nequis.
2958 3094 3038 3137 ne
3069 3074 3364 3136 condem‘

169 3197 278 3244 nes.
302 3184 480 3258 Quod
517 3185 572 3245 si
609 3203 706 3246 res
737 3186 926 3248 dubia
963 3195 1082 3259 est,
1116 3189 1324 3248 vincat
1350 3187 1711 3247 humanitas
1745 3193 1804 3246 et
1836 3186 2119 3248 facilitas.
2155 3210 2184 3243 »

230 3283 613 3362 Impudicam
645 3287 904 3363 quidem
941 3288 1273 3349 mulierem
1310 3285 1748 3365 expellendum
1786 3293 1998 3347 censet
2039 3288 2386 3364 Gregorius
2421 3287 2533 3365 (1'),
2574 3299 2716 3384 cum
2771 3278 2834 3384 id
2859 3275 3168 3384 .Cllrisllis.
3223 3289 3368 3384 Per-

165 3385 419 3459 .miserit;
456 3386 732 3466 reliquis
761 3395 974 3448 autem
1009 3387 1308 3448 omnibus
1339 3387 1402 3447 in
1454 3387 1642 3446 rebus
1696 3387 1889 3446 animi
1939 3385 2236 3463 (equitate
2280 3393 2340 3446 ct
2386 3383 2682 3463 patientia
2720 3380 2810 3440 uti
2849 3375 3052 3456 jubet.
3106 3373 3164 3432 Si
3218 3370 3363 3433 fuco

171 3483 337 3547 illitos
371 3496 429 3548 et
462 3505 723 3550 cerussa
759 3487 1007 3550 colores
1059 3494 1118 3548 et
1151 3486 1466 3565 pigmenta
1503 3493 1898 3566 perspexerit
1934 3487 2049 3559 vir,
2086 3485 2205 3547 hoc
2237 3492 2458 3547 ornatu
2497 3483 2843 3586 mulierem,
2881 3479 3144 3560 spoliet,
3179 3485 3367 3540 caete-

170 3600 335 3664 raque
373 3586 716 3649 inhonesta
757 3598 1042 3651 coerceat
1077 3599 1135 3651 et
1171 3590 1488 3665 reprimat.
1589 3635 1601 3652 ι

232 3685 543 3748 Adulterii
583 3707 770 3750 causa
806 3706 1072 3751 uxorem
1109 3691 1427 3750 dimittere
1465 3687 1599 3748 viro
1634 3685 2062 3765 permittitur;
2094 3688 2343 3749 mulieri
2379 3696 2588 3748 autem
2621 3684 2826 3745 virum
2854 3681 3209 3743 dimittendi
3240 3687 3365 3740 πῖῦή

171 3786 356 3847 eadem
392 3790 587 3848 datur
616 3788 884 3851 facultas
919 3789 1133 3856 :_hanc
1162 3789 1360 3868 legem
1396 3808 1518 3852 non
1556 3793 1776 3869 probat
1805 3789 2151 3864 Gregorius
2175 3831 2190 3860 ,
2224 3803 2491 3864 eamque
2530 3786 2856 3860 impugnat
2892 3803 2906 3841 :
2946 3803 2974 3836 ‹‹
3002 3779 3167 3852 Quid
3197 3779 3364 3840 enim

169 3898 344 3945 causa)
398 3885 554 3958 fuit,
613 3886 826 3965 inquit
864 3889 976 3967 (g),
1028 3905 1139 3950 cur
1208 3891 1538 3952 mulierem
1608 3876 1999 3962 coercerent,
2031 3888 2256 3949 marito
2286 3893 2496 3946 contra
2533 3881 3084 3987 indulgerent‘t..-..
3223 3893 3368 3985 mu-

171 3979 264 4041 “e'
290 3985 581 4062 (ἶηίάθῐϊιν
619 4004 761 4062 quae
795 3988 1154 4066 improbum
1191 3990 1532 4052 consilium
1571 3993 1876 4054 adversus
1917 3990 2033 4051 viri
2066 3987 2163 4048 sui
2215 3987 2426 4048 cubile
2463 3977 3195 4085 susceperit,_adulterii
3233 3977 3370 4085 piat

169 4083 287 4143 culo
319 4087 823 4164 constringatur,
853 4088 1413 4168 acerbissimisque
1454 4091 1662 4170 legum
1696 4091 1891 4169 poenis
1921 4089 2371 4158 excrucietur;
2413 4086 2505 4143 vir
2534 4089 2744 4143 autem
2782 4081 2890 4158 qui
2946 4079 3128 4138 tidem
3184 4091 3366 4135 uxori

174 4180 352 4244 datam
394 4203 514 4265 per
549 4188 932 4249 adulterium
967 4192 1323 4263 violaverit,
1361 4193 1514 4254 nulli
1549 4193 1862 4270 supplicio
1895 4190 2215 4253 obnoxius
2248 4189 2378 4248 sit?
2427 4186 2604 4246 Hanc
2643 4183 2841 4259 legem
2877 4177 3369 4255 haudquaquam

169 4283 449 4357 probo....
489 4287 630 4347 Viri
666 4295 866 4361 erant,
898 4290 1003 4366 qui
1039 4291 1200 4352 hanc
1239 4291 1438 4370 legem
1472 4300 1847 4364 sanxerunt,
1883 4309 1950 4352 ac
1983 4299 2313 4370 propterea
2349 4287 2654 4349 adversus
2691 4282 2992 4344 mulieres
3028 4281 3145 4340 lata
3181 4284 3299 4338 est.
3337 4298 3368 4332 »

233 4383 580 4466 Episcopos
613 4391 971 4470 praecipuos
1006 4392 1391 4454 matrimonii
1431 4393 1627 4456 fuisse
1662 4393 1990 4454 ministros
2014 4435 2029 4464 ,
2065 4391 2430 4469 saepiusque
2477 4383 2846 4447 interfuisse
2889 4382 3037 4488 dum
3090 4377 3371 4488 celebra-

170 4489 340 4555 retur,
373 4491 806 4565 sequentibus
839 4493 1194 4554 contirmari
1229 4501 1455 4572 potest.
1486 4496 1639 4558 Cum
1668 4496 1974 4572 Gregorio
2006 4510 2130 4554 non
2165 4491 2380 4552 liceret
2428 4487 2653 4547 adesse
2678 4479 3075 4561 Olympiadis
3102 4479 3368 4555 nuptiis,

171 4585 366 4647 scribit
395 4589 711 4668 Procopio
745 4591 827 4670 (ἢ)
863 4614 877 4652 :
920 4614 948 4648 α
975 4593 1299 4666 Quantum
1333 4596 1405 4656 ad
1449 4597 1838 4658 voluntatem
1875 4595 2136 4664 attinet,
2185 4599 2244 4654 et
2294 4590 2514 4652 adsum
2541 4634 2556 4662 ,
2601 4593 2662 4648 et
2697 4584 2887 4646 simul
2922 4581 3155 4645 festum
3193 4579 3364 4643 cele-

171 4681 800 4772 bro;juvenilesque
835 4694 1091 4756 dextras
1127 4696 1290 4758 inter
1329 4715 1396 4758 se
1423 4701 1650 4778 jungo,
1685 4707 1875 4776 atque
1918 4706 2218 4775 utrasque
2252 4693 2366 4755 Dei
2398 4688 2635 4753 manui.
2674 4710 2702 4744 ιο

1295 4797 1382 4856 De
1419 4797 1809 4861 invocatione
1840 4804 2220 4858 sanctorum.
2694 4887 2708 4895 _
2789 4887 2800 4895 _
2883 4883 2895 4895 _

233 4893 661 4959 Invocationis
691 4904 1084 4973 sanctorum,
1118 4905 1307 4975 atque
1338 4899 1654 4978 imprimis
1690 4900 1888 4960 beata:
1923 4896 2237 4973 Virginis,
2272 4892 2451 4954 testis
2502 4883 3184 4994 locupletis-simulsoest
3213 4878 3372 4937 Gre-

171 4992 393 5069 gnrius,
429 4997 539 5056 ubi
577 4997 706 5059 hmo
740 5005 949 5060 narrat
981 4996 1049 5080 (ἰ)
1090 4999 1166 5059 de
1207 4999 1385 5061 beata
1414 5000 1662 5061 Justina
1695 5008 1991 5078 martyre,
2027 5017 2171 5079 qum
2225 5021 2253 5053 ct
2281 4989 2627 5074 desperatis
2657 4989 2952 5052 omnibus
2983 4985 3126 5046 aliis
3162 4995 3374 5042 reme-

171 5093 276 5156 diis
309 5099 383 5160 ad
423 5101 631 5162 Deum
669 5098 980 5177 confugit,
1018 5106 1209 5179 atque
1243 5080 1550 5162 adversus
1583 5101 2021 5163 detestabilem
2051 5117 2328 5161 amorem
2365 5112 2672 5177 sponsum
2709 5108 2896 5154 suum
2929 5092 3262 5194 Ρδῑφηυηξ
3297 5094 3379 5194 ξθ

173 5193 561 5262 defensorem
601 5199 978 5264 assumit....
1012 5200 1442 5263 Christum....
1476 5201 1937 5281 Virginemque
1969 5200 2227 5262 Mariam
2279 5197 2550 5276 supplex
2598 5196 2936 5256 obsecrans
2961 5232 2976 5262 ,
3013 5191 3078 5249 ut
3124 5180 3377 5264 Peridi‘

228 5362 270 5396 “
296 5364 416 5418 Act.
445 5379 505 5429 v,
533 5369 622 5423 29.
697 5367 743 5398 "
766 5367 784 5421 l
808 5366 947 5424 Tim.
980 5381 1032 5432 v,
1069 5367 1152 5422 M.

229 5525 298 5594 (η)
327 5526 514 5582 Carm.
537 5525 610 5580 Dc
633 5525 735 5578 vita
759 5541 873 5588 sua,
902 5540 955 5577 ν.
984 5525 1078 5580 571
1125 5535 1176 5580 ct
1210 5539 1359 5595 seqq.

232 5595 299 5660 (bl
326 5594 422 5649 0r.
457 5597 549 5657 57,
580 5612 633 5648 η.
656 5596 741 5650 10.

822 5543 873 5588 a,
902 5540 955 5577 ν.
984 5525 1078 5580 571
1125 5535 1176 5580 ct
1210 5539 1359 5595 seqq.

232 5587 428 5670 (inpr.
457 5597 549 5657 57,
580 5596 741 5670 n_.10.
862 5587 867 5588 ⁷
1287 5587 1300 5595 ’
1326 5587 1337 5594 ’

862 5587 867 5588 ί
1287 5587 1300 5595 ’
1326 5587 1337 5594 ’
1893 5587 1966 5670 (5!).
1997 5589 2147 5670 Ψίᾳέ
2185 5603 2240 5670 ηε

233 5653 296 5729 (ε)
319 5666 479 5728 lhid.,
509 5653 559 5720 η’.
598 5665 650 5720 8.
1897 5653 1973 5729 (λ’)
1998 5657 2256 5729 ΕνῑεΙ-,τιιο
2284 5653 2371 5729 5?:

238 5723 420 5803 (τί)οη
454 5723 545 5801 39,
583 5753 635 5790 n.
680 5736 765 5791 18.

241 5806 301 5875 (ε)
333 5803 394 5860 Ν.
425 5805 518 5862 19.

1897 5723 2078 5801 (qui.
2109 5727 2201 5792 24,
2227 5743 2280 5783 η.
2322 5725 2387 5778 to
2416 5764 2429 5789 ,
2463 5723 2552 5780 tt.

241 5811 301 5876 (ε)
333 5811 394 5860 Ν.
425 5811 518 5862 t9.
