3926 6410
546 316 646 371 123
1527 317 1896 374 PMFATIO
1931 315 2334 373 GENERALIS.
2374 345 2440 354 —
2477 315 2654 370 PARS
2691 315 2772 369 lll.
3666 310 3756 367 ηε

545 433 704 494 tanti
747 433 983 513 virgini
1019 436 1347 514 suppetias
1375 435 1605 508 ferret,
1636 436 1865 516 jejunii
1899 443 1959 498 et
1990 434 2388 497 cbameunim
2439 434 2774 512 pharmaco
2810 448 2951 494 sese
2991 429 3378 502 communit;
3434 428 3655 507 partim
3694 440 3755 492 ut

545 531 766 594 forma
798 541 1190 596 venustatem
1225 543 1522 616 tanquam
1558 537 1930 598 insidiosam
1967 536 2357 606 obscuraret,
2405 535 2629 613 sicque
2668 534 2936 595 ﬂammae
2975 531 3296 592 materiam
3332 533 3748 609 subtraheret,

549 651 618 695 ac
648 632 933 696 libidinis
965 633 1251 696 fomitem
1285 639 1694 711 absumeret;
1737 638 1957 715 partim
1995 643 2063 697 ut
2098 653 2208 713 per
2246 636 2431 696 (idem
2470 639 2531 694 et
2565 632 2993 696 humilitatem
3027 631 3371 709 prapitium
3402 633 3528 695 sibi
3564 635 3751 696 Deum

551 742 613 792 et
651 732 1035 794 exorabilem
1075 737 1385 799 redderet.
1429 739 1648 817 Neque
1683 741 1850 800 enim
1885 740 2058 798 Deus
2093 735 2216 796 ulla
2260 753 2323 796 re
2363 735 2648 812 perinde,
2680 742 2869 812 atque
2903 732 3256 792 voluntaria
3291 733 3576 810 corporis
3606 731 3754 792 atﬂi-

555 837 852 908 ctatione,
885 833 1289 910 conciliatur,
1326 836 1750 917 lacrymisque
1783 833 2218 897 misericordia
2251 834 2531 895 vicissim
2566 834 2829 912 rependi
2867 832 3052 894 solet.
3087 855 3115 889 ιο
3149 833 3429 905 Dubium
3464 834 3758 910 Gregorio

553 947 675 991 non
706 938 836 992 erat
874 931 1030 1009 quin
1069 932 1302 993 sanctis
1335 933 1398 994 in
1431 934 1587 996 cmlo
1615 941 1756 995 nota
1797 941 2009 995 essent
2047 941 2107 996 et
2145 942 2284 995 vota
2322 941 2532 995 nostra
2561 978 2578 1002 ,
2615 940 2676 996 et
2709 933 2980 1012 plurima
3015 949 3156 1011 quae
3198 933 3299 993 hic
3328 931 3614 1008 agimus;
3671 934 3758 996 sic

553 1029 720 1090 enim
752 1029 831 1090 de
862 1029 1208 1092 Athanasio
1234 1034 1364 1110 jam
1405 1031 1528 1094 vita
1559 1034 1777 1094 functo
1817 1033 2101 1113 loquitur
2136 1031 2216 1112 (a)
2250 1054 2264 1093 :
2301 1056 2328 1089 α
2356 1034 2481 1094 Nos
2511 1041 2721 1094 autem
2759 1033 2998 1094 utinam
3032 1034 3169 1110 ipse
3214 1032 3537 1110 benignus
3575 1032 3761 1093 desu-

555 1145 663 1205 per
697 1135 757 1190 et
789 1127 1073 1206 placidus
1107 1132 1401 1208 aspicias,
1436 1139 1628 1211 atque
1659 1132 1831 1194 hunc
1859 1132 2162 1210 p0pulum
2195 1135 2538 1210 gubernes,
2569 1132 2914 1211 perfectum
2941 1131 3233 1210 perfectae
3261 1133 3609 1206 Trinitatis,
3633 1150 3764 1211 quae

555 1235 620 1297 in
651 1236 829 1296 Patre
865 1241 923 1296 et
955 1231 1122 1294 Filio
1161 1239 1216 1293 et
1247 1231 1488 1310 Spiritu
1521 1237 1740 1293 saneto
1770 1231 2148 1308 intelligitur
2184 1241 2244 1294 et
2275 1231 2531 1308 colitur,
2561 1233 2998 1307 adoratorem;
3035 1250 3288 1311 meque,
3323 1231 3641 1309 siquidem
3671 1251 3764 1293 res

557 1342 785 1412 pacatae
815 1333 1042 1395 futurae
1077 1336 1230 1404 sint,
1263 1332 1328 1393 in
1373 1331 1498 1393 vita
1534 1341 1748 1393 teneas
1776 1379 1791 1405 ,
1831 1350 2216 1415 gregemque
2263 1349 2513 1394 mecum
2562 1350 2778 1413 pascas
2815 1353 2832 1394 :
2872 1333 2975 1394 sin
3019 1338 3229 1394 autem
3261 1331 3544 1393 Ecclesia
3591 1331 3767 1392 bellis

556 1434 887 1512 088mm"!
924 1441 1044 1505 αεὶ,
1077 1432 1368 1506 reducas.
1406 1440 1514 1494 aut
1551 1449 1862 1504 assumas,
1899 1440 2235 1514 tecumque
2270 1441 2328 1496 et
2361 1449 2505 1496 cum
2539 1434 2633 1494 tui
2666 1433 2990 1495 similibus
3022 1432 3326 1505 colloces,
3357 1430 3606 1497 tametsi
3639 1448 3763 1490 ma-

557 1549 752 1610 gnum
785 1532 865 1594 sit
901 1533 1068 1611 quod
1107 1531 1385 1611 Postulo.
1423 1555 1451 1589 ιδ
1504 1533 1638 1592 Non
1685 1540 1925 1597 tantum
1969 1535 2429 1606 Athanasium,
2487 1533 2597 1597 sed
2653 1540 2714 1594 et
2769 1532 3075 1594 Basilium
3119 1532 3370 1598 invocat
3416 1540 3475 1593 et
3524 1530 3772 1609 Cypria-

561 1649 712 1694 num
746 1629 866 1712 (b);
899 1633 1232 1712 sanctique.
1275 1633 1566 1711 martyris
1606 1633 1928 1724 cinerilgus
1975 1636 2228 1697 morbos
2271 1642 2331 1695 et
2373 1635 2694 1695 daemones
2736 1632 2968 1710 depelli
3012 1632 3231 1694 scribit
3262 1631 3362 1712 (ε).
3409 1632 3769 1694 Sanctorum

568 1734 978 1814 reliquiarum
1012 1735 1293 1804 cultum,
1334 1731 1807 1794 invocationem
1835 1777 1852 1807 ,
1899 1734 2424 1797 intercessionem
2452 1777 2468 1804 ,
2521 1739 2644 1793 tam
2689 1747 2853 1810 smpe
2899 1738 3151 1811 tamque
3205 1737 3420 1809 aperte
3458 1736 3772 1810 protitetur

559 1833 931 1912 Gregorius,
964 1842 1035 1894 ut
1064 1831 1124 1893 id
1161 1847 1390 1908 negare
1421 1848 1563 1892 cum
1598 1830 1878 1895 haeretici
1927 1851 2054 1894 non
2106 1833 2395 1912 possint,
2437 1832 2604 1912 piam
2653 1830 2814 1892 hanc
2867 1830 3398 1896 consuetudinem
3443 1849 3668 1894 caecam
3714 1832 3771 1892 in

555 1933 742 1994 divos
771 1932 1292 2009 superstitionem
1322 1930 1640 2009 appellare
1667 1933 1801 1993 ausi
1830 1934 1982 1994 sint.
2023 1934 2111 1995 lta
2137 1935 2414 1996 Dallaaus
2440 1931 2526 2011 (ἀ)
2558 1953 2573 1992 :
2612 1954 2640 1988 α
2668 1931 2837 1992 Caeca
2866 1931 2930 1991 in
2961 1931 3142 1992 divos
3173 1930 3564 2008 superstitio,
3593 1947 3771 2010 quam

561 2034 666 2096 hic
697 2032 833 2095 inse
864 2032 1216 2110 Gregorius
1252 2047 1380 2092 non
1415 2049 1650 2108 parum,
1673 2034 2071 2111 promovisse
2102 2034 2240 2096 suis
2274 2042 2335 2096 et
2367 2034 2580 2098 verbis
2613 2044 2674 2095 et
2707 2031 3016 2110 exemplis
3049 2030 3322 2095 videtur.
3358 2053 3386 2086 υ
3485 2023 3492 2027 ’

2005 2199 2086 2259 De
2115 2198 2348 2277 gratia.

639 2344 844 2418 Quam
876 2344 1113 2421 Optime
1145 2341 1506 2418 Augustino
1539 2349 1598 2401 et
1636 2340 1881 2400 Latinis
1930 2339 2129 2401 Graeci
2175 2342 2390 2402 Patres
2439 2341 2503 2401 in
2545 2359 2734 2408 causa
2777 2342 2990 2418 gratiae
3021 2342 3370 2405 assentiant
3395 2387 3412 2418 ,
3447 2346 3600 2407 satis
3631 2363 3779 2408 con-

562 2449 881 2508 lirmatum
917 2451 1035 2518 est,
1071 2443 1351 2504 maxime
1384 2461 1415 2502 a
1449 2442 1822 2503 doctissimo
1854 2439 2169 2503 Meldensi
2206 2441 2546 2519 episcopo;
2592 2450 2653 2504 et
2700 2444 2794 2506 vel
2848 2461 3018 2506 unus
3065 2443 3407 2522 Gregorius
3435 2491 3450 2520 ,
3504 2448 3570 2508 in
3618 2455 3781 2509 tanto

565 2547 729 2624 apud
759 2545 1008 2605 Graecos
1041 2544 1296 2605 habitus
1331 2542 1572 2603 honore
1597 2586 1614 2617 ,
1649 2541 1770 2603 hoc
1801 2559 1919 2603 suo
1951 2541 2253 2620 suffragio
2286 2542 2645 2612 evinceret.
2680 2545 2864 2608 Plura
2896 2546 3021 2626 jam
3053 2548 3129 2608 ab
3163 2549 3526 2627 Augustino
3553 2550 3778 2612 adver-

567 2664 677 2707 sus
715 2645 1082 2723 Pelagianos
1123 2646 1323 2706 nostri
1357 2643 1664 2722 Theologi
1704 2643 2065 2705 testimonia
2103 2640 2343 2719 prolata
2387 2649 2584 2714 sunt,
2612 2645 2898 2723 quaedam
2944 2665 3021 2709 ex
3063 2649 3411 2727 deperditis
3457 2654 3683 2729 libris,
3728 2661 3786 2715 et

568 2744 820 2822 singula
854 2756 975 2804 tam
1034 2744 1363 2820 perspicua
1393 2789 1410 2817 ,
1459 2753 1579 2803 tam
1629 2742 1706 2802 ad
1757 2744 2254 2805 controversiam
2292 2742 2752 2820 expediendam
2785 2756 2927 2825 apta
2952 2791 2967 2821 ,
3003 2757 3073 2811 ut
3117 2751 3519 2831 Augustinus
3555 2755 3694 2833 ipse
3723 2755 3782 2814 in

569 2845 876 2923 Gregorio
912 2845 1113 2923 loqui,
1151 2855 1208 2907 et
1239 2845 1586 2923 Gregorius
1617 2844 1991 2920 Pelagianos
2026 2851 2114 2904 tot
2147 2851 2292 2906 ante
2323 2862 2524 2908 annos
2557 2848 2882 2910 confutare
2914 2851 3194 2915 voluisse
3227 2855 3612 2916 crederetur.
3647 2856 3784 2916 Haec

570 2946 789 3008 lectori
832 2962 977 3007 mox
1010 2946 1411 3015 constabunt,
1447 2944 1496 3005 si
1532 2945 1606 3004 ad
1641 2943 1947 3006 doctrinae
1976 2944 2179 3020 capita
2209 2963 2353 3022 quae
2384 2946 2770 3014 exhibentur
2801 2950 3122 3028 paulisper
3151 2953 3367 3015 animo
3398 2955 3707 3016 attendat.

648 3045 820 3107 Nihil
863 3063 1015 3106 sane
1055 3045 1250 3123 magis
1281 3044 1508 3106 auxilii
1540 3044 1741 3106 divini
1775 3044 2216 3106 necessitatem
2247 3047 2453 3124 arguit
2481 3091 2496 3117 ,
2547 3065 2736 3127 quam
2783 3050 3159 3127 ignorantiae
3203 3053 3588 3132 quotidiana;
3621 3053 3782 3118 ditii-

569 3146 858 3220 cultates,
893 3154 953 3208 et
987 3145 1299 3219 libidinis,
1334 3146 1430 3206 vel
1473 3146 1540 3208 in
1581 3145 2144 3225 ipsisjustilicatis,
2181 3148 2556 3209 miserandae
2595 3151 3090 3227 commotiones,
3142 3170 3301 3232 quas
3334 3153 3685 3232 Gregorius
3729 3164 3781 3216 et

572 3247 771 3324 palam
810 3246 1142 3309 confessus
1160 3257 1280 3317 est,
1311 3255 1371 3308 et
1403 3262 1612 3308 amare
1645 3245 1979 3324 ingemuit.
2017 3269 2045 3302 α
2079 3246 2318 3308 Invidia
2353 3247 2610 3322 diaboli,
2669 3248 2879 3329 inquit
2925 3251 3019 3333 (ε),
3074 3254 3430 3330 persecutio
3459 3254 3786 3316 .adversus

568 3347 682 3410 Dei
718 3348 1086 3426 ﬁgmentum
1143 3349 1410 3408 excitata
1444 3355 1539 3408 est
1572 3367 1586 3406 :
1623 3347 1860 3408 idcirco
1895 3346 2005 3408 Dei
2048 3346 2255 3424 imago
2290 3347 2518 3425 probro
2557 3367 2626 3410 ac
2657 3350 2966 3415 dedecore
2995 3355 3214 3416 affecta
3243 3400 3259 3428 ,
3293 3362 3354 3415 et
3383 3355 3789 3432 quemadmo-

573 3446 729 3510 dum
765 3448 1058 3509 mandato
1093 3464 1310 3524 parere
1347 3446 1803 3518 recusavimus,
1835 3446 1917 3506 ita
1955 3446 2225 3507 licentiae
2253 3446 2488 3508 erroris
2525 3448 2736 3508 traditi
2768 3467 3015 3513 sumus.
3049 3475 3078 3508 ››
3110 3453 3353 3517 Bellum
3393 3457 3512 3520 hoc
3543 3458 3785 3519 intesti-

567 3567 759 3620 num,
791 3549 964 3627 quod
1005 3565 1082 3610 ex
1122 3547 1314 3609 variis
1353 3554 1414 3608 et
1463 3546 1879 3608 militantibus
1927 3545 2202 3607 invicem
2258 3547 2591 3608 contrariis
2640 3548 2978 3612 desideriis
3029 3553 3191 3616 intra
3244 3573 3373 3620 nos.
3429 3557 3790 3636 frequenter

568 3649 880 3727 exsurgit,
915 3655 1039 3709 tam
1074 3648 1304 3709 vividis
1336 3647 1661 3711 coloribus
1697 3647 2011 3726 depinxit,
2047 3654 2169 3706 tam
2209 3664 2476 3710 nervose
2515 3651 2864 3728 expressit,
2908 3659 2974 3712 ut
3006 3655 3406 3732 Augustinus
3431 3702 3448 3731 ,
3482 3660 3784 3720 adversus

567 3752 936 3829 Pelagianos
969 3751 1048 3811 de
1087 3749 1199 3811 hac
1234 3767 1299 3810 re
1330 3765 1523 3825 agens
1559 3747 1629 3829 (n
1650 3792 1666 3822 ,
1691 3747 2065 3825 Gregorium
2091 3755 2308 3810 testem
2341 3748 2641 3812 adhibere
2670 3767 2798 3812 non
2829 3752 3251 3831 dubitaverit,
3275 3758 3462 3834 cuius
3487 3758 3790 3836 verbaKg}

575 3852 669 3913 sic
724 3850 951 3911 Billios
1020 3849 1292 3911 reddidit
1351 3869 1366 3909 :
1403 3871 1431 3905 α
1464 3850 1755 3909 Nondum
1809 3848 1888 3909 de
1943 3849 2196 3910 interno
2237 3850 2449 3919 bello,
2481 3858 2669 3928 atque
2719 3850 2785 3910 in
2839 3852 3321 3934 nobismetipsis
3356 3863 3417 3918 et
3454 3858 3516 3917 in
3549 3858 3786 3920 allecti-

574 3953 696 4013 bus
728 3951 878 4025 sito,
914 3949 1101 4012 verba
1135 3949 1320 4021 facio,
1359 3967 1486 4029 quo
1520 3959 1702 4013 nocte
1735 3969 1805 4011 ac
1835 3951 1960 4024 die,
1997 3951 2221 4029 partim
2265 3952 2534 4023 occulte,
2568 3952 2792 4030 partim
2826 3963 3079 4032 aperte,
3118 3956 3194 4016 ab
3240 3957 3621 4021 humilitatis
3665 3975 3790 4020 cor-

574 4065 726 4130 pOre
757 4051 1130 4115 divexamur
1157 4074 1173 4126 ;
1205 4060 1265 4114 et
1301 4053 1376 4114 ab
1409 4070 1477 4115 ea
1512 4070 1653 4131 quae
1687 4070 1800 4114 nos
1837 4072 1944 4129 per
1975 4071 2226 4127 sensus,
2254 4061 2442 4133 atque
2468 4053 2587 4113 alia
2627 4053 2816 4133 hujus
2852 4054 2994 4116 vita)
3018 4056 3504 4130 oblectamenta,
3534 4076 3784 4121 sursum

572 4153 1009 4232 deorsumque
1049 4163 1281 4225 versat,
1307 4155 1675 4233 jactatione,
1708 4162 1896 4234 atque
1930 4171 1960 4214 a
2000 4153 2131 4212 luto
2160 4150 2353 4224 faecis,
2388 4152 2487 4213 cui
2522 4153 2696 4214 infixi
2727 4171 2985 4229 sumus,
3026 4162 3091 4217 et
3133 4173 3167 4217 a
3218 4159 3456 4235 peccati
3488 4157 3633 4235 lege
3667 4159 3791 4236 spi-

574 4253 738 4314 ritus
779 4253 898 4330 legi
935 4261 1350 4332 repugnante,
1383 4253 1752 4334 regiamque
1785 4256 1847 4314 in
1883 4252 2065 4314 nobis
2095 4253 2461 4330 imaginem,
2499 4262 2558 4315 et
2588 4255 2902 4333 quidquid
2934 4255 3167 4317 divinae
3191 4257 3577 4319 deﬂuxionis
3607 4259 3782 4320 nobis

575 4355 939 4431 inspersum
979 4363 1098 4428 est,
1135 4373 1542 4433 corrumpere
1575 4365 1869 4417 conante.
1919 4357 2041 4416 Vix
2090 4372 2274 4433 porro
2318 4355 2657 4433 quisquam
2691 4395 2707 4423 ,
2749 4372 2865 4417 nec
2895 4356 3019 4416 nisi
3059 4356 3358 4419 diuturna
3395 4357 3790 4439 philosophia

577 4453 862 4530 seipsum
896 4454 1238 4526 domuerit,
1277 4463 1468 4534 atque
1500 4457 1727 4517 animae
1759 4455 2158 4517 nobilitatem
2196 4465 2258 4516 et
2291 4454 2632 4515 claritatem
2666 4456 2741 4516 ab
2795 4472 2870 4516 eo
2912 4457 3084 4535 quod
3132 4457 3375 4518 humile
3425 4465 3521 4520 est
3562 4467 3626 4520 et
3663 4477 3790 4522 cum

577 4554 859 4616 tenebris
893 4558 1331 4634 conjunctum,
1395 4558 1690 4634 paulatim
1725 4557 2093 4637 aliripuerit,
2128 4555 2222 4615 vel
2257 4555 2456 4616 Deum
2489 4555 2832 4633 prepitium
2873 4562 3090 4618 nactus
3122 4558 3224 4628 sit,
3256 4569 3361 4618 aut
3394 4558 3581 4620 etiam
3616 4557 3792 4626 ambo

576 4655 710 4717 haec
748 4655 1067 4727 habuerit,
1101 4665 1291 4736 atque
1327 4659 1402 4718 ad
1442 4659 1663 4720 oculos
1693 4675 1950 4721 sursum
1987 4656 2324 4734 erigendos
2369 4671 2552 4733 quam
2610 4653 2886 4714 maxime
2936 4670 3077 4716 sese
3131 4657 3530 4729 exercuerit,
3581 4657 3794 4736 depri—

580 4765 858 4819 mentem
905 4757 1232 4820 materiam
1273 4775 1580 4835 superare
1609 4767 1881 4837 queat.»
1921 4759 1982 4819 Si
2019 4772 2361 4834 congerere
2399 4755 2612 4816 omnia
2645 4771 2783 4832 qure
2815 4762 3072 4815 sanctus
3105 4756 3323 4816 doctor
3353 4756 3430 4817 de
3465 4756 3581 4817 hoc
3613 4773 3793 4834 argu-

584 4864 798 4917 mento
835 4857 1139 4918 disseruit
1168 4859 1686 4936 susciperemus,
1722 4859 2022 4920 volumen
2068 4875 2227 4936 pene
2269 4857 2586 4933 integrum
2637 4853 3124 4915 exscribendum
3181 4863 3348 4915 esset
3383 4877 3399 4916 :
3434 4857 3794 4936 siquidem,

577 4960 654 5019 ad
687 4957 950 5018 intimos
990 4958 1242 5034 pietatis
1277 4976 1509 5021 sensus
1543 4959 1843 5022 cordibus
1878 4957 2304 5031 instillandos,
2340 4955 2498 5017 nihil
2536 4953 2747 5033 aptius
2808 4955 2870 5015 in
2907 4955 3198 5016 humanis
3245 4957 3562 5036 judicavit
3613 4974 3791 5035 quam

587 5055 1014 5134 frequentem,
1043 5073 1184 5134 quae
1215 5074 1334 5120 nos
1370 5058 1656 5137 undique
1688 5065 2007 5135 premunt,
2044 5056 2436 5118 miseriarum
2493 5054 3090 5130 enumerationem;
3142 5073 3284 5116 cum
3331 5064 3390 5117 et
3436 5056 3793 5133 superbiam

587 5155 930 5217 retundere
965 5142 1026 5215 et
1059 5156 1136 5217 ad
1169 5155 1592 5218 humilitatem
1654 5158 2138 5236 orationemque
2180 5157 2524 5218 accendere
2571 5163 2692 5216 tam
2736 5154 3074 5216 salubriter
3121 5155 3388 5217 valeant.
3435 5153 3793 5232 Legendum

582 5255 859 5318 maxime
895 5273 1149 5317 carmen
1182 5255 1395 5318 ﬂebile
1429 5257 1599 5336 quod
1634 5259 1717 5318 De
1747 5258 1963 5320 anima:
1990 5275 2114 5318 sum
2146 5254 2605 5318 calamitatibus
2639 5254 3015 5334 inscriptum
3052 5265 3182 5328 est,
3224 5255 3406 5334 cujus
3438 5254 3572 5317 haec
3605 5266 3792 5334 pauca

582 5369 967 5432 promamus.

649 5519 726 5654 Ea)
752 5519 845 5573 Or.
874 5518 964 5579 2|,
997 5537 1049 5575 n.
1085 5521 1174 5576 57.

677 5591 725 5652 b)
760 5589 853 5643 Or.
889 5590 978 5651 45,
1011 5608 1064 5646 ιι.
1107 5593 1192 5645 8t.

2327 5526 2392 5596 (ε)
2411 5526 2501 5581 0r.
2524 5527 2609 5591 59,
2637 5544 2689 5580 n.
2724 5527 2772 5582 7.

2324 5597 2388 5654 (Γ)
2418 5596 2532 5650 Lib.
2562 5613 2597 5650 lt
2627 5609 2763 5650 com.

655 5589 725 5654 (ὁ)
760 5589 853 5643 Or.
889 5590 978 5651 45,
1011 5608 1064 5646 ιι.
1107 5593 1192 5645 8t.

751 5659 843 5736 0r.
870 5659 959 5736 ἓξ,
993 5677 1045 5714 n.
1075 5663 1138 5717 l9
1172 5670 1222 5716 et
1247 5663 1336 5736 Al8.
1400 5735 1403 5736 ν
1730 5735 1733 5736 ν

2418 5596 2532 5650 Lib.
2562 5589 2604 5650 It
2627 5609 2763 5650 cont.
2807 5595 2945 5661 Jul.,
2979 5611 3030 5649 η.
3065 5595 3111 5648 7.

1730 5735 1733 5736 ,
2321 5671 2391 5736 te)
2425 5666 2593 5731 0132,
2626 5667 2790 5721 ".91.

658 5727 735 5799 (d)
759 5729 887 5789 Adv.
916 5728 1034 5785 Lat.
1067 5735 1203 5786 trad.
1235 5734 1305 5787 De
1333 5735 1422 5791 rel.
1455 5736 1618 5802 netia,
1645 5749 1693 5804 p.
1722 5735 1791 5795 55.
