3926 6410
159 392 236 450 ηδ
1077 389 1446 449 ΡΙὙΕΕΑΤΙΟ
1487 395 1709 450 CENEH

1797 397 1894 453 .lS.
1938 427 2007 437 —
2044 397 2224 454 PARS
2262 400 2343 454 lli.
3246 398 3347 456 1‘28

659 501 733 579 La)
766 500 910 556 inest
936 503 1131 571 quippe
1153 504 1304 579 milii,
1328 505 1468 561 inest
1497 509 1578 562 lex
1616 510 1829 576 duplex,
1861 526 2090 579 quarum
2119 511 2286 566 altera
2317 507 2530 578 quidem
2570 513 2710 568 bona

661 570 865 660 bonum
893 570 1158 660 sectatur;
1193 575 1362 630 altera
1390 585 1568 658 autem
1605 570 1843 634 deterior
1866 570 2107 636 sectatur
2129 597 2250 660 qua!
2286 570 2424 636 m'ala
2461 594 2605 638 sunt.

660 643 735 716 ᾼίξ
756 656 819 716 ea
851 644 1090 716 quidem,
1119 660 1238 716 qua:
1262 649 1460 702 mentis
1492 659 1594 714 est,
1631 662 1818 716 parata
1840 661 1924 706 est

760 712 1118 766 obediendum
1146 713 1384 778 Christo,
1421 712 1674 786 gradiens
1699 721 1764 772 ad
1791 722 1995 775 lucem:

657 781 843 862 altera
864 791 1088 862 .autem,
1123 781 1450 862 qum_carnis
1476 797 1558 840 est
1579 798 1630 862 et
1658 792 1956 857 sanguinis,
1997 801 2242 862 prompta
2275 801 2359 847 est

655 853 734 904 Ad
760 853 1135 919 excipiendum
1167 853 1354 919 Belial,
1389 855 1514 909 dum
1545 858 1608 909 ad
1639 853 1886 914 tenebras
1914 853 2210 917 trahitur.'..

659 919 755 994 l_lis_
784 931 960 994 autem
996 925 1357 994 pugnantibus
1390 926 1667 994 inspector
1693 931 1839 984 venit
1860 932 2095 989 caelitus.

666 989 902 1068 §piritu_s
932 989 1259 1068 magnidici,
1292 1005 1346 1068 et
1381 989 1542 1049 menti
1583 1013 1801 1053 manum
1823 1002 2005 1068 dedit;

657 1060 910 1140 gorporis
938 1060 1224 1140 perniciosi
1257 1064 1468 1140 solvens
1494 1069 1799 1134 tumultum,
1833 1060 2004 1140 atque
2024 1082 2262 1127 atrorum

656 1131 1012 1207 gompescens
1037 1132 1285 1207 vitiorum
1316 1134 1538 1207 fluctum
1563 1131 1948 1207 assurgentem.

654 1200 758 1252 Sed
789 1211 969 1254 tamen
1003 1202 1250 1256 rabidum
1289 1205 1484 1259 retinet
1518 1200 1776 1269 furorem,
1811 1227 1909 1265 ncc
1932 1213 2072 1268 bello

665 1271 891 1348 pesistit
913 1284 1062 1348 caro,
1088 1271 1414 1348 inclinatque
1453 1276 1558 1330 huc
1581 1287 1635 1348 et
1657 1277 1780 1333 illuc
1802 1297 1994 1348 pugna.

667 1342 943 1410 interdum
969 1341 1185 1410 quidem
1211 1341 1390 1398 mente
1409 1360 1540 1400 caro
1570 1341 1837 1402 domatur.
1873 1341 2081 1408 Rursus
2106 1353 2236 1409 alias

654 1409 869 1486 fortem
900 1409 1117 1486 carnem
1147 1427 1298 1467 mens
1318 1416 1584 1483 sequitur,
1617 1433 1722 1471 non
1746 1420 1966 1486 volens;

658 1480 774 1561 _S_ed_
796 1479 923 1561 illud
953 1480 1166 1561 quidem
1203 1479 1534 1561 concupiscit
1564 1490 1706 1561 quod
1747 1479 2072 1549 melius'est.
2101 1493 2253 1561 Quod
2284 1505 2461 1551 autem
2489 1497 2622 1561 odit,

661 1549 721 1628 id
745 1549 1045 1628 dum_facit_,
1081 1549 1437 1628 perniciosam
1470 1549 1717 1628 deplorat
1741 1562 2079 1628 servitutem,

665 1620 730 1694 Et
759 1621 923 1688 patris
957 1623 1262 1694 primigenii
1296 1620 1688 1694 deceptionem,
1724 1639 1779 1682 et
1814 1635 2002 1687 matris
2028 1620 2322 1688 nefandam

664 1687 1184 1760 TrarisgreSSionerit,
1217 1704 1412 1750 nostrae
1430 1687 1934 1756 'matrem'stultitiae
1954 1703 2020 1758 '°.

144 1814 329 1875 Tantas
362 1825 678 1870 terumnas
712 1807 856 1868 vitae
884 1809 1177 1872 humanae
1211 1813 1368 1874 mira
1403 1816 1702 1880 varietate
1734 1827 1794 1881 et
1828 1821 2072 1884 intimis
2102 1825 2448 1903 gemitibus
2485 1826 2819 1890 lamentari
2870 1847 2993 1893 non
3032 1807 3341 1917 defatiga-

145 1922 240 1986 tur,
273 1917 351 1972 tot
384 1908 564 1970 malis
598 1915 657 1969 et
687 1909 944 1970 ﬂetibus
977 1919 1038 1972 et
1068 1913 1350 1990 querelis
1402 1915 1689 1981 solamen
1733 1919 2131 2000 aliquantum
2183 1943 2255 1988 ac
2298 1926 2611 1989 medelam
2687 1928 2980 1994 conferre
3025 1908 3336 2015 satagens.

142 2018 201 2074 At
234 2011 378 2074 unde
409 2010 699 2072 levamen
734 2019 1011 2088 speraret
1044 2012 1168 2073 nisi
1201 2031 1231 2074 a
1263 2015 1489 2092 spiritu
1519 2018 1735 2094 gratim
1760 2063 1776 2094 ,
1811 2039 2002 2101 quem
2036 2034 2162 2087 tam
2209 2025 2354 2087 altis
2387 2027 2682 2106 suspiriis
2714 2074 2729 2101 ,
2762 2046 2831 2090 ac
2895 2033 3058 2095 votis
3089 2010 3342 2100 ferven-

143 2114 274 2174 tibus
309 2109 626 2186 sollicitat,
662 2118 720 2174 et
753 2111 828 2173 ad
865 2129 931 2172 se
963 2112 1222 2175 allicere
1272 2116 1546 2178 nititur?
1590 2121 1763 2182 Sicut
1816 2122 2010 2200 igitur
2060 2127 2433 2191 innumeras
2477 2132 2706 2192 animm
2752 2131 3152 2196 infirmitates
3209 2155 3337 2199 non

140 2215 398 2293 neglexit,
429 2215 548 2276 sed
581 2214 735 2276 satis
768 2213 1023 2274 deflevit
1053 2234 1069 2287 ;
1105 2214 1195 2277 sic
1227 2216 1542 2279 medicum
1575 2220 1857 2284 bonitate
1888 2231 1950 2285 et
1987 2227 2268 2305 potentia
2316 2230 2527 2291 solum
2578 2233 2816 2295 morbis
2866 2241 2992 2296 tam
3039 2236 3242 2298 acutis
3278 2246 3342 2299 et

141 2314 416 2377 tenacibus
452 2312 756 2376 curandis
791 2313 1098 2375 idoneum
1135 2332 1260 2377 non
1293 2317 1529 2380 desinit
1563 2323 1884 2400 appellare
1927 2347 1942 2388 :
1981 2331 2042 2387 et
2073 2329 2612 2406 quemadmodum
2667 2333 3007 2396 voluntatis
3062 2334 3332 2414 languo-

138 2434 240 2477 rem
269 2423 322 2477 et
359 2413 655 2476 inertiam
690 2413 763 2473 ad
793 2412 1033 2474 bonum
1071 2415 1310 2495 ubique
1352 2429 1655 2500 expertus
1707 2429 1769 2485 et
1820 2424 2152 2487 confessus
2199 2434 2334 2501 est;
2415 2429 2503 2491 ita
2573 2432 2882 2512 quidquid
2941 2437 3091 2495 boni
3156 2412 3221 2495 lit
3271 2435 3338 2496 in

139 2516 284 2577 nobis
312 2522 365 2577 et
405 2533 435 2577 a
469 2513 682 2587 nobis,
720 2513 794 2574 ad
830 2515 1030 2574 Deum
1060 2517 1265 2578 cordis
1300 2518 1559 2583 humani
1597 2531 1903 2604 motorem
1959 2525 2269 2589 eflicacem
2327 2529 2558 2592 referre
2589 2541 2649 2593 et
2681 2532 2802 2610 ipsi
2853 2534 3169 2596 ascribere
3207 2551 3336 2596 non

140 2618 308 2678 laesit.
343 2619 590 2679 Bonum
625 2631 814 2677 omne
848 2637 878 2678 a
913 2620 1044 2681 Deo
1076 2620 1332 2683 initium
1370 2640 1624 2687 sumere
1680 2635 1741 2690 et
1789 2629 1863 2688 ad
1919 2627 2106 2689 ﬁnem
2159 2631 2468 2707 perduci,
2518 2634 2736 2709 paucis
2786 2633 2896 2696 sed
2963 2623 3341 2696 decretoriis

138 2726 398 2781 testatur:
439 2741 469 2776 α
502 2721 700 2788 Deus,
753 2716 962 2794 inquit
1006 2719 1112 2797 (b),
1168 2739 1201 2783 a
1267 2740 1394 2801 quo
1451 2727 1688 2788 bonum
1749 2743 1937 2790 omne
1975 2729 2228 2792 initium
2265 2732 2674 2812 ducit,atque
2704 2733 2780 2795 ad
2815 2734 3001 2796 ﬁnem
3037 2735 3341 2813 perduci-

139 2827 236 2886 tur,
267 2819 535 2881 orationi
573 2821 920 2896 cpitulator
949 2823 1228 2887 accedat.
1269 2849 1298 2882 υ

206 2917 582 2995 Principium
613 2918 761 2981 boni
797 2920 1324 3001 operis,justitiaa
1357 2934 1418 2988 et
1449 2928 1752 2990 bonitatis
1790 2929 1853 2990 in
1890 2929 2302 2993 hominefons
2334 2939 2395 2995 et
2428 2935 2631 3012 origo,
2656 2934 2825 2996 haud
2858 2935 3052 2997 dubie
3083 2935 3332 2996 sincera

137 3022 280 3097 ﬁdes,
315 3024 497 3102 cujus
538 3024 795 3086 initium
835 3033 898 3085 et
929 3025 1284 3101 profectum
1323 3032 1567 3110 absque
1606 3032 1733 3095 ulla
1773 3035 2179 3096 cunctatione
2216 3037 2563 3114 Gregorius
2615 3041 2747 3100 Deo
2786 3037 3107 3114 assignat:
3146 3061 3174 3094 α
3199 3038 3339 3098 Tri-

136 3134 372 3208 nitatem,
416 3136 631 3215 inquit
679 3133 783 3217 (c),
858 3153 894 3198 ο
931 3137 1072 3209 viri,
1153 3139 1345 3200 unius
1377 3137 1647 3200 Deitatis
1680 3156 1820 3200 esse
1854 3136 2203 3209 fateamini,
2240 3143 2372 3208 aut,
2411 3139 2464 3198 si
2505 3137 2702 3215 magis
2734 3138 2957 3215 placet,
2993 3137 3188 3199 unius
3228 3154 3338 3199 na-

137 3247 301 3315 turas;
340 3246 537 3320 atque
569 3240 732 3302 banc
780 3256 994 3304 vocem
1031 3241 1244 3323 (Deus)
1283 3259 1314 3304 a
1349 3241 1583 3319 Spiritu
1619 3243 1798 3303 vobis
1847 3241 2333 3321 postulabimus.
2358 3241 2542 3300 Dabit
2587 3239 2755 3300 enim
2793 3238 3074 3318 profecto
3102 3256 3337 3301 secun-

134 3338 272 3407 dum,
303 3337 408 3417 qui
463 3337 743 3415 primum
796 3338 1039 3400 dedit.»
1095 3340 1232 3401 Jam
1283 3339 1454 3400 enim
1507 3339 1812 3417 Spiritum
1867 3346 2155 3398 sanctum
2195 3338 2359 3398 Patri
2414 3345 2474 3401 et
2526 3338 2691 3399 Filio
2726 3337 3338 3401 consubstantialem

136 3436 518 3510 crediderant,
560 3437 671 3499 sed
710 3439 912 3499 Deum
974 3440 1255 3517 profiteri
1303 3439 1775 3502 inﬁciabantur.
1813 3439 1949 3502 Hoc
1999 3437 2372 3500 testimonio
2426 3455 2579 3499 usus
2617 3445 2712 3500 est
2760 3437 3185 3515 Augustinus,
3219 3438 3332 3500 lib.

133 3541 197 3600 De
240 3540 390 3602 dono
443 3520 949 3621 perseverantiae,
990 3538 1101 3600 sed
1135 3538 1499 3621 interpretis
1550 3541 1879 3604 oscitantia
1946 3559 2071 3604 non
2135 3541 2292 3604 nihil
2351 3541 2788 3621 depravatum,
2829 3549 2896 3604 ut
2957 3542 3118 3603 bene
3151 3548 3334 3603 nota-

134 3653 251 3708 runt
280 3649 410 3726 ejus
441 3647 728 3710 editores
772 3650 1136 3712 novissimi.

189 3747 333 3820 Quid
369 3750 612 3812 mirum
647 3749 795 3812 inde
827 3751 881 3812 si
914 3758 1173 3814 sanctus
1210 3753 1432 3815 doctor
1463 3760 1747 3814 errantes
1776 3769 1807 3812 a
1845 3753 1978 3812 Deo
2013 3750 2359 3825 illuminari
2396 3756 2456 3838 et
2494 3742 2815 3807 immutari
2845 3739 3334 3851 -postullet,.cum

135 3841 274 3917 ﬁdes,
305 3863 494 3925 quam
560 3865 590 3908 a
631 3849 764 3910 Deo
801 3849 988 3910 nobis
1022 3849 1247 3911 donari
1294 3850 1661 3924 declaravit,
1695 3851 1828 3913 sola
1863 3851 2262 3913 inﬁdelitatis
2301 3848 2594 3909 tenebras
2627 3843 2960 3907 discutiat?
3007 3841 3178 3914 «Qui
3213 3859 3334 3902 au-

133 3955 252 4021 tem,
286 3950 498 4031 inquit
566 3952 676 4031 (d),
726 3955 914 4029 ligata
954 3956 1240 4032 exponit,
1279 3963 1338 4016 et
1405 3972 1608 4017 nexus
1678 3956 1993 4027 dissolvit,
2033 3973 2102 4017 ac
2136 3954 2318 4016 nobis
2355 3953 2418 4013 in
2473 3961 2747 4016 mentem
2781 3952 3055 4021 induxit,
3090 3958 3156 4013 ut
3201 3947 3336 4008 vio-

132 4046 406 4118 lentorum
457 4055 834 4132 dogmatum
876 4057 1286 4137 obliquitates
1332 4060 1751 4134 solveremus,
1807 4060 2083 4121 maxime
2133 4057 2396 4137 quidem
2451 4054 2722 4133 Optarim
2761 4061 2829 4114 ut
2867 4052 2982 4112 hos
3015 4045 3335 4129 (Arianos)

132 4150 410 4230 immutat,
449 4176 525 4217 ac
575 4173 685 4235 pro
719 4160 1194 4237 argutatoribus
1231 4163 1393 4239 pios,
1429 4171 1490 4225 et
1527 4178 1638 4240 pro
1664 4163 1769 4237 iis,
1805 4163 1914 4241 qui
1953 4179 2120 4224 nunc
2155 4161 2578 4240 appellantur,
2614 4157 3020 4264 Christianos
3039 4152 3329 4264 efﬁciat...»

187 4256 292 4320 Nec
322 4263 434 4338 qui
471 4260 666 4323 fidem
703 4267 1087 4341 acceperint,
1127 4267 1250 4328 sibi
1280 4268 1407 4346 jam
1444 4269 1598 4329 satis
1632 4284 1773 4330 esse
1811 4267 2200 4329 arbitrentur
2250 4271 2318 4324 ut
2371 4265 2673 4341 deinceps
2705 4257 3029 4339 quoslibet
3078 4256 3334 4332 pietatis

130 4363 267 4419 actus
295 4370 601 4437 exerent;
634 4367 742 4425 sed
773 4369 980 4432 adhuc
1013 4377 1072 4432 et
1104 4390 1355 4450 semper
1386 4372 1542 4451 ipsis
1579 4371 1820 4434 auxilio
1861 4370 2080 4432 divino
2110 4386 2271 4448 opus
2305 4385 2469 4440 esse,
2502 4373 2570 4428 ut
2610 4372 2774 4426 recte
2810 4360 3002 4421 velint
3037 4361 3335 4432 recteque.

129 4465 299 4532 agant,
330 4469 608 4522 sanctus
638 4465 880 4543 doctor,
923 4488 1002 4532 ne
1032 4471 1245 4533 fallaci
1294 4473 1676 4536 conﬁdentia
1735 4473 2066 4535 cmcutiant
2113 4477 2172 4532 et
2222 4470 2469 4543 cadant,
2505 4486 2613 4530 eos
2653 4469 2940 4567 potenter
2971 4470 3336 4567 commone-

129 4559 263 4635 facit,
294 4567 699 4644 explanando
755 4569 874 4632 hoc
932 4572 1271 4633 Salvatoris
1323 4575 1582 4636 effatum
1618 4594 1633 4633 :
1675 4597 1702 4631 α
1739 4576 1875 4637 Non
1917 4594 2141 4638 omnes
2191 4574 2443 4652 capiunt
2495 4570 2751 4632 verbum
2779 4565 2920 4633 hoc,
2956 4561 3064 4621 sed
3099 4557 3335 4672 quibus

127 4661 304 4726 datum
335 4673 431 4728 est
462 4668 579 4727 δι.»
601 4669 940 4749 Postquam
969 4670 1042 4751 (e)
1074 4691 1106 4733 a
1137 4673 1569 4737 voluntatibus
1608 4675 1903 4738 humanis
1935 4694 2184 4738 omnem
2214 4677 2463 4749 fatalem
2499 4670 2936 4734 necessitatem
2970 4663 3224 4742 repulit,
3261 4659 3338 4719 li-

128 4764 395 4831 bertatem
433 4771 783 4832 asserenda
807 4794 821 4844 ;
848 4769 984 4850 jam
1036 4780 1104 4834 ut
1141 4790 1360 4836 eorum
1397 4776 1650 4855 quisibi
1685 4779 1759 4839 de
1785 4779 2053 4856 prOpriis
2075 4777 2316 4838 viribus
2349 4774 2618 4835 nimium
2651 4767 3062 4831 blandiuntur
3087 4761 3334 4876 frangat

129 4870 490 4958 superbiam,
542 4873 730 4933 verba
761 4873 934 4934 Pauli
970 4875 1214 4958 magnis
1252 4875 1498 4938 intonat
1551 4877 1816 4939 vocibus
1859 4900 1873 4939 :
1908 4901 1935 4932 ‹‹
1961 4877 2097 4939 Non
2131 4885 2226 4937 est
2267 4873 2562 4945 volentis,
2610 4888 2816 4949 neque
2849 4864 3187 4937 currentis,
3223 4862 3332 4922 56d

130 4949 462 5036 miserentis
500 4974 746 5047 Dei";»
787 4994 865 5038 ex
907 4949 1145 5054 quibds
1178 4975 1271 5039 sic
1306 4976 1495 5039 infert
1532 4999 1545 5038 :
1583 4978 1943 5054 «Quoniam
1981 4978 2149 5040 enim
2180 4974 2474 5048 nonnulli
2507 4978 2678 5048 sunt,
2716 4972 2826 5050 qui
2861 4969 2940 5032 ob
2978 4973 3142 5079 recte
3176 4963 3334 5079 facta

129 5068 193 5130 ita
218 5074 442 5136 animis
476 5077 862 5150 efferuntur,
898 5083 963 5138 ut
996 5077 1056 5138 id
1091 5082 1289 5139 totum
1312 5077 1431 5140 sibi
1478 5079 1633 5156 ipsis
1670 5069 2013 5162 ascribant,
2036 5095 2152 5141 nec
2195 5076 2546 5157 quidquam
2580 5073 2877 5144 Creatori,
2911 5078 2971 5132 et
3004 5068 3346 5145 sapientia)

132 5191 317 5241 eorum
357 5180 633 5252 auctori,
667 5195 738 5238 ac
776 5178 1090 5239 bonorum
1126 5177 1414 5259 omnium
1471 5179 1934 5259 suppeditatori
1979 5163 2312 5257 acceptum
2343 5175 2572 5247 ferant,
2605 5173 2707 5236 his
2758 5171 2970 5235 verbis
3008 5185 3116 5231 eos
3151 5167 3336 5229 decet

132 5274 359 5354 Paulus,
394 5281 574 5362 quod
612 5281 823 5359 ipsum
861 5279 1052 5341 etiam
1087 5285 1252 5341 recte
1285 5276 1444 5362 velle
1475 5279 1695 5361 divino
1731 5280 2012 5355 indigeat
2043 5278 2320 5359 auxilio;
2357 5277 2513 5349 imo,
2555 5280 2620 5334 ut
2654 5272 2884 5333 rectius
2918 5271 3168 5378 loquar,
3223 5278 3333 5322 vo-

132 5375 304 5442 luntas
336 5398 603 5460 quoque
640 5384 797 5460 ipsa,
837 5388 898 5441 et
939 5379 1164 5442 electio
1208 5396 1454 5455 eorum,
1487 5397 1630 5459 quae
1676 5390 1841 5442 recta
1885 5385 1944 5441 et
1995 5396 2139 5441 cum
2187 5377 2393 5452 ofﬁcio
2444 5377 2778 5453 conjuncta
2824 5373 2997 5443 sunt,
3027 5365 3329 5431 divinum

187 5543 394 5601 “Rom.
429 5561 532 5609 vn,
573 5544 758 5600 15-25.
832 5546 874 5577 "
911 5543 1098 5599 ﬁiatth.
1133 5560 1242 5609 xix,
1288 5543 1372 5598 il.
1449 5542 1683 5614 "diem.
1717 5559 1791 5612 lx,
1839 5544 1921 5600 l6.

185 5699 249 5771 (α)
278 5700 458 5771 Carm.
494 5701 703 5764 va-7|
734 5710 786 5754 et
810 5717 955 5771 seqq.
1839 5697 1914 5764 (Α)
1944 5697 2031 5771 Or.
2069 5695 2157 5771 ξεί,
2182 5710 2232 5746 n.

187 5764 249 5839 (ὁ)
281 5770 368 5824 0r.
407 5772 462 5833 6,
510 5789 564 5823 ιι.
593 5773 675 5828 is.
886 5764 936 5771 "

886 5764 936 5771 ”
1844 5771 1908 5840 (ε)
1945 5770 2037 5823 0r.
2081 5767 2169 5830 57,
2195 5782 2248 5819 ιι.
2285 5764 2366 5816 15.

185 5841 242 5910 (ε)
266 5841 350 5896 0r.
382 5841 470 5909 Μ,
505 5859 559 5897 n.
589 5842 638 5896 8.
