3926 6410
602 332 695 388 ίῖἵ
1580 336 1945 394 PREFATIO
1983 336 2391 394 GENERALIS.
2429 367 2501 381 --
2536 335 2714 393 PARS
2750 337 2837 393 Ill.
3692 343 3766 401 128

610 452 932 528 quoddam
966 451 1344 515 beneﬁcium
1382 461 1499 528 est,
1538 468 1733 537 atque
1769 476 1802 519 a
1842 459 1957 518 Dei
1992 456 2384 534 benignitate
2415 452 3068 516 manans.....ldcirco
3098 454 3218 514 ait:
3247 472 3273 507 α
3297 465 3419 510 non
3456 446 3759 529 voicntis,i

602 550 667 611 id
702 558 821 624 est,
858 569 988 614 non
1042 553 1246 614 solum
1308 555 1608 629 volentis,
1659 574 1823 618 «nec
1874 556 2244 617 currentis»
2298 557 2535 630 solum,
2576 558 2790 618 «sed»
2831 557 3019 619 etiam
3080 552 3765 623 «miserentisbei.»lta

602 651 909 730 quoniam
944 652 1107 713 velle
1139 672 1402 732 quoque
1431 655 1641 731 ipsum
1676 675 1708 717 a
1741 658 1875 718 Deo
1916 664 2033 728 est,
2067 658 2307 733 optimo
2368 658 2515 735 jure
2556 664 2755 719 totum
2784 656 2919 717 Deo
2951 653 3316 731 assignavit.
3348 654 3764 727 Qu~a;A-umlibet

606 763 851 820 curras,
887 754 1357 829 quantumlibet
1391 763 1616 830 certes,
1651 774 1813 834 opus
1860 758 2057 818 habes
2092 773 2165 818 eo
2210 756 2321 835 qui
2349 758 2450 817 dat
2485 759 2835 818 coronam.‘
2868 777 2896 811 α
2920 754 3052 815 Nisi
3086 754 3390 813 Dominus
3426 755 3767 825 aedificaverit

620 847 904 920 domum,
964 848 1029 908 in
1091 869 1319 912 vanum
1378 854 1827 917 laboraverunt
1873 857 1984 933 qui
2031 856 2343 917 a‘diﬁcant
2388 856 2709 916 eam.Nisi
2739 855 3050 915 Dominus
3083 853 3451 915 Custodierit
3483 857 3765 937 civitatem,

607 944 836 1006 frustra
912 948 1127 1026 vigilat
1185 951 1292 1028 qui
1349 954 1622 1014 custodit
1679 971 1816 1016 eam
1863 955 1933 1016 ⁸³.
1973 976 2001 1010 ››
2054 954 2234 1027 Scio,
2291 954 2532 1033 inquit.
2582 956 2752 1032 quod
2797 971 2916 1015 nec
2962 953 3272 1015 velocium
3304 970 3524 1016 cursus
3553 966 3777 1031 est,nec'

606 1044 845 1106 bellum
881 1046 1168 1119 fortium,
1205 1069 1320 1113 nec
1354 1055 1773 1131 pugnantium
1812 1055 2100 1125 victoria,
2135 1072 2250 1116 nec
2282 1072 2583 1133 prospere
2617 1054 3051 1131 navigantium
3087 1060 3347 1131 portus;
3381 1056 3488 1118 sed
3540 1058 3642 1121 Dei
3679 1075 3764 1137 est,

611 1150 673 1203 et
709 1144 1037 1207 victoriam
1072 1150 1319 1227 afferre,
1360 1161 1421 1214 et
1454 1154 1838 1215 incolumem
1870 1155 2164 1231 scapham
2192 1155 2265 1215 .in
2305 1164 2553 1229 portum
2593 1154 3003 1232 perducere.»

687 1244 854 1317 QUid
886 1245 1065 1323 plura
1088 1253 1115 1309 ?
1156 1258 1214 1312 et
1246 1254 1400 1331 quid
1446 1254 1567 1315 sibi
1600 1272 1891 1332 arrogare
1928 1256 2201 1316 humana
2238 1254 2530 1316 voluntas
2563 1262 2930 1334 praesumat,
2964 1272 3104 1317 cum
3139 1262 3199 1315 et
3230 1255 3359 1331 ipsa
3402 1256 3558 1319 bona
3588 1260 3766 1322 volun-

610 1354 729 1421 tas,
766 1355 824 1409 et
858 1349 1084 1411 electio
1118 1352 1190 1411 ad
1229 1360 1393 1413 recte
1436 1356 1776 1431 agendum,
1818 1363 1877 1416 et
1916 1356 2091 1416 labor
2123 1361 2183 1415 et
2215 1371 2439 1415 cursus
2473 1361 2537 1415 et
2571 1355 2828 1416 victoria
2863 1362 2924 1415 et
2957 1354 3388 1429 incolumitas,
3421 1364 3479 1417 et
3509 1358 3767 1439 quidquid

612 1451 869 1527 cogitari
906 1458 1111 1527 potest
1147 1472 1349 1533 usque
1382 1456 1457 1516 ad
1501 1457 1889 1535 triumphum
1964 1464 2026 1517 et
2077 1457 2326 1533 plenam
2387 1462 2525 1531 post
2580 1454 2855 1533 pericula
2890 1456 3323 1525 securitatem,
3357 1464 3548 1519 totum
3579 1462 3691 1523 Deo
3715 1466 3771 1525 sit

609 1555 852 1632 optimo
888 1555 1034 1633 jure
1074 1555 1536 1619 tribuendum?
1570 1560 1738 1619 Hinc
1787 1559 1839 1619 si
1875 1559 2007 1618 Deo
2056 1571 2341 1625 munera,
2376 1555 2537 1632 grati
2582 1554 2775 1614 animi
2809 1554 3137 1633 obsequia,
3178 1556 3405 1617 offerre
3436 1558 3770 1634 Studeamus,

614 1671 743 1715 non
795 1670 829 1715 a
884 1653 1071 1714 nobis
1111 1664 1405 1734 tanquam
1462 1675 1537 1718 ex
1589 1657 1773 1717 nobis
1825 1657 1957 1717 haec
1997 1672 2383 1734 promamus,
2439 1654 2547 1715 sed
2582 1661 2876 1731 tanquam
2909 1654 3071 1714 dona
3117 1654 3321 1731 ipsius
3363 1656 3773 1729 muniﬁcentiae,

609 1766 797 1835 prout
830 1765 1001 1830 sunt,
1033 1758 1323 1818 dicemus
1362 1757 1419 1818 ei
1454 1764 1513 1817 et
1553 1773 1939 1827 voveamus;
2004 1757 2175 1832 quod
2215 1761 2275 1815 et
2324 1753 2581 1831 pietatis
2620 1752 2899 1813 oﬂicium
2948 1753 3081 1813 Deo
3120 1754 3543 1829 gratissimum
3574 1764 3657 1816 est
3693 1774 3773 1817 no-

608 1856 837 1934 bisque
869 1855 1390 1915 saluberrimum.
1433 1852 1694 1925 «Alius,
1751 1854 1961 1933 inquit
2036 1854 2143 1935 (α),
2221 1855 2433 1915 minus
2479 1854 2767 1932 quidem,
2814 1855 2978 1915 alius
3030 1854 3232 1930 majus
3264 1898 3280 1927 ,
3340 1872 3555 1918 onmes
3614 1864 3773 1920 tamen

612 1956 765 2017 citra
800 1954 1241 2032 exceptionem
1295 1955 1665 2027 offeramus,
1717 1955 1783 2015 in
1824 1972 1983 2029 Opus
2053 1955 2426 2034 perfectum,
2496 1956 2559 2016 in
2616 1954 3041 2017 habitaculum
3083 1955 3339 2033 Christi,
3407 1961 3468 2017 in
3530 1959 3775 2036 templum

612 2059 926 2126 sanctum,
961 2052 1449 2115 architectonica
1482 2055 1757 2130 Spiritus
1790 2064 1921 2116 arte
1955 2040 2295 2116 constructi
2333 2063 2394 2116 et
2430 2054 2875 2132 coagmentati.
2909 2055 3071 2116 Illud
3122 2054 3382 2133 quidem
3430 2057 3671 2118 minime
3693 2059 3777 2118 du-

608 2154 786 2215 bium
828 2160 946 2223 est,
984 2152 1166 2230 quin,
1203 2152 1454 2213 etiamsi
1489 2155 1704 2214 omnia
1760 2156 2255 2230 contulerimus,
2282 2157 2498 2217 minus
2540 2165 2752 2217 tamen
2804 2156 3088 2217 collaturi
3126 2156 3350 2226 simus,
3380 2172 3565 2233 quam
3592 2158 3780 2233 accepi-

616 2270 781 2313 mus.
817 2252 1347 2329 Quandoquidem
1384 2252 1585 2313 divini
1620 2255 1908 2315 beneficii
1942 2263 2039 2315 est
2080 2256 2249 2333 quod
2284 2273 2533 2327 sumus,
2578 2257 2749 2334 quod
2792 2258 2991 2319 Deum
3030 2255 3497 2332 cognoscimus,
3528 2257 3775 2335 quodque

613 2351 829 2424 etiam,
867 2351 1036 2429 quod
1095 2354 1465 2425 otl‘eramus,
1519 2352 1909 2414 habemus.»
1959 2355 2239 2415 Tandem
2295 2354 2649 2432 quemlibet
2700 2359 3050 2433 profectum
3096 2357 3159 2416 in
3210 2356 3443 2418 virtute
3472 2356 3778 2432 fecerimus,

612 2452 1026 2530 quantumvis
1066 2452 1487 2513 immutemur
1538 2452 1604 2513 in
1659 2452 1923 2525 melius,
1956 2470 2085 2514 non
2139 2454 2323 2515 nobis
2378 2458 2797 2533 gratulemur,
2854 2457 2965 2516 sed
3012 2458 3145 2518 Deo
3192 2458 3424 2533 gratias
3463 2457 3778 2528 referamus,

613 2552 798 2627 cujus
847 2550 1107 2613 dextera
1159 2552 1225 2613 fit
1266 2553 1399 2614 haec
1450 2552 1822 2639 quotidiana
1873 2571 2117 2613 morum
2174 2556 2558 2628 emendatio,
2616 2564 2685 2616 ut
2736 2558 3082 2635 Gregorius
3129 2559 3455 2622 confirmat
3491 2561 3611 2622 haec
3639 2563 3780 2623 verba

612 2651 947 2729 Scriptura)
1002 2651 1522 2729 interpretando:
1560 2654 1750 2717 «Νοη
1786 2655 2116 2732 apparebis
2161 2655 2225 2715 in
2270 2665 2599 2734 conspectu
2629 2676 2754 2717 meo
2790 2675 3019 2717 vacuus
3066 2658 3158 2714 “»
3196 2678 3211 2717 :
3253 2681 3280 2712 «
3322 2659 3551 2721 Verum
3580 2661 3629 2721 si
3667 2661 3780 2738 quid

613 2751 859 2827 pulchri
901 2752 1117 2823 habes,
1154 2762 1357 2814 tecum
1395 2753 1583 2815 feres.
1619 2758 1698 2815 At
1731 2772 1922 2826 nunc,
1992 2755 2202 2831 inquit
2248 2754 2354 2834 (ὁ),
2397 2756 2650 2819 diverso
2725 2746 2919 2819 modo
2947 2775 3150 2819 novus
3182 2777 3436 2835 appare,
3470 2759 3555 2821 sic
3581 2777 3779 2836 nempe,

623 2862 689 2913 ut
732 2864 901 2915 totus
941 2855 1433 2919 immuteris.....
1465 2860 1632 2919 Huic
1667 2858 1855 2930 festo,
1890 2859 2176 2919 muneris
2223 2858 2383 2927 loco,
2437 2857 2793 2935 praeclaram
2856 2858 3267 2917 mutationem
3304 2859 3487 2929 oll'er,
3527 2874 3590 2918 ac
3623 2874 3690 2917 ne
3717 2858 3780 2915 sic

613 2953 871 3030 quidem
906 2953 1230 3028 magniﬁce
1261 2959 1339 3014 de
1373 2962 1429 3014 te
1452 2956 2061 3029 sentias,vernmdic
2091 2973 2233 3016 cum
2265 2955 2500 3025 Davide
2532 2975 2546 3013 :
2581 2976 2611 3010 α
2634 2955 2781 3014 Haec
2809 2954 3072 3015 mutatio
3090 2954 3361 3016 dexterae
3395 2954 3733 3029 Excelsi“,n
3757 2978 3778 3018 a

614 3070 744 3133 quo
784 3059 1107 3129 promanat
1138 3053 1452 3133 quidquid
1485 3056 1561 3116 ab
1596 3055 1968 3116 hominibus
2005 3067 2173 3118 recte
2215 3063 2275 3117 et
2311 3075 2453 3118 cum
2496 3055 2683 3116 laude
2719 3054 2980 3132 geritur.
3009 3076 3037 3109 ι)
3186 3126 3189 3127 ν

692 3153 849 3226 Quis
900 3158 1110 3211 autem
1163 3154 1327 3215 inter
1380 3161 1467 3216 tot
1517 3156 1818 3234 pericula,
1871 3163 1961 3219 tot
2016 3158 2437 3219 tentationum
2495 3156 2706 3234 praelia
2763 3155 2983 3216 ﬁrmus
3015 3161 3073 3216 et
3104 3171 3369 3215 securus
3406 3156 3714 3233 gradietur,
3746 3156 3781 3214 si

614 3258 792 3319 solus
826 3264 1037 3318 contra
1075 3254 1287 3317 hostes
1325 3263 1444 3317 tam
1483 3255 1923 3319 formidandos
1963 3274 2245 3334 pugnare
2300 3259 2613 3333 cogatur?
2666 3257 2847 3316 Nunc
2880 3270 3028 3331 ergo
3068 3254 3554 3316 sollicitationes
3582 3255 3780 3325 mundi,

615 3358 929 3437 impulsus
963 3358 1223 3431 diaboli,
1256 3359 1468 3421 carnis
1503 3359 1924 3431 titillationes,
1963 3359 2604 3437 cupidinummstus,
2641 3362 2700 3417 et
2732 3354 3046 3433 quidquid
3081 3353 3363 3416 animum
3399 3376 3431 3419 a
3464 3358 3677 3419 virtute
3703 3358 3783 3418 de-

608 3459 808 3537 jicero
860 3466 1092 3538 potest,
1146 3477 1472 3538 superare,
1530 3461 1950 3535 comprimere
1998 3465 2059 3519 et
2091 3458 2503 3535 exstinguere
2532 3500 2549 3531 ,
2588 3455 2806 3519 nullus
2854 3471 3005 3516 sane
3046 3460 3248 3534 potest
3281 3456 3407 3518 nisi
3456 3474 3570 3538 Ope
3613 3458 3782 3520 divina

598 3560 910 3627 ,munitus
942 3566 1002 3621 et
1031 3560 1307 3636 adjutus,
1340 3565 1407 3619 ut
1436 3558 1779 3635 Gregorius
1808 3558 1988 3620 docet
2014 3560 2115 3638 (c):

1173 3680 1242 3734 'Si
1281 3681 1493 3739 tremis,
1523 3679 1647 3745 quia
1679 3676 1933 3749 stipulam
1972 3679 2199 3732 scintilla
2230 3680 2363 3735 levis
2387 3682 2660 3735 accendit:

1180 3750 1423 3804 Conﬁdo.
1453 3750 1677 3803 lnibere
1706 3749 1846 3802 cmlo
1869 3749 2205 3817 refrigerabit
2227 3751 2489 3819 ingentem
2517 3750 2807 3806 ﬂammam.

618 3868 866 3941 Quibus
899 3867 1182 3929 addenda
1220 3886 1360 3947 quae
1404 3868 1804 3944 Augustinus
1865 3866 1946 3943 (ιι)
2000 3887 2075 3929 ex
2118 3869 2445 3948 deperdito
2496 3886 2685 3947 Opere
2725 3869 3013 3946 Gregorii
3066 3868 3379 3947 decerpsu
3418 3883 3477 3929 et
3524 3864 3785 3945 protulit:

601 3994 652 4025 να
678 3970 905 4031 Anima
939 3984 1241 4047 namque,
1276 3987 1416 4031 cum
1459 3969 1520 4029 in
1563 3969 1895 4030 laboribus
1924 3968 2115 4031 fuerit
2148 3978 2207 4031 et
2242 3970 2303 4030 in
2342 3970 2685 4044 angustiis,
2718 3986 2858 4030 cum
2914 3968 3229 4030 hostiliter
3260 3977 3521 4047 urgetur
3549 3984 3579 4032 a
3617 3983 3788 4039 carne,

602 4081 773 4163 ‘tunc
802 4071 875 4132 ad
914 4072 1113 4132 Deum
1146 4070 1399 4149 refugit,
1434 4078 1491 4133 et
1525 4070 1855 4148 cognoscit
1890 4070 2056 4132 unde
2089 4070 2311 4131 debeat
2346 4070 2659 4132 auxilium
2709 4086 2993 4146 poscere.
3019 4091 3048 4127 »

699 4174 833 4233 Jam
869 4189 1018 4234 vero
1051 4181 1120 4236 ut
1152 4174 1271 4235 sibi
1309 4190 1653 4250 supernam
1691 4174 1985 4233 virtutem
2021 4170 2337 4242 conciliet,
2370 4170 2526 4249 quid
2561 4171 2938 4247 sapientius,
2973 4170 3126 4249 quid
3164 4168 3487 4230 salubrius
3529 4170 3790 4244 languens

627 4285 690 4338 et
725 4277 1043 4338 invalidus
1078 4275 1486 4351 excogitaret,
1524 4290 1711 4351 quam
1748 4280 1948 4349 totum
1983 4272 2215 4331 divinae
2269 4273 2485 4349 gratiae
2538 4288 2606 4330 se
2639 4270 3064 4344 committere,
3099 4270 3233 4331 suis
3263 4269 3592 4330 conatibus
3620 4264 3784 4327 nullo-

608 4348 813 4441 ‘modo
863 4348 1265 4439 subnixum?‘
1311 4375 1439 4435 Nec
1494 4348 1706 4434 minus
1762 4372 2155 4451 probandum
2208 4348 2293 4443 si,
2341 4371 2655 4451 quidquid
2707 4377 2940 4450 potest,
2995 4369 3304 4450 quidquid
3359 4371 3544 4444 valet,
3588 4366 3791 4432 Christo

606 4460 903 4539 ilibenter
933 4477 1147 4539 omnia
1180 4473 1506 4538 concedat.

1204 4599 1251 4665 ε)
1282 4597 1337 4651 1η
1367 4605 1439 4663 te,
1473 4596 1706 4660 Christe,
1735 4595 1854 4664 plus
1884 4595 2059 4650 habeo
2090 4595 2299 4650 ﬁducim
2321 4610 2479 4664 quam
2505 4595 2558 4649 in
2590 4596 2873 4650 conatibus
2899 4594 3094 4650 meis...

1204 4599 1251 4665 ε)
1282 4599 1337 4651 1η
1367 4605 1439 4663 te,
1473 4599 1706 4660 Christe,
1735 4599 1854 4664 plus
1884 4599 2059 4650 habeo
2090 4599 2299 4650 ﬁducim
2321 4610 2479 4664 quam
2505 4599 2558 4649 in
2590 4599 2791 4649 conatil

1181 4599 1247 4739 ξω
1280 4668 1351 4739 Ex
1383 4668 1545 4739 te,gin
1583 4676 1656 4733 te,
1690 4667 2087 4739 Beate,_rursus
2112 4667 2320 4739 intueor
2350 4666 2514 4739 robur
2550 4682 2791 4739 meum...

1182 4736 1259 4809 (ᾖ)
1282 4738 1393 4793 Rex
1423 4737 1659 4805 Christe,
1689 4748 1743 4791 tu
1770 4736 1901 4791 mihi
1934 4737 2129 4807 patria,
2156 4737 2341 4802 robur,
2368 4737 2587 4798 divitim,
2620 4738 2821 4790 omnia.

604 4860 701 4939 .Et
735 4863 971 4937 quanta
1004 4857 1084 4918 sit
1118 4856 1327 4933 gratias
1359 4854 1584 4928 virtus,
1639 4858 1873 4933 quanta
1923 4854 2061 4931 ejus
2094 4854 2156 4912 in
2189 4852 2375 4913 corde
2419 4853 2742 4913 movendo
2789 4851 3144 4923 eﬂicacitas,
3189 4854 3374 4914 nobis
3424 4849 3681 4931 graviter
3722 4844 3795 4903 in-

606 4960 851 5035 culcat,
883 4959 1035 5021 dum
1068 4955 1255 5016 toties
1282 4954 1520 5035 profert
1550 4952 2041 5031 miraculazquaa
2095 4952 2385 5013 Christus
2435 4951 2811 5030 corporibus
2861 4952 3162 5014 sanandis
3200 4953 3423 5027 edidit,
3458 4961 3526 5013 ut
3556 4950 3679 5029 ejus
3703 4959 3793 5022 p0-

607 5059 887 5135 ,tentiam
935 5058 1253 5120 illustrius
1298 5056 1715 5118 demonstret.
1757 5078 1786 5113 α
1858 5055 2075 5127 Iesum
2113 5052 2381 5125 videbis,
2442 5051 2654 5128 inquit
2685 5050 3188 5131 (h),angelorum
3229 5050 3582 5113 ministerio
3615 5046 3715 5117 uti,
3746 5053 3789 5101 εί

608 5142 880 5241 ξωοώος
914 5177 1137 5224 omnes
1167 5176 1237 5222 ac
1270 5158 1607 5235 lauguores
1641 5173 1887 5232 curare,
1922 5162 1981 5216 et
2022 5161 2308 5216 mortuos
2342 5153 2418 5215 ad
2454 5154 2643 5213 vitam
2677 5169 2999 5226 revocare,
3029 5152 3566 5232 quemadmodum
3592 5146 3791 5241 utinam

608 5239 687 5321 tte
719 5277 980 5339 quoque
1023 5260 1175 5322 ﬁdei
1212 5256 1516 5339 pravitate
1553 5262 1900 5319 mortuum.
1927 5279 1955 5313 »
1991 5258 2250 5317 Tantam
2285 5253 2517 5315 divinae
2568 5252 2787 5329 gratiae
2818 5252 3137 5327 ﬁduciam,
3174 5256 3407 5316 tantam
3448 5251 3524 5314 de
3554 5266 3659 5312 sua
3688 5239 3791 5306 elﬁ-

696 5396 742 5428 ⁸³
768 5396 911 5453 Psal.
956 5413 1139 5465 cxxvr,
1168 5398 1218 5453 1.
1261 5398 1304 5429 '”
1338 5398 1503 5455 Exod.
1579 5415 1759 5465 xxxiv,
1793 5399 1882 5453 20.
1960 5400 2004 5431 ⁸⁵
2032 5399 2169 5456 Psal.
2194 5414 2246 5455 Li

956 5413 1139 5465 cxxvr,
1168 5398 1218 5453 1.
1261 5398 1304 5429 '”
1338 5398 1503 5455 Exod.
1579 5415 1759 5465 xxxiv,
1793 5399 1882 5453 20.
1960 5400 2004 5431 ⁸⁵
2032 5399 2169 5456 Psal.
2194 5414 2375 5464 Lxxvr,
2402 5400 2478 5453 ll.

698 5534 772 5609 te.)
802 5532 895 5609 ρι’·
919 5534 1078 5609 ἔθνη·
1098 5534 1152 5609 8.-

2360 5538 2427 5609 (ε)
2463 5537 2641 5609 carm.
2660 5536 2746 5609 97.

699 5603 749 5670 (b
796 5600 888 5656 Or.
907 5603 994 5667 441,
1024 5620 1077 5658 ιι.
1110 5605 1159 5657 8.
2457 5606 2637 5661 Carm.
2662 5608 2716 5667 8,
2743 5620 2797 5659 ν.
2833 5613 3034 5676 penult.

704 5604 772 5747 (εἰ
792 5671 969 5747 Carm.
988 5675 1063 5747 al.
1086 5675 1139 5741 5,
1176 5690 1225 5727 v.
1253 5676 1340 5747 66,
1367 5676 1453 5730 67.
2360 5679 2435 5747 (g)
2474 5677 2651 5747 Carm.
2680 5676 2754 5730 De
2780 5678 2882 5747 reb.
2907 5678 3034 5743 suis,
3061 5674 3201 5730 circa
3233 5676 3404 5733 tinem.

707 5743 780 5813 (ά)
803 5743 962 5815 Aug,
988 5744 1021 5799 Ι.
1041 5760 1093 5799 ιι
1121 5756 1257 5800 cont.
1287 5746 1420 5815 Jul.,
1449 5765 1501 5801 η.
1540 5748 1589 5803 7.

1312 5747 1420 5815 'uI.,
1449 5765 1501 5801 η.
1540 5748 1589 5803 7.
2361 5743 2435 5819 (it)
2459 5745 2549 5804 0r.
2583 5746 2669 5814 58,
2704 5763 2753 5800 n.
2782 5745 2862 5800 16.
