3918 6510
92 368 176 426 ίὶθ
1027 353 1398 413 ΡΒᾹΞΡΑΤΙΟ
1434 349 1639 408 GENEI

1789 349 1847 404 S.
1887 378 1958 390 —
1993 344 2176 401 PARS
2214 343 2306 402 III.
3183 338 3294 394 150

89 489 310 551 recitato
353 483 728 564 Opinionem
801 481 862 538 et
907 472 1450 538 existimationem
1487 470 1568 531 ‘in
1631 473 1844 529 mente
1902 461 2148 535 habuit,
2192 465 2262 522 ut
2316 457 2594 522 carmine
2646 457 2736 517 De
2783 452 2967 516 rebus
3019 465 3152 514 suis
3218 469 3292 514 ea

93 593 288 651 virtute
324 554 452 666 qua
505 583 661 646 olim
701 578 994 641 Christus
1027 574 1288 637 morbos
1319 571 1596 650 depulit,
1629 568 1953 630 dtemones
1987 560 2372 633 exturbavit,
2407 566 2698 622 mortuos
2740 558 2819 621 ab
2849 556 3074 620 inferis
3119 554 3296 620 exci-

88 689 234 764 tavit,
267 658 464 750 simili
497 679 876 762 operatione
909 677 1036 738 vim
1069 675 1287 754 gratia)
1317 673 1388 734 in
1419 687 1603 734 suam
1635 667 1917 731 animam
1950 678 2214 726 exerere
2257 658 2711 724 ardentissime
2745 664 3028 739 exoptat.

1351 794 1430 863 (α)
1462 792 1677 847 Fortem
1701 799 1846 863 tuam
1880 800 2096 842 manum

613 870 784 932 Mitte,
836 877 891 922 et
933 869 1177 921 dolorum
1213 865 1292 921 fer
1339 853 1657 926 remedium,
1729 876 1793 916 ac
1828 860 1879 932 in
1916 872 2000 912 me
2032 854 2212 932 omnia
2281 853 2290 866 '

615 928 889 1001 Miracula,
924 949 976 991 et
1002 937 1365 1005 prodigiorum
1401 935 1677 1005 virtutem,
1710 942 1770 1005 ut
1797 930 1947 1005 olim,
1970 928 2215 980 ostende.

621 1012 734 1073 Dic,
767 1020 818 1062 et
845 1000 1126 1061 celerrime
1151 1000 1325 1059 ﬂuxus
1355 1003 1680 1073 sanguineus
1711 1000 1942 1073 desinat.

614 1064 734 1141 Dic,
757 1090 811 1132 et
839 1092 1122 1147 porcorqu
1161 1090 1389 1147 gregem
1416 1064 1485 1127 ἰιῖ
1497 1073 1730 1126 furorem
1757 1081 1880 1147 agat
1913 1064 2142 1137 legionis

618 1143 872 1217 Spiritus,
890 1157 945 1202 et
968 1149 1018 1199 in
1054 1143 1202 1200 mare
1230 1143 1409 1217 cadat,
1448 1151 1504 1197 et
1537 1158 1567 1196 a
1598 1158 1683 1197 me
1721 1143 1956 1217 recedat.

617 1214 844 1287 Lepram
882 1222 1086 1271 tristem
1125 1229 1358 1279 remove,
1393 1215 1567 1266 lumen
1604 1214 1824 1287 accedat

619 1282 806 1345 Oculis
837 1288 1017 1349 caecis,
1044 1294 1099 1339 et
1134 1301 1294 1339 aures
1325 1299 1515 1338 sonum
1546 1282 1785 1334 audiant.

616 1358 840 1412 Aridam
859 1372 1076 1412 manum
1109 1370 1283 1409 meam
1311 1355 1560 1407 extende.
1585 1350 1812 1423 Vincula
1842 1349 2036 1423 lingua:

620 1428 851 1498 Rumpe,
889 1437 943 1481 et
965 1427 1153 1494 pedum
1181 1429 1610 1498 lirtnaﬂgressum
1646 1421 1897 1475 debilem.

619 1500 696 1552 Ex
729 1494 941 1551 modico
973 1509 1107 1564 pane
1137 1495 1292 1549 satia.
1331 1494 1524 1564 Sterne
1552 1506 1700 1544 mare

617 1568 922 1639 Terribile,
939 1563 1282 1639 splendidius
1308 1563 1427 1639 sole
1457 1576 1709 1617 corusca.

617 1640 745 1708 Fige
771 1630 1007 1708 membra
1037 1633 1486 1708 ingravescentia,
1512 1641 1564 1685 et
1596 1630 1924 1708 ex_mortuis

619 1700 833 1762 Rursus
862 1707 1059 1760 suscita
1091 1706 1403 1768 fauentem;
1434 1715 1533 1755 nec
1557 1717 1643 1753 me
1673 1700 2090 1764 inlructuoSum,

620 1780 911 1848 Postquam
938 1776 1102 1830 veluti
1129 1777 1289 1830 ticum
1323 1773 1541 1836 videris,
1565 1770 1856 1825 arefacias.

94 1908 254 1988 Igitur
283 1903 596 1966 miracula
627 1913 772 1980 qua)
813 1894 1102 1956 Christus
1139 1891 1339 1954 edidit
1372 1887 1756 1967 corporibus
1794 1892 2131 1948 sanitatem
2170 1883 2596 1960 restituendo,
2672 1888 2930 1950 nonnisi
2984 1891 3211 1952 umbra
3249 1892 3311 1951 e';

95 1985 271 2090 ﬁgurae
295 2002 761 2069 miraculorum
797 2015 938 2079 quae
970 1993 1259 2076 quotidie
1292 1999 1621 2072 operatur,
1669 1989 1819 2050 dum
1857 1986 2153 2049 homines
2193 1985 2270 2048 ad
2306 1985 2576 2048 salutem
2614 1985 2902 2062 reducit;
2937 2005 3053 2052 nec
3086 1989 3312 2050 minori

95 2117 291 2176 virtute
321 2127 395 2172 ac
428 2104 713 2188 potentia
745 2104 808 2164 in
853 2102 1095 2163 animas
1131 2099 1275 2177 'agit
1307 2114 1504 2176 quam
1541 2096 1608 2156 in
1655 2109 1917 2171 corpora
1947 2136 1962 2165 ,
2009 2092 2306 2184 quinimo
2348 2090 2612 2169 majori,
2667 2110 2811 2154 cum
2860 2098 2920 2155 et
2970 2096 3315 2157 voluntatis

96 2207 551 2289 repugnantiam
587 2200 971 2279 compellere
1002 2215 1270 2260 necesse
1302 2196 1410 2272 sit,
1445 2201 1507 2256 et
1547 2193 1687 2273 ejus
1718 2192 2075 2255 libertatem
2115 2178 2514 2271 permulcere
2548 2211 2619 2255 ac
2651 2200 2913 2256 tractare
2937 2239 2954 2270 ,
2992 2203 3059 2258 ut
3093 2214 3317 2276 pravos

95 2314 270 2376 cordis
299 2311 572 2374 affectus
598 2323 724 2368 non
755 2303 1067 2383 cogendo,
1105 2303 1217 2364 sed
1251 2301 1409 2364 mira
1443 2299 1755 2362 suavitate
1800 2299 2226 2370 immutando,
2265 2297 2549 2361 animum
2579 2297 2659 2360 ad
2689 2316 2758 2362 se
2787 2300 3121 2365 efﬁcaciter
3158 2321 3315 2366 con-

97 2424 285 2480 vertat.

156 2521 210 2582 Si
261 2516 490 2597 gratia)
525 2511 970 2576 necessitatem
1025 2517 1087 2571 et
1130 2509 1256 2570 vim
1291 2506 1484 2570 tantis
1513 2493 1757 2568 attollat
1791 2503 2416 2583 studiis,'fequaliter
2459 2503 2875 2567 saluberrima
2907 2521 3050 2584 quae
3089 2504 3320 2566 exinde

96 2623 360 2684 oriantur
394 2615 654 2696 pietatis
705 2610 943 2674 monita
994 2610 1263 2689 prodere
1302 2608 1428 2687 ipsi
1463 2623 1616 2669 cura
1663 2610 1785 2681 est,
1834 2610 1905 2666 ut
1945 2605 2035 2667 sic
2089 2605 2342 2666 sincera
2389 2604 2550 2682 grati
2599 2606 2794 2667 animi
2852 2609 3210 2671 reverentia
3250 2624 3322 2668 ac

101 2726 276 2786 cordis
314 2719 684 2785 humilitate
727 2717 991 2794 gratiam
1025 2714 1102 2776 ad
1140 2730 1257 2774 nos
1308 2711 1753 2792 pelliciamus,
1819 2715 1879 2771 et
1923 2707 2181 2772 assidua
2231 2709 2519 2772 oratione
2561 2725 2941 2787 summaque
2991 2703 3322 2787 vigilantia

99 2843 207 2886 eam
236 2825 301 2884 in
337 2820 531 2882 nobis
569 2818 900 2878 fuveamus
939 2821 1000 2875 et
1029 2814 1482 2890 adaugeamus.

529 2961 603 3043 (ρ)
631 2961 880 3043 Gradior,
901 2975 1016 3043 Inoa
1041 2962 1158 3016 sine
1187 2963 1390 3043 praemii
1419 2962 1698 3043 sitm-inter
1735 2960 2062 3043 currendum
2094 2959 2336 3043 membra
2368 2961 2716 3043 protendens,

521 3030 796 3104 Christum
830 3030 1030 3104 habens
1059 3047 1152 3096 pro
1188 3033 1393 3104 alliam,
1424 3030 1697 3087 Christum
1722 3050 1819 3104 pro
1845 3032 2058 3097 robore,
2086 3047 2184 3101 pro
2208 3031 2399 3100 opibus
2422 3030 2806 3101 amplissimis:

533 3106 636 3184 Qni
675 3103 800 3182 milii
825 3111 880 3155 et
914 3105 1255 3184 perspicaces
1281 3103 1484 3184 oculos,
1518 3113 1573 3157 et
1600 3103 1888 3184 prosperos
1912 3119 2102 3159 cursus
2124 3111 2364 3173 prmstat.

535 3173 668 3228 Sine
707 3174 824 3240 ipso
855 3187 1042 3224 omnes
1071 3187 1207 3225 vana
1243 3173 1472 3228 ludibria
1504 3182 1629 3228 sunt
1659 3175 1938 3239 mortales,

533 3245 600 3298 Et
639 3242 832 3296 mortui
866 3243 1122 3305 \in'HlCS,
1164 3242 1332 3296 faetidi
1378 3244 1611 3312 peccatis

539 3315 724 3381 Neque
755 3313 896 3365 enim
921 3313 1037 3365 sine
1065 3327 1188 3366 aere
1210 3314 1388 3366 vidisti
1421 3313 1687 3367 volantem
1716 3328 1902 3376 avem;

539 3385 726 3459 ljleque
754 3383 870 3459 sine
906 3398 1053 3459 aqua.
1082 3384 1246 3435 maris
1275 3399 1465 3459 cursor
1506 3385 1709 3459 natavit
1731 3383 2035 3459 delphinus.

540 3452 755 3508 Sic’ncc
780 3452 900 3504 sine
927 3453 1146 3506 Christo
1181 3454 1426 3507 mortalis
1454 3455 1642 3522 pedem
1672 3453 1888 3507 attollit.

536 3524 898 3591 Quamobrem
929 3538 994 3574 ne
1017 3523 1240 3576 nimium
1270 3523 1537 3592 glorieris,
1567 3538 1665 3576 nec
1695 3532 1798 3577 tua:

543 3594 758 3648 Viribus
784 3595 977 3646 mentis
1005 3594 1261 3655 conlidas,
1286 3594 1386 3648 etsi
1420 3608 1742 3663 magnopere
1774 3607 1989 3661 sapiens
2018 3592 2219 3646 fueris:

537 3665 721 3733 Neque
743 3663 976 3731 aliquem
999 3663 1187 3718 videns
1217 3663 1586 3731 abjectiorem,
1620 3667 1671 3716 in
1699 3664 1864 3716 altum
1899 3664 2186 3727 attollaris,

543 3737 710 3806 Quasi
743 3733 992 3788 omnibus
1021 3734 1266 3802 Superior
1298 3735 1393 3799 sis,
1425 3745 1478 3788 et
1510 3735 1575 3786 ad
1606 3742 1805 3788 metam
1840 3735 2061 3804 propius
2085 3733 2335 3788 accedas.

165 3867 297 3927 Haec
333 3857 558 3941 procul
595 3854 796 3916 dubio
828 3848 980 3912 satis
1026 3849 1330 3912 evincunt
1365 3851 1617 3938 Graecos
1666 3850 1910 3921 Patres,
1947 3858 2007 3913 et
2045 3849 2322 3913 maxime
2353 3849 2730 3929 Gregorium
2754 3894 2772 3926 ,
2825 3850 2904 3914 de
2954 3849 3152 3930 gratia
3205 3859 3330 3913 tam

110 3968 254 4028 docte
302 3971 367 4026 et
398 3959 768 4023 luculenter
801 3972 992 4036 quam
1043 3955 1302 4018 Latinos
1343 3954 1685 4030 disserere,
1724 3971 1844 4017 nec
1881 3954 2098 4016 minus
2128 3955 2357 4034 ipsam
2408 3954 2747 4033 praedicare
2780 3961 2848 4019 et.
2884 3956 3332 4023 commendare

111 4067 384 4130 sollicitos
415 4060 653 4123 fuisse.

1568 4135 1656 4195 De
1708 4133 1848 4213 ﬁde.

169 4252 267 4312 Per
298 4246 496 4308 ﬁdem
533 4241 633 4303 via
665 4239 888 4302 salutis
920 4237 1300 4317 capescitur,
1342 4234 1656 4312 salusque
1695 4240 2124 4312 comparatur.
2175 4237 2522 4296 Doctorum
2561 4234 2800 4313 pariter
2831 4240 2892 4297 et
2925 4235 3332 4297 indoctorum

114 4351 402 4420 esiﬁdes;
465 4341 605 4420 «(σ)
655 4341 808 4401 Nam
846 4339 900 4400 si
941 4337 1004 4398 in
1050 4336 1338 4400 eruditos
1393 4341 1638 4397 tantum
1691 4335 1865 4396 viros
1917 4335 2169 4397 caderet
2217 4335 2416 4408 ﬁdes,
2484 4334 2643 4393 nihil
2702 4336 2834 4395 Deo
2889 4337 3104 4398 minus
3151 4337 3334 4398 dives

113 4451 273 4513 foret:
316 4472 347 4505 ι
411 4446 482 4499 Εἰ
503 4444 548 4497 δ’
572 4442 651 4504 εἰς
675 4440 870 4507 σοφοὺς
900 4437 1125 4491 ἔπιπτεν
1151 4438 1183 4508 ἡ
1207 4436 1387 4500 πίστις
1423 4435 1604 4507 μόνον,
1635 4433 1660 4486 ε

1797 4438 1926 4508 παρ’
1962 4439 2094 4508 ἡμῖν
2129 4436 2279 4492 οὐδὲν
2300 4430 2368 4507 ἦν
2401 4435 2742 4505 πενέστερον.
2790 4438 3158 4499 Sermonem
3193 4438 3337 4498 sim.

115 4561 259 4636 plicis
291 4554 450 4620 ﬁdei
482 4551 773 4614 sufﬁcere
804 4547 988 4610 docet
1016 4546 1365 4626 Gregorius
1404 4566 1420 4607 :
1450 4544 1618 4613 Λόγος
1653 4565 1662 4578 ε

1791 4543 1951 4616 ἀρκεῖ
1985 4546 2078 4598 καὶ
2126 4545 2289 4615 ψιλῆς
2324 4543 2424 4614 τῆς
2469 4541 2720 4608 πίστεως,
2757 4541 2874 4613 μεθ’
2907 4539 2974 4615 ἦς
3017 4543 3254 4614 ἀτέχνως
3274 4543 3337 4596 τὸ

115 4665 238 4720 πλέον
268 4662 442 4731 σώζει
485 4656 646 4722 θεός;
701 4677 730 4709 α
757 4651 841 4734 (d)
876 4655 1028 4716 Nam
1063 4668 1273 4715 sermo
1302 4652 1613 4732 simplicis
1646 4655 1662 4714 ί

1788 4706 1790 4712 .
1825 4649 2094 4717 sufﬁcit,
2137 4666 2280 4710 cum
2333 4664 2456 4726 qua
2497 4664 2638 4724 pars
2680 4647 3012 4706 hominum
3066 4643 3335 4705 maxima

116 4763 350 4824 salutem
399 4764 753 4838 comparat.
788 4779 816 4812 n
872 4752 1178 4831 Mysteria
1229 4757 1472 4822 autem,
1533 4750 1809 4812 maxime
1851 4764 1999 4809 vero
2052 4745 2409 4816 Trinitatis,
2466 4743 2719 4820 penitus
2768 4759 3152 4820 cognoscere
3205 4757 3336 4802 non

116 4865 630 4943 presumendum,
664 4869 725 4922 et
765 4855 1147 4938 perscrutari
1184 4851 1387 4916 nefas.
1453 4854 1598 4915 «Ne
1623 4853 1824 4914 Patris
1875 4857 2164 4913 naturam
2211 4847 2536 4926 inquiras,
2582 4845 2798 4922 inquit
2848 4841 2946 4925 (ε),
3005 4842 3338 4920 Unigeniti

116 4980 318 5044 ortum,
353 4969 638 5049 Spiritus
669 4964 872 5028 sancti
901 4963 1165 5042 gloriam
1202 4967 1265 5022 et
1297 4957 1692 5038 potentiam;
1729 4974 1946 5029 unam,
1983 4956 2274 5034 inquam,
2309 4959 2370 5014 et
2405 4949 2687 5013 eamdem
2723 4950 2787 5011 in
2811 4947 3018 5010 tribus
3046 4945 3338 5026 personis

116 5077 384 5140 deitatem
421 5084 482 5138 et
506 5072 886 5144 claritatem,
925 5065 1328 5131 individuam
1388 5067 1563 5128 illam
1598 5069 1912 5135 naturam,
1960 5078 2031 5122 ac
2061 5059 2563 5133 confessionem,
2597 5065 2656 5119 et
2699 5057 2990 5136 gloriam,
3025 5071 3338 5135 spemque

117 5178 419 5242 hominum
474 5178 596 5239 ﬁde
653 5173 1087 5255 prmditorum.
1139 5171 1348 5234 Verba
1394 5171 1545 5245 illa,
1602 5168 1840 5249 quibus
1886 5165 2075 5238 simul
2130 5180 2274 5225 cum
2326 5163 2482 5223 lacte
2525 5162 2813 5223 imbutus
2856 5178 2962 5232 es,
3015 5156 3338 5220 mordicus

119 5286 286 5347 retine
321 5305 338 5344 :
373 5281 700 5345 sermonis
731 5286 943 5341 autem
975 5283 1039 5340 et
1071 5275 1532 5356 diSputationis
1572 5290 1787 5337 curam
1840 5269 2310 5334 eruditioribus
2350 5267 2601 5329 manda.
2657 5267 2819 5329 Satis
2865 5279 3188 5343 superque
3219 5259 3334 5322 tibi

121 5395 197 5447 est
222 5388 706 5451 fundamentum
743 5382 977 5443 habere
1015 5377 1896 5456 :superstruatarchitectus.
1926 5396 1954 5430 ι
2002 5373 2142 5433 Non
2187 5369 2471 5448 cujusvis
2518 5387 2657 5430 esse
2702 5370 2790 5430 ait
2834 5369 2913 5430 de
2961 5367 3094 5429 Deo
3125 5365 3334 5426 disse-

123 5503 274 5563 rere;
303 5491 415 5552 sed
443 5488 548 5550 his
575 5487 883 5547 duntaxat
915 5481 1036 5544 hoc
1061 5480 1346 5543 muneris
1379 5477 1717 5551 incumbit,
1752 5476 1866 5557 qui
1900 5471 2309 5536 exactissime
2343 5481 2496 5533 sunt
2521 5470 2853 5550 explorati.
2894 5491 2922 5524 α
2947 5468 3086 5530 Non
3123 5469 3340 5546 cujus-

124 5587 200 5648 vis
224 5599 332 5662 est,
365 5590 578 5668 inquit
629 5587 703 5667 (f)
735 5586 814 5647 de
850 5585 983 5646 Deo
1023 5582 1366 5659 disserere,
1395 5597 1551 5655 non,
1583 5579 1873 5659 inquam,
1909 5573 2304 5654 cujusvis....
2348 5572 2589 5634 Addam
2631 5571 2820 5635 etiam
2872 5585 3002 5633 non
3051 5567 3340 5648 cujusvis

178 5711 244 5778 (ei)
262 5714 433 5770 Carm.
465 5713 546 5768 De
583 5713 689 5767 reb.
713 5714 846 5778 suis,
892 5712 1036 5767 circa
1069 5710 1248 5768 finem.

734 5714 846 5778 mis,
892 5712 1036 5767 circa
1069 5710 1248 5768 finem.
1838 5703 1916 5778 (ά)
1939 5703 2036 5778 1b"
2053 5700 2281 5778 34228:

198 5771 243 5850 ιδ
271 5784 443 5842 Carm.
473 5783 565 5848 59,
604 5800 655 5837 v.
684 5783 753 5837 98
783 5771 844 5838 et'
860 5798 1010 5850 seqq.
1838 5771 1909 5850 (ej
1930 5771 2143 5850 52,
2175 5771 2346 5850 n._2L

178 5780 243 5923 ξι)
271 5784 443 5842 Carm.
473 5783 565 5848 59,
604 5800 655 5837 v.
684 5783 753 5837 98
783 5793 835 5838 et
860 5798 1010 5850 seqq.

201 5853 241 5924 ε)
265 5856 436 5914 Carm.
472 5854 548 5912 De
576 5856 680 5912 vita
703 5870 822 5923 sua,
854 5869 905 5908 v.
929 5853 1083 5908 1250.

800 5793 835 5838 ξι
860 5798 1010 5850 seqq.
1861 5780 1909 5841 ε)
1930 5780 2023 5828 Ur.
2052 5780 2143 5836 52,
2175 5787 2230 5828 n.
2258 5780 2346 5826 2!.

807 5894 822 5923 ,
854 5869 905 5908 v.
929 5853 1083 5908 1250.
1928 5845 2020 5902 0r.
2039 5842 2130 5912 27,
2163 5857 2219 5896 n.
2242 5840 2298 5895 5.
2340 5907 2347 5916 ⁸
