3926 6410
563 244 656 301 131
965 308 967 311 ι
1543 239 1912 294 ΡΒΑΞΡΑΤΙΟ
1953 236 2113 296 GENI

2217 237 2365 293 tLlS.
2410 268 2478 283 --
2513 239 2695 295 PARS
2735 240 2819 300 Ill.
3683 250 3767 308 139

565 370 896 450 temporis,
949 387 1067 434 nec
1115 367 1281 447 apud
1339 365 1631 444 quosvis.
1679 380 1797 426 nec
1835 364 1914 425 de
1956 361 2324 441 quibusvis,
2355 363 2468 424 sed
2502 369 2674 426 certo
2711 369 2994 442 tempore
3027 366 3089 424 et
3123 363 3289 441 apud
3340 369 3547 427 certos
3591 366 3769 431 homi-

565 489 781 536 nes....
815 476 952 536 Non
971 471 1615 553 cujuslibetquidem,
1647 467 1949 547 quoniam
1975 467 2072 528 his
2091 466 2396 529 duntaxat
2425 467 2545 532 hoc
2567 468 2850 530 muneris
2894 468 3229 539 incumbit,
3261 468 3371 547 qui
3405 469 3768 536 exactissime

563 575 1079 653 explorati-sunt,
1117 594 1187 637 ac
1219 575 1712 653 contemplando
1746 573 1935 652 longe
1972 582 2447 652 processerunt,
2483 574 2790 653 priusque
2825 571 3013 634 etiam
3060 579 3118 633 et
3155 588 3404 651 corpus,
3439 581 3499 635 et
3527 576 3767 640 animam

564 695 599 737 a
627 677 928 742 vitiorum
964 677 1264 740 sordibus
1302 681 1693 756 purgarunt;
1736 680 1869 748 aut,
1903 682 1973 735 ut
2007 671 2384 752 parcissime
2414 671 2663 749 loquar,
2692 669 2818 748 jam
2851 668 2972 730 hoc
2999 673 3218 748 agunt,
3245 676 3401 732 utse
3437 690 3470 733 a
3503 674 3765 736 vitiorum

566 776 706 839 labe
745 782 1046 856 purgent.
1076 822 1092 838 .
1115 824 1131 838 .
1161 819 1175 834 .
1207 775 1478 848 Quando
1503 775 1763 836 autem?
1796 778 1930 833 tum
1972 771 2308 843 videlicet,
2348 788 2491 832 cum
2522 769 2599 830 ab
2634 774 2898 831 externo
2935 768 3070 829 luto
3103 779 3164 831 et
3199 770 3476 832 tumultu
3522 776 3765 852 quietem

568 877 844 956 agimus,
908 892 1022 936 nec
1069 876 1368 952 princeps
1424 874 1628 935 nostri
1676 889 1820 951 pars
1872 872 2187 951 improbis
2239 872 2546 950 vagisque
2592 869 2955 932 simulacris
3003 868 3567 934 confunditur....
3615 878 3766 955 Apud

569 991 734 1054 quos
768 975 1002 1051 porro?
1032 974 1269 1050 Nempe
1301 973 1469 1050 apud
1508 989 1645 1043 eos,
1677 971 1785 1049 qui
1821 987 1951 1031 rem
1987 968 2360 1048 hujusmodi
2393 968 2682 1030 studiose
2713 986 2782 1030 ac
2827 969 2999 1031 serio
3033 967 3532 1044 amplectuntur,
3567 975 3767 1053 quique

569 1092 699 1137 non
740 1081 804 1135 ut
843 1074 1168 1152 quidpiam
1217 1073 1417 1143 aliud,
1470 1075 1564 1134 sic
1592 1073 1711 1134 hoc
1741 1087 2000 1151 quoque
2044 1070 2264 1148 inepta
2320 1067 2677 1146 nugacitate
2747 1076 3249 1147 prosequuntur,
3315 1077 3453 1146 post
3495 1072 3766 1139 circenses

575 1174 759 1235 ludos
804 1180 865 1234 et
895 1175 1275 1250 spectacula,
1312 1179 1451 1252 post
1483 1173 1837 1240 cautiones,
1890 1177 2025 1246 post
2058 1171 2342 1248 denique
2378 1177 2588 1248 ‘quam
2635 1169 2839 1230 ventri
2873 1176 2933 1231 et
2967 1169 3044 1230 iis
3088 1187 3230 1249 qum
3262 1176 3410 1230 sunt
3444 1172 3560 1232 sub
3591 1186 3767 1240 ventre

568 1273 978 1335 indulserint.
1034 1273 1156 1345 Qui
1195 1261 1458 1351 quidem
1496 1274 1575 1332 ita
1612 1273 1858 1350 perdite
1889 1272 2098 1334 aﬁ‘ecti
2141 1278 2312 1344 sunt,
2346 1281 2415 1331 ut
2450 1271 2568 1332 hoc
2599 1288 2860 1350 quoque
2897 1272 2959 1331 in
2997 1271 3601 1334 oblectamentorum
3628 1287 3765 1353 parte

573 1384 940 1449 numerent,
977 1377 1285 1438 nimirum
1319 1374 1398 1436 de
1434 1373 1675 1434 divinis
1715 1373 1907 1433 rebus
1958 1370 2212 1448 nugari,
2244 1379 2435 1450 atque
2476 1378 2691 1448 arguta
2745 1370 3179 1448 disputatione
3228 1377 3608 1436 concertare.
3660 1378 3766 1438 Jam

571 1479 651 1540 de
687 1477 1428 1555 quibus,'et‘quousque
1457 1471 1959 1550 disputandum?
1988 1473 2080 1532 De
2130 1469 2227 1531 his
2250 1470 2483 1542 solum,
2525 1469 2923 1550 qumingenii
2971 1469 3172 1530 nostri
3221 1469 3571 1545 modulum,
3617 1482 3768 1554 atque

576 1575 890 1637 auditoris
950 1582 1206 1650 captum
1261 1589 1389 1634 non
1449 1570 1929 1634 excedunt....
1987 1573 2064 1655 (α)
2118 1574 2340 1652 Neque
2388 1589 2538 1635 vero
2591 1571 2722 1632 hinc
2765 1570 3105 1648 quisquam
3157 1569 3573 1648 ita-accipiat,
3621 1577 3769 1653 quasi

575 1678 781 1736 Deum
836 1683 1140 1751 perpetua
1174 1672 1479 1734 memoria
1512 1671 1852 1732 colendum
1886 1688 2028 1733 esse
2067 1687 2362 1749 negem..
2387 1718 2404 1736 .
2428 1718 2443 1734 .
2479 1673 2609 1734 Nec
2648 1671 2817 1734 enim
2866 1677 2988 1732 tam
3025 1687 3190 1748 saepe
3228 1670 3521 1748 spiritum
3555 1671 3768 1748 ducere,

574 1793 765 1866 quam
798 1776 911 1838 Dei
949 1775 1319 1837 meminisse
1367 1773 1718 1845 debemus;
1772 1771 1925 1840 imo,
1984 1772 2034 1832 si
2070 1772 2194 1834 dici
2236 1780 2473 1852 petest,
2508 1773 2681 1835 aliud
2723 1771 2880 1833 nihil
2918 1788 3110 1849 quam
3142 1769 3265 1831 hoc
3295 1769 3769 1835 faciendum....

574 1879 906 1950 Quocirca,
949 1895 1027 1938 ne
1064 1876 1210 1956 quis
1242 1882 1555 1955 perpetuo
1587 1874 1789 1934 Deum
1827 1872 2128 1933 memoria
2162 1878 2394 1944 teneat,
2427 1871 2595 1936 haud
2622 1879 2787 1946 veto,
2821 1870 2929 1934 sed
2959 1888 3040 1933 ne
3073 1870 3150 1932 de
3182 1872 3314 1933 Deo
3343 1870 3650 1950 disputet;
3673 1872 3771 1934 imo

582 1994 697 2042 nec
739 1977 859 2038 hoc
891 1975 1222 2054 prohibeo,
1257 1974 1320 2034 id
1355 1975 1524 2035 enim
1565 1972 1742 2051 pium
1781 1985 1900 2049 est,
1937 1975 2046 2035 sed
2081 1993 2161 2036 ne
2193 1975 2668 2054 intempestive.
2698 1995 2727 2030 ι

657 2076 835 2151 Quod
871 2083 1078 2138 autem
1120 2075 1397 2137 maxime
1425 2073 1718 2152 prohibet
1757 2076 2106 2155 Gregorius
2141 2077 2298 2139 illud
2333 2085 2466 2152 est,
2511 2094 2590 2138 ne
2627 2077 2706 2138 de
2747 2074 3067 2154 mysteriis
3110 2072 3345 2134 nostris
3394 2073 3765 2138 immoderato

577 2179 834 2240 dicenui
870 2178 962 2238 vel
997 2175 1316 2238 scribendi
1352 2175 1568 2236 studio
1605 2175 2027 2238 irreverenter
2063 2177 2496 2257 disputemus.
2568 2177 2702 2259 «(ὸ)
2761 2175 2924 2238 lllud
2965 2175 3187 2237 saltem
3232 2174 3401 2234 inter
3431 2191 3544 2235 nos
3581 2191 3774 2238 conve-

575 2278 729 2352 niat,
781 2284 848 2340 ut
890 2277 1153 2354 mystica
1211 2275 1505 2356 mystice,
1555 2283 1614 2336 et
1659 2283 1876 2339 sancta
1921 2285 2133 2340 sancte
2181 2280 2663 2359 proloquamur,
2716 2295 2832 2340 nec
2863 2278 2930 2339 in
2967 2277 3257 2355 profanas
3296 2295 3526 2354 aures,
3573 2297 3697 2357 qum
3728 2280 3774 2342 in

578 2381 815 2459 vulgus
852 2377 1064 2440 efferri
1100 2375 1276 2439 nefas
1309 2384 1427 2448 est,
1464 2377 1916 2454 projiciamus;
1950 2395 2066 2439 nec
2115 2378 2429 2456 patiamur
2461 2377 2899 2455 religiosiOres
2933 2395 3124 2456 quam
3160 2397 3276 2442 nos
3305 2379 3507 2445 videri
3544 2400 3664 2456 eos,
3691 2382 3777 2461 qui

581 2492 909 2546 daemones
937 2481 1201 2541 adorant
1235 2489 1298 2542 et
1328 2477 1611 2554 turpium
1648 2477 2008 2539 fabularum
2040 2494 2110 2539 ac
2145 2495 2356 2540 rerum
2405 2478 2648 2540 cultum
2695 2477 3091 2554 proﬁtentur.
3117 2501 3144 2533 υ

1624 2583 1710 2642 De
1740 2582 1996 2642 lectione
2032 2581 2339 2642 librorum
2390 2582 2796 2645 ethnicorum.

647 2675 890 2748 Juveni
922 2683 1327 2745 ethnicorum
1362 2680 1674 2743 librorum
1714 2680 1973 2742 lectioni
2012 2679 2411 2741 incumbenti
2455 2682 2585 2743 haec
2617 2680 2881 2743 consilia
2921 2681 3025 2742 dat
3065 2681 3420 2759 Gregorius
3455 2705 3470 2745 ;
3506 2688 3624 2764 «(ο)
3657 2686 3776 2747 Dili-

586 2791 811 2866 genter
843 2786 1105 2865 Optimis
1143 2784 1503 2860 disciplinis
1555 2782 1881 2854 incumbe,
1931 2788 1990 2842 et
2043 2781 2106 2842 in
2163 2780 2345 2841 libris
2404 2789 2768 2858 poetarum,
2813 2780 3264 2848 historicorum
3321 2791 3776 2861 commentariis.

580 2890 821 2952 ﬂuente
853 2895 1174 2950 oratorum
1213 2883 1552 2956 facundia,
1606 2879 1955 2943 subtilibus
2008 2877 2538 2956 philosophorum
2589 2877 3120 2942 meditationibus
3171 2887 3366 2945 temet
3419 2905 3665 2961 exerce;
3711 2891 3778 2950 sic

580 2999 818 3061 tamen,
873 2995 941 3048 ut
989 2988 1334 3065 prudenter
1382 2988 1447 3049 in
1502 2987 1807 3049 omnibus
1847 2984 2023 3046 hisce
2076 2982 2378 3046 verseris.
2421 2982 2632 3042 Debes
2678 2981 2847 3042 enim
2893 2982 3213 3059 sapienter
3257 3004 3332 3048 ex
3389 2989 3482 3050 eis
3532 2989 3779 3067 colligere

587 3106 994 3168 quaecunque
1029 3099 1176 3150 sunt
1212 3089 1388 3151 utilia
1418 3113 1434 3164 ;
1464 3097 1811 3169 contraque
1851 3086 2070 3149 solerti
2097 3085 2349 3163 judicio
2389 3087 2585 3147 vitare
2619 3086 2937 3165 quidquid
2977 3088 3038 3147 in
3090 3089 3364 3168 singulis
3416 3100 3508 3154 est
3539 3096 3776 3175 noxium,

579 3191 870 3269 adeoque
894 3189 1306 3266 apis’argutte
1339 3189 1722 3251 industriam
1759 3188 2022 3248 imitari.
2068 3188 2220 3248 Nam
2253 3204 2322 3248 ea
2353 3187 2754 3266 quibuslibet
2791 3189 3051 3248 ﬁoribus
3086 3190 3365 3254 insidere
3391 3211 3530 3256 cum
3561 3212 3779 3258 consue-

579 3290 766 3360 verit,
805 3289 884 3350 de
916 3288 1196 3366 singulis
1231 3289 1410 3350 utilia
1451 3294 1693 3350 tantum
1733 3286 2054 3363 decerpit,
2109 3285 2416 3362 singulari
2460 3286 2733 3364 quadam
2776 3288 3085 3365 sapientia
3127 3298 3417 3354 naturam
3461 3295 3644 3374 ipsam
3685 3315 3779 3358 ma-

579 3391 836 3468 gistram
878 3395 1119 3450 ‘secuta.
1154 3388 1248 3447 Tu
1286 3403 1437 3449 vero
1471 3387 1786 3450 rationem
1837 3385 2274 3464 sequensalia
2310 3381 2570 3461 quidem
2609 3384 2870 3462 largiter
2910 3385 3203 3466 decerpe,
3251 3391 3303 3451 si
3344 3411 3489 3472 quae
3527 3397 3778 3475 prodesse

580 3501 851 3573 possunt
889 3515 904 3554 :
939 3510 992 3553 ει
1041 3497 1251 3554 autem
1302 3487 1547 3566 aliquid
1598 3484 1915 3564 ejusmodi
1965 3483 2152 3544 situt
2204 3482 2659 3545 detrimentum
2701 3485 2963 3559 afferat,
3028 3490 3319 3553 celeriter
3383 3495 3680 3559 intellecta
3713 3499 3779 3559 rei

580 3604 887 3681 pravitate
916 3601 1118 3664 avola.
1165 3599 1417 3676 Quippe
1461 3611 1641 3658 mens
1674 3592 2056 3655 hominibus
2091 3590 2233 3651 data
2283 3596 2377 3651 est
2423 3590 2562 3668 ejus
2609 3589 2980 3663 celeritatis,
3027 3597 3094 3653 ut
3136 3595 3440 3660 velociter
3485 3582 3776 3664 admodum

581 3707 837 3767 avolare
877 3702 1097 3780 possit.
1134 3701 1533 3776 Quapmpter
1563 3692 1880 3774 quidquid
1919 3692 1996 3754 ab
2041 3691 2123 3752 iis
2160 3690 2580 3770 perscriptum
2618 3697 2735 3764 est,
2770 3692 2866 3754 vel
2903 3694 2978 3755 ad
3025 3697 3282 3759 virtutis
3341 3701 3589 3765 laudem
3631 3711 3779 3781 atque

582 3805 1119 3884 prmdicationem,
1156 3802 1250 3864 vel
1286 3820 1319 3860 e
1352 3800 1605 3861 diverso
1650 3796 1726 3857 ad
1765 3795 2070 3856 vitiorum
2117 3794 2732 3873 reprehensionem;
2782 3814 2855 3858 ea
2905 3805 2972 3859 tu
3021 3802 3209 3864 velim
3266 3797 3570 3884 singulari
3609 3807 3780 3867 studio

581 3921 950 3984 c0gnoscas,
987 3923 1057 3965 ac
1084 3911 1214 3965 tum
1244 3907 1519 3967 mentem
1551 3914 1611 3967 et
1641 3913 1898 3966 s'ensum
1933 3920 2154 3966 eorum
2190 3903 2492 3977 retineas,
2517 3909 2650 3966 tum
2674 3903 2981 3968 dictionis
3008 3903 3416 3983 elegantiam.
3445 3909 3592 3980 Qum
3609 3915 3778 3969 autem

582 4005 663 4068 de
693 4005 818 4066 diis
854 4003 1273 4082 scripserunt,
1320 4002 1604 4081 insignes
1639 4019 1839 4080 nugas
1871 4001 2293 4075 continentia,
2331 4003 2503 4065 verbi
2542 4003 2777 4080 gratia,
2819 4005 3065 4067 fabulas
3094 4006 3470 4070 inhonestas
3502 4026 3568 4069 ac
3599 4006 3782 4077 fcedas,

586 4107 896 4169 malorum
924 4106 1261 4184 geniorum
1301 4105 1656 4179 doctrinas,
1688 4105 1964 4176 fabulas,
2008 4107 2296 4186 inquam,
2333 4114 2465 4167 tum
2499 4106 2636 4168 risu
2671 4115 2802 4168 tum
2834 4108 3134 4186 lacrymis
3164 4107 3389 4185 dignas
3412 4131 3428 4184 ;
3455 4112 3582 4171 haec
3609 4107 3778 4169 omnia

583 4216 884 4285 tanquam
915 4207 1177 4286 laqueos
1224 4214 1285 4267 et
1319 4206 1648 4284 decipulas
1685 4223 2006 4269 aversare.
2054 4207 2349 4286 Cumque
2381 4206 2572 4269 simul
2615 4213 2882 4287 utraque
2929 4209 3185 4288 legeris,
3227 4211 3383 4271 deos
3434 4210 3694 4287 ipsorum
3737 4217 3781 4266 et

584 4304 934 4380 orationes,
968 4307 1123 4369 deos
1161 4307 1508 4381 ridiculos,
1545 4315 1606 4369 et
1645 4308 1974 4370 orationes
2012 4308 2355 4382 amabiles;
2398 4308 2554 4370 deos
2595 4309 2859 4387 quidem
2896 4310 3044 4371 illos
3093 4309 3532 4387 voluptuarios
3571 4322 3778 4386 respue,

586 4426 811 4472 verum
865 4409 1189 4471 orationes
1227 4411 1495 4474 maximi
1533 4412 1769 4474 facito:
1819 4413 1999 4492 quasi
2050 4414 2293 4476 scilicet
2333 4414 2411 4476 de
2453 4417 2678 4478 eodem
2725 4414 2955 4477 frutice
2995 4417 3214 4495 spinas
3258 4427 3508 4490 caveto,
3557 4423 3615 4477 et
3647 4429 3781 4476 rosas

584 4505 936 4588 decerpito.
967 4510 1175 4587 Atque
1200 4509 1334 4571 hinc
1356 4511 1618 4589 quidem
1657 4512 1895 4591 optima
1923 4511 2001 4572 de
2029 4510 2340 4573 doctrinis
2370 4513 2694 4574 extraneis
2728 4511 2832 4573 lex
2859 4510 3078 4575 fuerit.
3119 4538 3167 4587 ι»,
3205 4518 3438 4579 Eadem
3479 4514 3780 4597 praescribit

585 4609 860 4671 Basilius
902 4605 1169 4688 Magnus
1207 4605 1406 4672 libros
1443 4609 1852 4672 ethnicorum
1889 4609 2274 4687 legentibus.

1487 4714 1575 4776 De
1637 4723 1943 4793 potestate
1998 4709 2326 4792 temporali
2377 4722 2431 4773 et
2484 4713 2918 4777 ecclesiastica.

667 4815 830 4890 Quid
888 4812 966 4877 de
1011 4821 1318 4892 potestate
1375 4815 1711 4897 temporali
1759 4816 2042 4893 cogitare
2080 4816 2469 4894 debeamus,
2513 4826 2704 4896 atque
2746 4817 2932 4879 etiam
2982 4817 3136 4896 quid
3170 4819 3448 4895 cogitare
3479 4812 3783 4880 debeantii

583 4923 736 4999 ipsi,
771 4922 882 5000 qui
928 4939 998 4982 ea
1047 4921 1338 4998 insigniti
1380 4929 1553 4990 sunt,
1587 4920 1688 4981 his
1735 4921 1946 4983 verbis
1998 4921 2316 4998 signiﬁcat
2357 4922 2711 4999 Gregorius
2750 4942 2765 4981 :
2805 4919 2942 5000 «(d)
3001 4911 3451 4998 Imperatores,
3487 4931 3778 4999 purpuram

588 5025 1036 5089 revereamini.
1061 5071 1076 5086 .
1104 5067 1156 5086 ..
1189 5023 1566 5102 Cognoscite
1605 5035 1916 5104 quantum
1958 5027 2018 5089 id
2061 5027 2178 5099 sit,
2215 5029 2386 5106 quod
2424 5037 2650 5089 vestrm
2687 5028 2833 5088 ﬁdei
2863 5028 3277 5090 commissum
3320 5031 3779 5106 est,-quantum-

588 5146 713 5205 que
746 5128 909 5189 circa
953 5143 1063 5188 vos
1091 5127 1506 5205 mysterium.
1553 5126 1747 5186 Orbis
1787 5126 2128 5188 universus
2165 5128 2386 5188 manui
2434 5135 2655 5189 vestrae
2695 5128 3024 5205 subjectus
3073 5135 3191 5201 est,
3247 5129 3600 5190 diademate
3627 5137 3784 5202 parvo

590 5243 780 5310 atque
826 5230 1060 5308 exiguo
1111 5247 1319 5308 panno
1359 5236 1667 5293 retentus.
1711 5231 1950 5308 Supera
1983 5231 2247 5309 quidem
2284 5231 2485 5294 solius
2516 5221 2635 5292 Dei
2670 5240 2856 5308 sunt;
2891 5231 3092 5294 infera
3137 5244 3347 5313 autem
3402 5235 3600 5294 vestra
3629 5227 3781 5288 etiam

590 5343 762 5396 sunt.
797 5336 1077 5396 Subditis
1105 5335 1329 5397 vestris
1365 5337 1518 5399 deos
1550 5354 1660 5398 vos
1691 5338 1998 5415 praebete;
2040 5335 2220 5398 liceat
2254 5336 2424 5398 enim
2463 5337 2766 5421 audacius
2799 5335 3036 5414 aliquid
3071 5335 3324 5400 dicere:
3360 5361 3388 5394 α
3420 5337 3539 5399 Cor
3569 5328 3784 5410 regisin

592 5461 623 5495 α
665 5455 853 5500 manu
884 5439 996 5501 Dei
1015 5439 1232 5515 est”,»
1251 5445 1314 5503 ut
1343 5457 1420 5501 ex
1441 5437 1756 5516 Scriptura
1787 5435 2084 5499 audimus
2107 5453 2177 5499 ac
2197 5435 2542 5498 credimus.
2561 5435 2681 5499 Hic
2701 5435 3038 5496 imoerium
3057 5446 3334 5500 vestrum
3357 5439 3460 5508 sit,
3479 5434 3783 5497 nonautem

669 5545 715 5577 ⁸⁸
743 5543 899 5599 Prov.
934 5562 1022 5599 xxI
1051 5587 1066 5611 ,
1103 5550 1151 5601 l.

666 5640 740 5712 (α)
765 5639 860 5712 Or.
897 5640 988 5701 27,
1013 5659 1062 5695 n.
1100 5642 1153 5695 4.

2346 5637 2416 5712 (ci
2440 5635 2634 5712 qam}.
2661 5634 2729 5688 ad
2766 5633 3068 5712 Seleucum,
3095 5649 3144 5688 v.
3173 5632 3242 5687 55
3262 5643 3315 5688 et
3338 5643 3488 5700 seqq.

667 5707 739 5784 (ὁ)
768 5711 923 5779 I'bid.,
959 5729 1011 5766 n.
1043 5714 1095 5766 5.

2348 5709 2426 5778 (d)
2449 5707 2540 5761 υτ.
2568 5707 2658 5771 56,
2693 5724 2744 5759 ιι.
2769 5707 2854 5758 u.
