3926 6410
189 319 264 376 135
1072 299 1442 358 ΡΒιΕΐΑΤΙΟ
1478 299 1739 356 ΟΕΝΕΒΑ

1776 299 1890 357 LIS.
1931 330 2000 341 —-
2037 297 2218 353 PARS
2254 297 2342 353 IlL
3207 309 3326 363 135

183 439 231 496 in
255 443 379 493 auro
404 422 529 485 etin
549 417 944 482 exercitibus.
985 416 1222 487 Aulici,
1259 429 1572 494 proceres,
1594 431 1664 476 ac
1693 412 2086 475 sublimibus
2123 411 2366 474 thronis
2390 417 2448 474 et
2469 411 2882 490 dignitatibus
2907 415 3216 496 insignes,
3247 438 3330 485 ne

183 536 244 597 ob
261 527 549 609 potentiam
595 536 970 599 magnopere
1000 518 1248 580 animos
1281 515 1582 590 eﬂ'eratis,
1621 532 1736 577 nec
1766 514 1845 576 de
1890 515 2261 576 mortalibus
2293 515 2484 578 rebus
2519 523 2824 596 tanquam
2857 518 3327 587 immortalibus

182 631 426 714 cogitetis.
451 626 652 688 Fidem
683 621 1172 701 imperatoribus
1203 628 1471 690 servate,
1504 618 1612 680 sed
1636 618 1808 696 prius
1832 617 1988 691 Deo,
2022 625 2276 696 orOpter
2301 635 2492 684 auem
2520 617 2622 680 bis
2661 621 2848 684 etiam
2886 625 3123 703 quibus
3155 645 3331 692 com-

230 733 311 787 issi
339 736 389 787 et
417 723 603 787 traditi
628 723 799 784 estis.
829 744 859 778 io
1921 747 1931 760 .
2904 776 2909 784 ι

181 736 312 801 missi
339 736 389 792 et
417 736 603 787 traditi
628 736 799 784 estis.
829 744 859 778 ιο

233 823 671 891 Ecclesiaslicam
709 823 1081 896 potestatem
1158 814 1468 892 agnoscit,
1500 813 1730 894 hisque

1764 813 1974 876 verbis
2021 830 2228 876 coram
2290 812 2582 892 praefecto
2614 817 2957 893 provinciae
3011 825 3311 898 praedicat

177 941 218 998 et
244 938 416 992 tuetur
444 945 458 983 :
490 945 516 976 α
544 919 619 996 (a)
652 920 781 978 Vos
811 932 1075 996 quoque
1125 913 1396 991 imperio
1443 931 1584 973 meo
1631 932 1703 975 ac
1741 913 1970 974 throno
2017 911 2118 974 lex
2159 911 2395 974 Christi
2439 914 2718 992 subjicit.
2751 917 3094 995 Imperium
3151 927 3324 989 enim

175 1048 260 1093 nos
302 1038 528 1105 quoque
573 1017 892 1095 gerimus;
937 1014 1100 1077 addo
1148 1015 1334 1075 etiam
1383 1010 1788 1090 praestantius
1837 1027 1909 1070 ac
1969 1010 2362 1088 perfectius:
2401 1014 2525 1074 nisi
2574 1031 2723 1075 vero
2762 1032 3016 1096 (equum
3066 1021 3146 1082 sit
3196 1026 3328 1102 spi-

173 1132 312 1190 ritum
359 1118 534 1187 carni,
567 1125 626 1178 et
661 1115 939 1178 ccelestia
995 1113 1266 1176 terrenis
1321 1113 1572 1175 cedere.
1603 1134 1630 1167 to
1676 1111 1800 1173 Nec
1835 1113 2050 1172 minus
2087 1119 2295 1173 tamen
2342 1112 2748 1191 principibus
2801 1119 3148 1192 parendum
3183 1139 3324 1184 esse

170 1216 978 1303 docet(b):«Submittamus
1036 1231 1182 1286 nos,
1229 1223 1360 1275 tum
1421 1215 1580 1284 Deo,
1616 1219 1745 1272 tum
1798 1211 1904 1272 alii
1943 1213 2112 1282 aliis,
2149 1219 2277 1272 tum
2341 1213 2421 1274 iis
2477 1214 2586 1292 qui
2622 1215 2685 1274 in
2721 1217 2906 1276 terris
2975 1217 3319 1298 imperium

166 1323 376 1399 gerunt:
409 1317 524 1374 Deo
559 1315 819 1391 quidem
882 1311 1184 1373 omnibus
1239 1313 1318 1374 de
1376 1311 1608 1379 causis,
1645 1311 1754 1372 alii
1787 1320 2000 1373 autem
2032 1312 2175 1373 aliis
2214 1319 2473 1390 pr0pter
2507 1313 2834 1376 charitatis
2860 1317 3063 1378 fiedus
3102 1340 3117 1379 :
3151 1322 3328 1397 prin-

164 1422 350 1501 cipibus
397 1414 682 1491 denique,
743 1420 999 1490 propter
1046 1412 1334 1473 ordinem
1401 1410 1796 1490 publicaeque
1849 1411 2204 1491 disciplinae
2257 1413 2612 1488 rationem;
2651 1414 2846 1493 idque
2909 1425 3082 1481 tanto
3132 1421 3320 1482 etiam

163 1522 329 1598 magis,
360 1523 578 1598 quanto
608 1515 1006 1577 facilioribus
1043 1514 1174 1576 illis
1208 1531 1279 1577 ac
1311 1511 1802 1590 benignioribus
1837 1513 2106 1576 utimur.
2148 1537 2178 1570 ››

975 1639 1062 1700 De
1093 1637 1446 1700 hierarchia
1486 1643 1540 1696 et
1571 1634 1858 1696 cmh'batu
1885 1638 2414 1717 presbyterorum.

213 1749 354 1822 Qnou
386 1740 596 1804 attinet
630 1738 1071 1811 hierarchiam,
1108 1739 1216 1801 ubi
1267 1740 1611 1817 Gregorius
1665 1739 1744 1798 de
1796 1739 1967 1800 clero
2003 1739 2714 1817 Constantinopolitano
2754 1740 2945 1803 verba
2977 1741 3150 1815 facit,
3185 1744 3320 1822 epi-

158 1860 447 1926 scOporum,
488 1841 1028 1920 presbyterorum,
1063 1839 1474 1902 diaconorum
1533 1846 1594 1901 et
1627 1839 1930 1902 lectorum
1994 1846 2235 1899 tantum
2294 1839 2585 1900 meminit
2623 1839 2720 1922 (ο).
2749 1865 2777 1898 ι
2803 1845 2962 1910 Vide
2996 1850 3325 1928 presbyta-

129 1957 322 2008 ‘rorum
373 1942 730 2015 concilium,
783 1944 1015 2006 canitie
1047 1950 1108 2005 et
1151 1942 1485 2022 prudentia
1543 1947 1937 2015 ornatorum,
1970 1940 2386 2002 diaconorum
2437 1943 2945 2009 modestiam.....
3011 1949 3317 2020 lectorum

151 2042 651 2108 concinnitatem.»
709 2042 950 2105 Primos
1006 2043 1072 2104 in
1122 2043 1472 2106 hierarchia
1523 2040 1948 2104 ecclesiastica
1999 2043 2231 2119 gradus
2289 2042 2599 2121 episc0pi,
2642 2049 2966 2110 secundos
3012 2058 3322 2129 occupant

147 2149 484 2208 sacerdotes:
517 2143 594 2204 ad
634 2145 1074 2222 episcopatum
1115 2160 1240 2206 non
1276 2142 1402 2204 nisi
1462 2159 1575 2223 per
1606 2141 1944 2204 inferiores
1980 2143 2212 2219 gradus
2244 2144 2732 2207 aseendebatur.
2765 2146 3066 2219 Quandiu
3099 2151 3320 2212 Eccle-

148 2248 212 2307 sia
238 2245 440 2318 ﬂoruit,
483 2238 561 2305 et'
605 2244 787 2320 vigor
820 2243 1204 2322 disiciplinze
1260 2244 1433 2306 stetit
1487 2243 2181 2325 incolumis,_quisquis
2211 2244 2288 2306 ad
2321 2260 2694 2322 supremum
2731 2248 3072 2310 sacerdotii
3106 2249 3320 2312 hono—

145 2362 240 2407 rem
288 2344 743 2423 promovendus
791 2351 948 2418 erat,
1000 2346 1080 2406 ob
1129 2344 1479 2406 sanctitatis
1521 2342 1816 2404 meritum
1854 2343 2323 2418 assumebatur,
2355 2361 2432 2405 ac
2469 2344 2811 2421 diligenter
2845 2349 2923 2408 de
2976 2350 3115 2426 ejus
3164 2349 3312 2420 vita,

144 2441 370 2501 moribus
399 2447 453 2501 et
481 2442 770 2536 doctrina
797 2443 1272 2521 exquirebatur.
1308 2443 1548 2504 Verum
1582 2456 1710 2519 quo
1750 2449 2034 2517 tempore
2073 2443 2340 2506 nefanda
2377 2445 2762 2508 Arianorum
2805 2447 3064 2511 haeresis
3100 2451 3315 2510 omnia

141 2540 360 2611 miscuit,
393 2540 489 2600 hic
543 2542 705 2602 ordo
765 2544 1199 2618 perturbatus,
1257 2542 1638 2605 conculcata)
1696 2545 1891 2622 leges.
1924 2547 2090 2607 Hinc
2138 2547 2262 2607 illae
2313 2548 2606 2625 Gregorii
2658 2550 2939 2628 querelae
2972 2551 3054 2630 (ά)
3085 2569 3101 2608 :
3137 2553 3320 2613 «Nos

139 2659 250 2704 vero
277 2653 538 2718 cunctos,
577 2645 764 2707 facile
800 2644 1187 2706 collocamus
1246 2644 1310 2705 in
1365 2643 1718 2705 antistitum
1759 2645 1945 2717 solia,
1989 2647 2179 2708 modo
2215 2649 2335 2725 ipsi
2362 2649 2603 2709 velint:
2640 2666 3048 2730 nequaquam
3093 2669 3316 2714 recen-

136 2747 275 2823 tium,
317 2756 411 2810 aut
455 2748 837 2827 priscorum,
879 2746 974 2806 vel
1009 2746 1295 2807 actiones
1350 2743 1855 2818 considerantes,
1915 2745 2014 2806 vel
2063 2746 2440 2822 doctrinam,
2479 2748 2572 2810 vel
2610 2750 3304 2815 conversationem.....

134 2845 236 2907 Non
267 2864 360 2909 eos
389 2849 706 2910 antistites
737 2848 1034 2921 facimus,
1073 2846 1184 2925 qui
1223 2846 1441 2924 aliquo
1477 2848 1778 2926 temporis
1816 2849 2021 2927 spatio
2051 2848 2291 2911 fuerint
2341 2849 2724 2923 examinati;
2763 2852 2873 2912 sed
2925 2852 3032 2930 qui
3066 2859 3316 2914 suomet

127 2949 318 3026 judicio
354 2949 519 3027 digni
551 2949 874 3011 videntur.
902 2970 931 3003 ιο
967 2949 1134 3010 Hinc
1168 2952 1288 3007 tam
1327 2946 1563 3018 tristes,
1601 2954 1722 3009 tam
1764 2949 2067 3011 luctuosa3
2104 2949 2299 3030 hujus
2335 2951 2639 3026 temporis
2674 2955 3118 3029 episcoporum
3152 2951 3317 3013 ima-

130 3055 289 3130 gines.
316 3061 431 3114 tam
462 3050 668 3130 nigris
707 3051 1036 3112 coloribus
1087 3048 1166 3110 ab
1220 3048 1364 3126 ipso
1397 3047 1462 3107 in
1515 3049 1901 3110 carminibus
1934 3050 2300 3111 etiormatze.
2329 3051 2430 3111 Sic
2459 3051 2524 3111 in
2555 3052 2842 3112 oratione
2870 3051 2949 3112 de
2981 3049 3102 3114 hoc
3128 3070 3316 3129 argu-

129 3162 294 3215 mento
331 3152 394 3232 (e)
433 3173 448 3212 :
484 3175 511 3208 α
542 3152 837 3213 Aliorum
898 3168 996 3211 me
1057 3149 1308 3227 puduit,
1342 3148 1451 3229 qui
1504 3165 1648 3209 cum
1699 3148 2026 3229 plerisque
2063 3151 2266 3213 nihilo
2327 3152 2625 3216 meliores
2647 3152 2812 3224 sint,
2847 3163 3035 3230 atque
3069 3153 3312 3214 utinam

129 3270 221 3314 non
254 3255 423 3316 etiam
483 3253 686 3314 multo
720 3252 992 3330 pejores,
1032 3249 1258 3324 illotis,
1295 3257 1363 3310 ut
1396 3249 1520 3310 dici
1560 3248 1745 3322 solet,
1781 3252 2098 3324 manibus,
2151 3253 2569 3334 profanisque
2619 3256 2853 3317 animis
2886 3253 2948 3313 in
2985 3256 3315 3316 sanctissi-

129 3370 200 3413 ma
226 3354 499 3432 mysteria
533 3369 680 3415 sese
715 3353 1018 3424 inferunt,
1044 3369 1114 3412 ac
1141 3351 1508 3430 priusquam
1541 3347 1721 3426 digni
1761 3348 1911 3424 sint,
1947 3352 2057 3431 qui
2093 3353 2168 3413 ad
2202 3371 2299 3415 res
2343 3371 2551 3415 sacras
2584 3356 2903 3432 accedant,
2943 3361 3306 3420 sacrarium

125 3456 291 3533 ipsum
329 3457 641 3525 ambiunt,
675 3457 748 3514 et'
773 3453 1006 3515 circum
1065 3459 1524 3515 sacrosanctam
1589 3471 1871 3517 mensam
1920 3469 2060 3516 sese
2124 3453 2397 3516 invicem
2438 3463 2735 3534 premunt
2770 3473 2842 3519 ac
2901 3458 3307 3535 protrudunt,

125 3562 369 3636 tanquam
399 3573 524 3617 non
560 3555 819 3615 virtutis
869 3553 1260 3632 exemplum,
1304 3554 1412 3616 sed
1451 3553 1656 3616 victus
1695 3556 1955 3632 parandi
2002 3553 2402 3617 occasionem
2439 3561 2499 3616 et
2530 3555 2892 3616 subsidium
2933 3555 3106 3619 hunc
3140 3558 3311 3619 ordi-

124 3675 231 3718 nem
267 3677 396 3720 esse
435 3659 827 3737 judicantes,
861 3675 932 3718 ac
987 3674 1114 3720 non
1175 3673 1409 3718 munus
1469 3654 1817 3716 referendis
1874 3655 2227 3716 rationibus
2287 3655 2667 3729 obnoxium,
2705 3655 2816 3717 sed
2849 3655 3190 3734 imperium
3225 3657 3308 3718 ab

123 3755 252 3814 omni
279 3773 539 3817 censura
573 3755 886 3815 immune.
911 3776 940 3808 ιο

177 3851 230 3913 In
256 3855 501 3919 Oriente
542 3855 900 3935 presbyteri
933 3872 1061 3917 non
1097 3863 1218 3918 tam
1254 3858 1471 3919 stricte
1519 3857 1758 3920 caelibis
1818 3857 1959 3918 vitm
1993 3858 2191 3935 legem
2247 3859 2624 3920 observasse
2665 3858 2981 3929 videntur,
3027 3858 3185 3937 quin
3224 3859 3301 3918 ab

121 3968 171 4011 ea
197 3953 367 4034 aliqui
403 3959 799 4028 recederent,
834 3958 1005 4035 quod
1059 3957 1197 4036 ipse
1244 3958 1558 4036 significat
1589 3959 1965 4037 Gregorius,
2005 3958 2116 4020 ubi
2179 3959 2399 4020 scribit
2438 3975 2577 4020 esse
2608 3957 2920 4037 quosdam
2951 3957 3065 4035 qui
3099 3957 3305 4036 bapti-

117 4067 277 4115 smum
306 4056 381 4118 ab
414 4073 494 4119 eo
541 4057 917 4136 presbytero
950 4057 1144 4118 velint
1173 4058 1522 4136 suscipere,
1558 4057 1632 4138 (Ι)
1666 4057 1826 4137 «qui
1858 4058 2084 4121 cmlebs
2115 4057 2221 4134 sit,
2256 4057 2368 4138 qui
2423 4057 2834 4120 continentiae
2860 4057 3048 4119 laude
3110 4065 3303 4137 atque

119 4154 346 4232 angelica
379 4158 639 4221 vivendi
673 4160 917 4221 ratione
948 4160 1193 4222 ﬂoreat.
1225 4183 1252 4214 ι)

1273 4279 1360 4343 De
1390 4281 1595 4342 causis
1627 4277 2077 4341 ecclesiasticis.

170 4377 484 4444 Causarum
523 4383 1096 4447 ccclesmsticarum
1124 4381 1380 4462 judices
1410 4387 1590 4442 erant
1621 4380 1950 4458 episc0pi;
1987 4387 2046 4441 et
2075 4398 2129 4442 sn
2164 4380 2418 4460 quando
2453 4398 2552 4442 res
2595 4381 3038 4445 ecclesiasticae
3081 4385 3289 4463 publi-

111 4482 176 4542 cis
206 4489 497 4562 prmtoriis
551 4486 1064 4557 traducebantur,
1100 4485 1160 4544 id
1199 4501 1362 4562 mgre
1404 4483 1713 4552 ferebant,
1749 4490 1808 4543 et
1863 4482 2093 4545 exinde
2129 4482 2568 4562 querimonias
2605 4482 2772 4560 apud
2797 4484 3051 4562 judices
3095 4485 3289 4547 habe-

108 4580 241 4655 bant,
273 4595 337 4648 ut
387 4587 656 4667 epistola
689 4585 975 4665 Gregorii
1007 4587 1085 4647 de
1114 4584 1410 4664 episc0po
1457 4584 1814 4664 BOSphorio
1858 4591 2229 4662 argumento
2261 4590 2379 4644 est.
2416 4583 2640 4643 «Hanc
2674 4583 2811 4657 tibi,
2840 4605 2870 4639 ι)
2904 4583 3112 4664 inquit
3146 4587 3298 4648 scri-

108 4681 226 4746 bens
251 4687 539 4751 Nectario
573 4687 682 4767 (gl,
716 4711 744 4744 α
775 4686 1198 4766 precationem
1231 4701 1432 4747 ausus
1463 4701 1606 4746 sum
1641 4685 1871 4747 offerre
1901 4703 2016 4765 pro
2056 4683 2591 4748 reverendissimo
2644 4685 2943 4762 episcopo
2995 4686 3288 4764 BOSphO-

105 4783 282 4849 rio.....
337 4788 848 4851 Controversiam
883 4795 1050 4850 certe
1106 4786 1184 4848 de
1240 4785 1891 4848 circummanentibus
1931 4793 2213 4849 exortam
2249 4786 2387 4863 ipse
2439 4784 2740 4846 nimirum
2777 4784 3088 4847 dissolves
3108 4787 3290 4863 juxta

102 4885 328 4960 Spiritus
365 4891 663 4966 gratiam,
695 4907 838 4969 quae
892 4890 958 4949 in
1017 4897 1076 4951 te
1111 4893 1230 4960 est,
1265 4895 1326 4950 et
1362 4903 1674 4948 canonum
1705 4895 2010 4949 tenorem.
2045 4887 2210 4948 Illud
2247 4891 2458 4946 autem
2497 4884 2763 4947 minime
2793 4885 3130 4947 ferendum
3168 4894 3292 4947 tute

99 4991 426 5051 reverentiae
459 4993 774 5063 videatur,
809 4992 980 5073 quod
1010 4999 1225 5053 nostra
1259 4987 1528 5069 publicis
1561 4986 1875 5064 praetoriis
1938 4986 2366 5049 traducantur.
2415 4985 2567 5047 Nam
2635 4985 2880 5046 tametsi
2939 4985 3065 5046 sint
3113 4985 3293 5046 Chri-

98 5087 272 5156 stiani.
307 5099 373 5151 ut
398 5099 570 5154 certe
601 5094 716 5155 Dei
755 5093 1148 5171 benignitate
1179 5098 1352 5163 sunt,
1386 5091 1699 5170 ejusmodi
1737 5089 2141 5167 negotiorum
2173 5087 2466 5166 judices;
2503 5085 2660 5166 quid
2702 5103 3044 5148 commune
3074 5085 3286 5164 gladio

95 5194 138 5245 et
175 5194 459 5265 spiritui?
517 5195 699 5269 Quod
757 5197 809 5255 si
875 5196 1062 5257 etiam
1117 5191 1647 5261 conceSSerimus,
1687 5189 2008 5268 quomodo
2041 5195 2146 5250 aut
2184 5187 2437 5248 ubinam
2466 5187 2746 5265 justum,
2780 5187 3282 5264 disputationem

95 5287 152 5346 de
179 5288 283 5351 [ide
313 5308 457 5354 cum
486 5295 625 5355 aliis
658 5294 1108 5356 controversiis
1141 5290 1533 5373 implicari?»
1565 5288 1751 5362 Quod
1795 5289 1909 5350 hac
1942 5289 2207 5373 epistola
2242 5287 2603 5367 postulabat
2639 5286 3015 5365 Gregorius,
3048 5302 3282 5351 conse-

139 5517 207 5725 ζι)
237 5521 322 5578 0r.
363 5527 452 5590 17,
479 5542 532 5580 n.
564 5527 616 5582 8.

159 5589 202 5658 b)
232 5592 382 5660 lbid.,
410 5614 466 5650 n.
502 5598 552 5650 6.

183 5665 198 5725 )
228 5663 314 5718 Or.
341 5666 433 5725 42,
462 5685 516 5721 ιι.
543 5668 631 5724 ll.

1801 5520 1862 5590 te)
1889 5519 1980 5575 0r.
2015 5518 2069 5581 2,
2100 5536 2152 5572 ιι.
2181 5518 2234 5571 8.

1797 5593 1858 5660 (f)
1889 5592 1982 5644 0r.
2015 5591 2104 5656 40,
2133 5606 2185 5641 ιι.
2221 5588 2234 5641 ε

1796 5666 1864 5725 (g)
1891 5661 1988 5725 Ep.
2011 5661 2079 5715 al.
2112 5658 2234 5712 227.

159 5587 202 5658 ὁ)
232 5592 382 5660 lbid.,
410 5587 466 5650 ti.
502 5598 552 5650 6.

1797 5587 1858 5660 (Ῑ)
1889 5592 1982 5644 0r.
2015 5591 2104 5656 40,
2126 5606 2185 5660 n_.
2221 5587 2302 5644 26.

182 5665 198 5730 )
228 5663 314 5718 Or.
341 5658 433 5728 42,
462 5685 516 5721 ιι.
543 5668 631 5724 ll.

1796 5658 1864 5732 (ς)
1891 5661 1988 5731 Ep.
2011 5661 2079 5715 al.
2112 5658 2234 5712 227.

141 5730 205 5801 (ἀ)
225 5733 400 5789 Carm.
440 5739 561 5793 adv.
593 5752 781 5808 episc.,
801 5735 940 5790 apud
962 5735 1122 5800 Toll.,
1152 5749 1200 5804 p.
1237 5735 1326 5789 ‘59.
