3918 6510
593 335 694 390 I35
1567 323 1936 380 ΡΒιΕΕΑΤιο
1973 324 2140 381 GENE

2264 326 2382 384 ωδ.
2437 358 2492 371 -ι
2528 328 2706 385 PARS
2744 330 2832 389 ΙΙΙ.
3717 347 3811 403 156

590 455 778 512 culus
807 446 1078 518 videtur,
1111 441 1644 522 occasionemque
1689 442 1942 504 dedisse
1979 444 2285 522 rescripto
2344 445 2712 540 Theodosii,
2759 427 2904 512 dato
2940 452 2977 511 ιι
3030 453 3365 517 Febr.‘an.
3393 457 3514 520 383
3541 461 3638 522 vel
3671 463 3810 536 385,

606 550 683 612 ad
713 548 1013 627 Optatum
1046 544 1297 623 Egypti
1324 543 1712 622 praefectum,
1752 561 1881 624 quo
1911 545 2214 618 sancitur,
2247 565 2276 600 α
2310 545 2391 625 (α)
2419 563 2496 608 ne
2534 563 2762 609 nomen
2804 551 3270 631 episcOporum,
3301 555 3403 618 vel
3453 574 3674 622 eorum
3706 563 3814 640 qui

588 653 892 714 Ecclesia)
952 646 1443 712 necessitatibus
1501 645 1814 717 serviunt,
1881 645 1958 706 ad
2003 644 2240 722 judicia
2291 646 2428 706 sive
2485 646 2956 711 ordiuariorum
2993 649 3128 714 sive
3160 655 3810 722 extraordinariorum

595 753 1019 832 pertrahatur.
1055 748 1306 808 Habent
1338 745 1428 806 illi
1455 745 1712 823 judices
1745 763 1924 820 suos,
1953 761 2072 806 nec
2103 745 2456 823 quidquam
2492 746 2590 806 his
2623 748 2895 826 publicis
2936 767 3272 816 commune
3303 775 3446 819 cum
3504 759 3754 840 legibus
3787 789 3802 828 ε

595 859 902 930 quantum
935 849 1010 908 ad
1049 863 1270 908 causas
1305 855 1513 907 tamen
1547 845 2008 907 ecclesiasticas
2058 845 2354 922 pertinet,
2379 865 2538 924 quas
2591 850 2768 910 decet
2799 850 3138 929 episcopali
3169 859 3534 923 auctoritate
3561 863 3796 927 decidi,

592 951 1094 1027 Quibuscunque
1149 946 1342 1023 igitur
1382 952 1547 1007 mota
1598 946 1791 1009 fuerit
1843 950 2111 1026 qumstio
2144 967 2286 1028 quae
2316 953 2391 1011 ad
2427 949 2846 1014 Christianam
2883 956 3191 1030 pertineat
3229 961 3653 1032 sanctitatem.
3698 983 3803 1028 eos

593 1050 837 1112 decebit
868 1050 989 1111 sub
1027 1065 1102 1111 eo
1130 1048 1350 1128 judice
1383 1047 1654 1126 litigare,
1689 1050 1800 1129 qui
1853 1054 2080 1128 praesul
2117 1061 2214 1116 est
2244 1055 2308 1115 in
2340 1057 2477 1116 suis
2516 1052 2803 1130 partibus
2838 1055 3126 1117 omnium
3163 1058 3582 1134 sacerdotum,
3615 1085 3648 1121 ι
3684 1074 3798 1129 etc.

1754 1151 1834 1213 De
1861 1153 2218 1232 virginibus
2249 1163 2304 1215 et
2325 1154 2671 1215 monachis.

667 1246 1002 1309 Notatione
1034 1251 1298 1328 dignum
1337 1251 1614 1313 maxime
1645 1254 1815 1330 quod
1851 1255 1940 1315 ait
1977 1255 2327 1332 Gregorius
2363 1255 2438 1316 de
2473 1255 2828 1332 virginibus
2865 1257 2999 1318 Deo
3054 1261 3459 1333 consecratis,
3492 1264 3700 1344 deque
3737 1269 3808 1329 iis

591 1348 915 1418 omnibus,
942 1349 1051 1426 qui
1087 1359 1228 1428 pOst
1260 1360 1621 1430 nuncupata
1654 1354 1784 1414 Deo
1820 1361 1984 1430 vota,
2022 1355 2338 1435 promissa
2390 1371 2518 1416 non
2549 1365 2769 1418 curant
2807 1356 3326 1434 persolvere,aut
3374 1369 3649 1443 graviter
3679 1370 3807 1433 oili-

593 1453 758 1513 cium
797 1454 1148 1514 deserant:

1046 1554 1120 1622 (b)
1150 1555 1247 1620 Qui
1284 1554 1646 1624 virginitatem
1683 1555 1894 1608 Christo
1923 1556 2032 1624 regi
2069 1556 2284 1620 obtulit,
2317 1559 2331 1611 ἒ

1046 1625 1324 1678 Rationale
1354 1625 1700 1687 sacriﬁcium,
1741 1627 2011 1678 victimam
2045 1628 2399 1690 incruentam,

1046 1695 1268 1771 ξιιριίειε
1300 1696 1342 1747 si
1374 1696 1622 1771 deinceps
1655 1696 1946 1771 qumsierit,
1985 1712 2087 1748 non
2113 1696 2318 1762 jactura
2351 1705 2556 1771 tantum
2599 1696 2670 1771 illi
2693 1713 2911 1771 ,gverum
2947 1703 3293 1771 gravissimus

1042 1765 1135 1818 Est
1171 1780 1345 1825 rasus,
1378 1767 1532 1817 morti
1569 1768 1861 1831 proximus,
1886 1782 1948 1818 ac
1979 1779 2238 1833 praeterea
2266 1767 2612 1833 opprobrium
2643 1765 2994 1825 indelebileJ.

1043 1836 1174 1900 Quis
1208 1851 1334 1886 vero
1371 1835 1593 1886 audiens
1624 1835 1940 1902 Sappliiram
1975 1836 2241 1889 infelicem
2273 1847 2324 1888 et
2354 1837 2617 1890 Ananiam

1043 1903 1213 1958 Lucro
1244 1908 1331 1971 qui
1369 1919 1465 1957 suo
1501 1905 1694 1955 malam
1727 1913 1949 1957 mortem
1976 1906 2459 1968 commutarmit",

1041 1975 1158 2028 Non
1191 1985 1435 2028 vereatur
1465 1974 1544 2025 vel
1575 1976 1763 2026 leviter
1804 1977 2064 2042 promissa
2101 1975 2340 2028 violare?

1049 2041 1306 2112 Regulam
1336 2046 1496 2096 etiam
1524 2045 1642 2109 quis
1665 2041 1880 2095 auream
1907 2060 2027 2097 cum
2064 2045 2245 2098 furtim
2277 2045 2635 2114 subripuisset

1043 2115 1086 2168 Ε
1115 2115 1288 2183 populi
1324 2115 1666 2183 primoribus,
1704 2115 1870 2168 inst-io
1903 2119 2070 2176 duce,

1045 2184 1259 2236 Vestem
1290 2197 1343 2238 et.
1374 2187 1611 2252 pecunia:
1644 2187 1940 2249 modicum;
1985 2187 2076 2237 tuti
2111 2185 2294 2239 nocuit
2327 2185 2538 2251 pOptllo.

1047 2254 1190 2308 Talis
1223 2267 1325 2320 est,
1350 2256 1438 2322 qui
1475 2255 1832 2324 virginitatem
1859 2257 2154 2323 amplexus,
2200 2268 2342 2310 retro
2367 2257 2630 2325 graditur;
2660 2265 2750 2312 aut
2771 2260 2930 2314 etiam
2964 2262 3211 2316 deterior.

671 2345 967 2408 Nazianzi
1019 2347 1474 2409 monachorum
1537 2349 1832 2410 exercitia
1873 2351 1962 2410 sic
1998 2349 2303 2411 describit
2336 2351 2681 2427 Gregorius
2720 2352 2794 2432 (ο)
2831 2376 2846 2415 :
2881 2377 2909 2410 α
2944 2356 3214 2432 Vigiliaz,
3268 2359 3533 2436 jejunia,
3575 2381 3799 2442 preces,

596 2447 907 2544 lacrytnas,
959 2447 1191 2509 callosa
1249 2467 1478 2527 genua,
1532 2451 1803 2529 pectoris
1860 2450 2484 2527 converberationes,
2520 2454 2870 2530 suapirium
2930 2473 3003 2516 ex
3064 2457 3190 2518 imo
3234 2476 3521 2536 manans,
3565 2483 3793 2540 pernox

596 2548 809 2619 statio,
845 2548 1073 2608 mentis
1125 2551 1200 2610 ad
1262 2553 1460 2613 Deum
1509 2552 1960 2630 peregrinatio,
1996 2554 2206 2614 tenuis
2252 2555 2417 2615 inter
2445 2555 2749 2614 orandum
2780 2555 2987 2627 ﬂetus,
3021 2557 3702 2626 audientiurn'animos
3731 2571 3794 2628 ad

599 2653 1150 2729 compunctionem
1185 2651 1479 2724 incitans,
1511 2653 1880 2730 psallentes,
1915 2653 2026 2713 Dei
2061 2653 2323 2729 gloriam
2354 2654 2764 2727 celebrantes,
2805 2656 3002 2731 legem
3035 2655 3291 2716 Domini
3342 2657 3453 2719 diu
3489 2671 3797 2744 noctuque

601 2753 1000 2822 meditantes,
1057 2751 1472 2813 exaltationes
1522 2753 1637 2812 Dei
1695 2753 2171 2829 in‘gutturibus
2197 2763 2243 2793 ⁵⁸
2273 2755 2586 2823 ferentes;
2637 2762 2825 2832 atque
2876 2755 3005 2816 haec
3060 2757 3247 2816 etiam
3289 2758 3428 2818 vitae
3462 2761 3597 2820 Deo
3629 2773 3799 2838 gratae

599 2850 860 2929 pulchra
899 2849 1130 2910 indicia
1157 2858 1216 2912 et
1246 2861 1637 2929 argumenta,
1673 2853 1975 2932 tacitique
2008 2870 2352 2931 praecones,
2376 2854 2629 2917 sordida
2654 2855 2954 2915 nimirum
2991 2862 3051 2915 et
3074 2857 3365 2934 squalida
3393 2876 3598 2933 coma,
3626 2865 3798 2940 pedes

596 2952 779 3022 nudi,
817 2953 1283 3030 etapostolicos
1309 2953 1656 3025 imitantes,
1690 2953 1847 3014 nihil
1890 2963 2211 3016 mortuum
2250 2954 2556 3028 ferentes,
2595 2962 2735 3033 apta
2761 2965 2821 3015 et
2858 2956 3180 3016 moderata
3231 2963 3509 3034 tonsura,
3541 2961 3794 3022 amictus

595 3049 823 3114 fasmm
856 3071 1175 3126 coercens,
1203 3071 1358 3115 zona
1401 3054 1769 3119 obornatus
1805 3053 2159 3131 neglectum
2190 3055 2353 3116 culta
2389 3062 2448 3116 et
2488 3062 2834 3120 ornata.....
2865 3059 3089 3120 oculus
3123 3060 3382 3122 minime
3416 3079 3636 3140 vagus,
3666 3065 3798 3124 sub-

599 3153 766 3214 risus
824 3155 1224 3219 blandus.....
1268 3157 1596 3218 silentium
1637 3173 1934 3218 sermone
1988 3155 2412 3232 praestantius,
2470 3156 2746 3218 laudatio
2781 3158 2910 3219 sale
2943 3159 3219 3230 condita,
3254 3177 3377 3220 non
3431 3162 3508 3220 ad
3571 3162 3797 3224 blandi-

598 3260 719 3320 tias
767 3269 1144 3336 comparata,
1179 3259 1290 3319 sed
1330 3258 1404 3320 ad
1453 3259 1713 3320 meliora
1763 3258 2068 3334 dirigens,
2110 3254 2468 3334 objurgatio
2527 3257 2889 3320 laudatione
2915 3259 3387 3336 optabilior.....
3424 3262 3654 3322 modus
3681 3271 3793 3324 tum

599 3361 663 3420 in
702 3376 1042 3422 commune
1100 3359 1479 3436 prodeundi,
1523 3367 1652 3420 tum
1689 3360 2052 3434 secedendi,
2094 3360 2212 3422 hoc
2261 3368 2326 3422 ut
2357 3360 2479 3439 ipsi
2531 3359 2802 3440 Spiritus
2830 3361 3149 3438 mysteriis
3186 3360 3594 3436 imbuuntur;
3623 3371 3793 3442 atque

598 3463 682 3522 ita
713 3468 1086 3538 utrumque,
1120 3468 1188 3522 ut
1245 3467 1305 3522 et
1362 3461 1428 3520 in
1483 3462 1804 3523 communi
1865 3462 2274 3523 solitudinem
2315 3468 2598 3536 servent,
2636 3468 2696 3521 et
2734 3462 2797 3521 in
2853 3460 3199 3522 solitudine
3244 3459 3580 3522 fraternam
3619 3463 3795 3521 bene-

599 3561 936 3622 volentiam
970 3568 1029 3622 et
1061 3559 1460 3635 charitatem;
1495 3568 1578 3634 et,
1605 3580 1748 3641 quas
1779 3562 1878 3622 his
1905 3562 2110 3624 adhuc
2153 3562 2385 3639 majora
2415 3570 2473 3623 et
2508 3562 2881 3624 sublimiora
2931 3570 3104 3634 sunt,
3141 3579 3294 3640 opes
3335 3563 3394 3622 in
3426 3570 3794 3639 paupertate,

598 3661 918 3738 possessio
951 3661 1015 3722 in
1057 3662 1585 3740 peregrinatione,
1624 3662 1822 3740 gloria
1854 3664 1914 3723 in
1950 3673 2340 3743 contemptu,
2377 3663 2652 3743 potentia
2690 3662 2757 3722 in
2785 3661 3168 3733 inﬁrmitate,
3203 3661 3552 3723 fecunditas
3597 3665 3657 3723 in
3693 3679 3795 3722 CIB-

602 3763 821 3836 Iibatu,
865 3763 1182 3840 siquidem
1225 3765 1675 3841 prestantiores
1707 3766 1870 3826 fetus
1905 3765 1996 3825 illi
2036 3771 2207 3833 sunt,
2241 3764 2356 3842 qui
2388 3763 2740 3823 secundum
2788 3762 2989 3822 Deum
3033 3759 3371 3831 exsistunt,
3406 3777 3598 3838 quam
3634 3759 3790 3837 quia

597 3879 784 3924 carne
815 3871 1020 3924 ortum
1053 3863 1292 3926 ducunt
1328 3887 1343 3927 :
1379 3868 1488 3942 qui
1526 3865 1773 3927 deliciis
1811 3866 2069 3927 minime
2107 3865 2365 3926 studere
2415 3880 2525 3941 pro
2556 3862 2801 3924 deliciis
2859 3861 3134 3935 habent;
3163 3861 3271 3939 qui
3313 3862 3484 3939 regni
3536 3863 3790 3922 ccelestis

596 3981 785 4027 causa
815 3966 1087 4028 humiles
1122 3973 1293 4042 sunt,
1327 3967 1439 4046 qui
1474 3952 1732 4029 nihilin
1771 3968 2006 4031 mundo
2044 3970 2277 4031 habent
2315 3977 2374 4030 et
2415 3982 2603 4042 supra
2635 3965 2944 4024 mundum
2979 3961 3319 4034 exsistunt,
3353 3961 3464 4040 qui
3503 3958 3780 4022 etiamin

596 4082 780 4126 carne
817 4073 991 4129 extra
1030 4084 1278 4128 carnem
1332 4071 1575 4144 vivunt,
1610 4071 1720 4150 qui
1781 4087 1889 4148 pro
1928 4073 2219 4151 portione
2273 4073 2475 4132 Deum
2535 4065 2793 4135 habent,
2826 4064 2939 4144 qui
2989 4071 3244 4142 propter
3277 4079 3540 4140 regnum
3594 4058 3788 4138 inopia

599 4163 901 4240 laborant,
936 4174 993 4227 et
1031 4174 1282 4245 propter
1311 4169 1594 4246 inOpiam
1630 4179 1910 4248 regnant.
1943 4199 1971 4231 υ

676 4267 764 4328 De
795 4267 1121 4338 monachis
1160 4276 1221 4332 et
1258 4270 1608 4346 virginibus
1640 4274 1772 4334 Deo
1821 4277 2012 4338 sacris
2048 4276 2140 4339 sic
2172 4277 2399 4338 iterum
2435 4273 2498 4334 in
2532 4271 2809 4334 carmine
2857 4269 3130 4333 iambico
3171 4268 3255 4346 (ά)
3291 4290 3306 4327 :

1269 4371 1398 4426 'Sed
1427 4373 1566 4442 quod
1593 4389 1806 4442 semper
1836 4392 1898 4430 ac
1922 4377 2170 4432 omnibus
2202 4375 2541 4430 nctissimum
2568 4383 2668 4440 est,

1295 4442 1484 4515 genus
1511 4445 1784 4499 iusonmes
1820 4449 2085 4514 virginum
2118 4447 2465 4515 psalmodias,

1288 4510 1536 4567 Virorum
1570 4530 1634 4568 ac
1660 4510 1940 4570 mulierum
1973 4510 2176 4570 natura;
2201 4516 2490 4570 olilitorum
2517 4553 2532 4575 ,

1291 4585 1509 4656 Quotret
1529 4584 1766 4652 qualium
1787 4587 1801 4639 l
1827 4603 1984 4656 quam
2021 4588 2085 4640 ad
2114 4587 2459 4645 Divinitatem
2480 4581 2868 4656 accedentium

1292 4654 1670 4726 goricinelitetn
1701 4667 1754 4710 et
1780 4654 1981 4726 angelis
2008 4657 2415 4725 respondentem
2445 4654 2668 4708 chorum

1302 4722 1597 4792 anlicem,
1636 4727 1686 4778 in
1717 4722 1933 4780 cmlo'et
1958 4729 2009 4780 in
2037 4722 2176 4780 terra
2206 4728 2529 4785 ordinatum,

1296 4791 1500 4848 Divitiae
1527 4795 1854 4851 laudatorem
1887 4797 2179 4864 maiestatis
2213 4807 2267 4848 et
2295 4805 2522 4848 naturae.

598 4851 894 4944 Nonima
925 4883 1213 4946 omnium
1263 4885 1583 4962 virginum
1621 4888 1767 4960 vita,
1802 4890 2155 4965 eademque
2195 4886 2443 4946 vivendi
2480 4886 2765 4946 instituta
2811 4904 2826 4941 :

1117 4982 1184 5058 (ε)
1212 4985 1276 5039 Δί
1306 4985 1403 5059 μὲν
1433 4987 1733 5059 ὁμηγερέες
1769 4987 1918 5059 ξυνὸν
1949 4988 2107 5041 πόθον
2133 4985 2500 5059 ἁμ-φιέπουσαι

1081 5127 1083 5130 η
1128 5055 1136 5058 ν
1167 5055 1170 5056 ν
1288 5055 1548 5126 υὺρανίοὑ
1584 5055 1748 5128 ζωῆς,
1780 5055 1871 5112 ἶσα
1899 5075 1956 5110 τε
1994 5055 2336 5128 μέτραβίου.

603 5147 755 5206 Aliae
789 5147 1046 5226 quidem
1083 5151 1276 5211 simul
1305 5159 1720 5229 congregatae,
1767 5155 1884 5214 sub
1921 5170 2048 5214 uno
2082 5152 2358 5213 conclavi
2390 5166 2729 5213 commune
2765 5148 3020 5209 vivendi
3054 5150 3414 5210 institutum
3445 5153 3758 5212 servabant

601 5266 942 5312 commune
976 5249 1366 5312 desiderium
1398 5249 1688 5313 foventes
1721 5253 2000 5315 coelestis
2037 5253 2202 5324 vitm,
2244 5251 2616 5328 similesque
2653 5251 2907 5312 vivendi
2947 5253 3170 5312 modos
3207 5259 3461 5312 secutae.

1362 5348 1448 5419 ἄρ’
1481 5351 1587 5426 toi;
1611 5351 1859 5426 ταχέεσσι
1888 5353 2195 5426 παρήμεναξ
2229 5353 2586 5426 αὸρανέουσιν,

1199 5419 1291 5470 Ἦὲ
1317 5423 1661 5488 κασιγνήτοις
1686 5422 1918 5492 μάρτυσι
1951 5419 2321 5493 άώῴροσύνηςζ

668 5509 712 5540 ⁸⁷
746 5513 867 5563 Act.
889 5509 1104 5578 v,l-H.
1179 5510 1225 5542 ⁸⁸
1251 5510 1390 5565 Psal.
1419 5527 1597 5578 cxux,
1626 5516 1678 5567 (ἱ.

669 5628 742 5697 (α)
767 5627 916 5700 Lege
929 5628 982 5693 3,
1004 5629 1143 5700 apud
1156 5631 1523 5692 Sirmundum,
1541 5630 1594 5684 in
1621 5634 1912 5700 appendice
1935 5634 2142 5687 Codicis
2330 5631 2399 5697 (τ)
2432 5629 2522 5683 Or.
2543 5628 2596 5691 6,
2619 5646 2671 5680 ιι.
2689 5628 2741 5681 2.

601 5696 821 5771 Themi?
863 5709 996 5771 tom.
1017 5696 1207 5771 l’oper.
1235 5702 1527 5764 variorum,
1553 5717 1605 5768 p.
1631 5696 1741 5761 περ
2328 5696 2405 5771 (αθ)
2440 5700 2616 5752 Carm.
2654 5700 2728 5771 με
2759 5707 2959 5771 virtute.

673 5769 744 5837 (ll)
764 5767 941 5853 Carm.
963 5767 1023 5836 ’4,
1061 5767 1133 5825 De
1156 5786 1310 5838 prwc.
1342 5771 1410 5823 ad
1431 5767 1666 5840 virgines.
2331 5767 2398 5840 (ei
2430 5772 2606 5825 tlarm.
2640 5769 2729 5833 48,
2763 5770 2831 5823 ad
2853 5768 3182 5822 llellenimu..
