3926 6410
1602 206 1629 226 θ

210 330 285 386 157
1110 312 1478 380 ΡΠᾹΣΕΑΤΙΟ
1515 323 1760 378 ΕΕΝΕΗΑ

1815 323 1923 378 JS.
1956 330 2031 364 ·-
2071 324 2251 379 rans
2288 310 2374 379 ui.
3265 317 3365 388 es

206 445 328 509 Alia
359 455 484 502 vero
517 439 670 500 intra
705 440 1255 519 paternaséthmos
1303 442 1572 503 inﬁrmis
1611 442 1980 503 assidebaut
2024 444 2416 518 parentibus,
2453 458 2729 522 quorum
2782 452 2995 505 Curam
3026 443 3365 524 'suscipie-

210 546 345 613 bant,
382 549 549 617 alque
582 538 770 599 etiam
804 537 1112 612 afﬁnium,
1148 559 1313 620 quos
1344 559 1477 603 suae
1506 541 1918 604 continentiae
1971 550 2163 605 testes
2216 541 2559 605 habebant.
2605 544 2706 605 Sic
2734 545 3131 619 Marcelline,
3166 548 3369 610 sancti

207 638 463 705 Ambrosii
493 652 692 710 soror,
726 653 899 698 sacra
947 639 1076 699 Deo
1111 639 1229 699 fuit
1268 642 1444 715 virgo
1482 640 1545 699 in
1593 642 1869 715 paternis
1904 640 2235 711 domibus;
2290 642 2382 704 sic
2420 643 2863 717 Eustochium,
2896 644 2988 706 sic
3018 647 3366 723 Principia,

205 744 423 817 aliaeque
452 752 563 797 non
598 753 841 815 paucae,
873 728 1377 819 Hieronymiano
1416 741 1657 801 calamo
1702 738 2056 813 celebratae,
2099 758 2241 819 quae
2303 741 2497 803 nullis
2531 759 2600 803 se
2665 744 3075 806 monasteriis
3108 743 3371 809 addixe-

204 848 327 912 rant,
370 845 421 900 et
450 838 560 898 sub
606 852 730 899 una
766 849 1097 915 parentum
1160 859 1311 903 cura
1335 841 1672 918 degebant.
1715 841 2169 917 Progrediente
2204 849 2514 920 tempore,
2537 842 2776 905 abusus
2808 844 3120 920 irrepsere
3155 868 3171 906 :
3212 864 3373 910 non-

200 942 351 1004 nullae
375 938 559 1001 exilis
592 939 952 1017 virginibus
1000 942 1353 1017 interdum,
1402 950 1511 1004 aut
1573 941 1947 1019 parentibus
1998 941 2439 1022 fratribusque
2497 943 2757 1015 orbatt‘e‘,
2814 952 2924 1006 aut
2976 945 3370 1022 inﬁrmitate,

196 1049 278 1102 aut
308 1043 659 1117 paupertate,
683 1047 791 1099 aut
825 1040 970 1101 aliis
1007 1042 1280 1103 incitatae
1338 1036 1719 1112 rationibus,
1756 1041 2025 1103 clericos
2059 1059 2379 1122 vagosque
2406 1043 2749 1106 monachos
2780 1045 2844 1107 in
2878 1048 3370 1109 contubernium

193 1141 538 1214 asciverunt;
591 1150 784 1217 atque
816 1142 896 1203 ita
927 1142 1161 1205 factum
1196 1152 1291 1206 est
1344 1152 1411 1204 ut
1472 1151 1802 1219 parentum
1844 1162 1914 1205 ac
1974 1140 2243 1205 fratrum
2305 1146 2442 1207 loco
2500 1148 2916 1209 succederent
2973 1148 3186 1210 clerici
3239 1150 3374 1210 sive

194 1240 456 1312 monachi,
491 1254 846 1322 συνείσακτοι,
884 1245 1334 1320 introductitii,
1376 1247 1487 1324 qui
1541 1244 1730 1306 etiam
1792 1243 2083 1306 honestis
2134 1247 2507 1307 nominibus
2563 1247 2749 1309 talem
2812 1254 2873 1308 et
2928 1255 3052 1309 tam
3118 1249 3371 1309 noxiam

191 1342 659 1405 consuetudinem
697 1347 1099 1424 obtegebant.
1168 1345 1333 1406 Hinc
1373 1352 1781 1421 agapetorum
1835 1352 1896 1405 et
1957 1353 2360 1422 agapetarum
2411 1345 2615 1423 origo,
2679 1346 2920 1424 quibus
3002 1346 3376 1407 nominibus

193 1450 285 1501 tam
322 1444 719 1519 periculosam
760 1447 1017 1510 vivendi
1058 1462 1347 1508 normam
1397 1445 1807 1507 decorabant.
1862 1442 2034 1507 Hinc
2086 1456 2450 1508 sanctorum
2492 1448 2775 1518 Patrum,
2822 1445 3096 1507 maxime
3151 1447 3379 1507 Hiero-

189 1542 327 1620 nymi
358 1545 624 1621 querelae
660 1548 1049 1624 deplorantis
1081 1547 1392 1609 intiictum
1451 1545 1801 1623 virginitati
1863 1547 2147 1622 vulnus;
2183 1548 2243 1608 in
2303 1548 2490 1625 epist.
2547 1550 2635 1607 De
2682 1546 2967 1608 custodia
2986 1547 3377 1626 virginitatis

187 1640 242 1698 ad
270 1642 650 1709 Eustochium
689 1668 704 1707 :
758 1664 786 1704 α
824 1650 1018 1711 Pudet
1055 1649 1294 1724 dicere,
1344 1647 1580 1728 inquit,
1615 1638 1771 1723 proh
1805 1646 2017 1707 nefas!
2050 1645 2249 1719 triste,
2288 1645 2395 1706 sed
2434 1662 2652 1707 verum
2706 1655 2818 1706 est.
2854 1647 3032 1707 Unde
3069 1647 3131 1706 in
3165 1646 3380 1708 Eccle-

184 1738 281 1798 sias
305 1751 691 1822 agapetarum
730 1749 928 1825 pestis
961 1749 1261 1809 introiit?
1298 1747 1474 1809 Unde
1519 1747 1661 1808 sine
1714 1743 1955 1819 nuptiis
1993 1743 2164 1805 aliud
2206 1760 2437 1804 nomen
2495 1746 2815 1805 uxorum?
2862 1746 2999 1806 ltDO
3034 1743 3203 1806 unde
3255 1761 3376 1805 nos

185 1859 297 1902 vum
340 1844 824 1908 concubinarum
879 1849 1130 1925 genus?
1167 1870 1193 1904 η
1243 1854 1361 1908 etc.
1421 1838 1643 1906 Tantis
1688 1842 1872 1904 malis
1904 1845 2103 1903 sancti
2168 1844 2385 1904 Patres
2446 1843 2729 1922 querelis
2790 1844 2952 1918 suis,
2994 1844 3380 1906 admonitio-

182 1942 330 2002 nibus
371 1949 426 2003 et
492 1946 772 2025 scriptis,
812 1966 927 2011 nec
984 1965 1111 2011 non
1165 1948 1434 2010 concilia
1481 1945 1725 2008 severis
1759 1945 1983 2007 edictis
2039 1945 2291 2006 obviam
2334 1945 2428 2006 ire
2466 1962 2590 2007 non
2633 1954 2999 2017 cessarunt;
3047 1962 3189 2022 qum
3227 1945 3377 2034 qui-

181 2041 290 2103 dem
327 2044 372 2104 si
405 2045 652 2123 singula
714 2066 1216 2115 commemorare
1278 2050 1531 2112 animus
1597 2053 1789 2119 esset,
1843 2045 2029 2121 longa
2093 2044 2276 2106 nobis
2327 2046 2605 2106 texenda
2658 2052 2828 2106 esset
2886 2043 3175 2106 historia.
3233 2044 3379 2104 Haec

177 2140 369 2203 dixisse
397 2155 484 2206 sat
523 2158 658 2221 est;
717 2150 826 2227 qui
876 2152 1055 2229 plura
1096 2151 1290 2226 volet,
1322 2151 1487 2227 legat
1520 2146 1788 2210 Antonii
1843 2144 2177 2206 Muratorii
2224 2146 2759 2225 Disquisitionem
2802 2145 2873 2205 de
2924 2145 3275 2217 Sunisactis
3323 2150 3379 2204 et

176 2244 418 2321 Agapetis
463 2245 525 2305 in
560 2247 897 2310 Anccdotis‘
935 2240 1189 2323 Graecis,
1228 2259 1380 2327 etc.,
1416 2250 1645 2312 Patavii
1678 2247 1860 2319 iri-It“,
1899 2264 2000 2305 an.
2046 2247 2220 2317 1709,
2260 2264 2317 2322 p.
2351 2240 2492 2306 218.

644 2347 1104 2412 Observationes
1154 2370 1322 2412 circa
1364 2349 1652 2411 Ecclesia:
1683 2347 2078 2427 disciplinam
2128 2366 2206 2408 ea:
2241 2349 2534 2425 Gregorii
2563 2351 2838 2427 scriptis.
3232 2434 3233 2437 η

234 2443 473 2505 Plurima
509 2448 571 2508 in
610 2449 904 2528 Gregorii
943 2452 1195 2531 scriptis
1234 2451 1686 2514 observatione
1717 2449 1909 2526 digna
1943 2456 2311 2521 occurrunt,
2345 2457 2469 2510 tam
2524 2449 2686 2510 circa
2727 2450 3030 2511 Ecclesia!
3081 2448 3379 2527 discipli-i

174 2555 307 2615 nam,
342 2564 520 2623 quam
557 2549 722 2612 circa
760 2565 1008 2613 morum
1044 2552 1320 2631 regulas.
1383 2551 1680 2614 Ecclesiae
1734 2547 1982 2628 asylum
2044 2548 2126 2609 iis
2185 2556 2386 2618 erant,
2427 2547 2537 2626 qui
2589 2548 2667 2609 ad
2728 2568 2833 2610 eas
2882 2549 3379 2627 confugiebant;

175 2644 309 2703 unde
338 2648 567 2709 nemini
607 2668 719 2713 eos
751 2653 1086 2716 extrahere
1121 2656 1379 2717 lieebat.
1434 2654 1689 2729 Insigne
1721 2648 1957 2729 profert
2008 2649 2370 2726 exemplum
2428 2650 2781 2727 Gregorius
2840 2650 2905 2710 in
2952 2653 3245 2711 oratione
3304 2650 3383 2710 de

174 2739 364 2806 Basilio
396 2745 504 2827 (α).
560 2775 591 2807 α
632 2753 889 2825 Mulieri
934 2756 1184 2817 cuidam
1222 2755 1621 2834 amplissimo
1674 2752 1812 2813 loco
1850 2758 2034 2823 natae,
2069 2750 2255 2827 cujus
2288 2750 2553 2811 maritus
2583 2752 2750 2812 haud
2805 2751 3050 2829 pridem
3097 2754 3382 2812 extremo

174 2841 286 2903 vita)
322 2844 417 2907 die
446 2847 711 2913 functus
743 2860 896 2927 erat,
924 2856 1163 2932 judicis
1194 2870 1483 2917 assessor
1540 2856 1665 2915 vim
1704 2853 2037 2925 afferebat,
2093 2852 2494 2928 invitamque
2524 2851 2598 2911 ad
2636 2852 2898 2931 nuptias
2952 2852 3379 2930 pertraliebat.

169 2937 265 3000 ista
292 2952 516 3022 autem,
549 2967 704 3014 cum
738 2953 909 3015 nulla
952 2955 1195 3016 ratione
1235 2956 1394 3017 hanc
1432 2958 1561 3019 vim
1631 2955 1914 3031 eti‘ugere
1949 2959 2240 3029 posset...
2294 2952 2370 3012 ad
2429 2968 2671 3012 sacram
2733 2966 3014 3013 mensam
3073 2948 3381 3028 confugit,

172 3038 457 3121 Deumque
488 3050 805 3113 adversus
844 3052 1004 3115 hanc
1038 3054 1336 3130 injuriam
1400 3062 1936 3133 propugnatorem
1972 3051 2096 3112 sibi
2134 3051 2417 3129 adeptat.
2482 3050 2651 3125 Quid
2690 3051 2959 3128 igitur...-
3021 3051 3380 3114 faciendum

168 3136 283 3210 fuit,
311 3159 427 3204 non
463 3145 610 3208 dico
651 3144 881 3228 Magno
917 3152 1175 3222 Basilio,
1207 3153 1315 3230 qui
1359 3154 1438 3213 de
1481 3151 1581 3212 his
1612 3154 1801 3215 rebus
1839 3153 2010 3229 leges
2069 3169 2331 3230 quoque
2365 3153 2668 3213 omnibus
2726 3158 3062 3226 statuerat,
3112 3153 3223 3215 sed
3274 3153 3385 3216 alii

170 3239 400 3317 cuipiam
435 3245 627 3327 longe
664 3251 770 3311 illo
814 3250 1126 3325 inferiOri,
1160 3252 1309 3312 dum
1376 3260 1584 3313 tamen
1651 3252 2023 3313 sacerdoti?
2080 3251 2246 3323 Quid
2306 3252 2505 3323 aliud,
2558 3253 2681 3313 nisi
2718 3263 2787 3313 ut
2843 3271 2978 3315 eam
3041 3260 3380 3327 assereret,

168 3342 447 3421 retineret,
481 3353 665 3412 omni
699 3371 849 3414 cura
885 3362 1192 3421 tueretur,
1228 3353 1341 3415 Dei
1403 3354 1758 3415 clementiae
1790 3358 1848 3414 et
1904 3350 2051 3429 legi,
2117 3367 2260 3430 quae
2298 3350 2605 3413 altaribus
2642 3351 2968 3414 honorem
3019 3352 3231 3413 haberi
3276 3352 3384 3431 jua

166 3440 266 3513 bet.
301 3464 550 3510 manum
594 3451 972 3530 porrigeret,
1008 3454 1223 3512 omnia
1254 3452 1537 3529 denique
1568 3452 1746 3530 prius
1800 3451 2035 3513 faceret
2078 3457 2140 3512 et
2202 3456 2545 3529 pateretur,
2601 3459 2792 3531 qnam
2848 3458 2915 3514 ut
2963 3452 3382 3513 inhumanius

165 3542 328 3606 ullum
360 3548 674 3611 adversus
734 3567 869 3612 eam
934 3550 1276 3613 consilium
1338 3551 1568 3625 iniret;
1623 3551 1846 3629 sicque
1879 3558 1939 3612 et
1998 3567 2282 3611 mensam
2318 3554 2813 3625 sacrosanctam,
2882 3560 2944 3615 et
2976 3552 3158 3613 fidem
3192 3553 3383 3614 etiam

164 3641 302 3706 illam
337 3665 477 3710 cum
511 3670 642 3729 qua
690 3651 961 3729 supplex
1014 3658 1169 3723 erat,
1203 3651 1587 3713 contumelia
1626 3651 2019 3713 alliceret?»
2080 3652 2216 3713 Non
2278 3669 2506 3729 passus
2544 3657 2637 3713 est
2688 3652 2962 3714 Basilius
3020 3653 3211 3715 ullam
3263 3651 3383 3730 piae

163 3744 337 3808 vidum
364 3750 671 3829 injuriam
709 3751 952 3823 inferri,
983 3753 1095 3813 sed
1132 3768 1267 3814 eam
1301 3752 1608 3812 adversus
1641 3753 1782 3832 ejus
1818 3761 2326 3830 persecutorem,
2357 3754 2660 3834 quamvis
2699 3754 3048 3817 Dominicze
3079 3754 3385 3832 Augustin

162 3848 417 3921 praesidio
461 3851 730 3921 fretum,
762 3852 935 3913 omni
973 3869 1094 3929 Ope
1144 3859 1204 3914 et
1238 3869 1425 3929 opera
1460 3859 1701 3914 tutatus
1735 3862 1853 3915 est.

222 3948 430 4013 Priscis
460 3952 777 4015 Ecclesiae
823 3954 1223 4030 temporibus
1260 3951 1771 4015 Christianorum
1813 3972 1948 4016 mos
1984 3962 2141 4028 erat,
2176 3961 2245 4017 ut
2274 3954 2550 4035 quilibet
2608 3956 2884 4036 propriis
2920 3955 3216 4017 manibus
3249 3954 3381 4014 Eua

158 4049 432 4116 charistim
465 4054 801 4116 materiam
838 4054 1136 4129 eﬂiceret,
1181 4055 1379 4134 hique
1413 4072 1609 4134 panes
1642 4073 1866 4117 omnes
1900 4057 1961 4116 in
2007 4056 2223 4117 divina
2259 4074 2475 4119 mensa
2526 4058 2932 4121 offerrentur.
2964 4058 3056 4119 Ne
3098 4048 3382 4137 impera-

160 4155 234 4208 ter
255 4154 504 4230 quidem
541 4155 625 4216 ab
660 4152 777 4216 hoc
810 4172 929 4217 usu
966 4155 1123 4216 liber
1153 4163 1308 4225 erat,
1353 4166 1419 4217 ut
1453 4154 1750 4232 exemplo
1810 4146 2097 4215 Valentis
2131 4154 2439 4216 discimus
2474 4176 2490 4218 :
2533 4179 2561 4213 α
2599 4154 2756 4217 Cum
2816 4157 3004 4230 dona,
3036 4172 3181 4235 quae
3217 4156 3386 4234 ipse-i

156 4259 277 4323 met,
308 4260 370 4315 ut
400 4256 636 4317 scribit
669 4255 1018 4334 Gregorius
1057 4254 1169 4334 (b),
1214 4256 1538 4326 eliecerat,
1580 4252 1812 4314 divinm
1856 4266 2090 4315 mensae
2121 4256 2444 4318 offerenda
2478 4271 2716 4330 essent,
2756 4281 2783 4312 »
2832 4267 2953 4318 etc.

216 4349 433 4417 Omnes
462 4356 667 4418 simul
715 4356 953 4428 fideles,
996 4355 1113 4416 viri
1151 4372 1221 4416 ac
1258 4355 1585 4428 mulieres,
1618 4354 1979 4435 psalmosin
2010 4354 2288 4433 Ecclesia
2310 4355 2715 4417 decantantes
2768 4340 3073 4417 sedebant
3121 4377 3136 4414 :
3174 4378 3203 4411 α
3253 4357 3381 4416 Nos

153 4468 267 4513 cum
300 4457 532 4518 vetulis
587 4456 887 4518 sedemus
934 4463 995 4518 et
1066 4455 1403 4533 psallimus
1467 4456 1568 4534 (ο).
1609 4477 1638 4512 ››
1684 4455 1947 4532 Signum
1990 4458 2193 4519 crucis
2229 4459 2290 4519 in
2323 4459 2552 4536 quovis
2574 4476 2720 4519 casu
2772 4458 2992 4520 efﬁcax
3026 4457 3380 4518 remedium

154 4548 498 4620 habebatur.
545 4558 802 4631 Quanta
832 4558 913 4618 sit
947 4557 1139 4636 hujus
1175 4557 1341 4634 signi
1382 4559 1501 4632 vis,
1540 4556 1952 4619 manifestum
1990 4567 2083 4620 est
2141 4577 2221 4620 ex
2259 4575 2335 4621 eo
2389 4560 2559 4637 quod
2602 4558 2864 4620 Juliano
2909 4561 2985 4619 de
3021 4559 3211 4620 rebus
3245 4558 3381 4619 suis

150 4656 435 4721 dtemones
491 4660 868 4722 consulenti
928 4660 1275 4736 contigisse
1339 4669 1547 4723 narrat
1607 4662 1706 4722 bis
1765 4660 1979 4723 verbis
2020 4659 2367 4735 Gregorius
2403 4657 2489 4737 (ά)
2545 4680 2560 4719 :
2613 4660 2749 4720 «Ut
2786 4667 2996 4722 autem
3052 4656 3380 4734 egregium

152 4752 323 4817 virum
362 4760 888 4840 progredientem
931 4767 1205 4821 terrores
1238 4760 1470 4821 adoriri
1508 4770 1858 4841 coeperunt,
1897 4779 1967 4823 ac
2002 4760 2276 4821 subinde
2337 4758 2554 4837 plures
2604 4776 2674 4819 ac
2707 4758 3244 4820 formidabiliores
3281 4772 3385 4818 so-

148 4873 241 4918 nos
281 4862 603 4937 quosdam
658 4860 975 4925 insuetos.
1026 4860 1235 4933 aiunt,
1288 4869 1614 4939 tetrosque
1643 4864 1870 4924 odores
1903 4869 2098 4940 atque
2138 4861 2326 4938 ignea
2373 4868 2640 4939 spectra,
2675 4869 2737 4922 et
2790 4861 3008 4921 nescio
3050 4877 3209 4937 quas
3265 4876 3385 4921 nu-

148 4974 236 5032 gas
270 4968 326 5021 et
355 4963 813 5033 deliramenta,
855 4960 945 5020 rei
985 4961 1266 5023 novitate
1305 4963 1713 5040 perculsus...
1744 4964 1818 5024 ad
1847 4979 2104 5024 crucem
2140 4970 2453 5039 vetusque
2488 4962 2843 5023 remedium
2886 4960 3199 5037 confugit,
3234 4957 3385 5021 hoc;

144 5074 245 5133 que
276 5079 339 5123 se
400 5064 725 5125 adversus
767 5070 1042 5122 terrores
1098 5062 1458 5139 consignat,
1518 5082 1819 5142 eumque,
1865 5079 2053 5140 quem
2114 5062 2663 5141 persequebatur,
2703 5062 3157 5141 Opitulatorein
3215 5061 3379 5121 ascia

144 5160 308 5223 scit...
347 5166 577 5227 Valuit
631 5162 1061 5242 signaculum,
1105 5163 1341 5224 cedunt
1403 5165 1744 5239 daemones,
1802 5165 2131 5243 pelluntur
2174 5164 2458 5225 timores.
2532 5164 2700 5236 Quid
2759 5163 3039 5225 deinde?
3091 5160 3386 5239 ReSpirat

142 5260 394 5340 malum;
441 5282 685 5327 rursus
722 5264 1049 5327 audaciam
1104 5264 1404 5342 concipit,
1444 5281 1668 5324 rursus
1720 5265 2106 5342 aggreditur,
2159 5281 2379 5325 rursus
2416 5263 2607 5324 iidem
2652 5274 2923 5325 terrores
2958 5270 3209 5339 urgent,
3250 5275 3388 5321 rur-

138 5375 230 5423 sus
268 5367 685 5446 signaculum
739 5367 1103 5437 adhibetur,
1171 5383 1242 5428 ac
1275 5366 1605 5426 daemones
1650 5368 2138 5446 conquiescunt.
2174 5365 2385 5425 Haeret
2419 5364 2674 5425 consilii
2716 5364 2902 5441 inolis
2944 5364 3325 5442 discipulus.
3355 5384 3384 5419 ν

136 5462 328 5529 Sacros
360 5470 602 5548 iejunii
646 5469 781 5531 dies
814 5467 1028 5529 fideles
1059 5468 1510 5544 observabant,
1544 5466 1802 5543 quidam
1861 5466 2051 5528 etiam
2107 5462 2274 5526 ultra
2308 5464 2495 5527 vires.
2567 5487 2597 5519 α
2632 5462 2948 5540 Christus,
2987 5464 3198 5543 inquit
3229 5464 3388 5525 Grea-

192 5678 258 5755 (ζ’)
417 5684 517 5747 45,
554 5699 616 5736 n.
639 5681 726 5737 56.
1881 5674 1956 5755 ,(9)
2096 5670 2154 5755 ξ,
2203 5669 2391 5755 η.ῃὲδὲ

188 5738 255 5820 (ὁ)
286 5754 451 5821 lbid.,
501 5738 570 5806 ἰ..
600 5754 687 5808 52.
1874 5738 1950 5817 (lt)
1976 5745 2069 5799 υτ.
2094 5743 2149 5810 4,
2175 5756 2227 5797 ιι.
2252 5739 2341 5809 55,
2362 5738 2446 5795 ὅδε

342 5849 640 5908 Ριεινειοι.
688 5847 806 5908 Gn.
852 5830 1119 5907 XXXV,

2988 5835 3025 5898 ὃ
