3926 6410
610 295 678 357 59
1545 308 1911 367 PREFATIO
1947 308 2356 369 GENERALIS.
2394 340 2464 352 —-
2503 308 2685 366 PARS
2721 306 2812 364 111.
3700 306 3793 364 “0

574 419 802 498 gorius
831 418 936 498 (a),
974 423 1157 498 pauto
1181 432 1329 486 ante
1371 430 1780 490 tentationem
1808 431 2156 508 jejunavit;
2217 445 2332 490 nos
2363 436 2505 490 ante
2538 425 2850 489 Pascha...
2877 421 2989 486 Ille
3023 430 3192 489 totos
3223 425 3631 504 quadraginta
3668 425 3792 491 dies

569 541 606 584 a
643 523 786 584 cibo
820 524 1164 604 abstinuit,
1202 533 1418 602 utpote
1465 529 1669 598 Deus;
1717 548 1832 594 nos
1886 537 2098 592 autem
2145 529 2220 591 ad
2273 527 2506 590 virium
2556 539 2912 592 nostrarum
2968 525 3299 587 modulum
3335 525 3666 605 ljejunium
3713 538 3794 591 at-

570 622 1098 700 temperavimns,
1134 623 1378 686 etiamsi
1419 630 1702 705 quidam,
1738 631 1872 690 zelo
1909 627 2196 706 impulsi,
2240 626 2400 690 ultra
2437 629 2670 691 virium
2731 630 3092 690 facultatem
3147 629 3212 690 in
3241 629 3591 708 jejunando
3663 651 3790 708 pro-

583 725 818 787 siliant.
853 747 886 782 ιυ
923 725 1047 798 Qui
1098 742 1267 785 sacra
1318 725 1561 804 jejunia
1610 745 1734 788 non
1779 727 2206 800 celebrabant,
2247 727 2692 804 arguebantur.
2755 725 2854 786 Sic
2900 724 3248 802 Gregorius
3303 724 3530 786 acriter
3588 727 3789 805 praefe-

581 833 773 896 ctum,
805 824 896 886 ob
928 823 1217 884 violatam
1248 825 1472 903 jejunii
1533 826 1760 904 legem,
1805 827 2088 905 increpat
2123 827 2204 902 (b)
2250 849 2265 888 :
2308 850 2336 883 α
2369 827 2599 906 Inique
2656 825 2814 904 agis,
2844 842 2882 887 ο
2923 826 3146 906 judcx,
3205 827 3317 903 qui
3370 845 3493 888 non
3533 828 3786 909 jejunes.

570 932 646 992 Et
687 931 1010 1010 quomodo
1047 931 1218 1007 leges
1257 913 1916 1000 humanas'scrvabis,
1949 927 2063 1007 qui
2094 927 2351 988 divinas
2383 928 2764 999 contemnis,
2815 934 2875 988 et
2915 942 3026 1003 pro
3079 926 3285 989 nihilo
3317 927 3548 989 ducis?
3582 951 3610 984 ι

643 1031 1038 1094 Mortuomm
1073 1045 1329 1107 corpora
1373 1045 1596 1105 magno
1641 1038 1940 1104 apparatu
1975 1027 2190 1088 fideles
2247 1026 2494 1087 tumulo
2538 1026 3024 1103 componebant,
3073 1027 3483 1104 ut.exemplo
3516 1039 3609 1089 est
3641 1029 3787 1092 Con-

573 1130 864 1190 stantius
902 1129 1263 1208 imperator.
1301 1154 1327 1185 α
1363 1129 1474 1190 llle
1537 1131 1753 1207 igitur,
1825 1138 1892 1190 ut
1943 1135 2150 1190 narrat
2193 1125 2534 1204 Gregorius
2601 1127 2705 1206 (ε),
2767 1125 3038 1205 publicis
3094 1127 3426 1204 praeconiis
3457 1127 3786 1207 faustisque

564 1226 918 1300 ominibus,
954 1247 1025 1290 ac
1062 1229 1289 1291 eelebri
1344 1246 1565 1308 pompa
1613 1228 1977 1305 deducitur,
2040 1229 2490 1309 religiosisque
2537 1229 2722 1290 etiam
2769 1229 2868 1290 his
2929 1229 3165 1291 nostris
3220 1229 3469 1303 oﬂiciis,
3517 1235 3634 1296 hoc
3682 1246 3781 1314 est,

565 1329 894 1389 nocturnis
927 1329 1355 1400 cantionibus,
1389 1349 1460 1391 ac
1491 1347 1819 1392 cereorum
1875 1329 2155 1407 ignibus,
2201 1329 2436 1408 quibus
2478 1345 2592 1390 nos
2625 1330 2968 1397 Christiani
3006 1332 3177 1408 pium
3218 1352 3252 1396 e
3287 1333 3412 1396 vita
3449 1336 3777 1400 discessum

565 1427 920 1490 ornandum
957 1430 1420 1494 existimamus.
1453 1455 1480 1487 υ
1523 1432 1622 1492 Sic
1661 1434 1846 1494 etiam
1889 1429 2225 1508 exsequias
2258 1428 2560 1490 describit
2601 1429 2942 1506 Gregorius
2979 1431 3092 1512 (α).
3131 1434 3364 1498 «Nobis
3409 1457 3667 1517 magnus
3697 1444 3782 1507 ille

568 1531 884 1595 Caesarius
919 1541 1202 1594 servatus
1238 1545 1355 1601 est,
1391 1533 1552 1594 cinis
1615 1533 1959 1609 pretiosus,
1999 1538 2289 1590 mortuus
2324 1529 2637 1602 laudatus,
2695 1529 2950 1608 hymnis
2986 1531 3110 1592 sibi
3163 1537 3651 1602 succedentibus
3681 1542 3778 1605 de-

566 1633 821 1706 ductus,
859 1630 933 1692 ad
985 1638 1327 1710 martyrum
1362 1633 1626 1693 sacraria
1675 1650 1818 1694 cum
1865 1648 2086 1709 pompa
2123 1633 2376 1705 ductus,
2411 1631 2644 1691 sanctis
2694 1638 3024 1706 parentum
3085 1636 3382 1698 manibus
3431 1637 3773 1713 honoratus,

565 1737 767 1792 matre
813 1732 1076 1794 candida
1129 1742 1300 1796 veste
1337 1733 1554 1796 induta
1594 1732 1886 1809 pietatem
1927 1732 2176 1792 mmrori
2228 1730 2638 1807 subrogante,
2675 1729 2968 1806 lacrymis
3002 1747 3038 1792 a
3074 1733 3479 1814 phil050phia
3536 1757 3776 1818 supera-

566 1833 672 1900 tis,
706 1833 1080 1911 psalmodiis
1113 1835 1348 1896 luctum
1405 1835 1855 1895 sedantibus...
1924 1833 1996 1911 (e)
2028 1835 2234 1910 Atque
2285 1830 2405 1889 alia
2459 1831 2716 1907 quidem
2783 1831 3235 1909 persolvimus,
3275 1836 3396 1896 alia
3436 1853 3584 1898 vero
3629 1840 3778 1899 dabi-

565 1951 732 2005 mus,
768 1935 1233 1997 anniversarios
1276 1935 1549 1997 honores
1587 1945 1646 1995 et
1697 1937 2334 1995 commemorationes
2366 1935 2733 2007 offerentes,
2767 1934 2808 1994 ii
2855 1934 3118 2012 quidem
3189 1939 3380 2005 certe,
3423 1934 3533 2010 qui
3581 1951 3774 2014 ευμεν-

563 2033 742 2094 stites
782 2043 991 2097 erunt.
1033 2056 1064 2091 »
1111 2035 1274 2095 Hinc
1309 2041 1474 2112 patet
1511 2035 2045 2095 consuetudinem
2096 2033 2297 2094 fuisse
2351 2035 2564 2104 etiam,
2604 2039 2671 2094 ut
2718 2033 2992 2096 honores
3049 2033 3470 2096 anniversarii
3525 2043 3584 2096 et
3630 2053 3774 2098 com-

561 2135 1060 2197 memorationes
1101 2137 1179 2196 ab
1213 2135 1314 2207 iis,
1347 2136 1457 2214 qui
1508 2135 1884 2212 superstites
1925 2143 2124 2204 erant,
2160 2135 2564 2196 offerrentur.

637 2234 866 2295 Prmter
896 2233 1052 2296 festa
1085 2236 1425 2314 praecipua,
1484 2253 1710 2314 nempe
1759 2236 1998 2296 Natalis
2049 2234 2328 2308 Domini,
2381 2235 2774 2314 Epiphanius,
2836 2237 3120 2312 Paschm,
3159 2239 3590 2312 Pentecostes,
3639 2237 3770 2301 festa

559 2340 750 2399 etiam
799 2340 1230 2418 apostolorum
1287 2337 1839 2414 Constantinopoli
1899 2337 2405 2406 celebrabantur,
2449 2354 2562 2399 nec
2613 2355 2742 2399 non
2804 2348 3178 2417 martyrum,
3227 2357 3393 2422 quos
3455 2341 3614 2400 inter
3660 2357 3760 2398 nu-

561 2442 975 2502 merabantur
1007 2441 1368 2503 Macbabaai.
1407 2439 1857 2514 Apostolorum
1910 2455 2185 2516 namque
2216 2437 2373 2498 festa
2421 2437 2506 2498 ibi
2546 2455 2614 2501 se
2674 2439 3053 2512 celebrasse,
3090 2441 3206 2502 etsi
3243 2460 3368 2502 non
3423 2462 3608 2519 saepe,
3638 2445 3770 2505 inter

562 2539 1049 2601 valedicendum
1086 2547 1350 2602 testatur
1377 2539 1722 2617 Gregorius
1757 2538 1853 2619 (f).
1919 2562 1946 2593 «
1983 2538 2234 2612 Valete,
2267 2537 2561 2614 apostoli,
2617 2540 2904 2616 praaclara
2949 2541 3222 2612 colonia,
3257 2544 3620 2605 certaminis
3669 2545 3765 2605 mei

561 2637 870 2714 magistri,
904 2639 1018 2700 etsi
1081 2640 1294 2701 minus
1348 2656 1515 2718 saepe
1569 2639 1726 2701 festa
1786 2645 1986 2700 vestra
2029 2637 2370 2699 celebravi.
2425 2661 2464 2695 -η
2522 2638 2589 2699 lu
2644 2639 2877 2701 festum
2931 2643 3124 2703 sancti
3175 2641 3470 2720 Cypriani
3517 2644 3768 2721 martyris

560 2731 912 2801 oratiunem
950 2741 1024 2800 ad
1071 2742 1375 2819 populum
1409 2743 1630 2804 habuit
1661 2739 2034 2819 Gregorius,
2086 2758 2202 2801 nec
2237 2755 2361 2799 non
2413 2739 2596 2800 aliam
2647 2741 2708 2800 in
2775 2738 3008 2802 festum
3064 2740 3594 2815 Machabaaorum,
3629 2760 3765 2822 quo-

563 2858 701 2900 rum
737 2839 876 2900 dies
906 2839 1106 2900 festus
1146 2841 1692 2919 Constantinopoli
1730 2841 2034 2923 agebatur
2071 2857 2088 2899 :
2141 2860 2169 2893 σ
2203 2837 2324 2911 Qui
2365 2838 2659 2916 quamvis
2693 2840 2801 2918 (g),
2841 2841 3006 2916 apud
3057 2839 3291 2902 multos
3325 2858 3456 2902 non
3490 2841 3766 2904 honoren-

561 2956 684 3016 tnr,
718 2941 868 3024 quia
917 2959 1045 3004 non
1101 2951 1240 3022 post
1276 2943 1594 3006 Christum
1628 2945 2057 3012 decertarunt,
2091 2941 2266 3018 digni
2303 2947 2453 3000 sunt
2507 2946 2715 2999 tamen
2749 2940 2861 3020 qui
2900 2941 2977 3002 ab
3015 2941 3315 3001 onmibus
3369 2941 3607 3005 honore
3654 2944 3762 3005 alli-

558 3046 830 3117 ciantur,
867 3044 1171 3121 quoniam
1241 3061 1352 3122 pro
1423 3043 1667 3121 legibus
1716 3043 2158 3121 institutisque
2233 3042 2451 3118 patriis
2513 3039 2738 3103 fortem
2803 3043 3087 3105 animum
3165 3042 3610 3120 prtastiterunt.
3657 3045 3753 3118 Qui

561 3169 748 3228 porro
779 3156 921 3212 ante
969 3148 1202 3210 Christi
1241 3145 1603 3226 passionem
1636 3145 2013 3222 martyrium
2074 3142 2436 3215 subierunt,
2467 3143 2621 3221 quid
2690 3145 2940 3206 tandem
3016 3143 3243 3205 facturi
3311 3152 3514 3218 erant,
3557 3146 3606 3206 si
3651 3153 3760 3222 post

557 3252 882 3314 Christum
930 3247 1436 3327 persecutionem
1472 3245 1635 3324 passi
1673 3244 1969 3316 fuissent,
2025 3242 2292 3321 ejusque
2342 3249 2607 3302 mortem
2660 3243 2882 3304 salutis
2931 3252 3162 3306 nOSlt‘tB
3211 3262 3399 3307 causa
3449 3261 3756 3328 susceptam

561 3357 635 3418 ad
665 3355 1048 3416 imitandum
1086 3348 1476 3428 propositam
1508 3345 1929 3408 habuissent?
1966 3367 1992 3399 ι)
2027 3344 2278 3417 Quibus
2327 3342 2669 3404 virtutibus
2705 3343 3087 3424 pietatisque
3116 3348 3424 3424 operibus
3467 3352 3612 3410 festa
3639 3365 3755 3410 san-

563 3465 837 3528 ctorum,
861 3455 1178 3533 praecipue
1205 3458 1580 3538 martyrum,
1599 3446 2124 3519 cohonestentur,
2151 3444 2342 3520 digno
2364 3453 2672 3506 caraetere
2697 3445 3088 3524 exprimit,et
3113 3447 3347 3511 exinde
3370 3450 3435 3511 in
3464 3451 3585 3512 haec
3607 3451 3755 3512 verba

559 3556 968 3634 prosequitur
1001 3551 1130 3633 (It):
1169 3575 1196 3608 ‹‹
1223 3551 1283 3611 Si
1316 3551 1396 3612 ita
1427 3549 1873 3619 convenimus,
1898 3551 2006 3606 aut
2037 3544 2506 3616 concurrimus,
2545 3563 2760 3607 revera
2786 3547 3013 3608 festum
3041 3547 3207 3609 hunc
3231 3549 3428 3622 diem,
3465 3561 3527 3612 ut
3550 3551 3754 3612 Christo

557 3665 806 3734 gratum
852 3665 973 3726 est,
1021 3655 1439 3726 celebramus,
1476 3665 1691 3712 revera
1729 3654 2036 3724 martyres
2068 3647 2307 3706 honore
2345 3645 2698 3720 effecimus,
2727 3654 2834 3708 aut.
2865 3647 3237 3720 alliciemus,
3298 3667 3515 3712 revera
3573 3652 3757 3710 trium-

562 3756 814 3841 phalem
853 3759 1146 3822 choream
1181 3753 1448 3831 agimus.
1482 3749 1589 3809 Sin
1643 3753 1860 3822 autem
1885 3760 1962 3805 eo
1994 3742 2438 3816 coovenimus,
2464 3751 2532 3806 nt
2573 3746 2810 3806 ventris
2847 3747 3279 3823 voluptatibus
3317 3749 3749 3827 indulgeamus,

561 3870 623 3923 et
658 3859 849 3922 ﬂuxis
881 3877 952 3922 ac
988 3856 1164 3919 brevi
1215 3850 1515 3932 perituris
1559 3846 1808 3910 deliciis
1872 3844 2180 3916 fruamur,
2229 3861 2453 3921 eaque,
2519 3861 2661 3924 qum
2721 3860 2866 3905 mox
2925 3855 3336 3919 evacuantur,
3405 3850 3751 3916 inferamus;

559 3971 758 4042 atque.
789 3960 920 4020 brec
965 3959 1128 4032 loca,
1179 3970 1304 4016 non
1344 3949 1794 4030 temperantia),
1829 3944 1936 4008 sed
1972 3945 2264 4024 crapulae,
2303 3953 2364 4004 et
2399 3945 2529 4005 haec
2582 3954 2891 4021 tempora,
2927 3963 3051 4006 non
3085 3947 3436 4024 Spiritualis
3467 3965 3748 4019 ascensus,

559 4080 630 4122 ac
663 4059 811 4138 (nisi
863 4058 986 4120 hoc
1029 4077 1061 4119 a
1101 4074 1199 4118 me
1231 4052 1534 4115 audacius
1588 4049 1826 4111 dictum
1873 4045 2182 4122 videatur)
2235 4043 2583 4105 divinitatis
2641 4045 3134 4123 conseque-uda),
3182 4049 3365 4126 cujus
3417 4051 3747 4112 mediatores

559 4176 709 4229 sunt
759 4173 1091 4234 martyres,
1136 4157 1248 4218 sed
1283 4169 1491 4215 rerum
1525 4147 1944 4229 gerendarum
1985 4152 2046 4206 et
2077 4142 2578 4220 negotiationum
2639 4153 2919 4220 tempora
2980 4160 3122 4204 esse
3170 4145 3594 4207 arbitremur:
3645 4143 3747 4222 pri-

561 4227 734 4327 ηζυηι
770 4227 1028 4344 quidem
1074 4227 1244 4338 quod
1285 4253 1402 4312 hoc
1435 4227 1701 4326 tempori
1733 4244 2090 4342 conveniat,
2125 4241 2291 4303 haud
2346 4257 2645 4318 agnosco.
2683 4241 2851 4315 Quid
2885 4245 3056 4305 enim
3093 4245 3286 4306 palea)
3345 4260 3488 4306 cum
3537 4240 3747 4303 tritico?

557 4365 713 4442 quid
746 4331 950 4425 carnis
988 4331 1294 4436 voluptati
1343 4368 1486 4415 cum
1527 4331 1874 4428 martyrum
1922 4343 2420 4409 certaminibus?
2459 4367 2487 4399 ιι
3480 4400 3486 4408 _

633 4461 994 4539 Hospitales
1035 4464 1212 4518 erant
1241 4449 1620 4516 Christianis
1652 4446 2054 4526 excipiendis
2087 4445 2340 4514 domus,
2375 4460 2520 4524 qua)
2569 4453 2635 4506 ut
2687 4443 3052 4525 perfugium
3085 4446 3397 4509 adversus
3436 4443 3737 4505 humanam

556 4561 984 4624 infirmitatem
1015 4565 1206 4636 atque
1256 4551 1562 4614 adversus
1601 4547 1891 4608 miserias
1931 4548 2318 4627 paupertatis
2355 4547 2770 4610 habebantur.
2807 4551 3001 4611 Unam
3039 4550 3312 4610 Basilius
3346 4555 3525 4610 extra
3565 4545 3740 4604 urbem

553 4659 898 4722 cmgaream
931 4653 1290 4724 aedificavit,
1332 4652 1514 4730 cujus
1577 4647 2075 4726 descriptionem
2123 4666 2157 4708 a
2215 4646 2525 4723 Gregorio
2585 4647 2809 4708 factam
2876 4647 2998 4709 huc
3055 4648 3288 4710 referre
3339 4643 3610 4726 juvabit,
3655 4651 3743 4699 nec

557 4762 766 4839 legere
809 4756 1051 4835 pigebit
1103 4756 1170 4835 (ἰ)
1215 4776 1230 4814 :
1269 4776 1298 4809 α
1323 4749 1660 4813 Paululum
1698 4755 1872 4808 extra
1905 4746 2223 4808 civitatem
2264 4747 2489 4824 pedem
2535 4749 2714 4821 ell'er,
2767 4765 2838 4811 ac
2867 4764 3090 4809 novam
3118 4749 3436 4810 civitatem
3470 4743 3740 4819 conspice.

557 4859 714 4923 illud
753 4856 1008 4937 pietatis
1047 4850 1574 4931 promptuarium,
1603 4863 1944 4909 commune
1976 4846 2365 4922 locupletum
2415 4847 2735 4919 aerarium,
2765 4846 2830 4908 in
2861 4866 3013 4927 quo.
3049 4866 3174 4910 non
3208 4849 3401 4911 modo
3435 4842 3741 4908 redundan-

555 4966 646 5021 tes
671 4978 742 5021 ac
772 4954 1111 5035 superfluas
1141 4968 1320 5028 epes,
1351 4949 1459 5011 sed
1488 4948 1613 5026 jam
1655 4945 2028 5008 necessarias
2068 4961 2327 5024 quoque
2356 4944 2690 5007 facultates
2725 4965 2834 5025 per
2855 4948 3030 5010 illius
3062 4950 3532 5013 cohortationes
3561 4957 3739 5008 recon-

553 5059 869 5121 duntur...
900 5055 963 5116 in
998 5070 1127 5132 quo
1146 5051 1404 5113 morbus
1436 5065 1620 5127 aequo
1651 5047 1865 5108 animo
1893 5045 2218 5118 toleratur,
2250 5053 2313 5106 et
2350 5047 2673 5109 calamitas
2700 5049 2880 5111 beata
2910 5058 3228 5125 censetur,
3266 5058 3325 5115 et
3356 5040 3736 5113 misericordia

555 5157 1024 5234 exploratum...
1058 5151 1217 5211 Mihi
1259 5165 1407 5211 vero
1437 5149 1608 5208 nulla
1644 5165 1742 5209 res
1781 5146 2039 5223 perinde
2075 5145 2472 5209 admirabilis
2507 5148 2785 5225 videtur,
2819 5157 3011 5230 atque
3048 5151 3518 5231 compendiaria
3543 5146 3655 5208 haec
3679 5137 3732 5200 ad

555 5253 822 5316 salutem
861 5254 982 5326 via,
1014 5249 1226 5314 facilis
1251 5251 1318 5312 in
1348 5248 1578 5313 ccelum
1609 5264 1941 5313 ascensus.
1976 5269 2004 5303 ι

645 5442 699 5502 a)
729 5441 823 5495 Or.
846 5450 936 5502 au,
969 5459 1022 5493 ιι.
1042 5441 1131 5495 50.

2304 5433 2368 5506 (f)
2404 5435 2494 5506 0r.
2530 5436 2620 5500 42,
2652 5451 2706 5491 ιι.
2746 5435 2834 5492 26.

645 5512 694 5579 b)
721 5511 886 5579 Epist.
913 5513 982 5563 ul.
1021 5511 1105 5565 74.

2314 5504 2488 5579 [q)(_l_r.
2520 5507 2606 5570 15,
2638 5524 2690 5560 ιι.
2718 5506 2768 5579 1ῗ

619 5577 690 5646 (c)
716 5577 810 5650 ei.
839 5581 891 5650 5.
925 5597 977 5633 ιι.
1004 5581 1108 5650 te;

2300 5582 2375 5647 (Ii)
2396 5577 2496 5650 κον.
2516 5579 2551 5650 1
2569 5582 2614 5638 t.
2654 5593 2706 5630 ιι.
2737 5577 2787 5650 5.

624 5654 698 5716 (ιιι
735 5649 828 5704 0r.
856 5649 909 5713 7,
940 5648 1106 5720 n.7l,5.‘

2302 5651 2360 5720 (ι)
2386 5649 2478 5704 υιο.
2501 5648 2588 5718 45,
2624 5665 2677 5704 ιι.
2711 5649 2797 5703 es.
2859 5707 2863 5714 ,

628 5725 692 5792 (ε)
725 5721 880 5787 lbid.,
912 5736 967 5806 ρ.
1000 5719 1081 5775 l7.
