3926 6410
234 360 308 415 1M
1151 350 1521 415 PRJEFATIO
1559 360 1784 417 GENER

1862 351 1967 416 .ls.
2010 392 2080 402 --
2117 349 2296 416 βΑῐὶε
2327 356 2412 418 ut.
3311 358 3412 418 ιω

291 468 541 539 Julianus
572 482 702 535 rem
736 475 973 536 nullam
1008 475 1383 538 Christianae
1446 479 1766 557 religioni,
1800 498 1943 560 qutB
1997 481 2120 556 ipsi
2179 490 2313 543 erat
2367 479 2791 554 invisissima,
2836 486 2960 541 tam
2993 476 3409 545 honoriﬁcam

230 602 360 655 esse,
389 596 553 659 quam
585 575 928 652 hospitales
965 574 1190 637 domos
1226 584 1290 637 et
1326 593 1677 655 pauperum
1716 596 1931 641 curam
1962 581 2504 652 animadverteris,
2568 598 2685 642 nec
2760 580 2889 641 ulla
2952 598 3019 643 re
3087 588 3211 642 tam
3265 596 3411 645 cre'—

229 689 381 754 visse,
409 680 609 742 statuit
642 677 1012 756 hujusmodi
1043 678 1274 740 domus
1307 690 1706 755 construere,
1746 681 2038 759 datisque
2074 684 2304 744 litteris
2334 685 2407 744 ad
2443 684 2784 760 quemdam
2839 681 3147 760 gentilem
3203 697 3415 744 sacer~

226 786 418 853 dotem,
472 777 794 839 Arsacium
854 779 1138 850 nomine,
1185 780 1383 858 jussit
1441 782 1662 843 crebra
1710 783 1774 844 in
1834 783 2110 859 singulis
2170 783 2538 845 civitatibus
2602 781 3000 844 xenodochia
3062 782 3403 844 constituit

222 886 533 961 Apostatam
566 878 787 939 audire
816 879 1018 956 juvat.
1052 877 1200 961 αλιι)
1240 882 1505 969 Religio.
1534 882 1871 960 gentilium
1932 884 2215 945 nondum
2252 902 2327 946 ex
2366 883 2562 945 animi
2619 882 2823 943 nostri
2859 884 3181 944 sententia
3212 883 3406 961 viget,

220 984 367 1058 culpa
398 995 599 1039 eorum
633 979 743 1056 qui
772 980 943 1040 illam
971 983 1366 1058 profitentur.
1402 984 1556 1043 Nam
1598 1000 1667 1043 ea
1702 984 1963 1060 quidem
2002 1003 2143 1062 qum
2176 986 2250 1045 ad
2302 985 2459 1049 deos
2518 989 2862 1070 pertinent,
2930 981 3223 1059 praeclara
3256 989 3407 1043 sunt

218 1089 374 1158 atque
403 1078 743 1153 magnitica,
778 1082 1086 1160 omnique
1118 1091 1267 1144 voto
1300 1101 1370 1145 ac
1395 1101 1507 1162 spe
1548 1083 1885 1161 majora....
1919 1084 2085 1156 Quid
2120 1102 2269 1162 ergo
2292 1090 2319 1146 ?
2346 1096 2730 1165 putamusne
2765 1105 2880 1148 nos
2908 1088 3030 1147 ista
3064 1088 3408 1148 suiiicere?

215 1181 315 1241 Nec
339 1179 705 1242 attendimus
736 1185 893 1262 quid
933 1185 1441 1250 Christianorum
1479 1186 1853 1263 religionem
1888 1185 2164 1257 auxerit,
2226 1185 2589 1249 humanitas
2624 1188 2871 1249 scilicet
2902 1188 2965 1247 in
3002 1188 3405 1265 peregrinos,

216 1288 264 1342 et
290 1278 342 1338 in
369 1277 741 1353 sepeliendis
769 1285 1035 1347 mortuis
1067 1286 1339 1349 sollicita
1372 1287 1734 1365 diligentia,
1777 1296 1838 1349 et
1873 1287 2168 1348 simulata
2203 1300 2449 1348 morum
2484 1290 2780 1364 gravitas.
2817 1289 3109 1361 Quorum
3143 1292 3401 1370 singula

210 1378 420 1440 anobis
454 1382 799 1443 exercenda
837 1400 977 1445 esse
1006 1386 1328 1448 existimo.
1380 1387 1516 1448 Nec
1572 1385 1805 1447 sufﬁcit
1858 1386 2029 1465 quod
2084 1397 2147 1447 tu
2213 1389 2580 1467 hujusmodi
2633 1390 2747 1463 sis,
2787 1390 2899 1452 sed
2954 1399 3276 1469 quotquot
3329 1394 3394 1453 in

209 1476 406 1538 Galatia
430 1483 575 1538 sunt
606 1478 892 1545 flamines
932 1485 1086 1546 tales
1134 1503 1277 1548 esse
1313 1484 1911 1562 decet...Singulos
1967 1486 2254 1549 ﬂamines
2294 1488 2568 1559 hortare,
2629 1497 2696 1550 ut
2761 1507 2876 1552 nec
2928 1490 3002 1551 ad
3068 1490 3391 1553 theatrum

207 1585 477 1655 accedant,
508 1598 627 1646 nec
661 1583 726 1644 in
784 1586 1061 1648 tabernis
1113 1587 1359 1658 bibant,
1412 1606 1532 1649 nec
1570 1595 1765 1649 artem
1814 1588 2036 1658 ullam,
2100 1598 2206 1649 aut
2267 1590 2592 1667 Opificium
2635 1597 2817 1668 turpe
2882 1608 2957 1651 ac
2998 1593 3382 1668 probrosum

208 1690 596 1746 exerceant....
631 1685 860 1748 Crebra
890 1686 954 1747 in
988 1688 1257 1765 singulis
1280 1688 1643 1749 civitatibus
1670 1688 2058 1749 xenodochia
2082 1688 2423 1764 constitue,
2456 1696 2521 1750 ut
2554 1690 2865 1767 peregrini
2898 1710 3023 1754 non
3062 1712 3138 1755 ex
3166 1698 3400 1756 nostris

205 1786 396 1861 solum,
430 1788 534 1849 sed
571 1806 651 1851 ex
687 1787 823 1849 aliis
859 1788 1072 1863 etiam,
1111 1788 1164 1849 si
1204 1787 1471 1865 pecunia
1508 1786 1669 1848 forte
1700 1803 1863 1864 opus
1888 1787 2250 1859 habuerint,
2279 1789 2675 1852 humanitate
2707 1799 2918 1853 nostra
2957 1793 3394 1871 perfruantur.

205 1887 358 1947 Porro
382 1887 534 1948 unde
566 1897 858 1965 sumptus
881 1888 1371 1966 tibisuppetant,
1402 1907 1432 1950 a
1456 1907 1553 1951 me
1573 1890 1702 1968 jam
1737 1890 2057 1968 provisum
2074 1889 2502 1968 est....§Turpe
2522 1890 2689 1984 enim
2709 1908 2783 1951 ex
2808 1891 3042 1957 Judmis
3071 1895 3393 1957 neminem

202 1991 532 2059 mendicare,
573 1992 806 2067 impios
838 2010 987 2055 vero
1018 1993 1332 2066 Galilmos,
1372 2001 1595 2071 praeter
1621 2009 1772 2053 suos
1801 2006 2135 2070 pauperes,
2157 1990 2347 2051 etiam
2383 1998 2633 2051 nostros
2665 1990 3141 2055 alereznostros
3178 2002 3393 2057 autem

201 2089 479 2151 mendicos
509 2098 729 2154 nostra
759 2109 878 2172 ope
911 2110 981 2154 ac
1011 2094 1303 2156 subsidio
1332 2093 1675 2156 destitutos
1706 2092 1929 2154 videri.
1972 2114 2002 2149 »

1394 2194 1582 2257 Circa
1610 2210 1849 2252 morum
1878 2190 2149 2270 regulas.
2356 2256 2375 2271 κ

253 2287 644 2352 Bibliotheca;
675 2290 1253 2355 ecclesiasticorum
1285 2294 1670 2374 scriptorum
1706 2304 1927 2358 auctor
1986 2295 2228 2371 scribit,
2263 2296 2644 2373 Gregorium
2683 2314 2931 2359 morum
2985 2298 3392 2379 disciplinam

192 2390 377 2453 docere
412 2394 861 2476 ratione,'qute
888 2398 1272 2477 philosopho
1326 2402 1529 2479 magis
1565 2418 1754 2478 quam
1816 2399 2051 2479 populo
2082 2397 2415 2458 conveniat
2450 2397 2669 2475 :quod
2723 2398 3012 2477 quidem,
3076 2398 3131 2460 si
3166 2418 3391 2462 verum

189 2487 341 2566 foret,
377 2508 495 2554 non
525 2497 699 2557 laudi
733 2499 846 2560 sed
883 2499 1034 2561 vitio
1061 2500 1435 2563 vertendum
1465 2514 1636 2568 esset
1670 2505 1997 2585 episc0po,
2019 2500 2155 2577 qui,
2182 2514 2322 2558 cum
2358 2505 2555 2557 artem
2583 2496 2809 2559 Callere
2841 2497 3066 2559 debeat
3118 2499 3391 2563 docendi

189 2609 393 2664 omnes,
423 2595 510 2658 sic
546 2598 904 2661 orationem
968 2612 1149 2662 suam
1208 2603 1473 2664 anribtts
1541 2607 1901 2667 auditorum
1946 2598 2382 2663 accommodet
2416 2618 2432 2671 ;
2470 2614 2730 2658 necesse
2766 2602 2883 2669 est,
2917 2606 2986 2658 ut
3022 2604 3143 2658 tam
3198 2600 3391 2662 rudes

188 2706 339 2766 quam
370 2694 582 2756 doctos
612 2697 977 2760 coelestibus
1016 2702 1257 2763 imbuat
1296 2701 1683 2781 disciplinis.
1714 2700 2026 2779 Quisquis
2068 2708 2276 2761 tamen
2331 2696 2558 2774 legerit
2592 2696 2883 2773 Gregorii
2932 2714 3291 2773 sermones,
3330 2699 3388 2763 si

187 2789 479 2866 diligenter
507 2798 792 2859 attendat
824 2804 1149 2878 quomodo
1184 2802 1356 2864 varia
1391 2803 1555 2865 circa
1589 2807 1797 2864 mores
1828 2801 2137 2862 doctrinm
2191 2799 2394 2876 capita
2432 2806 2739 2875 proponat
2769 2808 2829 2860 et
2857 2786 3145 2873 explicet
3171 2816 3384 2861 coram

184 2883 454 2965 frequenti
490 2898 755 2973 populo,
786 2898 970 2961 facile
999 2910 1219 2964 noscet
1278 2903 1684 2979 Gregorium,
1741 2903 1987 2965 fidelem
2028 2902 2089 2961 in
2142 2900 2333 2961 domo
2372 2896 2485 2959 Dei
2519 2898 3056 2978 dispensatorem,
3126 2906 3390 2982 provida

186 3003 340 3051 manu
375 2991 685 3058 frumenta
719 2999 1195 3077 patrisfamilias
1249 3003 1529 3081 singulis
1585 3006 1668 3065 ita
1704 3021 2028 3083 erogasse,
2083 3011 2153 3064 ut
2214 3001 2461 3075 nullus,
2506 3019 2585 3062 ne
2632 3004 3066 3079 pauperculus
3099 3006 3388 3085 quidem,

182 3088 313 3153 fame
340 3093 686 3171 laboraret;
721 3104 781 3159 et
811 3099 1143 3177 sapientia;
1177 3099 1390 3164 fontes
1429 3110 1596 3165 tanta
1638 3122 1958 3165 reserasse
2015 3102 2376 3180 prudentia,
2412 3110 2481 3163 ut
2532 3118 2780 3173 omnes,
2815 3102 2959 3165 sive
2992 3105 3196 3182 parvi,
3250 3106 3391 3168 sive

181 3192 375 3267 magni,
406 3194 574 3256 sitim
611 3206 874 3276 possent
909 3200 1334 3279 restinguere.
1364 3202 1786 3279 Paucisjuvat
1816 3203 2127 3280 exemplis
2168 3214 2304 3262 ‘rem
2338 3202 2804 3261 demonstrare.

241 3291 290 3348 1·
310 3292 363 3353 Si
392 3311 640 3373 qumras
672 3317 703 3359 a
734 3299 1064 3377 Gregorio,
1123 3301 1447 3378 quomodo
1513 3302 1657 3381 quis
1710 3318 2102 3374 sermonem,
2140 3301 2234 3361 vel
2276 3314 2409 3362 rem
2443 3299 2722 3376 aliquam
2749 3301 3069 3377 auspicari
3104 3301 3385 3364 debeat?

182 3412 204 3449 π
229 3393 494 3472 Optimus
556 3399 664 3462 hic
700 3402 855 3463 ordo
914 3407 1034 3473 est,
1092 3399 1304 3478 inquit
1355 3399 1464 3478 (ὁ),
1519 3407 1584 3461 ut
1621 3401 1732 3479 qui
1768 3400 1863 3461 vel
1899 3415 2292 3472 sermonem,
2330 3398 2431 3459 vel
2489 3398 2936 3476 rem'aliquam
2971 3402 3372 3477 ausiiicatur,

178 3509 205 3554 a
249 3495 363 3559 Deo
419 3499 684 3565 initium
744 3505 951 3577 ducat,
1009 3507 1071 3563 et
1121 3500 1187 3560 in
1240 3501 1375 3562 Deo
1426 3500 1862 3578 conquiescat.
1924 3521 1953 3555 ››
2015 3500 2162 3561 Haec
2241 3498 2536 3562 omnium
2622 3497 2950 3560 actionum
3020 3507 3384 3563 nostrarum

179 3608 379 3661 norma.

236 3696 283 3754 2°
308 3699 464 3771 Quid
496 3704 634 3767 Deo
671 3704 1066 3767 offerendum
1094 3707 1122 3765 ‘2
1155 3725 1183 3759 α
1225 3702 1302 3782 (ο)
1336 3701 1802 3779 Unusquisque
1839 3702 1992 3771 Deo,
2030 3699 2203 3779 quod
2239 3707 2494 3774 poterit,
2534 3700 2782 3769 offerat,
2809 3697 3037 3775 quovis
3072 3703 3385 3776 tempore,

179 3802 371 3870 quovis
406 3818 641 3879 genere
675 3806 818 3866 vitae
848 3812 904 3868 et
937 3804 1234 3879 fortunae,
1272 3820 1385 3884 pro
1423 3803 1757 3882 praesentis
1791 3800 2116 3863 facultatis
2169 3800 2453 3874 modulo,
2516 3815 2628 3877 pro
2666 3797 2864 3876 gratia
2894 3796 3019 3858 sibi
3053 3813 3379 3872 concessa,

178 3903 226 3955 ut
249 3916 343 3974 per
372 3918 595 3966 omnes
632 3904 884 3966 virtutis
912 3904 1158 3978 modos,
1192 3920 1418 3963 omnes
1451 3901 1729 3964 cuileslis
1762 3901 1941 3978 regni
1973 3901 2342 3963 mansiones
2368 3899 2773 3976 impleamus.
2811 3920 2841 3955 ››

231 3999 280 4057 3’
306 4001 446 4062 Tam
480 4004 826 4081 benignus,
867 4012 989 4065 tam
1019 4004 1300 4066 clemens
1335 4012 1429 4065 est
1460 4003 1656 4076 Deus,
1696 4010 1766 4063 ut
1818 4001 1916 4064 vel
1964 4001 2230 4063 minima
2272 4000 2500 4061 lubens
2531 3999 2821 4076 accipiat,
2882 3997 2934 4058 si
2988 3996 3385 4060 voluntatem

172 4102 439 4176 cupiditas
478 4122 612 4167 non
652 4108 1049 4185 comprimat,
1079 4114 1141 4169 et
1174 4106 1492 4184 angustiis
1533 4103 1806 4184 pectoris
1840 4119 2105 4163 munera
2138 4117 2263 4162 non
2301 4108 2737 4162 coarctentur:
2771 4122 2800 4153 α
2830 4095 2917 4176 (d)
2959 4096 3123 4157 Nihil
3157 4113 3380 4160 eorum

172 4214 282 4272 quae
311 4203 434 4266 Deo
464 4207 854 4278 offeruntur,
887 4217 1007 4269 tam
1045 4224 1309 4284 parvum
1337 4214 1454 4277 est,
1488 4204 1782 4282 quamvis
1819 4203 2007 4265 etiam
2047 4201 2300 4262 minimi
2355 4200 2662 4261 momenti
2701 4196 2808 4269 sit,
2851 4198 3147 4275 quamvis
3197 4199 3385 4276 longe

170 4296 297 4360 infra
320 4303 487 4364 illius
520 4304 923 4381 dignitatem,
950 4306 1123 4383 quod
1156 4320 1285 4365 non
1315 4294 1580 4364 omnino
1613 4303 1906 4379 accipiat,
1943 4311 2329 4381 gratumque
2381 4300 2719 4362 habeat....
2754 4297 2922 4359 Illud
2956 4297 3220 4375 quidem
3255 4297 3378 4357 mi-

172 4398 306 4462 nime
334 4404 602 4467 dubium
641 4415 760 4482 est,
791 4406 974 4485 quin,
1008 4404 1259 4467 etiamsi
1297 4403 1514 4466 omnia
1554 4401 2041 4470 contulerimus,
2098 4402 2315 4461 minus
2345 4408 2555 4461 tamen
2600 4398 2889 4460 collaturi
2926 4398 3155 4470 simus,
3188 4415 3379 4476 quam

166 4503 1076 4584 accepimus.Quandoquidem
1138 4503 1340 4565 divini
1384 4502 1675 4566 beneﬁcii
1730 4510 1849 4573 est,
1907 4501 2081 4581 quod
2136 4518 2388 4574 sumus,
2442 4500 2615 4578 quod
2670 4501 2875 4560 Deum
2907 4498 3379 4574 cognoscimus,

167 4601 424 4679 quodque
455 4605 873 4687 etiam,quod
904 4606 1274 4678 offeramus,
1311 4604 1643 4666 habemus.
1702 4603 1913 4680 Atque
1973 4602 2131 4663 illud
2167 4603 2673 4680 pulcherrimum
2703 4598 3380 4683 humanissimumque

165 4706 511 4767 censendum
552 4716 679 4780 est,
712 4708 883 4787 quod
912 4710 1083 4770 Deus
1118 4706 1550 4785 largitionem,
1591 4719 1721 4764 non
1749 4702 1980 4763 oblatae
2021 4702 2112 4765 rei
2173 4704 2382 4782 pretio
2416 4710 2475 4764 et
2507 4700 2839 4778 dignitate,
2873 4696 2985 4758 sed
3043 4696 3375 4757 offerentis

163 4800 351 4864 affectu
388 4816 447 4868 et
473 4808 777 4870 facultate
806 4810 1085 4871 metitur.
1122 4831 1151 4866 ι

221 4900 271 4959 5°
302 4904 461 4977 Quid
516 4909 804 4970 maxime
838 4912 1112 4987 postulet
1144 4929 1173 4970 a
1218 4907 1425 4981 nobis,
1460 4915 1662 4971 totum
1719 4909 1894 4987 gravi
1943 4905 2257 4968 sententia
2316 4908 2379 4967 et
2429 4908 2786 4965 memoratu
2820 4898 3014 4978 digna
3066 4896 3370 4961 inculcat;

164 5021 186 5052 ι
210 5000 270 5080 (ε)
296 5004 458 5067 Dixit
487 5011 690 5069 abbas
725 5007 1073 5084 Gregorius
1128 5007 1510 5083 Theo‘logus
1544 5026 1560 5065 :
1594 5004 1738 5066 Tria
1774 5003 1903 5065 hmo
1935 5006 2135 5083 exigit
2180 5006 2355 5066 Deus
2387 5003 2463 5065 ab
2500 5002 2675 5066 omni
2717 5001 2981 5063 homine
3026 4999 3374 5078 baptizata,

163 5100 311 5163 iidem
344 5116 580 5168 rectam
608 5124 683 5168 ex
715 5109 955 5183 animo,
998 5108 1326 5170 veritatem
1357 5105 1419 5167 in
1454 5104 1670 5183 lingua
1702 5116 1763 5166 et
1797 5105 2279 5183 temperantiam
2312 5104 2392 5165 de
2422 5120 2711 5181 corpore.
2744 5126 2774 5162 ))

218 5208 268 5268 5'
292 5208 535 5282 Quibus
578 5229 663 5275 ex
698 5208 931 5283 causis,
988 5225 1116 5287 quo
1154 5208 1279 5269 tine
1316 5208 1610 5285 praeclara
1640 5204 1921 5267 facinora
1952 5205 2251 5283 quisquis
2302 5200 2711 5282 aggrediatur
2741 5205 2986 5283 Optime
3017 5203 3376 5276 constituit,

161 5316 376 5369 omnem
393 5312 642 5374 aditum
660 5328 834 5373 vana1
848 5310 1064 5388 glorim
1078 5304 1613 5389 obstruendo.«(/’)
1635 5306 1696 5370 Si
1723 5306 1939 5384 gloriae
1961 5307 2333 5384 cupiditate,
2350 5325 2420 5368 ac
2443 5322 2577 5384 non
2596 5301 3110 5384 veritatisﬁtudio
3125 5310 3187 5362 et
3206 5318 3381 5362 amo-

160 5420 211 5463 re
226 5422 327 5468 nos
344 5411 816 5487 periculaadire
840 5409 1626 5489 existimabat(Julianus),
1652 5413 1782 5469 haec
1801 5423 1957 5469 sane
1976 5407 2143 5489 apud
2159 5407 2303 5469 illos
2324 5407 2544 5481 ludant
2564 5407 3007 5489 Empedocles,
3029 5414 3087 5469 et
3103 5407 3377 5480 Aristaei,

209 5591 274 5731 fg)
305 5592 517 5656 Sozom.
544 5600 583 5657 1.
619 5604 669 5670 5,
702 5621 753 5660 c.
783 5604 864 5674 16,
900 5621 953 5677 ρ.
979 5604 1127 5662 619.Δ
1178 5622 1181 5625 ‘

260 5678 272 5728 ι
302 5672 388 5726 Ur.
411 5671 467 5731 Ξ.
507 5690 564 5727 n.
607 5676 655 5727 1.

1824 5672 1851 5707 γ
1876 5597 2189 5720 (εὶνΑρορὴ.
2218 5597 2335 5654 Pet.
2363 5598 2503 5671 apud
2532 5597 2727 5664 Cotel.,
2776 5614 2829 5669 ρ.
2883 5597 3011 5663 410,
3065 5604 3104 5650 t.
3149 5593 3192 5649 ll
3226 5592 3374 5649 Man.

1824 5691 1898 5727 ΛΤ.
1951 5687 2104 5722 αναξρ.

231 5670 272 5728 bi
302 5671 467 5732 (n.2,
507 5690 564 5727 n.
607 5676 655 5727 1.
854 5670 917 5677 ”

553 5711 564 5725 .
607 5676 655 5727 1.
854 5670 862 5674 ’
901 5670 917 5677 ’
1806 5670 1898 5727 Ec,
1927 5670 2103 5722 (.‘raic.

212 5734 380 5813 (ιζ)
417 5740 501 5808 19,
541 5760 599 5795 ιι.
634 5744 679 5799 7.

1873 5745 1937 5813 (1’)
1965 5739 2057 5795 Or.
2084 5739 2135 5806 4,
2170 5757 2220 5793 n.
2252 5738 2338 5794 50.

208 5806 273 5877 rd)
299 5808 449 5879 lbid.,
480 5806 536 5866 ἡ.
576 5812 630 5867 8.
