3918 6518
512 403 616 461 N3
1499 394 1867 451 PRIEFATIO
1903 393 2311 451 GENERALIS.
2354 418 2420 433 —-
2458 388 2639 446 PARS
2681 388 2767 445 Ill.
3655 380 3759 437 N4

517 521 1019 603 etEmpedotimi
1052 520 1335 598 quidam,
1357 536 1428 581 ac
1458 518 1836 597 Trophonii,
1859 523 2048 593 atque
2071 512 2841 595 hujusmodimiserorum
2867 506 3197 570 hominum
3228 502 3537 566 chorus...
3561 499 3647 583 (a)
3680 503 3760 565 At

518 625 902 692 Christianis
930 622 1284 703 jucundius
1310 628 1404 681 est
1440 619 1693 697 pietatis
1732 634 1920 678 causa
1974 615 2122 694 pati,
2186 612 2439 676 etiamsi
2494 628 2684 673 nemo
2729 611 2790 671 id
2839 609 3197 672 resciturus
3246 602 3353 676 sit,
3386 619 3574 679 quam
3608 603 3752 663 aliis

518 750 663 794 cum
699 727 1029 805 impietate
1061 723 1309 792 Barere,
1344 728 1535 796 atque
1566 718 1632 778 in
1661 716 1856 794 gloria
1895 712 2569 778 versari.Hominibus
2592 711 2831 791 quippe
2864 709 3137 787 placere,
3172 722 3390 785 parum
3415 705 3757 767 admodum

519 850 853 903 curamus;
891 828 955 890 id
995 840 1192 884 uumn
1257 825 1656 896 expetentes,
1708 824 1777 877 ut
1837 812 2143 877 honorem
2193 830 2227 874 a
2276 815 2405 873 Deo
2436 826 2954 886 consequamur;
2988 809 3118 869 imo
3169 805 3516 866 sublimius
3557 805 3753 867 etiam

516 938 934 1016 assurgimus.
972 932 1083 1013 (De
1120 927 1201 988 iis
1234 926 1486 1003 loquor,
1521 920 1631 1000 qui
1668 935 1814 980 vere
1849 911 2244 994 philosophi,
2279 926 2560 988 veroque
2594 909 2705 969 Dei
2740 924 2953 970 amore
2990 906 3235 987 praaditi
3270 914 3471 992 sunt).
3504 913 3762 992 Quippe

519 1044 634 1122 qui
666 1010 833 1103 bono
868 1010 1171 1115 conjungi
1208 1032 1465 1104 propter
1499 1022 1710 1100 ipsum
1748 1019 1987 1080 bonum
2025 1019 2429 1089 emptamus,
2464 1024 2589 1069 non
2628 1015 2838 1070 autem
2877 1014 3131 1087 prepter
3169 1010 3444 1075 honores
3480 1014 3542 1074 in
3563 1016 3762 1077 altero

520 1108 657 1206 (evo
689 1108 1075 1203 reconditos.
1116 1127 1449 1193 Secundus
1482 1125 1667 1184 enim
1696 1118 1801 1180 hic
1839 1116 2256 1177 honestorum
2290 1119 2351 1172 et
2376 1108 2792 1171 laudabilium
2822 1109 3102 1171 virorum
3137 1113 3368 1188 gradus
3403 1122 3520 1185 est,
3557 1116 3764 1192 pretio

524 1263 592 1307 ac
630 1237 919 1304 mercede
953 1230 1194 1313 aliquid
1233 1229 1473 1299 facere;
1520 1220 2062 1302 quemadmodum
2091 1212 2154 1272 in
2194 1209 2373 1271 tertia
2402 1208 2601 1269 classe
2632 1207 2983 1271 collocandi
3017 1216 3191 1285 sunt,
3224 1213 3336 1291 qui
3363 1230 3559 1291 prauae
3593 1222 3764 1276 metu

525 1364 557 1406 a
592 1341 835 1403 scelere
866 1344 925 1397 et
960 1330 1267 1395 maleﬁcio
1298 1329 1729 1389 deterrentur.
1767 1341 1794 1373 ι»

605 1447 669 1506 6ο
701 1445 904 1519 Leges
924 1434 1215 1501 amicitiae
1262 1431 1340 1490 ita
1374 1423 1703 1494 describit,
1739 1426 1806 1480 ut
1855 1414 1932 1478 ad
1973 1420 2342 1491 perpetuam
2378 1415 2714 1476 hominum
2750 1415 3153 1477 concordiam
3193 1420 3253 1475 et
3294 1414 3624 1487 societatis
3672 1416 3765 1477 in-

528 1543 965 1608 columitatem
1027 1534 1184 1596 nihil
1230 1529 1501 1605 amplius
1554 1515 2080 1585 desiderandum,
2133 1512 2185 1573 si
2225 1529 2433 1574 mores
2485 1515 2559 1575 ad
2610 1515 2777 1575 illud
2843 1515 3164 1592 exemplar
3221 1513 3764 1575 informarentur:

532 1668 561 1701 α
594 1644 675 1723 (b)
712 1640 895 1719 Apud
926 1633 1321 1699 Christianos
1357 1627 1456 1689 lex
1494 1630 1554 1685 et
1600 1634 1815 1682 norma
1853 1613 2150 1723 amicitias
2191 1613 2471 1692 quisque
2504 1614 2641 1692 ipse
2673 1622 2789 1689 est,
2812 1624 2999 1695 atque
3028 1616 3245 1677 eadem
3281 1613 3593 1690 proximis
3617 1615 3769 1675 velle

529 1713 674 1822 qum
713 1713 784 1803 eti
831 1738 952 1800 sibi
987 1735 1131 1814 ipsi.
1183 1730 1436 1792 Crimen
1471 1733 1706 1788 autem.
1744 1732 1870 1779 non
1914 1713 2099 1775 modo
2141 1714 2371 1773 malum
2428 1714 2791 1788 exstitisse,
2843 1716 2952 1776 sed
3008 1715 3197 1777 etiam
3255 1734 3286 1777 a
3345 1718 3510 1779 malo
3549 1735 3765 1795 parum

532 1813 843 1915 abfuisse,
864 1834 1355 1915 cumcupiditas
1383 1831 1513 1906 ipsa
1551 1840 1709 1903 pene
1752 1827 1820 1881 ut
1860 1816 2027 1879 actio
2060 1813 2412 1891 plectatur;
2447 1814 2609 1891 apud
2658 1831 2824 1893 quos
2849 1822 3090 1876 tantum
3127 1815 3448 1894 pudicitiae
3476 1816 3761 1878 studium

537 1956 655 2019 est,
689 1955 756 2007 ut
785 1941 1011 2006 oculus
1037 1950 1297 2019 quoque
1323 1930 1609 1993 frenetur
1637 1939 1707 1985 ac
1746 1920 2165 1997 reprimatur;
2200 1921 2263 1974 et
2312 1931 2536 1975 manus
2570 1915 2972 1993 sanguinaria
3012 1923 3073 1977 et
3108 1920 3422 1981 mortifera
3453 1922 3538 1982 ita
3574 1921 3760 1997 longe

535 2057 808 2118 arcetur,
836 2051 903 2105 ut
930 2043 1021 2103 ira
1056 2013 1246 2100 etiam
1272 2019 1405 2107 ipsa
1440 2030 1839 2091 coercentur;
1873 2015 2228 2097 perjurium
2267 2021 2474 2074 autem
2515 2013 2674 2075 adeo
2703 2023 2882 2077 atrox
2914 2027 2976 2078 et
3010 2015 3324 2081 nefarium
3347 2031 3671 2094 censetur,
3700 2028 3761 2082 ut

529 2113 981 2231 jusjurandum
1019 2152 1277 2221 quoque
1306 2133 1514 2210 ipsum
1540 2124 1722 2188 nobis
1752 2121 1907 2183 solis
1932 2114 2342 2178 interdictum
2373 2113 2480 2177 sit.
2518 2138 2544 2170 ια

613 2214 679 2307 7".
718 2214 1184 2321 Benignitatem
1240 2247 1386 2308 erga
1449 2239 1756 2305 pauperes
1818 2234 1942 2282 non
1995 2227 2238 2283 tantum
2312 2217 2565 2289 suadet,
2624 2214 2736 2274 sed
2803 2214 3096 2276 maximis
3148 2225 3327 2294 urget
3388 2220 3752 2280 momentis.

541 2352 622 2429 (c)
666 2372 694 2404 α
727 2347 823 2407 An
870 2316 934 2405 tu
967 2333 1460 2413 benignitatem,
1496 2342 1622 2387 non
1675 2321 2127 2392 necessariam,
2174 2318 2283 2381 sed
2325 2317 2438 2380 tibi
2477 2316 2736 2377 liberam
2779 2331 2920 2377 esse
2955 2320 3181 2393 putas?
3214 2319 3303 2379 Ac
3347 2334 3480 2379 non
3532 2320 3770 2399 legem,

540 2418 653 2516 sed
691 2444 1082 2514 consilium?
1122 2439 1261 2502 Hoc
1296 2446 1559 2513 quoque
1592 2427 1733 2504 ipse
1772 2440 2153 2502 magnopere
2187 2422 2416 2485 vellem
2465 2427 2525 2482 et
2577 2418 3034 2480 existimarem.
3069 2419 3185 2481 Sed
3220 2436 3320 2481 me
3354 2420 3613 2483 sinistra
3672 2422 3768 2484 illa

544 2567 772 2616 manus
823 2550 1039 2615 terret,
1072 2548 1131 2603 et
1169 2534 1357 2599 haedi,
1394 2540 1455 2591 et
1490 2527 1742 2608 probra,
1777 2542 1919 2605 quae
1950 2526 2027 2587 ab
2063 2543 2165 2596 eo,
2195 2544 2227 2586 a
2265 2538 2392 2603 quo
2424 2520 2551 2581 illic
2590 2517 2876 2580 collocati
2921 2526 3094 2587 sunt,
3129 2519 3607 2597 conjiciuntur;
3652 2542 3771 2585 non

542 2654 697 2733 quia
736 2662 965 2711 manus
1014 2637 1245 2704 ahenis
1282 2632 1470 2695 bonis
1508 2626 1885 2696 attulerunt,
1923 2642 2039 2686 nec
2090 2625 2240 2704 quia
2301 2618 2530 2693 templa
2571 2616 3002 2694 diripuerunt,
3044 2624 3152 2678 aut
3206 2618 3593 2681 abullerium
3648 2640 3777 2697 per-

548 2712 900 2835 petrarum,
934 2747 1042 2805 aut
1073 2734 1246 2799 aliud
1287 2728 1591 2811 quiddam
1631 2743 1706 2786 ex
1765 2723 1911 2786 aliis
1944 2740 2087 2800 qua:
2140 2719 2474 2781 interdicta
2531 2722 2704 2785 sunt,
2736 2712 3151 2788 admiserunt,
3186 2713 3307 2777 hoc
3346 2717 3577 2782 ordine
3626 2720 3777 2781 mulo

548 2823 724 2924 ctati,
754 2848 863 2911 sed
896 2844 1045 2926 quia
1077 2836 1397 2903 Christum
1437 2847 1547 2910 per
1584 2842 1889 2905 pauperes
1924 2823 2186 2886 minime
2222 2826 2542 2885 curarunt.
2581 2842 2608 2874 ι»

627 2915 1007 3015 8⁹”1“θη‹1ὁω
1038 2934 1472 3001 Christianum
1510 2926 1842 2990 beneﬁciis
1880 2922 2117 2986 divinis
2150 2931 2256 2983 aut
2290 2919 2707 2990 cumulatum,
2743 2922 2850 2978 aut
2876 2915 3142 2976 multum
3182 2923 3473 2994 egentem
3498 2920 3773 2997 seipsum

552 3051 794 3117 intueri
842 3043 1159 3124 cogendo,
1185 3035 1438 3114 egregie
1483 3033 1558 3096 ad
1609 3028 1935 3091 charitatis
1985 3025 2191 3089 otiicia
2257 3023 2565 3088 accendit.
2606 3043 2636 3078 α
2668 3019 2754 3101 (d)
2808 3021 3018 3081 Habes
3059 3019 3463 3098 beneﬁcium,
3499 3026 3671 3103 quod
3725 3034 3777 3087 te

555 3155 905 3216 multorum
965 3142 1406 3207 mandatorum
1476 3134 1859 3196 submoneat
1905 3152 1920 3191 :
1975 3146 2055 3192 ne
2132 3126 2547 3204 contemptim
2613 3131 2976 3201 praetereas.
3035 3124 3281 3202 Pauper
3349 3128 3666 3188 accessit?
3715 3128 3779 3188 ιη

557 3265 835 3321 mentem
880 3246 990 3310 tibi
1049 3242 1288 3311 veniat,
1343 3254 1424 3300 ex
1481 3251 1670 3314 quam
1710 3231 1885 3309 gravi
1943 3233 2311 3308 paupertate
2344 3226 2420 3287 ad
2473 3230 2749 3303 quantas
2802 3223 3057 3283 divitias
3112 3234 3448 3300 provectus
3487 3244 3581 3289 es.
3632 3230 3779 3289 Pane

555 3370 803 3424 carens,
848 3357 956 3409 aut
996 3354 1173 3424 potu,
1224 3346 1418 3418 atque
1470 3336 1660 3397 etiam
1722 3331 1992 3392 fortasse
2049 3331 2323 3390 Lazarus
2383 3323 2704 3404 quispiam
2738 3322 2814 3383 ad
2873 3323 3106 3383 domus
3165 3337 3288 3383 tua;
3338 3322 3509 3386 fores
3570 3345 3781 3407 provo-

560 3422 1067 3516 lutus?vMoveﬁat
1099 3450 1159 3503 te
1210 3438 1475 3517 mystica
1527 3449 1767 3505 mensa,
1818 3433 1895 3492 ait
1950 3446 2138 3508 quam
2190 3424 2555 3499 accessisti;
2608 3428 2856 3485 moveat
2916 3430 2973 3483 te
3014 3422 3194 3500 panis
3233 3423 3343 3483 ille
3405 3425 3591 3504 cujus
3650 3444 3780 3504 par-

558 3558 759 3632 ticeps
806 3549 1010 3612 factus
1055 3561 1149 3616 es,
1201 3540 1362 3604 calix
1414 3538 1543 3607 ille,
1597 3550 1790 3612 quem
1852 3530 2197 3608 accepisti,
2234 3545 2375 3589 cum
2413 3524 2648 3588 Christi
2713 3521 3123 3601 passionibus
3180 3523 3553 3589 initiarcris.
3586 3528 3778 3589 ‘Pere-

558 3626 783 3735 grinus
815 3651 891 3714 ad
938 3664 1144 3727 genua
1180 3653 1284 3706 tua
1321 3637 1684 3718 procubuit,
1721 3637 1910 3695 domo
1941 3649 2193 3706 carens,
2224 3632 2508 3693 advena?
2553 3630 2669 3689 Per
2701 3626 2871 3687 hunc
2902 3643 3045 3687 eum
3097 3628 3342 3705 excipe,
3393 3630 3504 3709 qui
3544 3640 3783 3708 propter

562 3727 623 3819 te
660 3753 1099 3833 peregrinatus
1148 3753 1266 3815 est,
1304 3742 1499 3819 idque
1546 3737 1611 3796 in
1673 3733 1975 3815 propriis,
2030 3732 2273 3811 quique
2316 3748 2427 3809 per
2462 3728 2723 3807 gratiam
2784 3728 2859 3787 ad
2917 3734 2976 3787 te
3010 3727 3433 3804 immigravit,
3484 3737 3673 3809 teque
3714 3732 3778 3791 ad

564 3828 841 3921 cmleste‘
866 3848 1267 3914 domicilium
1324 3840 1650 3921 pertraxit.
1711 3837 2042 3900 Zachmum
2098 3835 2346 3896 imitare
2372 3836 2441 3902 ⁸⁸,
2500 3831 2727 3902 illum,
2784 3830 3090 3911 inquam,
3148 3828 3281 3888 heri
3344 3831 3783 3906 publicanum,

566 3962 756 4024 hodie
812 3956 1011 4019 animi
1069 3947 1513 4027 magnitudine
1565 3951 1624 4006 et
1683 3942 2063 4005 liberalitate
2104 3940 2462 4019 praeditum.
2526 3937 2884 4000 Facultates
2936 3954 3166 4001 omnes
3227 3946 3367 4000 tuas
3416 3939 3783 4016 ingredienti

564 4063 819 4125 Christo
849 4057 1031 4127 otl‘er,
1065 4060 1157 4121 ut,
1205 4052 1350 4111 licet
1388 4047 1697 4126 corporali
1734 4054 1970 4106 statura
2008 4042 2304 4122 pusillus,
2341 4039 2556 4101 animo
2590 4047 2799 4102 tamen
2835 4039 3152 4112 eveharis,
3190 4038 3512 4101 Christum
3552 4038 3786 4118 egregie

568 4154 1329 4241 conspicatus.ngrotus
1388 4155 1648 4227 prostat,
1680 4164 1753 4208 ac
1795 4144 2101 4206 saucius?
2150 4142 2397 4202 Moveat
2446 4148 2504 4201 te
2550 4140 2786 4203 sanitas
2846 4146 2981 4211 tua,
3034 4148 3096 4200 et
3157 4141 3418 4201 vulnera
3456 4141 3692 4219 quibus
3740 4145 3788 4196 te

567 4240 862 4326 ChriStus
903 4253 1218 4318 liberavit.
1250 4252 1309 4312 Si
1368 4249 1601 4309 videris
1636 4246 1907 4317 nudum,
1961 4243 2139 4321 operi
2177 4260 2348 4311 eum,
2406 4250 2580 4302 tuum
2626 4240 3128 4315 incorruptionis
3177 4241 3656 4309 indumentum,
3690 4240 3789 4299 hoc

572 4375 702 4439 cst,
745 4361 1069 4423 Christum
1128 4355 1371 4415 honore
1432 4366 1873 4428 prosequens:
1924 4352 2240 4423 quotquot
2295 4343 2464 4404 enim
2506 4342 2571 4404 in
2625 4341 2950 4403 Christum
3005 4343 3307 4421 baptizati
3343 4359 3597 4413 sumus,
3629 4337 3789 4399 Chri-

572 4474 740 4526 stum
800 4459 1130 4521 iuduimus
1160 4455 1229 4513 ‘°.
1292 4453 1352 4513 Si
1406 4451 1755 4511 debitorem
1836 4456 2057 4507 nactus
2118 4443 2206 4505 sis
2259 4443 2334 4503 ad
2394 4444 2587 4519 pedes
2640 4450 2781 4503 tuos
2835 4458 2978 4503 sese
3051 4441 3497 4519 abjicientem,
3552 4453 3791 4518 syngra-

575 4567 761 4643 pham
839 4576 1136 4634 onmem,
1177 4563 1297 4616 lam
1355 4553 1877 4629 justam,'quam
1930 4547 2230 4624 injustam
2310 4542 2623 4606 rescinde.
2676 4544 2911 4603 Decem
2975 4540 3083 4602 illa
3145 4543 3529 4602 talentorum
3592 4537 3789 4605 millia,

572 4684 716 4748 qum
750 4664 859 4726 tibi
893 4662 1181 4724 Christus
1222 4655 1492 4723 remisit,
1542 4655 1604 4714 in
1640 4650 2011 4714 memoriam
2059 4667 2310 4710 revoca.
2345 4648 2485 4707 Noli
2525 4655 2584 4707 te
2640 4646 2939 4706 acerbum
2997 4644 3262 4705 minoris
3317 4643 3511 4705 debiti
3569 4646 3792 4703 exacto-

576 4788 707 4834 rem
741 4772 1044 4849 praebere,
1081 4760 1431 4839 etquidem
1468 4756 1822 4827 conservis,
1858 4769 2000 4814 cum
2041 4752 2154 4814 tibi
2195 4772 2226 4813 a
2259 4752 2530 4813 Domino
2592 4750 2791 4827 major
2845 4765 3095 4809 summa
3154 4746 3510 4809 condonata
3566 4744 3677 4815 sit;
3730 4754 3792 4797 ne

578 4872 996 4940 humanitatis
1045 4884 1309 4948 quoque
1350 4866 1550 4933 illius,
1585 4880 1775 4941 quam
1830 4861 1943 4921 tibi
2000 4861 2061 4920 in
2110 4858 2471 4937 exemplum
2535 4856 2921 4936 pronositam
2979 4854 3470 4934 haudquaquam
3528 4853 3793 4915 imitatus

578 4996 672 5051 es,
721 4992 915 5055 prensa
944 4991 978 5036 a
1014 4982 1071 5036 te
1105 4965 1574 5051 expetantur".
1604 4987 1631 5019 ιο

654 5077 933 5140 Plurima
970 5082 1122 5137 sunt
1158 5074 1225 5135 in
1284 5069 1591 5149 cperibus
1642 5063 1936 5142 Gregorii
1983 5063 2313 5124 historiam
2372 5060 2742 5140 Spectantia,
2778 5076 2921 5137 quae
2964 5058 3214 5135 singula
3266 5057 3501 5118 referre
3560 5057 3791 5131 longum

578 5183 759 5243 foret.
795 5179 995 5237 Pauca
1029 5193 1061 5235 e
1109 5171 1330 5234 multis
1375 5168 1658 5241 seligam.
1694 5166 1762 5225 In
1805 5166 2092 5225 oratione
2124 5181 2333 5223 xxxm
2394 5164 2483 5238 (11°
2516 5161 2612 5236 11)
2665 5160 2886 5221 scribit
2941 5160 3193 5220 Petrum
3233 5157 3298 5218 in
3343 5158 3559 5220 Iudaea
3618 5158 3795 5218 Evan-

577 5279 812 5357 gelium
870 5274 1272 5351 praedicasse,
1306 5271 1539 5329 Lucam
1586 5268 1649 5325 in
1687 5265 1948 5337 Achaia,
1994 5265 2325 5325 Andrazam
2367 5263 2431 5323 in
2482 5262 2700 5340 Epiro,
2746 5262 3059 5323 Joannem
3102 5258 3364 5340 Ephesi,
3400 5259 3701 5322 Thomam
3744 5253 3793 5311 in

579 5382 781 5457 India,
815 5382 1097 5442 Marcum
1130 5378 1197 5440 in
1232 5374 1434 5437 Italia.

646 5535 691 5566 "
720 5532 849 5586 Luc.
882 5548 994 5595 nx,
1014 5530 1137 5584 2-9.
1214 5527 1258 5559 ‘°
1286 5523 1404 5581 Gal.
1446 5537 1531 5591 ιιι,
1551 5520 1641 5576 27.
1719 5520 1975 5578 “Matth.
2011 5537 2163 5591 XVIII,
2191 5518 2383 5575 21-35.

654 5672 726 5743 (τι)
767 5668 863 5726 ον·
897 5671 948 5743 ιν
980 5687 1033 5725 η-
1071 5669 1165 5743 sa-
2329 5659 2400 5743 r).
2425 5656 2518 5743 9!-
2553 5655 2639 5743 ειν
2670 5671 2722 5709 η·
2752 5652 2842 5743 5.9.-

656 5724 729 5814 ξι»)
769 5724 863 5801 0r.
895 5724 948 5808 ιζ
980 5758 1032 5795 ιι.
1064 5740 1164 5795 123
1638 5782 1644 5787 .

1638 5782 1644 5787 .
2328 5724 2403 5798 (ά)
2435 5728 2527 5783 υτ.
2555 5727 2647 5791 ω,
2682 5744 2735 5781 υ.
2773 5724 2859 5779 31.

646 5940 651 5946 “
682 5954 721 5991 ιι.
