3918 6532
195 442 272 494 ur.
1136 439 1505 497 PitASFATtO
1542 438 1949 500 CESERALIS.
1989 472 2060 482 -
2096 439 2275 496 PARS
2311 439 2376 495 ut
2566 420 2577 431 ’
3302 439 3398 495 ita

254 558 497 619 Videtur
532 557 695 618 inter
736 557 1024 619 victimas
1071 576 1188 637 pro
1220 560 1473 623 Christo
1523 578 1718 623 cassus
1770 576 2107 623 recensere
2164 560 2270 619 SS.
2302 560 2532 618 Lucam
2579 565 2639 620 et
2691 558 3026 619 Joannem.
3070 579 3099 612 α
3151 555 3231 636 (a)
3262 558 3399 620 Non
3448 584 3460 596 ο

193 661 438 723 victimas
483 676 592 735 pro
621 657 883 721 Christo
918 676 1110 721 caesas
1164 663 1403 721 veritus
1451 663 1569 722 es?
1604 678 1717 723 nec
1752 676 2014 737 magnos
2067 657 2315 737 pugiles
2369 657 2755 731 extimuisti,
2814 658 3123 719 Joannem
3176 657 3399 729 illum,

194 765 430 834 Petrum,
483 761 790 834 Paulum,
841 760 1187 836 Iacobum,
1236 763 1650 839 Stephanum,
1714 763 1974 831 Lucam,
2025 760 2380 831 Andrmam,
2439 756 2764 829 Theclam,
2814 774 2924 820 eos
2968 758 3079 837 qui
3139 769 3201 821 et
3262 766 3405 837 post

194 868 330 940 illos,
362 880 468 941 pro
505 863 765 923 veritate
818 862 1120 939 periculis
1152 880 1223 925 se
1269 864 1664 943 objecerunt.
1694 862 1816 936 Qui
1850 880 1992 924 cum
2037 860 2196 940 igni,
2254 868 2315 920 et
2347 859 2541 932 ferro,
2572 868 2634 922 et
2681 860 2941 932 belluis,
2976 866 3038 921 et
3087 861 3403 938 tyrannis,

196 977 239 1033 et
283 962 689 1045 praesentibus
750 962 1011 1033 malis,»
1070 968 1194 1024 etc.
1240 963 1521 1025 Joannes
1582 972 1789 1025 tamen
1845 971 1906 1023 et
1960 962 2186 1033 Lucas,
2234 960 2530 1039 quamvis
2576 962 2779 1023 crucis
2847 960 3402 1023 mortificationem

187 1069 390 1147 jugiter
422 1064 487 1124 in
520 1062 661 1123 suis
696 1063 1075 1140 corporibus
1127 1064 1538 1140 pertulerint,
1573 1072 1635 1125 et
1676 1063 2027 1141 permultas
2063 1072 2326 1144 propter
2356 1063 2686 1126 Christum
2721 1072 2780 1124 et
2816 1063 2953 1141 ejus
2982 1062 3405 1141 Evangelium

196 1170 543 1237 calamitates
590 1167 758 1244 passi
805 1168 973 1229 sint:
1014 1189 1042 1223 α
1069 1168 1613 1248 Haudquaquam,
1652 1174 1717 1229 ut
1756 1168 1980 1230 scribit
2019 1168 2187 1230 Elias
2229 1167 2556 1230 Cretensis
2596 1164 2706 1249 (b),
2737 1165 3094 1229 Comment.
3136 1167 3198 1229 in
3245 1176 3406 1232 orat.

194 1274 277 1348 ιη,
317 1293 476 1337 nunc
525 1292 616 1347 1v,
664 1271 1035 1353 interempti
1088 1282 1263 1348 sunt,
1296 1290 1519 1335 verum
1574 1273 1638 1334 in
1699 1290 1851 1352 pace
1913 1272 1991 1335 ad
2045 1290 2228 1346 eum,
2286 1272 2399 1353 qui
2464 1272 2635 1350 pacis
2693 1274 2866 1333 Deus
2923 1279 3019 1334 est
3047 1277 3114 1347 ",
3169 1279 3411 1341 reversi

194 1388 335 1445 sunt.
356 1404 383 1437 ι

256 1482 462 1543 Scribit
502 1479 855 1558 Gregorius
913 1481 1161 1541 Petrum
1220 1478 1463 1556 lupinis
1540 1477 1730 1540 unico
1782 1494 1924 1539 asse
1973 1478 2207 1553 emptis
2270 1476 2462 1539 vitam
2527 1476 2883 1539 tolerasse:
2928 1473 3255 1537 «Pulchra
3314 1492 3415 1537 res

200 1589 368 1648 victus
406 1588 715 1658 tenuitas,
745 1584 958 1664 inquit
990 1584 1069 1666 (ο)
1104 1608 1119 1646 :
1156 1585 1540 1647 documento
1576 1583 1729 1644 mihi
1768 1590 1895 1645 est.
1925 1627 1940 1643 .
1972 1629 1986 1645 .
2015 1628 2029 1644 .
2062 1583 2286 1644 Petrus
2335 1581 2449 1660 qui
2501 1580 2744 1661 lupinis
2785 1578 2977 1642 unico
3012 1596 3154 1640 asse
3185 1580 3418 1656 emptis

198 1686 517 1747 alebatur.»
552 1720 631 1731 —
670 1712 698 1744 α
727 1689 864 1751 Hoc
906 1696 1145 1761 autem,
1180 1689 1266 1750 ait
1322 1690 1599 1761 Nicetas,
1645 1688 1892 1753 Comm.
1938 1688 2000 1749 in
2049 1694 2212 1751 orat.
2245 1687 2326 1749 al.
2359 1705 2496 1759 xw,
2537 1705 2596 1765 p.
2628 1688 2769 1759 659,
2803 1703 2882 1747 ex
2930 1682 3210 1760 quodam
3254 1681 3420 1746 libro

200 1793 575 1870 desumplum
642 1802 736 1855 est
794 1795 857 1856 i-n
920 1793 1426 1856 ecclesiasticum
1492 1811 1802 1856 canunem
1881 1791 2150 1854 minime
2229 1800 2573 1871 recepto.»
2621 1789 2971 1869 Gregorius
3036 1790 3170 1852 hmo
3232 1789 3421 1852 verba

199 1894 349 1955 Petro
378 1895 645 1957 ascribit
691 1896 761 1958 in
808 1894 1078 1983 epistola
1128 1895 1208 1956 al.
1272 1914 1403 1966 xvi,
1460 1914 1518 1967 ρ.
1591 1894 1712 1956 778
1770 1917 1785 1957 :
1850 1918 1879 1952 α
1934 1897 2120 1973 Egra
2178 1895 2390 1957 anima
2456 1894 2664 1957 vicina
2703 1902 2802 1957 est
2856 1895 3014 1968 Deo,
3072 1899 3137 1953 ut
3190 1892 3426 1955 eximie

202 1998 394 2061 alicubi
440 2000 738 2085 loquitur
774 2003 1074 2063 Petrus.»
1118 2001 1397 2062 Annotat
1455 2002 1626 2063 Elias
1688 2001 1861 2063 hunc
1912 2002 2121 2062 locum
2190 2007 2518 2078 sumptum
2581 2016 2724 2059 esse
2761 2017 2838 2060 ex
2898 2018 2973 2062 eo
3015 2001 3257 2073 libello,
3312 2002 3422 2081 qui

204 2100 469 2163 Doctrina
526 2101 713 2164 Petri
766 2103 1184 2165 inscribitur:
1224 2104 1699 2165 Commentario
1761 2104 1822 2164 in
1870 2110 2035 2165 Orat.
2083 2102 2165 2163 al.
2219 2121 2385 2174 xvu,
2422 2120 2483 2182 p.
2519 2101 2659 2163 68h.
2701 2102 2848 2165 llazc
2902 2112 3113 2165 aute-tt
3188 2104 3424 2166 verba:

205 2202 329 2283 c|(d)
366 2206 626 2267 Petrum
678 2203 996 2266 dicentem
1050 2204 1442 2266 audiamus:
1497 2204 1872 2267 Erubescite
1926 2204 2037 2284 qui
2100 2203 2304 2265 aliena
2364 2203 2700 2274 detinetis,
2751 2203 3000 2282 Deique
3055 2204 3423 2283 aequitatem

204 2309 350 2370 vobis
392 2308 769 2370 imitandam
809 2309 1168 2388 proponite,
1211 2318 1275 2372 et
1316 2327 1503 2372 nemo
1545 2310 1665 2371 erit
1712 2327 1992 2387 pauper:
2020 2333 2049 2366 ι
2089 2327 2164 2371 ex
2213 2309 2373 2371 libro
2414 2307 2925 2388 Apostolicarum
2980 2310 3428 2389 quwstionum!

202 2430 359 2490 quem
412 2421 635 2492 postea
671 2421 852 2477 sexta
893 2414 1181 2492 synodus
1238 2412 1647 2491 improbavit,
1685 2421 1985 2493 tanquam
2022 2413 2100 2475 ab
2142 2412 2455 2474 haereticis
2508 2413 2926 2491 depravatum
2962 2424 3024 2477 et
3086 2414 3431 2477 adumbra-

204 2525 332 2589 tum,
359 2525 620 2613 sumpta
650 2534 792 2581 esse
825 2518 1045 2580 scribit
1082 2518 1357 2593 Nicetes,
1389 2516 1749 2581 Comment.
1781 2518 1848 2580 in
1888 2526 2049 2580 orat.
2082 2518 2163 2580 al.
2197 2518 2439 2596 xv1,'p.
2472 2518 2614 2582 672.

265 2638 472 2699 Scribit
509 2638 869 2716 Gregorius
908 2639 981 2719 (e)
1032 2639 1335 2702 Theclam
1384 2640 1696 2719 virginem
1756 2641 1931 2703 necis
1992 2641 2395 2721 ﬂammmque
2453 2641 2743 2717 periculo
2784 2641 3059 2721 primum
3120 2646 3434 2714 ereptam.

207 2737 328 2799 dcin
376 2739 704 2801 morsibus
763 2740 1225 2818 unguibusque
1280 2740 1584 2812 leonum,
1634 2742 1744 2819 qui
1819 2755 2169 2817 generosos
2230 2740 2499 2818 virginis
2558 2747 2733 2801 artus
2787 2743 2981 2801 dente
3038 2752 3327 2815 premere
3377 2743 3438 2815 et

210 2841 533 2920 discerpere
589 2842 856 2905 minime
890 2844 1029 2904 ausi
1068 2850 1243 2917 sunt,
1285 2862 1319 2903 e
1378 2854 1648 2923 tyranno
1686 2832 1895 2922 ipsius
1950 2860 2142 2922 proco
2189 2861 2311 2923 0pc
2345 2843 2580 2905 Christi
2618 2851 2958 2906 servatam.
3000 2842 3072 2923 (f)
3126 2839 3432 2913 Quamvis

209 2959 317 3002 eam
351 2960 456 3020 pro
491 2941 753 3003 Christo
786 2943 1162 3021 sanguinem
1216 2961 1406 3005 suum
1451 2943 1709 3005 fudisse
1741 2960 1866 3004 non
1903 2951 2166 3019 asserat,
2207 2946 2365 3006 hanc
2420 2952 2629 3007 tamen
2688 2949 2984 3006 numerat
3048 2942 3217 3003 inter
3244 2956 3437 3003 caesas

212 3050 258 3101 et
291 3042 562 3104 illustres
622 3059 734 3119 pro
779 3041 1032 3104 Christo
1093 3044 1427 3105 victimas:
1467 3044 1630 3106 hanc
1689 3044 1799 3106 alii
1848 3053 2189 3123 martyrem
2235 3045 2580 3124 appellant.
2642 3044 2901 3107 Sacrum
2963 3042 3236 3123 egregim
3288 3039 3437 3102 huic

212 3148 407 3224 virgini
456 3148 775 3226 templum
827 3154 957 3210 erat
1010 3146 1340 3224 Seleuciae,
1388 3149 1859 3231 quo,‘abdiuata
1918 3150 2073 3211 sede
2130 3148 2865 3228 ConstantinOpolitana,
2912 3147 3265 3225 Gregorius
3297 3163 3443 3207 sese

212 3252 435 3329 recepit.

275 3369 353 3430 De
386 3372 630 3434 Iudaeis
669 3370 829 3447 haec,
864 3372 1051 3450 digna
1089 3389 1235 3454 quas
1278 3374 1726 3447 observentur,
1764 3377 1955 3441 habet
2010 3376 2359 3455 Gregorius
2408 3376 2540 3455 (g):
2580 3377 2771 3439 «Una
2817 3376 3040 3452 utique
3094 3374 3222 3435 illis
3280 3389 3445 3434 ca.a-

214 3474 415 3536 mitatis
460 3478 766 3539 columna
800 3486 970 3539 totus
1025 3487 1334 3541 terrarum
1371 3482 1545 3544 orbis
1596 3492 1717 3558 est,
1767 3502 1880 3563 per
1913 3501 2107 3564 quem
2152 3482 2324 3543 varie
2368 3481 2493 3543 fusi
2529 3483 2866 3560 sparsique
2902 3488 3093 3550 sunt,
3142 3478 3446 3539 divinus-

213 3591 313 3650 que
344 3577 550 3639 cultus
582 3595 990 3657 compressus
1038 3591 1099 3643 et
1137 3584 1521 3659 exstinctus,
1556 3584 1903 3665 ipsumque
1953 3584 2112 3646 adeo
2166 3582 2723 3664 Jerosolymitanm
2757 3581 2932 3644 urbis
2989 3578 3236 3651 solum,
3269 3580 3444 3658 quod

216 3674 296 3735 vix
323 3681 439 3754 jam
473 3681 877 3757 agnoscitur,
910 3690 1104 3759 atque
1139 3682 1445 3747 hactenus
1482 3687 1788 3748 duntaxat
1837 3687 1965 3748 illis
2006 3694 2195 3766 patet,
2236 3685 2432 3765 idque
2467 3685 2781 3746 duntaxat
2814 3682 3057 3744 fructus
3106 3698 3184 3743 ex
3241 3679 3445 3742 veteri

220 3794 305 3837 sua
340 3779 530 3856 gloria
570 3788 632 3841 et
663 3782 1086 3859 amplitudine
1131 3787 1415 3863 capiunt,
1450 3795 1516 3849 ut
1566 3807 1676 3866 per
1707 3789 1876 3851 diem
1925 3788 2257 3867 conspicui
2293 3786 2437 3849 facti
2476 3784 2894 3848 solitudinem
2944 3782 3225 3860 lugeant.
3256 3802 3283 3835 ιι
3335 3781 3451 3842 Ea-

218 3880 333 3941 dem
380 3891 438 3945 et
495 3885 680 3963 plura
738 3886 928 3947 etiam
975 3887 1052 3949 de
1116 3889 1358 3951 Judmis
1419 3891 1678 3969 plurimi
1746 3901 2000 3955 narrant
2072 3892 2443 3970 scriptores,
2494 3890 2769 3952 maxime
2830 3889 3269 3967 Hieronymus
3336 3887 3446 3965 qui

219 3982 286 4042 ait
318 3984 419 4063 (It),
451 4004 665 4067 usque
713 3988 787 4051 ad
823 4005 940 4051 sua
990 3998 1267 4069 tempora
1314 3993 1571 4055 Judzeos
1614 3994 1939 4072 prohiberi
1992 3994 2352 4056 Jerusalem
2407 3992 2690 4069 ingredi;
2747 4008 3019 4070 eosque,
3051 3988 3162 4067 qui
3215 3986 3449 4048 Christi

218 4088 564 4163 sanguinem
616 4098 926 4163 emerant,
962 4110 1173 4154 emere
1234 4093 1539 4173 lacrymas
1594 4114 1766 4169 suas,
1820 4096 1884 4156 id
1925 4103 2020 4157 est
2089 4096 2373 4176 pecunia.
2395 4092 2758 4154 facultatem
2795 4089 3160 4152 obtinuisse
3209 4094 3277 4148 ut
3321 4102 3452 4166 quo

221 4189 301 4249 die
326 4210 355 4251 a
385 4194 691 4256 Romanis
736 4204 913 4273 capta
947 4198 1291 4277 dirutaque
1321 4205 1381 4260 et
1414 4216 1634 4261 eversa
1667 4199 1788 4262 fuit
1824 4200 2214 4273 Jerusalem,
2247 4198 2341 4259 illi
2384 4212 2641 4275 campos
2677 4195 2782 4256 ubi
2819 4191 3175 4255 Jerusalem
3215 4188 3450 4257 fuerat.

221 4289 466 4367 veniant,
500 4301 566 4356 et
614 4293 709 4356 eis
748 4296 997 4356 ruinam
1053 4297 1327 4359 civitatis
1379 4298 1530 4360 ﬂere
1575 4299 1791 4362 'liceat.
1848 4301 2169 4364 Eusebius
2227 4308 2496 4364 testatur
2546 4299 2746 4359 Iib.tv
2784 4297 2979 4371 Hist,
3013 4312 3150 4373 cap.
3182 4293 3245 4364 ϐ,
3308 4289 3455 4352 uni-

225 4409 434 4459 versam
468 4406 726 4477 gentem
764 4400 1127 4462 Judaeorum
1165 4402 1225 4462 in
1268 4402 1592 4479 regionem
1630 4404 1790 4467 circa
1827 4406 2272 4486 Hierosolyma
2308 4406 2491 4467 sitam
2518 4404 2739 4482 pedem
2782 4402 3016 4463 inferre
3054 4397 3441 4480 prohibitam

222 4490 394 4569 fuisse
452 4497 939 4561 constitutione
995 4499 1255 4561 Adriani
1319 4501 1762 4580 imperatoris;
1814 4507 1972 4567 adeo
2030 4516 2099 4568 ut
2160 4525 2239 4569 ne
2295 4505 2656 4585 prostiicere
2720 4505 2980 4584 quidem
3015 4521 3048 4564 θ
3102 4500 3456 4579 longinquo

226 4597 460 4671 patrium
496 4599 709 4661 solum
744 4600 899 4677 ipsis
948 4600 1193 4664 liceret.
1229 4601 1414 4677 Quod
1468 4611 1677 4668 tamen
1715 4616 1937 4684 postea
1970 4624 2372 4684 concessum,
2408 4608 2503 4669 vel
2561 4605 2774 4686 potius
2828 4604 3096 4685 pecunia
3132 4608 3458 4681 emplum:

224 4702 278 4755 ut
308 4706 465 4761 notat
496 4701 864 4780 Gregorius.

286 4822 367 4885 Ex
422 4827 564 4907 ipso
613 4820 923 4893 dis‘éimus
978 4834 1403 4898 Maximinum
1455 4838 1801 4904 crudeliori
1853 4843 2164 4906 adversus
2233 4842 2631 4906 Christianos
2694 4838 3148 4922 persecutione
3203 4849 3461 4914 grassa-

230 4927 361 4997 ίυῐηι
407 4946 602 5008 quam
659 4930 1161 5010 Diocletianum,
1220 4941 1280 4998 et
1337 4937 1476 5017 ejus
1542 4957 1980 5005 successorem
2041 4945 2530 5007 Maximianum.
2565 4946 2631 5026 (i)
2688 4942 3114 5005 «Persecutio
3172 4945 3347 5010 erat,
3399 4945 3461 4999 et

228 5026 458 5101 quidem
522 5034 1049 5110 persecutionum
1101 5038 1391 5100 omnium
1445 5042 1884 5116 atrocissima,
1940 5046 2348 5124 maximeque
2394 5044 2733 5108 horrenda.
2777 5043 2869 5105 lis:
2917 5042 3172 5121 loquor,
3222 5038 3486 5119 quibus.

229 5124 528 5192 Maximini
579 5133 941 5209 persecutio
990 5143 1136 5199 nota
1179 5145 1314 5211 est;
1364 5140 1513 5218 qui,
1563 5159 1706 5204 cum
1759 5155 1901 5223 post
1954 5149 2213 5222 multos,
2271 5147 2381 5226 qui
2440 5146 2633 5225 paulo
2693 5152 2841 5208 ante
2909 5142 3311 5213 exstiterant.
3362 5140 3463 5201 ill-

231 5228 498 5304 gruisset,
547 5233 669 5293 hoc
722 5234 970 5307 eil‘ecit,
1024 5244 1091 5296 ut
1138 5253 1363 5301 omnes
1424 5240 1685 5304 humani
1724 5263 1796 5309 ac
1844 5247 2066 5311 faciles
2126 5246 2329 5310 fuisse
2386 5248 2836 5311 viderentur.)
2887 5242 3252 5306 Praeclaram
3303 5241 3463 5303 hanc

235 5343 422 5395 vocem
462 5336 696 5399 dictam
748 5338 1018 5404 referta
1068 5342 1474 5407 Constantini
1531 5348 1741 5427 Magni
1794 5362 1976 5433 patre
2032 5352 2436 5427 Constantio,
2492 5351 2780 5432 principe
2819 5349 3091 5429 Optimo,
3147 5342 3261 5426 qui
3318 5361 3463 5407 cum

295 5477 336 5509 ⁸³
360 5482 583 5555 Philipp.
618 5500 691 5552 iv,
722 5485 776 5543 9.

296 5600 757 5686 (9)9r.4,7n.__4_9.
880 5681 919 5686 Α
1295 5684 1380 5686 κη

1130 5682 1218 5686 ,μ
1295 5684 1380 5686 αθ
1968 5616 2359 5686 (Ῑ)οτ.9.ῑ,η.
2396 5614 2480 5669 10.

298 5676 359 5761 ib)
384 5678 438 5761 1n
474 5685 602 5761 edit.
636 5684 778 5761 Bill.,
809 5692 844 5737 ι.
879 5681 944 5749 ιι,
969 5698 1089 5756 pag,
1121 5682 1248 5751 222,
1281 5684 1407 5740 223.

930 5725 944 5749 ,
969 5698 1089 5756 pag.
1121 5682 1248 5751 222,
1281 5684 1407 5740 223.
1972 5676 2046 5761 to)
2070 5688 2165 5761 ()r.
2202 5676 2344 5748 ϐίη.
2388 5689 2474 5761 in.

298 5748 786 5826 (genitas,
934 5748 982 5753 "
1041 5748 1066 5756 '
1236 5748 1243 5751 ’

1966 5748 2041 5821 (hi
2078 5758 2142 5811 lu
2173 5775 2286 5823 mp.
2330 5774 2341 5810 I
2376 5758 2630 5826 Sep/rom,
2656 5763 2694 5808 t.
2724 5752 2807 5820 Ill,
2838 5769 2888 5824 ρ.
2922 5751 3079 5808 1655.

298 5818 367 5897 (‘1‘)
521 5825 689 5897 Μαι.
724 5824 812 5878 24.

1968 5818 2033 5897 (ἡ)
2064 5832 2153 5883 Ur.
2182 5818 2265 5892 i3,
2303 5846 2354 5881 tt.
2390 5828 2439 5879 5.

300 5890 360 5954 (3)
388 5892 553 5950 Carm.
597 5894 668 5947 De
696 5912 852 5964 pra'c.
890 5897 956 5951 ad
987 5897 1226 5965 virgines.
