3918 6594
404 443 508 503 m
1252 443 1264 456 '
1715 445 1874 502 vrrA
1917 447 1979 504 ε».
2015 444 2361 506 GREGORII.
2681 448 2684 452 ·
3651 424 3762 478 “3

399 562 482 626 ad
532 565 1054 642 persecutionem
1107 567 1500 634 Christianis
1569 569 1951 648 movendam
2007 569 2108 631 his
2166 565 2380 630 verbis
2426 563 2596 624 inter
2645 555 2770 621 alia
2816 571 2850 617 a
2885 549 3234 616 malevolo
3303 541 3737 623 impellere-

399 669 506 738 tur
542 663 622 748 (ιι)
663 689 681 730 :

1085 735 1186 860 .116.
1203 774 1303 860 sit:
1320 773 1599 860 enim;
1631 775 1779 856 ἐςτιν
1807 773 2155 860 ἡμερώτερον
2179 790 2195 837 ς

1108 841 1388 897 Ἀλλνοῦᾶ
1419 841 1606 916 ἐκείύη
1627 844 1734 898 τῶν
1764 841 2088 917 «pomum
2121 841 2376 913 φείδεταυ

1111 957 1276 1032 Estne
1307 958 1514 1032 animat
1536 973 1636 1032 ape
1662 957 1885 1032 mitius?

1117 1025 1223 1081 Sed
1251 1044 1349 1083 nec
1380 1030 1465 1096 illa
1494 1025 1642 1084 favos
1667 1027 2034 1096 auferentibus
2059 1027 2263 1110 parcit;

403 1141 818 1220 Constantius
855 1141 1193 1226 respondit
1227 1165 1244 1204 :

1107 1245 1232 1309 Πῶς
1259 1245 1358 1297 οὐκ
1386 1239 1551 1306 οἶδας,
1584 1236 1628 1296 ὧ
1666 1243 1907 1313 βέλτιστε
1935 1243 2022 1306 σὺ,

1129 1317 1216 1378 Ὠς
1244 1317 1353 1368 οὐδ’
1390 1315 1576 1386 ἐκείνῃ
1603 1310 1830 1386 κέίντρφν
1856 1315 2004 1366 ἐστὶν
2025 1310 2290 1386 ᾁᾼσςφαλὲςς

1108 1386 1264 1439 nais:
1311 1386 1431 1456 μὲν,
1467 1382 1605 1456 αὐξὴ
1630 1385 1672 1436 δ’
1710 1382 1913 1448 εὐθέως
1945 1382 2260 1437 ἀπόλλυται.

1105 1499 1185 1551 An
1223 1507 1273 1552 te
1304 1497 1458 1565 fugit,
1481 1498 1568 1551 vir
1589 1499 1792 1564 optime
1816 1537 1831 1561 ,

1105 1568 1258 1635 Quod
1295 1569 1462 1636 ipsius
1487 1569 1706 1622 aculeus
1735 1567 1972 1637 periculo
1995 1581 2098 1621 non
2134 1565 2332 1621 vacat?

1107 1639 1224 1707 Ipse
1250 1640 1466 1707 quidem
1490 1640 1702 1708 pungit,
1738 1640 1832 1692 sed
1861 1639 1950 1693 iila
1983 1639 2166 1692 statim
2195 1637 2444 1692 moritur.

400 1757 688 1820 Plurima
733 1757 812 1818 de
856 1753 1233 1817 Constantio
1283 1753 1640 1817 honorifice
1681 1755 2009 1831 praedicat;
2068 1754 2524 1833 imperatorem
2581 1749 2970 1830 piissimum,
3021 1741 3267 1807 Christi
3313 1737 3735 1809 amantissia

407 1875 611 1928 mum,
651 1857 760 1937 qui
817 1857 952 1917 Deo
1006 1853 1349 1933 adjunctus
1403 1853 1524 1924 sit,
1578 1852 1690 1939 qui
1729 1853 2007 1916 caelestis
2064 1853 2282 1931 glorim
2324 1853 2756 1914 hmreditatem
2811 1846 3164 1926 acceperit,
3212 1842 3344 1924 qui
3417 1841 3725 1903 moriens

399 1964 746 2046 imperium
780 1978 922 2024 cum
972 1958 1242 2023 meliore
1285 1958 1722 2019 commutarit.
1757 1959 1896 2019 Non
1940 1957 2071 2020 hmo
2122 1959 2435 2031 Hilarius,
2473 1974 2597 2018 non
2644 1956 2776 2018 haec
2807 1950 3226 2023 Athanasius,
3287 1965 3437 2010 non
3502 1945 3718 2008 Theo-

403 2069 696 2138 doretus,
751 2065 994 2145 aliique
1049 2061 1402 2140 scriptores
1469 2062 1911 2127 ecclesiastici.
1957 2062 2075 2124 Sed
2118 2063 2248 2142 jam
2300 2063 2368 2124 in
2422 2060 2780 2142 Praeloquio
2827 2059 2906 2122 ad
2961 2057 3333 2121 orationem
3406 2058 3714 2134 quartam

403 2171 536 2236 haec
583 2169 930 2247 diligenter
965 2183 1233 2230 excussa
1281 2171 1458 2227 sunt.
1509 2166 1854 2243 Monitum,
1895 2168 1950 2228 si
2001 2169 2182 2244 velit,
2230 2169 2412 2231 adeat
2464 2167 2699 2241 lector;
2751 2166 2937 2229 nobis
2990 2163 3191 2227 semel
3250 2162 3442 2224 dicta
3509 2150 3726 2222 retraé

402 2272 609 2334 ctandi
657 2261 860 2333 otium
915 2285 1048 2331 non
1083 2276 1215 2342 est;
1257 2268 1415 2348 quin
1445 2268 1636 2330 etiam
1671 2287 1814 2331 cum
1858 2271 2209 2336 voluminis
2255 2277 2388 2341 tum
2426 2269 2737 2348 temporis
2775 2266 3090 2346 angustiae
3147 2282 3276 2328 nos
3325 2272 3589 2342 cogunt
3647 2269 3725 2324 ut.

400 2371 708 2453 praefandi
747 2372 1096 2436 terminum
1139 2368 1245 2432 hic
1279 2369 1536 2433 tandem
1573 2369 1949 2442 habeamus.

469 2492 546 2567 (ιι)
568 2493 749 2550 Carm.
775 2496 895 2551 adv.
927 2495 1086 2550 iram.

2739 2633 3696 2679 Wa

1811 2823 2268 2986 VITA

852 3079 1421 3251 SANCTI
1535 3122 2298 3250 GREGORII
2414 3120 3231 3250 THEOLOGI

1001 3374 1560 3470 EPISGOPI
1617 3371 3072 3466 CONSTANTINOPOLITANI

1345 3592 1431 3654 EX
1458 3591 1656 3636 IPSIUS
1680 3589 2053 3634 POTISSIMUM
2077 3587 2346 3633 SCRIPTIS
2375 3586 2733 3634 ADORNATA.

1995 3749 2063 3763 ἰ-

480 3869 776 3940 Gregortus
826 3866 1242 3932 Nazianzenus,
1299 3871 1388 3950 qui
1450 3873 1516 3926 ab
1556 3872 1752 3938 eximia
1804 3890 1984 3937 rerum
2017 3879 2058 3938 Α
2091 3873 2460 3930 suburbanum
2490 3870 2766 3926 Nazianzo
2795 3867 3006 3923 censeri
3046 3877 3234 3936 putant
3278 3886 3293 3925 :
3350 3869 3517 3938 idque
3565 3867 3694 3922 inde

407 3957 713 4014 divinarum
750 3958 977 4015 scientia
1012 3959 1261 4030 Theologi
1295 3975 1488 4015 nomen
1522 3963 1670 4018 solus
1706 3973 1828 4033 post
1863 3980 1992 4034 apo-

407 4051 606 4106 stolum
640 4049 903 4106 Joannem
951 4051 1185 4115 invenit,
1219 4052 1374 4120 quis,
1424 4054 1598 4122 qualis
1653 4065 1706 4109 et
1753 4065 1992 4122 quantus

408 4143 592 4206 fuerit,
623 4158 811 4198 omnes
838 4158 943 4196 uno
969 4159 1064 4197 ore
1093 4142 1265 4197 G-rmci
1289 4154 1341 4198 et
1373 4137 1548 4198 Latini
1581 4145 1820 4200 melioris
1850 4156 1993 4200 note

405 4235 708 4302 scriptores
761 4234 1114 4289 ecclesiastici
1178 4235 1732 4290 honoriﬁcentissime
1807 4239 1992 4292 testati

409 4335 565 4390 sunt;
605 4325 859 4394 pauciora
895 4333 1074 4378 tamen
1112 4325 1178 4378 de
1212 4326 1328 4394 ejus
1364 4326 1471 4379 vita
1512 4325 1780 4397 rebusque
1827 4330 1995 4397 geSIis

410 4417 604 4476 litteris
653 4417 999 4471 mandarunt.
1049 4415 1244 4472 Verum
1281 4420 1392 4488 ipse
1440 4419 1736 4490 Gregorius
1779 4424 1996 4492 proprio

408 4507 622 4559 calamo
648 4507 939 4577 supplevit,
971 4517 1080 4561 tum
1114 4510 1164 4562 in
1198 4511 1406 4578 prolixo
1435 4514 1723 4582 etegregio
1755 4514 1995 4569 carmine

408 4596 551 4666 quod
583 4597 646 4665 de
677 4597 789 4651 suis
817 4598 978 4652 rebus
1007 4599 1119 4668 ipse
1143 4601 1384 4669 scripsit,
1416 4612 1526 4655 tum
1554 4605 1718 4675 variis
1749 4604 1799 4656 in
1835 4606 1992 4668 locis.

409 4683 503 4742 seu
537 4689 837 4742 carminum
875 4700 1215 4755 caeterorum,
1247 4708 1342 4747 seu
1371 4695 1679 4750 orationum
1713 4707 1767 4750 et
1799 4698 1995 4766 episto-

409 4780 619 4845 iarum,
657 4781 709 4834 in
747 4780 943 4850 quibus
981 4783 1214 4852 plurima
1263 4785 1328 4839 de
1367 4786 1546 4856 seipse
1579 4799 1993 4844 commemorat.

409 4872 594 4936 Quare
627 4873 830 4942 scripta
867 4873 1138 4946 Gregorii,
1177 4875 1312 4931 Vitae
1340 4877 1528 4945 ipslus,
1567 4893 1632 4932 ac
1657 4893 1845 4933 eorum
1875 4895 1997 4950 quae

409 4965 476 5028 de
507 4963 624 5032 ipso
658 4966 970 5031 scribimus,
1003 4968 1148 5027 basis
1178 4977 1305 5023 sunt
1331 4984 1396 5023 ac
1429 4967 1860 5024 fundamentum.

407 5079 448 5140 1.
508 5078 752 5150 Gregorii
788 5081 964 5149 patria
1018 5094 1036 5132 :
1086 5095 1158 5133 an
1204 5079 1570 5148 Nazianzum,
1624 5100 1693 5136 an
1738 5082 1998 5138 Arianzus

1109 5167 1294 5221 pagus.

482 5241 814 5317 Iviazianzutn
845 5241 1200 5312 Cappadocia:
1239 5243 1538 5309 civitatem,
1570 5245 1712 5300 haud
1744 5245 1928 5315 procul
1964 5262 1994 5313 a

411 5335 658 5398 Gzt-sarea
684 5377 699 5400 ,
731 5336 784 5409 ir.
814 5337 968 5406 cujus
1011 5336 1232 5392 dicecesi
1268 5350 1416 5402 erat,
1445 5338 1693 5407 Gregorii
1738 5354 1859 5394 esse
1903 5355 1994 5409 pa-

411 5428 611 5492 triam,
666 5427 900 5496 indeque
945 5428 1349 5485 Nazianzenum
1398 5445 1522 5483 eum
1573 5432 1777 5486 dictum
1830 5432 1996 5487 fuisse

408 5518 655 5586 plerique
704 5520 1039 5574 existimant.
1097 5519 1238 5574 Sunt
1290 5530 1470 5574 tamen
1526 5522 1618 5590 qui
1679 5538 1835 5586 eum,
1888 5537 1994 5578 non

409 5608 690 5675 Nazianzi,
741 5613 835 5666 sed
865 5613 1085 5669 Arianzi
1117 5625 1300 5668 natum
1338 5613 1696 5668 arbitrantur.
1731 5614 1996 5668 Arianzus

407 5715 590 5758 autem
630 5719 800 5772 pagus
835 5713 954 5779 erat
983 5706 1037 5758 in
1076 5705 1295 5774 regione
1324 5705 1582 5760 Tiberina
1617 5704 1752 5758 situs
1776 5743 1790 5767 ,
1832 5719 1992 5774 quem

411 5795 711 5849 doctissimi
744 5793 1128 5850 Tillemontius
1157 5805 1210 5850 et
1248 5795 1614 5854 Gothofredus
1646 5795 1991 5869 Hermantius

483 5939 557 6028 (ὁ)
587 5940 621 5998 9
646 5940 791 6009 Maii,
819 5957 870 6012 p.
906 5941 1029 5998 376.

2095 3970 2383 4039 eolligunt.
2435 3954 2612 4033 quod,
2673 3979 2794 4019 cum
2845 3978 2905 4018 ea
2957 3963 3106 4032 regio
3152 3960 3430 4030 grandine
3475 3966 3680 4012 vastata

2097 4061 2310 4124 fuisset,
2351 4056 2842 4124 Nazianzenos,ad
2893 4055 3271 4125 paenitentiam
3311 4053 3564 4108 hortatus
3609 4048 3680 4102 sit

2096 4149 2415 4220 Gregorius,
2449 4158 2507 4203 ut
2541 4163 2675 4218 quos
2706 4161 2767 4202 ea
2809 4146 3090 4200 calamitas
3121 4145 3354 4214 propius
3389 4145 3689 4212 spectaret.

2096 4239 2151 4293 ld
2182 4240 2432 4293 haustum
2467 4251 2550 4292 est
2579 4255 2646 4292 ex
2702 4235 2984 4291 collatione
3021 4235 3055 4289 5
3086 4234 3294 4303 Synodi
3332 4248 3393 4297 v,
3441 4231 3530 4284 ubi
3576 4229 3680 4282 Eu.

2097 4331 2361 4399 phrantas
2409 4329 2695 4397 cpisc0pus
2747 4324 3086 4397 Thyanensis
3135 4325 3215 4378 ait
3258 4341 3274 4378 :
3343 4341 3364 4374 ι
3420 4321 3678 4376 Arianzus

2099 4421 2313 4490 quidem
2340 4420 2598 4488 prmdium
2625 4427 2727 4486 est,
2753 4417 2895 4470 unde
2923 4425 3074 4470 ortus
3103 4412 3207 4468 fuit
3235 4411 3556 4481 Gregorius,
3584 4407 3678 4463 sub

2100 4514 2374 4570 Nazianzo
2397 4513 2725 4565 constitutus
2748 4508 2845 4580 (ὁ).
2888 4527 2907 4561 ι
2941 4507 3288 4562 Bollandistze
3321 4507 3474 4558 aiunt
3497 4518 3555 4556 se
3578 4515 3674 4555 non

2101 4604 2401 4674 intelligere
2445 4621 2463 4653 ι
2496 4618 2594 4662 cur
2618 4603 2732 4656 haec
2755 4601 2986 4656 debeant
3015 4600 3080 4652 ad
3107 4598 3448 4652 nativitatem
3473 4590 3674 4655 referri,

2102 4711 2223 4750 eum
2277 4693 2545 4757 sufﬁciat,
2599 4693 2643 4746 si
2691 4708 2758 4747 ex
2806 4691 2895 4747 illo
2938 4705 3049 4754 sua;
3083 4689 3448 4760 possessionis
3477 4681 3671 4754 praedio

2103 4788 2355 4858 Gregorii
2408 4798 2580 4857 pater,
2616 4795 2707 4845 aut
2751 4801 2904 4848 avus,
2957 4783 3009 4837 in
3061 4784 3233 4854 ipsam
3284 4780 3670 4836 Nazianzenam

2102 4881 2380 4936 civitatem
2415 4879 2686 4951 migravit,
2723 4878 2902 4944 ibique
2920 4875 3240 4946 Gregorium
3273 4874 3443 4926 lilium
3474 4863 3670 4939 peperit

2103 4985 2295 5029 mater.
2338 4993 2356 5030 ι
2399 4974 2665 5027 Prmterea
2704 4970 2953 5040 inquiunt
2992 4985 3005 5021 :
3045 4985 3064 5019 ‹
3105 4967 3379 5022 Arianzns
3411 4977 3512 5016 non
3539 4969 3670 5026 pra:-

2103 5068 2250 5119 dium
2295 5064 2462 5118 fuisse
2508 5062 2743 5126 videtur,
2782 5054 2875 5114 Sed
2927 5073 3130 5129 pagus,
3173 5059 3226 5112 in
3278 5071 3386 5126 quo
3421 5051 3664 5122 praedium

2106 5155 2290 5210 habuit
2315 5154 2608 5224 Gregorius
2636 5167 2665 5207 a
2696 5152 2924 5222 quodam
2953 5151 3199 5220 Rhegino
3225 5159 3487 5218 emptum.
3524 5162 3542 5196 ι
3575 5139 3667 5194 Lc—

2031 5228 2074 5284 Β
2106 5245 2256 5298 viora
2289 5245 2402 5299 lucc
2431 5256 2557 5298 sunt
2585 5260 2752 5315 quam
2780 5254 2839 5296 ut
2872 5244 2940 5297 iis
2968 5244 3322 5296 immorentur
3349 5237 3579 5296 diutius;
3606 5243 3662 5283 ac

2103 5350 2292 5403 parum
2330 5337 2582 5401 interest,
2613 5345 2843 5401 natusue
2888 5335 2958 5390 sit
2985 5334 3278 5404 Gregorius
3303 5326 3568 5390 Nazianzi,
3599 5336 3659 5374 an

2104 5425 2354 5490 Arianzi;
2405 5427 2638 5480 maxime
2686 5440 2808 5481 cum
2857 5435 3069 5481 constet
3105 5424 3397 5500 Arianzum
3439 5416 3657 5475 vicinum

2104 5517 2272 5571 fuisse
2308 5517 2597 5572 Nazianzo.
3325 5519 3328 5523 ’

2177 5611 2241 5666 Il.
2287 5611 2435 5674 Mala
2469 5621 2696 5665 veterum
2729 5611 2794 5665 de
2825 5609 3173 5678 Cappadociae
3211 5605 3395 5662 incolis
3433 5596 3613 5664 opinio.

2102 5709 2119 5720 ⁵
2177 5704 2414 5762 Patriam
2449 5704 2628 5772 igitur,
2657 5713 2716 5756 ut
2741 5704 2818 5757 ait
2846 5702 3145 5772 Gregorius
3178 5700 3452 5776 presbyter
3475 5694 3523 5746 in
3554 5684 3656 5776 vi"!

2111 5795 2269 5866 Vim:
2319 5797 2608 5858 secundum
2647 5795 3020 5866 Cappadocum
3077 5775 3402 5864 provinciam
3450 5775 3650 5837 habuit—
