3926 6410
236 299 333 360 ιιθ

1523 305 1682 364 VITA
1722 306 1779 363 S.
1821 305 2169 364 GREGORII.

3367 309 3466 364 τεο

236 417 411 472 urbem
460 412 812 467 Nazianzum.
866 409 1020 465 Juvat
1080 413 1376 470 observare
1427 416 1788 485 Naziauzum,

1910 421 2108 477 ﬁnibus
2135 418 2524 488 pra-luxerunt,
2565 417 3011 488 δαδουχήσαντες.
3053 439 3071 472 ι
3117 419 3320 487 Quibus
3349 438 3468 478 ver.

235 517 290 563 ut
308 522 370 561 ex
402 505 747 574 Hieronymo,
775 505 910 558 libro
937 505 1010 559 De
1037 507 1375 575 scriptoribus
1405 509 1790 577 ecclesiasticis,

235 606 286 649 et
317 608 378 647 ex
412 592 673 661 Gregorio
703 592 960 647 discimus
991 594 1090 664 (ιι),
1122 597 1440 665 appellatam
1473 600 1600 654 olim
1627 600 1792 655 fuisse

239 684 638 737 Diocmsaream.
673 681 842 736 Parva
879 685 1094 754 quidem
1133 688 1261 742 urbs
1308 698 1362 743 et
1393 691 1648 752 obscura,
1684 691 1795 746 Na-

235 777 468 832 sianzum
494 816 509 841 ,
547 775 692 827 nullo
725 775 774 828 in
810 776 1012 832 honore
1034 818 1048 842 ,
1083 779 1190 833 imo
1225 783 1498 836 communi
1528 799 1652 837 cum
1683 801 1792 839 cae-

237 867 356 922 teris
385 864 800 936 Cappadocibus
831 868 1047 922 infamia
1091 871 1362 928 laborans.
1407 872 1613 944 Ubique
1647 878 1792 931 enim

235 968 488 1013 terrarum
516 959 748 1026 pessime
781 961 1072 1015 audiebant
1104 961 1493 1033 Cappadoces:
1525 982 1622 1020 nec
1658 968 1794 1022 nllus

235 1060 309 1106 est
353 1050 608 1118 scriptor,
641 1051 753 1106 sive
795 1067 826 1106 e
859 1056 1092 1120 nostris,
1121 1055 1236 1110 sive
1263 1072 1330 1111 ex
1367 1058 1606 1126 profanis
1630 1101 1644 1124 ,
1700 1062 1790 1128 qui

235 1157 319 1196 eos
349 1142 609 1196 conviciis
658 1159 762 1196 non
803 1143 1072 1211 lacescat;
1122 1163 1241 1216 quin
1274 1150 1435 1203 etiam
1474 1135 1792 1219 proverbio,

237 1236 413 1290 melius
443 1236 676 1290 dixerim
704 1277 718 1301 ,
770 1241 935 1292 veteri
967 1242 1274 1316 σαρκάσμῳ
1295 1285 1308 1308 ,
1344 1245 1467 1316 τρία
1501 1249 1654 1300 ΚΚΚ
1698 1247 1798 1302 κά-

236 1349 402 1391 κιστα,
439 1331 850 1386 increbucrunt.
887 1332 1062 1388 Unum
1103 1337 1241 1390 inter
1281 1341 1474 1394 mullos
1514 1341 1796 1396 audiamus

236 1420 480 1475 Isidorum
523 1421 592 1476 de
633 1421 1036 1492 Cappadocibus
1085 1427 1391 1497 loquentem
1431 1431 1502 1501 (b)
1541 1449 1554 1485 :
1597 1452 1614 1483 ι
1656 1433 1796 1487 Sub—

237 1513 340 1568 dola
370 1523 532 1581 atque
569 1514 812 1579 improba
847 1531 1036 1584 magna
1075 1533 1138 1572 ex
1179 1530 1332 1588 parte
1363 1524 1476 1574 haec
1521 1524 1665 1576 natio
1692 1532 1792 1578 est.

236 1604 361 1658 Pace
397 1603 715 1671 oﬂ'enditur,
761 1609 1196 1664 contentionibus
1230 1627 1294 1664 ac
1327 1613 1568 1667 dissidiis
1607 1616 1793 1682 alitur,

237 1696 584 1765 eamdemque
612 1698 787 1751 dulcis
825 1697 880 1752 et
911 1701 1082 1753 amari
1118 1699 1318 1755 fontem
1356 1703 1534 1758 habet.
1571 1703 1624 1758 In
1669 1721 1797 1760 con-

1895 511 1979 568 bis
2027 527 2132 566 non
2177 511 2310 566 alios
2347 521 2494 566 certe
2524 525 2682 579 quam
2731 510 3048 581 Gregorium
3093 529 3458 581 umgnumque

1898 601 2154 657 Basilium
2195 601 2502 671 signiﬁcare
2537 599 2704 654 voluit
2752 601 3008 664 Isidorus,
3048 610 3107 657 ut
3149 611 3202 656 et
3243 603 3366 656 istis
3412 608 3464 658 iu

1897 690 2120 761 epistola
2145 705 2315 745 CCCLII
2344 688 2413 759 (ε)
2448 707 2460 743 :
2495 707 2513 740 ι
2549 688 2662 759 Ego
2685 705 2812 744 vero
2847 701 3064 746 sanctos
3107 692 3228 748 illos
3271 708 3300 747 ε
3327 692 3474 760 ϐιῳ-ι

1898 781 2120 852 padocia
2148 781 2426 836 exstitisse
2455 780 2742 836 assentior.
2779 782 2956 851 Atque
2985 784 3086 837 hoc
3123 784 3465 852 potissimum

1900 871 2126 926 istorum
2177 871 2536 940 improbitatis
2589 882 2966 939 argumentum
3017 883 3143 938 est;
3201 893 3220 927 ι
3279 891 3469 943 nempe

1898 963 2278 1034 Cappadocum
2303 1005 2318 1028 ,
2351 980 2580 1034 quorum
2612 979 2792 1018 mores
2821 965 3022 1034 indigni
3055 978 3294 1021 veterum
3335 983 3470 1022 sau-

1896 1067 2101 1112 ctorum
2126 1056 2343 1112 Patrum
2377 1061 2572 1116 virtute
2615 1071 2740 1116 tunc
2779 1058 3227 1114 decantabautnr.
3274 1081 3279 1086 ·

1916 1202 1925 1207 _
1973 1146 2266 1217 Gregorius
2303 1159 2480 1204 tamen
2526 1151 2882 1222 Cappadocia
2917 1165 3025 1203 non
3061 1150 3331 1205 illibenter
3360 1165 3472 1204 me-

1897 1240 2074 1303 minit,
2116 1255 2363 1309 eamque,
2395 1251 2454 1295 ιιι
2489 1259 2610 1298 sese
2637 1245 2729 1298 dat
2752 1243 3267 1309 occasio,.latnlilms
3289 1243 3464 1298 effert.

1901 1332 1971 1386 De
1993 1331 2226 1401 Georgio
2248 1335 2585 1403 Cappadoce,
2605 1336 2696 1404 qui
2720 1335 3017 1390 Athanasio
3043 1335 3465 1390 infensissimum

1898 1425 2318 1500 se'prarbuerat,
2354 1429 2517 1481 verba
2549 1426 2759 1482 faciens
2783 1469 2796 1493 ,
2832 1427 2910 1481 sic
2938 1427 3013 1479 ait
3039 1425 3116 1497 (θ’)
3153 1443 3167 1480 :
3219 1444 3239 1477 ι
3294 1427 3470 1496 Atque

1899 1514 1986 1569 hic
2037 1516 2167 1569 mihi
2211 1517 2586 1572 charissimqu
2635 1516 2855 1582 solum,
2904 1519 3167 1586 patriam,
3213 1516 3466 1585 inquam,

1899 1623 2116 1674 meam,
2164 1610 2308 1664 onmi
2357 1611 2585 1664 crimine
2625 1611 2852 1666 soiutam
2895 1610 3050 1664 velim
3087 1623 3102 1661 :
3155 1610 3470 1680 improbitas

1900 1704 2068 1767 enim,
2129 1719 2234 1758 non
2290 1702 2629 1771 p.ttri:n,sed
2677 1703 2776 1766 iis,
2817 1701 2908 1770 qui
2947 1699 3113 1754 animi
3160 1701 3471 1755 inductione

237 1799 409 1856 gressu
438 1785 638 1839 blande
668 1802 731 1842 ac
761 1789 990 1859 benigne
1024 1789 1282 1860 loquitur,
1331 1793 1382 1847 in
1417 1796 1662 1850 absentia
1697 1801 1795 1853 ob-
1832 1770 1873 1828 Β
1905 1796 2073 1864 ipsam
2123 1797 2440 1865 elegerunt,
2473 1799 2798 1870 assignanda
2830 1807 2933 1852 est.
2982 1798 3072 1852 IIIa
3105 1796 3246 1851 enim
3277 1811 3429 1848 sacra
3451 1831 3469 1858 ,

241 1887 464 1934 treclrat.
493 1878 685 1934 Fallax
734 1892 836 1944 est,
874 1884 1177 1953 impudens,
1210 1889 1521 1952 temeraria,
1566 1893 1794 1946 meticu—

239 1968 370 2032 losa,
425 1971 768 2036 cavillatrix,
814 1973 1129 2039 illiberalis,
1186 1988 1420 2042 versuta,
1473 1980 1795 2048 inhumana,

238 2063 446 2131 superba
480 2072 536 2117 et
568 2073 861 2118 contumax
891 2107 906 2130 ,
940 2066 990 2120 in
1024 2069 1276 2124 secundis
1307 2070 1604 2125 amicorum
1639 2075 1799 2128 rebus

239 2162 436 2216 mcesta,
465 2154 516 2205 in
546 2155 796 2210 adversis
833 2155 950 2210 laeta
980 2168 1033 2212 et
1067 2160 1405 2216 insatiabilis.
1443 2161 1554 2218 Sub
1581 2165 1798 2234 pietatis

239 2243 371 2298 larva
423 2246 778 2302 inulierculas
829 2249 881 2303 in
938 2251 1304 2318 captivitatem
1351 2254 1586 2325 redigit,
1640 2267 1801 2325 atque

241 2337 410 2390 Insano
443 2338 562 2392 auri
617 2354 804 2394 amore
849 2339 1202 2412 Babylonium
1255 2355 1496 2413 superat.
1527 2346 1606 2399 Ad
1645 2363 1794 2401 men-

242 2430 457 2482 tiendum
511 2429 771 2498 proclivis
819 2442 936 2495 cst,
999 2435 1065 2486 ad
1113 2433 1459 2501 pejerandum
1509 2438 1674 2492 celer.
1722 2440 1800 2494 Ac

240 2521 450 2591 denique
484 2523 704 2591 qualem
748 2524 913 2579 habes
961 2525 1422 2594 improbissimum
1469 2545 1532 2584 ac
1578 2546 1802 2599 prorsus

239 2627 439 2668 exosum
485 2615 823 2686 gigantium,
874 2618 1008 2672 tales
1048 2634 1236 2673 omnes
1289 2618 1634 2691 Cappadoces
1683 2638 1803 2679 esse

240 2708 504 2775 existima,
537 2724 606 2763 ac
656 2725 753 2779 pro
784 2721 935 2766 certo
974 2713 1110 2768 habe
1152 2713 1307 2785 (c)...
1357 2715 1495 2782 Quid
1545 2717 1638 2769 tibi
1679 2732 1800 2770 cum

243 2812 420 2864 genere
463 2801 720 2855 bclluinis
776 2805 1018 2858 moribus
1064 2807 1326 2873 praedito?
1359 2808 1494 2872 Quid
1542 2808 1634 2862 tibi
1679 2824 1802 2863 cum

245 2891 452 2945 barbara
486 2893 750 2947 natione?
778 2893 915 2960 Quid
950 2906 1000 2951 te
1032 2912 1152 2951 cum
1195 2897 1520 2968 ignobilibus
1575 2900 1802 2955 comini-

243 2982 382 3038 sces?
421 2982 557 3049 Quid
609 3001 729 3039 cum
758 2987 1167 3055 Cappadocibus
1216 2989 1485 3044 collidcris
1667 2989 1803 3059 Quid

248 3083 370 3128 tuam
411 3075 576 3144 ipsius
618 3077 1071 3133 existimationem
1101 3080 1464 3134 commaculas
1493 3121 1508 3146 ,
1545 3098 1665 3136 cum
1699 3081 1803 3137 illis

250 3175 292 3216 te
331 3167 650 3230 conferens,
695 3170 890 3237 quibus
931 3185 1029 3224 nec
1069 3180 1125 3225 ut
1188 3172 1472 3240 mancipiis
1519 3175 1802 3242 quisquam

247 3269 406 3311 mente
440 3260 703 3329 praeditus
736 3263 811 3315 uti
850 3263 1012 3317 velit?
1056 3283 1074 3314 ι
1126 3263 1252 3319 Ilasc
1306 3272 1424 3319 erat
1458 3265 1820 3342 antiquorum

245 3346 304 3402 de
323 3348 672 3420 Cappadocia:
701 3353 894 3408 incolis
941 3355 1145 3422 opinio,
1176 3356 1418 3425 adeoque
1455 3358 1520 3411 de
1549 3354 1806 3411 Nazianzi

250 3441 456 3509 civibus,
494 3448 698 3516 quippe
724 3463 843 3516 quae
869 3464 994 3516 pars
1023 3449 1141 3518 ejus
1168 3459 1307 3512 erat,
1353 3450 1605 3506 secunda:
1643 3450 1808 3505 nitui-

253 3549 348 3587 ἰιιιι
377 3536 733 3607 Cappadociae
758 3543 986 3595 obscura
1012 3542 1226 3597 civitas.
1261 3542 1458 3596 Verum
1489 3559 1516 3596 a
1547 3543 1808 3613 Gregorio

253 3637 417 3682 nostro
453 3648 471 3681 ι
519 3630 661 3685 adeo
687 3633 1037 3692 nobilitata...
1072 3646 1173 3698 est,
1205 3634 1364 3688 verba
1397 3647 1520 3689 sunt
1551 3637 1666 3702 ejus
1696 3636 1808 3690 bio-

250 3722 453 3789 graplii,
512 3733 570 3776 ut
623 3726 763 3793 apud
813 3737 1084 3781 extremos
1135 3727 1295 3780 etiam
1336 3727 1487 3780 orbis
1543 3736 1804 3781 terrarum

252 3812 369 3867 ﬁnes
404 3825 628 3882 propter
677 3833 799 3870 eum
850 3819 992 3871 clara
1044 3827 1206 3887 atque
1252 3819 1478 3873 illustris
1519 3819 1806 3874 exstiterit.

252 3903 415 3973 Neque
457 3909 604 3961 enim
648 3906 788 3961 Pella
833 3911 901 3964 ob
946 3909 1311 3964 Alexandrum
1372 3909 1646 3964 celebrior
1691 3919 1808 3974 est,

253 3995 428 4065 inquit,
461 4009 552 4052 aut
597 3997 778 4054 Persa:
810 4012 1024 4068 propter
1054 4001 1251 4071 Cyrum
1283 4001 1347 4054 ad
1389 4011 1592 4053 tantam
1625 3999 1810 4071 gloria:

254 4090 658 4162 Splendorisque
699 4093 1119 4162 magnitudinem
1155 4093 1324 4147 evecti
1360 4105 1516 4159 sunt;
1551 4103 1809 4160 quantum

255 4183 352 4236 lia-c
385 4195 610 4252 propter
637 4199 888 4252 maguum
922 4183 1238 4251 Gregorium
1267 4193 1512 4237 assecuta
1537 4192 1638 4236 est.
1669 4181 1812 4248 Quo-

253 4274 377 4328 circa
407 4277 506 4342 ipsi
553 4291 768 4344 qttoque
799 4278 866 4328 ob
897 4276 1182 4330 educatum
1229 4274 1550 4342 Gregorium
1593 4273 1809 4328 abunde

252 4368 560 4433 persolutam
608 4383 730 4422 esse
775 4367 1077 4421 mercedem
1134 4367 1422 4430 existimo,
1461 4367 1657 4434 quippe
1692 4379 1811 4433 quae

1898 1898 1952 1942 ct
1990 1890 2126 1957 apud
2154 1907 2340 1946 omnes
2374 1893 2594 1961 pietatis
2623 1891 2778 1947 laude
2810 1891 2955 1946 clara
2982 1899 3035 1945 et
3064 1889 3286 1944 illustris
3312 1897 3415 1942 est.
3447 1905 3466 1938 ι

1897 1981 2038 2035 Alibi
2073 1981 2148 2053 (g)
2203 1981 2608 2053 Cappadociam
2657 1984 3019 2039 venerandam
3053 1981 3281 2052 patriam
3318 1993 3469 2034 suam

1899 2083 2056 2129 vocat
2076 2117 2090 2142 ,
2126 2090 2224 2130 nec
2256 2077 2433 2130 minus
2462 2076 2716 2146 iuvenum
2746 2117 2761 2140 ,
2792 2091 2955 2145 quam
2984 2089 3246 2144 equorum
3278 2073 3473 2126 bonam

1903 2169 2188 2222 nutricem.
2241 2169 2306 2222 Et
2346 2170 2397 2224 in
2427 2169 2531 2224 ﬁne
2561 2170 2820 2224 carminis
2866 2167 2933 2223 ad
2994 2167 3304 2222 Nemesium
3369 2165 3468 2234 (1.),

1905 2276 1923 2310 ι
1953 2259 2294 2330 Cappadoces
2323 2275 2450 2315 suos
2485 2277 2504 2313 ι
2540 2259 2688 2325 dicit,
2715 2270 2769 2314 et
2795 2261 2896 2314 hoc
2929 2259 3144 2314 nomine
3169 2273 3229 2312 se
3254 2257 3473 2327 gloriari

1901 2348 2209 2417 proﬁtetur.

2355 2440 2441 2497 III.
2483 2440 2734 2496 Parentes
2767 2437 3027 2509 Gregorii.

1976 2531 2047 2588 Pa
2065 2534 2310 2589 rentibus
2334 2543 2511 2587 ortum
2538 2547 2660 2588 esse
2681 2531 2949 2586 nobilibus
2978 2529 3299 2600 Gregorium
3324 2540 3472 2581 asse-

1903 2621 1976 2676 rit
1999 2623 2116 2692 ejus
2150 2623 2286 2677 Viue
2333 2622 2599 2692 scriptor;
2633 2621 2775 2690 quod
2818 2621 3035 2689 quidem
3075 2620 3340 2672 incertum
3395 2624 3479 2671 est

1905 2717 1970 2770 dc
1998 2725 2150 2784 patre
2179 2715 2348 2785 ipsius
2379 2713 2674 2782 Gregorio;
2711 2713 2810 2766 nisi
2847 2711 2974 2781 quis
3011 2709 3135 2764 inde
3165 2709 3293 2762 illud
3325 2707 3476 2762 colli-

1905 2821 2031 2877 gere
2056 2807 2180 2860 velit
2201 2845 2217 2872 ,
2249 2809 2391 2876 quod
2419 2805 2715 2875 Gregorius
2748 2815 2936 2858 noster
2966 2804 3016 2856 in
3061 2801 3308 2855 oratione
3331 2840 3345 2864 ,
3373 2813 3478 2868 qua

1907 2899 2142 2954 defuncti
2176 2900 2350 2970 patris
2387 2899 2575 2954 Iaudes
2611 2896 2985 2968 prosequitur,
3017 2895 3100 2949 his
3129 2895 3308 2947 verbis
3345 2891 3482 2945 inci-

1907 2989 2019 3060 piat
2045 2989 2105 3060 (ἱ)
2136 3007 2152 3043 :
2190 3006 2208 3040 ι
2249 2987 2340 3042 Ille
2377 2989 2560 3057 igitur,
2602 2997 2661 3041 ut
2690 2988 2920 3057 patriam
2944 3029 2959 3052 ,
3001 3001 3193 3054 genus,
3235 2983 3498 3052 corporis.

1909 3083 2060 3138 dotes
2081 3120 2096 3146 ,
2127 3091 2408 3136 externum
2453 3081 2833 3150 splendorem,
2860 3089 2915 3134 et
2956 3079 3081 3144 alia,
3113 3079 3183 3132 ob
3217 3091 3336 3145 qua:
3385 3075 3484 3128 ho-

1909 3173 2080 3229 mines
2129 3173 2410 3244 magniﬁce
2455 3175 2523 3228 de
2563 3189 2624 3229 se
2662 3175 2944 3236 sentiunt,
2996 3175 3063 3226 ad
3112 3171 3481 3225 cncomiorum

1908 3263 2054 3334 leges
2085 3266 2376 3327 remittam,
2418 3284 2436 3317 ι
2487 3273 2594 3319 etc.
2630 3263 2764 3318 Dum
2791 3265 2938 3320 enim
2983 3267 3060 3317 ait
3094 3261 3395 3330 Gregorius
3424 3275 3485 3316 se

1909 3371 2078 3425 genus
2103 3357 2305 3426 patris,
2333 3357 2576 3425 corporis
2600 3356 2784 3419 dotes,
2813 3365 3099 3408 externum
3132 3352 3483 3423 splendorem

1909 3449 1976 3502 ad
2030 3449 2594 3517 eucomiorumlcges
2639 3447 2959 3509 remittere,
3009 3459 3187 3499 nonne
3243 3443 3485 3497 indicare
3527 3483 3537 3493 .

1909 3539 2128 3594 videtur
2173 3538 2274 3592 sibi
2315 3539 2414 3592 ista
2469 3538 2520 3592 in
2579 3537 2832 3592 laudibus
2881 3537 3123 3606 parentis
3167 3549 3370 3603 ponere
3417 3534 3482 3586 li-

1908 3631 2084 3686 cuisse
2111 3647 2126 3698 ;
2154 3631 2395 3700 adeoque
2417 3645 2539 3684 cum
2564 3640 2618 3684 et
2645 3645 2862 3700 genere,
2891 3640 2943 3684 et
2975 3628 3223 3699 carparis
3247 3627 3483 3687 dotibus.

1909 3735 1962 3778 et
1985 3735 2210 3777 externo
2249 3723 2557 3791 splendore,
2591 3734 2647 3777 et
2671 3722 2816 3784 aliis.
2844 3723 2912 3778 ob
2940 3737 3061 3791 qua:
3089 3719 3334 3774 homines
3366 3735 3483 3772 ma-

1908 3816 2100 3886 gniﬁce
2144 3816 2209 3869 de
2251 3830 2311 3869 sc
2354 3817 2633 3878 sentiunt,
2665 3815 3028 3885 praestitisse?
3071 3813 3183 3869 Nisi
3230 3813 3373 3867 enim
3423 3812 3490 3866 iis

1911 3907 2284 3979 prasstitissa,
2332 3916 2519 3962 orator
2563 3917 2711 3963 certe
2761 3907 2852 3962 tali
2903 3907 3128 3961 exordio
3173 3907 3339 3960 risum
3377 3922 3492 3959 mo-

1910 4001 2100 4056 visset.
2210 4062 2214 4067 ,

2263 4092 2353 4149 IV.
2390 4091 2624 4148 Heresis
2654 4090 3136 4162 Hypsistariorum.

1983 4186 2444 4257 Hypsistariorum
2513 4195 2720 4240 sectam
2775 4182 3141 4253 proﬁtebatur
3188 4178 3489 4246 Gregorius

1913 4288 2102 4346 pater;
2127 4293 2245 4347 qua:
2267 4287 2412 4332 secta
2444 4295 2462 4329 ι
2496 4277 2575 4331 Ex
2597 4275 2781 4344 gentili
2808 4288 3016 4340 errore,
3088 4272 3261 4340 inquit
3308 4280 3494 4324 noster

1926 4369 2222 4440 Gregorius
2295 4370 2388 4442 (j),
2483 4381 2538 4425 et
2584 4367 2737 4439 legali
2774 4369 3019 4420 vanitate
3063 4364 3291 4419 conﬂata
3339 4373 3487 4427 erat;

255 4468 298 4511 et
326 4459 457 4514 Indis
491 4471 544 4513 et
575 4459 849 4514 Britannis
889 4475 956 4513 ex
985 4459 1252 4514 diametro
1283 4459 1421 4512 inter
1459 4473 1518 4512 se
1545 4457 1810 4528 oppositis
1843 4496 1887 4550 Β
1920 4479 2149 4530 quarum
2180 4464 2462 4530 utriusque
2492 4472 2677 4530 partes
2710 4458 2969 4528 quasdam
2999 4456 3230 4527 fugiens,
3271 4470 3338 4509 ex
3372 4454 3493 4523 qui-

255 4564 388 4619 atque
416 4552 752 4606 inclaruerit.
790 4573 809 4605 ι

315 4641 564 4708 Quamvis
597 4655 778 4698 autem
810 4643 1048 4698 Isidorus
1077 4651 1184 4694 tam
1217 4639 1354 4694 male
1382 4638 1449 4694 dc
1471 4639 1810 4712 Cappadoci.

256 4730 344 4786 bus
394 4734 626 4788 senserit
674 4743 730 4786 et
779 4725 1093 4801 scripserit,
1142 4734 1192 4784 in
1247 4731 1416 4783 altera
1471 4739 1649 4785 tamen
1699 4731 1812 4801 cpi-

257 4822 374 4876 stola
406 4824 505 4896 (d),
545 4805 827 4893 postquam
869 4821 1114 4877 Priscum
1155 4821 1526 4890 Cappadocem
1559 4823 1638 4876 sic
1682 4823 1814 4876 allo-

259 4929 397 4974 cutus
424 4932 544 4975 est:
585 4939 603 4972 ι
636 4919 840 4974 Vereor
869 4934 935 4973 ne
968 4929 1020 4971 tu
1051 4917 1192 4971 illius
1229 4916 1616 4986 Cappadocum
1642 4917 1810 4987 partis

263 5011 360 5072 sis.
385 5027 499 5082 qua:
540 5013 689 5067 omni
725 5013 977 5066 vitiorum
1008 5027 1206 5081 genere
1247 5011 1446 5081 injusta
1474 5019 1599 5076 est;
1633 5029 1652 5062 ι
1695 5010 1810 5065 haec

265 5103 396 5156 addit
423 5122 436 5157 :
479 5124 496 5155 ι
526 5104 708 5158 Altera
746 5103 889 5158 enim
920 5119 1134 5158 rursum
1174 5105 1553 5174 Cappadocum
1589 5119 1714 5170 pars
1735 5113 1816 5158 est

267 5207 407 5262 quam
435 5182 631 5266 optima
653 5237 668 5262 ,
703 5197 1071 5268 πανάριστος,
1101 5212 1165 5250 ex
1212 5211 1315 5266 qua
1347 5196 1419 5248 illi
1455 5195 1813 5258 exstiterunt,

267 5288 342 5353 qui
369 5287 483 5342 vitae
517 5304 629 5344 sua:
665 5305 731 5345 ac
767 5299 1164 5361 praeceptorum
1202 5287 1325 5344 lucc
1353 5289 1504 5343 orbis
1545 5298 1808 5342 terrarum

327 5420 394 5492 (a)
435 5421 604 5489 Hier.,
625 5423 698 5478 De
723 5423 885 5492 scrip.
916 5422 1043 5476 εει-ι.
1074 5420 1216 5491 Greg
1246 5463 1260 5486 ,
1295 5420 1389 5488 Ep.
1418 5419 1482 5473 ad
1510 5417 1716 5474 IIeIlcn.
1745 5420 1809 5475 ad

266 5486 557 5644 οιῖἵῇρῇβῃι.
585 5564 906 5644 Ρειιιεειιῑι).
935 5563 1162 5644 κληῖδι.
1193 5561 1321 5628 9.81,
1349 5578 1400 5632 p.
1439 5561 1556 5616 tet.

331 5633 394 5705 (ε)
434 5634 586 5702 Ibid.,
618 5652 667 5705 p.
705 5635 826 5689 1‘25.
853 5649 940 5704 ep.
967 5633 1092 5705 55L

330 5701 400 5773 td;
441 5705 552 5759 Lib.
574 5701 630 5768 1;
653 5723 736 5774 cp.
767 5701 970 5775 ιδδίρ.
1003 5704 1089 5757 σι.

333 5777 396 5845 (ε)
443 5775 595 5845 uno,
621 5792 670 5848 p.
701 5775 822 5832 tes.

1828 4547 1872 4566 "
1917 4555 2144 4609 busdam
2176 4556 2424 4625 partibus
2452 4551 2686 4606 conﬂata
2727 4560 2781 4604 et
2811 4551 3101 4604 constituta
3144 4557 3248 4602 est.
3278 4547 3491 4601 Etenim

1921 4647 2064 4702 illius
2119 4647 2335 4716 quidem
2387 4644 2678 4699 simulacra
2725 4652 2780 4697 et
2824 4641 3094 4696 sacrilicia
3141 4639 3491 4707 rcjicientcs,

1919 4740 2094 4810 ignem
2122 4750 2176 4792 ει
2205 4737 2477 4791 lucernam
2506 4735 2690 4788 colunt
2728 4751 2742 4790 :
2785 4733 2945 4801 hujus
2975 4743 3153 4785 autem
3201 4729 3493 4785 Sabbatutn

1917 4841 1970 4884 et
1989 4828 2228 4899 jejunam
2257 4827 2546 4899 quamdam
2575 4842 2604 4880 a
2649 4824 3088 4878 nonnulliscibis
3115 4821 3495 4877 abstinentiam

1919 4930 2276 4984 venerantes,
2315 4906 2788 4975 circumcisionem
2837 4925 3218 4984 aspernantur.
3262 4933 3280 4966 ι
3314 4914 3384 4966 Ex
3415 4914 3498 4966 his

1920 5023 2069 5084 patet
2118 5010 2444 5082 Gregorium
2479 5026 2585 5065 non
2637 5009 2805 5070 fuisse
2848 5009 3068 5064 omnino
3118 5005 3493 5072 idololatram,

1921 5103 2171 5174 quamvis
2209 5101 2506 5171 Gregorius
2531 5141 2546 5165 ,
2582 5099 2824 5155 carmine
2861 5097 2934 5150 De
2968 5097 3122 5150 rebus
3159 5098 3271 5150 suis
3301 5135 3318 5159 ,
3355 5097 3498 5148 hunc

1928 5213 1947 5246 ι
1985 5195 2091 5249 sub
2115 5193 2275 5248 idolis
2315 5211 2340 5246 ι
2375 5194 2578 5249 vixisse
2619 5189 2922 5260 scripserit.
2964 5189 3076 5253 Qua
3115 5188 3332 5258 quidem
3371 5202 3501 5240 voce

1923 5303 2033 5344 nou
2073 5288 2298 5342 deorum
2351 5292 2444 5338 aut
2486 5283 2803 5339 animalium
2838 5282 3158 5348 simulacra,
3209 5288 3267 5334 ut
3305 5277 3498 5334 Joanni

1989 5419 2056 5489 tr)
2096 5421 2303 5480 (πει.
2331 5437 2385 5473 ιι.
2415 5419 2500 5475 tt.

1996 5504 2070 5560 ιθ)
2109 5498 2199 5544 0r.
2233 5492 2320 5554 45,
2355 5509 2408 5544 ιι.
2435 5494 2492 5547 5.

1993 5565 2068 5633 (Ιι)
2103 5565 2281 5633 Carm.
2309 5561 2398 5614 6:2.

1996 5631 2058 5701 (ἱ)
2101 5635 2194 5685 Ur.
2228 5631 2310 5691 I3,
2343 5650 2394 5684 ιι.
2423 5631 2476 5686 5.

1995 5703 2060 5774 υ)
2113 5701 2202 5758 Or.
2242 5702 2322 5768 l8,
2357 5717 2409 5755 ιι.
2433 5702 2470 5763 5
