3918 6584
424 412 517 476 {SI

1728 416 1890 473 VITA
1932 418 1985 473 S.
2029 416 2375 475 GREGORII.

3693 408 3813 464 151

422 530 634 583 Clerico
664 529 838 583 visum
879 526 982 594 est,
1026 530 1119 584 sed
1156 531 1296 601 ignis
1347 540 1439 588 aut
1494 533 1835 588 lucernarum
1890 535 2000 589 cle-
2030 540 2075 595 Α
2113 551 2360 604 corpore,
2397 536 2561 590 multo
2597 537 2787 606 magis,
2838 551 2997 604 quam
3039 536 3127 606 qui
3159 536 3318 591 olim
3362 546 3401 586 a
3442 531 3677 602 Moyse
3720 538 3810 582 ta-

420 630 606 675 menta
640 620 959 689 Gregorium
998 621 1329 678 intellexisse
1356 664 1371 687 ,
1405 625 1459 678 in
1513 627 1717 680 monito
1750 627 1817 680 ad
1865 642 1991 679 ora-

424 712 623 768 tionem
656 727 787 765 xvm
837 714 1173 767 ostendimus
1206 712 1291 783 (P.
1338 714 1497 784 529);
1534 716 1693 785 idque
1732 731 1798 770 ex
1854 716 1995 770 rela—

423 805 495 857 tis
526 802 773 872 Gregorii
826 803 1006 859 verbis
1038 813 1225 873 aperte
1262 806 1587 862 declaratur.
1624 808 1775 874 Quod
1813 819 1992 862 autem

424 896 885 967 llypsistariorum
926 911 1119 951 nomen
1158 908 1391 967 spectat,
1426 900 1618 955 Grazco
1651 902 1797 955 fonte
1827 901 1992 966 cadit,

424 1006 616 1059 nempe
642 1004 771 1044 voce
797 989 1042 1059 ὕψιστος,
1076 1007 1194 1059 quae
1220 992 1536 1051 altissimum
1563 1004 1720 1050 sonat
1743 1010 1756 1056 ;
1786 994 1997 1062 sibique

423 1080 883 1151 llypsistariorum
926 1097 1125 1136 nomen
1156 1083 1469 1148 vindicant,
1504 1086 1646 1154 quod
1687 1085 1862 1139 solum
1900 1084 1993 1138 Al-

426 1171 692 1233 tissimum
727 1172 973 1228 adorent.
1013 1177 1085 1228 De
1114 1176 1214 1231 hac
1244 1176 1438 1231 haeresi
1465 1176 1598 1231 nihil
1632 1177 1829 1246 legitur
1858 1176 1996 1246 apud

423 1261 808 1332 Epiphaniam,
837 1266 1215 1334 Augustinum,
1250 1278 1587 1337 crateresque
1609 1254 1698 1339 qui
1730 1269 1795 1322 de
1828 1269 1999 1322 haere-

432 1355 587 1409 sibus
638 1357 924 1425 scripsere.
957 1359 1270 1414 Consimilia
1308 1369 1484 1415 tamen
1533 1361 1644 1416 fere
1676 1362 1742 1415 de
1786 1360 1999 1429 Euphe-

429 1445 599 1514 mitis,
641 1462 735 1501 seu
770 1445 1134 1513 Massalianis,
1173 1460 1358 1504 narrat
1400 1451 1765 1522 Epiphanius,
1805 1450 1999 1506 haeresi

426 1554 605 1606 pxxx;
649 1542 725 1595 ait
755 1541 897 1595 enim
934 1540 1055 1596 illos
1085 1558 1151 1597 ex
1192 1543 1481 1613 gentilibus
1502 1584 1516 1608 ,
1554 1559 1654 1600 nec
1680 1543 1960 1598 Judaismo
1980 1581 1996 1607 ,

428 1644 529 1693 nec
550 1628 963 1687 Christianismo
982 1633 1349 1698 attendentes,
1374 1636 1504 1690 deos
1529 1636 1747 1704 quidem
1776 1637 1957 1693 dicere
1982 1655 1996 1704 ;

430 1720 631 1778 nnlhim
680 1733 860 1779 autem
891 1725 1142 1793 adorare,
1175 1728 1271 1782 sed
1302 1743 1467 1781 unum
1521 1728 1693 1783 solum
1728 1734 1999 1798 venerari,

428 1829 588 1884 quem
614 1817 1038 1887 omnipotentem
1070 1829 1286 1874 vocant.
1309 1820 1606 1893 Quamdam
1630 1822 1790 1877 etiam
1810 1824 2002 1879 simili-

2112 629 2264 683 bulas
2291 630 2562 698 accepturi
2616 639 2792 689 erant,
2829 629 3189 698 purilicasset.
3246 648 3271 679 ι
3338 627 3436 680 Ex
3488 625 3595 677 his
3638 632 3806 690 patet

2115 720 2432 789 Gregorium
2465 730 2671 788 tempus
2730 720 2944 788 aliquod
2985 719 3381 788 impendisse,
3450 723 3526 767 ut
3583 712 3803 766 sordes

2112 812 2317 865 clueret
2351 812 2657 880 priusquam
2708 812 2862 880 aquis
2891 811 3142 881 baptismi
3174 817 3614 879 purgaretur,
3680 820 3799 873 quo

2112 904 2361 973 purgatio
2395 904 2594 973 prwvia
2628 904 2960 973 purgationis
2991 904 3132 955 dono
3180 899 3579 953 ﬁrmitatem
3628 908 3795 948 asse-

2109 1004 2274 1059 reret,
2306 1010 2398 1050 seu
2440 996 2667 1064 gratiam
2712 996 2766 1048 in
2804 1004 2915 1049 tuto
2962 1003 3205 1063 poneret.
3264 990 3635 1058 Egressum
3713 1000 3783 1038 ex

2111 1101 2247 1155 aqua
2277 1088 2457 1142 lumen
2505 1086 2866 1140 circnmlulsit
2910 1104 2923 1140 :
2960 1101 3065 1154 quo
3093 1081 3399 1137 miraculo
3458 1077 3787 1149 perculsus

2110 1180 2416 1246 episcopus,
2478 1178 2796 1247 Gregorium
2834 1178 2933 1231 sibi
2968 1177 3019 1230 in
3061 1178 3416 1244 episcopatu
3451 1184 3781 1225 successu-

2110 1285 2230 1322 rum
2266 1270 2437 1337 palam
2470 1285 2531 1323 ac
2573 1270 2782 1339 publice
2815 1270 3090 1323 clamavit.
3146 1268 3199 1325 Id
3246 1273 3649 1334 argumento
3690 1268 3782 1314 est

2106 1373 2227 1412 eum
2265 1357 2520 1423 Nazianzi
2552 1362 2618 1414 ab
2666 1360 2782 1428 ejus
2808 1358 3059 1413 Ecclesiae
3102 1356 3398 1424 episcopo
3460 1352 3766 1417 baptisma

2108 1452 2430 1519 suscepisse,
2471 1464 2574 1504 non
2606 1466 2732 1504 vero
2758 1465 2785 1503 a
2808 1449 3033 1505 Leontio
3065 1444 3459 1503 Cmsariensi.
3496 1454 3566 1496 ut
3607 1450 3775 1509 putat

2113 1540 2396 1606 Baronius,
2425 1556 2583 1610 quem
2626 1542 2870 1611 sequitur
2908 1538 3360 1608 Papebrochius.
3418 1533 3601 1600 Quod
3633 1547 3763 1585 cum

2112 1644 2287 1686 mater
2321 1631 2461 1700 ejus,
2514 1632 2760 1685 lictorum
2809 1631 3090 1684 nttmiuum
3123 1627 3309 1683 cultui
3367 1626 3651 1689 addicta,
3682 1623 3771 1676 in-

2110 1727 2267 1793 digne
2303 1724 2490 1787 ferret,
2516 1726 2743 1794 patriam
2779 1724 2962 1795 lugere
2992 1735 3215 1807 coactus
3253 1729 3356 1777 est
3388 1720 3502 1791 (c),
3535 1718 3760 1772 «Patris

2111 1817 2349 1872 cu:lestis
2378 1832 2441 1871 ac
2465 1832 2604 1872 verte
2632 1818 2960 1873 liazreditatis
2999 1831 3183 1880 causa,
3220 1826 3286 1870 et
3324 1824 3557 1875 matre,
3594 1821 3655 1865 ct
3683 1812 3762 1863 fa-

433 1906 672 1965 ltldinem
728 1906 931 1973 habent
976 1908 1298 1982 Hypsistarii
1344 1924 1470 1966 eum
1519 1911 1756 1966 subortis
1820 1923 2003 1980 postea
2040 1904 2080 1960 Β
2112 1911 2404 1966 cultatibus
2441 1912 2753 1981 aliquandiu
2788 1926 2974 1968 earere
3005 1912 3316 1976 sustinens,
3362 1918 3553 1978 atque
3610 1907 3756 1960 hanc

431 1996 703 2053 C(elicolis
736 1999 934 2056 Africa}
961 2042 977 2069 ,
1028 2002 1091 2056 de
1139 2003 1336 2067 quibus
1364 2002 1693 2070 Augustinus
1718 2043 1732 2067 ,
1778 2004 2001 2074 epistola

430 2104 638 2157 cunt;
692 2090 867 2147 Codex
896 2092 1321 2156 Theudosianas,
1374 2094 1462 2148 lib.
1498 2111 1649 2158 mn,
1687 2096 1761 2149 De
1793 2097 2004 2154 literati-

432 2196 459 2245 ρ
482 2198 531 2243 s,
570 2191 624 2244 et
651 2182 739 2239 lib.
772 2199 884 2252 xu,
916 2183 987 2237 De
1014 2183 1219 2239 Judwis
1256 2184 1512 2240 Caelicolis
1544 2195 1592 2239 et
1632 2183 2004 2253 Samaritanis.

842 2275 902 2333 ιν.
947 2275 1121 2330 Mores
1147 2275 1387 2346 Gregorii
1414 2278 1601 2346 patris.

504 2368 689 2439 Longo
721 2368 1017 2441 Gregorius
1066 2380 1219 2439 pater
1268 2380 1512 2439 tempore
1547 2371 1598 2425 in
1648 2371 2009 2442 Ilypsistario—

434 2473 551 2511 rum
591 2474 815 2522 errore,
853 2460 1108 2512 nimirum
1141 2460 1206 2512 ad
1251 2460 1734 2529 quadragesimum
1763 2462 2007 2530 quintum

434 2548 605 2610 ferme
648 2551 827 2605 aetatis
856 2566 967 2609 sine
1013 2566 1215 2605 annum
1243 2590 1259 2616 ,
1285 2563 1535 2606 versatus
1584 2563 1689 2610 est.
1728 2554 2012 2609 Verumta-

435 2656 559 2703 men
608 2644 923 2711 priusquam
969 2643 1288 2712 religionem
1332 2643 1696 2701 Christianam
1741 2646 2015 2715 proﬁtere-

436 2739 546 2794 tur,
582 2731 822 2787 moribus
866 2742 986 2787 erat
1016 2731 1380 2787 Christianus.
1416 2751 1435 2784 ι
1472 2732 1562 2787 Ille
1610 2734 1751 2787 enim
1779 2775 1794 2796 ,
1832 2735 2005 2803 inquit

438 2821 733 2889 Gregorius
763 2834 947 2877 noster
983 2823 1083 2893 (a),
1118 2832 1245 2876 ante
1272 2823 1436 2877 etiam
1466 2838 1627 2891 quam
1672 2825 1736 2877 ad
1770 2836 2012 2880 nostram

441 2914 655 2972 caulam
700 2929 760 2968 se
790 2915 1138 2981 contulisset,
1196 2924 1380 2974 noster
1412 2926 1552 2971 erat.
1595 2916 1774 2973 Mores
1822 2918 2015 2986 quippe

440 3009 614 3077 ipsum
660 3008 813 3062 nobis
848 3007 1207 3062 asciscebant.
1241 3007 1310 3067 Ut
1344 3014 1489 3062 enim
1536 3008 1689 3062 multi
1719 3026 1785 3063 ex
1818 3012 2018 3066 nostris

438 3101 719 3164 nobiscum
753 3116 857 3161 non
887 3110 1038 3162 sunt,
1080 3115 1217 3169 quos
1263 3101 1473 3155 scilicet
1510 3118 1539 3154 a
1565 3102 1839 3155 communi
1892 3120 2015 3157 cor-

439 3209 571 3266 pore
602 3193 708 3247 vita
748 3203 1029 3259 removet;
1079 3193 1158 3249 sic
1189 3203 1377 3249 contra
1408 3194 1559 3248 multi
1599 3207 1911 3251 exterorum
1948 3198 2014 3247 ad

436 3301 541 3341 nos
567 3295 862 3355 spectant,
909 3286 1221 3356 quicunque
1266 3287 1520 3340 nimirum
1570 3286 1727 3342 tidem
1778 3287 2018 3342 moribus

440 3388 807 3445 antevertunt,
834 3394 898 3433 ac
922 3379 1037 3434 solo
1064 3378 1284 3435 nomine
1310 3389 1522 3442 carent,
1549 3396 1668 3433 cum
1702 3396 1813 3435 rem
1846 3382 2015 3449 ipsam

444 3480 681 3531 teneant.
716 3471 833 3537 Quo
875 3471 928 3525 in
974 3485 1201 3525 numero
1246 3485 1399 3525 meus
1445 3487 1658 3540 quoque
1686 3483 1839 3541 pater
1863 3482 2016 3541 erat;

441 3580 627 3634 ramus
656 3566 869 3634 quidem
900 3564 987 3617 ille
1012 3563 1243 3628 alienus,
1279 3572 1535 3619 cancrum
1565 3567 1672 3618 vita
1699 3574 1753 3619 et
1784 3565 2022 3619 moribus

445 3658 511 3722 ad
561 3674 658 3713 nos
706 3658 1069 3727 propendens.
1109 3677 1127 3710 ι
1180 3658 1463 3713 Pudicitia:
1515 3659 1672 3713 laude
1720 3659 2022 3714 excellebat

444 3748 777 3820 Gregorius;
822 3751 961 3805 idem
1008 3751 1170 3805 simul
1222 3751 1649 3805 amabilissimus
1681 3760 1736 3805 et
1779 3751 2024 3805 castissi-

446 3862 588 3911 mus,
636 3850 754 3915 qua:
802 3848 909 3901 duo
953 3846 1093 3900 haud
1136 3846 1296 3899 facile
1351 3844 1403 3898 in
1451 3860 1617 3898 unum
1665 3852 2022 3899 concurrunt.

454 3936 688 4006 Justitiaa
716 3947 825 3991 tam
876 3944 1035 3990 tenax
1083 3936 1181 3989 fuit
1210 3976 1225 3999 ,
1261 3945 1318 3988 ιιι
1357 3936 1410 3988 in
1453 3935 1665 4005 magnis
1717 3934 2026 4002 reipublicae

454 4027 769 4094 muneribus
804 4036 1068 4095 versatus,
1104 4043 1169 4081 ne
1204 4027 1450 4081 teruncio
1478 4026 1697 4095 quidem
1740 4024 2027 4083 facultates

450 4135 578 4187 suas
600 4119 833 4172 auxerit.
857 4117 961 4171 Sed
983 4118 1066 4172 his
1085 4119 1328 4183 omissis,
1349 4122 1415 4171 ad
1442 4133 1664 4181 annum,
1688 4131 1794 4187 quo
1814 4118 2028 4172 Christo

452 4226 646 4276 nomen
677 4211 846 4274 dedit,
897 4224 959 4264 ac
999 4209 1364 4265 Christianam
1397 4211 1710 4280 religionem
1743 4209 2023 4279 professus

450 4318 717 4371 verasque
764 4304 990 4365 virtutes
1032 4312 1115 4357 est
1155 4313 1471 4363 assecutus,
1514 4303 1819 4356 veniamus.
1852 4300 1900 4356 Is
1929 4301 2030 4354 fuit

457 4410 635 4447 annus
662 4435 677 4461 ,
703 4409 809 4461 quo
836 4394 1019 4455 habita
1052 4405 1135 4447 est
1163 4394 1399 4463 synodus
1433 4393 1672 4459 Nirazna,
1702 4405 1825 4462 post
1856 4391 2031 4461 Virgi-

449 4488 537 4550 nis
563 4499 775 4557 partum
802 4488 928 4543 525.
964 4488 1175 4541 Etenim
1202 4489 1268 4541 ab
1294 4487 1587 4557 episcopis,
1617 4488 1707 4556 qui
1740 4487 1873 4541 illuc
1902 4504 2029 4541 con-

2111 2004 2465 2072 ignominiam
2528 2006 2735 2075 aquius
2782 2016 2836 2060 et
2868 2005 3075 2060 facilius
3104 2020 3275 2074 quam
3342 2004 3449 2057 alii
3492 2012 3757 2057 summo:

2110 2098 2346 2157 honores
2377 2097 2521 2151 tulit.
2568 2117 2587 2149 ι

2539 2188 2668 2244 VIII.
2703 2188 2986 2256 Epist-Opus
3029 2197 3265 2241 creatur.

2185 2279 2336 2346 Quod
2364 2281 2432 2333 de
2460 2279 2719 2349 Gregorio
2749 2295 2778 2331 e
2820 2278 3036 2333 lavacro
3067 2278 3431 2331 ascendente
3470 2288 3741 2343 praenun—

2114 2371 2306 2425 tiatum
2338 2372 2534 2436 fuerat,
2569 2372 2816 2437 contigit.
2839 2370 3066 2422 Creatns
3106 2378 3190 2421 est
3229 2368 3558 2435 episcopus
3598 2380 3742 2417 anno

2113 2463 2237 2523 529,
2272 2463 2353 2517 vel
2388 2463 2513 2529 528,
2539 2472 2596 2515 ιιι
2637 2463 2813 2532 placet
2839 2460 3163 2519 Gotholrido
3206 2459 3528 2521 llermant,
3563 2469 3740 2511 annos

2115 2567 2274 2615 natus
2318 2555 2489 2609 lenne
2543 2554 2965 2622 quinquaginta;
3003 2565 3242 2619 cumque
3294 2547 3730 2605 Nazianzenam

2118 2648 2413 2701 Eet'lesiattt
2460 2662 2554 2714 per
2591 2647 2948 2715 quadraginta
3001 2645 3245 2712 quinque
3293 2658 3484 2702 annos
3521 2641 3739 2710 sapien-

2119 2740 2329 2794 tissime
2359 2739 2810 2801 administrasset,
2841 2737 3046 2792 exactis
3080 2750 3214 2806 pene
3266 2746 3507 2789 centum
3550 2735 3728 2796 annis,

2118 2834 2307 2901 plenus
2338 2833 2569 2897 dierum,
2606 2830 2947 2885 sanctissime
2970 2829 3104 2884 obiit
3134 2843 3285 2883 anno
3318 2828 3436 2887 573
3464 2839 3725 2891 exeunte,

2120 2927 2199 2978 vel
2235 2926 2452 2978 ineunte
2479 2923 2542 2985 ’57
2556 2924 2604 2977 ι.

2120 3016 2212 3079 IX.
2253 3013 2471 3081 Nomia,
2502 3025 2667 3067 mater
2697 3011 2960 3082 Gregorii,
2995 3028 3022 3064 e
3055 3010 3252 3064 radice‘
3274 3019 3478 3065 sancta
3503 3006 3721 3074 prodiit,

2192 3109 2295 3176 lpsi
2330 3124 2433 3160 non
2463 3108 2553 3160 diu
2585 3113 2863 3176 superstes
2902 3104 3006 3159 fuit
3038 3103 3287 3174 piissima
3328 3117 3536 3168 conjux
3579 3099 3717 3153 Non-

2121 3215 2185 3253 na
2218 3216 2231 3253 :
2261 3198 2351 3250 tali
2385 3197 2544 3266 digna
2570 3209 2767 3263 sponso
2789 3203 2928 3259 erat,
2959 3204 3017 3247 ut
3048 3193 3159 3263 ipse
3190 3193 3285 3246 tali
3321 3192 3530 3262 dignus
3555 3206 3717 3260 spon-

2122 3308 2215 3356 sa;
2244 3302 2430 3361 atque,
2464 3300 2523 3347 ιιι
2555 3289 2625 3357 pii
2659 3288 2753 3341 ﬁlii
2791 3288 2972 3342 verbis
3008 3294 3131 3339 utar
3171 3286 3277 3352 (di,
3326 3304 3346 3337 ι
3399 3284 3458 3338 Si
3501 3285 3621 3353 quis
3650 3281 3713 3339 alt

2121 3382 2327 3437 ultimis
2359 3391 2626 3433 terrarum
2666 3377 2883 3444 ﬁnibus,
2917 3387 3080 3446 atque
3116 3377 3506 3431 ett-universo
3548 3373 3712 3427 homi-

2124 3489 2251 3527 num
2286 3486 2502 3540 genere,
2536 3468 3038 3533 pnestatttissitnmn
3073 3466 3389 3535 cenjugiurn
3424 3463 3709 3520 conciliare

2124 3566 2445 3628 stnduisset,
2474 3564 2681 3618 nullum
2717 3576 2946 3631 usquam
2984 3564 3083 3615 hoc
3126 3560 3485 3628 pra-stantius
3511 3556 3708 3625 aptius-

2127 3675 2233 3729 que
2277 3656 2503 3726 reperiri
2542 3654 2826 3724 potuisset.
2861 3653 2932 3706 Ita
2964 3653 3105 3706 enim
3140 3651 3388 3705 virorum
3431 3664 3498 3703 ac
3536 3646 3706 3700 mulie-

2130 3768 2245 3805 rum
2289 3751 2490 3818 optima
2526 3758 2577 3802 et
2610 3744 3026 3817 pra-clarissima
3058 3757 3287 3812 quaeque
3314 3743 3368 3795 in
3399 3753 3563 3794 unum
3588 3750 3705 3790 con-

2127 3841 2417 3904 Ilitxerant,
2446 3846 2505 3891 ιιι
2538 3838 2639 3891 hoc
2675 3833 3096 3893 matrimonium,
3123 3845 3230 3885 non
3262 3830 3447 3883 minus
3475 3821 3697 3885 virtutis,

2127 3950 2288 4005 quant
2312 3946 2599 4000 corporum
2660 3944 2829 3992 nexus
2859 3936 3023 3982 esset.
3056 3943 3073 3977 ι
3115 3923 3317 3981 Habuit
3344 3917 3698 3986 Nonna,quod

2127 4044 2194 4083 ex
2248 4026 2410 4080 editis
2458 4039 2487 4077 a
2538 4022 2853 4077 doctissimo
2894 4018 3188 4073 Muratorio
3228 4009 3698 4085 epigrammatibus

2132 4124 2412 4183 discimus,
2450 4128 2661 4187 patrem
2689 4116 2903 4170 nomine
2933 4111 3281 4173 Philtatium;
3320 4106 3478 4160 matri
3514 4114 3693 4157 nomen

2133 4214 2232 4277 fuit
2275 4211 2573 4281 Gorgonia,
2611 4207 2765 4261 l‘ratri
2811 4202 3239 4272 Amphilochius,
3287 4215 3354 4253 ex
3408 4210 3515 4265 quo
3558 4202 3695 4247 ortus

2134 4319 2359 4375 magnus
2406 4302 2494 4355 ille
2535 4297 2942 4368 Amphilochius
2976 4294 3140 4349 Ieonii
3177 4292 3484 4361 episcopus.
3520 4286 3690 4375 Nouna

2132 4411 2195 4449 ex
2230 4372 2419 4447 radice
2440 4400 2624 4445 sancta
2658 4388 2889 4457 prodiit;
2932 4393 3318 4453 acceptamque
3341 4395 3368 4431 a
3398 4372 3693 4447 parentibus

2137 4488 2354 4541 virtutis
2387 4485 2759 4540 luereditatem
2785 4480 2857 4533 ita
2889 4480 3092 4548 pietate
3112 4490 3205 4529 sua
3234 4470 3502 4544 praeclaris
3533 4463 3686 4517 actio-

454 4581 751 4636 tendebant
789 4592 850 4635 ιιι
884 4582 993 4635 Arii
1032 4582 1303 4637 furoribus
1345 4580 1717 4644 obsisterent,
1755 4581 2027 4647 praecipue
2061 4602 2102 4655 Β
2136 4582 2291 4634 nibus
2322 4578 2495 4640 auxit,
2531 4585 2588 4627 ιιι
2619 4576 2661 4627 si
2697 4574 2909 4642 singula
2939 4581 3258 4639 percurrere
3296 4563 3506 4655 animus
3537 4559 3686 4655 esset.

450 4688 583 4729 vero
611 4689 640 4727 a
672 4672 936 4745 Leontio,
972 4675 1076 4743 qui
1110 4684 1220 4727 tum
1270 4672 1611 4742 metropolim
1660 4673 2028 4743 gubernabat,

451 4783 574 4827 cum
602 4776 796 4836 sponte
827 4783 923 4822 sua
955 4767 1287 4822 desiderium
1323 4782 1476 4819 suum
1507 4764 1791 4819 confessus
1818 4762 2029 4830 fuisset,

448 4861 861 4931 communisque
905 4860 1097 4917 salutis
1151 4860 1413 4913 auxilium
1468 4858 1833 4928 poposcisset,
1886 4865 2032 4911 cate-

446 4955 634 5010 ehesis
660 4955 1006 5010 sermonibus
1038 4956 1299 5029 imbutus,
1334 4954 1666 5020 baptismum
1699 4950 1959 5019 suscepit.

454 5069 543 5131 Vl,
580 5068 692 5124 VII.
717 5068 1001 5137 Gregorius
1026 5079 1179 5133 pater
1204 5067 1518 5139 bayttismum
1550 5066 1765 5133 suscipit
1812 5064 1875 5115 ab
1920 5064 2029 5139 epi-

522 5157 677 5197 πορθ
723 5139 1157 5193 Nazianzeno.—-
1212 5137 1451 5197 Patriam
1496 5140 1673 5208 {agere
1726 5137 2028 5204 cogitur'ub

522 5222 659 5263 truta
694 5222 881 5269 multa.

524 5327 683 5379 Anno
733 5326 899 5396 igitur
931 5325 1038 5380 ’525
1075 5324 1379 5395 baptizatus
1431 5330 1514 5376 est
1569 5319 1887 5390 Gregorius,
1945 5327 2038 5371 aut

456 5419 737 5491 aliquanto
767 5429 889 5488 post
927 5431 1203 5487 tempore;
1257 5418 1548 5486 siquidem,
1613 5422 1747 5466 teste
1777 5411 2038 5481 Gregorio

460 5521 647 5565 nostro
704 5512 805 5581 (ὁ),
842 5531 859 5563 ι
901 5512 980 5564 Αιι
1040 5511 1312 5565 lavacrum
1364 5504 1619 5570 accessit,
1659 5516 1782 5557 cum
1834 5516 1892 5553 se
1943 5515 2038 5568 pro

462 5604 667 5656 viribus
690 5603 803 5656 suis
826 5602 979 5668 prius
1020 5611 1299 5672 purgasset
1325 5616 1338 5665 ;
1369 5607 1529 5665 atque
1558 5605 1667 5655 tum
1700 5592 1900 5656 animo,
1927 5599 2036 5651 tum

526 5692 573 5727 “
606 5693 625 5747 l
656 5692 781 5747 Cor.
825 5708 920 5757 ιιι,
964 5692 1047 5745 Μ.

526 5810 602 5877 (τι)
643 5810 735 5863 Or.
774 5809 857 5863 ts.
893 5823 949 5861 η.
994 5806 1042 5860 6.

529 5879 604 5967 (ὁ)
642 5882 793 5945 lliid.,
826 5898 880 5933 ιι.
913 5880 997 5933 I5.

2135 4674 2201 4725 de
2225 4672 2334 4725 illis
2364 4669 2610 4723 volumen
2646 4666 2987 4732 impleretur.
3021 4660 3125 4713 Sed
3174 4672 3237 4712 ea
3293 4653 3503 4709 suavius
3541 4647 3683 4741 leget,

2136 4774 2191 4819 et
2243 4779 2307 4817 ex
2349 4761 2465 4833 ipso
2502 4758 2651 4813 fonte
2711 4756 2921 4810 hauriet
2968 4752 3160 4813 lector,
3196 4760 3417 4802 versans
3462 4739 3683 4835 Gregorii

2139 4856 2307 4911 nostri
2334 4854 2558 4922 scripta,
2596 4852 2648 4905 in
2700 4850 2896 4917 quibus
2929 4847 3123 4915 saepius
3151 4842 3351 4897 Nomia:
3389 4838 3444 4889 Iit
3480 4836 3678 4922 mentio.

2140 4945 2385 5015 Legenda
2425 4920 2693 5011 imprimis
2718 4939 2893 4991 oratio
2921 4951 3075 4999 xvtit,
3119 4946 3237 5002 quae
3268 4938 3373 4983 tota
3404 4926 3467 4977 de
3496 4920 3680 5019 0:030-

2140 5011 2426 5106 rio‘patrc,
2450 5045 2505 5089 et
2533 5036 2599 5088 de
2646 5032 2832 5097 Nomia
2858 5049 2872 5095 ;
2895 5028 3134 5083 carmina
3170 5041 3183 5078 ι
3220 5033 3273 5076 et
3295 5038 3352 5084 ιι,
3394 5028 3492 5071 etc.
3524 5011 3675 5106 Unum

2140 5105 2402 5185 dtmtaxat
2440 5126 2694 5189 referant,
2743 5127 2883 5192 quod
2914 5119 3320 5191 praetermittere
3364 5108 3507 5166 nefas
3535 5105 3673 5155 esset.

2142 5222 2347 5277 Nonna:
2387 5222 2703 5277 ascribcttda
2737 5226 2819 5272 est
2851 5216 2932 5269 sui
2982 5214 3049 5267 ab
3080 5206 3520 5282 Hypsistariorum
3546 5199 3671 5246 serta

2127 5316 2323 5382 'sponsi
2380 5315 2445 5369 ad
2486 5312 2851 5373 Christianam
2888 5306 3199 5378 religionem
3247 5296 3496 5354 transitio,
3533 5295 3673 5382 ulla"!

2146 5406 2380 5461 assiduis
2431 5408 2495 5460 ad
2528 5406 2690 5461 Deum
2725 5404 2998 5474 precibus,
3027 5400 3141 5453 dies
3170 5410 3232 5449 ac
3264 5398 3437 5446 noctes
3461 5394 3568 5435 rum
3599 5374 3669 5474 iit-

2146 5500 2349 5570 ceris
2374 5509 2426 5553 et
2453 5498 2674 5567 jejnniis
2696 5462 3048 5556 obsecrando,
3079 5483 3373 5559 impetravit
3404 5495 3415 5530 :
3450 5462 3661 5570 Sﬂnff'ﬁ‘

2149 5561 2299 5649 ratus
2325 5603 2398 5645 est
2453 5561 2529 5646 ζιεὲ
2566 5589 2797 5661 inﬁdelis
2838 5604 2928 5655 per
2963 5584 3227 5647 mulierem
3253 5577 3439 5653 ﬁdelem
3464 5569 3518 5618 “-
3544 5561 3667 5615 Νοο-

2218 5792 2285 5861 (c)
2308 5789 2401 5845 Or.
2436 5788 2519 5851 I8,
2546 5788 2689 5861 ".75.

2223 5860 2299 5934 (ιι)
2324 5861 2478 5930 Ibitl.,
2520 5878 2573 5913 ιι.
2608 5860 2657 5913 7.
