3926 6410
155 392 238 453 155

1366 393 1523 452 VITA
1576 394 1635 456 S.
1674 395 2020 453 GREGORII.

3230 396 3329 451 154

153 511 517 570 ιῖκειςοτίὺεηιιί
544 513 1025 569 suntabundantes
1066 513 1233 583 ipsius
1275 514 1326 568 in
1357 516 1667 584 episcopatu
1699 520 1743 578 Α
1771 532 1891 571 cum
1939 516 2154 586 legibus
2206 516 2589 572 ecclesiasticis
2646 516 2797 570 valde
2856 531 3173 573 consonum.
3223 518 3329 571 Sed

149 609 355 668 (ructus;
386 603 579 658 Nuntia:
595 606 909 658 ascribenda
936 615 1019 660 est
1045 616 1294 660 natorum
1323 608 1661 676 pietas,quos

148 698 278 750 enixa
304 710 401 748 non
433 694 607 748 minus
640 696 827 764 spiritu
857 712 1023 764 quam
1072 712 1255 760 carne,
1302 698 1463 751 Deum
1496 714 1657 753 unum

149 790 307 842 timere
323 795 565 840 etamare
598 788 812 851 docuit;
848 803 980 857 quos
1021 797 1127 843 tam
1162 790 1391 860 egregiis
1422 791 1661 844 moribus

150 895 201 933 ac
231 878 493 947 prmeeptis
524 877 835 933 informavit
867 890 1027 949 atque
1056 882 1265 944 imbuit,
1307 891 1365 934 ut
1399 882 1658 948 singulos,

146 971 380 1039 aspirante
422 970 611 1037 gratia,
643 971 837 1025 ardens
871 973 935 1024 ad
979 973 1154 1025 sidera
1201 971 1371 1026 virtus
1405 974 1660 1035 erexerit,

146 1071 276 1129 atque
333 1060 466 1112 inter
499 1070 714 1114 sanctos
762 1061 861 1130 ipsi
900 1071 1247 1115 numerentur
1289 1078 1409 1115 cum
1462 1063 1662 1116 sanctis

146 1149 448 1220 parentibus;
504 1149 753 1203 nimirum
800 1149 1090 1220 Gorgonia,
1148 1164 1267 1219 qua“:
1315 1150 1493 1204 forsan
1534 1161 1659 1204 natu

146 1241 344 1295 maxima
370 1239 503 1305 fuit;
530 1240 844 1308 Gregorius,
864 1243 928 1295 tle
952 1242 1105 1309 cujus
1128 1241 1259 1306 vita,
1292 1242 1448 1295 rebus
1476 1242 1660 1311 gestis,

90 1318 93 1323 I
146 1343 186 1388 et
210 1332 407 1401 scriptis
441 1332 633 1385 dicturi
670 1348 874 1394 sumus,
906 1344 961 1385 et
986 1332 1274 1389 Caesarius.

383 1421 446 1474 Χ.
485 1421 599 1487 Quo
630 1439 767 1476 anno
799 1434 953 1475 natus
978 1424 1046 1475 sit
1078 1420 1380 1492 Gregorius.

196 1516 335 1570 Hisce
381 1530 512 1580 ergo
562 1516 874 1583 parentibus
919 1521 1074 1568 natus
1125 1525 1209 1569 est
1240 1515 1529 1585 Gregorius
1560 1516 1660 1584 (α),

146 1619 328 1675 ratque
361 1608 422 1659 ad
449 1606 615 1659 Deum
652 1621 680 1658 a
718 1605 870 1659 vulva
913 1606 1025 1673 ipsa
1050 1606 1343 1675 projectns,
1379 1619 1432 1661 et
1453 1623 1516 1661 ex
1549 1624 1663 1661 ma-

143 1709 264 1753 terna
291 1697 678 1765 pollicitatione
702 1698 799 1765 ipsi
850 1700 1098 1753 donatus.
1135 1716 1153 1749 ι
1192 1698 1401 1752 Etenim
1454 1698 1663 1761 Nouna,

140 1791 326 1856 cupiens
366 1789 661 1842 masculam
708 1788 926 1854 prolem,
963 1804 1084 1842 cum
1109 1803 1227 1843 eam
1257 1788 1462 1843 crebris
1495 1790 1667 1857 preci-

1769 610 1927 663 verba
1961 608 2144 663 Grzeca
2171 609 2323 662 aliter
2352 608 2669 677 intelligere,
2709 623 2777 661 ne
2802 608 2881 661 vel
2916 608 3131 672 ipsitnet
3162 607 3331 673 Pape-

1767 700 1993 754 brochio
2015 699 2269 768 possibile
2293 708 2374 752 est
2399 698 2511 768 (cl);
2543 699 2738 767 quippe
2771 700 2858 767 qui
2882 698 3038 752 aliter
3061 714 3123 753 ea
3167 701 3333 752 inter-

1766 790 1964 860 pretari
1991 789 2192 855 nequit,
2246 789 2346 841 nisi
2380 789 2631 843 mutando
2673 787 2916 855 Gregorii
2955 789 3113 841 verba
3142 787 3328 844 Graeca

1766 881 1990 935 arbitrio
2018 894 2138 945 suo,
2160 879 2355 935 nullius
2385 880 2683 947 scriptoris,
2714 879 2908 932 nullius
2932 880 3135 934 codicis
3168 894 3329 932 manu

1766 973 1970 1028 exarati
2006 972 2346 1026 auctoritate.
2399 970 2550 1037 Quod
2612 972 2806 1025 mirum
2846 971 3011 1024 videri
3069 971 3237 1040 possit
3276 971 3327 1023 in

1771 1066 1911 1126 viro,
1950 1066 2042 1133 qui
2092 1065 2157 1117 de
2191 1065 2527 1118 versionibus
2580 1064 2902 1131 expostulat,
2952 1074 3113 1131 atque
3160 1064 3329 1118 inter-

1771 1165 1950 1223 pretes
2006 1155 2226 1208 minime
2282 1157 2523 1210 curiosos
2579 1152 2764 1217 fuisse,
2818 1154 2905 1207 ubi
2954 1170 3048 1208 eos
3099 1155 3331 1209 maxime

1768 1248 2115 1317 scrupulosus
2147 1262 2267 1302 esse
2300 1248 2653 1316 oportuisset,
2694 1246 2973 1300 clamitat?

1839 1338 2142 1405 Legendum
2171 1339 2332 1407 igitur
2363 1339 2593 1409 ἐτησίων
2623 1354 2718 1406 pro
2743 1338 2943 1391 θυσιῶν
2966 1336 3218 1406 conjicit:

1840 1433 2001 1503 ’ξΟσος
2029 1431 2194 1500 arma
2229 1432 2455 1501 ἐτησίων
2484 1432 2605 1503 ἐμοὶ
2638 1432 2842 1503 χρόνος.

1841 1502 1990 1567 Quod
2022 1500 2540 1555 etesiarunt’transiit
2569 1500 2768 1567 tempus
2798 1500 2946 1553 mihi.

1772 1592 1900 1659 Quae
1958 1591 2117 1647 lectio
2168 1592 2314 1645 nullo
2368 1592 2559 1645 nititur
2614 1591 2985 1654 fundamento,
3019 1603 3117 1643 nec
3148 1586 3252 1641 ulla
3284 1587 3334 1642 ei

1772 1686 1955 1738 subest
2009 1683 2174 1738 notio.
2213 1683 2345 1748 Quis
2375 1683 2515 1736 enim
2551 1682 2735 1736 credat
2766 1680 3085 1748 Gregorium
3128 1688 3331 1747 patrem

1772 1777 2077 1846 signiﬁcare
2113 1776 2369 1837 voluisse,
2403 1774 2638 1827 nondum
2668 1782 2743 1825 tot
2767 1785 2944 1825 annos
2972 1771 3171 1825 vixisse
3202 1769 3335 1823 Gre.

139 1883 218 1936 bus
256 1895 281 1933 a
335 1881 438 1933 Deo
492 1880 855 1946 impetrasset,
891 1886 948 1932 ut
975 1879 1100 1936 olim
1142 1880 1297 1933 Anna
1340 1880 1667 1944 Samm-Iem,
1699 1879 1740 1934 Β
1770 1868 1973 1937 gorium
2008 1868 2344 1936 ﬁlium,quot
2364 1866 2477 1934 ipse
2505 1862 2883 1921 vixerit?Nam
2914 1863 2993 1916 sic
3018 1863 3129 1932 ipse
3169 1861 3335 1914 inter-

138 1973 225 2026 voti
254 1986 462 2038 compos
523 1970 661 2025 facta
698 1970 781 2037 pia
836 1980 1029 2037 mater,
1067 1971 1233 2025 ﬁliam
1264 1971 1365 2025 sibi
1401 1971 1542 2025 dono
1576 1971 1666 2025 Dei

138 2077 417 2117 concessum
473 2060 552 2114 illi
610 2077 638 2114 a
691 2076 798 2129 quo
827 2071 1131 2129 acceperat,
1157 2062 1365 2114 Annam
1400 2062 1665 2127 tumulata,

137 2158 434 2211 consecravit
483 2157 552 2211 ⁸³.
608 2156 724 2222 Quo
754 2172 896 2212 anno
951 2157 1002 2210 id
1058 2158 1348 2227 contigerit
1382 2160 1560 2227 gravis
1586 2168 1670 2213 est

137 2249 402 2314 didit-ultas,
440 2260 497 2303 et
536 2258 751 2303 certant
803 2250 942 2302 inter
970 2264 1028 2302 se
1068 2251 1379 2317 scriptores.
1400 2250 1671 2316 .Quamvis

136 2351 341 2394 nostrum
378 2356 484 2393 non
512 2342 581 2395 sit
612 2351 784 2395 tantas
804 2342 923 2394 lites
949 2356 1295 2410 componere,
1330 2342 1454 2409 quid
1492 2351 1667 2394 tamen

135 2431 395 2484 sentiinuis
447 2431 794 2488 dissimulare
854 2432 935 2485 lex
970 2433 1148 2500 Operis
1199 2448 1302 2487 non
1338 2432 1508 2487 sinit:
1576 2432 1669 2485 sed

134 2523 257 2589 prius
298 2510 635 2575 diversarmn
685 2524 997 2592 opinionum
1032 2525 1378 2594 expendenda
1410 2534 1531 2579 sunt
1566 2539 1673 2577 tuo-

136 2624 309 2666 tneuta.
338 2614 697 2669 Doctissimus
727 2630 789 2668 ac
820 2614 1096 2683 piissimus
1130 2616 1523 2678 Tillemontius,
1549 2630 1670 2669 cum

133 2705 233 2758 aliis
276 2705 545 2772 pluribus,
582 2706 902 2773 Gregorium
939 2722 1037 2760 nec
1074 2708 1233 2761 citius
1255 2720 1350 2761 nec
1378 2706 1550 2760 serius
1576 2721 1673 2758 an-

135 2809 187 2847 no
210 2803 279 2848 ter
306 2797 608 2849 centesimo
647 2797 901 2850 vicesimo
933 2812 1074 2850 nono
1105 2809 1285 2851 natum
1325 2812 1445 2851 esse
1489 2797 1674 2851 statuit

135 2900 183 2938 ex
229 2886 459 2953 pluribus
511 2887 755 2955 Gregorii
796 2888 966 2957 ipsius
996 2889 1196 2951 verbis,
1239 2903 1346 2956 quo
1376 2898 1523 2941 certe
1570 2902 1670 2939 non

134 2983 198 3026 est
219 2975 342 3028 alius
374 2977 559 3029 aetatis
592 2993 702 3030 sua:
720 2980 872 3031 testis
907 2978 1246 3046 locupletior.
1290 2978 1553 3030 Palmaria
1582 2979 1673 3029 im-

136 3066 292 3130 primis
314 3068 571 3121 videntur
599 3070 710 3122 htec
736 3067 980 3137 Gregorii
1015 3069 1183 3135 patris
1215 3066 1374 3121 verba
1413 3068 1577 3119 lilium
1606 3067 1672 3120 ad

134 3158 501 3225 suscipiendum
534 3175 729 3212 munus
769 3157 1106 3226 pastoritium
1142 3158 1459 3226 itnpellentis
1490 3155 1560 3227 (ὁ)
1588 3172 1602 3210 :

190 3247 335 3320 Οὔπω
359 3248 626 3320 ντοσσῦτον
647 3249 1063 3320 ὲκμεμὲτρηκᾳς
1093 3247 1223 3315 βίον,

191 3319 334 3381 Ὄσος
348 3319 537 3388 διῆλθε
567 3319 761 3377 θυσιῶν
791 3318 919 3389 ἐμοὶ
940 3318 1148 3388 χρόνος.

192 3431 421 3484 Nondum
456 3440 539 3485 tot
572 3449 735 3484 annos
764 3434 865 3485 vita
896 3433 1150 3501 percurrit
1176 3440 1286 3491 tua,

193 3502 315 3566 Quot
336 3504 406 3554 mi
435 3504 495 3555 in
535 3504 699 3555 sacris
716 3504 831 3571 jam
860 3514 978 3556 sunt
1022 3506 1217 3572 ρει-ατη
1256 3500 1506 3553 victimis.

136 3606 214 3660 llis
264 3608 470 3664 duobus
523 3611 805 3664 versiculis
846 3610 1188 3665 manifestum
1228 3619 1309 3663 est
1363 3608 1672 3677 Gregorium

134 3695 513 3755 Nazianzenmn
554 3712 737 3755 natum
775 3717 915 3767 esse,
951 3718 1071 3755 eum
1098 3702 1209 3771 jam
1246 3702 1352 3753 Deo
1379 3701 1493 3768 ejus
1526 3708 1678 3768 pater

136 3792 350 3845 victimas
398 3792 661 3857 offerret;
716 3793 831 3846 sive
896 3794 1140 3846 victimas
1195 3807 1288 3845 eas
1349 3790 1677 3845 intellexeris

136 3896 242 3948 quas
269 3884 497 3951 quilibet
531 3882 880 3941 Christianus
912 3899 977 3937 ex
1009 3884 1172 3937 corde
1201 3898 1333 3950 puro
1358 3882 1530 3945 oil'ert,
1565 3883 1678 3936 sive

136 3984 244 4037 quas
263 3974 427 4026 solius
452 3983 546 4028 est
574 3976 875 4028 sacerdotis
901 3986 992 4030 aut
1032 3975 1293 4043 cpisc0pi,
1330 3984 1386 4027 ut
1423 3974 1673 4035 ministri,

135 4063 316 4121 offerre.
338 4068 475 4120 Cum
510 4078 691 4120 autem
718 4066 1006 4136 Gregorius
1040 4083 1145 4121 non
1184 4077 1311 4120 ante
1339 4083 1535 4122 annum
1572 4066 1677 4120 528

134 4169 316 4212 creatus
357 4160 431 4213 sit
481 4159 744 4212 sacerdos
788 4168 841 4211 et
870 4160 1176 4227 episcopus,
1212 4174 1433 4212 necesse
1482 4169 1565 4213 est
1622 4167 1679 4210 ut

134 4243 392 4314 Gregorius
425 4250 577 4301 ﬁlius
608 4265 671 4301 ex
704 4259 855 4316 patre
882 4250 1132 4318 episcopo
1161 4250 1229 4303 sit
1260 4259 1595 4317 procreatus,
1632 4250 1676 4303 si

134 4337 347 4391 victimas
380 4355 527 4406 quas
574 4339 787 4401 obtulit,
822 4342 1136 4409 priusquam
1173 4351 1485 4393 nasceretur
1514 4343 1673 4406 ﬁlius,

134 4440 205 4479 cas
231 4443 341 4483 esse
369 4430 695 4495 credideris,
720 4446 853 4499 quas
881 4431 977 4484 soli
1011 4431 1278 4485 sacerdoti
1314 4430 1509 4485 oiTcrre
1533 4449 1679 4486 com-

1768 1968 2011 2028 pretatur
2040 1957 2439 2026 Papebrochius
2464 1955 2535 2025 (ε)
2568 1972 2585 2010 :

1768 2076 1800 2178 ἃ.
1842 2049 2000 2183 giras
2033 2059 2243 2117 peracta
2271 2058 2376 2101 tant
2408 2048 2565 2119 longa
2594 2047 2825 2102 nondum
2858 2057 2934 2100 est
2973 2046 3087 2111 tibi,

1772 2173 1779 2179 ,
1898 2129 2006 2183 uot,
2042 2131 2147 2173 etc.

1772 2129 1800 2179 π
1848 2129 2006 2183 Quot,
2042 2131 2147 2173 etc.

1771 2210 1874 2265 Sed
1914 2208 2260 2263 correctionis
2308 2222 2415 2261 sua:
2456 2224 2475 2258 ι
2527 2205 2820 2272 licentiam,
2859 2224 2877 2256 ι
2914 2204 2990 2259 sic
3033 2206 3174 2257 enim
3218 2200 3333 2271 ipse

1782 2300 2031 2369 appellat,
2091 2298 2304 2367 agnovit
2353 2309 2573 2365 postea;
2620 2296 2899 2351 confessus
2946 2302 3027 2348 est
3058 2294 3220 2347 etiam
3252 2292 3335 2346 vir

1775 2391 2037 2446 candidus
2070 2403 2186 2442 eam
2228 2387 2426 2441 nullius
2455 2388 2798 2456 manuscripti
2853 2386 3174 2439 auctoritate
3223 2381 3327 2435 ful-

1772 2482 1892 2545 ciri,
1932 2495 1995 2533 ac
2021 2479 2232 2532 demum
2261 2477 2528 2546 pollicitus
2561 2476 2701 2529 hanc
2730 2492 2787 2529 se
2816 2477 3046 2530 libenter
3074 2472 3330 2526 dimissu-

1774 2588 1916 2633 rum,
1946 2585 2067 2624 cum
2109 2568 2188 2621 vel
2222 2569 2379 2622 aliam
2413 2569 2581 2638 magis
2612 2568 2884 2621 fundatam
2920 2576 3227 2633 certamque
3255 2562 3340 2616 in-

1772 2664 1982 2718 venerit
2035 2662 2327 2732 quispiam,
2373 2661 2455 2713 vel
2494 2658 2830 2729 explicanda:
2858 2659 3117 2726 phraseos
3181 2654 3338 2709 iSlitIS

1777 2755 2038 2808 rationem
2071 2755 2354 2820 aptiorem.
2389 2752 2562 2805 Aliam
2599 2752 2711 2819 ipse
2742 2747 3137 2817 Papebrochius
3163 2744 3345 2797 lectio-

1774 2858 1894 2897 nem
1937 2843 2135 2896 invenit
2172 2842 2238 2910 (f)
2262 2882 2276 2906 ,
2318 2857 2408 2895 seu
2441 2841 2615 2909 potius
2640 2839 2823 2901 ﬁnxit;
2858 2836 3011 2903 cujus
3039 2850 3143 2889 non
3174 2831 3343 2899 major

1773 2949 1933 3003 quam
1992 2934 2186 3002 prioris
2237 2934 2531 2985 auctoritas
2582 2945 2702 2985 esse
2732 2936 2933 2998 potest,
2973 2940 3093 2978 cum
3148 2923 3341 2975 nullius

1775 3027 1887 3095 ipsa
1947 3024 2150 3079 codicis
2182 3024 2506 3078 auctoritate
2560 3022 2842 3083 fulciatur;
2881 3028 2933 3072 et
2971 3032 3090 3085 qua:
3117 3030 3237 3076 suo,
3294 3013 3339 3067 si

1776 3116 2173 3179 admitteretur,
2208 3114 2326 3183 plus
2378 3122 2618 3178 noceret,
2669 3127 2829 3181 quam
2875 3110 3076 3163 faveret
3112 3108 3340 3163 fabrica-

1703 3215 1748 3275 ρ
1782 3210 1879 3261 tori
1926 3227 1938 3266 ;
1974 3208 2049 3260 sic
2091 3208 2252 3275 igitur
2293 3206 2570 3274 legendum
2601 3204 2839 3277 suggerit
2871 3220 2885 3257 :

1848 3301 2009 3359 Ὄσος
2030 3297 2208 3366 διῆλθε
2244 3297 2324 3358 δὶς
2361 3295 2453 3347 ἰὼν
2482 3296 2602 3366 ἐμοὶ
2632 3294 2837 3366 χρόνος.

1844 3368 1936 3420 Bis
1966 3362 2216 3437 quantum
2250 3370 2417 3417 eundo
2453 3362 2648 3416 labitur
2670 3362 2875 3424 tempus
2905 3362 3050 3414 milii.

1779 3458 1957 3511 Satius
1988 3468 2093 3517 est,
2126 3466 2183 3507 ut
2211 3456 2285 3506 ait
2334 3461 2519 3507 noster
2556 3452 2876 3505 Prudentius
2927 3451 3107 3502 Maran
3136 3450 3187 3501 in
3223 3446 3344 3501 Vita

1776 3552 1943 3603 sancti
1990 3547 2183 3602 Ιιαεὶιίἱ
2216 3549 2291 3615 (p.
2325 3546 2437 3615 58),
2477 3562 2495 3594 ι
2532 3559 2651 3597 cum
2686 3542 3031 3596 Tillentontio
3065 3540 3239 3605 fateri,
3270 3540 3346 3595 le-

1778 3657 1894 3710 gem
1948 3638 2371 3693 ecclesiasticam
2441 3634 2505 3688 de
2568 3632 2899 3685 continentia
2966 3632 3340 3699 episcoporum

1778 3732 2012 3785 nondum
2080 3730 2131 3781 in
2195 3729 2446 3782 omnibus
2497 3724 2717 3780 omnino
2776 3723 3035 3777 Ecclesiis
3085 3722 3343 3789 viguisse,

1778 3838 1935 3890 quam
1970 3820 2369 3887 apertissimum
2410 3816 2585 3869 locum
2626 3814 2889 3883 ejusmodi
2914 3814 3240 3881 conjecturis
3266 3822 3343 3866 at-

1780 3922 2008 3967 tentare.
2056 3930 2074 3962 ›
2110 3911 2292 3972 Recte,
2325 3909 2367 3963 si
2394 3909 2543 3976 prius
2583 3904 2941 3960 demonstrari
2967 3915 3145 3973 posset
3174 3904 3342 3971 legem

1778 4004 1921 4059 illam
1953 4004 2003 4056 in
2063 4002 2402 4070 Cappadocia
2466 4012 2573 4052 non
2631 3996 2888 4066 viguisse,
2935 3996 3076 4065 quod
3131 3996 3345 4064 quidem

1777 4095 2003 4164 probare
2027 4108 2129 4145 non
2161 4092 2314 4144 tacile
2345 4089 2521 4143 inierit.

1851 4178 1943 4231 Est
1981 4177 2118 4230 alius
2156 4174 2399 4244 Gregorii
2453 4184 2648 4239 textus,
2700 4172 2787 4243 qui
2821 4172 2885 4224 ad
2922 4168 3343 4224 conﬁrmandam

1779 4267 2099 4321 sententiam
2129 4264 2455 4320 Tillcmontii
2492 4266 2554 4318 de
2586 4279 2726 4317 anno
2768 4278 2873 4332 quo
2900 4261 2981 4313 vir
3014 4269 3230 4314 sanctus
3255 4274 3351 4311 ua-

1781 4369 1863 4410 tus
1920 4365 2025 4420 est,
2085 4373 2189 4410 non
2236 4356 2415 4409 minus
2464 4354 2685 4407 idoneus
2716 4354 2970 4405 videtur:
3015 4351 3091 4403 ait
3118 4364 3347 4416 namque

1778 4450 2096 4519 Gregorius,
2138 4465 2259 4502 cum
2288 4449 2515 4501 Athenis
2538 4448 2588 4500 iit
2619 4447 2844 4514 patriam
2874 4444 3102 4497 reditum
3127 4442 3349 4511 parabat

132 4521 257 4582 petit,
286 4524 536 4589 adeoque
568 4538 671 4574 non
720 4533 844 4575 ante
885 4539 1081 4575 annum
1110 4523 1214 4578 5'28
1254 4528 1345 4577 a‘ut
1387 4522 1512 4589 59.9,
1571 4539 1670 4592 quo

1784 4557 1924 4594 anno
1948 4541 2081 4602 555,
2116 4556 2175 4593 se
2206 4540 2423 4608 longum
2456 4549 2671 4607 tempus
2694 4536 2870 4589 studio
2908 4533 3223 4602 eloquentia;
3252 4533 3349 4585 im-

132 4620 317 4663 creatus
345 4624 424 4664 est
459 4612 770 4681 episcopus.

132 4714 339 4776 Xl-Xlll.
372 4723 629 4775 Bollamli
660 4726 916 4777 sententia
947 4726 1011 4778 de
1052 4741 1211 4787 anno,
1259 4742 1360 4791 quo
1404 4734 1555 4777 natus
1604 4734 1677 4777 est

187 4792 476 4860 Gregorius.
508 4794 645 4864 Quot
670 4798 817 4846 annis
846 4794 1124 4862 Gregorius
1150 4795 1360 4847 Athenis
1382 4795 1682 4864 eloquentia:

183 4879 378 4928 Operam
408 4866 579 4917 dedit.
617 4863 889 4932 licfellitur
918 4870 1091 4933 opinio
1122 4864 1391 4920 Bollandi.

186 4973 498 5029 Reclamant
531 4975 870 5029 Bollandistze
905 4976 1000 5045 (6)..
1031 4977 1353 5045 interpretes
1397 4984 1675 5037 accusant,

129 5065 266 5117 verba
296 5068 489 5121 Graeca
523 5066 593 5119 ab
619 5067 749 5136 ipsis
792 5068 929 5121 male
981 5068 1184 5121 reddita
1222 5068 1411 5120 Latine
1443 5084 1681 5137 querun-

130 5165 217 5219 tur,
262 5169 313 5212 et
352 5160 820 5212 absurdissimum
853 5174 973 5213 esse
1016 5160 1276 5222 clamant,
1309 5160 1350 5212 si
1392 5159 1681 5227 Gregorius

127 5244 480 5305 Nazianzenus
528 5251 740 5304 dicatur
770 5262 923 5320 patre
965 5253 1246 5306 sacerdote
1301 5254 1381 5307 vel
1431 5255 1681 5323 episcopo

128 5338 297 5394 editus.
329 5340 385 5394 ld
414 5342 637 5411 quidem
685 5343 881 5396 mirum
913 5353 967 5398 et
1001 5360 1219 5413 prorsus
1250 5344 1543 5405 insolitum,
1579 5360 1677 5399 nec

184 5472 227 5505 ⁸⁸
255 5474 425 5546 lReg.
454 5493 495 5542 I,
527 5477 614 5539 lt,
645 5478 733 5531 28.

188 5610 257 5678 (α)
287 5613 464 5677 υν.ε9..,
495 5630 549 5664 ιι.
572 5612 654 5666 77.

187 5684 253 5742 (ιι)
282 5684 463 5734 (Zartn.
507 5684 576 5734 De
599 5684 700 5735 rita
734 5701 849 5739 sua.
888 5700 938 5738 v.
979 5684 1099 5738 512.

186 5754 249 5809 (τ)
282 5751 314 5801 9
348 5752 499 5813 Maii,
525 5769 571 5820 p.
609 5754 733 5812 570.
762 5754 885 5809 δξι.

184 5819 252 5879 id)
275 5822 475 5884 9Muii,
508 5819 554 5886 ν.
578 5824 694 5875 δτι.

1784 4620 2057 4701 ριιηᾱὶεὲθ,
2090 4647 2153 4684 ac
2178 4646 2237 4684 se
2274 4632 2386 4699 jam
2434 4630 2650 4682 circiter
2682 4628 2897 4680 triointa
2939 4640 3108 4680 annos
3141 4636 3345 4677 natum.

1786 4726 1904 4781 llaec
1936 4736 2060 4779 sunt
2088 4726 2203 4793 ejus
2244 4728 2402 4779 verba
2438 4742 2452 4778 :

1855 4818 1966 4869 Καὶ
1988 4816 2095 4887 γὰρ
2121 4818 2284 4879 πολὺς
2309 4817 2560 4886 τέτριπτο
2582 4820 2692 4881 τοῖς
2720 4814 3125 4887 λόγορς-χρρνοςο

1858 4880 2011 4958 ’Ἤδη⁷
2033 4880 2350 4959 τριακοστόν
2382 4880 2469 4957 tio:
2505 4880 2686 4957 σχεδὸν
2717 4885 2859 4938 τοῦτ’
2896 4880 2964 4954 ἦν
2994 4882 3110 4942 ἔτος
3142 4880 3236 4950 (g).

1784 4980 1981 5033 Verum
2019 4996 2084 5033 ex
2118 4984 2344 5033 adverso
2375 4988 2668 5032 occurrunt
2697 4976 3037 5031 Bollantlista:
3063 4971 3158 5041 (It),
3190 4980 3350 5037 atque

1778 5072 1828 5124 in
1858 5086 1921 5125 eo
1950 5071 2243 5139 disputant.
2284 5089 2301 5121 ι
2347 5070 2560 5134 Gratis,
2591 5071 2870 5139 inquiunt,
2908 5063 3247 5134 pra-sumitur
3274 5061 3351 5112 si-

1777 5162 1928 5228 gnari
1966 5177 2140 5216 annus
2195 5162 2392 5226 aetatis,
2430 5161 2517 5214 ubi
2574 5174 2746 5212 annus
2783 5156 2969 5218 Studii,
3012 5152 3348 5222 acquirendae

1777 5253 2102 5323 eloquentiae
2147 5252 2374 5307 Athenis
2428 5251 2679 5321 impensi,
2737 5248 2902 5301 multo
2964 5243 3346 5314 congruentius

1778 5354 1956 5414 potest
1981 5344 2320 5416 intelligi.....
2361 5344 2507 5399 Alias
2532 5345 2674 5399 enim
2721 5338 2988 5412 quomodo
3027 5349 3231 5405 tempus
3250 5346 3351 5388 au-

1863 5612 1933 5677 (e)
1958 5613 2113 5666 Tom.
2150 5609 2189 5661 ii
2234 5608 2379 5669 Maii,
2415 5623 2467 5676 ι).
2497 5607 2619 5663 845.

1861 5682 1926 5752 (f)
1961 5682 2111 5734 Tum.
2146 5678 2229 5752 vtt
2258 5680 2400 5752 Maii,
2441 5695 2491 5746 ιι.
2525 5678 2647 5730 6ἲ)7.

1965 5757 2142 5802 (Zartn.
2178 5748 2249 5800 De
2274 5750 2374 5797 vim
2400 5765 2515 5812 sua,
2558 5764 2606 5800 γ,
2637 5746 2757 5799 θὶςδ,

1867 5808 1941 5893 (it)
1977 5824 2007 5876 9
2036 5820 2173 5883 .ttaii,
2200 5816 2393 5886 p.571.
