3918 6530
563 414 666 468 £55

1829 429 1982 484 νιτΑ
2028 430 2086 488 S.
2127 430 2470 488 GBEGORll.

3693 436 3838 492 156

563 551 753 592 norum
802 545 923 591 octo
955 537 1036 591 vel
1068 538 1252 592 decem
1296 540 1419 609 (nec
1466 545 1608 598 enim
1650 545 1828 614 plures
1877 560 2001 604 tunc
2035 567 2132 604 nu-
2160 557 2206 611 Α
2232 552 2371 620 quod
2399 552 2558 606 etiam
2591 552 2804 621 signant
2833 551 3022 605 addita
3070 551 3329 619 particula
3373 569 3394 604 ι
3436 560 3699 622 tanquam
3742 572 3830 611 ει

563 643 775 682 merare
800 643 1007 698 posses,
1052 629 1096 683 si
1134 630 1304 684 solum
1352 645 1470 688 erat
1509 636 1870 709 tricenarius).
1903 641 2122 711 longum
2162 683 2167 689 .

562 715 796 771 dixisset
823 720 887 772 ad
913 735 1030 772 eam
1060 723 1531 790 exercitationem,
1571 729 1658 782 cui
1700 730 1917 799 plurimi
1955 743 2123 789 totam

563 809 812 863 dicabant
842 811 1027 874 vitam,
1064 827 1236 881 neque
1281 816 1363 869 vel
1406 827 1644 874 extrema
1676 831 1836 877 aetate
1875 828 2125 882 oratoria:

561 903 694 954 artis
726 901 1115 969 perfectionem
1144 922 1202 960 se
1240 919 1514 966 assecutos
1536 915 1865 972 credebant?
1910 937 1929 971 ι
1981 919 2124 989 Ergo

561 1005 627 1044 ne
667 990 851 1047 decem
892 996 972 1047 vel
1007 1004 1130 1050 octo
1163 999 1288 1052 anni
1325 1001 1642 1072 eloquentia:
1675 1010 1853 1064 studio
1896 1011 2121 1066 Athenis

562 1084 810 1150 ltupensi,
840 1086 952 1140 viro
999 1087 1328 1156 Christiano,
1361 1095 1450 1162 qui
1487 1095 1596 1164 jam
1625 1108 1777 1151 antea
1816 1116 1910 1168 per
1939 1102 2123 1170 plures

558 1190 749 1241 annos,
776 1184 886 1228 tum
939 1176 1194 1233 Nazianzi
1236 1196 1264 1232 a
1319 1186 1651 1250 parentibus,
1695 1197 1804 1242 tum
1841 1190 2118 1257 Caesareas,

559 1262 782 1333 aliisque.
821 1267 869 1319 in
900 1267 1029 1321 locis
1070 1287 1098 1321 a
1127 1271 1451 1328 doctissimis
1477 1278 1746 1345 magistris
1785 1281 1833 1333 in
1859 1283 2005 1336 onmi
2034 1284 2122 1337 lit-

559 1363 792 1408 terarum
820 1367 873 1410 et
908 1359 1250 1414 scientiarum
1281 1379 1476 1431 genere
1505 1366 1679 1421 fuerat
1707 1370 2010 1438 institutus,
2037 1391 2122 1428 sa-

557 1446 627 1498 tis
647 1463 912 1515 superque
962 1461 1137 1512 erant,
1175 1464 1230 1506 ut
1267 1457 1363 1523 ipsi
1398 1458 1579 1512 dicere
1607 1459 1793 1516 lict-ret
1827 1480 1883 1518 se
1907 1466 2117 1534 longum

557 1543 765 1606 tempus
802 1539 850 1590 in
888 1555 952 1593 eo
1001 1543 1272 1599 curriculo
1312 1547 1567 1603 trivisse?
1611 1552 1690 1604 Au
1731 1567 1856 1607 vero
1904 1570 2120 1612 necesse

556 1641 662 1694 ρει,
691 1639 749 1684 ut
777 1632 935 1685 vitam
963 1636 1082 1702 quis
1105 1646 1265 1690 lotam
1291 1639 1554 1695 dicaverit
1573 1645 1750 1698 studio
1780 1646 2116 1714 eloquentia},

554 1731 661 1784 quo
698 1733 821 1771 vere
845 1723 1013 1788 possit
1042 1723 1219 1777 dicere
1237 1741 1295 1779 se
1327 1728 1545 1796 longum
1570 1739 1781 1802 tempus
1813 1737 1932 1790 huic
1959 1753 2115 1792 exer-

555 1807 799 1860 citationi
828 1809 1194 1877 impendisse?
1224 1812 1400 1868 Potuit
1428 1832 1556 1884 ergo
1581 1818 1762 1874 dicere
1801 1821 2112 1890 Gregorius,

2227 641 2575 696 imberbibus.
2613 660 2632 692 ι
2669 643 2780 704 Sic,
2818 641 3064 711 inquiunt
3097 641 3192 711 (c),
3229 657 3326 694 nec
3358 643 3497 710 quod
3531 661 3550 694 ι
3584 659 3647 698 ex
3686 645 3830 706 iure

2226 730 2500 796 berbibus,
2565 732 2708 785 dicat
2739 730 3138 802 (Gregorius).
3216 730 3390 785 factos
3425 732 3592 794 viros,
3637 753 3658 785 ι
3698 735 3828 788 de-

2225 821 2313 876 bet
2347 838 2469 876 cum
2508 832 2753 890 respectu
2787 825 2852 875 ad
2888 831 3101 876 aetatem
3130 823 3323 890 accipi,
3365 823 3455 876 sed
3503 824 3697 878 referri
3739 829 3823 880 ad

2223 913 2490 977 animum;
2525 915 2614 980 qui
2653 922 2776 966 tunc
2807 913 3036 980 prinmm
3074 912 3300 966 viriliter
3332 914 3468 981 erigi
3516 917 3688 985 caspit
3741 931 3828 970 ac

2223 1002 2462 1057 roborari
2493 1045 2508 1068 ,
2553 1018 2672 1056 eum
2715 1002 2950 1072 seposito
2981 1003 3101 1056 aliis
3139 1003 3384 1072 placendi
3416 1007 3614 1069 studio,
3645 1008 3821 1074 quod

2223 1093 2654 1162 imperfectorum
2683 1103 2785 1155 est,
2819 1095 2884 1145 ad
2925 1109 3107 1147 verant
3140 1095 3478 1164 solidamque
3505 1097 3822 1160 virtutem,

2221 1199 2339 1252 quae
2377 1192 2456 1237 est
2497 1184 2733 1236 virorum
2783 1183 3167 1251 perfectorum,
3206 1197 3456 1239 conatum
3501 1203 3658 1240 suum
3711 1189 3818 1242 in-

2223 1274 2523 1328 tenderunt.
2559 1274 2680 1329 Haac
2717 1274 2960 1343 profecto
3005 1291 3034 1328 a
3089 1275 3430 1330 Bnllandistis
3478 1277 3822 1332 inconside-

2221 1373 2335 1416 rate
2365 1363 2545 1426 dicta,
2582 1365 2662 1418 fas
2695 1366 2767 1417 sit
2802 1365 3018 1430 dicere;
3054 1381 3151 1420 nec
3197 1366 3445 1434 injuriam
3492 1383 3552 1422 se
3585 1369 3820 1424 Basilio

2217 1464 2275 1506 ct
2310 1451 2567 1520 Gregorio
2611 1453 2785 1508 facere
2831 1456 3157 1522 cogitarunt,
3198 1471 3318 1508 cum
3360 1457 3530 1521 aiunt,
3583 1477 3602 1508 ι
3661 1469 3819 1513 tunc

2218 1541 2469 1608 primttm,
2524 1560 2542 1591 )
2576 1542 2780 1594 scilicet
2821 1557 2943 1596 cum
2995 1558 3193 1596 annum
3241 1546 3414 1598 :etatis
3453 1546 3814 1615 quinquage-

2217 1630 2410 1683 simum
2438 1633 2680 1699 quintmn
2728 1633 3050 1700 attigissent,
3086 1647 3271 1687 eorum
3303 1635 3508 1688 animos
3538 1654 3558 1686 ‹
3608 1637 3812 1690 virili-

2219 1726 2297 1770 ter
2327 1719 2458 1786 erigi
2505 1721 2733 1788 cmpisse
2780 1736 2846 1774 ac
2877 1722 3143 1785 ruborari,
3180 1731 3234 1775 et
3264 1727 3497 1789 seposito
3528 1724 3650 1780 aliis
3683 1727 3812 1794 pla-

2216 1809 2370 1862 cendi
2403 1811 2578 1864 studio
2600 1852 2614 1875 ,
2652 1812 2716 1863 ad
2763 1825 2940 1864 veram
2973 1812 3302 1882 solidamque
3329 1815 3579 1870 Virtutem
3617 1833 3811 1872 cona-

554 1897 696 1966 quod
727 1915 846 1952 eum
887 1901 1086 1956 dixisse
1112 1905 1454 1960 manifestum
1496 1918 1597 1962 est.
1633 1909 1743 1964 Iino
1790 1913 1954 1967 miror
1984 1912 2105 1970 Gre'

2222 1909 2332 1952 tum
2363 1901 2675 1956 intendisse.
2716 1921 2734 1953 ι
2771 1902 2998 1972 Egregia
3029 1920 3162 1959 vero
3192 1905 3308 1960 laus
3349 1905 3528 1960 Basilii
3557 1919 3610 1962 et
3636 1907 3805 1964 Gre-

552 1990 760 2058 gorium
798 2000 872 2045 tot
909 2009 1081 2048 annos
1138 1997 1376 2052 Athenis-
1408 2011 1716 2068 versatum;
1772 2004 2115 2076 Gregorium,

553 2079 790 2149 inquam,
833 2097 990 2152 quem
1044 2095 1214 2140 mater
1258 2105 1287 2141 a
1338 2089 1445 2146 Deo
1487 2095 1736 2160 precibus
1772 2096 2110 2166 impetrarat,

552 2171 782 2239 pollicita
821 2189 880 2228 se
917 2176 963 2228 ei
1006 2178 1325 2245 dicaturam,
1365 2184 1410 2236 si
1437 2186 1572 2238 votis
1603 2201 1896 2257 annueret;
1954 2208 2114 2260 quem

549 2278 579 2315 a
615 2268 768 2317 vulva
805 2266 915 2333 ipsa
961 2269 1024 2320 ad
1077 2269 1241 2324 Deum
1274 2274 1612 2342 proiecerat;
1656 2281 1744 2346 qui
1796 2296 1855 2335 se
1886 2300 1913 2336 a
1944 2296 2115 2340 matre

551 2354 657 2408 Deo
681 2357 912 2411 dicatum
938 2373 1092 2414 norat
1114 2379 1127 2428 ;
1153 2364 1235 2416 cui
1258 2403 1272 2427 ,
1304 2381 1422 2417 cum
1447 2367 1554 2433 jam
1599 2373 1843 2438 pueritia:
1898 2385 2110 2430 aetatem

548 2447 854 2513 transisset,
911 2453 1106 2506 divinae
1163 2455 1454 2524 Scriptura:
1507 2462 1747 2529 exempla
1805 2465 2109 2533 instillarat,

545 2526 744 2606 quibus
793 2542 1129 2607 signiﬁcarat
1165 2557 1448 2614 parentum
1506 2562 1649 2610 vota.
1693 2554 1918 2610 Abralnc
1949 2558 2113 2614 hile-

545 2633 681 2686 riarn
707 2644 764 2688 et
787 2634 955 2703 Isaac,
977 2640 1143 2693 Anna:
1173 2652 1226 2694 et
1261 2642 1557 2705 Samuelis;
1591 2661 1772 2714 quem,
1805 2666 1923 2704 cum
1987 2667 2108 2708 eum

547 2723 656 2778 Deo
696 2729 974 2791 puerulum
1005 2731 1216 2792 obtulit.
1243 2734 1320 2785 sic
1346 2732 1502 2786 all'ata
1527 2747 1641 2788 erat
1669 2738 1744 2808 (η)
1780 2755 1793 2790 :

621 2815 778 2891 grite,
803 2837 894 2886 ego
925 2831 973 2872 te
1007 2824 1171 2875 virum
1209 2823 1434 2886 Christo.
1468 2829 1786 2891 charissima,
1815 2849 1995 2888 munus

618 2881 810 2969 Q/fero.
831 2881 953 2956 'quo
989 2896 1166 2942 mulris
1193 2904 1358 2969 t-oluut
1391 2881 1742 2966 promissaque
1761 2881 1968 2969 firmes;

617 2955 758 3033 Qum
777 2970 824 3010 le
847 2955 1051 3033 centeni
1078 2963 1315 3027 precibus
1349 2990 1363 3015 ~.
1389 2955 1605 3032 quicque
1626 2955 1848 3033 optimus
1884 2955 2039 3031 tit’sis

612 3024 684 3099 ξι
713 3028 815 3079 vita
836 3024 1086 3090 eximius,
1112 3024 1453 3099 ﬂagrantibus
1470 3024 1826 3098 erpelo'rotis.

615 3095 727 3176 ρος
760 3101 1023 3162 genitricis
1043 3095 1150 3152 erat
1187 3095 1356 3154 colum
1389 3119 1407 3158 .·
1438 3095 1785 3167 cui-mutinae
1817 3113 1923 3176 ipse

611 3164 926 3227 Cedendum,
955 3170 1009 3220 in
1045 3182 1220 3223 teucru
1247 3175 1479 3239 quamvis
1515 3164 1688 3240 (suae,
1729 3164 1929 3247 putavi.

543 3272 760 3342 Ecquis,
797 3277 909 3332 lucc
935 3279 1076 3334 serio
1115 3285 1471 3351 perpendens,
1515 3289 1563 3342 in
1605 3293 1844 3348 animum
1882 3278 2103 3352 induxe-

543 3367 615 3421 rit
659 3367 1001 3436 Gregotimn,
1027 3374 1115 3438 qui
1137 3375 1387 3440 pietatem
1408 3394 1434 3429 a
1465 3385 1780 3448 parentibus
1815 3405 1933 3441 cum
1961 3390 2096 3446 lacte

537 3457 805 3520 hauserat,
857 3466 923 3515 ad
973 3479 1170 3518 annum
1217 3484 1385 3538 usque
1415 3475 1587 3527 :clatis
1648 3491 1716 3528 LV
1759 3480 2101 3548 acquireudm

537 3549 854 3618 eloquentia:
882 3570 1101 3623 operam
1133 3559 1346 3616 dedisse
1374 3580 1387 3616 :
1415 3580 1512 3618 nec
1547 3566 1668 3634 ipsi,
1693 3581 1809 3637 post
1833 3572 2102 3640 impensos

539 3642 665 3698 buic
708 3647 887 3700 stmlio
922 3648 1148 3704 Athenis
1201 3663 1324 3706 octo
1369 3656 1447 3708 vel
1491 3655 1675 3710 decem
1708 3675 1876 3716 annos
1921 3664 2102 3720 dicere

537 3735 756 3791 licuisse
786 3754 843 3790 se
874 3738 1086 3807 longum
1116 3753 1325 3810 tempus
1365 3746 1728 3816 impendisse?

711 3827 849 3881 XIV.
894 3829 1146 3884 lmbcrbis
1177 3833 1456 3905 Gregorius
1494 3841 1647 3894 rediit
1687 3841 1924 3898 Athenis.

603 3915 752 3970 Adeo
787 3930 966 3972 autem
1006 3938 1202 3976 annum
1239 3940 1304 3977 LV
1337 3944 1438 3980 non
1473 3931 1745 3999 attigerat,
1781 3950 1900 3988 cum
1935 3937 2102 3992 Allie-

533 4005 618 4058 nis
657 4008 812 4059 rediit
847 4008 1172 4075 Gregorius,
1225 4027 1283 4068 ιιι
1315 4031 1373 4068 se
1419 4026 1544 4072 tunc
1574 4027 1627 4073 et
1664 4020 1914 4077 Basilium
1973 4045 1992 4076 ‹
2031 4042 2100 4080 ex

535 4097 865 4151 lmherbihus
910 4101 1051 4154 viros
1092 4105 1260 4158 tactos
1311 4127 1328 4157 ι
1371 4108 1538 4165 fuisse
1571 4114 1733 4168 dicat.
1794 4116 1882 4180 Ὠς
1913 4117 1956 4170 δ’
2006 4115 2100 4174 οὖν

531 4187 902 4258 ἑπανήκαμεν,
957 4194 1129 4263 μικρὰ
1161 4195 1238 4266 τῷ
1281 4199 1468 4271 κόσμῳ
1504 4203 1598 4256 καὶ
1631 4208 1694 4275 τῇ
1729 4211 1898 4279 σκηνῇ
1948 4228 2101 4282 χαρι-

532 4276 788 4343 σάμενοι,
829 4282 921 4332 καὶ
969 4283 1090 4337 ὅσον
1135 4285 1225 4340 τὸν
1250 4288 1357 4342 τῶν
1401 4292 1610 4345 πολλῶν
1656 4295 1814 4349 πόθον
1866 4301 2102 4368 ἀφοσιώ-

531 4365 725 4418 σασθαι
762 4366 866 4437 (οὐ
901 4369 1007 4442 γὰρ
1073 4374 1224 4427 αὐτοί
1272 4394 1334 4445 γε
1366 4380 1582 4450 εἴχομεν
1610 4383 1936 4456 Θεατρικῶς,
1989 4392 2097 4445 οὐδ’

529 4457 956 4531 ἐπιδεικτικῶς),
1001 4465 1226 4534 τάχιστα
1259 4470 1552 4540 ἐγενόμεθα
1585 4475 1740 4544 ἡμῶν
1772 4478 1972 4545 αὐτῶν,
2004 4483 2097 4537 καὶ

528 4548 786 4620 τελοῦμεν
819 4556 897 4616 εἰς
942 4554 1138 4627 ἄνδρας
1168 4558 1225 4625 ἐξ
1261 4561 1540 4628 ἀγενείων,
1589 4566 1982 4642 ἀνδρικώτερον
2024 4576 2090 4645 τῇ
2125 4581 2168 4636 D

527 4646 1267 4722 φιλοσοφίᾳ-προσόαένοντες.
1300 4661 1380 4712 Au
1411 4675 1537 4714 vero
1566 4662 1860 4719 imberbem
1888 4683 1946 4722 se
1971 4685 2094 4725 esse

529 4739 709 4793 dicere
739 4751 908 4808 potest
941 4745 1022 4797 vir
1056 4761 1118 4799 LV
1152 4764 1321 4802 annos
1355 4752 1544 4805 natus?
1577 4772 1596 4804 ‹
1643 4755 1711 4809 Ut
1776 4757 1960 4827 igitur,
2017 4763 2096 4816 itt-

524 4827 640 4896 quit
680 4828 972 4898 Gregorius
1024 4837 1118 4902 (b),
1185 4840 1399 4892 donium
1461 4844 1659 4896 reversi
1707 4861 1915 4913 sumus,
1964 4866 2086 4906 cum

525 4917 916 4986 aliquantulum
950 4927 1150 4978 mundo
1184 4943 1245 4980 ac
1275 4943 1448 4986 scena:
1477 4933 1873 5001 scrviissetnus,
1910 4954 2084 5008 quan-

525 5017 636 5062 tum
687 5013 891 5066 scilicet
941 5017 1072 5068 satis
1104 5030 1240 5080 erat,
1279 5035 1336 5073 ut
1377 5023 1726 5088 plurimorum
1758 5029 2087 5099 obsequere-

522 5115 644 5153 mur
676 5103 949 5172 cupiditati
994 5106 1206 5176 (neque
1251 5113 1393 5164 enim
1443 5114 1658 5181 ipsintet
1703 5121 1768 5171 ad
1809 5122 2078 5178 theatrum

522 5201 578 5245 et
613 5196 1026 5249 05tentatiouem
1081 5202 1546 5265 propendebamus
1585 5207 1624 5274 ),
1659 5209 1918 5264 continuo
1956 5212 2080 5268 facti

522 5299 706 5340 sumus
730 5287 870 5356 juris
918 5290 1121 5351 nostri,
1152 5301 1205 5343 et
1253 5309 1314 5345 ex
1351 5295 1682 5352 imberbibus
1725 5300 1851 5354 facti
1886 5303 1982 5357 viri
2018 5307 2084 5359 ad

524 5375 1005 5444 philosophandum
1043 5397 1140 5434 nos
1168 5383 1489 5439 contulimus
1523 5392 1856 5456 generosius.
1899 5411 1918 5444 ι
1951 5397 2086 5461 Quid

521 5467 588 5516 ad
629 5467 741 5520 lucc
787 5469 1167 5526 Bollandistze?
1205 5473 1443 5529 Solertcs
1485 5478 1584 5530 sibi
1623 5481 1893 5547 videntur,
1927 5489 2086 5541 verba

518 5553 760 5628 Gregorii
811 5563 862 5614 in
908 5567 1329 5634 metaphoricnm
1393 5583 1611 5630 sensum
1669 5575 2084 5649 detorqueutes,

689 5691 873 5780 Garuli:
895 5696 969 5751 De
995 5700 1143 5780 rebus
1165 5703 1296 5770 suis,
1326 5721 1378 5759 ν.
1409 5704 1534 5772 443,
1566 5717 1618 5763 et
1639 5723 1790 5780 seqq.

586 5765 658 5830 (ὁ)
691 5761 783 5818 0r.
810 5765 898 5824 4‘).
937 5785 989 5820 tt.
1015 5769 1107 5824 95.

588 5834 654 5901 (ί)
686 5832 717 5884 9
751 5838 888 5900 .llaii,
920 5853 970 5906 p.
999 5837 1122 5892 571.

2220 1991 2386 2058 goriil
2421 1992 2530 2046 lmo
2574 1992 2806 2046 maxima
2843 1995 3190 2050 contumelia.
3236 1995 3602 2052 Tantorumnc
3631 2000 3806 2052 viro-

2218 2097 2333 2134 rum
2375 2082 2608 2146 anitnus,
2657 2101 2759 2138 non
2791 2084 2892 2140 nisi
2924 2086 3134 2140 exactis
3175 2101 3240 2142 LV
3281 2088 3458 2152 annis,
3497 2106 3515 2139 ι
3551 2089 3809 2143 viriliter

2215 2174 2345 2242 erigi
2373 2175 2538 2244 cmpit
2563 2185 2618 2230 et
2645 2177 2710 2229 ad
2739 2191 2919 2230 veram
2951 2177 3284 2244 solidamque
3321 2180 3572 2232 Virtutem
3609 2195 3803 2234 cona-

2214 2269 2324 2314 tum
2389 2263 2703 2319 intendere?
2768 2282 2787 2315 ι
2851 2264 3208 2321 Cousidereut
3267 2266 3602 2324 Bollandistm
3651 2271 3800 2340 quid

2215 2354 2549 2424 scripserint.
3588 2347 3596 2356 ’

2665 2489 2758 2546 XV
2801 2489 3020 2560 Objerta
3059 2491 3326 2549 Balloniti.

2279 2618 2514 2674 Plurima
2547 2621 2731 2688 objicit
2779 2621 3176 2689 Papenrocbius
3212 2639 3226 2678 :
3280 2623 3336 2678 1ο
3371 2624 3468 2690 Qui
3509 2624 3623 2679 fieri
3657 2641 3798 2695 pos-

2211 2711 2280 2764 sit
2315 2718 2370 2762 ut
2405 2708 2721 2779 Gregorius,
2754 2713 2842 2779 qui
2879 2714 2964 2765 vix
2996 2715 3423 2784 quadragenario
3452 2716 3623 2784 major
3657 2729 3792 2772 erat

2209 2804 2502 2855 secundum
2561 2803 2890 2856 Tillemontii
2946 2804 3234 2871 calculum,
3278 2822 3398 2860 cum
3449 2809 3605 2876 paulo
3659 2823 3796 2878 post

2211 2894 2396 2948 fratris
2431 2895 2647 2948 Caesarii
2677 2907 2728 2950 et
2759 2897 3042 2967 Gorgonia:
3072 2901 3276 2953 sororis
3307 2911 3528 2954 mortem
3556 2917 3791 2956 carmen

2209 2983 2274 3037 de
2306 2985 2464 3036 rebus
2487 2985 2600 3038 suis
2629 2986 2864 3052 scripsit,
2899 2997 3156 3055 queratur
3186 2988 3262 3055 (d)
3300 3006 3319 3038 ι
3352 2988 3462 3055 jam
3495 2998 3657 3056 caput.
3690 3006 3793 3043 ca-

2207 3072 2290 3125 nis
2336 3072 2639 3137 albescere,
2695 3090 2999 3144 rugosaque
3043 3077 3280 3128 membra
3332 3078 3396 3130 ad
3444 3079 3613 3133 tristis
3654 3080 3789 3134 vita:

2209 3179 2456 3218 occ:tsum
2483 3180 2645 3233 prona
2671 3165 2837 3220 ferri?
2860 3187 2877 3217 ι
2915 3167 3264 3233 2°Quomndo
3297 3168 3475 3221 Nonna
3508 3171 3789 3240 quinqua-

2137 3239 2180 3301 C
2214 3255 2429 3323 genaria
2470 3255 2634 3307 lilium
2669 3258 2913 3325 peperit?
2945 3257 3073 3309 Eam
3113 3258 3255 3310 enim
3302 3255 3624 3327 Gt-chrins,
3663 3239 3783 3313 non

2206 3347 2377 3399 solum
2412 3346 2702 3416 ὁμόζυγον,
2744 3366 2763 3398 ι
2809 3347 3111 3415 conjugem,
3156 3365 3174 3398 ι
3226 3363 3407 3401 verum
3439 3357 3600 3400 etzam
3637 3349 3782 3418 ὀμό-

2203 3453 2412 3507 χρονον,
2452 3456 2470 3487 ι
2508 3449 2831 3492 ευιιξιιιιιειιιιι
2872 3456 2890 3488 ι
2932 3438 3090 3490 fuisse
3115 3439 3324 3502 asserit,
3367 3436 3487 3507 ἴσην
3523 3437 3684 3507 πολιῇ
3719 3456 3783 3493 τε

2203 3530 2298 3582 καὶ
2331 3529 2504 3600 ἤθεσι,
2529 3549 2547 3580 ι
2578 3531 2811 3584 morilms
2841 3538 2892 3582 et
2932 3530 3128 3583 canitie
3163 3529 3442 3597 aequalem.
3484 3548 3503 3580 ι
3531 3531 3588 3582 5ο
3621 3530 3781 3596 Quo-

2203 3623 2361 3674 modo
2397 3622 2446 3673 id
2498 3624 2718 3673 tacitum
2751 3620 3183 3689 prmiermisisset
3215 3621 3351 3673 [ilius
3387 3621 3438 3673 in
3483 3623 3740 3677 oratione
3765 3663 3780 3683 .

2202 3725 2306 3778 qua
2341 3721 2620 3778 parentum
2657 3710 2838 3763 laudes
2881 3711 3244 3778 prosequitur,
3280 3710 3443 3764 multa
3479 3710 3632 3777 longe
3670 3715 3780 3767 mi-

2201 3800 2413 3854 nutiora
2451 3802 2801 3866 expcudens?
2834 3800 2955 3854 Suis
2996 3803 3208 3869 quidem
3237 3820 3340 3855 non
3371 3815 3513 3855 caret
3542 3802 3782 3858 dillicul-

2203 3893 2405 3945 tatibus
2445 3892 2772 3945 Tillemontii
2828 3893 3052 3961 opinio,
3113 3894 3206 3946 sed
3258 3909 3376 3963 qua:
3414 3905 3588 3948 tamen
3634 3897 3776 3950 solvi

2199 3981 2423 4051 possint.
2451 3983 2593 4050 'Age
2642 3997 2789 4050 ergo,
2839 3982 2893 4035 1ο
2944 3985 3135 4036 tnirnm
3171 4000 3290 4036 esse
3343 4001 3445 4037 non
3482 3985 3637 4037 debet
3682 4000 3780 4040 sc-

2199 4075 2435 4127 nectutis
2518 4075 2856 4128 incommoda
2945 4077 3368 4130 circumvenisse
3448 4076 3775 4145 Gregorium

2198 4164 2509 4232 priusquam
2535 4165 2597 4218 ad
2623 4181 2738 4219 eam
2763 4177 2997 4233 aetatem,
3023 4183 3139 4235 quae.
3169 4180 3418 4222 senectus
3443 4169 3776 4238 appellatur,

2198 4256 2551 4324 pervenisset.
2599 4256 2653 4310 Id
2703 4258 2848 4310 enim
2898 4273 3004 4312 non
3057 4268 3163 4312 tam
3201 4260 3344 4312 illius
3391 4261 3566 4322 anuis,
3601 4277 3774 4327 quam

2198 4347 2625 4410 inﬁrmitatibus,
2665 4351 2966 4405 studiormu
3006 4365 3068 4404 ac
3105 4352 3435 4420 paenitentia:
3468 4353 3771 4418 laboribus,

2197 4438 2392 4506 quibus
2417 4438 2528 4505 jam
2558 4439 2788 4493 tractum
2817 4441 2983 4507 ipsius
3004 4451 3120 4494 erat
3145 4457 3359 4510 corpus,
3386 4453 3437 4496 et
3463 4446 3773 4498 senectutis

2200 4523 2536 4578 incommoda
2570 4538 3022 4594 supervenerant,
3071 4531 3435 4584 tribuendum.
3468 4531 3618 4598 Quod
3668 4548 3772 4586 au-

2201 4625 2304 4668 tem
2353 4617 2520 4678 aimtt,
2557 4617 2871 4688 Gregorium
2921 4619 3140 4675 silentio
3192 4637 3296 4675 non
3336 4621 3502 4677 fuisse
3545 4636 3770 4689 prteter-

2196 4706 2518 4773 missnrum,
2565 4709 2608 4763 si
2639 4725 2706 4763 ex
2744 4719 2917 4764 matre
2949 4720 3054 4764 tam
3103 4723 3367 4779 provecta:
3413 4715 3588 4767 {etatis
3620 4727 3770 4771 esset

2195 4809 2382 4861 natus;
2416 4809 2470 4853 ut
2501 4800 2552 4853 id
2575 4802 2953 4866 concedamus,
2985 4812 3132 4858 certe
3153 4804 3365 4857 silentio
3397 4821 3499 4858 non
3525 4817 3756 4874 praeter-

2193 4888 2362 4953 misit,
2397 4890 2441 4944 si
2487 4892 2662 4945 minus
2690 4893 2740 4945 iu
2767 4893 3037 4956 oratione,
3073 4909 3183 4962 qua
3215 4908 3467 4963 parentes
3499 4897 3763 4964 laudavit,

2191 4979 2379 5035 saltem
2413 4982 2464 5034 in
2495 4985 2736 5037 carmine
2770 4983 2844 5037 De
2889 4982 3006 5038 Vita
3038 5002 3158 5038 sua.
3207 4987 3279 5039 lbi
3327 4989 3468 5041 enim
3507 5004 3762 5054 narrans,

2195 5073 2461 5138 quomodo
2490 5088 2585 5126 sua
2627 5089 2747 5126 eum
2796 5085 2966 5128 mater
2999 5077 3179 5130 statim
3214 5077 3280 5130 ab
3309 5087 3461 5132 utero
3506 5080 3764 5134 obtulerit

2194 5161 2338 5223 Deo;
2374 5177 2436 5216 ac
2469 5163 2661 5217 deinde
2709 5164 2900 5218 iterum
2944 5165 3194 5231 otl‘erens,
3226 5183 3347 5221 cum
3373 5167 3487 5235 jam
3532 5170 3762 5225 rationis

2191 5261 2337 5306 esset
2394 5256 2691 5324 particeps,
2757 5259 3089 5312 consecratis
3152 5275 3430 5313 sacrorum
3493 5261 3756 5315 librorum

2194 5352 2337 5396 tactu
2389 5345 2556 5412 ipsius
2607 5347 2882 5410 manibus,
2919 5349 3114 5414 quibus
3147 5349 3326 5404 verbis
3355 5367 3474 5405 eum
3519 5349 3756 5404 allocuta

2190 5434 2370 5497 fuerit,
2418 5435 2495 5489 sic
2543 5439 2884 5506 prosequitur
2930 5440 3044 5509 (e):

2256 5525 2379 5578 lam
2412 5541 2593 5580 carum
2626 5527 2796 5596 [iiium
2826 5527 3019 5597 aliquis
3043 5529 3294 5582 divinitus
3326 5530 3505 5670 datuiln
3536 5527 3754 5607 bonum,

2347 5656 2351 5660 η
3503 5609 3754 5667 optimus,

3503 5609 3756 5667 optimus,

2259 5728 2336 5796 (ά)
2367 5727 2428 5781 v.
2462 5728 2563 5782 507
2597 5739 2649 5782 et
2675 5729 2777 5784 508

2256 5799 2323 5866 (et
2360 5799 2538 5852 Carm.
2570 5799 2641 5852 De
2669 5802 2816 5853 rebus
2846 5799 2976 5864 suis,
3019 5813 3074 5854 v.
3107 5799 3208 5854 ΗΞ
3238 5809 3290 5855 et
3323 5816 3440 5872 seq.
