3918 6592
100 467 178 523 I37

1370 465 1532 521 VITA
1572 464 1631 520 S.
1672 462 2017 521 GREGORII.

3242 470 3343 522 ιδδ

155 584 527 655 Properantem
568 593 637 636 ut
668 598 819 636 sacra
852 583 1065 637 victima
1097 583 1265 652 fieret,
1293 585 1362 638 ad
1395 600 1539 655 aram
1576 583 1670 655 αα-
1699 586 1748 643 Α
1785 581 1987 637 nullum
2014 581 2204 648 fuisse,
2238 595 2614 651 quamcunque
2636 581 2947 651 religionem
2973 580 3336 650 profiteretur,

247 653 252 655 “
1465 653 1664 726 [duxit,

151 726 282 781 Sorte
309 724 637 789 tardiparre
658 720 873 791 prolem.
916 763 931 777 .
973 759 990 775 .
1032 763 1048 778 .
1092 765 1106 779 .

152 796 290 849 Nunc
316 811 413 863 ego
452 803 508 847 te
548 790 733 847 uirum
762 790 870 845 Deo
903 810 1110 862 munus,
1142 805 1200 849 ut
1230 795 1486 865 promisi,

151 867 329 933 Οῇενο.

99 960 229 1011 Suam
274 970 525 1025 namque
594 966 825 1012 matrem
874 959 1160 1014 conferens
1214 957 1505 1028 Gregorius
1543 972 1664 1011 cum

100 1053 331 1117 lardipztra
361 1049 539 1113 Sara,
596 1065 721 1104 eam
759 1066 993 1120 quoque,
1027 1062 1084 1105 ut
1112 1053 1281 1121 ipsius
1308 1053 1485 1107 verbis
1519 1063 1660 1117 utar,

100 1144 326 1209 ὲξὶτοκον,
362 1142 725 1209 tardiparam
775 1142 938 1198 fuisse
988 1145 1120 1199 satis
1158 1144 1382 1198 indicat.

100 1234 200 1289 XVI.
237 1233 301 1286 In
344 1235 637 1289 sententia
691 1234 1012 1357 Tillerqontii
1064 1238 1371 1308 gravissima
1422 1246 1495 1290 est
1530 1236 1664 1308 difﬁ-

788 1322 848 1357 cu
877 1317 977 1357 tas.

788 1317 977 1361 cultas.

152 1394 323 1448 Verum
353 1411 463 1449 ana
508 1410 684 1467 longe
737 1399 955 1467 gravior
982 1408 1066 1453 est
1114 1399 1167 1453 in
1212 1399 1465 1468 opinione
1496 1399 1660 1455 Tille-

100 1488 249 1543 montii
295 1486 609 1542 difﬁcultas
637 1530 652 1553 ,
686 1504 809 1558 qua:
858 1494 1088 1545 maxime
1124 1492 1433 1559 scrupulum
1481 1500 1662 1547 movet

103 1581 454 1646 Papebrochio,
518 1596 635 1635 nec
686 1582 993 1645 immerito,
1054 1593 1214 1651 atque
1279 1585 1438 1637 etiam
1486 1586 1661 1640 'nohis

106 1674 216 1738 ipsis.
244 1672 334 1722 Vix
364 1672 521 1725 enim
555 1673 765 1726 adduci
797 1689 1101 1741 possumus,
1133 1684 1187 1728 ut
1211 1684 1363 1744 patre
1384 1676 1656 1745 episcopo,

106 1764 171 1830 qui
199 1761 681 1830 quinquagenario
711 1763 882 1833 major
910 1774 1029 1818 erat
1057 1780 1177 1818 cum
1204 1766 1505 1834 episcopale
1538 1783 1657 1819 mu-

106 1870 177 1906 nas
218 1855 476 1923 suscepit,
551 1864 751 1909 natum
806 1871 926 1911 esse
980 1859 1263 1912 credamus
1315 1857 1653 1928 Gregorium.

1772 675 1859 741 qui
1886 673 2004 743 ejus
2024 672 2390 736 sermonibus,
2422 674 2486 727 ad
2513 688 2648 742 quos
2676 688 2940 728 concursu
2969 687 3160 742 magno
3188 686 3341 724 acoe-

1771 766 1994 831 dehant,
2026 781 2128 819 non
2151 765 2536 819 delectaretur.
2569 765 2705 832 Quid
2737 766 2779 819 si
2809 763 3173 818 addiderimus
3204 761 3342 817 Gre-

1770 857 2010 925 gorium,
2052 864 2334 924 postquam
2392 852 2574 907 relicta
2615 849 3083 919 Constantinopoli
3131 850 3182 901 in
3230 848 3337 902 otia

1768 955 1882 1000 tuta
1910 945 2157 1009 recessit,
2189 944 2412 1012 longum
2438 942 2515 996 De
2544 941 2661 996 Vita
2682 959 2779 995 sua
2809 955 3046 1002 carmen,
3074 938 3339 1009 hujusquo

1765 1038 2019 1091 carminis
2051 1036 2211 1090 veluti
2239 1037 2525 1105 quamdam
2560 1035 2905 1103 appendicem
2941 1032 3040 1103 (sic
3065 1034 3204 1086 enim
3240 1045 3339 1085 no-

1766 1130 1848 1184 bis
1870 1128 2140 1198 appellare
2159 1127 2285 1181 licet
2318 1128 2587 1180 conditqu
2611 1126 2662 1178 in
2692 1125 2973 1194 episcopos
2991 1138 3173 1177 eorum
3201 1131 3337 1176 tem-

1764 1218 2000 1290 porum),
2016 1233 2232 1273 carmen
2264 1219 2374 1271 acri
2399 1232 2465 1271 ac
2490 1216 2793 1271 vehementi
2814 1215 2972 1286 stylo,
2991 1215 3096 1267 imo
3114 1214 3340 1267 immen-

1764 1325 1878 1366 sam
1905 1310 2133 1364 aliorum
2163 1310 2501 1371 carminum,
2542 1324 2661 1377 qua:
2707 1326 2726 1358 ς
2772 1307 3021 1361 Carmina
3047 1321 3258 1376 cygnzea
3308 1322 3329 1357 ι

1762 1412 1978 1465 vocant,
2009 1403 2216 1468 copiam
2250 1401 2595 1455 condidisse?
2626 1401 2845 1463 Deinde,
2873 1408 2929 1453 ιιι
2958 1409 3149 1452 cratera
3177 1397 3336 1452 omit-

1764 1504 1896 1557 tam,
1930 1494 2244 1562 Gregorius,
2279 1493 2369 1561 qui
2411 1508 2552 1547 anno
2596 1491 2700 1544 562
2737 1490 2801 1542 ad
2830 1489 3220 1543 sacerdotalem
3249 1488 3334 1541 di-

1763 1586 2023 1655 gnitatem
2060 1594 2277 1639 evectus
2307 1593 2390 1637 est
2421 1598 2524 1635 una
2560 1598 2682 1636 cum
2729 1581 2946 1643 Basilio,
2979 1595 3150 1633 annos
3183 1594 3336 1639 sexa-

1761 1679 1907 1747 ginta
1940 1687 2048 1732 tres
2086 1677 2363 1731 habuisset
2407 1691 2472 1729 ex
2502 1675 2685 1729 Suida'
2713 1673 2938 1735 calculo,
2968 1672 3216 1727 videlicet
3247 1689 3339 1725 na-

1764 1780 1850 1824 tus
1889 1784 2033 1823 anno
2067 1768 2192 1823 299.
2236 1768 2490 1835 Queritur
2538 1777 2718 1821 tamen
2750 1766 3011 1819 maturius
3041 1779 3099 1819 se
3135 1764 3332 1819 factum

1767 1862 2124 1925 sacerdotem,
2163 1862 2214 1913 in
2272 1860 2517 1915 oratione
2570 1858 2827 1913 secunda.
2883 1875 2903 1909 ι
2960 1855 3037 1911 Ne
3087 1867 3331 1911 extrema

119 1944 228 1998 Nihil
256 1944 354 1999 tale
382 1945 536 2015 apud
578 1960 776 2001 omnes
808 1945 964 2014 hujus
1001 1948 1180 2001 smculi
1218 1946 1540 2017 scriptores,
1572 1947 1662 2016 qui
1695 1946 1738 2002 B
1768 1953 1983 2020 quidem
2029 1961 2302 2016 senectus,
2361 1951 2536 2019 inquit
2581 1951 2681 2019 (ὁ),
2729 1950 2852 2003 huic
2892 1948 2968 2002 rei
3012 1950 3329 2017 praestituta,

108 2039 155 2090 de
189 2036 435 2107 Gregorio
484 2040 666 2093 verba
724 2039 940 2108 fecere,
998 2041 1283 2110 reperitur.
1334 2041 1477 2095 Nihil
1519 2042 1659 2113 apud

113 2128 475 2199 Hieronymum,
515 2132 620 2202 qui
654 2132 814 2201 hujus
845 2133 1086 2188 doctoris
1117 2136 1503 2189 consuetudine
1535 2149 1661 2189 usus

110 2230 184 2285 est,
218 2236 313 2289 quo
355 2223 531 2276 etiam
579 2226 846 2291 magistro
899 2239 958 2279 se
1005 2224 1313 2295 Scripturas
1352 2241 1535 2282 sacras
1572 2227 1658 2281 di-

117 2314 266 2366 dicisse
302 2312 601 2381 gloriatur.
665 2316 722 2369 Si
788 2325 941 2383 patre
999 2318 1250 2386 episc0po
1299 2329 1459 2373 natus
1516 2330 1660 2373 esset

114 2404 376 2472 Gregorius,
434 2406 726 2474 quomodo
773 2406 1151 2478 Hieronymus,
1186 2409 1277 2477 qui
1327 2410 1377 2463 id
1418 2410 1657 2479 profecto

118 2509 193 2548 non
212 2495 527 2563 ignorasset,
574 2497 669 2550 his
695 2498 876 2553 verbis
917 2499 1266 2554 Pammachio
1298 2501 1604 2569 scripsisset
1638 2518 1653 2560 :

121 2607 134 2635 ι
162 2586 392 2657 Episcopi,
419 2589 758 2661 presbyteri,
788 2590 1018 2657 diaconi,
1055 2600 1147 2645 aut
1191 2592 1427 2661 virgines
1450 2592 1658 2662 eligun-

121 2688 288 2741 tur,aut
312 2682 475 2747 vidui,
498 2691 600 2735 aut
626 2691 776 2735 certe
797 2692 913 2751 post
938 2684 1295 2738 sacerdotium
1324 2685 1375 2737 in
1394 2693 1652 2738 aeternum

122 2772 633 2839 pudicihQuomodo
659 2774 799 2826 idem
833 2784 1053 2830 sanctus
1091 2775 1282 2829 ductor
1310 2774 1651 2849 Joviniapum

124 2860 177 2912 εἷς
199 2860 367 2931 alloqui
393 2878 566 2917 ausus
602 2863 793 2919 fuisset
824 2862 898 2935 (α)
941 2882 954 2918 :
990 2882 1007 2916 ι
1044 2864 1203 2918 Certe
1245 2865 1518 2920 confiteris
1548 2882 1651 2919 non

127 2967 239 3017 posse
268 2971 377 3009 esse
416 2959 769 3024 episcopum,
808 2958 898 3026 qui
948 2957 1001 3012 itt
1045 2959 1357 3032 episcopatu
1402 2960 1539 3014 ﬁlios
1573 2960 1653 3013 fa-

126 3044 492 3119 ciat;aliaquin,
526 3049 575 3103 si
610 3050 979 3118 deprehensus
1027 3049 1211 3113 fuerit,
1252 3066 1353 3104 non
1390 3052 1539 3121 quasi
1569 3052 1652 3105 vir

132 3136 355 3201 tenebitur,
379 3140 471 3191 sed
496 3138 665 3209 quasi
697 3138 905 3192 adulter
932 3140 1307 3194 damnabitur?
1343 3161 1361 3192 )
1394 3141 1497 3196 Nec
1526 3158 1652 3196 vero

132 3222 446 3294 Hieronymum
490 3228 561 3282 de
610 3230 1005 3284 consuetudine
1045 3240 1249 3284 tantum
1288 3232 1648 3287 Occidentalis

134 3315 326 3373 Erclesia:
361 3322 499 3391 loqui
538 3324 873 3392 respondere
914 3324 1061 3388 licet,
1114 3326 1160 3378 si
1200 3325 1415 3393 quidem
1457 3336 1645 3380 contra

133 3406 409 3475 Vigilantium
466 3415 763 3483 disputans
820 3428 835 3466 :
897 3433 916 3465 ι
973 3414 1111 3482 Quid
1165 3416 1402 3480 faciunt,
1452 3416 1644 3484 inquit,

136 3496 313 3556 Orientis
334 3504 609 3568 Ερειεδίιε,
640 3505 769 3573 quid
794 3503 1035 3575 Egypti,
1060 3514 1115 3559 et
1143 3507 1288 3559 sedis
1316 3507 1642 3574 apostolicar,

135 3602 216 3655 qlia:
245 3603 321 3645 aut
360 3596 605 3666 virgines
642 3597 871 3650 clericos
906 3598 1196 3665 accipiunt,
1235 3606 1327 3650 aut
1358 3598 1644 3651 continen-

138 3688 215 3742 tes;
256 3694 331 3737 aut
369 3687 412 3740 si
461 3704 667 3742 uxores
722 3688 1042 3753 habuerunt,
1080 3689 1257 3742 tnariti
1303 3704 1423 3743 esse
1469 3689 1644 3743 desie-

140 3774 289 3825 runt?»
321 3776 636 3835 Innumeros
667 3779 1017 3833 conciliorum
1065 3796 1321 3845 canones,
1374 3792 1647 3835 veterum-

142 3875 215 3927 que
251 3864 448 3923 Patrum
507 3873 826 3926 testimonia
883 3872 963 3925 fas
1013 3873 1099 3927 hic
1154 3884 1299 3926 esset
1335 3861 1641 3943 subjicere,

142 3956 279 4020 quibus
305 3963 610 4017 sacerdotes
648 3976 842 4032 quarto
871 3965 1070 4017 sarculo
1104 3944 1454 4019 ab'uxoribus
1477 3966 1641 4019 alisti-

143 4048 272 4103 nuisse
290 4056 626 4110 manifestum
658 4066 761 4121 est,
797 4058 995 4125 quique
1044 4074 1145 4109 non
1190 4058 1374 4111 sinunt
1419 4059 1641 4112 credere

146 4133 398 4206 Gregorium
448 4159 609 4216 patre
652 4149 906 4217 episeopo
935 4158 1116 4201 natum
1143 4164 1279 4201 esse.
1310 4148 1350 4201 Ε
1384 4150 1557 4201 medio
1597 4149 1641 4203 si

145 4230 297 4288 abesset
316 4239 375 4301 is,
410 4243 498 4310 qui
530 4252 617 4296 est
653 4244 703 4295 in
735 4243 1065 4297 Tillemonlii
1111 4244 1386 4310 opinione,
1416 4259 1640 4311 serupu-

144 4320 212 4383 lus,
251 4327 365 4384 hanc
412 4350 508 4402 per
542 4336 825 4390 obstantes
883 4335 1223 4389 dillieultates
1265 4349 1639 4403 sequerentur,

146 4430 225 4480 (ιιιπ
257 4425 443 4490 quidem
488 4428 725 4483 Ieviores
773 4441 899 4482 sunt
942 4445 1102 4499 quant
1151 4442 1270 4497 qua:
1315 4429 1365 4481 in
1410 4427 1640 4481 aliorum

144 4511 411 4575 Opinionibus
442 4529 759 4575 occurrunt.

266 4604 405 4664 XVll.
449 4613 751 4666 Contraria:
794 4614 1056 4680 Opinionis
1106 4613 1457 4666 incommoda.
1673 4647 1717 4703 Ι)

193 4690 346 4750 Suidas
369 4705 550 4759 scribit
599 4705 917 4774 Gregorium
964 4704 1331 4772 nonagenario
1377 4703 1637 4771 majorem

146 4779 303 4847 vbiissc.
335 4792 561 4863 adeoque
616 4807 802 4850 natum
845 4812 985 4850 anno
1026 4796 1166 4860 299;
1202 4812 1267 4850 ex
1299 4811 1405 4865 quo
1449 4810 1641 4863 seque-

152 4883 253 4927 retur
273 4878 561 4953 Gregorium
590 4889 994 4957 octogenarium
1022 4886 1206 4950 fuisse,
1232 4903 1352 4940 eum
1381 4889 1638 4941 (.‘oustan-

150 4960 353 5031 liuopolim
377 4978 435 5028 ad
475 4979 863 5032 defendendam
897 4980 1214 5033 catholicam
1255 4977 1409 5031 fidem
1456 4976 1636 5044 profe-

150 5060 324 5111 Clusest.
346 5062 437 5119 Sed
465 5073 583 5138 quis
607 5072 791 5125 credat
812 5072 983 5124 virum
1008 5072 1410 5140 octogenarinm
1445 5071 1549 5124 illic
1572 5085 1634 5124 ea

151 5150 405 5233 Ws'i'isse.
433 5178 545 5230 qum
571 5164 820 5231 pratstitit
847 5180 861 5229 ;
887 5180 1153 5233 paresque
1183 5162 1636 5219 tantislaborihus

154 5232 371 5300 subeundis
391 5250 480 5306 hac
510 5265 671 5309 mtate
695 5256 835 5309 vires
866 5256 1141 5321 habuisse,
1174 5265 1317 5308 tanta
1345 5256 1393 5308 vi
1419 5254 1632 5308 dicendi

154 5324 319 5387 mussse
346 5350 392 5391 et
420 5344 671 5411 ellicacia,
705 5356 763 5400 ut
792 5348 1068 5400 auditores
1094 5362 1304 5410 omnes,
1334 5362 1438 5400 non
1475 5344 1633 5399 modo

155 5420 358 5520 Celmi-ica:
386 5435 493 5491 fidei
521 5441 770 5495 addictos
795 5481 809 5505 ,
848 5443 943 5495 sed
977 5441 1117 5509 ipsos
1145 5440 1306 5494 etiam
1351 5440 1632 5494 luereticos

156 5509 222 5569 sibi
258 5516 533 5586 derinciret?
572 5534 653 5588 Ex
700 5534 818 5605 ipso
858 5534 1001 5595 enim
1044 5534 1308 5603 Gregorio
1350 5532 1628 5597 discimus,

1764 2045 1981 2115 longum
2020 2054 2231 2112 tempus
2257 2048 2467 2098 censeri
2504 2043 2683 2097 debet.
2715 2061 2734 2093 ι
2775 2040 2978 2107 Quibus
3013 2041 3192 2095 verbis
3220 2057 3333 2094 ma-

1761 2136 1953 2191 nifeste
1984 2135 2119 2189 satis
2147 2135 2355 2189 indicat
2385 2149 2443 2189 se
2471 2134 2739 2203 iuniorem
2775 2134 2943 2186 fuisse
2972 2147 3134 2200 quam
3169 2147 3334 2201 opor-

1763 2230 1985 2294 tuisset;
2051 2239 2345 2298 posteaque
2396 2229 2545 2293 hrcc,
2601 2227 2667 2281 ad
2719 2227 3143 2281 confirmandum
3187 2226 3331 2295 quod

1760 2321 1993 2385 dixerat,
2032 2319 2188 2374 aﬁ'ert
2221 2322 2383 2374 verba
2416 2319 2722 2373 Salomonis
2756 2338 2769 2373 :
2814 2338 2832 2370 ε
2871 2318 2959 2372 Va:
2995 2319 3087 2373 tibi
3117 2318 3331 2385 civitas,

1759 2413 1912 2483 cujus
1937 2429 2029 2467 rex
2062 2413 2247 2483 junior
2272 2422 2357 2466 est
2382 2412 2457 2466 ⁸⁸.
2495 2431 2513 2463 ›
2546 2410 2641 2465 Vir
2663 2421 2808 2465 certe
2837 2410 3188 2480 sexagenario
3218 2426 3336 2462 ma-

1751 2503 1838 2571 jor
1860 2505 2011 2572 queri
2040 2518 2145 2556 non
2176 2511 2372 2572 potest,
2401 2516 2499 2557 nec
2520 2501 2699 2558 debet.
2725 2515 2783 2556 se
2807 2500 2970 2555 citius
2997 2499 3332 2555 sacerdotale

1756 2610 1952 2649 munus
1993 2596 2318 2665 suscepisse.

1828 2684 1980 2751 Quod
2036 2695 2239 2753 spectat
2295 2683 2683 2746 Bollandistas,
2741 2682 2793 2737 in
2839 2697 2933 2737 sua
2978 2680 3333 2750 Chronologia

1764 2775 1899 2830 Vita:
1942 2773 2000 2830 S.
2043 2774 2282 2844 Gregorii
2315 2792 2538 2844 expensa
2586 2784 2636 2828 et
2688 2775 2958 2840 innovata,
2991 2774 3167 2829 Suida:
3211 2772 3330 2838 Opi-

1755 2869 1967 2923 nionem
2016 2868 2452 2937 amplectuntur;
2488 2883 2648 2936 quam
2688 2879 2745 2920 ut
2779 2877 3049 2928 tueantur,
3080 2865 3330 2919 omnibus

1753 2959 1934 3013 nervis
1964 2960 2298 3013 contendunt
2328 2960 2381 3012 in
2418 2959 2691 3013 vertendis
2724 2959 3163 3027 cxplicandisque
3207 2956 3331 3024 qui-

1752 3051 1977 3105 busdam
2017 3050 2258 3120 Gregorii
2326 3050 2678 3114 testimoniis,
2709 3064 2827 3117 qure
2859 3049 2990 3117 ipsis
3037 3049 3330 3102 incommo-

1752 3145 1910 3207 dant;
1949 3159 2047 3198 nec
2082 3152 2258 3197 tamen
2306 3143 2552 3205 feliciter,
2585 3142 2628 3196 si
2674 3142 2893 3208 quidem
2929 3140 3045 3194 vela
3081 3142 3207 3194 dare
3244 3152 3323 3192 re-

1754 3242 2013 3297 trorsum,
2055 3250 2329 3304 novasque
2360 3234 2587 3288 subinde
2618 3233 3098 3302 interpretationes
3132 3230 3328 3284 afferre

1754 3337 2036 3395 coguntur,
2082 3342 2201 3396 qua:
2257 3326 2338 3378 vel
2398 3326 2528 3394 ipsis
2582 3341 2687 3379 non
2747 3325 3038 3379 admodum
3092 3322 3323 3391 placent.

1753 3417 2091 3486 Quapropter
2148 3417 2249 3471 sihi
2308 3432 2412 3472 non
2466 3423 2737 3477 constant,
2794 3413 2897 3466 nisi
2946 3414 2999 3465 in
3049 3427 3133 3474 eo,
3183 3412 3325 3478 quod

1754 3508 2076 3575 Gregorium
2131 3519 2285 3576 patre
2334 3507 2589 3575 episcopo
2643 3515 2826 3557 natum
2877 3511 3195 3557 constanter
3235 3517 3329 3554 nc-

1753 3613 1897 3674 gent.
1945 3603 2184 3659 Candide
2245 3601 2439 3655 fatetur
2480 3599 2876 3668 Papebrochius
2919 3596 3111 3668 (cujus
3158 3594 3324 3647 animi

1754 3696 2004 3751 candoris
2054 3696 2158 3748 alia
2219 3694 2375 3749 laude
2424 3694 2582 3763 digna
2641 3692 2899 3745 habt-mus
2946 3687 3251 3743 testimonia
3278 3684 3323 3757 ),

1752 3804 1872 3842 cum
1949 3786 2338 3842 eruditioribus
2414 3784 2735 3855 quibusdam
2801 3781 2990 3834 amicis
3058 3777 3314 3832 nonnulla

1751 3891 1958 3941 eorum,
1994 3892 2114 3945 qua:
2157 3877 2434 3943 praposnit
2466 3873 2779 3929 innovanda:
2813 3868 3171 3935 ειη-οιιοιοείλρ
3199 3868 3317 3919 fun-

1751 3968 2023 4031 damenta,
2055 3968 2540 4032 communicasset;
2586 3982 2646 4020 se
2676 3980 2779 4019 non
2814 3975 3001 4017 omnes
3039 3976 3191 4029 teque
3234 3974 3323 4013 as-

1750 4059 2039 4114 sentientes
2072 4060 2345 4114 habuisse.
2394 4078 2411 4110 t
2470 4058 2653 4121 Erant,
2688 4056 2861 4125 inquit
2891 4055 2983 4125 (c),
3013 4053 3208 4122 quibus
3240 4052 3319 4104 vi-

1750 4152 1974 4204 debatur
2003 4152 2375 4220 superstitiosa
2406 4151 2708 4205 sollicitudo
2739 4149 2993 4211 cavendi,
3025 4161 3090 4198 ne
3121 4161 3187 4199 ex
3223 4160 3316 4214 pa-

1752 4254 1833 4299 tre
1877 4245 1988 4313 jam
2048 4245 2299 4314 episeopo
2346 4254 2504 4298 natus
2549 4245 2861 4298 crederetur
2906 4238 3315 4301 Nazianzenus;

1753 4337 2170 4403 metuebantque
2220 4351 2286 4389 ne
2341 4350 2407 4389 ex
2464 4344 2662 4388 nostra:
2710 4347 2771 4385 ac
2824 4329 2979 4399 paulo
3024 4327 3319 4396 superioris

1748 4429 1927 4481 anatis
1967 4428 2283 4497 prtejudicio
2317 4427 2629 4496 procederet
2665 4425 2770 4486 illa,
2817 4421 3086 4477 ltwrcticis
3122 4428 3319 4485 nuptu-

1752 4519 2015 4572 rienlibus
2058 4520 2223 4570 risum
2277 4528 2508 4579 motura,
2567 4535 2583 4566 ι
2621 4525 2725 4567 etc.
2765 4512 2985 4565 Demtttn
3036 4519 3315 4577 postquam

1750 4609 1838 4663 ditt
1864 4610 2073 4678 disputa
2091 4609 2186 4671 vit,
2215 4610 2371 4662 modo
2401 4610 2522 4669 huc,
2558 4607 2713 4658 modo
2745 4604 2865 4657 illuc
2894 4602 3179 4659 inclinans,
3216 4597 3315 4667 ipsi

1748 4703 2035 4755 alternanti
2092 4701 2209 4755 fere
2264 4702 2440 4770 potior
2504 4698 2718 4750 videtur
2771 4695 2987 4748 Baronii
3045 4692 3311 4746 sententia

1744 4810 1763 4843 ι
1802 4793 2045 4858 Interim,
2084 4792 2256 4860 inquit
2289 4792 2388 4861 (ά),
2426 4790 2516 4859 qui
2555 4787 2688 4841 nihil
2723 4795 2987 4839 mutatum
3028 4782 3188 4845 volet,
3222 4794 3310 4844 eo,

1739 4886 1880 4955 quod
1926 4885 2167 4955 Ἐτήσιαι
2212 4884 2309 4951 ipsi
2361 4897 2463 4934 non
2502 4881 2786 4932 videantur
2816 4891 2912 4945 pro
2958 4893 2976 4925 ι
3020 4874 3143 4925 anni
3189 4886 3315 4924 cur-

1738 4974 1909 5029 riculo
1966 4992 1984 5025 ι
2038 4989 2194 5043 posse
2250 4988 2343 5041 per
2394 4971 2764 5039 metaphoram
2819 4967 3014 5036 accipi,
3054 4971 3314 5033 sequatur

1741 5086 1762 5122 ι
1809 5067 2021 5124 Baronii
2058 5067 2398 5121 sententiam.
2447 5085 2467 5117 ›

2158 5154 2338 5210 XVIII.
2372 5153 2592 5208 Baronii
2621 5149 2891 5205 sententia.

1806 5250 1880 5305 Ea
1923 5261 2100 5303 autem
2149 5258 2230 5303 est
2275 5248 2563 5301 Annalium
2610 5244 2850 5313 parentis
2888 5235 3186 5299 sententia;
3216 5244 3314 5300 per

1736 5342 2072 5415 hyperboien
2107 5340 2346 5396 loculum
2384 5340 2552 5393 fuisse
2577 5336 2896 5404 Gregorium
2931 5341 3156 5402 patrem,
3184 5341 3305 5379 eum

1731 5437 1815 5491 his
1853 5436 2054 5499 verbis,
2111 5452 2129 5486 ι
2185 5436 2418 5488 nondum
2466 5442 2542 5486 tot
2587 5445 2773 5495 annos,
2826 5437 2958 5490 etc.,
3010 5443 3029 5476 ι
3081 5420 3310 5475 suadere

1730 5531 1841 5586 ﬁlio
1877 5541 2187 5596 conaretur,
2238 5538 2296 5583 ut
2356 5525 2691 5596 pastoritiam
2741 5536 2925 5577 curam
2971 5517 3310 5586 susciperet;

1809 5886 1880 5955 (ι)
1913 5886 2046 5955 App.
2086 5884 2149 5955 ad
2183 5891 2221 5955 t.
2262 5879 2351 5955 VII
2389 5878 2532 5955 Maii,
2564 5894 2617 5948 ι).
2644 5874 2768 5929 8M.

1802 5951 1880 6027 (id)
1911 5951 2066 6018 lbid.,
2095 5953 2218 6019 845,
2250 5951 2352 6006 col.
2385 5951 2432 6003 I.
