3918 6528
587 406 691 459 139

1862 416 2015 473 νΙΤΑ
2053 416 2112 472 s.
2154 414 2509 487 cascoun.
2554 438 2563 459 π

3764 415 3897 471 ilio

586 527 857 593 quomodo
900 543 1040 597 saepe
1087 547 1193 584 non
1238 529 1465 585 multum
1504 534 1820 603 grandiores
1866 546 1991 589 natu
2044 542 2153 587 tan—
2182 537 2227 594 Δ
2344 536 2590 592 Nondum
2626 549 2824 593 tantam
2844 555 3078 594 emensus
3113 555 3165 593 es
3196 538 3374 602 vitam,

590 617 702 672 tillo
745 633 803 673 se
830 618 1136 685 junioribus
1164 623 1369 682 dicunt.
1415 638 1475 677 se
1516 624 1565 676 id
1608 624 1675 677 de
1706 640 1810 693 quo
1839 626 2017 696 agitur
2044 626 2147 680 sei-

586 707 728 762 visse
754 711 1065 777 priusquam
1096 722 1446 766 nascerentur
1467 713 1579 766 alii.
1613 713 1724 769 llac
1756 718 1967 770 ratione
1997 733 2151 771 sern-

586 801 767 867 pnlum
801 802 863 853 iis
900 817 963 856 ex
1007 802 1188 857 animo
1221 804 1425 866 evellit,
1462 804 1553 872 qui
1599 815 1656 858 ut
1689 807 1917 860 credant
1948 806 2151 877 Grego-

586 893 721 944 rium
766 902 920 960 patre
966 894 1219 963 episeOpo
1260 906 1444 948 natum
1490 910 1609 949 esse
1639 896 1831 952 adduci
1889 913 1991 951 non
2026 915 2148 967 pos-

584 993 726 1037 sunt.
773 984 969 1038 Censet
1015 986 1091 1055 (α)
1128 1001 1359 1055 namque
1388 1002 1510 1039 eum
1544 988 1705 1039 etiam
1758 1005 1776 1038 ι
1828 998 1981 1058 patre
2015 1006 2150 1044 non-

584 1073 705 1125 dum
736 1072 1042 1127 Christiano
1076 1086 1281 1128 natum.
1321 1094 1340 1128 ι
1385 1077 1579 1151 Verum
1629 1076 1892 1133 Baronius
1925 1094 2149 1148 scrupu-

584 1161 691 1216 lum
722 1166 879 1219 simul
923 1182 1018 1220 sua
1053 1168 1496 1237 interpretatione
1529 1171 1693 1239 donat
1734 1180 1788 1223 et
1816 1171 2012 1227 aufert.
2046 1173 2151 1228 Illis

582 1256 795 1323 quidem
835 1259 1042 1321 aufert,
1094 1261 1183 1328 qui
1221 1272 1441 1313 censent
1479 1260 1797 1331 Gregorium
1839 1275 1991 1333 patre
2039 1264 2150 1333 epi-

581 1361 742 1413 scapo
766 1358 947 1401 nalmn
981 1366 1083 1401 non
1104 1364 1250 1412 esse;
1287 1350 1452 1403 donat
1479 1360 1654 1404 autem
1680 1350 1820 1415 aliis,
1846 1362 2007 1420 atque
2041 1353 2151 1407 ἰω-

582 1437 770 1504 primis
793 1436 1153 1504 Tillemontio,
1176 1441 1265 1507 qui
1293 1440 1610 1510 Gregorium
1636 1443 1839 1510 absque
1868 1443 2151 1497 mendacio

584 1528 662 1582 sic
693 1528 833 1597 loqui
878 1544 982 1584 non
1033 1532 1301 1599 potuisse,
1338 1541 1391 1585 et
1441 1532 1532 1586 tali
1576 1533 1871 1604 hyperbole
1911 1534 2150 1604 graviter

581 1619 781 1673 oﬂ‘endi
812 1621 1090 1676 veritatem
1124 1622 1374 1678 alﬁrmal.

581 1730 725 1810 ΧΙὶς.Δ
790 1732 1041 1810 Quwlibet
1087 1736 1263 1800 opinio
1313 1737 1421 1790 suis
1477 1737 1698 1810 laborati
1734 1740 2147 1810 difﬁcultatibus.

650 1802 956 1881 xiiii-roribus
1002 1816 1379 1881 urgeturouw
1419 1810 1605 1881 statuit
1658 1802 1969 1877 Gregorium
2002 1824 2150 1881 patre

647 1872 954 1936 christiano,
990 1872 1078 1926 sed
1113 1877 1340 1927 nondum
1382 1879 1616 1945 episc0po
1659 1872 1860 1933 natant.

646 1984 801 2039 Nulla
842 2002 908 2041 ex
963 1987 1047 2041 his
1075 1988 1321 2043 omnibus
1358 2000 1440 2044 est
1473 1992 1813 2059 opinionibus
1835 2032 1851 2055 ,
1893 2007 2010 2061 qua:
2041 2009 2144 2048 non

580 2076 761 2129 tnnltis
785 2077 1147 2144 gravibusque
1170 2078 1569 2133 dilﬁcultatibus
1593 2080 1816 2136 laboret.
1842 2082 1931 2135 llla
1960 2098 2144 2151 porro,

578 2163 731 2216 nobis
779 2163 959 2216 omnia
1011 2165 1397 2221 meditantibus
1432 2168 1806 2231 incommoda,
1846 2172 2145 2227 minoribus

575 2254 754 2321 urgeri
815 2258 928 2312 visa
986 2271 1088 2323 est,
1143 2278 1263 2331 qua:
1322 2264 1642 2335 Gregorium
1707 2278 1859 2335 patre
1908 2271 2143 2324 nomlum

573 2345 845 2418 episcopo,
888 2352 983 2406 sed
1011 2353 1120 2420 jam
1165 2355 1478 2412 Christiano
1527 2370 1711 2412 natum
1741 2376 1885 2415 anno
1910 2362 2015 2417 525
2053 2373 2145 2420 aut

572 2439 792 2495 ineunte
823 2442 927 2498 526
966 2448 1153 2500 statuit
1181 2464 1246 2501 ex
1272 2450 1439 2516 ipsius
1464 2450 1708 2520 Gregorii
1746 2455 1944 2508 verbis.
1979 2472 1997 2505 ι
2033 2456 2144 2510 An-

572 2544 674 2584 nus
700 2531 853 2594 tnibi,
900 2552 918 2584 ι
954 2533 1127 2602 inquit
1158 2535 1233 2606 (ὁ)
1265 2555 1283 2586 ι
1310 2536 1417 2604 jam
1447 2553 1583 2608 pene
1620 2542 1923 2598 tricesimus
1946 2555 2083 2611 erat,
2117 2564 2138 2598 ι

571 2635 690 2674 cum
731 2623 977 2690 Athenis,
1009 2642 1152 2681 anno
1190 2630 1294 2684 555
1326 2632 1406 2684 vel
1444 2632 1569 2697 536,
1617 2634 1895 2689 discedere
1935 2637 2144 2707 cogita-

572 2711 685 2766 bat.
747 2712 901 2769 Nasci
952 2732 1080 2788 ergo
1141 2721 1323 2774 debuit
1388 2739 1531 2779 anno
1581 2725 1686 2779 525
1744 2735 1994 2791 exeunte,
2048 2738 2143 2782 aut

573 2803 791 2860 ineunte
835 2808 960 2872 5‘26,
990 2821 1050 2863 ut
1098 2813 1407 2881 trigesimus
1446 2816 1520 2869 illi
1553 2833 1725 2871 annus
1764 2828 1908 2873 esset
1949 2820 1995 2873 is
2032 2835 2140 2889 quo

570 2893 811 2953 Athenas
830 2900 1066 2969 reliquit.
1090 2900 1218 2970 Ejus
1242 2914 1394 2972 pater
1418 2910 1651 2964 nondum
1678 2918 1792 2965 erat
1818 2910 2137 2979 episcopus;

572 2987 665 3040 sed
694 3004 816 3043 eum
859 2988 1225 3048 Christianum
1271 3007 1399 3051 tunc
1443 2998 1629 3063 fuisse,
1666 3002 1914 3070 quamvis
1946 3012 2138 3059 contra

571 3082 768 3133 sentiat
794 3082 1080 3151 Baronins,
1114 3088 1417 3158 colligimus
1452 3106 1515 3144 ex
1551 3092 1792 3146 carmine
1822 3093 2010 3160 quinto
2047 3095 2135 3149 ubi

569 3169 647 3222 ait
678 3168 969 3241 Gregorius
1014 3191 1072 3231 se
1104 3188 1286 3231 natum
1319 3180 1502 3233 statim
1537 3196 1566 3235 a
1598 3181 1786 3236 Nonua
1833 3182 1944 3239 Deo
1989 3186 2136 3240 obla-

2334 609 2602 673 Quantum
2630 610 2887 678 praeteriit
2920 609 3045 663 mihi
3068 609 3441 674 sacriﬁciorum
3468 617 3697 673 tempus.

2258 700 2371 755 Non
2427 703 2499 755 ait
2541 701 2832 771 Gregorius
2875 702 3017 755 facta
3064 715 3093 754 a
3140 716 3220 766 se,
3269 700 3384 755 sive
3430 710 3486 754 ut
3525 699 3888 756 sacerdote,

2260 795 2375 847 sive
2400 801 2459 846 nt
2494 795 2769 863 episc0po,
2816 792 3116 859 sacriﬁcia;
3160 794 3254 847 sed
3301 790 3663 846 filium'suum
3735 800 3893 842 lan-

2260 896 2365 940 tam
2417 888 2652 939 nondmn
2686 887 2849 939 vitam
2880 900 2999 939 esse
3053 900 3358 954 emensum,
3410 893 3677 953 quantum
3749 883 3886 935 sibi

2257 978 2355 1047 ipsi
2407 976 2798 1032 sacriﬁciorum
2856 986 3063 1045 tempus
3119 994 3138 1027 ι
3190 977 3552 1046 ρι’ωιθιιὶίδερι.
3622 996 3642 1028 ι
3698 973 3883 1040 Quid

2257 1086 2419 1140 porro
2448 1078 2593 1123 vetat
2644 1071 2929 1138 quominus
2997 1069 3237 1124 dicamus
3288 1068 3550 1121 sacriﬁcia
3609 1081 3670 1120 ea
3725 1081 3883 1119 esse

2257 1176 2414 1215 saera
2466 1160 2745 1230 mysteria,
2793 1161 2985 1227 quibus
3039 1168 3159 1226 post
3206 1168 3517 1228 susceptum
3556 1157 3877 1227 baptisma

2258 1248 2597 1313 interfuerat,
2656 1264 2882 1317 quorum
2942 1250 3210 1316 particeps
3270 1248 3489 1312 fuerat,
3549 1248 3658 1301 imo
3719 1262 3880 1317 quae

2240 1343 2441 1407 etiam,
2471 1341 2515 1396 si
2554 1340 2729 1395 minus
2758 1351 2815 1394 ut
2851 1341 3130 1405 sacerdos,
3175 1339 3365 1393 saltem
3397 1349 3451 1394 ut
3484 1339 3875 1394 Christianus

2258 1450 2355 1489 suo
2390 1434 2546 1487 modo
2578 1449 2673 1502 per
2717 1432 2917 1502 aliquot
2956 1446 3127 1485 annos
3155 1430 3445 1495 obtulerat,
3476 1430 3879 1496 quemadmo-

2257 1527 2384 1579 dum
2415 1525 2601 1578 ﬁdeles
2627 1522 2822 1577 offerre
2850 1523 3045 1588 solent,
3074 1520 3225 1589 juxta
3258 1524 3374 1576 haec
3399 1520 3573 1575 Missae
3602 1523 3875 1577 canonis

2262 1615 2417 1669 verba
2454 1631 2467 1668 :
2523 1614 2781 1667 Memento
2834 1613 3014 1675 etiam,
3052 1611 3337 1665 Domine...
3376 1621 3419 1664 et
3450 1613 3679 1664 omnium
3736 1613 3874 1664 cir-

2256 1706 2649 1767 cumstantium,
2702 1720 2923 1770 quorum
2974 1704 3065 1755 tibi
3097 1702 3225 1771 ﬁdes
3257 1705 3462 1772 cognita
3500 1711 3571 1754 est
3615 1711 3662 1753 et
3714 1714 3873 1755 nota

2256 1800 2484 1857 devotio,
2510 1813 2605 1865 pro
2636 1797 2823 1865 quibus
2861 1798 2958 1849 tibi
3000 1794 3302 1865 o/ferimus,
3335 1793 3410 1847 vel
3447 1795 3534 1864 qui
3566 1792 3657 1846 tibi
3704 1795 3870 1863 olfe-

2172 1899 2215 1953 B
2244 1900 2364 1947 runt
2405 1888 2500 1941 hoc
2538 1888 2858 1956 sacriﬁcium
2905 1888 3122 1941 laudis?
3150 1897 3254 1941 etc.
3308 1886 3383 1941 Ex
3416 1903 3519 1955 quo
3549 1902 3680 1957 ergo
3712 1903 3869 1942 sus-

2253 1986 2476 2047 ceperat
2528 1978 2791 2045 baptisma
2854 1976 3169 2049 Gregorius,
3210 1978 3383 2032 sacris
3436 1978 3719 2048 mysteriis
3778 1981 3868 2031 in-

2251 2068 2529 2132 terl‘uerat,
2571 2067 2761 2121 horum
2795 2069 3065 2137 particeps
3096 2067 3291 2130 fuerat,
3326 2066 3519 2121 exinde
3558 2064 3866 2121 r’sacriﬁ-

2248 2160 2452 2216 ciorum
2489 2179 2505 2211 ι
2538 2169 2746 2228 tempus
2777 2159 2874 2228 ipsi
2908 2158 3080 2215 ﬂuere
3110 2170 3374 2229 coeperat,
3427 2168 3486 2213 ut
3523 2160 3621 2228 ipsi
3649 2160 3865 2215 dicere

2248 2249 2458 2305 licuerit
2488 2249 2657 2303 ﬁlium
2685 2249 3005 2319 alloquendo
3032 2267 3045 2303 :
3078 2268 3096 2301 ι
3130 2249 3372 2305 Nondum
3408 2260 3609 2304 tantam
3643 2265 3863 2305 emen—

2249 2357 2341 2397 sus
2382 2358 2440 2397 es
2477 2343 2667 2407 vitam,
2693 2352 2953 2413 quantum
2992 2343 3251 2411 praeteriit
3279 2342 3406 2395 mihi
3435 2343 3857 2398 sacriﬁciorum

2248 2441 2477 2500 tempus.
2532 2450 2549 2483 ι
2605 2431 2755 2499 Quod
2802 2432 3019 2502 quidem
3072 2432 3228 2501 longe
3270 2434 3617 2487 verissimum
3683 2446 3852 2487 erat.

2245 2524 2406 2590 Quin,
2438 2522 2741 2593 Theologus
2769 2523 2900 2591 ipse,
2936 2524 3178 2577 carmine
3208 2522 3279 2576 De
3323 2521 3438 2577 Vita
3465 2540 3560 2577 sua
3611 2522 3723 2594 (ά),
3758 2526 3853 2578 sic

2246 2614 2412 2668 Deum
2454 2611 2648 2665 affatur
2680 2594 2707 2666 τ’
2728 2633 2744 2664 ι
2770 2614 2987 2682 Precor,
3012 2614 3054 2668 si
3087 2614 3299 2681 quando
3322 2622 3371 2667 te
3400 2624 3553 2682 pater
3574 2625 3627 2669 et
3664 2629 3848 2669 vene-

2245 2705 2408 2757 randa
2446 2713 2616 2757 mater
2646 2715 2737 2757 aut
2764 2706 2994 2759 victimis
3038 2705 3183 2773 puris
3220 2714 3272 2759 et
3307 2704 3513 2758 sanctis
3542 2706 3833 2759 numerati

2242 2805 2406 2862 sunt;
2439 2814 2455 2845 ι
2491 2795 2835 2849 victimarum
2874 2796 3091 2851 nomine
3121 2796 3203 2862 pia
3244 2811 3404 2865 opera
3431 2810 3493 2850 ex
3530 2797 3843 2851 cbaritatis

2243 2886 2436 2940 all‘ectn
2474 2888 2581 2941 Deo
2604 2887 2783 2941 oblata
2822 2888 2961 2941 haud
2991 2888 3151 2941 dubie
3184 2888 3525 2956 intelligens;
3550 2899 3603 2943 et
3639 2905 3834 2944 carui.

2244 2994 2298 3031 ιι
2356 2977 2448 3047 (e),
2504 2997 2522 3030 ι
2561 2980 2753 3033 anima:
2793 2980 3043 3033 victimas
3078 2972 3402 3035 “incruentas
3448 2999 3467 3032 ι
3512 2993 3835 3035 memorat:

2242 3068 2368 3138 quid
2407 3068 2567 3137 igitur
2621 3069 2819 3132 obSIat,
2860 3072 3149 3137 quominus
3181 3072 3368 3123 eodem
3412 3085 3571 3123 sensu
3612 3069 3839 3140 Grego-

2243 3162 2353 3215 rius
2394 3171 2547 3230 pater
2596 3175 2782 3215 sacras
2833 3160 3082 3214 victimas
3127 3159 3484 3225 intellexerit;
3517 3160 3678 3229 idque
3722 3176 3831 3215 So-

572 3268 681 3314 tum
713 3279 727 3316 :
763 3237 954 3319 deinde
989 3268 1159 3332 addit,
1199 3287 1217 3321 ι
1256 3282 1310 3325 et
1348 3288 1375 3326 a
1412 3274 1728 3339 parentibus
1764 3237 1998 3344 suscepit
2030 3237 2136 3330 Vdo-
2164 3237 2205 3296 ϐ
2241 3251 2348 3304 lum
2397 3252 2642 3306 "erSibus
2695 3252 2801 3344 illis
2833 3251 3224 3344 “curaverit;
3276 3252 3525 3306 videlicc‘
3572 3268 3678 3305 "0"
3746 3263 3836 3308 ιθί

570 3368 695 3406 num
740 3372 756 3408 :
796 3373 814 3406 ι
851 3359 942 3410 καὶ
973 3360 1035 3412 ἐκ
1065 3363 1267 3415 τοκέων
1299 3365 1563 3419 ὑπέδεκτο
1593 3365 1783 3437 δῶρον.
1826 3366 1991 3435 Igitur
2027 3368 2138 3436 ipse

568 3460 780 3515 quoque
814 3448 1106 3518 Gregorius
1151 3464 1299 3524 pater
1342 3457 1507 3510 ﬁlium
1541 3473 1668 3511 vero
1706 3458 1814 3512 Deo
1847 3458 2137 3523 obtulerat,

567 3540 903 3610 proindeque
970 3560 1093 3598 eum
1154 3556 1281 3603 tunc
1351 3549 1583 3603 colebat.
1652 3548 1907 3605 Carmine
1972 3552 2133 3604 etiam

566 3631 672 3684 alio
702 3630 798 3704 (ε),
824 3642 1112 3705 postquam
1144 3641 1384 3694 narravit
1414 3642 1684 3709 quomodo
1722 3643 1809 3696 vix
1841 3650 2000 3696 natus
2028 3644 2135 3697 Deo

566 3721 775 3777 dicatus
827 3724 989 3780 fuerit
1034 3738 1089 3782 et
1134 3730 1365 3797 oblatus,
1421 3734 1589 3785 instar
1645 3732 1797 3786 vituli
1842 3733 1924 3787 vel
1977 3734 2134 3802 agni;

572 3832 589 3863 ι
624 3830 728 3870 non
758 3818 898 3870 enim
933 3820 1113 3873 dicere
1142 3822 1331 3886 audeo,
1363 3834 1419 3875 ut
1447 3840 1618 3879 novus
1642 3825 1859 3892 quidam
1879 3824 2132 3897 .Samuel,

567 3904 673 3958 nisi
702 3908 768 3959 ad
795 3921 978 3962 eorum
1006 3911 1097 3980 qui
1124 3913 1390 3967 dederunt
1411 3916 1736 3969 desiderium
1767 3916 2072 3985 respiciam.
2109 3934 2127 3966 ι

572 4038 685 4093 XX.
718 4040 837 4115 Alia
878 4044 1147 4115 verborum
1197 4043 1433 4115 Gregorii
1465 4050 1629 4108 patris
1670 4049 2032 4115 interpretatio
2062 4066 2126 4104 ex

726 4110 948 4165 Memor.
995 4112 1145 4168 Trev.
1184 4110 1318 4186 Αρνξ
1352 4117 1503 4184 I707,
1536 4130 1639 4172 art.
1680 4136 1729 4183 ι,
1759 4110 1815 4185 p.
1845 4119 1967 4173 7H.

570 4222 571 4225 “
638 4222 754 4279 Jam
808 4241 935 4280 vero
972 4227 1017 4280 si
1052 4242 1203 4297 reges
1236 4245 1338 4299 qua
1384 4232 1592 4285 ratione
1627 4231 1869 4303 Gregorii
1929 4243 2128 4289 textum

561 4314 1004 4386 interpretemur,
1035 4334 1098 4373 ex
1136 4336 1243 4389 quo
1273 4321 1362 4374 alii
1396 4336 1516 4375 eum
1550 4333 1701 4390 patre
1730 4327 1985 4399 episc0po
2030 4342 2127 4379 na-

563 4417 673 4461 tum
708 4410 987 4477 colligunt,
1014 4413 1218 4483 accipe.
1260 4412 1433 4468 Verba
1462 4415 1572 4483 ipsa
1603 4416 1707 4472 huc
1738 4421 2040 4475 revocanda
2074 4430 2129 4474 et

562 4500 728 4555 oculis
756 4502 1107 4570 subjicienda.

636 4611 800 4690 ρῦπω
830 4615 1078 4690 τοσοςῦμτον
1114 4617 1537 4690 ἐκμςμέτρηκας
1573 4621 1706 4690 βίον,

636 4685 797 4748 "Usa;
830 4686 1073 4757 παρῆλθε
1105 4685 1300 4741 Θυσιῶν
1337 4685 1457 4760 ἐμοὶ
1486 4685 1694 4763 χρόνος.

632 4799 878 4873 {Vendunt
911 4810 983 4854 tot
1011 4819 1173 4855 annos
1200 4804 1299 4857 vita
1332 4808 1587 4873 percurrit
1630 4816 1740 4873 tua,

632 4869 768 4935 Quot
792 4871 862 4924 mi
890 4873 942 4925 in
971 4873 1133 4926 sacris
1164 4874 1283 4943 jam
1305 4869 1421 4928 sunt
1450 4869 1900 4943 peractivictimis.

554 4982 796 5055 Gregorii
828 4987 986 5037 verba
1018 4985 1095 5039 sic
1122 4987 1353 5042 reddunt
1394 4990 1483 5058 qui
1516 5004 1634 5043 eum
1680 5000 1831 5059 patre
1863 4992 2116 5060 episcopo

554 5082 738 5128 natum
766 5089 886 5129 esse
915 5075 1243 5131 contendunt
1275 5094 1287 5129 :
1323 5094 1507 5132 verum
1536 5080 1587 5132 hi
1608 5081 1809 5133 addunt
1839 5080 1891 5133 in
1913 5096 2006 5134 sua
2033 5081 2117 5134 in-

554 5164 958 5232 terpretatione,
993 5166 1134 5233 quod
1191 5167 1241 5219 in
1295 5168 1485 5223 Graeco
1541 5179 1687 5222 textu
1735 5187 1837 5223 non
1872 5181 2114 5241 apparet,

553 5270 745 5323 nempe
790 5273 809 5305 ι
848 5256 1071 5323 peracti.
1113 5276 1132 5309 ι
1173 5256 1342 5313 Porro
1375 5261 1542 5313 textui
1581 5259 1711 5313 nihil
1746 5261 1975 5315 addatur
2020 5277 2119 5317 nec

550 5345 884 5408 detrahatur,
926 5348 1019 5401 sed
1066 5348 1132 5401 ad
1193 5349 1415 5403 verbum
1469 5352 1739 5406 reddatur.
1798 5352 1888 5407 Sic
1918 5354 2118 5422 optime

550 5434 781 5489 reddidit
813 5448 1000 5492 auctor
1052 5440 1314 5509 epistolm,
1351 5443 1402 5495 in
1450 5444 1855 5503 commentariis
1905 5445 2117 5502 'l‘revol-

549 5526 728 5593 tianis,
767 5543 833 5580 ex
872 5544 974 5598 qua
1010 5530 1122 5587 haec
1145 5533 1469 5588 hausimus:

619 5722 696 5797 (ᾳ)
733 5725 766 5797 9
798 5724 941 5789 Maii,
971 5746 1023 5797 p.
1068 5731 1190 5789 575.
1227 5731 1331 5785 col.
1366 5733 1421 5796 l,
1448 5750 1501 5787 η.
1530 5734 1581 5789 9.

617 5795 692 5862 (ὁ)
729 5794 908 5867 Carm.
947 5794 1017 5851 lle
1046 5802 1209 5855 anim.
1237 5819 1344 5854 stuc
1372 5794 1591 5867 colam,
1631 5820 1679 5867 v.
1714 5805 1827 5863 109.

621 5867 689 5937 (c)
716 5866 897 5919 Carm.
937 5868 1007 5921 De
1035 5870 1133 5923 rita
1165 5888 1281 5936 sua,
1314 5888 1359 5926 v.
1393 5877 1477 5927 88.

2241 3343 2364 3397 vitae
2392 3358 2562 3398 annos
2594 3343 2899 3398 decurrisse
2922 3343 3112 3405 (ilium,
3142 3345 3281 3412 quod
3314 3345 3425 3414 ipse
3448 3345 3501 3399 in
3525 3343 3832 3401 efferendis

2240 3435 2348 3491 Deo
2375 3436 2695 3492 Christianis
2729 3437 2984 3505 operibus
3018 3436 3389 3507 impenderat?

2240 3548 2380 3603 XXI.
2410 3548 2647 3621 Gregorii
2683 3552 2849 3605 verbis
2875 3552 3135 3605 mendacii
3169 3563 3293 3606 nom
3328 3569 3429 3606 non
3468 3553 3613 3607 debet
3642 3555 3823 3609 inuri.

2309 3662 2599 3725 Praeterea,
2635 3678 2754 3719 cum
2796 3663 3029 3718 Baronio
3053 3663 3178 3719 licet
3201 3665 3402 3728 dicere,
3429 3680 3521 3733 per
3546 3666 3821 3734 hyperbo-

2238 3754 2322 3807 len
2363 3756 2441 3808 sic
2480 3754 2715 3808 locutum
2750 3755 2918 3810 fuisse
2947 3756 3303 3825 Gregorium;
3339 3757 3479 3824 quod
3517 3757 3681 3811 illiesa
3722 3775 3818 3813 ve-

2238 3844 2398 3897 ritate
2429 3848 2598 3913 potuit
2622 3857 2799 3925 poeta.
2832 3846 2991 3902 Certe
3024 3847 3315 3917 Gregorius
3341 3860 3492 3916 pater
3512 3850 3593 3903 his
3619 3850 3819 3905 verbis

2239 3951 2336 3989 nec
2385 3936 2575 3991 fefellit
2611 3936 2799 4002 lilium,
2830 3954 2928 3993 nec
2967 3938 3155 3995 fallere
3197 3940 3442 4007 intendit,
3477 3951 3569 3995 aut
3608 3943 3815 4011 potuit,

2236 4039 2334 4081 nec
2363 4028 2509 4083 aliud
2540 4028 2754 4083 demum
2789 4030 3097 4099 significare
3131 4031 3299 4085 voluit
3334 4048 3497 4100 quam
3527 4036 3668 4101 quod
3696 4035 3815 4089 ﬁlio

2236 4122 2575 4173 notissimum
2604 4129 2742 4174 erat.
2796 4120 2987 4174 Mirum
3040 4120 3287 4191 profecto
3315 4134 3397 4177 est
3446 4124 3527 4177 his
3551 4123 3813 4192 Gregorii

2234 4208 2414 4262 verbis
2472 4210 2733 4265 mendacii
2790 4222 2967 4266 notam
3020 4212 3160 4266 inuri
3202 4214 3269 4266 ab
3315 4214 3400 4277 iis,
3435 4213 3525 4282 qui
3568 4214 3816 4269 fatentur

2232 4315 2353 4353 cum
2386 4299 2729 4358 Bollandistis
2791 4304 3052 4374 Gregorio
3105 4304 3318 4360 licuisse
3358 4307 3537 4361 dicere
3590 4308 3806 4375 absque

2233 4393 2532 4458 mendacio,
2554 4404 2775 4450 matrem
2804 4413 2953 4451 suam
2975 4406 3297 4451 coa‘taneam
3316 4396 3481 4451 fuisse
3498 4398 3658 4466 patri,
3683 4398 3806 4453 ἴσον

2234 4482 2391 4554 πολιῇ
2412 4501 2471 4536 τε
2489 4486 2581 4537 καὶ
2601 4486 2772 4556 ἤθεσι,
2799 4486 3042 4555 quamvis
3060 4488 3213 4541 annis
3242 4489 3425 4543 decem
3444 4499 3603 4555 atque
3633 4492 3807 4547 etiam

2159 4584 2205 4639 ι)
2232 4577 2455 4642 amplius
2480 4591 2596 4630 eam
2625 4580 2891 4648 juniorem
2934 4579 3096 4635 fuisse
3122 4584 3441 4637 concedant.

2235 4685 2399 4742 XXII.
2440 4687 2595 4743 Patre
2631 4690 2863 4743 nondum
2889 4691 3125 4760 episcopo
3178 4703 3331 4746 natus
3369 4706 3443 4749 est
3493 4694 3801 4767 Gregorius.

2301 4798 2396 4854 His
2451 4801 2700 4855 omnibus
2751 4802 3047 4870 expensis,
3100 4805 3434 4860 arbitramur
3479 4808 3802 4878 Gregorium
3885 4868 3901 4883 ,

2229 4904 2380 4962 patre
2401 4894 2631 4947 nondum
2656 4895 2907 4964 episcopo
2932 4905 3137 4961 natum,
3165 4908 3216 4949 et
3242 4897 3555 4969 Gregorium
3588 4912 3797 4972 patrem

2229 5002 2325 5055 per
2369 4987 2694 5060 hyperbolen
2721 4987 3156 5057 locutumfuisse,
3188 5006 3285 5047 nec
3316 4994 3433 5061 ejus
3463 4995 3638 5049 verbis
3668 4997 3801 5050 nlla-

2229 5086 2379 5131 tenus
2408 5077 2686 5131 veritatem
2725 5079 3001 5133 attentari.
3039 5083 3121 5133 An
3163 5097 3288 5136 vero
3337 5082 3624 5154 Gregorius
3652 5084 3797 5143 Gor-

2215 5167 2369 5237 gonia
2420 5182 2608 5221 sorore
2644 5168 2850 5235 junior,
2880 5172 3132 5226 seniorve
3165 5172 3347 5241 fuerit,
3390 5176 3635 5229 dubitant
3658 5193 3796 5231 non-

2220 5257 2370 5317 nulli.
2404 5272 2505 5312 nec
2528 5257 2685 5313 facile
2707 5268 2786 5313 est
2816 5260 3061 5325 deﬁnire,
3097 5273 3153 5316 ut
3197 5264 3561 5333 Papebrochio
3590 5267 3786 5336 placet.

2220 5370 2239 5402 ‹
2270 5349 2450 5404 Potuit
2483 5360 2650 5415 certe,
2684 5352 2883 5422 inquit,
2915 5355 3088 5423 primo
3118 5364 3275 5425 partu
3305 5369 3426 5410 nata
3471 5357 3695 5425 femina,
3734 5363 3786 5416 in

2214 5453 2387 5495 matre
2415 5442 2624 5499 acuisse
2648 5446 2971 5499 desiderium
3006 5447 3172 5514 prolis
3201 5450 3467 5503 masculze.
3514 5469 3532 5502 ι
3562 5450 3665 5507 Sed
3710 5453 3786 5508 le—

2217 5535 2517 5602 vissimam,
2552 5535 2657 5593 imo
2687 5538 2885 5591 nullam
2918 5538 3056 5593 hanc
3092 5552 3213 5593 esse
3248 5539 3611 5598 dilﬁeultatem
3657 5544 3781 5615 quis

2294 5738 2369 5801 (Α)
2405 5737 2465 5793 v.
2492 5739 2614 5799 tte,
2642 5740 2763 5794 tta.

2296 5809 2363 5874 (e)
2388 5810 2566 5861 Cane.
2600 5810 2671 5863 De
2698 5813 2800 5865 dir.
2841 5814 2953 5865 ritw
2986 5814 3236 5881 generib.,
3270 5829 3321 5868 ν.
3358 5815 3446 5870 40.
