3926 6410
159 326 230 377 IGI
1400 308 1558 363 VITA
1599 309 1655 364 S.
1696 308 2043 365 GREGORII.

3236 314 3336 372 162

157 456 236 493 non
266 431 534 500 intelligat?
557 430 636 484 An
671 443 800 484 vero
832 429 887 483 in
931 427 1108 484 Anna.
1137 441 1298 497 quam
1329 441 1452 481 cum
1489 405 1664 480 mat‘re
1692 433 1738 486 Α
1770 427 1932 480 certis
1963 425 2379 496 cogitationibus
2415 425 2643 479 formam
2698 427 2912 497 accipit.
2954 426 3050 484 His
3093 427 3335 500 Gregorii

159 545 232 584 sua
255 522 474 580 conferre
493 519 622 574 solet
647 517 964 588 Gregorius,
999 526 1054 571 et
1082 515 1190 570 illic
1225 514 1442 585 quidem
1478 515 1652 585 potis-

154 623 328 677 simum.
361 630 378 664 ι
400 611 562 682 primo
584 619 740 678 partu
773 619 894 663 nata
923 609 1122 662 femina
1158 607 1303 662 acuit
1332 606 1657 661 desiderium

156 712 282 783 prolis
322 705 583 762 masculae?
627 722 646 757 ι
684 705 750 760 Ut
785 721 912 776 ergo
949 715 1053 760 stet
1090 705 1428 774 comparatio
1457 702 1659 758 Nomia:

155 820 245 859 cuin
270 802 426 862 Anna,
458 797 652 852 rectius
674 795 1001 866 Gorgoniam
1021 796 1292 864 iuniorem
1325 795 1492 851 fratre
1525 795 1659 851 Gre-

153 895 269 963 gorio
293 889 440 944 fuisse
469 885 790 953 inferretur;
837 887 979 957 quod
1014 886 1196 956 plures
1225 885 1542 941 Scholiasta:
1582 885 1656 958 (α)

154 986 431 1040 confirmant.

155 1093 296 1151 XXIII.
323 1090 588 1160 Gregorius
616 1093 874 1146 nascitur.
929 1092 1109 1145 Prima
1139 1091 1382 1145 educatio
1419 1091 1476 1145 in
1505 1092 1657 1146 domo

749 1176 991 1231 paterna.

206 1258 356 1324 Itaque
384 1264 536 1309 natus
577 1255 790 1310 videtur
839 1255 1133 1324 Gregorius
1162 1256 1295 1326 (sive
1319 1255 1519 1318 senior,
1546 1257 1660 1309 sive

145 1349 284 1417 junior
309 1347 559 1416 Gorgonia
604 1345 787 1417 fuerit)
845 1363 989 1402 anno
1037 1347 1144 1402 525
1206 1348 1290 1402 vel
1343 1345 1468 1411 526,
1504 1357 1658 1416 patre

153 1441 332 1495 nondum
373 1443 641 1509 episcopo,
677 1441 772 1494 sed
807 1439 1140 1505 Christiano,
1171 1449 1228 1494 ut
1257 1440 1368 1508 jam
1400 1441 1655 1495 diximus.

150 1535 210 1588 Ab
233 1533 338 1604 ipsis
361 1531 694 1587 incunabulis
723 1533 810 1602 pie
831 1547 860 1585 a
889 1532 993 1602 piis
1041 1535 1353 1603 parentibus
1396 1533 1659 1587 educatus

151 1637 226 1688 est,
253 1623 326 1693 qui
359 1623 600 1690 regendae
636 1623 803 1693 ipsius
840 1623 1084 1691 pueritiae
1116 1638 1300 1675 curam
1337 1623 1434 1691 ipsi
1470 1636 1656 1675 susce-

150 1730 256 1786 pere.
272 1716 386 1770 Cum
414 1728 525 1769 eam
555 1723 792 1778 :etatem,
821 1728 982 1783 quam
1005 1713 1192 1768 dicunt
1227 1715 1451 1767 rationis
1469 1728 1659 1782 exper-

1765 519 1948 574 vcrbis
1980 519 2326 573 manifestum
2360 529 2463 582 est,
2499 519 2551 572 id
2583 519 2871 587 contigisse
2898 537 3018 574 cum
3067 522 3238 578 adhuc
3279 526 3333 579 in

1761 611 1918 665 domo
1938 621 2177 680 paterna,
2216 626 2321 664 non
2377 621 2555 663 autem
2591 626 2714 664 cum
2753 612 2864 678 jam
2892 613 3119 668 Athenis
3146 628 3332 670 versa-

1762 713 1931 768 retur,
1963 713 2020 756 ιιι
2056 703 2285 757 Rufinus
2320 717 2602 772 perperam
2635 704 2870 773 scripsit.

1761 816 1930 873 XXV.
1969 817 2485 872 Visumnocturnum
2512 833 2613 886 quo
2638 819 2900 871 castitatis
2942 835 3122 875 amore
3153 837 3337 876 accen-

2464 891 2627 940 ditur.

1846 980 2098 1050 Virgines
2131 979 2265 1033 duas
2285 979 2471 1033 videre
2501 981 2601 1032 sibi
2630 971 2919 1034 videbatur
2941 981 3159 1050 propius
3187 993 3337 1036 stan-

1762 1078 1865 1132 tes,
1890 1070 2243 1138 candidISque
2273 1071 2514 1122 vestibus
2537 1071 2886 1133 collucentes,
2912 1073 3097 1127 ambas
3126 1071 3331 1127 formo-

1761 1181 1869 1228 sas,
1896 1165 2250 1234 ejusdemque
2276 1163 2472 1224 mtatis,
2507 1163 2702 1230 quibus
2731 1174 3050 1218 ornamento
3093 1175 3210 1219 erat
3246 1167 3331 1218 in-

1759 1267 1950 1310 ornata
2002 1255 2195 1307 forma.
2233 1253 2504 1319 Quaarenti
2544 1252 2805 1320 Gregorio
2838 1267 3082 1320 quamam
3118 1265 3318 1323 essent,

1760 1359 1814 1402 et
1849 1347 1990 1401 unde
2025 1347 2319 1410 venissent,
2353 1345 2527 1398 altera
2561 1359 2619 1398 se
2671 1345 2979 1399 castitatem
3005 1360 3125 1399 esse
3174 1347 3330 1414 dixit,

1761 1439 1928 1492 altera
1955 1438 2366 1507 temperantiam
2396 1454 2408 1491 :
2435 1451 2665 1506 cumque
2685 1437 2856 1505 ipsum
2876 1436 3102 1491 hortata:
3129 1447 3331 1502 essent,

1761 1540 1819 1585 ut
1853 1531 2122 1584 mentibus
2148 1541 2382 1584 mentem
2412 1539 2464 1584 et
2496 1530 2667 1582 facem
2704 1528 2912 1582 facibus
2937 1529 3208 1599 jungeret,
3228 1544 3336 1598 quo

1759 1639 1881 1679 eum
1944 1625 2084 1678 miro
2136 1623 2346 1691 fulgore
2372 1621 2740 1691 splendentem
2784 1621 2837 1674 in
2875 1622 3072 1674 coelum
3105 1620 3332 1687 ferrent,

1760 1719 2008 1788 protinus
2038 1718 2090 1772 in
2124 1717 2319 1771 crelum
2363 1715 2668 1770 evolarunt.
2721 1713 2856 1768 Cum
2903 1715 3064 1784 igitur
3092 1717 3210 1768 viso
3241 1730 3337 1769 no-

152 1818 245 1873 lem.
271 1803 651 1874 PerlrallSissel.
705 1820 828 1859 eum
870 1814 1064 1870 lnalel‘.
1120 1820 1280 1874 quem
1325 1805 1436 1875 iam
1473 1806 1652 1860 Slalim
1686 1800 1728 1854 Β
1760 1823 1954 1865 cturno
2007 1810 2260 1864 incensus
2307 1817 2455 1863 esset
2505 1805 2818 1876 Gregorius,
2857 1821 3008 1859 amor
3044 1807 3336 1872 castitatis,

149 1900 197 1952 ab
217 1908 312 1952 ortu
343 1897 440 1952 Deo
470 1896 768 1958 obtulerat,
826 1907 988 1966 atque
1017 1897 1179 1950 etiam
1205 1897 1523 1967 priusquam
1557 1914 1654 1952 na-

148 2001 336 2044 sceretur
365 1990 654 2053 dicaverat,
688 1989 880 2042 iterum
915 1988 1110 2042 obtulit
1143 1999 1194 2043 et
1221 1989 1456 2055 dicavit;
1488 1992 1656 2045 sacris

156 2082 303 2135 litteris
322 2081 459 2151 pueri
486 2095 682 2134 manus
715 2079 986 2143 lustravit,
1008 2079 1176 2136 libros
1207 2082 1418 2137 divinos
1458 2083 1655 2138 teneris

149 2172 340 2226 manibus
379 2170 688 2225 tractandos
739 2169 1077 2237 exhibendo;
1132 2171 1327 2240 quibus
1356 2186 1478 2225 eum
1515 2172 1655 2226 votis

146 2264 460 2319 obstrinxisset
497 2261 850 2332 signiticavit,
880 2272 1044 2330 atque
1087 2263 1297 2316 hortata
1334 2273 1416 2318 est
1445 2273 1504 2318 ut
1536 2280 1654 2317 ma-

146 2358 216 2409 tris
237 2356 463 2424 promissa
486 2353 648 2408 factis
699 2353 964 2422 expleret.
1017 2351 1134 2423 Ipse
1168 2355 1414 2423 protinus
1445 2355 1651 2419 annuit,

147 2449 334 2516 quamvis
356 2447 404 2500 in
441 2457 624 2501 tenera
659 2456 835 2511 tetate,
870 2455 1094 2514 rataque
1125 2449 1305 2500 omnia
1341 2448 1548 2510 habuit,
1593 2461 1656 2502 ac

145 2539 346 2609 perlicere
376 2553 588 2608 semper
616 2539 819 2592 studuit
851 2541 953 2610 (υ).
991 2538 1221 2608 Optimis
1252 2538 1304 2592 in
1363 2539 1523 2594 domo
1558 2553 1656 2608 pa-

148 2645 274 2698 terna,
298 2631 376 2686 ubi
429 2631 690 2701 praeclara
725 2633 984 2686 virtutum
1041 2631 1289 2700 exempla
1330 2647 1440 2701 prae
1486 2633 1656 2688 oculis

145 2725 342 2786 habebat,
386 2724 670 2794 praeceptis
721 2723 1083 2792 informatus,
1137 2726 1417 2796 gravitatis
1466 2741 1654 2782 senum

147 2819 297 2887 aliquid
327 2816 661 2886 przeferebat,
695 2827 855 2872 aetate
882 2817 1042 2871 simul
1067 2826 1120 2872 et
1151 2818 1358 2872 ratione
1381 2832 1653 2873 crescens.

145 2909 371 2964 Crescebat
391 2919 440 2964 et
478 2909 610 2964 boni
642 2907 938 2978 cupiditas,
977 2911 1428 2977 quemadmodum
1459 2926 1526 2966 ex
1557 2925 1656 2964 ιιι·-

146 3003 262 3057 bibus
300 3003 454 3056 nuhes
503 3003 655 3056 coire
689 3002 886 3057 solent.
921 3000 1234 3067 Librorum,
1271 3004 1358 3073 qui
1393 3005 1460 3059 de
1494 3003 1654 3058 rebus

145 3096 294 3150 divinis
339 3105 593 3162 tractant,
627 3095 857 3150 lectione
901 3094 1298 3150 oblectabatur.
1325 3095 1457 3152 Cum
1521 3096 1654 3151 viris

145 3187 280 3254 probis
320 3186 564 3255 frequens
592 3194 732 3239 erat.
769 3184 860 3241 Sic
897 3193 1080 3239 tenera
1119 3187 1519 3256 mensoptimis
1553 3187 1655 3241 im-

145 3279 350 3334 btte'batur
391 3283 661 3346 moribus,
709 3282 1049 3352 formamque
1109 3280 1320 3350 pietatis
1379 3279 1657 3344 induebat,

145 3371 269 3426 donec
320 3384 519 3446 tempus
586 3377 821 3438 adesset,
883 3374 1026 3443 quod
1103 3387 1225 3427 eum
1293 3386 1447 3426 sacro
1514 3371 1661 3426 fonte

143 3461 407 3519 abluendum
433 3481 555 3521 esse
582 3466 836 3522 Christus
861 3475 1044 3519 notum
1081 3464 1319 3529 faceret;
1343 3463 1433 3533 qui
1475 3464 1661 3532 singu-

147 3557 214 3609 lari
236 3558 470 3616 beneﬁcio
498 3575 720 3616 servum
777 3575 932 3615 suum
974 3557 1177 3618 aﬂecit,
1213 3572 1447 3627 eumque
1479 3557 1659 3612 verbis

144 3651 405 3719 compellare
432 3654 687 3725 dignatus
707 3662 789 3708 est
829 3651 926 3724 (δ).
951 3651 1198 3707 Castitati
1240 3651 1500 3718 alligavit,
1535 3665 1658 3705 car-

146 3755 232 3793 nem
262 3741 492 3811 frenavit,
547 3743 864 3815 ﬂagrantem
930 3743 1211 3814 sapientiae
1261 3743 1455 3797 divinae
1505 3755 1658 3795 amo-

146 3847 224 3886 rem
267 3834 551 3907 inspiravit,
591 3853 656 3893 ac
710 3838 834 3892 vitae
879 3838 1212 3900 monasticae,
1261 3836 1494 3906 μονάχου
1552 3833 1661 3904 βιό-

145 3936 237 3984 τοιο,
269 3940 370 3994 quae
399 3927 518 3981 vitae
555 3926 752 3982 futura:
775 3926 1088 3997 prarludium
1116 3935 1218 3981 est.

366 4017 553 4073 XXIV.
582 4021 760 4073 Ardor
774 4021 1047 4074 servanda:
1082 4019 1374 4086 pudicitire.

192 4105 376 4164 Divinos
414 4113 639 4180 quidam
682 4111 903 4166 incessit
944 4110 1163 4178 juvenis
1211 4111 1449 4165 animum
1501 4113 1662 4165 ardor

145 4201 365 4253 servanda:
394 4203 689 4270 pudicitiae,
744 4217 904 4270 quem
964 4203 1134 4255 visum
1189 4202 1413 4256 caeleste
1479 4202 1576 4272 ipsi
1607 4203 1658 4255 in

145 4289 295 4343 somnis
345 4303 622 4348 ostensum
673 4295 846 4364 magis
899 4295 1176 4363 magisque
1239 4292 1493 4346 ﬁrmavit.
1537 4291 1662 4346 Haec

146 4393 250 4444 ευηι,
273 4392 322 4435 ιιι
354 4398 449 4452 ego
479 4385 699 4456 quidem
731 4385 946 4454 Opinor,
994 4384 1276 4448 miracula,
1311 4384 1465 4452 queis
1499 4383 1658 4452 Deus,

1757 1903 1913 1972 cujus
1945 1903 2124 1970 fulgor
2166 1902 2372 1958 tntimis
2400 1901 2568 1955 animi
2601 1900 2907 1954 recessibus
2932 1898 3199 1952 contineri
3226 1913 3335 1952 non

1746 2005 1986 2064 poterat,
2021 1995 2073 2047 in
2105 2008 2170 2047 eo
2204 1991 2492 2062 splenduit.

1827 2085 2014 2140 XXVI.
2047 2084 2273 2138 Piorum
2297 2084 2533 2138 uirorum
2577 2087 3015 2140 consuetudinem
3043 2087 3258 2155 expetit.

1831 2177 2067 2232 Primum
2117 2179 2281 2248 igitur
2333 2192 2680 2247 congressum
2717 2179 2926 2250 piorum
2971 2180 3212 2232 virorum
3242 2193 3337 2247 ap-

1759 2270 1965 2339 pctivit,
2012 2271 2101 2337 qui
2155 2268 2486 2322 matrimonii
2535 2269 2746 2323 vincula
2777 2271 3051 2339 fugerant,
3098 2285 3264 2339 seque
3305 2287 3335 2324 a

1759 2362 1996 2415 terrenis
2027 2360 2335 2414 hominibus
2365 2361 2738 2429 scjunxerant,
2765 2372 2821 2414 ut
2854 2363 3127 2416 Christum
3154 2377 3334 2432 regem

1758 2454 1923 2506 animi
1955 2453 2144 2520 pennis
2190 2462 2544 2520 sequerentur
2573 2452 2665 2523 (Γ).
2696 2452 2804 2508 Hos
2836 2454 2995 2507 unice
3042 2468 3233 2507 amans
3281 2463 3338 2506 et

1761 2557 1872 2601 toto
1930 2547 2093 2602 corde
2147 2547 2536 2617 complectens,
2581 2546 2692 2614 spei
2762 2547 2998 2600 caelestis
3055 2547 3219 2600 duces
3247 2546 3338 2599 ha-

1757 2638 1870 2693 buit
1898 2639 1994 2708 (g).
2033 2637 2222 2692 Postea
2261 2654 2425 2708 grave
2474 2637 2802 2692 matrimonii
2849 2638 3037 2708 jttgutn
3078 2639 3341 2702 excussit,

1760 2730 2073 2798 praeclaram
2114 2745 2324 2794 eorum,
2363 2729 2451 2798 qui
2509 2737 2763 2798 perpetua
2811 2729 3122 2798 virginitate
3170 2727 3331 2781 lIore-

1759 2833 1876 2878 rent
1900 2833 2100 2878 sortem
2143 2833 2426 2892 exoptans.
2459 2821 2572 2874 Non
2612 2821 2878 2885 convivia,
2907 2832 2961 2874 et
2993 2835 3331 2890 quaecunque

1751 2915 2043 2984 juvenibus
2106 2932 2252 2972 curae
2293 2932 2416 2972 esse
2461 2915 2658 2979 solent,
2719 2915 2819 2983 ipsi
2877 2915 3331 2983 placebant;.non

1760 3007 1937 3061 mollis
1961 3007 2146 3071 vestis,
2201 3024 2306 3062 non
2360 3007 2607 3077 petulans
2653 3006 2815 3070 risus,
2873 3021 2978 3057 non
3037 3005 3242 3073 scopuli
3281 3014 3335 3058 et

1761 3109 1992 3162 montes,
2021 3115 2125 3153 non
2166 3103 2288 3168 equi
2311 3110 2363 3154 et
2397 3114 2563 3153 canes
2586 3097 2839 3152 venatici.
2874 3097 2946 3150 Ezt
2987 3097 3166 3149 omnia
3208 3098 3339 3150 mis-

1761 3208 1820 3248 sa
1855 3191 2016 3256 fecit;
2047 3191 2391 3260 projectaque
2420 3192 2566 3244 onmi
2591 3192 2713 3243 vitae
2744 3190 2904 3258 hujus
2936 3188 3216 3252 felicitate,
3248 3204 3343 3241 au-

1761 3270 1920 3335 sterae
1971 3281 2339 3348 temperantia:
2389 3279 2587 3334 collum
2637 3279 2907 3332 submisit.
2946 3279 3021 3331 Ex
3076 3277 3338 3347 singulari

1761 3371 1873 3437 illo,
1938 3386 2099 3434 quem
2156 3381 2286 3426 tunc
2332 3371 2510 3424 hausit
2561 3370 2767 3434 animo,
2816 3371 3083 3424 castitatis
3127 3384 3339 3433 amore,

1762 3465 1974 3519 condita
2003 3464 2345 3534 postmodum
2387 3466 2454 3518 ab
2488 3479 2553 3518 eo
2585 3463 2756 3517 fuisse
2806 3463 2892 3516 illa
2949 3446 3178 3530 insignia
3216 3479 3343 3530 poeo

1762 3566 1926 3622 mala,
1981 3558 2176 3626 quibus
2233 3557 2419 3613 Iaudes
2475 3555 2805 3626 virginitatis
2850 3565 2904 3609 et
2959 3566 3227 3623 praecepta
3274 3554 3340 3608 ad

1763 3647 2006 3720 virgines
2041 3647 2413 3711 continentur,
2478 3654 2623 3699 recte
2655 3657 2778 3698 cum
2823 3642 3196 3712 Papebrochio
3225 3639 3337 3694 col-

1763 3737 1916 3808 ligas.

1836 3829 2048 3885 XXVII.
2081 3828 2320 3900 Gregorii
2347 3829 2526 3885 studia
2550 3839 2702 3882 extra
2724 3827 2884 3881 limen
2911 3826 3273 3896 proferuntur.

1832 3919 2127 3990 Postquam
2178 3921 2321 3974 intra
2382 3921 2600 3973 domum
2651 3930 2931 3988 paternam
2973 3918 3052 3972 sic
3107 3918 3341 3986 primunt

1763 4010 2013 4064 instituta
2050 4009 2150 4062 fuit
2185 4009 2433 4078 Gregorii
2481 4009 2737 4078 pueritia,
2789 4022 3176 4076 sacrarumque
3199 4006 3344 4061 litte-

1765 4117 1945 4155 rarum
1988 4101 2183 4154 studiis
2223 4109 2277 4154 et
2310 4101 2458 4154 omni
2496 4102 2757 4154 virtutum
2785 4113 2984 4169 genere
3025 4100 3341 4166 informata,

1762 4203 1914 4245 extra
1948 4190 2108 4243 limen
2165 4191 2372 4261 prolata
2415 4201 2541 4245 sunt
2581 4189 2700 4258 ejus
2739 4191 2917 4243 studia
2949 4189 3048 4261 (It).
3086 4189 3344 4255 Quamvis

1765 4286 1908 4340 enim
1949 4287 2081 4340 nihil
2125 4303 2360 4356 unqttatn
2397 4286 2674 4355 antiquius
2721 4284 2892 4338 sacris
2920 4285 3112 4338 litteris
3141 4284 3347 4338 habue-

1764 4377 1856 4442 rit,
1908 4389 2165 4431 externas
2215 4390 2392 4430 tamen
2447 4377 2774 4446 investigare
2803 4386 2858 4429 et
2890 4389 3206 4443 comparare
3241 4391 3344 4429 non

145 4477 206 4538 qm
228 4474 290 4527 sic
312 4479 416 4544 pias
438 4491 651 4534 mentes
679 4481 744 4534 ad
783 4479 1007 4533 salutem
1036 4479 1220 4542 trahit,
1255 4477 1374 4546 ejus
1399 4479 1664 4537 desiderio
1697 4489 1739 4544 D
1769 4482 1854 4525 εει
1877 4471 2220 4539 ᾱθιιῑιςιιειιυε,
2254 4485 2318 4523 εο
2365 4470 2616 4523 Nimirum
2653 4469 2903 4530 εοιιεὶὶῖον
2931 4477 2988 4520 υι
3022 4467 3167 4521 νετῖδ
3202 4467 3348 4522 liue-

146 4562 279 4616 calcar
301 4568 516 4632 addidit,
547 4579 605 4623 ut
630 4571 744 4640 ipse
779 4570 971 4626 scribit
1023 4570 1320 4641 Gregorius
1356 4569 1456 4640 (ά),
1507 4571 1661 4625 dubi-

145 4661 230 4706 tans
252 4672 309 4708 an
338 4674 397 4712 ea
445 4669 626 4730 legere
670 4662 884 4725 debeat,
917 4660 1059 4729 quod
1091 4661 1256 4715 animi
1290 4678 1478 4729 parum
1521 4664 1659 4734 grati

143 4754 219 4805 est,
265 4763 322 4802 an
377 4754 696 4820 praedicare,
746 4755 888 4823 quod
943 4753 1137 4807 fastum
1190 4755 1404 4808 videtur
1447 4769 1658 4825 sapere.

145 4831 239 4888 IIem
269 4849 429 4896 tamen
466 4845 580 4912 ipse
612 4853 773 4898 totam
817 4845 1066 4913 aperitin
1099 4845 1341 4900 carmine
1379 4844 1455 4899 De
1473 4846 1662 4900 animo?

143 4941 224 4978 ειιίτ
248 4932 635 4989 calamitatibus
661 4935 754 5005 (e;,
787 4946 1222 5003 noeturnumqne
1255 4937 1428 4990 visum
1457 4946 1664 5003 narrat,

143 5025 222 5075 quo
268 5016 390 5073 Deus
451 5023 550 5089 ipsi
608 5022 864 5078 castior-is
923 5025 1045 5077 vita:
1113 5039 1350 5079 amorem
1424 5025 1668 5092 immisit,

149 5119 161 5150 ι
191 5119 288 5160 cum
315 5113 480 5167 adlmc
505 5129 638 5182 puer
680 5114 936 5183 parvulos
977 5125 1138 5179 esset,
1196 5132 1292 5170 nec
1345 5127 1522 5170 tanten
1553 5133 1665 5170 om-

145 5197 240 5250 nino
262 5204 521 5270 parvulus,
564 5225 582 5258 ι
641 5206 733 5260 sed
791 5220 854 5259 ea
905 5217 1066 5260 aelate
1117 5222 1220 5276 qua
1273 5206 1396 5261 Itoni
1451 5217 1504 5261 et
1543 5208 1666 5261 mali

145 5287 358 5359 imagines
385 5298 437 5349 in
489 5298 674 5354 animo
708 5297 1101 5364 inscribuntur,
1136 5314 1398 5369 mensque
1427 5300 1662 5355 nondum

194 5469 256 5549 (ᾳ)
282 5471 412 5549 [filias
441 5476 612 5549 cret..
639 5480 692 5533 in
718 5479 850 5535 edit.
876 5479 1018 5543 Bill,
1056 5488 1094 5534 t.
1121 5479 1188 5543 ll,
1215 5495 1266 5549 p.
1309 5479 1434 5535 76l.

195 5539 255 5620 ψ)
275 5544 450 5620 ¹ιὶιιιιιι.
474 5548 565 5620 _l)e
581 5551 697 5602 vita-
714 5567 835 5614 sua,
869 5566 920 5603 v.
955 5539 1024 5604 95
1053 5561 1107 5604 et
1131 5539 1246 5620 seq.

272 5611 437 5694 Germ.
463 5617 542 5694 Df
565 5621 744 5694 rebus,
789 5609 841 5674 v.
869 5620 996 5675 455.

277 5683 454 5765 ρει-ιιι.
557 5689 627 5742 De
654 5691 758 5765 pitu
787 5707 906 5760 sua,
937 5705 988 5748 ν.
1037 5689 1139 5747 105
1159 5698 1211 5746 et
1235 5707 1350 5763 seq.

197 5751 250 5818 (cf
274 5752 443 5814 Carm.
482 5759 533 5824 5,
570 5775 617 5814 v.
649 5759 775 5815 905.

1770 4565 1844 4617 ris
1875 4579 1969 4633 per
2003 4563 2196 4616 nothus
2235 4562 2401 4616 ferret
2440 4577 2636 4630 Opem;
2675 4575 2743 4614 ne
2778 4559 3009 4627 superbe
3032 4559 3349 4626 jactitarent

1767 4672 1850 4721 se,
1887 4658 1976 4726 qui
2044 4657 2178 4710 nihil
2218 4665 2414 4719 prarter
2445 4657 2655 4710 inanem
2707 4654 3071 4722 eloquentiam
3118 4654 3171 4707 in
3222 4661 3348 4722 gut-

1771 4759 1890 4802 ture
1919 4757 1973 4801 et
2005 4749 2262 4802 Suavilnts
2297 4762 2488 4800 vocum
2540 4745 2690 4799 sonis
2736 4744 2896 4798 sitam
2940 4754 3172 4807 norunt;
3216 4759 3349 4798 neve

1775 4840 2169 4908 sepltismatum
2208 4839 2436 4892 nexibus
2482 4837 2870 4906 implicaretur.
2907 4836 3112 4904 Itaque,
3150 4854 3168 4886 ι
3215 4836 3366 4908 Cum

1792 4941 1953 4986 aetate
1978 4931 2088 5000 jam
2115 4931 2458 4994 adolevisset,
2492 4929 2665 4996 inquit
2697 4927 2812 4998 ejus
2841 4928 2978 4982 Vitae
2998 4929 3232 4994 scriptor
3264 4928 3348 4998 (ἑ),

1770 5024 2077 5080 Catsaream
2145 5023 2440 5094 profectus,
2507 5021 2724 5090 illicque
2781 5035 2902 5075 cum
2965 5019 3348 5090 praestantibus

1772 5115 2093 5186 quibusdam
2128 5115 2402 5186 magistris
2425 5114 2816 5169 consuetudine
2844 5114 3050 5174 habita,
3081 5112 3354 5167 doctrina-

1771 5222 1876 5277 que
1923 5223 2032 5263 uon
2083 5208 2273 5276 exigua
2327 5206 2577 5274 collecta,
2633 5207 2689 5260 in
2743 5205 3089 5260 Palaestinam
3127 5202 3351 5272 naviga-

1769 5311 1866 5354 \’ll.
1907 5323 1924 5352 ι

1843 5481 1911 5550 (Γ)
1943 5482 2041 5545 ΙΙ›.,
2077 5497 2128 5534 v.
2157 5482 2281 5535 281.

1833 5547 1918 5620 Ity)
1953 5553 2050 5615 |b.,
2088 5569 2138 5604 ν.
2165 5552 2289 5604 505.

1841 5626 1913 5690 (It)
1939 5622 2226 5695 (Σ-ιιισιιιηυε
2252 5625 2355 5675 vita
2382 5639 2503 5695 sua,
2529 5637 2580 5678 v.
2615 5621 2716 5678 ll?!
2741 5632 2792 5678 et
2815 5634 2932 5695 ch.

1842 5696 1907 5764 ti)
1953 5693 2068 5748 Vita
2110 5693 2292 5764 Grcg.,
2334 5711 2382 5763 ν.
2413 5691 2465 5746 4.
