3926 6410
578 303 680 358 165

682 406 917 469 XXVIII.
951 407 1246 464 Caesaream
1287 401 1638 472 Cappadocia:
1671 399 2043 472 proﬁciscitur.

651 503 834 562 Nullus
865 509 1012 555 certe
1058 494 1362 560 ambigendi
1414 493 1586 556 locus,
1634 501 1810 544 utram
1839 488 2146 543 Caesaream

577 594 792 667 petierit
819 589 1136 660 Gregorius.
1174 586 1388 641 Etenim
1421 584 1744 646 Caesaream,
1774 597 1893 652 quae
1925 582 1976 634 in
2005 579 2149 647 Cap-

577 685 800 758 padocia
830 683 934 736 sila
985 687 1089 744 est,
1148 693 1256 730 non
1307 675 1653 730 Palaestinam
1702 674 1791 728 ubi
1851 672 2020 726 altera
2070 681 2154 724 est

580 779 847 836 Caesarea,
905 781 1033 825 tunc
1080 767 1376 838 navigavit.
1425 766 1540 821 Viri
1573 775 1750 820 tamen
1791 765 1930 818 docti
1973 762 2154 831 plures

577 868 882 922 Caesaream
934 860 1235 915 Palaestina:
1275 859 1602 927 intelligunt,
1651 857 1916 926 imprimis
1945 855 2153 919 Billius,

580 955 861 1020 Duronius,
895 951 1267 1021 atque,etiatn
1315 948 1427 1017 ipse
1472 946 1883 1010 Tillemontius;
1925 960 2154 1014 quorum

581 1048 886 1116 Opinionem
940 1054 1130 1097 auctor
1190 1040 1326 1095 Viue
1370 1040 1552 1094 Basilii
1601 1039 1676 1108 (p.
1717 1038 1806 1104 40,
1841 1037 1953 1107 41),
2001 1052 2156 1092 novas

581 1129 804 1192 editioni
834 1152 1060 1206 operum
1095 1136 1266 1189 sancti
1320 1132 1557 1188 doetoris
1603 1133 1835 1201 pracvize,
1885 1131 2159 1186 validissi-

589 1231 694 1283 tnis
732 1228 1021 1280 momentis
1062 1227 1338 1295 impugnat
1366 1233 1419 1276 et
1447 1222 1665 1276 refellit.

583 1318 858 1377 XXIXJn
883 1317 1216 1388 Cappadocia
1242 1317 1466 1388 primum
1491 1315 1779 1368 anticitiam
1811 1330 1928 1367 cum
1956 1311 2157 1367 Basilio

1112 1388 1286 1455 iunxit
1331 1385 1631 1455 Gregorius.

658 1483 855 1538 Narrat
883 1481 1176 1552 Gregorius
1200 1477 1575 1533 Nazianzenus
1607 1478 1682 1549 (tl)
1707 1493 1766 1533 se
1793 1487 1848 1533 et
1874 1477 2157 1544 Basiliam,

592 1594 612 1628 ι
647 1576 823 1630 Venti
862 1573 1060 1626 ﬂuxum
1114 1572 1401 1640 quemdam
1435 1569 1696 1632 ﬂuminis,
1741 1584 1804 1622 cx
1850 1571 2037 1623 eodem
2069 1583 2162 1636 pa-

590 1669 708 1722 tria:
742 1668 885 1720 futue
910 1668 962 1720 in
997 1665 1242 1719 diversas
1291 1664 1543 1730 regiones
1573 1661 1834 1715 doctrina:
1867 1661 2161 1730 cupiditate

1884 281 2046 337 VITA
2085 280 2144 338 S.
2185 271 2535 333 GREGORII.
3698 267 3774 326 ιω

2179 396 2230 456 Α
2259 391 2418 446 rebus
2435 385 2754 458 quibusdam
2779 382 3016 438 visendis
3042 388 3248 438 ornata
3277 389 3404 436 sunt
3419 398 3436 448 ;
3455 379 3588 434 hanc
3609 391 3774 448 conm,

2257 494 2317 539 ut
2355 495 2504 537 arma
2536 479 2621 534 vel
2677 477 2968 547 tragoedias
3011 484 3151 531 notae
3213 474 3454 544 quaedam
3501 482 3649 540 atque
3680 476 3774 529 insi-

2260 579 2408 649 gnia,
2457 575 2537 630 sic
2588 573 2889 628 litterarum
2943 569 3113 641 gloria
3160 568 3409 624 nobilitat
3457 564 3775 638 illustremque

2261 666 2455 722 reddit.
2492 682 2512 718 ι

2339 756 2506 813 XXX.
2542 755 2784 810 Ca’sarea
2813 751 3162 822 Cappadocia:
3187 749 3382 804 litteris
3411 748 3507 818 fuit
3539 749 3746 820 insignis.

2302 849 2476 904 Nihil
2511 858 2594 902 est
2633 849 2685 901 in
2721 846 2805 901 his
2830 847 3032 910 verbis,
3067 854 3125 898 ut
3169 844 3422 898 observat
3470 851 3640 895 noster
3668 841 3771 896 Pruo

2263 939 2477 995 dentius
2505 939 2695 992 Maran
2727 937 2823 1009 (e),
2850 935 2991 1007 quod
3019 951 3124 990 non
3165 936 3367 1004 optime
3397 919 3673 987 icOnveniat
3693 926 3776 988 Caieo

2263 1047 2434 1087 sarem
2455 1030 2852 1100 Cappadocum.
2879 1031 3016 1098 Apte
3048 1029 3266 1097 quidem
3307 1025 3591 1095 Gregorius
3616 1027 3775 1091 urbem,

2267 1122 2321 1176 in
2357 1137 2460 1192 qua
2495 1120 2838 1190 loquebatur,
2872 1132 2925 1173 et
2955 1133 3086 1174 voce
3114 1127 3168 1172 et
3201 1133 3362 1170 manu
3405 1116 3691 1183 designans,
3720 1120 3777 1171 di-

2265 1215 2460 1269 cebat:
2526 1230 2544 1264 ι
2583 1212 2754 1274 lianc,
2821 1212 3066 1278 inquam,
3125 1209 3390 1263 illustrem
3437 1208 3704 1272 civitatem,
3735 1220 3774 1263 et

2267 1313 2542 1381 nostram;
2581 1321 2600 1353 ι
2643 1300 2866 1372 Ταύτην
2911 1299 2968 1352 δὲ
3010 1299 3154 1367 λέγω
3193 1297 3290 1369 τὴν
3334 1295 3596 1368 περιφανῆ
3637 1313 3686 1348 τε
3713 1300 3780 1351 καὶ

2266 1387 2564 1468 ἦμετέραν.
2601 1393 2716 1448 Non
2758 1401 2909 1462 putat
2951 1391 3324 1445 Tillemontius
3358 1390 3497 1442 hanc
3533 1389 3778 1443 Caesaream

2267 1503 2296 1539 a
2327 1487 2519 1540 studiis
2545 1486 2867 1548 litterarum,
2895 1492 2951 1536 ut
2978 1499 3004 1535 ιι
3031 1480 3300 1550 praecipuo
3325 1478 3476 1532 urbis
3496 1491 3781 1543 ornamento,

2267 1581 2474 1635 laudari
2509 1577 2766 1646 potuisse.
2806 1574 2942 1638 Sed,
2976 1585 3034 1628 ut
3074 1575 3319 1628 omittam
3371 1572 3676 1633 Eusebium,
3707 1575 3773 1640 qui

2269 1670 2627 1741 Cappadocia:
2673 1667 2927 1737 praesules
2961 1665 3206 1719 doctrina
3239 1663 3382 1717 inter
3424 1662 3554 1716 alios
3577 1663 3782 1717 enituisse

589 1762 874 1830 dissectos,
899 1773 1106 1820 rursus,
1138 1757 1282 1810 velut
1317 1770 1384 1809 ex
1424 1755 1744 1823 composito,
1773 1756 1881 1807 Deo
1914 1753 2165 1806 videlicet

2273 1772 2496 1818 testatur
2539 1758 2633 1828 (Γ),
2665 1759 2777 1826 ipse
2809 1755 3042 1809 Basilius
3071 1753 3314 1823 Gregorii
3344 1753 3639 1806 testimonio
3665 1769 3780 1806 suum

589 1855 662 1908 ita
696 1853 1024 1920 impellente,
1066 1849 1292 1904 Athenis
1324 1848 1577 1902 coivisse.
1611 1865 1630 1899 ι
1670 1844 1912 1914 Uterque
1939 1859 2068 1915 ergo
2109 1846 2162 1898 in

589 1945 930 2015 Cappadocia
975 1942 1299 2008 conjunctus
1333 1939 1530 2002 fuerat,
1565 1939 1706 2008 quod
1736 1952 2018 2005 perperam
2066 1950 2164 1989 ne-

589 2047 680 2108 gat
726 2033 1129 2103 l’apebrochius
1163 2033 1263 2102 (ὑ),
1297 2031 1388 2100 qui
1426 2030 1589 2084 etiam
1622 2029 1820 2082 asserit
1846 2027 2164 2094 Gregorium

590 2137 646 2182 et
688 2125 946 2180 Basilium
1001 2125 1233 2194 primum
1293 2122 1522 2176 Athenis
1574 2131 1759 2175 mutuo
1786 2135 1844 2175 se
1898 2121 2163 2175 novisse:

591 2229 826 2288 uterque
857 2217 984 2272 inde
1019 2217 1071 2269 in
1103 2215 1282 2268 varias
1314 2214 1562 2282 regiones
1592 2212 1869 2282 profectus
1893 2227 1996 2266 non
2030 2211 2168 2264 alter

591 2325 622 2364 e
649 2310 840 2374 Ponto,
878 2310 1016 2361 alter
1045 2323 1075 2361 e
1101 2306 1462 2374 Cappadocia.
1511 2304 1567 2358 ld
1601 2305 1952 2357 continuatur
1988 2303 2168 2356 verbis

589 2399 834 2470 Gregorii
872 2400 924 2454 in
984 2399 1170 2452 eadem
1205 2397 1450 2449 oratione
1505 2395 1596 2465 (ι’),
1646 2394 1731 2448 ubi
1772 2395 2014 2447 Athenas
2065 2393 2165 2448 sibi

597 2511 618 2543 ι
654 2507 779 2544 vere
803 2505 1020 2554 aureas,
1075 2488 1228 2550 dicit,
1271 2503 1332 2540 ac
1381 2487 1422 2539 si
1473 2489 1726 2555 cuiquam
1759 2486 1873 2551 alii,
1904 2487 2166 2540 bonorum

593 2592 866 2653 parentes.
919 2580 1051 2634 Nam
1088 2579 1190 2632 illa:
1223 2579 1352 2632 mihi
1391 2579 1689 2641 hominem,
1719 2593 1821 2632 non
1872 2579 2016 2631 illum
2047 2577 2169 2646 qui-

593 2675 716 2728 dem
765 2682 890 2726 ante
925 2673 1187 2742 ignotum,
1224 2674 1317 2724 sed
1362 2683 1541 2724 tamen
1593 2671 1800 2736 plenius
1834 2672 2166 2725 noscendum

593 2766 963 2837 praebuerunt.
1013 2785 1032 2816 ι
1084 2765 1321 2816 Ἐκεῖναι
1353 2763 1461 2833 γάρ
1497 2780 1585 2833 μοι
1623 2764 1712 2816 τὸν
1764 2763 1932 2835 ἄνδρα
1983 2763 2170 2817 τοῦτον

595 2856 898 2930 ἐγνώρισαν
919 2855 1265 2928 τελεώτερον,
1290 2857 1411 2908 οὐδὲ
1448 2858 1576 2927 πρὶν
1615 2855 1996 2926 ἀγνοούμενον.

555 2937 558 2943 ’
667 2952 811 3006 Idem
845 2950 1075 3004 etlicitur
1109 2951 1193 3003 Vel
1219 2965 1282 3003 ex
1314 2950 1445 3018 ipsis
1471 2947 1718 3017 Gregorii
1744 2951 1944 3014 verbis,
1977 2949 2172 3018 quibus

597 3043 721 3118 post
759 3046 970 3100 Billium
1023 3056 1075 3099 et
1113 3045 1404 3098 Baronium
1453 3042 1827 3097 'l‘illetnontins
1865 3042 2168 3098 Caesaream

597 3114 652 3193 in
686 3139 971 3193 Palaestina
1006 3136 1229 3190 indicari
1271 3135 1592 3188 arbitratur.
1620 3132 1744 3188 Haec
1777 3136 2169 3206 suntGregorii
2197 3114 2238 3172 ο

598 3231 760 3284 verba
793 3229 845 3282 in
875 3228 1130 3282 Oratione
1151 3226 1226 3279 De
1245 3225 1434 3278 Basilii
1461 3225 1702 3277 laudibus
1722 3226 1821 3296 (d),
1855 3227 2035 3281 habita
2063 3227 2176 3281 Can-

598 3337 766 3375 sarete
797 3336 808 3367 τ
831 3319 952 3374 Ἐπὶ
979 3317 1074 3389 τὴν
1104 3316 1424 3387 Καισαρέων
1449 3316 1602 3369 πόλιν
1623 3317 1920 3384 ἐπείγεται,
1947 3316 2052 3370 τῶν
2081 3321 2178 3388 τῇ·

597 3413 654 3468 δε
688 3405 927 3483 μεθέξων
959 3409 1375 3479 παιδευτηρίωνο
1406 3408 1608 3479 ταύτην
1647 3408 1704 3462 δὲ
1728 3409 1870 3477 λέγω
1898 3409 1995 3482 τὴν
2025 3427 2179 3482 περι-

598 3504 743 3574 φανῆ
770 3519 828 3556 τε
865 3502 958 3555 καὶ
988 3501 1285 3572 ἡμετέραν,
1341 3500 1465 3552 ἐπεὶ
1517 3501 1612 3553 καὶ
1657 3500 1765 3552 τῶν
1810 3501 1958 3570 ἐμῶν
2004 3501 2178 3570 λόγων

599 3594 740 3666 αὕτη
773 3593 1102 3664 καθηγεμὼν
1130 3593 1221 3646 καὶ
1260 3593 1601 3658 διδάσκαλος,
1634 3592 1734 3663 τὴν
1772 3594 1869 3664 οὐχ
1920 3593 2080 3664 ἧττον
2100 3592 2181 3645 λόο

599 3705 712 3757 γων
748 3685 1076 3758 μητρόπολιν
1106 3685 1140 3756 ἢ
1180 3685 1290 3738 τῶν
1323 3685 1555 3749 πόλεων,
1597 3679 1671 3738 ὧν
1703 3685 2046 3756 ὑπέρκειται,
2087 3685 2180 3739 καὶ

602 3779 722 3834 καθ’
751 3773 824 3830 ὧν
855 3777 967 3846 ἔχει
999 3776 1098 3846 τὴν
1128 3775 1474 3829 δυναστείαν’
1508 3777 1574 3844 ἣν
1598 3776 1650 3828 εἴ
1676 3793 1758 3837 τις
1790 3774 1882 3827 τοῦ
1914 3776 1971 3827 ἐν
2003 3775 2180 3846 λόγοις

603 3871 838 3942 κράτους
886 3870 1334 3940 ἀποστερήσειεν,
1393 3865 1694 3938 ἀφῃρηκὼς
1743 3867 1894 3921 ἔσται
1939 3869 2069 3921 αὐτὸ
2119 3868 2180 3921 τὸ

603 3955 888 4008 κάλλιστόν
920 3972 980 4007 τε
1034 3957 1128 4008 καὶ
1177 3955 1510 4009 ἰδικώτατον.
1557 3955 1743 4009 Ἀλλαι
1790 3957 1886 4027 μὲν
1933 3957 2042 4028 γὰρ
2071 3957 2179 4010 τῶν

604 4047 814 4100 πόλεων
853 4047 1032 4109 ἄλλοις
1079 4046 1404 4116 ἀγάλλονται
1459 4047 1930 4118 καλλωπίσμασιν,
1983 4048 2014 4118 ἢ
2077 4066 2181 4101 πα-

603 4139 775 4204 λαιοῖς
805 4141 836 4212 ἣ
867 4140 1027 4204 νέοις,
1050 4142 1196 4205 ὅπως
1215 4141 1301 4205 ἄν,
1334 4135 1504 4210 οἶμαι,
1541 4140 1646 4193 τῶν
1674 4140 2023 4212 διηγημάτων
2050 4140 2183 4211 ἔχω·

607 4231 778 4301 σιν,ῆ
833 4230 940 4283 τῶν
980 4230 1294 4302 ὁρωμένων·
1347 4234 1416 4302 τῇ
1470 4232 1526 4284 δὲ
1571 4231 1740 4300 λόγοι,
1772 4232 1834 4284 τὸ
1869 4231 2177 4303 γνώρισμα,

606 4321 793 4394 ὥσπερ
842 4324 899 4375 ὲν
950 4326 1061 4385 τοῖς
1113 4321 1297 4385 ὅπλοις
1354 4322 1387 4392 ἢ
1440 4325 1552 4385 τοῖς
1589 4323 1830 4393 δράμασι
1876 4322 1943 4375 τὰ
1982 4323 2180 4394 satis-q-

612 4429 707 4485 μα.
745 4431 762 4462 ι
797 4414 1126 4476 Caesaream,
1161 4425 1218 4466 ut
1249 4415 1563 4467 scholarum
1594 4417 1737 4468 illius
1769 4417 2002 4469 civitatis
2057 4433 2180 4485 par-

608 4517 779 4574 llCCpS
821 4516 984 4569 esset,
1041 4508 1363 4573 contendit;
1415 4508 1572 4571 hanc,
1634 4507 1874 4575 inquam,
1919 4508 2176 4563 illustrem

608 4600 904 4663 civitatem,
958 4607 1012 4651 et
1059 4609 1338 4652 nostram:
1379 4615 1502 4653 nant
1539 4615 1778 4659 meorum
1816 4617 2028 4670 quoque
2060 4612 2178 4656 slu-

619 4692 834 4745 diorum
885 4693 988 4751 dux
1020 4703 1072 4746 ct
1102 4693 1358 4762 magistra
1417 4693 1655 4758 exstitit;
1698 4710 1818 4762 qua:
1864 4711 1968 4748 non
2002 4695 2180 4750 minus

608 4777 912 4832 litterarmn
964 4789 1126 4847 atque
1173 4781 1453 4844 doctrinae,
1507 4797 1668 4850 quam
1716 4782 1949 4849 urbium,
1984 4787 2179 4852 quibus

608 4870 864 4940 praecellit
903 4879 959 4922 et
998 4871 1332 4936 dominatur,
1379 4875 1728 4942 metropolis;
1777 4890 1938 4944 quam
1984 4879 2027 4930 si
2056 4878 2178 4947 quis

607 4962 870 5016 doctrinae
915 4963 1090 5029 palma
1123 4964 1456 5031 spoliaret-it,
1498 4980 1611 5018 rem
1652 4970 1893 5022 omnium
1931 4969 2180 5038 pulcher-

609 5057 797 5110 rimam
841 5054 1050 5122 ipsique
1100 5055 1334 5108 maxime
1386 5057 1655 5126 propriam
1680 5060 1960 5129 eripuerit.
2015 5062 2173 5132 Nam,

608 5162 726 5198 cum
776 5145 894 5200 aliae
928 5147 1175 5202 civitates
1219 5147 1341 5202 aliis
1392 5153 1746 5219 ornamentis,
1800 5154 1882 5209 vel
1913 5157 2170 5227 antiquis,

609 5238 690 5292 vel
721 5239 874 5292 novis
894 5239 1211 5308 glorientur,
1242 5253 1421 5312 prout,
1444 5244 1656 5312 opinor,
1680 5248 2052 5318 vel.historiis,
2089 5250 2173 5305 vel

685 5465 760 5532 ta)
789 5466 880 5521 0r.
904 5467 994 5534 45,
1023 5484 1078 5524 n.
1112 5468 1202 5524 15.

681 5538 758 5608 (ὑ)
793 5537 828 5608 9
862 5536 1008 5608 Maii,
1037 5554 1091 5607 p.
1125 5539 1252 5602 379,
1283 5538 1387 5594 col.
1415 5539 1470 5607 2,
1493 5549 1589 5608 not.

683 5606 754 5674 (ε)
786 5607 877 5661 0r.
905 5607 995 5674 45,
1021 5606 1075 5664 ti.
1108 5611 1191 5662 14.

679 5677 759 5746 (Δ)
789 5677 944 5746 lbid.,
999 5695 1052 5734 η.
1081 5679 1166 5734 15.

681 5744 752 5817 (ε)
793 5744 913 5803 γεω
947 5747 1145 5818 Bonl,
1175 5749 1305 5806 ibid.

2271 1851 2532 1922 adjungit,
2564 1861 2618 1904 et
2653 1849 2848 1902 littoris
2877 1849 3018 1901 inter
3052 1846 3238 1916 patriae
3267 1852 3582 1900 ornamenta
3605 1843 3681 1896 dat
3700 1845 3780 1912 pal-

2269 1961 2433 2000 mam.
2464 1941 2730 1996 Sic.cnim
2777 1940 3014 2008 loquitur
3043 1937 3116 2008 (g)
3169 1939 3234 1991 de
3285 1952 3351 1991 eo
3411 1946 3550 1990 Statu
3591 1937 3637 1990 in
3665 1952 3780 2005 q':eiu

2270 2035 2534 2088 divisione
2569 2031 2923 2101 Cappadocia:
2956 2031 3169 2083 redacta
3196 2037 3311 2082 erat
3347 2045 3364 2082 :
3402 2045 3421 2078 ι
3456 2027 3775 2094 Spectaculuiu

2270 2126 2628 2181 [mitissimum
2680 2125 2818 2177 facta
2850 2131 2952 2186 est,
2995 2137 3115 2191 qua:
3143 2122 3291 2192 prius
3332 2130 3451 2174 tum
3487 2121 3548 2174 de
3587 2120 3783 2173 litteratis

2268 2220 2475 2273 viris...
2509 2216 2858 2287 gloriabatur.
2897 2232 2916 2265 ι
2952 2213 3214 2267 Similiter
3242 2213 3292 2265 in
3329 2212 3435 2266 alia
3461 2211 3664 2281 epistola
3688 2211 3781 2282 (lt),

2271 2310 2582 2364 litterarum
2617 2308 2793 2362 studia
2848 2307 2987 2360 inter
3027 2321 3090 2360 ea
3137 2321 3255 2376 qua:
3303 2305 3510 2360 civitati
3555 2320 3718 2358 nomen
3746 2314 3784 2358 et

2271 2401 2472 2455 fannam
2501 2407 2846 2469 pepererant,
2874 2398 3142 2466 praecipue
3165 2405 3573 2450 commemorat.
3602 2397 3670 2448 An
3690 2411 3786 2449 vero

2271 2493 2588 2563 Gregorius,
2621 2491 2973 2560 pronuntiato
2998 2489 3214 2542 nomine
3243 2488 3527 2550 Caesareae,
3551 2487 3785 2540 admouere

2271 2595 2484 2658 poterat
2527 2583 2802 2638 auditores
2828 2623 2842 2648 ,
2875 2581 3210 2645 Caesaream,
3237 2580 3306 2635 de
3343 2595 3456 2650 qua
3503 2579 3782 2648 loquebatur,

2274 2693 2380 2732 non
2413 2692 2530 2730 eam
2558 2690 2677 2730 esse
2709 2675 2760 2728 in
2801 2688 2903 2742 qua
2927 2671 3225 2726 orationem
3270 2670 3527 2736 habebat,
3570 2670 3653 2724 sed
3697 2669 3780 2724 illu-

2273 2782 2439 2826 strem
2503 2771 2644 2823 illam
2707 2769 2760 2822 in
2819 2767 3106 2822 Palaestina
3172 2766 3480 2820 Caesaream
3536 2763 3785 2834 designari?

2274 2862 2431 2918 Certe
2452 2859 2499 2915 si
2530 2861 2597 2914 de
2631 2859 2875 2913 Caesarea
2909 2855 3208 2910 Palaestinae
3248 2855 3464 2909 locutus
3493 2853 3664 2908 fuisset
3688 2853 3786 2908 Gre-

2274 2936 2476 3025 gorius,
2509 2951 2812 3005 auditorum
2843 2947 3055 3002 animos
3091 2944 3429 3010 oﬂ‘cndisset,
3459 2948 3638 2999 nedum
3667 2947 3788 2998 bene-

2276 3045 2566 3100 volentiam
2599 3051 2896 3112 captassct,
2925 3039 3228 3107 meritoque
3251 3037 3622 3107 expostulandi
3645 3053 3787 3091 ansam

2278 3136 2602 3209 praebuisset
2627 3131 3059 3201 Cappadocibus,
3083 3130 3174 3198 qui
3202 3129 3500 3182 litterarmn
3521 3141 3571 3183 ct
3591 3127 3788 3194 cloquen-

2281 3232 2367 3284 tian
2399 3226 2608 3281 laudem
2637 3240 2738 3278 nec
2795 3221 3217 3276 Cacsariensibus
3246 3219 3562 3285 Palaestinae,
3594 3235 3678 3274 nec
3702 3219 3789 3273 aliis

2278 3321 2590 3377 civitatibus
2619 3317 3007 3373 concedebant.
3043 3314 3324 3381 Quomodo
3355 3314 3518 3368 etiam
3545 3315 3787 3368 Cmsareatu

2277 3401 2574 3470 Palaestina:
2627 3429 2645 3462 ι
2683 3410 2953 3463 civitatem
3007 3417 3246 3461 nostram
3288 3423 3309 3457 ι
3351 3406 3531 3460 dicere
3577 3404 3786 3466 licuisset,

2279 3509 2388 3562 imo
2425 3523 2444 3556 ι
2485 3503 2714 3574 patriam
2754 3521 2772 3554 ι
2815 3499 3087 3571 appellare
3109 3539 3125 3564 ,
3155 3499 3243 3554 ubi
3273 3498 3429 3570 ait(i)
3452 3539 3469 3565 ,
3509 3518 3527 3552 ι
3560 3515 3619 3553 ex
3644 3498 3788 3553 eodem

2279 3599 2465 3671 patria:
2489 3591 3322 3650 l‘onte....dissectos....Athenis
3350 3591 3604 3647 coivisse?
3629 3609 3646 3642 ι

2349 3689 2511 3743 Addit
2536 3688 2603 3758 υ)
2634 3687 2745 3740 haec
2770 3684 2934 3739 verba
2975 3681 3320 3750 Graagorius,
3363 3700 3483 3754 qua:
3533 3683 3662 3738 litem
3695 3681 3791 3736 diri-

2280 3792 2434 3837 tnunt
2465 3797 2479 3834 :
2517 3799 2536 3833 ι
2581 3779 2699 3832 Jam
2733 3793 2850 3846 quae
2888 3787 3213 3847 sequuntur,
3250 3777 3288 3831 ii
3327 3785 3624 3845 exponant,
3651 3773 3722 3843 qui
3748 3782 3788 3826 et

2280 3889 2400 3929 eum
2435 3874 2572 3942 apud
2609 3888 2667 3928 se
2695 3871 3040 3936 erudierunt,
3068 3878 3122 3925 et
3151 3868 3388 3923 fructum
3419 3885 3485 3924 ex
3536 3869 3682 3937 ipsius
3704 3881 3792 3918 cru-

2282 3966 2484 4018 ditione
2508 3973 2802 4032 ceperunt;
2832 3972 3066 4032 quantus
3089 3961 3341 4016 videlicet
3364 3959 3645 4030 magistris,
3669 3970 3795 4026 quan-

2283 4068 2368 4111 tus
2405 4055 2712 4125 azqualibus
2747 4064 2909 4109 esset.
2947 4072 2966 4106 ι
3002 4053 3134 4120 Quis
3166 4054 3474 4124 ambigendi
3507 4054 3662 4112 locus,
3696 4047 3794 4100 utris

2281 4145 2704 4201 Caesuiensibus
2731 4144 3003 4198 narranda
3037 4143 3334 4216 Gregorius
3360 4141 3654 4212 relinquat?
3673 4141 3792 4199 lisuc,

2284 4241 2372 4309 qui
2399 4239 2555 4308 longe
2580 4237 2770 4291 remoti
2795 4247 2974 4304 erant,
3001 4252 3100 4292 nec
3133 4241 3395 4305 majorem
3427 4253 3492 4292 ex
3519 4235 3682 4289 Basilii
3701 4247 3793 4285 eru-

2285 4332 2485 4386 ditione
2519 4330 2802 4384 utilitatem
2835 4345 2994 4398 quam
3025 4330 3142 4384 aliae
3165 4332 3417 4385 civitates
3453 4331 3796 4398 perceperant;

2285 4439 2350 4477 an
2385 4424 2449 4477 iis
2479 4437 2614 4489 quos
2645 4422 3040 4492 alloquebatur,
3082 4423 3281 4492 quique
3326 4432 3380 4476 et
3409 4420 3591 4475 Basilii
3635 4415 3796 4471 studio-

2266 4529 2407 4566 .rum
2451 4513 2759 4566 meminisse
2800 4523 3087 4581 poterant,
3119 4522 3171 4566 et
3204 4512 3295 4582 qui
3327 4511 3443 4579 ejus
3484 4509 3706 4564 doctrina
3730 4516 3799 4570 per

2289 4613 2366 4659 tot
2403 4620 2572 4658 annos
2626 4603 2816 4658 imbuti
2853 4602 3102 4657 fuerant?
3141 4603 3275 4658 Cum
3326 4604 3492 4673 igitur
3541 4601 3619 4655 bis
3660 4593 3799 4650 verbis

2287 4696 2569 4751 manifeste
2592 4683 3236 4765 Cmsarea'Gappadocum
3261 4696 3620 4763 dignoscatur,
3647 4690 3796 4742 intinc-

2288 4791 2392 4844 rito
2422 4789 2615 4858 quaerit
2639 4788 3034 4853 Tillemontius,
3062 4789 3204 4858 quod
3231 4803 3362 4858 pace
3394 4786 3530 4840 tanti
3563 4783 3656 4837 viri
3686 4779 3804 4832 dire-

2289 4886 2388 4937 rim
2410 4924 2425 4948 ,
2451 4897 2548 4936 cur
2577 4881 2892 4949 Gregorius,
2923 4881 3012 4950 qui
3063 4881 3323 4934 Caesareae
3354 4877 3662 4948 perorabat,
3688 4868 3804 4925 Basi—

2285 4973 2413 5029 lium
2456 4975 2507 5028 in
2556 4973 2698 5026 hanc
2732 4972 2921 5027 urbem
2968 4973 3181 5027 venisse
3227 4971 3504 5040 conceptis
3533 4965 3696 5021 verbis
3727 4973 3802 5014 nun

2285 5065 2461 5132 dicat;
2495 5080 2593 5120 cur
2631 5081 2737 5119 non
2769 5079 2888 5117 eam
2921 5063 3202 5133 designet,
3238 5065 3341 5118 nisi
3372 5059 3628 5130 ejusmodi
3659 5053 3802 5111 notis,

2287 5173 2407 5228 quae
2434 5159 2626 5214 saltem
2671 5158 2718 5212 ei
2752 5173 2873 5212 cum
2910 5158 3080 5212 altera
3111 5157 3356 5212 Caesarea
3389 5163 3687 5212 communes
3707 5147 3801 5200 sint.

2290 5252 2442 5318 Quod
2478 5261 2658 5304 autem
2693 5250 2879 5319 objicit
2909 5249 3295 5321 _Tillemontius
3323 5265 3390 5306 ex
3435 5263 3500 5304 eo
3538 5242 3668 5318 quod
3700 5238 3805 5295 Gre-

2371 5472 2434 5542 (f)
2481 5469 2602 5527 Vita
2627 5472 2806 5528 Const.
2841 5488 2893 5529 c.
2921 5472 3012 5541 45,
3039 5486 3092 5544 p.
3117 5467 3248 5529 548a.

2367 5549 2440 5615 (ει)
2478 5545 2644 5615 Εβίει·
2679 5544 2765 5615 76·
3152 5605 3155 5608 .

2386 5618 2439 5682 It)
2477 5613 2643 5681 Epist.
2680 5613 2767 5670 74.

2386 5624 2439 5682 η)
2477 5624 2643 5681 tsptst.
2680 5624 2767 5670 η.

2362 5624 2425 5754 ii)
2457 5683 2549 5754 Or.
2580 5683 2671 5748 43,
2696 5701 2749 5738 n.
2783 5682 2864 5740 l5.

2362 5753 2428 5824 Ο)
2464 5753 2695 5822 lbid.,tt.
2733 5755 2819 5812 15.
