3918 6506
144 370 208 424 l5

1362 346 1524 402 VITA
1566 347 1624 401 S.
1668 340 2018 400 GREGORII.

3207 336 3309 389 ltili

138 483 270 558 geritis
300 477 629 542 Czesaream,
662 473 725 529 de
756 489 859 545 qua
892 471 1153 542 loquitur,
1190 488 1208 522 ι
1246 470 1516 524 civitatem
1542 481 1637 520 no-
1666 469 1713 529 Α
1740 473 1827 519 est
1885 472 2197 531 tempestas,
2254 472 2415 527 quam
2474 455 2694 526 egregio
2748 462 2926 557 metro
2970 452 3166 558 cecinit
3213 454 3307 524 (c).

139 590 253 631 stram
282 592 298 623 ι
336 570 610 639 appellet,
641 569 763 639 quia
814 586 833 619 ι
875 568 1041 638 ipsius
1080 565 1381 620 studiorum
1426 563 1531 616 dux
1580 569 1635 615 et

139 666 329 733 magistra
358 660 571 713 exstitit
599 676 617 723 ;
656 678 672 710 ι
704 659 845 728 quod
873 698 887 722 ,
926 659 1179 727 inquam,
1205 654 1387 722 objicit
1421 653 1504 705 vir
1542 653 1636 704 do-

138 770 232 817 ctus,
255 762 301 805 ut
336 752 523 820 probet
559 750 677 803 hazc
710 750 872 802 verba
906 762 1009 801 non
1058 760 1182 801 esse
1213 743 1521 813 accipienda
1570 742 1636 795 de

135 858 310 899 Lesarea
367 840 766 910 Cappadociae,
817 854 977 909 quam
1044 838 1308 905 tiregorio
1367 852 1385 885 ι
1423 849 1572 887 suam
1610 849 1630 883 ι

138 938 216 989 aliis
236 936 288 987 de
314 932 506 993 causis,
541 941 707 1000 atque
743 930 1008 999 imprimis
1037 930 1181 998 quod
1204 942 1314 981 sum
1346 924 1638 996 provincia:

140 1024 380 1091 metropolis
405 1032 586 1089 esset,
620 1022 891 1092 appellare
924 1020 1151 1084 licebat,
1185 1018 1237 1071 in
1281 1018 1452 1087 ipsum
1485 1029 1637 1083 rege-

139 1124 241 1177 ntur.
266 1119 481 1177 Etenim,
510 1133 639 1171 cum
679 1116 981 1171 Ca‘saream
1027 1112 1317 1181 Gregorius
1359 1110 1427 1163 ob
1473 1107 1637 1161 disci-

138 1216 275 1282 plinas,
306 1225 430 1280 quas
462 1209 537 1262 ibi
571 1210 851 1267 hauserat,
885 1221 989 1257 non
1022 1202 1192 1257 solum
1228 1202 1295 1255 ob
1322 1198 1637 1267 metropoli-

139 1306 203 1357 lica
222 1303 337 1369 iura,
366 1319 383 1351 ι
411 1315 563 1352 suam
592 1317 612 1349 ι
644 1299 884 1362 diceret;
913 1296 1171 1348 rationein
1198 1293 1394 1346 addere
1418 1291 1627 1354 debuit,

136 1408 199 1443 tur
240 1405 337 1441 eam
378 1386 641 1456 singulari
681 1386 837 1437 modo
875 1399 1025 1437 suam
1072 1383 1368 1450 appellaret
1393 1418 1407 1439 .
1440 1376 1635 1443 alioqui

136 1496 241 1537 nemo
264 1494 352 1533 non
380 1478 755 1532 esistimasset
779 1490 902 1528 eum
932 1475 996 1527 ad
1036 1473 1157 1541 jura
1199 1469 1510 1539 metropolis
1553 1483 1639 1523 re-

136 1576 281 1640 spicere
310 1568 400 1638 (a).

134 1702 273 1760 XXXI.
308 1699 625 1755 Litterarum
666 1712 841 1751 amore
870 1695 921 1750 in
962 1693 1299 1749 Pala’stinam
1334 1707 1387 1773 se
1411 1689 1634 1759 confert.

181 1815 285 1867 Idem
316 1813 620 1864 litterarum
649 1823 816 1870 amor,
841 1806 928 1875 qui
956 1805 1208 1859 Basiliam
1228 1813 1280 1856 et
1309 1801 1630 1870 Gregorium
1667 1820 1706 1874 Β

137 1906 321 1959 Csarea:
347 1903 726 1970 Cappadocum
782 1899 1164 1966 coniunxerat,
1193 1895 1417 1947 alterum
1454 1893 1520 1946 ab
1555 1891 1634 1944 al-

138 2008 210 2048 tero
230 1996 470 2047 distraxit.
504 1994 746 2047 Basilius
782 2004 1010 2059 namque
1064 1989 1188 2040 inde
1232 1985 1504 2054 profectus
1552 1991 1635 2035 est

138 2087 613 2156 Constantinopolim,
652 2083 943 2151 Gregorius
990 2094 1117 2133 vero
1176 2076 1228 2130 in
1291 2072 1633 2127 I’alccslinam

136 2179 373 2245 narigabit:
410 2194 429 2227 ι
472 2175 554 2231 Ob
590 2176 729 2227 artis
767 2172 1018 2226 oratoriae
1061 2184 1297 2223 amorem
1346 2168 1396 2219 in
1458 2163 1632 2217 I’almo

136 2269 238 2321 suae
260 2268 454 2329 scholis,
484 2278 600 2319 tum
623 2265 951 2325 ﬂorentibus,
980 2260 1315 2329 moratus.(b)
1350 2278 1367 2309 ι
1397 2259 1635 2311 lilustres

74 2373 78 2381 '
135 2358 230 2408 enim
256 2370 385 2410 erant
414 2358 619 2411 schola:
646 2356 746 2408 illa-
784 2370 845 2408 ac
876 2352 1273 2407 ﬂorentissinne
1298 2389 1312 2411 ,
1340 2349 1392 2401 in
1440 2348 1634 2415 quibus

137 2465 177 2500 (ι
200 2449 479 2503 Christianis
511 2449 671 2509 olim,
696 2445 1003 2514 Pamphilus
1041 2452 1260 2512 martyr,
1322 2422 1583 2493 Eiisebius
1610 2479 1627 2505 ,

136 2537 277 2604 aliique
302 2538 587 2590 doctissimi
627 2537 725 2588 viri
771 2534 998 2604 prol‘essi
1032 2533 1276 2595 literaut;
1318 2531 1400 2583 his
1452 2539 1630 2581 autem

138 2630 410 2694 temporibus,
440 2628 801 2696 'l'beSperiu.n
837 2625 1151 2693 Gregorius,
1186 2632 1242 2676 ut
1280 2622 1467 2675 scribit
1506 2619 1632 2674 Ilie-

139 2732 343 2785 mnymus,
393 2718 696 2780 rhetorem,
745 2714 1064 2784 eloquentiae
1101 2722 1490 2782 prmceptorem
1533 2711 1631 2762 ha-

138 2807 235 2871 batt;
259 2820 302 2860 et
336 2809 464 2861 inter
495 2809 680 2862 socios
710 2807 961 2860 Euzoium
993 2846 1006 2868 ,
1034 2808 1119 2874 qui
1148 2817 1328 2873 postea
1356 2844 1370 2868 ,
1469 2805 1636 2872 impe-

142 2906 242 2948 nate
265 2896 477 2960 Valente,
496 2896 804 2966 patrocinio
834 2896 1156 2947 Arianorum
1186 2903 1399 2947 creatus
1422 2893 1630 2962 episco-

138 3000 216 3051 pus,
236 2987 592 3041 Caesariensem
628 2989 808 3042 sedem
845 2990 1150 3055 oecuparit.

430 3098 651 3154 XXXII.
702 3098 1080 3152 Alexandriam
1125 3098 1274 3165 petit.

184 3186 448 3255 Aliquaudiu
499 3197 872 3245 commoratus
918 3190 970 3241 in
1004 3186 1290 3241 Ρδιςιξδιῑιιιι
1325 3187 1619 3256 Gregorius

144 3281 440 3335 Alexandriam
468 3298 525 3335 se
561 3283 813 3344 contulit,
847 3280 1001 3346 cujus
1052 3279 1199 3333 urbis
1237 3280 1449 3332 scholas
1496 3280 1624 3334 olim

145 3372 401 3427 illustrarant
429 3373 704 3434 Clemens,
739 3370 1017 3440 Origenes,
1050 3370 1252 3439 aliique
1288 3370 1385 3422 viri
1427 3370 1627 3437 pietate

144 3473 175 3513 ct
194 3466 365 3518 scientia
391 3465 823 3525 commendandi,
852 3475 905 3516 et
934 3478 1067 3530 quas
1107 3462 1330 3514 demum
1372 3462 1630 3532 Didymus

142 3554 384 3610 odebriores
414 3556 667 3610 reddidit.
710 3557 897 3609 Adhuc
942 3565 1125 3608 noster
1151 3552 1470 3622 Gregorius,
1508 3554 1631 3607 licet

144 3658 185 3693 et
208 3660 298 3697 roto
333 3646 428 3701 Deo
476 3631 715 3711 oblatus,
748 3655 862 3699 erat
910 3646 1357 3709 catechumenos,
1392 3658 1458 3696 ex
1506 3658 1627 3709 usu,

144 3746 208 3784 seu
223 3736 360 3800 potius
379 3740 539 3793 abusu
572 3739 784 3792 illorum
820 3748 1141 3802 temporum,
1174 3734 1413 3803 antiquis
1439 3734 1628 3789 Eccle-

146 3826 414 3885 sietuoribus
437 3829 923 3897 tradilionibusque
948 3827 1258 3896 apostolicis
1283 3828 1625 3890 adversante,

146 3926 249 3979 quem
274 3920 365 3985 ipse
394 3921 730 3989 postmodum
762 3918 1081 3985 Gregorius,
1119 3916 1372 3983 Basilius,
1423 3916 1629 3985 Grego~

149 4017 220 4056 nus
239 4006 471 4079 t‘iyssenus
498 4012 735 4081 graviter
763 4011 1011 4065 inscetati
1052 4019 1199 4064 sunt.

1653 3164 1696 3223 (Ξ

146 4112 561 4180 XXXIII-XXXIV.
598 4125 825 4178 Athenas
880 4124 1089 4190 navigat
1142 4132 1188 4174 et
1233 4122 1379 4190 gravi
1434 4130 1629 4188 tempe-

190 4194 536 4276 statejac‘amr.
587 4224 657 4235 —
702 4194 960 4276 Validitas
1014 4193 1257 4259 baptismi
1320 4209 1413 4261 per
1465 4194 1626 4245 lalcos

190 4262 320 4313 cotluti
342 4262 434 4315 ιιόιι
469 4269 600 4317 satis
632 4276 748 4316 nota
776 4263 991 4315 (ἐι-ωεὶι

192 4362 361 4421 Demum
384 4371 587 4425 haustis
618 4373 900 4440 utriusque
921 4370 1177 4425 Caesarem
1203 4379 1255 4424 et
1286 4370 1627 4425 Alexandria:

148 4451 405 4512 Stifllllill’lllll
434 4461 691 4528 fontibus,
727 4462 914 4531 majori
952 4463 1116 4515 animi
1158 4467 1353 4517 ardore
1383 4465 1627 4517 Athena-
1662 4500 1706 4554 Ι)

148 4554 224 4594 rum
249 4545 431 4605 lluinina
454 4554 662 4617 sitiens,
694 4568 965 4623 mutaeque
987 4554 1301 4622 impatiens,
1329 4568 1625 4608 conscensa

148 4635 227 4686 navi
250 4638 439 4708 (Eginea
468 4648 611 4700 circa
647 4647 884 4701 medium
916 4646 1295 4711 Novembrem,
1338 4662 1443 4715 quo
1481 4659 1620 4701 tein-

148 4737 234 4787 Ροτε
258 4735 695 4797 periculosissima:
725 4748 1072 4808 tempestates
1108 4738 1315 4792 exoriri
1346 4739 1541 4803 solent,
1573 4738 1626 4791 in

148 4812 342 4912 ςῖιωεὶδιιι
366 4843 451 4895 per
476 4845 621 4883 mare
646 4829 1026 4884 Partheuicum
1056 4830 1301 4900 navigat.
1328 4829 1513 4899 Itaque
1538 4830 1624 4882 vix

144 4919 216 4970 tam
237 4915 465 4979 paululum
504 4924 656 4976 navis
682 4929 1042 4991 processerat,
1067 4936 1185 4975 cum
1215 4922 1402 4990 gravis
1437 4930 1624 4975 exorta

194 5062 248 5146 (ᾳ)
277 5067 562 5141 Scrupulum
592 5076 821 5144 aliquem
854 5075 981 5128 mihi
1008 5074 1251 5142 injiciunt
1279 5075 1437 5127 verba
1464 5072 1620 5128 Gre-

150 5143 242 5215 gorii
279 5147 487 5215 orat._in
536 5148 743 5200 Iaudem
786 5147 1001 5200 Caesarii
1049 5146 1152 5215 (or.
1200 5145 1253 5207 7,
1293 5160 1345 5199 ιι.
1375 5146 1427 5215 (5)
1461 5185 1474 5208 ,
1534 5146 1620 5198 ubi

151 5212 356 5285 postquam
397 5212 457 5267 de
512 5218 685 5285 prima
738 5212 1064 5269 educatione
1101 5215 1319 5268 C:esarii
1346 5255 1377 5285 ,ί
1409 5212 1624 5283 suaque

150 5281 267 5355 ipsius
287 5281 577 5355 intentionem
604 5286 748 5348 fecit,
777 5287 855 5339 sie
882 5286 1222 5352 prosequitur
1250 5303 1263 5339 :
1302 5304 1319 5335 ι
1351 5284 1484 5339 Cum
1504 5281 1618 5352 jam

151 5349 512 5423 Peregrinatiouis
538 5367 743 5423 tempus
771 5349 893 5409 esse
924 5349 1212 5417 videretur,
1255 5370 1318 5408 ac
1356 5366 1464 5406 tum
1506 5349 1618 5422 pri-

153 5420 252 5494 tttuui
273 5417 387 5494 alter
415 5424 476 5477 ab
510 5417 678 5479 altero
707 5425 947 5478 distracti
985 5440 1169 5477 sumus
1197 5440 1210 5488 ;
1239 5440 1337 5492 ego
1366 5417 1617 5494 nimirum

150 5474 322 5569 finitis
350 5496 580 5569 oratoria:
622 5510 857 5548 amorem
877 5496 994 5569 ,__in
1041 5474 1338 5569 Ρίιιωέιίιῗίε
1367 5493 1568 5569 scholis
1593 5533 1610 5558 ,

153 5551 540 5629 luntllorcntilms,
577 5574 835 5628 moratus,
877 5551 969 5617 ille
1004 5576 1180 5616 autem
1231 5551 1608 5616 Alexandriam

153 5617 379 5703 Reiectus:
399 5648 416 5680 ι
447 5632 498 5686 Si
526 5617 651 5687 cum
676 5617 904 5703 primum
944 5632 1234 5702 Gregorius
1266 5645 1316 5703 et
1350 5634 1611 5686 Caesarius

152 5684 323 5776 i‘jggab
341 5684 498 5776 altero
514 5684 915 5776 estEst-tigna;
947 5684 1238 5776 sagatus
1269 5684 1609 5776 missam";

154 5764 277 5825 Ρθυηρ
302 5777 345 5819 ιιι
364 5768 410 5824 iu
429 5774 616 5831 scholis
640 5784 723 5830 est
742 5782 999 5841 moratus,
1018 5764 1264 5831 Cicsarea
1292 5771 1609 5835 Palaestinae,

1740 555 1930 610 Omnia
1982 562 2296 623 praesentem
2345 549 2593 605 omnibus
2638 556 2863 601 mortem
2914 544 3303 599 intentabant:

1738 646 1997 714 Gregorio
2024 656 2201 698 autem
2233 657 2376 696 mors
2416 640 2608 694 animze
2639 638 2795 707 longe
2823 636 3083 704 majorem
3124 636 3313 689 formi-

1739 743 1917 797 dinem
1960 740 2233 795 all'erebat.
2274 757 2292 788 ε
2348 737 2401 789 In
2435 735 2727 805 periculum
2762 732 2903 785 enim
2950 731 3116 784 miser
3148 744 3312 783 vene-

1737 850 1878 897 ram,
1917 834 2089 901 inquit
2112 834 2214 902 (ll),
2254 845 2319 885 ne
2344 844 2448 883 non
2476 828 2716 880 initiatus
2747 840 2776 879 e
2802 824 2909 876 vita
2946 823 3305 887 discederem,

1736 925 2071 994 spiritualem
2131 938 2323 991 aquam
2386 920 2529 973 inter
2578 917 2837 970 exitiosas
2886 925 2940 969 et
2993 915 3310 969 mortiferas

1738 1020 1909 1071 undas
1945 1015 2282 1069 desiderans.
2324 1030 2341 1062 ι
2396 1008 2697 1069 Clamabat,
2746 1007 3086 1071 obsecrabat,
3140 1005 3303 1059 breve

1745 1110 2012 1179 quoddam
2048 1106 2302 1175 temporis
2338 1102 2572 1172 spatium
2609 1102 2934 1167 expetebat;
2980 1107 3158 1151 tantos
3210 1097 3306 1150 de-

1738 1215 1882 1253 mum
1914 1198 2145 1268 gemitus
2170 1197 2394 1259 edebat,
2432 1202 2488 1244 ut
2517 1190 2697 1245 ett-teri
2723 1232 2737 1256 ,
2771 1190 2909 1258 quod
2945 1190 3024 1243 vix
3054 1188 3309 1243 credibile

1742 1300 1824 1344 est
1845 1330 1860 1356 ,
1911 1290 2129 1343 omissis
2159 1289 2388 1356 quisque
2419 1290 2651 1357 propriis
2682 1282 3087 1341 calamitatibus
3111 1323 3127 1348 ,
3182 1296 3308 1335 suas

1741 1380 1985 1449 Gregorii
2014 1378 2302 1447 ejulatibus
2328 1378 2843 1448 precesjungerent,
2867 1376 2981 1443 ejus
3009 1372 3308 1426 infortunio

1739 1476 2113 1530 condolcntes.
2148 1474 2367 1540 Omnes,
2405 1472 2566 1527 etiam
2608 1472 2698 1541 qui
2732 1470 2893 1523 Deum
2926 1477 3048 1522 ante
3084 1482 3185 1520 non
3213 1482 3309 1520 nu-

1737 1576 1882 1631 raut,
1937 1567 2101 1620 Deum
2159 1560 2505 1628 invocabant,
2545 1574 2602 1617 ut
2649 1562 2839 1617 scribit
2881 1557 3305 1629 Gregorius(c);

1740 1658 1879 1726 quod
1927 1667 2075 1710 certe
2115 1668 2429 1725 argumento
2461 1667 2542 1710 est
2577 1657 2755 1725 plures
2784 1654 2833 1706 in
2867 1669 2929 1706 ca
2962 1652 3085 1705 navi
3142 1651 3307 1703 fuisse

1744 1746 1929 1799 fideles
1959 1746 2290 1799 Christianus
2311 1784 2326 1811 ,
2361 1747 2626 1814 baptismo
2658 1744 2897 1796 initiatos
2922 1782 2936 1804 ,
2970 1758 2999 1793 tt
3031 1742 3225 1809 quibus
3256 1748 3310 1793 el

1738 1836 1852 1905 ipse
1882 1834 2175 1904 Gregorius
2221 1837 2544 1888 necessitate
2572 1834 2878 1903 compulsus
2904 1848 3022 1884 cum
3055 1841 3233 1899 petere
3254 1839 3309 1884 et

1738 1927 2013 1995 suscipere
2064 1937 2274 1995 poterat
2303 1927 2372 1996 (Ῑ)
2409 1944 2422 1979 :
2460 1927 2602 1994 quod
2649 1925 2866 1993 quidem
2910 1922 3070 1976 licere
3105 1921 3305 1974 ducent

1741 2020 2128 2082 Tertullianus,
2165 2018 2543 2089 Hieronymus,
2577 2017 2903 2085 Augustinus
2938 2054 2954 2079 ,
2984 2015 3181 2082 aliique
3214 2014 3310 2067 doc

1734 2124 1947 2177 ctorcs,
1991 2124 2151 2181 atque
2196 2114 2355 2164 etiam
2404 2112 2667 2179 approbat
2718 2108 2975 2165 Ecclesia.
3027 2106 3307 2172 Quomodo

1734 2219 1862 2274 ergo
1895 2204 1992 2271 ipsi
2025 2205 2075 2257 in
2108 2214 2344 2257 mentem
2383 2218 2489 2255 non
2518 2202 2688 2263 venit,
2727 2210 2781 2251 ut
2811 2217 2840 2253 a
2872 2210 3139 2253 rectorum
3164 2211 3306 2267 quo-

1734 2297 1875 2365 piam
1925 2296 2249 2363 baptismum
2302 2294 2548 2362 peteret?
2597 2292 2860 2345 Validitas
2919 2292 3175 2359 baptismi
3213 2305 3308 2359 per

1715 2387 1901 2441 'laicos
1930 2386 2112 2440 collati
2147 2402 2251 2439 non
2310 2387 2443 2441 satis
2478 2395 2599 2438 nota
2634 2384 2800 2437 fuisse
2842 2383 3043 2436 Graecis
3076 2382 3302 2435 videtur.

1734 2478 1823 2533 Sic
1851 2478 2110 2541 Basilius,
2147 2489 2265 2544 post
2306 2477 2643 2549 Cyprianum
2696 2486 2750 2532 et
2798 2475 3173 2530 Firmilianum
3200 2513 3215 2535 ,
3250 2472 3305 2524 in

1732 2570 1954 2639 epistola
2012 2569 2269 2623 canonica
2298 2609 2312 2632 ,
2361 2583 2565 2621 canone
2612 2569 2715 2623 l°:
2765 2586 2787 2618 ε
2835 2564 3014 2626 Quare
3049 2579 3163 2626 eos,
3222 2562 3310 2616 in—

1734 2662 1847 2730 quit
1879 2662 1972 2730 (ῃ),
2007 2660 2096 2728 qui
2126 2660 2193 2712 ab
2235 2661 2470 2727 ipsorum
2498 2660 2743 2728 partibus
2771 2658 3011 2719 stabunt,
3045 2664 3301 2722 tanquam

1735 2765 1764 2803 δ
1800 2750 1945 2803 laicis
1977 2749 2309 2815 baptizatos,
2345 2748 2621 2817 jusserunt
2656 2756 2782 2808 vei-gi
2830 2746 3086 2801 Ecclesia:
3128 2745 3302 2810 bapti-

1737 2851 1911 2893 smate
1945 2840 2011 2892 ad
2065 2839 2359 2893 Ecclesiam
2392 2840 2669 2892 venientes
2699 2837 3007 2905 expurgari.
3053 2854 3071 2887 ι
3106 2835 3309 2901 Quibus

1733 2931 1915 2985 verbis
1966 2931 2133 2998 liquet
2185 2930 2435 2983 collatum
2498 2945 2528 2982 a
2571 2929 2721 2983 laicis
2776 2927 3042 2997 baptisma
3093 2927 3305 2981 irritum

1738 3023 1878 3093 apud
1903 3022 2121 3077 Graecos
2152 3020 2393 3076 habitum
2423 3021 2609 3075 fuisse.

1736 3130 2195 3186 XXXV-XXXVI.
2221 3130 2489 3183 I’romittit
2511 3128 2793 3197 Gregorius
2825 3146 2880 3182 se
2916 3128 3022 3180 Deo
3045 3128 3304 3181 victurum

1801 3204 1847 3255 si
1882 3218 2056 3259 sospes
2088 3202 2294 3280 erpdat.
2327 3228 2397 3239 --
2426 3200 2711 3254 Parentth
2763 3216 2816 3253 se
2845 3198 3084 3267 precibus
3134 3214 3306 3251 serva-

1802 3283 1912 3323 tum
1945 3283 2199 3339 agnosctt.

1801 3374 1904 3428 Per
1931 3375 2120 3443 viginti
2144 3373 2256 3428 dies
2283 3372 2458 3427 saeviit
2482 3381 2794 3440 tempestas,
2832 3372 3161 3439 totidemque
3185 3370 3300 3425 die-

1732 3464 1830 3519 bus
1871 3467 2259 3536 gemebundus
2304 3479 2464 3533 supra
2507 3463 2721 3533 puppim
2761 3464 2929 3531 jacoit
2968 3463 3297 3531 Gregorius,

1730 3557 1895 3611 Deum
1931 3556 2152 3626 supplex
2181 3572 2434 3620 exorans,
2470 3556 2736 3624 pollicitus
2764 3556 2807 3608 si
2846 3555 3009 3608 maris
3059 3555 3301 3624 periculo

1732 3648 2075 3709 liberaretur,
2108 3659 2270 3717 atque
2298 3648 2536 3711 expetito
2574 3648 2839 3716 baptismo
2882 3647 3173 3710 l'rueretur,
3210 3648 3294 3712 ei,

1731 3753 1762 3793 ιι
1816 3753 1923 3806 quo
1976 3737 2204 3792 salutem
2264 3740 2599 3807 accepisset,
2650 3753 2769 3792 sese
2829 3747 3297 3792 consecraturmu.

1735 3845 1755 3879 ι
1786 3827 1932 3882 Tuus
1982 3842 2137 3892 sum,
2193 3828 2512 3882 inclamabat
2561 3828 2637 3899 (Ii)
2706 3846 2721 3883 :
2783 3838 2937 3881 antea
2972 3828 3083 3897 jam
3125 3844 3301 3895 eram,

1731 3926 1787 3972 et
1810 3934 1949 3972 nunc
1975 3920 2188 3973 iterum.
2225 3918 2302 3972 Tu
2340 3934 2425 3972 me
2461 3919 2543 3972 bis
2580 3919 2813 3987 accipies
2842 3958 2856 3983 ,
2887 3919 3176 3986 pretiosam
3208 3920 3300 3973 tibi

1731 4010 2161 4078 possessionem,
2212 4019 2369 4063 terra:
2402 4010 2681 4077 marisque
2718 4026 2909 4063 munus
2932 4050 2947 4074 ,
2978 4011 3075 4062 tibi
3108 4026 3302 4065 conse-

1732 4110 1938 4153 cratum
1972 4110 2098 4153 volo
2133 4102 2371 4167 parentis
2404 4112 2457 4154 et
2491 4112 2632 4155 metu
2679 4102 3021 4170 gravissimo.
3070 4101 3187 4155 Tibi
3219 4101 3301 4156 vi-

1733 4207 1879 4255 vam,
1919 4193 1966 4247 si
2015 4193 2209 4260 duplex
2243 4193 2541 4261 periculum
2589 4192 2849 4260 ell'ugero.
2887 4194 2941 4247 Si
2992 4209 3079 4247 me
3121 4196 3299 4264 perire

1734 4283 1953 4347 siveris,
1986 4284 2160 4338 cultor
2208 4285 2301 4337 tibi
2334 4284 2549 4353 peribit.
2580 4283 2967 4352 Erpcrgiscere
3010 4285 3163 4349 mihi,
3206 4296 3300 4338 aut

1732 4374 1964 4441 gradere
1987 4414 2002 4438 ,
2035 4383 2089 4427 et
2121 4384 2318 4427 metum
2365 4388 2665 4441 compesce.
2709 4392 2727 4425 ι
2778 4372 2871 4427 Vis
2914 4375 3025 4428 Itzcc
3055 4376 3296 4437 dixerat,

1733 4478 1852 4516 cum
1879 4463 2065 4517 statim
2097 4464 2282 4517 sedata
2318 4472 2401 4517 est
2427 4474 2479 4516 ct
2511 4473 2834 4515 commutata
2866 4463 2919 4516 Ill
2949 4480 3133 4517 auram
3172 4480 3298 4533 pro-

1735 4554 1891 4608 cella.
1930 4553 2214 4607 Servatum
2251 4569 2310 4606 se
2339 4555 2582 4622 agnoscit
2612 4553 2904 4623 Gregorius
2935 4555 2996 4626 (ἰ)
3051 4558 3300 4623 precibus

1740 4655 2049 4715 parentum,
2088 4645 2177 4713 qui
2216 4646 2269 4697 in
2300 4646 2507 4698 somnis
2538 4645 2796 4698 admoniti
2838 4660 2995 4713 quem
3031 4647 3081 4699 in
3111 4663 3298 4702 casum

1731 4739 1998 4792 adductus
2028 4750 2174 4793 esset
2202 4738 2368 4801 ﬁlius,
2401 4738 2738 4791 orationibus
2761 4753 2824 4791 ac
2847 4738 3102 4807 lacryinis
3129 4738 3295 4792 Deum

1732 4830 2151 4885 obsecraverant
2204 4837 2260 4881 ut
2296 4828 2620 4897 periclitanti
2652 4843 2806 4897 opem
2850 4828 3037 4884 ferret.
3074 4829 3211 4894 Quin
3241 4840 3295 4883 et

1734 4920 1787 4975 in
1812 4921 1928 4989 ipsa
1966 4918 2190 4990 periculi
2229 4919 2467 4984 ﬂamma,
2498 4920 2683 4990 juveni
2726 4920 2935 4974 cuidam
2965 4935 3031 4976 ex
3057 4922 3297 4975 vectori-

1730 5089 1834 5127 non
1881 5073 2252 5143 Cappadocum
2300 5084 2381 5127 est
2424 5074 2764 5143 intelligenda
2793 5115 2809 5139 ,
2848 5075 2949 5130 nisi
3002 5074 3297 5131 dixerimus

1728 5157 2017 5212 Utrumque
2080 5156 2206 5197 tunc
2274 5155 2541 5198 versatum
2592 5147 2852 5199 Cursarem
2896 5150 3295 5213 Cappadocum,

1729 5216 1868 5267 unde
1896 5218 2036 5268 alter
2058 5214 2430 5277 Palaestinam,
2469 5217 2607 5269 alter
2631 5214 3017 5270 Alexandriam
3050 5215 3221 5283 petiit.

1822 5285 1873 5351 ὁ)
1906 5283 1999 5337 Or.
2040 5284 2125 5345 to,
2167 5302 2217 5349 ιι.
2250 5285 2372 5349 165,
2400 5287 2465 5338 Α.

1817 5356 1863 5423 c)
1899 5355 2078 5407 Carm.
2106 5354 2180 5407 De
2221 5352 2339 5406 Vita
2380 5370 2498 5421 sua,
2532 5369 2582 5410 v.
2616 5354 2712 5409 131
2748 5364 2799 5408 et
2827 5368 2943 5423 seq.

1796 5423 1873 5492 (ά)
1904 5423 1997 5478 Or.
2031 5424 2115 5485 18,
2148 5440 2200 5476 ιι.
2229 5424 2348 5478 151.

1792 5496 1861 5563 (ε)
1897 5494 2053 5559 ΒιιΙΙ.,
2078 5495 2111 5547 9
2139 5493 2281 5557 Maii,
2319 5510 2370 5564 p.
2400 5496 2526 5551 579.

1814 5570 1858 5635 Ι)
1887 5564 2123 5635 ’[ιΙΙιε-ιιιη
2160 5574 2197 5616 ι.
2236 5564 2303 5617 IX
2328 5604 2342 5627 ,
2376 5582 2425 5635 p.
2462 5566 2585 5620 5'26.

1812 5634 1863 5702 g)
1994 5632 2059 5685 III
2085 5649 2232 5686 nom:
2259 5632 2412 5703 editi,
2444 5652 2495 5703 p.
2522 5632 2645 5689 ‘270.

1787 5708 1864 5780 (ti)
1889 5702 2082 5780 ‘Carm.
2122 5703 2196 5755 De
2216 5702 2362 5780 _I_’ila
2390 5702 2507 5773 sua,
2538 5722 2586 5761 v.
2623 5706 2722 5764 191
2755 5715 2809 5763 et
2835 5722 2951 5780 seq.

1791 5774 1853 5843 ti)
1882 5772 1975 5828 Or.
2012 5774 2096 5839 18,
2131 5790 2181 5827 ιι.
2216 5774 2305 5829 51.
