3926 6410
609 303 709 361 1")?

1897 292 2059 352 vmt
2097 298 2156 353 s.
2197 292 2551 356 GREGORII.
3691 320 3763 378 ,εδ

610 419 728 479 bus.
752 414 841 483 qui
864 411 1125 479 Gregorio
1149 411 1503 466 charissimus
1528 423 1670 477 erat,
1700 413 1808 467 visa
1838 424 1920 467 est
1946 414 1996 467 in
2026 428 2170 468 som-
2196 420 2244 475 Α
2271 414 2687 488 ΧΧΧΥΙΙΙ-Χῐλἶ
2719 412 2925 488 Stolido
2971 414 3095 467 ritui
3133 410 3371 488 subducit
3415 419 3643 481 Basiliam
3668 430 3763 488 Gre.

609 509 884 561 nismater
915 505 1029 571 ejus
1063 502 1252 555 Nonna
1287 516 1433 555 mare
1469 504 1855 569 conscendere,
1883 513 2175 572 arreptam-

610 614 715 666 que
768 598 945 651 navim
1000 596 1063 649 ad
1105 607 1303 649 terram
1358 597 1730 662 protrahere:
1787 612 1893 665 qua
1960 598 2174 650 visione

609 702 888 761 perspecta
916 699 967 742 et
1014 698 1251 750 narrata,
1310 688 1491 741 statim
1552 698 1839 742 consecuta
1890 697 1971 742 est
2029 698 2175 741 tran-

608 785 845 853 quillitas
877 781 973 850 (a).
1012 779 1147 833 Tum
1174 788 1425 832 vectores
1447 794 1656 842 omnes,
1696 788 1959 848 quotquot
1984 778 2175 832 inﬁde-

611 879 877 937 Ieserant.
905 888 962 927 se
992 873 1103 935 Dei,
1136 886 1293 940 quem
1322 870 1532 924 colebat
1559 870 1882 939 Gregorius,
1919 870 2173 940 benigni-

610 977 719 1021 tate
750 973 989 1019 servatos
1016 972 1372 1032 agnoscentes
1418 972 1473 1016 et
1511 962 1833 1016 conﬁtentes
1857 1003 1873 1028 ,
1907 962 2175 1016 Christia-

608 1052 728 1109 nam
788 1053 1098 1121 religionem
1149 1066 1215 1103 ex
1278 1050 1459 1101 animo
1519 1050 1850 1116 amplexati,
1901 1047 2171 1117 duplicem

608 1146 753 1200 tracti
797 1153 920 1199 sunt
966 1143 1219 1197 salutem.
1255 1160 1273 1192 (
1332 1140 1501 1208 Hujus
1545 1142 1645 1210 ipsi
1705 1140 1947 1211 periculi,
1998 1139 2175 1207 inquit

609 1238 902 1310 Gregorius
933 1238 1026 1307 (b),
1053 1238 1247 1291 donum
1286 1235 1597 1288 exstitimus
1624 1252 1636 1287 :
1669 1243 1725 1287 ut
1752 1234 1895 1287 enim
1927 1249 2026 1286 nos
2064 1233 2174 1286 Deo

609 1345 952 1394 voveramus,
989 1329 1033 1382 si
1073 1328 1363 1381 discrimen
1394 1325 1789 1395 elfugeremns;
1834 1326 1905 1379 ita
1934 1322 2176 1393 periculo

611 1425 842 1487 liberati,
885 1437 981 1477 nos
1018 1421 1179 1475 etiam
1224 1420 1370 1486 ipsos
1408 1419 1719 1474 obtulimus.
1754 1438 1773 1470 ι
1820 1418 2029 1484 Quibus
2056 1429 2178 1469 Ver-

613 1519 693 1571 his
722 1515 1036 1584 Gregorius,
1079 1515 1121 1567 si
1153 1512 1394 1567 Baronio
1426 1512 1556 1566 lides
1599 1512 1700 1582 (ε),
1737 1526 1794 1565 se
1840 1520 1893 1565 et
1933 1520 2176 1564 vectores

609 1624 765 1664 sacro
790 1608 1110 1675 baptismate
1139 1614 1250 1659 tum
1292 1604 1456 1660 fuisse
1496 1605 1737 1659 initiatos
1759 1602 2050 1674 signiﬁcat.

731 1700 997 1755 XXXVII.
1028 1701 1258 1752 Athenas
1291 1700 1497 1753 advenit
1527 1700 1668 1752 circa
1700 1713 1894 1750 annum
1927 1694 2051 1749 350.

680 1794 897 1848 Interim
952 1794 1103 1845 navis
1150 1790 1492 1859 tranquillmn
1545 1803 1640 1857 per
1696 1801 1879 1854 aequor
1931 1783 2174 1838 Rhodum

613 1884 813 1954 appulit
842 1923 857 1946 ,
908 1881 1096 1935 Rhodo
1118 1880 1396 1950 lEginam,
1426 1879 1652 1946 indeque
1681 1877 1896 1930 solvens
1929 1875 2178 1929 secundis

610 1975 859 2030 ﬂuctibus
889 1975 1101 2027 tandem
1126 1972 1393 2039 expetitas
1435 1968 1723 2037 Gregorius
1764 1967 2008 2020 Athenas
2056 1980 2177 2033 pet-

614 2068 781 2119 venit.
834 2064 950 2129 Quo
977 2073 1154 2117 autem
1193 2077 1336 2114 anno
1378 2058 1724 2129 pervenerit,
1774 2068 1924 2110 certo
1955 2055 2179 2109 delinire

616 2156 829 2211 diﬂicile
864 2155 1048 2209 fuerit.
1080 2146 1475 2207 Tantummodo
1507 2166 1572 2204 ex
1606 2152 1722 2219 ipso
1748 2149 2026 2212 discimus,
2055 2162 2177 2201 eum

612 2250 907 2305 imberbem
933 2248 1109 2301 adhuc
1146 2246 1315 2300 fuisse
1344 2288 1358 2311 ,
1388 2261 1507 2299 cum
1540 2245 1840 2298 litterarum
1877 2255 2061 2297 amore
2094 2241 2176 2295 it:-

608 2356 800 2397 ceusus
827 2339 1067 2394 Athenas
1101 2338 1272 2407 petiit.
1322 2335 1414 2391 llis
1443 2336 1587 2391 enim
1624 2336 1803 2390 verbis
1840 2347 2066 2387 narrare
2098 2333 2179 2386 in-

606 2432 736 2500 cipit
776 2440 1167 2499 tempestatem,
1223 2445 1345 2499 quae
1388 2428 1441 2482 in
1476 2428 1615 2481 hanc
1646 2426 1832 2479 urbem
1884 2440 2019 2478 nave
2061 2433 2177 2478 tene

607 2524 758 2579 denti
816 2524 1127 2591 supervenit
1167 2541 1180 2576 :

748 2635 826 2708 (ά)
868 2635 1084 2708 Lariirgo
1122 2634 1350 2685 nondum
1383 2639 1792 2708 genas‘texerat,
1822 2638 1995 2682 tamen

863 2705 941 2758 lle
980 2705 1275 2757 litterarum
1304 2700 1507 2770 ceperat
1534 2700 1736 2769 fervens
1764 2716 1932 2763 amor,
1968 2708 2079 2754 etc.

678 2796 734 2850 lu
763 2796 1011 2849 oratione
1041 2809 1254 2862 quoque
1290 2808 1458 2856 me,
1495 2809 1549 2846 n.
1580 2788 1685 2857 25,
1725 2791 1801 2845 ait
1836 2807 1895 2845 se
1942 2800 1994 2844 et
2028 2790 2179 2845 Basi-

608 2890 734 2941 lium
770 2888 995 2941 Athenis
1026 2887 1079 2940 in
1122 2888 1351 2955 patriam
1402 2888 1629 2940 reduces
1660 2901 1679 2935 ι
1732 2898 1799 2937 ex
1846 2882 2178 2937 imberbibns

607 2981 753 3033 viros
798 2979 1007 3041 factos,
1046 2997 1064 3029 ι
1132 2978 1226 3031 καὶ
1277 2976 1535 3047 τελοῦμεν
1565 2976 1643 3039 εἰς
1688 2975 1885 3045 ἄνδρας
1937 2972 1995 3038 ἐξ
2043 2976 2176 3043 ἁγε-

608 3068 784 3121 νείων.
810 3067 961 3133 Quod
985 3075 1131 3120 certe
1155 3066 1394 3120 funditus
1419 3065 1614 3120 evertit
1633 3079 1818 3119 eorum
1844 3064 2173 3133 opinionem,
2203 3100 2245 3155 Ο

606 3159 698 3229 qui
744 3172 864 3211 eum
911 3155 1127 3226 triginta
1163 3171 1336 3210 annos
1372 3156 1600 3210 Athenis
1639 3156 1820 3209 studio
1854 3156 2177 3228 eloquentia!

610 3249 936 3319 impendisse
964 3250 1225 3303 sentiunt.
1256 3248 1431 3302 Verba
1474 3257 1653 3302 tamen
1685 3246 1957 3316 Gregorii,
1997 3255 2054 3301 ut
2084 3263 2178 3301 ve-

609 3359 724 3397 rum
755 3342 945 3409 fatear,
983 3343 1061 3397 sic
1083 3342 1256 3411 accipi
1290 3351 1345 3397 et
1386 3342 1602 3412 quidem
1645 3348 1791 3396 recte
1824 3350 2077 3412 possunt,
2115 3349 2175 3395 ut

607 3437 902 3491 imberbem
935 3435 1098 3488 fuisse
1119 3435 1523 3496 existimemus.
1555 3449 1677 3489 cum
1725 3435 1958 3503 primum
1995 3442 2176 3502 pater-

606 3544 727 3581 nam
755 3527 973 3582 domum
1008 3525 1223 3594 reliquit
1255 3534 1312 3578 ut
1349 3526 1610 3594 plurimas
1648 3526 1808 3580 urbes
1859 3534 2175 3595 peragraret

605 3618 903 3672 studiorum
949 3631 1148 3680 causa,
1198 3615 1503 3671 Caesaream
1553 3628 1842 3687 utramque
1872 3658 1885 3683 ,
1938 3618 2176 3673 Alexan-

605 3709 801 3771 driam,
831 3716 881 3762 et
915 3708 1128 3760 tandem
1166 3707 1408 3761 Athenas
1435 3749 1450 3773 ,
1482 3724 1615 3776 quas
1652 3709 1993 3778 potissimum
2024 3709 2174 3764 adire

606 3801 880 3866 cupiebat,
914 3811 1171 3868 tanquam
1196 3798 1499 3852 litterarum
1524 3799 1706 3853 sedem
1738 3809 1792 3853 et
1822 3801 2172 3853 domicilium.

608 3887 716 3942 llas
755 3887 941 3955 igitur,
998 3897 1054 3939 ut
1107 3887 1402 3940 verisimile
1449 3896 1566 3951 est,
1619 3888 1752 3941 adiit
1796 3889 1936 3942 circa
1974 3902 2170 3943 annum

606 3972 747 4035 550;
787 3971 829 4025 si
866 3972 1079 4039 quidem
1119 3972 1349 4027 Athenis
1393 3972 1503 4041 jam
1561 3975 1900 4039 versabatur,
1940 3993 2060 4031 cum
2110 3992 2173 4030 eo

608 4063 773 4128 venit,
800 4078 943 4117 anno
983 4063 1108 4130 ⁸551,
1129 4063 1384 4130 Basilius,
1409 4066 1564 4134 cujus
1589 4066 1873 4121 adventum
1891 4066 2002 4136 jam
2032 4068 2169 4122 fama

609 4153 921 4216 nuntiabat,
988 4167 1347 4222 magnamque
1386 4155 1636 4210 omnibus
1705 4159 2170 4225 exspectationem

609 4252 884 4310 moverat,
936 4245 1199 4313 praecipue
1242 4254 1419 4298 autem
1465 4245 1763 4315 Gregorio,
1806 4248 1897 4315 qui
1930 4249 2170 4304 Athenas

606 4333 787 4388 Basilii
812 4336 1042 4387 adventu
1076 4350 1094 4384 ι
1121 4349 1311 4388 aureas
1348 4354 1366 4387 ι
1401 4336 1500 4389 sibi
1528 4335 1697 4391 factas
1731 4338 1989 4406 singulari
2023 4355 2172 4397 amr.-

2341 490 2539 558 gorju3_
2562 485 2813 558 —_0pen_t
2847 485 2946 552 [ert
2982 496 3166 558 contra
3198 487 3485 543 Armenios.
3509 524 3571 533 -—
3606 485 3763 558 Arctis:

2343 552 2475 609 sima
2500 552 2757 609 Basilium
2789 556 2925 607 inter
2952 564 3001 609 et
3031 552 3336 626 Gregorium
3362 566 3668 623 necessitudo.

2344 689 2604 745 Omnibus
2659 689 3014 745 humanitatis
3056 690 3251 745 oﬂiciis
3300 691 3536 750 Basiliam
3581 711 3765 778 suscepit

2275 775 2605 847 Gregorius;
2658 789 2972 849 gratamque
3006 781 3269 848 imprimis
3315 781 3363 835 ei
3410 798 3607 852 operam
3644 775 3766 852 adre.

2275 868 2444 922 nienti
2474 870 2720 939 praebuit,
2757 871 2929 923 virum
2966 886 3182 941 gravem
3223 880 3276 925 et
3308 876 3585 932 modestum
3618 884 3766 941 subd..-

2274 961 2444 1014 cendo
2468 961 2673 1016 stolidae
2701 961 3054 1017 ludiﬁcationi
3092 963 3314 1018 Athenis
3344 966 3543 1021 usitata:
3572 986 3677 1042 erga
3699 994 3767 1031 uo.

2278 1068 2369 1107 vos
2397 1054 2706 1123 discipulos,
2727 1055 2816 1125 qui
2867 1054 2919 1108 in
2969 1054 3109 1110 hanc
3144 1056 3327 1110 urbem
3364 1072 3420 1110 se
3458 1062 3765 1125 conferebant.

2276 1144 2526 1199 Insanum
2560 1147 2703 1202 hunc
2736 1149 2895 1201 ritum
2923 1188 2937 1213 ,
2983 1150 3033 1201 in
3065 1149 3308 1203 oratione
3336 1148 3411 1203 De
3436 1150 3609 1206 Basilii
3632 1156 3766 1212 laudi.

2277 1236 2392 1301 bus,
2422 1236 2694 1307 eleganter
2723 1220 2979 1292 describit
3009 1238 3331 1308 Gregorius;
3368 1242 3453 1308 qui
3486 1258 3593 1296 mox
3618 1249 3765 1303 adver-

2277 1342 2368 1381 sus
2418 1327 2703 1383 Armenios
2746 1331 3008 1398 quosdam
3041 1344 3145 1383 non
3181 1330 3437 1383 minorem
3474 1335 3627 1389 amico
3654 1354 3767 1407 opem

2277 1418 2419 1474 tulit.
2466 1418 2527 1472 Hi
2583 1420 2833 1473 nimirum
2896 1421 3133 1475 Armenii
3170 1420 3351 1474 Basilii
3387 1422 3508 1476 olim
3540 1427 3624 1480 sub
3648 1428 3770 1496 ipsius

2277 1520 2428 1579 patre
2470 1510 2846 1581 condiscipuli,
2902 1511 3097 1565 invidis
3126 1513 3294 1566 oculis
3334 1511 3445 1579 ejus
3478 1513 3638 1571 laudes
3678 1536 3770 1573 con-

2278 1604 2592 1672 spicientes,
2623 1615 2873 1673 tanquam
2901 1604 3130 1660 Athenis
3160 1606 3364 1660 diutius
3390 1612 3693 1677 commorati,
3722 1624 3771 1667 te-

2282 1710 2426 1748 mere
2460 1694 2797 1749 lacessebant
2842 1694 3116 1759 Basiliam,
3150 1711 3179 1749 a
3207 1712 3313 1765 quo
3346 1697 3496 1751 facile
3520 1700 3771 1757 refelletur:-

2279 1792 2387 1839 tur.
2419 1784 2714 1853 Gregorius
2750 1786 2985 1853 quidem,
3012 1787 3340 1841 Athenarum
3365 1802 3566 1854 amans,
3591 1791 3771 1861 ipsarum

2277 1877 2686 1930 aestimationem
2724 1877 2774 1930 in
2825 1877 3095 1932 Armeniis
3127 1892 3156 1931 a
3186 1876 3388 1932 Basilio
3425 1884 3664 1949 superatis
3705 1900 3770 1953 pe-

2281 1968 2504 2020 riclitari
2532 1983 2672 2037 aegre
2700 1965 2897 2035 icrens;
2933 1971 3137 2024 veritus
3162 1976 3225 2024 ne
3246 1972 3436 2026 civitas
3463 1974 3641 2042 aliquid
3665 1978 3775 2030 dede-

2277 2061 2421 2113 coris
2450 2061 2743 2129 acciperet,
2770 2062 2812 2113 si
2837 2077 3004 2115 novus
3037 2062 3215 2115 accola
3257 2064 3579 2132 antiquiores
3608 2082 3774 2135 supera-

2279 2164 2380 2214 ret,
2413 2153 2583 2220 primo
2610 2153 2880 2208 Armeniis
2907 2169 3060 2223 opem
3095 2155 3301 2209 ferebat
3329 2174 3343 2220 ;
3380 2166 3432 2209 at
3461 2157 3544 2209 ubi
3572 2160 3775 2227 perﬁdum

2277 2258 2462 2297 eorum
2495 2259 2616 2298 esse
2649 2245 2933 2299 consilium
2983 2248 3296 2314 perspexit,
3337 2257 3497 2300 totum
3532 2264 3585 2301 se
3616 2248 3669 2301 ad
3707 2250 3776 2302 Ba-

2278 2334 2455 2386 silium
2494 2335 2692 2398 vertit,
2741 2350 2910 2402 eoque
2939 2334 3161 2400 juvante
3206 2338 3445 2390 Armenii
3485 2340 3673 2408 penitus
3696 2355 3779 2407 pru-

2284 2424 2479 2495 ﬂigati.
2526 2445 2543 2476 ε
2589 2428 2656 2494 (Ῑ)
2691 2427 2813 2481 [hnc
2845 2429 3034 2496 altera,
3073 2429 3266 2483 Basilio
3295 2441 3351 2482 et
3388 2430 3647 2498 Gregorio,
3682 2433 3779 2482 anu.

2277 2518 2419 2571 cilia:
2474 2532 2578 2570 non
2628 2516 2739 2586 jam
2788 2519 3039 2580 scintilla,
3074 2520 3167 2574 sed
3206 2518 3294 2572 fax
3347 2519 3487 2572 clara
3513 2530 3563 2573 et
3590 2521 3781 2573 sublimis

2278 2610 2608 2663 accenditur.
2651 2628 2670 2660 ι
2718 2608 2811 2663 llis
2859 2624 3090 2679 namque
3135 2609 3389 2662 amicitia:
3419 2610 3596 2662 oﬁiciis
3626 2609 3781 2678 Grego-

2279 2702 2392 2756 rius
2430 2703 2564 2756 adeo
2592 2702 2691 2755 sibi
2724 2701 2979 2756 Basilium
3017 2700 3352 2769 conciliavit,
3404 2701 3619 2755 Basilius
3646 2712 3782 2754 autem

2280 2807 2485 2846 morum
2516 2795 2777 2862 gravitate
2802 2793 2938 2847 adeo
2976 2793 3295 2863 Gregorium
3332 2794 3581 2857 devinxit,
3614 2802 3664 2845 ut
3688 2807 3783 2845 uua-

2279 2885 2450 2937 nimes
2494 2885 2654 2939 simul
2700 2882 2899 2949 eﬂ‘ecti,
2933 2883 3034 2937 sibi
3070 2884 3297 2953 quisque
3327 2882 3650 2936 felicissimus
3672 2882 3783 2935 vide-

2280 2984 2430 3031 retur
2461 2976 2603 3045 quod
2635 2976 2793 3029 talem
2830 2985 3143 3043 tantumque
3186 2987 3381 3030 nactus
3410 2985 3551 3031 esset
3582 2974 3782 3028 amicum.

2280 3068 2406 3122 Haec
2440 3078 2565 3121 sunt
2598 3067 2914 3125 arctissima:
2946 3066 3200 3120 Basiliam
3247 3068 3394 3121 inter
3427 3076 3481 3121 et
3522 3065 3785 3135 Gregorium

2280 3161 2529 3214 amicitiae
2560 3160 2924 3215 fundamenta.
2951 3158 3413 3215 Perfectissimum
3438 3159 3571 3215 istud
3599 3157 3787 3212 estami-

2276 3251 2415 3304 citite
2475 3251 2793 3305 Christiana:
2850 3250 3141 3319 exemplar,
3174 3266 3282 3318 quo
3337 3251 3448 3303 noti
3473 3264 3535 3302 ac
3584 3247 3780 3301 celebres

2276 3340 2447 3405 fuere,
2477 3352 2585 3395 tum
2613 3343 2917 3397 hominibus
2942 3357 3052 3398 suae
3080 3343 3254 3396 aetatis
3273 3381 3290 3406 ,
3337 3351 3449 3395 tum
3478 3339 3700 3396 omnibus
3723 3350 3787 3391 re-

2279 3442 2360 3488 tro
2391 3434 2621 3489 saeculis.

2276 3566 2411 3631 XLI,
2452 3566 2610 3621 XLII.
2652 3566 2847 3620 Crescit
2878 3567 3111 3619 amicitia
3152 3568 3293 3620 inter
3334 3567 3633 3635 Gregorium
3654 3561 3786 3635 etBa-

2344 3640 2540 3692 silium.
2574 3636 2688 3691 Una
2731 3640 2935 3706 utrique
2979 3638 3157 3689 anima
3180 3654 3291 3691 esse
3321 3632 3607 3691 videbatur.
3653 3632 3787 3688 Unum

2345 3711 2548 3777 utrique
2572 3708 2804 3762 studium
2839 3717 2951 3760 erat
2982 3708 3171 3761 virtus.

2345 3802 2530 3857 Crevit
2587 3800 2763 3854 adhuc
2820 3812 3107 3867 progressu
3162 3799 3428 3867 temporis
3487 3808 3587 3851 tam
3637 3803 3788 3851 sancta

2276 3892 2507 3947 amicitia
2532 3890 2863 3945 voluntatum
2889 3904 2951 3943 ac
2974 3888 3270 3943 studiorum
3298 3888 3659 3943 consentione.
3684 3885 3788 3939 Cum

2249 3983 2416 4059 _euim
2449 3991 2687 4035 mutuum
2721 3980 2857 4031 inter
2886 3991 2943 4030 se
2970 3975 3200 4031 confessi
3240 3977 3473 4030 fuissent
3496 3974 3781 4029 desiderium

2273 4070 2542 4125 sectandae
2574 4066 2944 4137 philosophiae,
2983 4074 3092 4118 tum
3143 4075 3374 4134 uterque
3417 4066 3568 4119 alteri
3608 4062 3784 4133 quidvis

2273 4171 2411 4226 erat,
2445 4158 2869 4223 contubernalis,
2893 4157 3190 4219 convictor,
3224 4170 3672 4235 concorswunum
3695 4166 3789 4219 spe-

2274 4262 2443 4316 ctans,
2482 4251 2673 4305 iisdem
2707 4250 2866 4303 rebus
2901 4248 3156 4317 gaudens.
3192 4244 3326 4312 Quis
3371 4247 3530 4315 digne
3562 4238 3795 4311 scripse‘rit

2272 4343 2561 4411 prmclaros
2596 4353 2701 4396 tam
2729 4341 2941 4396 eximite
2966 4339 3387 4395 necessitudinis
3412 4337 3649 4393 fructus?
3670 4331 3795 4387 Eccui

609 4427 681 4479 ris
711 4425 1075 4479 declaratione
1130 4427 1464 4493 signiﬁcabat
1494 4446 1508 4482 :
1546 4446 1564 4478 ι
1601 4428 1839 4483 Athenas
1884 4430 2010 4483 mihi
2045 4446 2172 4484 vere
2204 4442 2247 4499 ι)
2279 4445 2424 4489 tanta
2455 4434 2666 4488 dicendi
2702 4434 2886 4502 copia,
2923 4442 2980 4486 ut
3024 4434 3307 4498 utriusque
3358 4440 3473 4484 tum
3519 4429 3571 4482 in
3609 4426 3795 4486 litteris,

606 4532 817 4581 aureas,
856 4517 1046 4585 inquit,
1077 4516 1145 4586 (e)
1171 4557 1185 4581 ,
1224 4532 1321 4581 ac,
1375 4519 1417 4572 si
1467 4521 1716 4588 cuiquam
1748 4521 1862 4584 alii,
1912 4522 2171 4576 bonorum

605 4619 877 4677 parentes.
917 4607 1046 4661 Nam
1083 4609 1184 4662 illm
1227 4610 1355 4663 mihi
1388 4609 1680 4675 hominem,
1715 4628 1819 4666 non
1869 4613 2016 4665 illum
2049 4614 2172 4681 qui-

604 4703 722 4754 dem
748 4710 871 4754 ante
896 4701 1130 4769 ignotum
1156 4742 1172 4767 ,
1208 4705 1301 4755 sed
1358 4712 1534 4756 tamen
1584 4704 1794 4772 plenius
1842 4706 2169 4759 noscendum

602 4792 968 4857 prtebuerunt.
1001 4790 1079 4846 Ac
1104 4793 1403 4845 doctrinam
1441 4796 1753 4862 exquirens,
1785 4796 2169 4850 beatitudinem

603 4883 775 4950 reperi
803 4900 816 4945 ;
847 4883 1086 4951 mihique
1127 4884 1323 4951 dispari
1354 4886 1513 4939 modo
1545 4886 1682 4939 idem
1718 4888 1859 4954 quod
1902 4886 2051 4941 Sauli
2082 4903 2171 4941 ac-

601 4976 751 5035 cidit,
779 4974 867 5041 qui
894 4976 1060 5042 patris
1078 4974 1257 5027 asinas
1285 4991 1552 5043 quzerens,
1590 4994 1808 5048 regnum
1842 4980 2163 5035 invenit.....

600 5067 879 5121 Habebam.
912 5082 1008 5120 nos
1052 5065 1300 5131 Athon-.12,
1333 5068 1472 5120 velut
1500 5070 1699 5123 ﬂuxum
1740 5072 2025 5139 quemdam
2060 5072 2162 5125 ﬂu-

602 5160 861 5219 minis.ex
893 5158 1079 5213 eodem
1121 5158 1303 5226 patria:
1346 5158 1491 5215 fonte
1526 5162 1577 5215 in
1614 5163 1857 5218 diversas
1918 5167 2165 5231 regiones

602 5251 858 5303 doctrinm
899 5248 1188 5316 cupiditate
1230 5249 1508 5315 dissectos,
1554 5267 1871 5322 rursumque
1904 5256 2048 5308 velut
2098 5270 2161 5309 ex

601 5342 915 5411 composito,
951 5341 1059 5396 Deo
1087 5341 1337 5399 videlicet
1365 5344 1438 5398 ita
1472 5345 1802 5416 impellente.
1825 5358 2099 5405 coeuntes.
2139 5366 2156 5398 ι

673 5522 749 5596 (a)
784 5523 893 5596 Yit.
923 5525 1104 5596 Greg..
1139 5542 1193 5595 p.
1222 5528 1275 5580 5.

695 5594 743 5664 ὁ)
777 5594 868 5648 Or.
904 5598 987 5659 18,
1013 5594 1066 5653 u.
1096 5594 1185 5651 51.

669 5602 743 5731 pi)
777 5602 868 5648 Ur.
904 5602 987 5659 18,
1013 5614 1066 5653 ιι.
1096 5602 1185 5651 3|.

694 5666 739 5733 ε)
774 5666 807 5718 9
848 5665 987 5731 Maii,
1012 5682 1064 5734 p.
1094 5667 1219 5721 578.

667 5735 743 5803 (tl)
772 5735 951 5791 Gat'tn.
982 5737 1055 5793 De
1088 5736 1208 5792 Vita
1245 5754 1360 5806 sua,
1394 5752 1441 5791 ν.
1475 5734 1591 5789 112.

2277 4535 2389 4579 ιιιιη
2442 4526 2494 4579 in
2532 4526 2728 4594 pietate
2772 4538 3087 4593 progressus
3137 4536 3401 4576 enarrare
3439 4519 3640 4590 queat?
3673 4516 3792 4569 Unus

2275 4616 2327 4669 id
2373 4626 2550 4682 posset
2586 4614 2805 4682 exsequi
2840 4611 3153 4680 Gregorius.
3193 4626 3212 4660 ι
3246 4611 3355 4663 Par
3390 4623 3515 4677 spes
3554 4604 3796 4663 doctrina,

2274 4708 2446 4776 inquit
2475 4704 2570 4778 (g).
2606 4706 2707 4759 hoc
2734 4712 2838 4767 est,
2870 4705 2942 4757 rei
2973 4705 3213 4757 omnittm
3255 4702 3703 4759 invidiosissima’,
3727 4708 3799 4747 nos

2272 4800 2501 4853 ducebat
2530 4815 2542 4850 :
2580 4806 2633 4849 et
2662 4807 2839 4849 tamen
2873 4796 3061 4849 aberat
3092 4795 3315 4858 invidia,
3347 4793 3623 4848 aemulatio
3655 4798 3798 4843 autem

2270 4889 2323 4942 in
2381 4891 2550 4957 pretio
2594 4887 2911 4941 habebatur.
2956 4886 3065 4940 Hoc
3108 4886 3326 4953 utrique
3387 4894 3677 4941 certamen,
3719 4891 3798 4930 non

2268 4991 2388 5032 uter
2419 4981 2619 5047 primas
2646 4976 2830 5036 ferret,
2873 4976 2965 5028 sed
2991 4985 3113 5027 uter
3147 4974 3301 5026 alteri
3338 4987 3435 5026 eas
3468 4968 3798 5026 concederet.

2270 5080 2491 5139 uterque
2515 5069 2655 5123 enim
2682 5067 2903 5120 alterius
2924 5066 3145 5136 gloriam
3178 5080 3274 5133 pro
3306 5080 3407 5118 sua
3438 5062 3657 5115 ducebat
3709 5054 3800 5109 Una

2266 5164 2481 5231 utrique
2529 5161 2706 5214 anima
2762 5159 3062 5222 videbatur,
3113 5158 3219 5211 duo
3278 5171 3517 5225 corpora
3563 5154 3799 5206 ferens...

2266 5254 2440 5309 Unum
2471 5254 2687 5322 utrique
2720 5266 2851 5319 opus
2885 5259 2941 5303 et
2976 5250 3210 5303 studium
3258 5248 3441 5300 virtus
3482 5255 3621 5307 erat,
3658 5252 3707 5295 et
3748 5236 3797 5288 ad

2268 5343 2475 5398 futuras
2524 5358 2644 5413 spes
2680 5340 2897 5403 vivere,
2960 5352 3163 5408 nosque
3215 5337 3288 5392 ita
3347 5345 3679 5419 comparare,
3727 5333 3799 5389 υιι

2346 5518 2414 5587 (e)
2455 5518 2546 5573 0r.
2566 5516 2656 5582 ts,
2685 5532 2737 5570 η.
2768 5515 2835 5587 ti
2857 5529 2909 5571 et
2940 5520 3024 5574 ηδε

2350 5591 2415 5657 (Ι)
2459 5590 2613 5649 lhid.,
2646 5605 2697 5639 n.
2733 5586 2818 5659 15,
2851 5589 2968 5659 17η

2346 5656 2419 5731 (9)
2466 5658 2617 5724 lbid.,
2650 5676 2702 5712 n.
2734 5656 2823 5713 2t).
