3926 6410
183 293 263 347 I69
1442 284 1599 340 VlTA
1639 283 1694 336 S.
1737 281 2082 337 GliEGOBlI.

3295 289 3395 345 l70

173 423 280 469 ante
301 407 586 462 discessum
619 422 683 461 ex
708 409 812 464 hac
836 407 965 473 vita,
995 409 1121 464 hinc
1149 409 1524 480 migraremus.
1554 409 1706 477 Quod
1745 413 1786 467 Α
1817 415 1917 466 est.
1944 419 1998 460 et
2019 406 2350 461 carminibus
2372 408 2520 479 leges
2546 410 2847 478 prmscribit
2869 427 2884 474 ;
2907 411 3021 464 sive
3058 411 3111 464 iu
3140 413 3392 469 omnibus

171 502 352 574 quidem
379 498 532 554 nobis
555 498 626 552 ob
651 499 836 555 oculos
857 489 1143 571 ponentes,
1171 501 1335 556 vitam
1357 489 1707 570 actionesque

169 607 332 650 omnes
364 602 577 646 nostras
600 592 1016 665 .dirigebamus,
1064 604 1177 649 tum
1226 594 1392 649 divini
1442 593 1704 664 praecepti

173 691 353 740 ductum
380 695 700 754 sequentes,
732 697 842 742 tum
871 688 1013 743 alter
1041 687 1195 744 alteri
1226 689 1440 743 virtutis
1469 689 1706 744 studium

168 786 490 844 exacuentes;
519 787 701 846 atque,
735 779 838 834 nisi
881 779 990 834 hoc
1019 781 1362 852 arrogantius
1401 781 1581 834 dicere
1619 781 1699 834 vi-

170 875 293 936 dear,
319 884 545 939 uterque
577 871 732 926 alteri
763 889 952 928 norma
986 886 1041 928 et
1063 875 1298 929 anmssis
1328 889 1569 939 eramus,
1603 889 1707 943 qua

171 973 343 1018 rectum
373 978 404 1017 a
440 979 606 1032 pravo
639 964 984 1020 discernitur.
1029 965 1147 1021 Non
1178 966 1322 1020 enim
1372 981 1494 1020 cum
1545 965 1706 1020 soda-

169 1059 274 1108 lium
309 1061 611 1112 nostrorum
663 1056 1111 1124 petulantissimis
1148 1071 1202 1112 et
1228 1057 1668 1129 impudicissimis
1690 1097 1705 1120 ,

169 1148 244 1199 St'tl
284 1160 401 1198 enim
451 1147 776 1214 castissimis
826 1150 1270 1205 consuetudinem
1329 1149 1703 1218 habebamus;

165 1251 246 1289 nec
265 1250 374 1287 curn
391 1237 822 1305 pugnacissimis,
846 1241 938 1293 sed
959 1255 1080 1294 cum
1103 1239 1489 1308 pacatissimis,
1509 1240 1706 1309 iisque,

164 1341 364 1396 quorum
418 1329 748 1384 consuetudo
813 1331 1080 1385 maximos
1134 1329 1342 1385 fructus
1385 1329 1704 1386 all'erebat:

165 1420 270 1473 illud
310 1419 566 1474 nimirum
615 1420 952 1490 exploratum
1004 1423 1302 1489 habentes,
1336 1421 1545 1479 facilius
1589 1437 1710 1478 esse

163 1512 321 1564 vitium
343 1512 688 1578 contrahere,
712 1528 875 1582 quam
902 1515 1154 1596 virtutem
1188 1515 1492 1584 impertiri;
1524 1530 1709 1584 quem-

161 1603 423 1660 admodum
457 1605 620 1659 etiam
671 1603 881 1660 facilius
933 1621 1052 1661 esse
1090 1607 1277 1661 morbo
1313 1606 1491 1660 alieno
1522 1605 1668 1660 infici
1691 1645 1706 1670 ,

161 1711 293 1764 quam
327 1695 615 1752 sanitatem
645 1697 848 1768 largiri.
876 1697 1186 1767 Disciplinis
1226 1713 1411 1768 porro,
1449 1714 1553 1753 non
1596 1708 1702 1753 tam

1819 499 2172 569 philosophia:
2201 499 2446 568 partibus
2470 519 2483 554 :
2517 517 2583 554 ne
2611 502 2960 570 geometriam
2987 503 3203 572 quidem
3225 504 3296 558 ab
3325 520 3392 560 eo

1812 591 2108 662 neglectam
2137 590 2324 657 fuisse,
2355 607 2454 647 nec
2482 596 2894 660 astronomiam,
2926 611 3026 650 nec
3083 597 3392 653 arithmeti-

1810 702 1969 751 cam;
2024 689 2117 741 sed
2153 686 2218 740 iis
2265 687 2509 757 reiietiso,
2553 703 2672 757 quae
2719 689 2785 741 ad
2830 690 3393 759 pietatemprodessc

1811 793 1914 832 non
1959 789 2246 848 poterant,
2297 789 2508 834 tantum
2553 795 2619 834 ex
2654 781 2720 836 iis
2759 781 3059 850 disciplinis
3100 783 3199 838 sibi
3241 798 3388 839 sum-

1808 869 1984 940 psisse
2007 910 2022 934 ,
2056 880 2319 940 quantum
2349 872 2482 924 satis
2513 881 2670 936 erat,
2705 881 2763 924 ut
2805 871 2872 924 ab
2902 873 2968 925 iis
2992 912 3006 935 ,
3053 873 3143 941 qui
3178 888 3299 930 sese
3337 875 3375 928 ii

1809 963 1912 1017 hoc
1943 978 2144 1033 genere
2177 963 2550 1028 venditabant,
2579 963 2846 1034 exagitari
2875 980 2978 1018 non
3011 976 3213 1034 posset.

1935 1049 2115 1104 XLVI.
2153 1049 2510 1121 Prwceptores
2535 1055 2722 1122 quibus
2758 1070 2883 1107 usus
2915 1065 2992 1108 est
3022 1056 3255 1110 Athenis.

1879 1142 2247 1213 Przeceptores
2269 1185 2284 1206 ,
2321 1146 2516 1213 quibus
2540 1161 2668 1199 usus
2697 1156 2782 1200 est.
2803 1146 3034 1200 Athenis
3065 1146 3389 1216 Gregorius,

1810 1235 1951 1303 apud
1987 1244 2065 1289 tot
2093 1237 2342 1291 homines
2365 1235 2610 1291 celebres
2638 1246 2815 1302 erant,
2840 1239 2980 1306 apud
3008 1248 3138 1306 quot
3166 1239 3388 1294 Athena:

1811 1328 1959 1396 ipsae.
2016 1327 2080 1381 lli
2140 1328 2288 1384 fuere
2345 1327 2620 1385 Himerius
2659 1339 2712 1384 et
2759 1329 3128 1384 Prozrresins:
3183 1333 3389 1400 primus

1814 1419 2032 1486 gentilis
2061 1433 2176 1476 erat
2197 1461 2213 1484 ,
2246 1419 2385 1475 alter
2411 1436 2536 1475 vero
2562 1420 2928 1476 Christianus.
2967 1422 3016 1478 Is
3035 1463 3050 1488 ,
3079 1425 3148 1478 ob
3174 1425 3388 1479 dicendi

1809 1513 2042 1583 cupiam,
2069 1514 2302 1583 primum
2335 1513 2387 1567 iu
2414 1512 2637 1580 Gallias,
2665 1513 2791 1569 inde
2822 1513 3047 1569 Romam
3073 1531 3103 1570 a
3129 1514 3392 1571 Constan-

1813 1605 1888 1659 tio
1942 1604 2182 1670 missus,
2233 1604 2345 1662 illic
2391 1619 2456 1659 ex
2507 1607 2978 1662 senatusconsulto
3023 1607 3258 1663 donatus
3307 1617 3392 1662 est

1808 1705 1987 1752 statua
2020 1694 2282 1764 ejusmodi
2313 1695 2668 1766 inscriptione
2697 1697 2981 1752 nobilitata
3009 1720 3022 1753 :
3059 1715 3250 1754 nscius
3288 1715 3390 1754 ne-

156 1785 538 1853 jucundissimis
565 1827 579 1850 ,
611 1801 772 1855 quam
807 1786 1031 1855 optimis
1074 1787 1483 1842 oblectabantur
1512 1806 1524 1840 :
1579 1803 1702 1842 nam
1740 1766 1782 1823 Β
1813 1804 1921 1844 nunt
1953 1804 2090 1844 noua
2127 1804 2244 1843 REGI
2275 1804 2644 1853 ειοουειιτιλε.
2681 1791 3046 1846 Christianum
3085 1793 3227 1847 hunc
3253 1794 3391 1848 dixi-

159 1878 262 1930 hinc
278 1891 515 1944 quoque,
540 1877 623 1930 vel
653 1877 719 1930 ad
744 1876 1024 1941 virtutem,
1051 1878 1135 1933 vel
1157 1877 1223 1932 ad
1251 1878 1459 1943 vitium,
1476 1877 1704 1945 juvenes

158 1967 518 2022 informantur.
551 1988 569 2019 ι

157 2080 481 2136 XLlll-XLV.
524 2081 590 2135 In
637 2083 803 2136 sacris
842 2082 1083 2136 domibus
1127 2084 1353 2136 assidui.
1410 2083 1704 2138 Christiani

209 2165 248 2205 et
272 2169 378 2206 esse
411 2164 458 2205 et
484 2155 748 2206 nominari
779 2154 978 2207 volunt.
1011 2152 1284 2222 Pestiferw
1307 2155 1428 2206 aliis
1456 2155 1697 2218 Athenw,

211 2225 324 2275 nihil
359 2223 474 2275 illis
507 2232 712 2290 uacent,
745 2223 834 2278 sed
871 2225 940 2276 ad
967 2224 1123 2291 ﬁdem
1147 2222 1491 2292 conﬁrmant.

217 2355 234 2388 ι
269 2337 388 2391 Dure
435 2335 597 2392 nobis
633 2337 730 2389 viae
766 2345 902 2391 nota:
952 2345 1109 2391 erant
1154 2355 1166 2390 :
1210 2335 1381 2390 altera
1432 2337 1603 2406 prima
1653 2345 1706 2390 et

155 2427 497 2498 pneStantior,
522 2429 692 2484 altera
727 2429 962 2483 secunda
987 2438 1040 2484 et
1066 2427 1344 2484 inferioris
1377 2430 1536 2499 pretii
1566 2449 1581 2484 :
1615 2430 1704 2485 illa

155 2537 338 2592 nempe,
379 2537 509 2592 quae
539 2523 606 2575 ad
642 2536 826 2578 sacras
863 2529 1079 2578 nostras
1124 2523 1312 2577 domos
1334 2563 1351 2588 ,
1383 2537 1586 2593 eosque
1613 2523 1703 2594 qui

156 2615 244 2668 illic
279 2625 438 2668 erant
483 2615 733 2670 doctores
753 2654 769 2679 ,
799 2612 1044 2681 ferebat;
1083 2614 1196 2668 lucc
1224 2625 1404 2669 autem
1430 2655 1446 2680 ,
1489 2630 1609 2684 qua:
1638 2615 1706 2670 ad

153 2717 374 2762 externos
405 2715 793 2776 praeceptores.
819 2705 1056 2762 Caeteras
1077 2721 1286 2770 omnes,
1311 2723 1430 2778 quae
1454 2707 1518 2760 ad
1543 2705 1701 2773 festa,

152 2800 472 2866 spectacula,
502 2800 746 2855 celebres
788 2809 1089 2854 conventus
1109 2839 1124 2862 ,
1171 2799 1361 2869 epulas
1393 2799 1701 2864 ducebant,

153 2906 279 2960 a-quo
317 2905 379 2946 ac
427 2889 616 2944 libenti
667 2889 850 2944 animo
889 2889 1011 2943 aliis
1060 2888 1550 2958 reliqueramus....
1583 2888 1702 2943 Jam

152 2994 250 3038 cum
275 2980 395 3034 aliis
431 2979 538 3032 alia
579 2981 822 3047 quedam
855 2991 1214 3049 cognomenta
1250 2979 1389 3040 sint,
1424 2979 1508 3033 vel
1544 2998 1572 3033 a
1606 2995 1702 3050 pa-

152 3073 367 3127 rentibus
389 3081 640 3140 accepta,
663 3070 746 3124 vel
774 3086 841 3125 ex
870 3071 1084 3140 seipsis,
1115 3070 1218 3125 hoc
1257 3079 1338 3126 est
1368 3085 1433 3124 ex
1467 3072 1704 3141 propriis

1813 1897 1966 1946 mus,
2002 1877 2262 1952 quidquid
2310 1882 2592 1953 scripserit
2639 1883 2953 1952 Eunapius,
3003 1885 3091 1954 qui
3143 1885 3284 1940 hunc
3332 1895 3390 1941 ut

1813 1973 2064 2044 gentilem
2088 1974 2191 2029 sibi
2220 1972 2478 2029 vindicat.
2513 1973 2843 2031 Promresius
2873 1977 3016 2031 enim
3061 1975 3384 2031 Christianae

1815 2065 2057 2137 religioni
2099 2065 2178 2122 sic
2222 2067 2468 2122 addictus
2534 2067 2656 2133 fuit,
2692 2077 2752 2122 ut
2793 2082 2915 2122 cum
2961 2065 3245 2135 Julianus,
3273 2069 3390 2138 lege

1812 2156 1936 2211 data
1998 2170 2066 2211 ne
2125 2155 2426 2211 Christiani
2496 2157 2801 2212 liberalium
2857 2157 3055 2210 artium
3132 2158 3386 2213 doctores

1812 2257 2010 2315 essent,
2038 2247 2136 2318 ipsi
2163 2246 2500 2304 Christianos
2526 2251 2718 2305 docere
2747 2251 3112 2317 permisisset,
3145 2251 3383 2304 scholam

1812 2349 2004 2408 sponte
2043 2339 2346 2394 deseruerit
2389 2357 2404 2392 :
2452 2339 2594 2409 quod
2635 2357 2701 2394 ex
2745 2340 3070 2411 Hieronymo
3103 2339 3381 2395 discimus.

1811 2431 1951 2497 Quin
1987 2431 2101 2501 ipse
2129 2430 2406 2499 Eunapius
2430 2431 2660 2496 scribit,
2712 2431 3068 2486 Proceresium
3117 2433 3385 2487 sententia

1811 2521 2010 2577 Juliani
2034 2538 2064 2577 a
2090 2522 2321 2578 lectione
2343 2533 2608 2578 remotum
2635 2523 2818 2579 fuisse.
2847 2526 2925 2577 An
2953 2541 3083 2578 vero
3110 2524 3383 2591 Julianus,

1813 2615 2152 2671 ethnicorum
2181 2614 2626 2685 philosophorum
2662 2615 3123 2679 Stutliosissimns,
3167 2624 3386 2670 senten-

1811 2706 1884 2761 tia
1944 2722 2039 2762 sua
2093 2724 2122 2760 a
2171 2707 2404 2762 lectione
2452 2707 2773 2764 removisset
2826 2706 3223 2775 Proarresium,
3282 2706 3385 2762 nisi

1811 2795 2178 2851 Christianam
2208 2797 2518 2866 religionem
2545 2795 2736 2849 fuisset
2764 2793 3077 2864 professus?

2017 2884 2218 2938 XLVII.
2263 2884 2338 2940 De
2362 2883 2584 2939 Iuliano
2611 2883 2850 2954 Gregorii
2885 2884 3187 2950 augurium.

1884 2977 2084 3033 Habuit
2104 2979 2332 3033 Athenis
2353 2977 2666 3048 Gregorius,
2694 2977 2832 3030 inter
2853 2976 3154 3030 studiorum
3183 2975 3384 3042 socios,

1809 3069 2083 3128 Julianum
2125 3080 2551 3141 exaequatorem,
2579 3083 2740 3138 quem
2785 3066 2836 3120 in
2881 3068 3130 3122 oratione
3174 3068 3385 3124 decima

153 3163 252 3214 vita:
288 3161 488 3217 studiis
520 3131 889 3230 institutisque
917 3131 1270 3229 comparata:
1314 3131 1482 3216 nobis
1515 3131 1703 3216 contra
1733 3131 1777 3188 θ
1814 3181 1954 3222 nona
1987 3166 2081 3235 (n.
2123 3163 2192 3218 12
2221 3131 2280 3217 εί
2311 3160 2413 3232 16)
2441 3161 2764 3230 alloquitur;
2797 3158 3024 3213 alterum
3058 3160 3186 3212 item
3214 3158 3384 3220 Julia,-

154 3269 319 3324 magna
351 3269 447 3308 res
485 3259 542 3306 ct
574 3267 828 3321 magnum
873 3266 1067 3306 nomen
1097 3260 1215 3307 erat
1236 3291 1252 3316 ,
1282 3250 1628 3306 Christianos
1653 3261 1708 3305 et

149 3361 248 3400 esse
273 3356 325 3400 et
348 3345 696 3399 nominari...
733 3344 928 3413 Atque,
964 3353 1022 3397 ut
1054 3357 1165 3397 rem
1200 3343 1252 3396 in
1282 3357 1450 3412 pauca
1480 3352 1702 3398 contra-

153 3439 286 3503 ham,
314 3437 591 3507 pestifera:
619 3437 838 3507 quidem
866 3435 1022 3501 aliis,
1059 3435 1200 3504 quod
1235 3435 1300 3490 ad
1333 3434 1526 3490 anima:
1560 3434 1708 3490 salu-

151 3542 238 3587 tem
259 3533 478 3599 attinet,
511 3531 736 3585 Atbente
772 3538 964 3585 sunt...
990 3529 1144 3584 nobis
1174 3537 1351 3583 autem
1387 3527 1522 3582 nihil
1545 3527 1710 3582 detri-

152 3627 292 3680 menti
320 3625 389 3679 ab
420 3627 491 3680 iis
514 3624 735 3678 allatura
763 3631 877 3686 est,
922 3631 1106 3692 utpote
1133 3621 1225 3690 qui
1255 3621 1437 3674 animo
1463 3634 1709 3675 commu-

149 3719 228 3773 nili
259 3727 310 3772 et
352 3717 574 3786 obsepli
621 3729 860 3772 eramus.
890 3713 1031 3781 Quin
1079 3713 1256 3783 potius
1288 3713 1414 3768 hinc
1448 3713 1516 3767 ad
1547 3712 1707 3766 fidem

148 3813 430 3865 confirmati
466 3825 676 3865 sumus.
710 3828 730 3861 ι
757 3808 885 3863 lude
908 3807 1155 3876 contigit,
1181 3815 1238 3860 ut
1262 3806 1537 3876 egregium
1570 3803 1705 3858 illud

175 3920 225 3955 ar
261 3905 567 3959 amicorum
587 3941 604 3966 ,
638 3917 744 3956 non
769 3901 821 3954 in
858 3901 1106 3955 universa
1132 3899 1338 3954 Graecia
1377 3899 1548 3954 solum
1575 3938 1588 3962 ,
1616 3897 1708 3952 sed

175 3920 225 3955 ar
261 3918 567 3959 amicorum
587 3941 604 3966 ,
638 3918 744 3956 non
769 3918 821 3954 in
858 3918 1106 3955 universa
1132 3918 1338 3954 Graecia
1377 3918 1548 3954 salum
1575 3938 1588 3962 ,
1616 3918 1706 3952 seu

145 3918 565 4052 Extrafaraaciam
590 3995 990 4060 celebraretur;
1015 4004 1070 4046 et
1102 4009 1222 4048 cum
1253 4007 1440 4046 eorum
1463 3992 1706 4061 magistri

147 4090 321 4144 faniam
355 4089 704 4144 Athenarum
754 4085 1137 4154 adzequarent,
1175 4085 1271 4154 ipsi
1310 4098 1555 4154 quoque,
1589 4084 1710 4138 ubi-

145 4196 334 4250 cunque
369 4181 496 4236 noti
542 4188 699 4235 erant
729 4177 1013 4250 magistri,
1055 4178 1105 4230 in
1141 4176 1417 4230 hominum
1450 4189 1545 4229 ore
1581 4189 1706 4228 ver-

143 4286 393 4342 sareutur,
460 4285 515 4330 et
562 4275 740 4330 Oresti
789 4288 852 4328 ac
895 4270 1065 4326 Piladi
1119 4269 1276 4340 longe
1329 4268 1396 4323 ab
1442 4266 1697 4323 omnibus

144 4370 534 4436 pmferrentur.

198 4460 470 4533 Quidquid
502 4469 765 4532 praeterea
805 4458 870 4511 de
893 4452 1090 4509 Basilio
1120 4450 1378 4518 privatim
1407 4447 1704 4518 Gregorius

141 4553 418 4612 honorilice
452 4555 736 4626 praedicat,
772 4552 837 4606 de
862 4551 981 4617 ipso
1008 4559 1223 4616 quoque
1254 4542 1520 4611 Gregorio
1551 4540 1704 4595 intel-

142 4647 396 4717 ligendum
452 4663 576 4704 esse
614 4646 815 4702 nemini
864 4642 1114 4720 dubitare
1158 4638 1316 4699 licet,
1362 4634 1611 4704 quamvis
1652 4633 1702 4687 id

141 4742 334 4796 silentio
347 4739 739 4810 praetermittat
761 4736 840 4788 vir
857 4745 963 4788 tam
983 4732 1275 4793 modestus,
1298 4737 1355 4781 ut
1377 4726 1452 4798 (a)
1478 4745 1494 4776 ι
1521 4725 1703 4780 laudes

138 4848 246 4889 snas
280 4850 346 4889 ne
391 4834 464 4887 ab
493 4832 601 4887 alio
624 4819 840 4900 quidem
889 4841 1126 4896 unquam
1177 4821 1461 4895 praedicari
1492 4828 1703 4888 patere-
1743 4839 1756 4877 ι

139 4935 230 4982 tnr.
259 4945 276 4978 ι
311 4927 513 4981 Dicere
537 4938 665 4993 ergo
693 4922 872 4984 liceat,
903 4934 1026 4974 cum
1056 4915 1190 4970 Viue
1213 4913 1385 4984 ipsius
1409 4912 1698 4980 scriptore,

135 5017 190 5071 de
209 5017 496 5086 Gregorio,
539 5014 682 5086 quod
718 5013 832 5082 ipse
858 5009 1154 5080 Gregorius
1183 5013 1372 5059 noster
1399 5005 1464 5058 de
1493 5001 1696 5057 Basilio

136 5107 370 5175 scripsit;
431 5119 624 5174 nempe
679 5102 1004 5172 Gregorium
1058 5099 1140 5152 bis
1195 5094 1478 5166 praeditum
1530 5091 1700 5148 fuisse

137 5198 392 5261 moribus,
428 5197 526 5268 qui
573 5198 733 5251 etiam
767 5194 890 5249 sine
928 5190 1170 5247 doctrina
1211 5187 1426 5241 laudem
1474 5185 1700 5240 habuis-

133 5301 274 5356 sent;
303 5292 399 5344 sed
430 5292 498 5344 ad
525 5292 622 5344 hos
651 5302 828 5343 mores
851 5296 906 5342 et
931 5283 1202 5356 egregiam
1233 5279 1465 5334 indolem
1492 5287 1697 5332 tantam

132 5385 418 5439 accessisse
462 5384 719 5439 doctrinae
744 5381 974 5450 copiam,
1011 5387 1070 5431 ut
1100 5389 1258 5430 nemo
1285 5387 1409 5428 cum
1446 5386 1510 5426 eo
1541 5386 1694 5426 com-

133 5478 394 5540 parandus
444 5486 584 5531 esset
612 5515 628 5539 ,
655 5476 769 5528 sive
795 5474 847 5526 in
883 5469 1179 5531 rhetorica,
1212 5482 1332 5535 quae
1367 5465 1601 5535 linguam
1631 5465 1695 5516 ad

132 5565 478 5622 Grrccisinum
513 5570 730 5630 format,
765 5565 1045 5620 historiam
1077 5561 1306 5630 colligit,
1340 5559 1524 5614 metris
1565 5570 1695 5628 prte-

197 5685 265 5749 (a)
298 5684 399 5736 0r.
443 5683 532 5744 45,
571 5699 622 5734 n.
654 5680 744 5735 9.2.

199 5758 264 5822 (υ)
301 5757 398 5809 υτ.
447 5755 502 5818 5,
540 5771 590 5807 ιι.
623 5752 712 5804 es.

404 5851 677 5910 Parnm.
714 5848 830 5908 Gn.
867 5842 1134 5907 XXXV.

1812 3273 1938 3312 num
1969 3257 2128 3326 longe
2159 3253 2527 3310 famosiorem.
2554 3251 2602 3304 Is
2633 3260 2746 3304 erat
2778 3248 3044 3315 Julianus,
3073 3249 3380 3306 Constantii

1808 3348 2032 3419 Augusti
2069 3360 2374 3412 successor,
2418 3359 2513 3398 sua
2548 3359 2576 3395 a
2624 3343 2887 3412 religione
2922 3341 3233 3398 ChriStiana
3284 3348 3381 3398 de-

1812 3442 2041 3497 fectione
2103 3438 2456 3502 notissimus,
2525 3436 2884 3504 oarlnibusque
2961 3444 3104 3489 retro
3173 3437 3382 3490 sa‘culis

1809 3533 2190 3589 exsecrandus.
2243 3528 2377 3585 Cum
2422 3528 2658 3582 Athenas
2704 3526 2942 3582 venisset
2977 3526 3125 3580 circa
3181 3542 3378 3580 annum

1810 3625 1913 3681 355
1949 3626 2215 3686 medium,
2268 3623 2357 3677 ubi
2388 3623 2622 3690 primum
2663 3634 2784 3674 cum
2820 3635 2886 3674 eo
2926 3634 3253 3688 congressus
3299 3630 3382 3674 est

1810 3718 2125 3788 Gregorius,
2162 3714 2437 3770 hominem
2482 3711 2668 3778 novit;
2703 3721 2756 3766 et
2784 3711 3044 3781 quidquid
3087 3721 3272 3781 postea
3307 3712 3380 3765 in-

1811 3814 1936 3868 felix
1961 3809 2331 3882 comprubavit
2351 3818 2601 3873 eventus,
2627 3807 2904 3875 perspexit
2931 3815 2985 3860 et
3009 3806 3380 3875 pramuntiare

1813 3922 1918 3960 non
1965 3903 2231 3958 dubitavit
2261 3901 2345 3956 his
2387 3899 2568 3953 verbis
2592 3899 2711 3968 (b):
2755 3918 2773 3948 ι
2813 3896 2984 3964 Quale
3019 3897 3380 3951 Romanorum

1813 3997 1960 4065 regio
1983 3994 2177 4048 malum
2212 3991 2345 4046 aliti
2379 4011 2398 4044 ι
2436 3984 2562 4044 υἷον
2602 3990 2767 4044 κακὸν
2799 3991 2831 4060 ἡ
2871 3988 3157 4060 Ῥωμαίων
3192 3989 3382 4059 τρέφει

1811 4087 1984 4150 πόλις.

2001 4173 2228 4230 XLVIII.
2263 4172 2506 4226 Raditum
2537 4173 2592 4226 in
2620 4173 2846 4242 patriam
2875 4170 3179 4223 meditatur.

1878 4269 1991 4323 Non
2021 4269 2109 4320 diu
2140 4278 2262 4338 post
2289 4265 2490 4320 Juliani
2520 4267 2841 4324 adventum,
2869 4261 3162 4330 Gregorius
3188 4272 3244 4316 et
3273 4262 3380 4315 Ba-

1807 4365 1996 4428 silius,
2045 4362 2201 4432 plena
2242 4362 2507 4416 doctrinae
2548 4357 2819 4414 mercibus
2847 4371 3017 4422 nave,
3055 4357 3288 4411 reditqu
3325 4358 3380 4410 in

1809 4457 2080 4526 patriam,
2126 4463 2186 4508 ut
2231 4453 2424 4507 initum
2474 4449 2767 4505 sanctioris
2813 4447 3044 4502 instituti
3092 4447 3379 4501 consilium

1809 4548 2128 4618 perﬁciant,
2160 4545 2490 4602 meditantur
2516 4544 2612 4612 (ε).
2645 4561 2663 4594 ι
2698 4541 2897 4595 Aderat
2940 4540 3210 4595 discessus
3243 4542 3376 4604 dies,

1806 4651 1863 4696 et
1895 4638 2156 4710 quidquid
2185 4639 2253 4691 ad
2283 4636 2585 4690 discessum
2614 4631 2938 4701 pertinebat,
2965 4641 3223 4686 extrenne
3253 4632 3382 4684 allo-

1806 4735 2073 4800 cutiones,
2096 4730 2522 4802 prosecutioncs,
2548 4724 2939 4789 revocationes,
2964 4723 3218 4799 gemitus,
3239 4738 3382 4776 com-

1807 4825 2037 4893 plexus,
2086 4823 2356 4892 Iacrymaa.
2411 4837 2430 4870 ι
2493 4815 2632 4871 Τυιη
2693 4829 2786 4869 eos
2839 4815 3158 4869 circumstat
3218 4816 3380 4868 soda-

1807 4916 1935 4969 lium
1971 4913 2071 4984 (d),
2123 4908 2452 4981 aequalium,
2499 4921 2565 4961 ac
2609 4905 2992 4974 magistrorum
3034 4904 3196 4959 etiam
3243 4920 3380 4959 non-

1806 5004 2080 5060 nullorum
2113 5003 2312 5057 chorus
2336 5017 2350 5052 :
2384 5007 2580 5068 negant
2607 5012 2666 5052 se
2692 4998 2773 5051 eis
2796 4997 3030 5052 abeundi
3056 5004 3379 5068 potestatem

1804 5099 2073 5160 facturos;
2117 5096 2441 5156 obsecrant,
2471 5090 2577 5146 vim
2604 5089 2836 5154 faciunt,
2878 5090 3188 5153 hortantur,
3216 5106 3381 5159 spon-

1803 5192 1931 5245 dent
1961 5203 2020 5244 se
2042 5187 2261 5244 calculis
2287 5175 2400 5241 suis
2421 5188 2645 5240 daturos
2669 5183 2992 5253 eloquentiae
3015 5183 3376 5254 principatum

1802 5283 2109 5352 Gregorio:
2144 5280 2280 5335 nihil
2324 5293 2428 5333 non
2469 5275 2708 5333 efficiunt
2749 5288 2805 5328 ut
2844 5273 3072 5330 reditum
3119 5275 3375 5330 interclu-

1803 5378 1950 5432 dant.
1997 5373 2188 5430 Omnia
2241 5371 2545 5443 perrumpit
2591 5368 2862 5436 Basilius;
2903 5369 2996 5424 sed
3042 5366 3374 5437 Gregorius,

1803 5479 1997 5536 parum
2047 5465 2342 5521 amicorum
2391 5464 2644 5534 precibus
2695 5463 3005 5526 emollitns,
3058 5461 3253 5532 partim
3309 5462 3376 5512 ah

1801 5560 1915 5629 ipso
1947 5557 2146 5611 Basilio
2176 5555 2426 5626 proditus
2449 5596 2464 5622 ,
2505 5553 2586 5610 sic
2615 5557 2761 5609 enim
2799 5557 2912 5623 ipse
2934 5553 3194 5608 Basilium
3226 5551 3380 5610 incu-

1871 5676 1941 5734 (ι’)
1975 5671 2069 5731 0r.
2102 5671 2189 5733 45,
2223 5689 2274 5723 n.
2313 5669 2404 5722 ξι.

1872 5741 1948 5815 (ιι)
1979 5742 2159 5796 Carm.
2200 5743 2268 5795 Ue
2296 5744 2400 5793 ritu
2443 5759 2563 5806 sua,
2601 5755 2652 5795 ν.
2683 5739 2786 5792 243
2814 5749 2865 5792 el
2890 5753 2983 5802 se']

2982 5829 3020 5886 6
