3812 6514
464 366 556 419 171
1758 366 1915 421 VITA
1951 368 2005 421 S.

2130 368 2400 424 thGOllll.

3618 360 3759 413 172

464 489 566 544 sat,
599 480 766 532 victus
796 490 896 545 est,
929 490 979 533 et
1012 480 1209 533 invitus
1251 480 1478 535 Athenis
1529 483 1805 534 remansit.
1838 483 2032 536 Verum
2067 495 2107 548 Α
2140 496 2349 537 cturnm
2375 498 2457 537 me
2489 497 2793 553 receperam
2822 492 2877 535 ut
2906 492 3078 535 tecum
3114 480 3235 533 vita:
3272 476 3757 531 consuetudinem

460 588 585 627 eum
610 572 698 625 diu
723 573 1003 637 abanima:
1027 588 1136 625 sua:
1159 572 1383 627 dimidio
1410 573 1652 643 separari
1682 589 1822 643 regre
1848 574 2036 639 ferret,

460 676 512 717 et
564 675 823 733 pranerea
865 665 1058 733 patria:
1086 674 1478 734 parentumque
1517 665 1792 719 desiderio
1838 676 2039 720 tenere-

465 766 573 823 tur,
605 758 761 826 paulo
791 768 908 825 post
932 756 1118 811 furtim
1144 772 1201 812 se
1228 758 1487 813 subduxit
1518 768 1572 813 et
1601 759 1667 813 ad
1696 774 1823 814 suos
1855 774 2039 813 rever-

462 867 557 906 sus
587 863 687 905 eSt.
735 869 754 901 ι
800 850 910 905 Nec
955 862 1129 904 tamen
1166 852 1219 904 in
1262 851 1517 921 longum,
1561 853 1735 921 inquit
1762 852 1873 925 (a),
1906 854 2036 907 mihi

463 943 718 1010 producta
762 954 843 997 est
890 944 1003 997 hinc
1058 943 1431 1002 calamitas...
1466 944 1572 1000 Sed
1619 960 1722 999 non
1769 946 1842 999 ita
1872 944 2037 999 multo

463 1046 703 1105 tempore
748 1036 979 1089 Athenis
1036 1046 1222 1104 postea
1286 1046 1691 1103 commoratus,
1734 1038 1882 1110 velut
1928 1053 2037 1108 prae

461 1127 625 1179 animi
672 1127 941 1182 desiderio
980 1143 1176 1195 equum
1232 1127 1379 1181 illum
1431 1128 1779 1183 Homericum
1831 1130 2033 1194 imitor,

458 1220 1075 1289 perfractisquceorum
1101 1262 1115 1285 ,
1147 1236 1175 1273 a
1210 1221 1405 1288 quibus
1441 1221 1737 1283 retinebar,
1767 1222 1996 1277 vinculis
2019 1263 2031 1287 ,

464 1326 683 1381 campos
726 1310 949 1380 pedibus
995 1313 1186 1379 pulso,
1236 1322 1399 1380 atque
1444 1312 1508 1365 ad
1564 1312 1802 1366 sodalem
1855 1328 2031 1366 meum

457 1404 660 1472 impetu
716 1402 881 1455 feror.
927 1422 944 1453 ι
995 1401 1049 1454 ld
1093 1402 1319 1469 contigit
1358 1417 1497 1457 anno
1534 1402 1659 1466 556,
1710 1414 1805 1457 ant
1849 1402 2032 1457 forsan

460 1497 679 1548 ineunte
712 1494 830 1548 357.

456 1584 642 1641 XLIX.
679 1586 759 1639 Ad
799 1597 1039 1656 parentes
1062 1603 1179 1640 cum
1210 1586 1376 1655 fratre
1416 1587 1651 1643 Cresario
1686 1587 1845 1641 simul
1873 1590 2027 1643 redit.

530 1680 809 1748 Digressus
863 1681 1087 1734 Athenis
1151 1678 1442 1749 Gregorius
1502 1680 2030 1752 Constantinopolim

459 1784 602 1826 terra
652 1774 845 1843 petiit;
880 1788 1039 1841 quam
1083 1772 1135 1825 in
1170 1772 1354 1827 urbem
1400 1772 1671 1828 Gresarius
1703 1773 1820 1841 ejus
1866 1774 2034 1830 frater

2144 580 2437 642 haberem,
2492 576 2757 644 simulque
2804 574 3241 644 pbilosopharer.
3293 570 3478 623 Fidem
3532 580 3754 622 autem

2142 669 2330 733 fefelli,
2360 668 2501 722 haud
2536 679 2728 736 sponte
2771 684 2835 720 ac
2889 666 3158 720 libenter:
3210 678 3395 716 verum
3434 664 3574 730 quod
3626 662 3738 715 lex

2140 760 2311 830 legem
2341 759 2628 828 superarit,
2662 773 2724 812 ea
2757 758 3049 821 nimirum,
3097 770 3215 823 qua:
3252 764 3507 823 parentes
3537 752 3754 807 colere

2133 854 2306 920 jubet,
2335 852 2504 920 legem
2545 850 2847 906 sodalitatis
2881 864 2945 903 ac
2974 846 3387 901 familiaritatis.
3447 866 3466 897 ι
3498 845 3749 899 Interea

2142 955 2317 999 tamen
2362 944 2678 1013 Gregorius,
2724 952 2985 1012 quantum
3037 940 3136 1009 ipsi
3184 940 3359 1003 licuit,
3402 940 3547 1003 quod
3598 938 3745 992 Deo

2139 1037 2480 1106 promiserat,
2515 1036 2638 1090 vitae
2667 1050 2835 1105 genus
2860 1043 2941 1089 est
2964 1043 3217 1095 secutus;
3249 1046 3485 1101 cumque
3516 1032 3625 1099 ipsi
3669 1032 3737 1084 in

2139 1128 2480 1183 solitudinem
2532 1142 2653 1182 sese
2701 1126 2998 1193 recipiendi
3034 1124 3264 1179 facultas
3307 1137 3411 1177 non
3466 1122 3742 1186 daretur,

2139 1222 2205 1275 ab
2231 1222 2388 1275 amici
2418 1222 2691 1276 consortio
2730 1222 3037 1274 abstractus
3074 1218 3152 1272 sic
3184 1217 3347 1270 vitam
3378 1216 3432 1270 in
3460 1216 3733 1283 paternis

2137 1314 2343 1368 :edibus
2391 1314 2654 1380 instituit,
2698 1322 2757 1367 ut
2804 1311 2978 1367 media
3008 1310 3238 1381 quadam
3281 1310 3363 1363 via
3413 1308 3693 1362 incedens
3720 1346 3739 1369 ,

2138 1424 2257 1462 cum
2310 1408 2508 1463 actioni
2565 1418 2677 1461 tum
2717 1404 3157 1474 contemplationi
3202 1412 3442 1457 vacaret.
3494 1401 3735 1470 Quippe

2122 1500 2311 1555 'media
2342 1502 2453 1555 hazc
2484 1501 2588 1566 via,
2622 1499 2836 1553 tametsi
2865 1498 2992 1552 illud
3027 1497 3149 1551 vitae
3194 1511 3362 1568 genus
3394 1509 3500 1549 non
3534 1504 3737 1555 esset,

2136 1593 2277 1662 quod
2316 1608 2374 1647 se
2420 1594 2472 1646 in
2506 1592 2793 1646 solitudine
2827 1606 2949 1645 cum
2982 1589 3182 1643 Basilio
3217 1596 3463 1642 acturum
3497 1586 3733 1656 promi-

2136 1692 2302 1748 serat,
2330 1685 2549 1738 minime
2576 1694 2754 1737 tamen
2785 1698 2814 1736 a
2836 1681 3125 1751 proposita:
3155 1678 3507 1749 philosophia:
3538 1692 3729 1746 scapo

2137 1776 2307 1831 aliena
2337 1786 2477 1831 erat.
2512 1776 2623 1829 lmo
2652 1775 2760 1829 vita
2798 1776 2912 1844 ipsa
2946 1772 3244 1827 monastica
3277 1780 3418 1835 erat,
3455 1770 3498 1825 si
3533 1769 3735 1822 minus

456 1841 783 1919 Alexandria
816 1866 1111 1934 profectus,
1138 1866 1325 1920 eodem
1352 1876 1594 1936 tempore
1620 1866 1839 1937 appulit.
1879 1869 2031 1935 Quod
2067 1841 2106 1895 Β
2137 1886 2363 1941 corpore
2392 1871 2444 1923 in
2475 1871 2692 1925 deserto
2720 1879 2774 1923 et
2800 1841 3087 1923 solitudine
3118 1875 3261 1931 acta,
3295 1865 3488 1919 saltem
3529 1873 3737 1917 mente

455 1960 674 2027 quidem
707 1958 1003 2027 Gregorius
1036 1974 1141 2013 non
1186 1969 1389 2014 temere
1424 1975 1487 2015 ac
1520 1960 1768 2027 fortuito,
1792 1962 1892 2017 'sed
1922 1962 2033 2017 sin-

454 2049 627 2120 gulari
657 2050 748 2103 Dei
784 2050 1141 2118 providentia,
1171 2060 1455 2119 parentum
1485 2053 1619 2108 votis
1642 2052 1871 2119 favente,
1905 2069 2034 2110 con-

450 2143 640 2212 tigisse
679 2144 930 2197 observat
959 2143 1053 2213 (ὁ).
1100 2162 1117 2193 r
1159 2143 1252 2196 Pia
1292 2159 1526 2214 namque
1558 2157 1751 2211 mater,
1785 2156 2032 2203 materno

452 2235 680 2303 quodam
732 2246 890 2303 voto,
934 2247 1094 2306 atque
1130 2237 1335 2293 amoris
1367 2254 1496 2310 erga
1533 2238 1671 2294 ﬁlios
1702 2240 1880 2309 pleno,
1915 2241 2032 2310 ,boc

452 2326 717 2396 optabat,
779 2329 1234 2397 quemadmodum
1294 2331 1487 2385 ambos
1541 2331 1729 2385 eodem
1791 2341 2031 2401 tempore

451 2418 728 2484 emiserat,
767 2419 843 2473 sic
877 2418 1065 2474 ambos
1098 2433 1314 2488 quoque
1354 2419 1516 2474 simul
1559 2419 1852 2475 redeuntes
1906 2436 2028 2475 cer-

450 2520 625 2567 neret.
670 2530 687 2563 ι
729 2512 914 2581 Itaque
947 2510 1238 2576 Caesarius,
1270 2513 1467 2583 spretis
1500 2514 1796 2568 honoribus
1828 2513 2028 2583 quibus

450 2606 706 2673 princeps
760 2604 949 2659 civitas
1003 2606 1227 2674 ipseque
1276 2605 1572 2673 imperator
1622 2621 1743 2660 eum
1795 2608 2029 2663 retinere

453 2696 780 2760 nitebantur,
817 2696 1094 2765 proposito
1146 2696 1308 2751 nobili
1346 2697 1692 2751 matrimonio
1739 2698 2024 2767 oblataqne

457 2786 728 2842 senatoria
758 2787 1044 2856 dignitate,
1075 2787 1287 2842 itineris
1314 2788 1521 2842 socium
1547 2804 1608 2842 ac
1639 2788 1890 2842 comitem
1922 2789 2028 2843 fra-

453 2878 519 2930 tri
574 2893 634 2933 se
688 2878 951 2945 adjunxit,
1003 2889 1163 2948 atque
1218 2879 1291 2933 ita
1346 2879 1410 2933 ad
1451 2890 1731 2948 paternam
1776 2882 2023 2948 domum,

451 2970 590 3023 unde
629 2969 785 3024 simul
813 2972 995 3025 emissi
1032 2971 1276 3035 fuerant,
1310 2971 1469 3026 simul
1500 2972 1729 3029 rediere.

449 3104 513 3169 L,
543 3106 626 3161 LI.
672 3106 903 3176 Rogatus
944 3124 974 3161 a
997 3109 1300 3178 parentibus
1325 3120 1370 3162 et
1413 3108 1608 3162 civibus
1639 3152 1653 3174 ,
1701 3111 1897 3163 mundo
1925 3112 2025 3163 ali-

520 3178 837 3267 quaqtulum
855 3179 1399 3267 temporisimpenr‘lit.
1430 3179 1611 3233 Pietas
1637 3197 1759 3259 erga
1783 3194 2023 3261 parentes
2053 3210 2093 3267 ρ

520 3250 663 3321 danti
688 3250 866 3302 retinet
898 3247 1210 3319 Gregorium
1233 3291 1245 3313 ,
1286 3253 1454 3321 ibique
1494 3247 1832 3305 monasticam
1866 3254 2023 3306 vitam

521 3320 647 3388 agit.

522 3436 707 3490 Bedux
735 3436 785 3489 in
816 3437 1043 3504 patriam
1073 3437 1387 3509 Gregorius,
1417 3450 1471 3493 ut
1496 3438 1727 3495 Basilius
1757 3442 1809 3495 ir.
1839 3456 2012 3506 suam,

450 3530 657 3585 mundo
689 3539 743 3585 et
785 3546 960 3587 scenae
994 3532 1388 3602 aliquantulum
1428 3535 1687 3603 temporis
1724 3536 2015 3605 impendit,

448 3622 695 3689 quamvis
720 3622 788 3675 ab
822 3623 1123 3678 ambitione
1155 3633 1207 3677 et
1243 3623 1503 3679 theatrica
1552 3626 1751 3694 ingenii
1781 3636 2023 3679 ostenta-

450 3715 595 3769 tione
622 3728 783 3784 quam
812 3716 1046 3768 maxime
1072 3714 1389 3770 abhorreret
1414 3732 1428 3779 ;
1453 3716 1548 3770 sed
1574 3716 1781 3771 civibus
1806 3726 1859 3771 et
1886 3717 2024 3770 arni-

448 3808 527 3861 cis
550 3806 888 3877 rogantibus,
922 3816 978 3859 ut
1004 3816 1370 3875 comportatas
1390 3808 1457 3861 ab
1486 3808 1687 3861 exteris
1714 3810 2023 3879 regionibus

445 3911 578 3965 opes
608 3905 899 3964 promeret,
935 3897 1133 3968 ingenii
1170 3898 1249 3951 sui
1289 3900 1582 3967 specimina
1618 3899 1883 3969 denegare
1919 3916 2022 3955 non

448 3988 638 4052 licuit;
664 3998 752 4053 et,
783 4000 841 4043 ut
877 3990 1045 4058 ipsius
1083 3991 1259 4044 verbis
1291 4001 1413 4043 utar
1437 3993 1535 4060 (β),
1566 3992 1751 4046 amicis
1785 3993 2018 4059 saltavit,

446 4083 559 4143 τοῖς
606 4080 781 4148 φίλοις
827 4081 1189 4153 ὠρχησάμην.
1238 4084 1580 4153 Propositum
1632 4100 1865 4155 namque
1922 4088 2020 4155 ipsi

446 4182 567 4228 erat
614 4174 684 4226 ab
734 4173 909 4238 initio,
962 4175 1222 4245 projectis
1250 4176 1520 4242 omnibus,
1553 4176 1716 4230 etiam
1762 4178 2023 4231 facundia:

448 4264 743 4328 laboribus,
774 4267 862 4319 uni
897 4265 1248 4335 philosophiae
1275 4282 1496 4335 operam
1528 4268 1657 4322 dare
1678 4308 1691 4333 ,
1722 4282 1818 4323 seu
1856 4271 2019 4323 vitam

447 4356 801 4411 monasticam
852 4356 1123 4427 atnpleCti.
1177 4356 1233 4412 Si
1292 4357 1486 4413 Rufino
1524 4358 1601 4429 (d)
1651 4361 2021 4428 credendum,

449 4450 733 4502 rhetorica:
814 4464 1009 4503 munus
1087 4450 1370 4520 magnifice
1435 4449 1669 4506 Basilius
1737 4453 2019 4517 exercuit,

2136 1971 2185 2015 et
2219 1960 2477 2016 moribus.
2516 1979 2533 2011 ι
2567 1960 2774 2015 Merum
2806 1958 2951 2014 enim
2977 1967 3061 2012 est
3088 1957 3199 2011 vita
3228 1956 3531 2011 monastica
3556 1994 3571 2017 ,
3606 1968 3727 2007 n0n

2135 2070 2445 2124 corporum,
2484 2074 2503 2106 ι
2549 2064 2607 2108 ut
2652 2054 2765 2122 ipse
2821 2052 3113 2122 Gregorius
3174 2050 3258 2105 his
3308 2049 3487 2103 verbis
3542 2056 3726 2101 testa-

2136 2158 2219 2201 tur
2242 2134 2337 2217 (θ’,
2378 2148 2467 2202 ubi
2497 2148 2635 2202 viam
2688 2146 2832 2200 illam
2863 2144 3097 2199 mediam
3139 2142 3437 2197 describit:
3476 2138 3728 2209 nem-.-

2133 2240 2239 2310 γὰρ
2264 2235 2527 2309 εἶναιτὴν
2567 2238 2753 2311 μονὴν,
2787 2237 2846 2290 οὐ
2884 2236 3171 2307 σωμάτων.
3217 2233 3307 2288 Sic
3338 2233 3499 2287 etiam
3537 2231 3727 2284 Sozo-

2132 2345 2343 2396 menus,
2373 2329 2821 2398 φιλοσοφοῦντας,
2853 2329 3147 2381 monachos
3172 2324 3401 2395 appellat
3440 2338 3551 2376 non
3592 2331 3723 2374 tan-

2134 2434 2245 2477 tum
2274 2438 2366 2477 eos
2398 2441 2417 2474 ι
2457 2424 2548 2491 qui
2597 2423 2648 2475 in
2690 2420 2979 2476 solitudine
3027 2418 3391 2482 delituerant,
3453 2434 3471 2466 ι
3517 2429 3723 2468 verum

2130 2516 2292 2570 etiam
2324 2528 2439 2578 eos,
2506 2532 2524 2563 r
2581 2514 2693 2582 qui,
2728 2513 2853 2566 licet
2904 2511 2955 2565 in
3009 2510 3182 2565 media
3217 2510 3499 2564 civitatum
3526 2507 3721 2565 turba,

2130 2609 2363 2662 vixerint
2402 2607 2532 2661 viles
2568 2618 2623 2661 et
2653 2605 2849 2676 abjecti
2871 2642 2888 2670 ,
2918 2619 3017 2658 nec
3048 2618 3077 2657 a
3110 2603 3267 2673 vulgo
3298 2600 3573 2655 ullatenus
3604 2599 3723 2652 dis-

2128 2711 2410 2771 crepantes
2430 2698 2764 2769 (g).iVeram
2792 2698 2953 2768 igitur
2992 2697 3238 2750 monachi
3268 2695 3430 2747 vitam
3470 2692 3518 2745 in
3547 2691 3722 2743 domo

2129 2805 2374 2863 paterna,
2406 2792 2641 2845 nomium
2669 2794 2719 2843 in
2750 2804 2955 2853 eremo,
2981 2790 3173 2857 agebat
3202 2785 3528 2853 Gregorius;
3562 2799 3719 2835 vt-re-

2128 2900 2232 2955 que
2262 2886 2595 2947 monachus,
2652 2898 2758 2937 non
2790 2897 3017 2953 corpore
3042 2921 3055 2945 ,
3099 2880 3189 2934 sed
3224 2880 3329 2931 vita
3378 2889 3429 2930 et
3464 2878 3719 2929 lllUl'thS

2127 2977 2245 3030 fuit.

2126 3132 2233 3188 Lll.
2292 3131 2461 3186 Vitam
2510 3133 2851 3187 monasticam
2886 3149 2936 3185 se
2982 3130 3364 3198 amplexurum,
3398 3129 3559 3182 etiam
3591 3140 3714 3181 colo

2711 3222 2763 3257 se
2792 3205 3128 3256 astrinxerat.

2180 3342 2309 3411 Quis
2321 3345 2595 3400 enimvero
2622 3360 2795 3414 plura,
2814 3357 2970 3403 quam
2990 3356 3107 3410 quae
3127 3338 3374 3410 praestitit
3389 3336 3710 3405 Gregorius,

2128 3437 2371 3506 requirat
2397 3448 2453 3490 ut
2482 3437 2605 3505 quis
2635 3438 2799 3489 vitam
2838 3432 3193 3488 monasticam
3220 3430 3397 3499 egisse
3428 3432 3709 3493 credatur,

2127 3538 2181 3584 et
2204 3528 2500 3583 monachus
2532 3527 2934 3583 existimandus
2964 3526 3056 3592 sit,
3094 3542 3157 3580 eo
3195 3525 3429 3578 maxime
3460 3535 3711 3594 tempore

2128 3636 2235 3691 quo
2288 3622 2521 3675 nondum
2562 3632 2678 3675 erat
2727 3621 2781 3674 in
2830 3637 2930 3675 usu
2983 3619 3243 3674 solemnis
3294 3630 3541 3674 votorum
3601 3619 3711 3674 Deo

2128 3714 2497 3781 nuncupatio?
2545 3713 2653 3767 Sua
2698 3728 2819 3767 eum
2872 3724 3045 3767 mater
3089 3712 3199 3766 Deo
3245 3712 3463 3772 dicavit,
3520 3726 3550 3764 a
3603 3728 3709 3781 quo

2127 3816 2443 3873 acceperat;
2480 3821 2819 3876 quaecunque
2853 3816 3026 3859 mater
3058 3804 3238 3860 fuerat
3264 3804 3526 3873 pollicita.
3566 3803 3709 3859 Gre-

2128 3900 2307 3967 gorius
2339 3905 2455 3950 rata
2490 3895 2697 3950 habuit.
2722 3895 2841 3965 lpse
2874 3912 2979 3950 non
3008 3895 3175 3950 semel
3202 3912 3261 3949 se
3293 3896 3401 3949 Dco
3430 3896 3627 3949 obtulit
3659 3906 3707 3949 ct

2128 3989 2369 4053 addixit;
2397 3989 2560 4041 vitam
2594 3989 2951 4043 monasticam
2986 3988 3361 4058 amplexurum
3390 3990 3553 4041 etiam
3583 4000 3709 4063 γον

2128 4096 2185 4136 se
2220 4081 2513 4145 astrinxit,
2557 4096 2676 4135 cum
2714 4090 3037 4150 tempestate
3077 4079 3317 4147 iactatus
3353 4081 3402 4132 in
3439 4080 3706 4148 periculo,

2127 4173 2268 4243 quod
2301 4173 2546 4242 precibus
2576 4184 2629 4226 et
2670 4184 2792 4228 voto
2828 4173 3181 4243 propulsavit,
3216 4182 3544 4227 versaretur.
3581 4172 3707 4227 Pro-

2131 4266 2295 4319 missa
2326 4264 2556 4319 fideliter
2585 4264 2808 4334 perfecit
2849 4266 2952 4335 th).
2984 4264 3199 4330 Omnia,
3236 4265 3399 4320 etiam
3434 4266 3708 4320 facundia:

2131 4357 2365 4421 labores,
2390 4358 2717 4429 contempsit
2743 4375 2847 4412 non
2875 4374 3032 4413 secus
3057 4374 3120 4413 ac
3144 4359 3219 4412 illi
3242 4358 3348 4413 duo
3370 4358 3702 4428 philosophi,

2132 4466 2360 4519 quorum
2389 4451 2526 4506 alter
2560 4452 2759 4521 praedia
2788 4466 2882 4505 sua
2917 4451 3225 4521 dereliquit,
3253 4452 3393 4506 alter
3418 4452 3703 4506 collectum

444 4539 741 4612 Gregorius
788 4556 914 4595 vero
965 4544 1401 4613 magnificentius
1436 4547 1790 4615 contempsit.
1821 4544 2019 4601 Basilio
2052 4560 2096 4614 ι)
2125 4558 2191 4595 ex
2225 4544 2458 4598 venditis
2506 4545 2650 4613 agris
2693 4554 2978 4613 argentum
3027 4545 3080 4597 in
3136 4559 3285 4599 mare
3334 4545 3561 4614 projerit
3618 4548 3702 4616 (ἱ).

443 4634 646 4697 etiam,
680 4648 802 4688 cum
855 4636 1085 4690 Athenis
1132 4647 1503 4703 versarentur,
1551 4640 1910 4706 promiserat,
1962 4656 2019 4694 se

440 4740 565 4778 cum
592 4739 659 4780 eo
683 4725 733 4779 in
762 4727 1007 4781 eamdem
1040 4728 1387 4784 solitudinem
1422 4746 1785 4787 recessurum.
1818 4732 2016 4787 Verum

443 4818 496 4872 in
531 4819 672 4873 mdes
721 4808 975 4889 paternas
1024 4837 1301 4877 reversum
1335 4834 1469 4879 retas
1514 4826 1703 4879 senilis
1734 4836 2015 4894 parentum

442 4912 584 4965 domi
623 4926 842 4966 manere
870 4914 1150 4983 compulit,
1189 4925 1244 4968 ut
1275 4930 1460 4970 eorum
1511 4932 1698 4971 curam
1750 4919 2014 4981 haberet,

439 5002 733 5073 datamque
774 5007 952 5060 amico
1002 5008 1160 5061 fidem
1214 5009 1407 5063 debitae
1460 5012 1773 5078 parentibus
1827 5014 2012 5082 pietati

438 5096 763 5162 posthabere
805 5098 1002 5166 coegit.
1051 5117 1068 5148 ι
1108 5096 1398 5155 Promissis
1435 5116 1539 5155 nOn
1577 5104 1725 5167 steti,
1767 5104 1956 5168 fateor,
1993 5126 2011 5157 ι

441 5187 615 5256 inquit
648 5186 885 5257 querelis
908 5187 1090 5242 Basilii
1124 5191 1458 5258 respondens
1487 5193 1558 5259 (ε)
1586 5210 1601 5245 z
1636 5214 1652 5243 ι
1689 5196 2013 5264 quippejam

437 5273 560 5326 inde
585 5275 652 5328 ab
681 5276 908 5330 Athenis
940 5277 1189 5347 illiusque
1222 5279 1321 5332 loci
1355 5282 1591 5336 amicitia
1626 5294 1677 5336 et
1704 5286 2012 5340 animorum

433 5367 775 5423 connexione
802 5368 819 5438 (
843 5386 939 5422 nec
964 5369 1110 5423 enim
1142 5372 1324 5440 aptius
1356 5375 1575 5429 verbum
1620 5376 1898 5446 occurrit)
1932 5382 2011 5431 fa-

506 5547 583 5609 (η)
614 5548 707 5600 0r.
746 5548 834 5609 4⁸5,
867 5567 916 5600 n.
946 5548 1034 5604 Ἠ.

503 5618 576 5683 (ὑ)
608 5618 698 5670 Ur.
736 5618 786 5680 7,
824 5637 875 5670 II.
905 5620 957 5673 3.

503 5692 575 5758 (r)
614 5688 791 5758 (larrn.
842 5689 912 5739 De
962 5690 1061 5743 rita
1090 5710 1205 5755 sua,
1239 5708 1286 5748 v.
1327 5693 1450 5747 ⁸274.

502 5756 587 5824 ((1⁷)
633 5756 750 5809 [last
787 5796 800 5817 ,
842 5762 928 5811 lib.
971 5776 1026 5823 ιι,
1059 5783 1105 5813 ι’.
1148 5771 1197 5816 ‘J.

498 5838 569 5892 (ιτ)
611 5831 771 5897 ipsi
808 5830 876 5881 ιει.
913 5832 962 5882 ii.

2127 4634 2351 4690 Missum
2392 4637 2491 4690 fuit
2528 4637 2958 4702 matrimonium,
2995 4638 3297 4692 castitatem
3332 4639 3495 4702 vovit,
3534 4654 3699 4707 quam

2127 4728 2377 4798 amplecti
2411 4730 2575 4783 fixum
2610 4729 2711 4797 ipsi
2746 4730 3136 4800 immotumque
3166 4746 3378 4801 semper
3409 4731 3507 4783 fuit
3539 4746 3552 4784 :
3588 4733 3702 4785 Ili—

2126 4820 2213 4873 λαι
2262 4821 2583 4891 δεδογμένον
2617 4823 2663 4873 τ’
2688 4817 2788 4893 ἦν;
2827 4822 3077 4877 omnibus
3136 4839 3195 4878 se
3244 4826 3455 4893 penitus
3495 4825 3648 4878 exuit
3688 4842 3699 4877 :

2131 4933 2148 4965 ι
2187 4915 2391 4969 Caetera
2463 4914 2713 4982 quidem,
2774 4916 2949 4984 inquit
3000 4916 3095 4985 (j),
3151 4918 3402 4970 mandato
3437 4927 3490 4970 et
3526 4918 3701 4985 Spiri-

2127 5011 2204 5064 tui
2231 5012 2457 5079 reliqui;
2486 5027 2549 5065 ac
2579 5012 2874 5079 pretiosam
2906 5013 3258 5082 margaritam
3294 5027 3415 5065 cum
3447 5014 3696 5067 omnibus

2125 5105 2213 5168 iis.
2242 5120 2361 5173 qua:
2388 5105 2658 5174 quondam
2697 5104 2983 5170 habebam,
3015 5106 3381 5165 commutavi;
3418 5103 3698 5174 factusque

2124 5210 2265 5259 sunt,
2301 5204 2415 5260 attt,
2452 5205 2513 5248 ut
2538 5196 2738 5249 rectius
2779 5196 2988 5266 loquar,
3024 5196 3143 5251 fieri
3190 5206 3317 5266 opto
3352 5213 3580 5266 magnus
3615 5199 3697 5250 ille

2123 5288 2449 5357 negotiator,
2493 5290 2582 5357 qui
2618 5290 2829 5360 exiguis
2881 5292 3041 5345 rebus
3085 5302 3247 5361 atque
3297 5294 3517 5347 omnino
3576 5308 3695 5364 per-

2122 5380 2282 5435 ituris
2317 5396 2506 5450 magna
2544 5391 2597 5437 et
2630 5392 2831 5435 aeterna
2867 5384 3014 5436 emit.
3042 5402 3059 5433 ι

2199 5560 2265 5629 ff)
2302 5562 2481 5618 carl".
2524 5564 2597 5617 De
2632 5565 2734 5618 vita
2770 5583 2899 5629 sua,
2937 5583 2985 5620 v.
3046 5567 3167 5621 3‘29.

2198 5632 2273 5707 (g)
2306 5636 2545 5707 Snln:n.,
2577 5638 2609 5687 Ι.
2648 5652 2727 5699 tll,
2752 5653 2800 5689 (‘.
2837 5639 2921 5701 17,
2955 5656 3004 5707 ι..
3033 5638 3156 5694 528.

2197 5705 2271 5769 (Iri
2311 5706 2489 5758 (Zartn.
2531 5710 2602 5757 Ue
2636 5709 2737 5757 tritu
2772 5728 2890 5772 sim,
2923 5705 2967 5762 v.
3008 5710 3131 5766 1’72.

2195 5774 2255 5839 (ἰ)
2290 5773 2442 5832 ΗΜΛ..
2478 5793 2524 5827 ιλ.
2558 5778 2679 5826 “lilii.

2193 5854 2258 5887 «'l
2292 5846 2381 5898 Ur.
2412 5847 2461 5909 ti,
2497 5863 2549 5899 tl.
2579 5848 2629 5900 5.
