3824 6394
155 349 254 403 ιΗ5

1434 339 1583 394 νιΤΑ
1627 339 1682 393 S.
1727 339 2074 396 GREGORII.

3277 347 3375 400 171

163 456 273 514 LIII.
303 453 573 521 Buptisma
605 453 842 520 suscipit.
895 453 1011 517 Quo
1059 461 1290 519 tempore
1339 468 1440 504 non
1478 461 1700 505 constat.
1737 459 1779 514 Α
1809 453 2059 506 omnibus
2088 466 2146 504 se
2179 451 2418 517 exuerit,
2452 454 2604 521 quod
2629 453 2826 507 dudum
2858 462 3160 520 statuerat,
3210 471 3380 528 προυο

220 549 338 602 Tam
367 545 667 615 perlectum
699 546 820 596 vita:
856 558 1024 613 genus
1054 542 1191 596 haud
1222 542 1382 596 dubie
1406 556 1694 611 aggressus

158 650 228 698 est
257 637 546 704 Gregorius
591 645 711 705 post
741 644 1046 702 susceptum
1081 635 1390 702 baptisma;
1425 636 1564 703 quod
1599 650 1702 702 quo

161 743 382 797 tempore
418 729 742 796 susceperit,
780 725 921 778 inter
956 724 1249 792 scriptores
1293 740 1398 780 non
1434 725 1699 780 convenit.

156 823 446 878 Arbitratur
474 817 738 872 Baronius
776 817 852 886 (a)
893 816 942 870 id
974 816 1263 884 contigisse
1295 832 1416 871 cum
1461 816 1703 872 Athenas

157 915 258 972 navi
294 922 536 980 peteret,
572 921 854 980 postquam
903 927 933 964 e
981 909 1219 978 periequ
1266 909 1530 963 liberatus
1579 907 1699 962 fuit.

161 1030 176 1062 ι
210 1005 358 1074 Quod
387 1015 564 1059 autem
597 1004 673 1056 ait
703 1002 1042 1073 (Gregorius)
1077 1018 1108 1056 e
1140 1001 1382 1070 periculo
1418 1000 1701 1055 liberatum

153 1115 208 1156 ex
240 1106 361 1151 voto
394 1096 574 1150 statim
607 1109 664 1148 se
701 1093 811 1147 Deo
842 1094 1102 1148 obtulisse
1125 1134 1139 1156 ,
1172 1094 1310 1146 haud
1359 1092 1503 1147 aliud
1553 1102 1702 1161 puta-

150 1206 254 1246 mus
277 1190 332 1242 id
357 1202 498 1250 esse,
521 1200 686 1255 quam
710 1185 850 1253 quod
880 1184 1210 1250 baptismum
1237 1192 1516 1249 tantopere
1540 1200 1704 1251 expe-

153 1284 286 1338 titum
318 1281 391 1334 sit
415 1288 712 1333 assecutus.
746 1297 764 1328 ι
794 1276 1045 1347 Gregorii
1075 1273 1209 1330 Vita:
1238 1279 1470 1344 scriptor
1497 1285 1699 1342 censet,

149 1389 253 1430 eum
289 1371 565 1426 distulisse
594 1370 863 1440 baptisma
896 1383 1065 1437 usque
1111 1368 1176 1421 ad
1211 1368 1540 1422 tricesimum
1570 1379 1701 1422 aeta-

151 1468 208 1524 tis
240 1481 464 1529 annum,
523 1480 646 1518 cum
685 1463 915 1516 Athenis
953 1472 1034 1516 est
1069 1476 1315 1514 reversus
1349 1461 1417 1534 iu.
1449 1463 1697 1530 patriam.

153 1559 311 1625 «Nos,
348 1557 527 1627 inquit
582 1555 982 1626 Papebrochius
1039 1553 1138 1624 (b),
1192 1570 1363 1623 neque
1418 1557 1482 1606 ad
1543 1554 1698 1608 tinent

147 1649 569 1706 conmiorationis
647 1646 996 1702 Atheniensis
1075 1644 1399 1714 baptismum
1476 1643 1698 1698 dilatum

148 1746 287 1800 fuisse
323 1753 602 1814 putamus,
639 1754 811 1808 neque
852 1739 1033 1793 statim
1066 1747 1378 1806 susceptum
1405 1748 1528 1807 post
1561 1753 1694 1790 nau-

1809 546 1977 616 Οέμην
2012 544 2181 618 ῥίψαι,
2215 555 2272 598 ιιι
2309 545 2580 600 Christum
2613 554 2760 600 totus
2792 546 3058 601 indueret.

1807 659 1914 715 LV.
1957 660 2075 714 Non
2105 660 2293 728 aﬂ'ectu
2325 662 2668 740 tatttunt..sed
2697 662 2866 728 τείρεα
2902 679 2955 714 se
2992 635 3138 716 eruit
3176 663 3378 734 Grego-

2527 747 2656 783 τηις.

1875 821 1986 877 Nec
2031 837 2158 878 vero
2208 821 2400 876 allecm
2445 832 2671 888 tantum,
2723 833 2780 876 ut
2830 823 3152 892 quibusdam
3201 827 3377 880 visunt

1805 925 1909 981 est,
1946 913 2040 968 sed
2079 914 2250 982 reipsa
2291 913 2541 967 omnibus
2589 927 2646 966 se
2681 913 2837 967 bonis
2881 914 3031 967 exuit
3061 914 3374 986 Gregorius.

1805 1006 1948 1060 Nihil
1981 1015 2165 1060 contra
2207 1022 2270 1058 ex
2311 1005 2478 1074 ipsius
2512 1015 2832 1060 testamento
2865 1007 3029 1075 objici
3068 1017 3275 1076 potest;
3307 1011 3379 1062 si-

1805 1099 2041 1168 quidem,
2072 1113 2168 1164 pro
2204 1109 2504 1166 temporum
2557 1096 2767 1150 illorum
2821 1101 3233 1164 consuetudine,
3280 1117 3376 1167 pa—

1805 1198 2016 1242 rentum
2048 1188 2414 1240 luere-ditatem
2445 1187 2543 1254 ipsi
2573 1187 2723 1241 adire
2749 1187 2944 1240 licebat
2975 1189 3072 1257 (g).
3105 1187 3373 1243 Praeterea

1805 1295 1908 1334 non
1943 1260 2145 1332 ideirco
2180 1279 2552 1332 lnereditatem
2585 1280 2735 1342 adiit,
2789 1290 2846 1332 ut
2889 1296 3008 1334 eam
3054 1282 3153 1334 sibi
3189 1298 3375 1334 seria-

1806 1384 1919 1434 ret;
1965 1371 2056 1426 sed
2091 1381 2147 1424 ut
2178 1371 2385 1440 piorum
2425 1380 2727 1439 parentum,
2777 1373 2869 1440 qui
2920 1372 3208 1428 facultates
3246 1391 3374 1430 suas

1803 1463 2130 1531 pauperibus
2157 1461 2457 1529 crogandas
2490 1462 2842 1530 reliquerant,
2875 1473 3151 1520 extremas
3183 1465 3372 1520 volun-

1806 1563 1940 1608 tates
1969 1565 2377 1620 exsequeretur.
2414 1552 2688 1620 Quinimo,
2721 1570 2788 1609 ne
2816 1555 2868 1608 in
2898 1558 3210 1624 episcopatu
3252 1558 3371 1626 qui-

1803 1648 1922 1700 dem
1966 1649 2139 1699 minus
2165 1630 2366 1714 pauper
2394 1646 2623 1698 exstitit.
2649 1645 2848 1702 Factus
2879 1645 3211 1702 Sasimorum
3260 1651 3373 1717 epi-

1802 1752 2016 1806 scopus,
2047 1751 2146 1790 nec
2173 1751 2363 1804 panem
2390 1735 2602 1803 quidem
2641 1739 2842 1792 habere
2875 1756 2934 1794 se
2969 1740 3046 1793 ait
3075 1739 3175 1810 (It),
3211 1756 3368 1808 quem

145 1836 279 1907 iragii
323 1833 650 1904 periculum,
678 1832 772 1886 sed
805 1840 926 1900 post
959 1829 1188 1884 alterum
1237 1830 1362 1882 vita:
1401 1828 1694 1884 discrimen

1808 1828 1996 1896 hospiti
2024 1827 2232 1892 olleral,
2268 1825 2385 1896 μῄδ⁰
2417 1817 2577 1898 ἄρτον
2610 1827 2746 1894 ἕξων
2780 1829 2856 1899 τῷ
2886 1829 3021 1901 ξένῳ
3059 1829 3363 1884 διακλάσαι.

147 1946 169 1984 a
199 1939 351 1984 terra:
393 1937 562 1980 motu.
602 1942 620 1974 ι
660 1922 804 1977 Idem
837 1921 1244 1991 Papebrocbius
1279 1919 1376 1993 (c),
1405 1922 1459 1976 in
1490 1937 1693 1990 appea-

145 2018 243 2072 dice
283 2015 353 2069 ad
399 2015 540 2069 diem
572 2026 768 2068 nonam
798 2009 946 2077 Maii,
979 2009 1132 2080 ﬁngit
1157 2009 1481 2080 Gregorium
1521 2011 1693 2064 Athe-

143 2111 212 2164 nis
237 2107 549 2163 excurrisse
593 2103 955 2169 Antiochiam,
1018 2113 1074 2156 ut
1119 2101 1407 2156 Libanium
1464 2102 1696 2166 audiret,

141 2217 289 2271 eaque
318 2201 614 2256 occasione
645 2196 919 2253 Nazianzo
967 2199 1071 2252 iter
1106 2197 1364 2252 habuisse
1404 2207 1461 2250 ut
1508 2213 1692 2252 susce-

142 2305 266 2364 ptum
293 2294 484 2363 patria:
515 2292 880 2363 episcopatum
907 2290 1047 2360 patri
1073 2289 1454 2360 gratularetur,
1475 2289 1698 2360 ejusque

141 2383 371 2437 inanibus
400 2381 724 2450 baptismum
755 2379 1080 2449 suscepisse,
1110 2385 1272 2448 atque
1304 2378 1502 2433 iterum
1529 2379 1698 2434 Athe-

141 2488 224 2528 nas
270 2488 334 2528 se
363 2472 684 2529 contulisse.
736 2470 840 2526 Sed
898 2472 1154 2541 Iigmenta
1207 2471 1322 2524 Itth
1375 2480 1520 2534 sunt,
1579 2486 1698 2540 qua:

107 2619 111 2622 .
140 2567 264 2623 nullo
295 2567 512 2636 penitus
545 2566 791 2621 nituntur
820 2562 1195 2619 fundamento.
1227 2561 1498 2617 Praeterea
1535 2562 1695 2618 Liba-

139 2661 238 2716 nins
277 2659 582 2715 Antiochiae
623 2674 730 2713 non
780 2658 882 2711 nisi
923 2666 1050 2728 post
1096 2653 1300 2709 'annum
1335 2655 1433 2709 551
1491 2657 1692 2710 docuit.

137 2753 305 2822 Itaque
355 2751 607 2807 standum
657 2761 774 2814 est,
836 2758 894 2804 ut
941 2749 1094 2804 nobis
1147 2748 1396 2810 videtur,
1444 2745 1693 2818 Gregorii

137 2845 421 2917 presbyteri
479 2844 784 2907 sententiae,
845 2843 937 2912 qui
997 2841 1188 2896 scribit
1249 2838 1326 2912 (tl)
1368 2840 1691 2910 Gregorium

140 2950 368 2992 nostrum
408 2937 597 3007 patriae
629 2935 971 2997 restitutum,
1010 2933 1241 3002 primum
1292 2932 1472 2986 divino
1517 2933 1690 3000 bapti-

138 3042 297 3086 smate
336 3033 587 3096 tinctum,
623 3029 676 3081 vi
721 3035 776 3107 et
809 3025 1064 3081 facultate
1097 3024 1208 3093 jam
1250 3033 1374 3078 ante
1408 3025 1693 3080 colluswa-

139 3135 184 3176 ιιι
191 3140 252 3176 Ill.

138 3215 251 3269 LIV.
289 3212 578 3284 Nunquam
612 3213 836 3282 Jurandi
869 3211 1032 3280 legem
1066 3199 1170 3263 sibi
1200 3209 1384 3262 indicit
1413 3219 1463 3262 et
1500 3220 1688 3263 servat.

196 3305 333 3360 Tum
377 3305 478 3360 sibi
521 3304 692 3373 legem
745 3315 1020 3371 nunquam
1056 3299 1298 3368 jurandi,
1344 3300 1582 3368 quandiu
1639 3301 1689 3353 in

137 3400 225 3454 liae
255 3399 370 3450 vita
413 3404 741 3458 versaretur,
790 3408 952 3462 quam
997 3393 1160 3446 etiam
1195 3407 1365 3459 usque
1408 3393 1473 3444 ad
1511 3403 1691 3446 extre-

138 3505 263 3542 mum
315 3487 451 3542 diem
497 3486 753 3549 servavit,
797 3484 1012 3539 indixit.
1045 3481 1182 3536 Tum
1223 3483 1326 3537 sibi
1373 3484 1684 3547 consulens,

138 3574 232 3628 Deo
263 3588 329 3629 se
369 3573 580 3636 obtulit,
614 3583 728 3626 uta
763 3571 962 3624 mundo
1001 3571 1298 3640 sejunctus,
1338 3586 1460 3625 cum
1495 3588 1559 3626 eo
1599 3574 1691 3642 qui

77 3663 83 3667 “
139 3666 268 3719 solus
310 3665 630 3734 purissimus
657 3672 740 3718 est
767 3664 894 3718 vita:
927 3663 1317 3719 consuetudine
1352 3663 1690 3735 iungeretur,

141 3770 286 3828 atq-ne
323 3775 388 3813 ex
425 3773 704 3813 sacrorum
742 3756 1004 3812 librorum
1038 3755 1295 3810 familiari
1334 3757 1564 3812 lectione
1598 3772 1692 3811 ve-

142 3852 305 3905 ritatis
349 3851 687 3921 Splendorem
724 3849 984 3902 hauriret.
1025 3847 1177 3914 Quod
1225 3849 1390 3902 etiam
1445 3863 1540 3916 per
1573 3864 1692 3903 om-

140 3958 246 3996 nem
280 3943 446 3996 vitam
482 3942 665 3996 facere
717 3955 824 3995 non
873 3939 1102 3996 destitit.
1153 3958 1172 3991 ι
1231 3942 1526 3997 monachus
1575 3958 1693 3998 esse

139 4038 303 4104 potius
335 4035 559 4099 habens,
593 4053 612 4085 ι
649 4033 822 4103 inquit
858 4032 976 4100 ejus
1011 4029 1148 4085 Vita:
1176 4018 1429 4102 scriptor,
1475 4052 1493 4083 ι
1533 4049 1717 4103 quam.

139 4131 457 4192 mundanus,
488 4138 543 4182 et
586 4141 788 4197 pauper
821 4140 981 4194 quam
1031 4125 1419 4194 quastuarius.
1463 4144 1481 4175 ι
1544 4124 1694 4179 Tunc

138 4225 201 4286 ei,
235 4224 325 4292 qui
356 4236 480 4276 eum
530 4220 584 4274 in
638 4229 838 4274 sortem
879 4217 1087 4286 accepit
1131 4227 1184 4271 et
1216 4217 1477 4283 servavit,
1512 4217 1693 4271 omnia

140 4315 268 4368 dono
302 4315 467 4377 dedit,
499 4327 662 4382 opes,
695 4311 1059 4379 splendorem,
1091 4323 1198 4364 etc.
1241 4329 1260 4362 ι
1305 4309 1448 4364 Nam
1485 4310 1696 4365 caeteris

143 4407 190 4457 in
235 4407 410 4470 rebus,
478 4405 650 4470 inquit
691 4405 784 4474 (e),
840 4419 927 4458 me
969 4402 1164 4473 quovis
1211 4402 1429 4457 homine
1486 4403 1694 4471 segnio-

1799 1918 1981 1988 Neque
2020 1920 2182 1974 ditior
2213 1919 2312 1973 fuit
2335 1919 2817 1990 Constantinopoli.
2850 1941 2868 1973 ι
2903 1922 3187 1987 Pecunias,
3226 1944 3244 1976 ι
3275 1924 3369 1977 in—

1798 2014 1913 2082 quit
1942 2011 2036 2084 (i),
2077 2032 2095 2063 (
2157 2013 2430 2083 eripient?
2469 2013 2523 2066 Si
2563 2029 2711 2068 meas
2749 2015 3003 2083 quidem,
3043 2017 3144 2086 ipsi
3176 2019 3363 2074 eadem

1797 2120 1956 2175 opera
1996 2121 2201 2174 pennas
2235 2107 2418 2169 etiam,
2465 2106 2656 2176 quibus
2703 2108 2925 2163 minime
2961 2110 3180 2165 indutus
3222 2128 3364 2178 sum,

1799 2191 2132 2282 abscindant.
2162 2217 2180 2249 ι
2212 2198 2266 2251 In
2299 2200 2560 2261 carmine,
2594 2214 2698 2267 quo
2729 2198 2997 2255 lulianum
3056 2215 3367 2271 exaequato-

1801 2304 1910 2342 rem
1945 2295 2111 2356 rogat,
2143 2297 2199 2341 ut
2241 2303 2354 2342 rem
2384 2286 2709 2342 familiarem
2746 2290 3098 2360 vectigalibus
3130 2303 3355 2358 eximat,

1799 2381 1874 2434 ait
1893 2381 1976 2451 tj)
1999 2395 2127 2436 suas
2153 2395 2213 2435 se
2236 2395 2368 2450 opes
2394 2382 2745 2450 pauperibus,
2772 2384 2948 2437 studio
2979 2384 3215 2438 ferenda:
3241 2401 3365 2439 cru-

1797 2473 1895 2537 cis,
1917 2487 2186 2540 erogasse,
2217 2488 2424 2543 easque
2447 2488 2789 2528 communem
2834 2475 3214 2542 navigantibus
3241 2493 3364 2546 por—

1799 2575 1907 2617 tum
1949 2579 2088 2631 esse,
2130 2580 2416 2620 commune
2445 2565 2810 2635 indigentibus
2848 2567 3129 2622 auxilium.
3163 2571 3281 2624 Alio
3313 2571 3364 2624 iu

1797 2655 2034 2710 carmine
2066 2657 2137 2727 (Ιί)
2173 2671 2234 2711 se
2278 2656 2392 2726 ipse
2447 2657 2786 2729 interrogans
2829 2658 2916 2711 ubi
2946 2659 3055 2711 sint
3098 2675 3248 2729 opes,
3279 2677 3366 2714 re-

1797 2750 2020 2819 spondet
2052 2767 2066 2803 :
2102 2768 2119 2800 ι
2138 2748 2357 2805 Partem
2386 2749 2528 2806 Deus
2555 2751 2741 2816 habet,
2770 2760 2976 2819 partem
3005 2751 3229 2806 alterum
3256 2769 3347 2806 see

1796 2841 1996 2894 leratus
2023 2839 2170 2895 livor
2200 2841 2485 2910 rapacibus
2510 2839 2758 2894 manibus
2789 2840 3028 2894 tradidit.
3058 2859 3077 2890 ι
3110 2842 3365 2895 Scribeus

1795 2925 1970 2985 'amieo
2017 2932 2106 3001 qui
2145 2931 2430 2987 nonnullos
2481 2932 2548 2985 ab
2599 2947 2664 2986 co
2703 2932 2869 2985 libros
2902 2944 3237 3001 p0poscerat,
3287 2935 3368 2986 his

1795 3039 1916 3079 eum
1955 3025 2136 3081 verbis
2172 3025 2467 3094 alloquitur
2501 3023 2567 3093 ll)
2615 3041 2628 3078 :
2665 3043 2682 3074 ι
2725 3024 2875 3090 Quod
2923 3025 2966 3078 si
3010 3025 3104 3078 tibi
3161 3025 3367 3079 videtur

1721 3147 1762 3202 (Σ
1799 3114 2020 3169 minime
2069 3115 2494 3185 philosophicum
2540 3130 2663 3170 esse
2706 3115 2967 3169 Iibrormn
2999 3116 3231 3184 pretium
3267 3133 3364 3186 po-

1795 3206 2033 3272 stulare,
2065 3215 2120 3260 tu
2162 3205 2294 3260 mihi
2344 3206 2626 3274 pecuniam
2667 3204 3210 3274 solve,objeetionem
3267 3223 3368 3260 an-

1796 3307 1902 3351 tem
1931 3305 2075 3351 tuam
2118 3297 2324 3352 solvent
2356 3311 2639 3366 pauperes.
2681 3318 2701 3347 ›
2755 3296 2884 3363 Qn:e
2913 3296 3128 3365 quidem
3185 3299 3367 3352 omnia

1794 3387 2110 3457 Gregorium
2139 3387 2390 3444 omnibus
2423 3403 2482 3444 se
2522 3387 2871 3444 facultatibus
2899 3389 3116 3443 exuisse
3166 3389 3369 3459 liquido

1793 3479 2184 3536 demonstrant.

1798 3617 1930 3681 LVI,
1965 3619 2118 3672 LVII.
2162 3619 2389 3684 Omnia,
2417 3617 2618 3671 litteras
2652 3633 2871 3684 quoque,
2907 3616 3114 3669 Christo
3143 3617 3366 3667 dimisit.

1866 3692 1988 3744 Alia
2020 3707 2172 3751 vana,
2207 3690 2316 3741 ulta
2346 3699 2419 3740 est
2449 3689 2597 3741 utilis
2623 3689 2935 3756 eloquentia,
2971 3686 3174 3756 {anulla
3208 3689 3364 3739 verbi.

1869 3760 2020 3814 Hunc
2049 3759 2147 3812 sibi
2191 3771 2234 3811 et
2267 3758 2447 3810 tunicis
2490 3755 2722 3822 exoptat
2745 3755 3047 3823 Gregorius.
3101 3755 3249 3808 Hunc
3283 3775 3369 3806 str-

1867 3831 1970 3883 lam
2002 3828 2399 3898 complectitur:
2433 3834 2531 3881 hac
2563 3844 2721 3896 quam
2758 3829 2981 3880 maxime
3017 3829 3328 3879 delectatur.

1869 3939 2009 3994 Nihil
2037 3941 2180 3994 enim
2210 3938 2310 3993 sibi
2350 3954 2417 3994 ex
2446 3937 2696 3992 omnibus
2742 3937 2978 3992 servavit
3023 3947 3218 4007 praeter
3255 3938 3367 3992 elo-

1800 4033 2094 4103 quentiam,
2129 4048 2288 4102 quam
2328 4040 2479 4085 tanto
2534 4031 2745 4094 labore,
2787 4031 3087 4099 peragratis
3122 4030 3368 4100 pluribus

1799 4126 2034 4181 Orientis
2057 4134 2216 4192 atque
2235 4122 2546 4178 Occidentis
2576 4121 2885 4191 regionibus
2909 4131 3319 4190 comparaverat
3347 4139 3361 4174 :

1805 4237 1821 4268 ι
1868 4217 2039 4272 Unum
2079 4215 2208 4269 mihi
2261 4215 2313 4268 in
2354 4205 2627 4268 amoribus
2660 4214 2794 4280 fuit,
2853 4213 3024 4281 inquit
3065 4211 3183 4281 (m),
3221 4212 3367 4266 litte-

1801 4327 1980 4364 rarum
2035 4310 2232 4368 decus,
2283 4321 2418 4375 quas
2467 4308 2596 4360 mihi
2640 4314 3023 4374 compararunt
3073 4305 3265 4359 Oriens
3313 4317 3369 4357 et

1800 4401 2082 4467 Occidens,
2114 4409 2169 4454 et
2196 4398 2420 4454 Graecia:
2449 4409 2849 4460 ornamentum,
2883 4399 3129 4450 Athenae.
3179 4397 3234 4448 In
3288 4396 3371 4449 his

142 4512 244 4549 rem
267 4512 327 4551 ac
351 4496 742 4566 lauguidiorem
771 4511 889 4551 esse
919 4512 1022 4549 non
1053 4493 1286 4558 inlicior,
1308 4507 1522 4549 omnem
1549 4493 1692 4548 enim
1726 4489 1770 4542 D
1799 4493 1890 4545 diu
1922 4491 2259 4562 multumque
2291 4489 2562 4550 laboravi;
2601 4487 2693 4542 sed
2720 4497 2773 4540 et
2808 4487 2925 4539 illas
2958 4501 3155 4553 pronas
3185 4501 3368 4539 coram

140 4588 474 4655 cupiditatem
521 4585 716 4656 abieci,
760 4602 826 4640 ex
862 4603 969 4656 quo
1001 4585 1220 4640 Christo
1253 4600 1446 4639 nomen
1484 4585 1630 4649 dedi,
1668 4605 1686 4635 ι

136 4677 221 4746 ἀφ’
255 4674 312 4732 οὗ
355 4677 577 4751 Χριστῷ
609 4677 1018 4748 συνεταξάμην;
1058 4694 1077 4727 ι
1124 4691 1299 4744 neque
1331 4691 1397 4732 ex
1445 4678 1696 4731 omnibus

138 4769 307 4834 rebus,
350 4785 472 4838 qua:
502 4768 630 4862 aliis;
658 4768 912 4838 jucundae
942 4777 999 4821 et.
1041 4765 1356 4835 expetendae
1387 4767 1555 4820 videri
1600 4783 1688 4821 so-

137 4859 262 4922 Ient,
290 4860 391 4914 ulla
440 4856 648 4924 teneoF,
687 4873 791 4912 non
830 4858 1045 4927 opibus,
1103 4877 1122 4910 ι
1161 4867 1266 4912 etc.
1313 4856 1550 4911 Plurima
1589 4857 1694 4912 alia

136 4950 213 5004 fas
240 4951 323 5006 hic
350 4960 496 5006 esset
518 4948 724 5004 referre
757 4949 825 5004 de
851 4949 964 5002 vita
994 4950 1270 5019 gestisque
1299 4947 1544 5018 Gregorii
1576 4963 1696 5018 pOSl

134 5053 432 5111 susceptum
508 5041 816 5111 baptisma,
879 5041 1034 5111 cujus
1103 5041 1276 5110 gratia
1350 5055 1416 5096 eo
1476 5039 1695 5095 uberior

131 5133 230 5184 luit
258 5131 339 5202 (1),
369 5133 513 5202 quod
544 5132 706 5188 simul
739 5147 798 5187 se
835 5133 1082 5187 ascetica:
1116 5133 1238 5188 vita:
1277 5133 1610 5188 consecrarit
1638 5141 1691 5185 et

202 5373 279 5514 ἔα)
306 5375 456 5440 Boll.,
487 5375 522 5431 9
547 5374 688 5437 Maii,
713 5389 767 5439 p.
798 5373 923 5437 378,
954 5371 1056 5428 col.
1081 5370 1132 5428 1.

226 5446 279 5513 ιη
304 5447 334 5499 9
366 5447 511 5508 Maii.
548 5462 601 5513 p.
637 5445 762 5498 379.
892 5513 900 5514 ί
932 5513 936 5514 ν

226 5446 279 5513 ιη
304 5447 334 5499 9
366 5447 511 5508 Maii.
548 5462 601 5513 ι).
637 5445 762 5498 379.

302 5516 448 5590 Ioni.
494 5516 583 5572 Vll
615 5514 756 5581 Maii,
790 5529 844 5584 ρ.
875 5513 998 5580 659,
1031 5514 1134 5569 col.
1179 5515 1203 5568 1
1253 5522 1306 5568 et
1333 5514 1391 5569 2.

205 5585 285 5656 (ιι)
312 5585 410 5642 vn.
446 5605 497 5656 ρ.
530 5590 583 5643 8.
952 5624 962 5636 .

228 5661 280 5722 ε)
303 5658 388 5711 0r.
413 5659 504 5722 ‘24,
535 5675 588 5710 ιι.
617 5657 670 5711 ’5.

228 5661 280 5722 ε)
303 5659 388 5711 0r.
413 5659 504 5722 ‘24,
535 5675 588 5710 ιι.
617 5659 670 5711 ’5.

205 5659 465 5794 inGarm.
503 5728 575 5790 De
604 5731 709 5781 vita
737 5745 854 5782 sua.
896 5742 946 5780 v.
992 5724 1116 5780 9.70.

211 5801 288 5861 (ιι)
313 5799 444 5864 ιιι,
473 5811 508 5856 t.
544 5799 632 5863 IX,
679 5816 729 5866 p.
761 5797 882 5852 557.

1801 4583 2022 4638 Christo
2049 4580 2260 4644 demisi,
2293 4579 2551 4646 humique
2578 4576 2744 4642 allixi,
2769 4584 3022 4631 cedentes
3055 4591 3246 4645 magno
3278 4576 3366 4629 Dei

1808 4669 2001 4729 Verbo.
2057 4671 2198 4738 quod
2250 4683 2465 4724 omnem
2519 4667 2768 4720 humana:
2822 4667 3022 4720 mentis
3070 4665 3280 4718 varium
3316 4675 3366 4717 et

1805 4763 2108 4818 mutabilem
2141 4776 2447 4816 sermonem
2483 4759 2637 4826 longe
2675 4768 2915 4826 superat.
2958 4776 2976 4807 ι
3012 4756 3217 4811 Caetera
3256 4757 3372 4823 qui-

1800 4858 1918 4909 dem
1961 4855 2142 4908 omnia
2176 4852 2478 4906 Volentibus
2529 4850 2788 4918 reliquit,
2827 4863 2975 4916 opes,
3023 4848 3236 4917 generis
3275 4864 3371 4899 no-

1799 4947 2081 5010 bilitatem,
2105 4946 2352 5016 gloriam,
2381 4953 2522 5010 etc.;
2553 4954 2610 4996 at
2634 4942 2996 5011 eloquentiam
3033 4940 3198 4994 solam
3229 4955 3371 4993 com-

1799 5039 1986 5109 plexus
2022 5047 2128 5102 est,
2165 5052 2265 5092 nec
2303 5035 2565 5105 suscepti,
2619 5045 2677 5088 ut
2706 5050 2824 5088 eam
2858 5035 2958 5086 sibi
3009 5044 3366 5098 compararet,

1798 5130 2000 5185 laboris
2039 5145 2160 5183 eum
2212 5142 2447 5197 unquam
2498 5126 2770 5196 pmnituit.
2819 5124 2887 5178 Ut
2942 5123 3081 5177 enim
3134 5137 3266 5174 \‘aua
3318 5133 3371 5175 el.

1870 5371 1942 5442 (li)
1981 5373 2157 5428 Carm.
2183 5373 2259 5427 De
2300 5371 2420 5424 Vita
2446 5389 2566 5437 sua,
2595 5390 2645 5428 v.
2675 5373 2799 5428 470.

1870 5445 1932 5511 (ι)
1959 5446 2050 5498 Or.
2083 5445 2172 5510 26,
2206 5462 2259 5497 ιι.
2291 5445 2379 5497 16.

1875 5515 1939 5582 Ijl
1970 5514 2151 5570 Carm.
2189 5515 2257 5567 al.
2295 5513 2383 5580 49,
2415 5515 2480 5566 ad
2518 5514 2715 5568 Julian.

1879 5587 1949 5652 Ili)
1982 5586 2157 5647 Carm.
2194 5586 2262 5636 al.
2304 5584 2354 5645 8,
2383 5587 2447 5637 ad
2476 5586 2729 5654 seipsum.

1878 5655 1938 5724 (l)
1981 5657 2072 5722 Ep.
2108 5656 2174 5708 ul.
2215 5655 2332 5710 199.

1879 5737 1971 5794 (ιιι)
2007 5727 2183 5778 Gartn.
2225 5727 2294 5778 De
2324 5727 2429 5779 reb.
2463 5727 2595 5791 suis,
2621 5741 2668 5778 γ.
2714 5726 2780 5780 98
2820 5735 2870 5779 et
2898 5743 3015 5799 seq.
