3812 6504
452 388 554 441 175

1731 377 1893 433 VlTA
1934 376 1992 432 S.
2035 372 2384 432 GREGORII.
3588 363 3696 418 I76

428 498 657 558 'inutilis
687 509 769 553 est
803 496 1111 567 eloquentia
1133 537 1148 563 ,
1176 511 1294 565 quae
1325 495 1377 549 in
1410 494 1590 550 verbis
1624 494 1885 548 duntaxat
1910 491 2010 544 sita
2048 500 2091 554 Α
2118 500 2171 543 et
2206 489 2366 540 vitam
2414 484 2707 540 solitariam
2749 488 2967 551 ageret,
3008 489 3060 534 et
3107 479 3418 549 parentibus
3451 478 3692 532 debitam

444 602 555 663 est,
585 608 743 663 quam
780 599 1101 660 aspernatur
1126 595 1179 642 et
1206 589 1428 642 damnat
1453 586 1777 655 Gregorius;
1800 585 1879 639 sic
1910 584 2014 637 alia

448 696 535 743 est
561 686 714 756 cujus
741 684 1027 740 utilitatem
1061 682 1325 752 agnoscit,
1360 690 1414 734 et
1441 679 1793 749 patrocinium
1822 679 2015 732 adver-

448 795 542 835 sus
575 778 844 835 lulianum
872 777 1117 846 suscipit,
1147 792 1305 848 quem
1343 777 1397 830 in
1434 774 1574 830 nulla
1611 789 1670 829 re
1714 772 1885 844 magis
1914 773 2015 826 ini-

448 887 613 941 quum
645 881 700 925 et
729 870 1052 925 sceleratum
1089 884 1149 924 se
1192 868 1489 938 praebuisse
1525 864 1823 929 existimat,
1855 879 2015 934 quam

452 979 572 1017 cum
604 978 882 1017 sermones
910 962 1123 1031 eripere
1153 960 1478 1016 Christianis
1509 959 1754 1014 tentavit.
1806 978 1825 1010 ι
1866 957 2018 1013 Unde

450 1054 633 1125 igitur,
691 1074 709 1107 ι
759 1054 933 1124 inquit
978 1052 1250 1108 lulianum
1299 1052 1579 1122 alloquens
1624 1050 1725 1123 (a),
1783 1069 1803 1102 ε
1857 1050 2018 1106 homo

448 1148 687 1205 omnium
725 1146 1035 1211 levissime,
1072 1145 1175 1200 hoc
1209 1144 1307 1199 tibi
1359 1145 1412 1198 in
1462 1153 1695 1197 mentem
1747 1144 1911 1208 venit,
1961 1150 2019 1196 ut

450 1252 729 1293 sermones
761 1235 1088 1290 Christianis
1122 1235 1397 1305 eriperes?
1456 1253 1473 1283 ι
1526 1231 1618 1288 Sic
1656 1231 2017 1287 Christianam

448 1330 812 1402 eloquentiam
872 1338 1048 1383 tuetur
1097 1338 1284 1382 contra
1326 1328 1679 1396 Apostatam;
1734 1325 1873 1378 hanc
1916 1323 2018 1379 sibi

450 1432 505 1475 ct
543 1420 732 1474 amicis
765 1426 985 1488 exoptat
1016 1430 1031 1469 :
1079 1434 1098 1467 ‹
1142 1415 1218 1486 (b)
1254 1418 1427 1485 Atque
1458 1416 1659 1469 utinam
1695 1415 1848 1478 mihi,
1885 1414 2018 1468 ami-

450 1513 634 1582 cisque
663 1510 797 1565 meis
822 1524 1128 1565 sermonum
1157 1508 1319 1562 robur
1348 1506 1521 1561 adsit!
1556 1525 1574 1559 ι
1602 1506 1747 1561 Hanc
1769 1504 1937 1560 solam
1963 1519 2022 1560 se

452 1604 760 1675 complecti,
800 1612 985 1673 utpote
1020 1600 1168 1656 verbi
1216 1600 1492 1665 famulam,
1535 1615 1635 1655 nec
1683 1614 1916 1668 unquam
1958 1599 2020 1652 li-

450 1697 641 1750 benter
700 1694 1070 1764 neglecturum
1142 1693 1280 1745 hanc
1335 1691 1730 1761 possessionem
1786 1690 2018 1754 fatetur;

452 1786 583 1855 quin
612 1784 791 1856 potius
820 1799 938 1837 eam
969 1792 1026 1838 et
1058 1781 1239 1837 colere
1270 1790 1326 1835 et
1360 1780 1683 1844 exosculari,
1734 1778 2022 1845 majorem-

454 1892 560 1944 que
599 1891 664 1930 ex
694 1889 757 1929 ea
788 1874 1118 1944 voluptatem
1171 1886 1401 1941 capere,
1449 1886 1608 1940 quam
1661 1885 1727 1925 ex
1773 1870 2022 1925 omnibus

455 1970 574 2021 aliis
608 1967 770 2022 rebus
806 1968 857 2021 in
897 1971 1059 2020 linunt
1100 1964 1373 2031 collectis,
1406 1964 1600 2033 quibus
1642 1962 1883 2032 plerique
1926 1962 2023 2018 de-

456 2056 723 2115 lectantur
756 2074 771 2112 :
800 2058 942 2112 hanc
972 2056 1071 2111 sibi
1101 2057 1265 2110 totius
1295 2056 1418 2110 vita:
1447 2054 1670 2121 sociam,
1714 2064 1767 2108 ut
1791 2055 2021 2124 probum

456 2150 850 2213 consiliarium,
883 2159 1046 2218 atque
1076 2162 1465 2218 congerronem
1490 2187 1505 2211 ,
1533 2154 1586 2201 et
1613 2147 1801 2201 ducem
1836 2146 1937 2201 vite
1968 2147 2020 2199 in

455 2241 649 2297 malum
682 2240 927 2306 ferentis,
969 2256 1030 2295 ac
1060 2249 1363 2310 promptum
1389 2237 1811 2291 commilitonem
1847 2238 2024 2305 adsci-

454 2348 624 2389 scere.
656 2334 719 2387 Et
746 2332 870 2402 quia
901 2331 1294 2401 iucunditatem
1329 2345 1541 2383 omnem
1568 2329 1712 2383 lttttni
1746 2330 1903 2382 sitam
1932 2344 2023 2383 as—

455 2427 805 2495 pernabatur,
837 2422 1015 2475 omnis
1053 2421 1197 2475 illius
1237 2435 1389 2473 amor
1432 2427 1551 2488 post
1597 2417 1762 2471 Deum
1807 2417 1862 2470 in
1912 2417 2025 2472 elo—

456 2517 731 2587 quentiam
785 2513 1149 2569 Christianam
1189 2510 1394 2565 ellusus
1444 2520 1557 2572 est,
1610 2509 1693 2563 vel
1744 2510 1922 2578 potius
1970 2510 2022 2563 in

457 2607 623 2661 Deum
654 2620 895 2676 quoque,
929 2603 1361 2674 quandoquidem
1403 2602 1469 2655 ad
1520 2601 1688 2655 Deum
1728 2614 1849 2655 cum
1901 2616 2025 2671 pru.

458 2701 637 2756 dentia
676 2698 835 2769 rapit,
866 2713 960 2768 per
988 2711 1146 2767 quant
1183 2695 1347 2750 etiam
1384 2696 1520 2748 Deus
1549 2694 1760 2748 sincere
1790 2692 2022 2764 percipi-

461 2804 567 2860 tur,
594 2803 647 2847 et
670 2800 1042 2857 conservatur,
1073 2800 1234 2858 atque
1258 2789 1310 2841 in
1342 2788 1496 2841 nobis
1526 2786 1808 2840 adolescit.

460 2885 636 2941 LVIII.
689 2883 875 2938 Fidem
915 2884 1095 2937 datam
1151 2882 1255 2934 Deo
1299 2898 1400 2933 non
1450 2877 1637 2947 fefellit
1686 2877 2025 2950 Gregorius:

736 2970 835 3026 quo
869 2953 1022 3007 modo
1051 2954 1226 3004 datam
1260 2951 1458 3004 Basilio
1491 2951 1759 3020 fefellerit.

532 3047 637 3102 Sed
671 3062 779 3116 quo
820 3060 918 3099 nos
952 3044 1093 3113 rapit
1137 3044 1333 3106 oratio,
1381 3042 1445 3095 de
1480 3041 1725 3112 Gregorii
1759 3039 1928 3096 effuso
1972 3041 2024 3094 in

458 3138 820 3210 eloquentiam
869 3150 1052 3191 amore
1086 3133 1449 3190 disserentes?
1490 3135 1569 3186 Ad
1610 3133 1783 3202 ipsum
1824 3132 2027 3202 Grego-

462 3233 599 3285 rium
637 3238 996 3294 revertamur,
1042 3241 1200 3297 quem
1231 3226 1458 3280 Athenis
1493 3226 1741 3280 reducem
1772 3226 1823 3279 in
1869 3226 2027 3279 domo

458 3332 685 3395 paterna
727 3322 1080 3391 reliquimus,
1122 3318 1299 3374 media
1350 3319 1691 3375 incedentem
1730 3320 1814 3375 via
1864 3336 2024 3392 quam

462 3415 677 3477 inierat.
708 3424 767 3468 ut
804 3412 964 3468 simul
999 3411 1105 3467 voti
1137 3412 1503 3481 sponsionem,
1535 3427 1640 3482 qua
1674 3412 1783 3467 Deo
1822 3413 2028 3483 obliga-

464 3516 551 3560 tus
604 3513 744 3567 erat,
803 3503 1071 3574 impleret,
1119 3511 1174 3558 et
1228 3501 1425 3557 debitae
1472 3504 1789 3572 parentibus
1843 3504 2026 3575 pietati

466 3596 671 3649 faceret
700 3593 862 3653 satis.
898 3593 975 3647 sic
1011 3594 1240 3662 agendo,
1288 3594 1566 3663 vitamque
1602 3596 1937 3650 instituendo
1973 3606 2029 3651 ut

463 3689 694 3744 alterum
754 3688 908 3741 alteri
974 3704 1080 3741 non
1142 3697 1531 3757 postponeret,
1590 3692 1683 3743 sed
1743 3700 2029 3759 utrumque

462 3780 724 3850 expleret.
769 3779 950 3833 Basilii
996 3778 1214 3848 quidem
1265 3780 1498 3848 querelis
1536 3781 1868 3849 respondens
1892 3781 2030 3836 Gre-

463 3870 668 3940 gorius,
702 3870 899 3922 fatetur
943 3882 1001 3923 se
1026 3868 1310 3938 promissis
1351 3885 1454 3922 non
1490 3870 1725 3933 stetisse,
1771 3882 1826 3924 et
1870 3871 2026 3926 Iidem

463 3962 736 4014 fefellisse.
767 3959 961 4013 Verum
992 3959 1255 4030 promissa
1298 3961 1412 4015 ιιωο
1440 3970 1495 4014 et
1526 3962 1684 4015 fidem
1714 3963 1892 4015 datam
1929 3963 2031 4017 Ba-

464 4052 589 4107 silio
616 4051 886 4121 intelligit,
911 4052 993 4105 cui
1025 4050 1251 4105 Athenis
1290 4066 1349 4106 se
1382 4067 1504 4105 cum
1545 4052 1659 4120 ipso
1691 4053 1742 4106 in
1774 4053 2022 4107 solitudi-

469 4160 612 4209 nem,
646 4154 701 4197 ut
735 4144 897 4197 vitam
943 4152 1127 4212 ageret
1168 4142 1487 4207 solitariam,
1533 4158 1869 4199 recessurum
1906 4161 2034 4217 pro-

468 4238 709 4290 miserat.
740 4235 837 4289 llis
861 4236 1163 4305 promissis,
1189 4234 1378 4304 utjam
1409 4246 1762 4291 memoratum
1792 4246 1893 4303 est,
1924 4253 2027 4291 non

466 4330 638 4396 stetit,
664 4329 805 4384 hanc
833 4329 990 4384 fidem
1022 4328 1215 4384 fefellit
1242 4345 1258 4381 :
1299 4347 1318 4381 ‹
1353 4328 1423 4400 (ε)
1462 4327 1615 4383 Haud
1647 4338 1837 4397 sponte
1868 4346 1930 4384 ac
1962 4331 2030 4384 li-

469 4423 691 4487 henter;
718 4420 811 4475 sed
835 4420 976 4489 quod
1004 4418 1089 4475 lex
1117 4419 1288 4490 legem
1318 4420 1626 4489 superarit,
1666 4436 1727 4475 ea
1754 4421 2029 4484 nimirum,

467 4528 587 4582 qua;
625 4521 873 4581 parentes
900 4511 1080 4566 colere
1098 4509 1273 4579 jubet,
1308 4512 1478 4583 legem
1508 4512 1807 4567 sodalitatis
1840 4528 1902 4568 ac
1950 4515 2030 4566 fa-

2118 580 2441 635 charitatem
2496 587 2677 646 posset
2731 576 3012 640 exhibere;
3072 587 3136 626 ac
3188 580 3447 639 praeterea
3504 569 3694 621 datam

2119 670 2275 724 fidem
2304 666 2502 722 Basilio
2526 675 2782 728 servaret,
2817 678 2973 733 quem
3003 670 3062 716 ut
3091 662 3141 715 in
3172 661 3311 715 hanc
3344 659 3696 713 solitudinem

2120 776 2178 815 se
2215 760 2487 815 conferret
2516 758 2711 814 litteris
2739 755 3001 811 invitavit.
3038 754 3167 808 Illuc
3193 752 3405 806 venisse
3432 750 3700 805 Basiliutn

2116 850 2412 906 verisimile
2442 859 2560 916 est,
2594 848 2839 918 quamvis
2873 846 3059 914 longas
3100 858 3203 898 non
3233 842 3449 895 duxerit
3487 853 3700 893 moras.

2118 942 2279 998 Nova:
2316 942 2567 997 editionis
2601 939 2954 1010 epistularum
2991 935 3176 990 Basilii
3210 943 3396 989 auctor
3428 933 3702 1002 agnoscit,

2118 1035 2294 1104 primo
2318 1033 2573 1088 Basilium
2599 1034 2653 1088 in
2680 1031 2990 1086 Tiberinam
3016 1029 3258 1096 recipere
3283 1039 3402 1079 sese
3423 1023 3694 1087 voluisse,

2119 1125 2259 1193 quod
2310 1124 2395 1178 his
2445 1123 2603 1190 epist.
2654 1122 2721 1176 M-
2770 1119 2948 1175 verbis
2998 1118 3282 1172 confirmat
3327 1116 3404 1185 (ά)
3434 1130 3450 1168 :
3484 1132 3503 1164 ι
3542 1112 3707 1167 Nunc

2122 1212 2283 1282 igitur
2322 1211 2611 1280 intelligis,
2644 1224 2752 1279 quo
2792 1222 2892 1277 ego
2923 1204 3148 1274 periculi
3195 1203 3394 1257 stultus
3427 1199 3706 1261 venerim,

2121 1308 2214 1379 qui
2268 1306 2441 1361 locum
2478 1304 2737 1375 ejusmodi
2778 1318 2900 1357 cum
2928 1300 3205 1362 Tiberina,
3234 1299 3383 1352 orbis
3424 1309 3706 1351 terrarum

2122 1401 2399 1463 barathro,
2428 1406 2763 1451 commutare
2792 1391 3183 1449 contenderim.
3214 1409 3234 1442 ι

2124 1512 2402 1569 LX-LXII.
2451 1510 2601 1565 Nihil
2648 1511 2819 1563 minus
2851 1526 2959 1561 esse
3003 1506 3273 1561 ridebatur
3324 1502 3609 1572 Gregorius
3646 1503 3709 1556 in

2195 1586 2346 1636 domo
2385 1592 2635 1645 pulema,
2669 1596 2824 1649 quam
2858 1580 2997 1649 quod
3039 1578 3208 1643 reipsa
3254 1572 3708 1649 eratugﬂolestiirs

2192 1655 2331 1721 parit
2366 1644 2719 1722 Gregorio’rei
2752 1644 3035 1722 familiaris
3078 1663 3226 1722 cura.
3269 1644 3530 1722 Basiliam
3563 1644 3710 1696 inri-

2193 1719 2267 1777 tat
2300 1734 2351 1776 ut
2387 1724 2453 1775 ad
2481 1738 2535 1775 se
2570 1721 2762 1787 veniat,
2794 1733 2845 1772 ut
2876 1719 3050 1773 omnia
3076 1719 3177 1770 sint
3208 1719 3523 1768 communia.

2197 1836 2314 1902 Quo
2342 1849 2469 1903 ergo
2515 1842 2755 1902 tempore
2797 1830 3085 1900 Gregorius
3134 1824 3499 1882 coniectorum
3538 1825 3711 1879 annis

2133 1935 2415 1996 parentum
2446 1938 2629 1977 curam
2662 1920 2849 1992 gessit,
2882 1917 3015 1973 nihil
3048 1918 3224 1971 minus
3259 1931 3381 1970 esse
3417 1914 3711 1968 videbatur

2130 2035 2287 2088 quam
2319 2019 2460 2086 quod
2499 2017 2675 2086 reipsa
2708 2022 2844 2069 erat.
2883 2013 3015 2067 Pars
3050 2023 3282 2078 namque
3310 2009 3426 2076 ejus’
3460 2006 3707 2076 philoso-

2130 2112 2267 2182 phiae
2298 2111 2409 2164 hazc
2440 2108 2562 2173 fuit,
2594 2126 2613 2159 ‹
2653 2106 2721 2175 (ε)
2755 2105 2870 2159 Non
2906 2102 3073 2158 videri
3104 2101 3375 2172 primariae
3404 2099 3525 2153 vita:
3550 2097 3714 2152 labo-

2133 2220 2219 2258 res
2246 2202 2551 2265 exantlare,
2580 2200 2857 2269 magisque
2883 2212 3005 2252 esse
3034 2210 3195 2266 quam
3226 2192 3392 2247 videri
3427 2190 3536 2246 Deo
3566 2190 3712 2244 ami-

2129 2311 2274 2351 cum.
2309 2292 2413 2348 Sed
2466 2292 2635 2360 major
2667 2305 2788 2345 eum
2834 2292 3053 2344 tenebat
3100 2289 3481 2342 monachorum
3523 2299 3707 2347 amor,

2131 2386 2382 2457 quamvis
2416 2384 2689 2438 videretur
2724 2384 2865 2436 inter
2906 2383 3099 2436 multos
3128 2381 3353 2435 versari.
3391 2398 3409 2431 ι
3448 2377 3559 2432 Nec
3600 2379 3713 2431 mi-

2132 2493 2233 2532 nus
2275 2477 2478 2530 interea
2514 2475 2824 2544 parentibus
2853 2487 3065 2525 omnem
3111 2472 3397 2525 exhibebat
3439 2470 3710 2524 sollicitu-

2132 2569 2329 2633 dinem,
2369 2582 2559 2621 eorum
2608 2576 2883 2619 senectam
2925 2564 3134 2625 fovens,
3189 2562 3321 2615 nihil
3355 2561 3521 2630 magis
3552 2562 3709 2631 pium

2133 2669 2279 2714 ratus
2301 2673 2459 2728 quam
2494 2658 2723 2726 primum
2757 2668 2876 2722 p03t
2905 2655 3067 2708 Deum
3092 2654 3401 2723 parentibus
3442 2654 3710 2707 honorem

2134 2764 2406 2823 praestare.
2460 2749 2843 2804 Verumtamen
2896 2747 2971 2801 rei
3026 2746 3309 2800 familiaris
3365 2761 3549 2799 curam
3603 2746 3710 2799 sibi

2134 2844 2396 2897 maximas
2424 2840 2627 2895 fatetur
2666 2839 2913 2892 attulisse
2944 2838 3239 2892 molestias.
3276 2856 3292 2888 ι
3334 2837 3408 2909 (f)
3443 2836 3713 2891 Parentes

2133 2934 2348 3004 quidem
2380 2933 2673 2986 observans
2705 2939 2758 2983 et
2780 2928 2967 2984 fovens
2997 2928 3303 2983 laborantes
3324 2969 3340 2993 ,
3371 2931 3566 2998 spebus
3588 2931 3708 2981 ani-

2134 3040 2279 3078 mutn
2316 3023 2660 3085 deliniebam,
2693 3021 2885 3090 inquit,
2922 3030 2979 3074 ut
3007 3021 3269 3090 optimum
3298 3020 3499 3089 aliquid
3528 3020 3710 3073 adim-

2135 3119 2307 3187 plens.
2346 3129 2398 3197 et
2436 3116 2686 3184 imposito
2730 3114 2957 3183 fungens
2999 3131 3029 3168 a
3058 3102 3265 3168 natura
3300 3114 3494 3170 ofﬁcio.
3533 3114 3706 3170 Certo

2054 3211 2096 3269 C
2133 3221 2346 3264 constat
2376 3210 2646 3263 barathris
2680 3207 2934 3262 refertam
2983 3219 3103 3261 esse
3130 3206 3495 3275 improborum
3533 3206 3706 3271 viam,

2135 3302 2572 3372 quandoquidem
2615 3300 2744 3355 mihi
2774 3301 2935 3353 etiam
2967 3314 3035 3353 ex
3065 3298 3205 3352 bono
3255 3300 3449 3352 malum
3498 3301 3705 3353 evenit.

2136 3393 2268 3448 Nam
2305 3394 2483 3447 multa:
2512 3409 2595 3446 me
2623 3403 2677 3444 et
2705 3390 2943 3445 molestae
2968 3390 3376 3454 sollicitudines,
3409 3406 3527 3459 quae
3558 3406 3713 3445 men-

2138 3499 2244 3542 tem
2281 3502 2345 3541 ac
2382 3486 2620 3539 membra
2659 3483 2747 3537 die
2786 3499 2849 3537 ac
2889 3491 3046 3537 nocte
3098 3483 3313 3546 rodunt,
3349 3499 3379 3537 e
3413 3482 3550 3537 coelo
3582 3484 3708 3536 ani-

2138 3595 2279 3633 mam
2310 3579 2362 3632 in
2390 3567 2565 3632 terras
2594 3575 2870 3643 dejiciunt.
2899 3574 3138 3628 Primum
3167 3575 3379 3644 quidem
3407 3576 3575 3629 servis
3605 3576 3710 3629 im-

2076 3688 2079 3691 ·
2139 3684 2330 3738 perare
2381 3668 2538 3737 quale
2579 3666 2728 3721 exitii
2770 3667 2927 3720 rete?
2956 3667 3046 3735 qui
3082 3668 3307 3722 acerbos
3348 3668 3561 3734 quidem
3602 3667 3706 3723 do.

2140 3762 2313 3814 minos
2375 3774 2588 3829 semper
2652 3760 2917 3824 oderunt,
2978 3762 3097 3827 pios
3140 3771 3319 3815 autem
3370 3760 3711 3829 impudenter

2139 3851 2491 3915 conculcant;
2529 3865 2627 3905 nec
2661 3851 2814 3906 malis
2844 3851 3061 3920 placidi,
3084 3867 3186 3925 nec
3212 3853 3367 3907 bonis
3394 3852 3614 3907 dociles.
3643 3891 3660 3907 .
3687 3889 3707 3906 .

2141 3944 2342 3999 Deinde
2370 3959 2495 3998 vero
2525 3961 2634 3999 rem
2664 3944 2983 3998 familiarem
3020 3946 3417 4011 administrare,
3451 3958 3504 4001 et
3526 3947 3709 4003 Casa-

2140 4038 2216 4091 ris
2248 4036 2456 4105 pondus
2513 4038 2749 4092 humeris
2799 4054 3012 4107 semper
3058 4038 3355 4103 sustinere,
3404 4055 3467 4095 ac
3516 4039 3709 4097 duram

2139 4129 2325 4183 audire
2350 4130 2615 4183 exactoris
2660 4145 2918 4185 vocem...
2951 4130 3183 4185 Posthac
3211 4140 3388 4185 autem
3421 4128 3565 4187 circa
3592 4132 3709 4188 fre-

2142 4220 2353 4287 quentis
2384 4219 2481 4272 fori
2523 4221 2828 4285 tumultum,
2874 4231 2929 4275 et
2961 4221 3116 4276 sedes
3162 4222 3441 4289 excelsas,
3488 4225 3710 4279 miseris

2142 4309 2325 4363 litibus
2352 4310 2611 4364 sollicitos
2644 4311 2870 4374 versari,
2902 4322 2955 4366 et
2975 4327 3283 4365 sermonum
3318 4313 3707 4384 delitigantium

2141 4401 2370 4470 strepitu
2415 4403 2659 4467 obtundi,
2687 4418 2751 4457 ac
2782 4402 2954 4473 legum
2989 4404 3309 4459 volubilibus
3341 4403 3546 4474 laqueis
3589 4423 3709 4461 mo-

2144 4493 2327 4550 lestias
2354 4496 2499 4563 pati;
2532 4496 2617 4550 ubi
2644 4512 2834 4568 pugnae
2860 4509 2916 4552 et
2954 4499 3187 4563 labores,
3213 4516 3276 4555 ac
3299 4500 3454 4555 malis
3478 4501 3595 4570 plus
3621 4506 3709 4559 tri-

467 4575 812 4657 miliaritatis.
849 4618 868 4653 ι
903 4600 1009 4655 Sed
1052 4575 1209 4655 fidem
1248 4575 1424 4656 datain
1457 4602 1567 4656 Deo
1610 4602 1912 4658 nullatenus
1948 4603 2024 4657 fe-

2139 4585 2317 4637 buitur
2358 4600 2518 4652 quam
2554 4585 2734 4651 bonis,
2772 4586 2979 4655 ipsique
3024 4587 3197 4658 legum
3248 4588 3434 4643 arbitri
3465 4590 3707 4661 utrisque

467 4692 623 4757 fellit,
652 4686 1041 4763 promissisque
1081 4694 1250 4761 stetit,
1285 4708 1405 4750 eam
1453 4695 1683 4764 primum
1728 4695 1781 4749 in
1827 4695 2031 4750 aedibus

467 4785 707 4854 paternis
745 4786 909 4839 vitam
938 4785 1164 4856 agendo,
1198 4802 1358 4856 quam
1391 4787 1442 4840 in
1475 4787 1760 4841 solitudine
1786 4799 2029 4842 acturum

467 4889 525 4928 se
554 4876 727 4928 fuerat
766 4874 1070 4943 pollicitus;
1111 4890 1173 4931 ac
1221 4876 1414 4931 deinde
1448 4877 1498 4930 itt
1534 4891 1737 4941 eremo,
1768 4877 1819 4930 in
1867 4892 2025 4945 quam

465 4964 555 5018 ubi
583 4964 813 5034 primum
846 4963 997 5018 licuit
1022 4979 1080 5019 se
1109 4966 1332 5034 recepit.

467 5057 603 5111 ΠΧ.
648 5055 822 5110 Vitam
852 5073 1054 5126 quoque
1094 5058 1390 5110 solitariam
1433 5058 1595 5127 egisse
1623 5056 1932 5127 Gregorium
1969 5060 2023 5112 in

496 5128 760 5193 Tiberina,
790 5127 843 5179 in
872 5144 981 5198 qua
1002 5128 1163 5179 situm
1191 5141 1300 5179 erat
1326 5128 1637 5192 Arianzum,
1663 5129 1906 5182 credibile
1928 5140 2027 5183 est.

537 5219 675 5287 Quin
708 5219 871 5273 etiam
902 5218 1158 5273 credibile
1183 5230 1265 5271 est
1286 5216 1629 5288 Gregorium,
1655 5235 1777 5273 cum
1802 5220 2034 5276 Athenis

470 5312 522 5364 in
545 5312 685 5365 aedes
707 5322 963 5380 paternas
994 5310 1261 5376 rediisset,
1287 5310 1414 5363 hinc
1446 5311 1498 5362 in
1523 5308 1831 5367 Tiberinam
1858 5313 2033 5383 regio-

470 5416 591 5454 nem
624 5416 683 5455 se
712 5401 1022 5465 contulisse,
1062 5399 1151 5454 ubi
1201 5399 1491 5453 Arianzum
1533 5414 1658 5462 rus,
1702 5400 1817 5469 ejus
1855 5404 2033 5459 natale

466 5492 663 5557 solum,
696 5492 856 5546 situm
900 5502 1016 5547 erat
1049 5508 1156 5547 non
1186 5492 1342 5563 longe
1373 5508 1401 5545 a
1435 5490 1744 5560 Nazianzo;
1778 5504 1835 5548 ut
1873 5496 2031 5551 simul

537 5606 615 5673 la)
645 5605 737 5661 Or.
764 5607 819 5672 4,
843 5610 1048 5665 n.101.

539 5682 613 5747 (ὁ)
645 5678 799 5744 lbid.,
834 5698 866 5733 tt
927 5682 1051 5736 100.

537 5754 608 5817 lc)
640 5747 736 5814 I'Ip.
782 5751 850 5804 al.
894 5753 947 5806 5.

540 5831 619 5890 (ll)
645 5818 760 5871 l’ua
782 5822 970 5888 Basil.,
993 5840 1043 5891 ιι.
1064 5823 1149 5877 46,

2140 4676 2392 4741 venales;
2427 4686 2480 4731 et
2509 4678 2786 4746 improbus
2813 4679 2857 4731 si
2891 4680 3053 4733 ditior
3085 4681 3175 4743 sit,
3204 4681 3249 4735 is
3277 4682 3509 4749 optimus
3538 4692 3642 4738 est.
3681 4702 3701 4736 ι

2137 4767 2286 4822 Licet
2328 4777 2438 4822 tota
2500 4769 2615 4823 haec
2666 4767 2909 4839 Gregorii
2962 4771 3097 4826 ratio
3152 4773 3205 4827 in
3257 4773 3381 4827 vita;
3434 4774 3704 4841 instituto,

2137 4860 2291 4913 laude
2336 4871 2496 4928 atque
2540 4862 2901 4917 admiratione
2960 4863 3117 4933 digna
3170 4866 3437 4931 videatur,
3495 4865 3708 4921 dubitat

2143 4962 2321 5006 tamen
2343 4951 2426 5005 vir
2455 4964 2680 5006 sanctus
2712 4952 2811 5025 (g),
2848 4970 2914 5008 an
2949 4955 3073 5010 hinc
3112 4956 3215 5011 sibi
3253 4959 3426 5013 omnis
3455 4957 3575 5013 vitae
3599 4958 3705 5013 dif-

2140 5044 2352 5098 ficultas
2381 5045 2749 5113 asperitasque
2787 5044 3023 5111 ﬂuxerit,
3068 5062 3165 5118 per
3208 5064 3368 5119 quam
3402 5050 3705 5106 incommo-

2138 5136 2263 5190 dum
2301 5150 2363 5190 ac
2398 5136 2732 5191 salebrosum
2766 5138 2831 5191 ad
2865 5140 3256 5208 philosophiam
3288 5140 3391 5195 iter
3422 5142 3699 5207 habuerit,

2135 5243 2235 5283 nec
2267 5228 2535 5282 desiderio
2560 5243 2658 5283 suo
2683 5230 2957 5300 animique
2987 5235 3265 5302 proposito
3291 5234 3422 5288 satis
3456 5235 3697 5303 dignum.

2138 5316 2318 5382 Quare
2348 5317 2548 5371 Basilio
2581 5320 2820 5375 scribens
2849 5322 3164 5390 objectanti,
3198 5325 3337 5392 quod
3375 5338 3477 5377 una
3512 5341 3697 5379 secum

2134 5408 2189 5462 in
2220 5407 2560 5462 solitudinem
2605 5426 2724 5464 sese
2767 5427 2870 5465 nou
2901 5412 3217 5482 recepisset,
3254 5417 3701 5483 quemadmodum

2135 5499 2202 5553 ab
2252 5499 2479 5552 Athenis
2532 5515 2590 5555 se
2644 5500 2884 5558 facturos
2939 5518 3123 5558 mutuo
3162 5508 3563 5574 promiserant,
3602 5511 3701 5562 da-

2208 5616 2279 5680 (e)
2304 5614 2485 5671 Carm.
2517 5616 2587 5669 De
2614 5620 2717 5671 vita
2743 5628 2859 5678 sua;
2889 5635 2937 5672 ν.
2975 5620 3098 5673 525.

2208 5684 2284 5763 ll)
2320 5686 2510 5763 (ξείνη)ζ
2536 5686 2613 5742 De
2644 5690 2749 5763 rei).
2792 5695 2920 5754 suis,
2956 5706 3002 5747 v.
3046 5690 3142 5745 l5?
3179 5704 3231 5745 et
3267 5707 3383 5760 seq.

2212 5758 2284 5825 (g)
2324 5754 2416 5809 0r.
2449 5755 2536 5821 45,
2578 5776 2628 5811 ιι.
2663 5759 2752 5814 ‘25.
