3812 6520
116 466 185 517 ΓῘΊ

1358 470 1514 524 VITA
1556 468 1613 523 S.
1654 467 2003 525 GREGORII.

3207 464 3331 531 trs,

114 598 281 650 umque
315 580 469 637 ﬁdem
502 582 798 653 fefellisset,
830 590 880 642 id
903 590 1043 646 ultro
1070 592 1288 653 fatetur,
1316 608 1377 646 ac
1405 594 1631 660 promit-
1662 598 1706 650 Α
1736 593 2015 661 agebatur,
2056 592 2129 645 et
2154 607 2315 662 quam
2356 592 2472 662 ipse
2524 589 2797 653 traduxit,
2828 604 2950 644 cum
2984 588 3140 657 panis
3174 588 3309 639 adeo

112 676 157 726 tit
191 673 425 743 deinceps
458 690 521 729 se
569 677 723 733 fidem
762 694 1122 742 servaturum.
1161 703 1180 737 ε
1213 685 1400 740 Fidem
1449 685 1633 755 fefelli,

113 767 243 834 inquit
273 766 366 838 (α).
404 809 420 823 .
472 809 488 823 .
528 808 547 825 .
590 787 695 826 non
747 784 926 830 autem
964 794 1183 847 prorsus
1217 781 1433 846 fallam,
1468 782 1633 851 siqui-

112 857 200 910 dem
229 858 321 912 hoc
351 871 569 929 gratum
607 864 702 918 tibi
737 864 977 922 futurum
1003 881 1108 926 est.
1136 872 1337 927 Partim
1365 875 1507 929 enim
1538 890 1634 931 nos

112 956 243 999 tecum
268 949 485 1014 erimus,
508 952 704 1019 partim
731 953 843 1020 ipse
867 956 1143 1012 nobiscum
1168 974 1290 1015 esse
1317 976 1401 1026 ue,
1431 976 1631 1030 quaeso,

117 1038 331 1104 graveris,
357 1048 414 1093 ut
441 1043 627 1096 omnia
662 1046 769 1098 siut
797 1049 1102 1102 communia
1124 1092 1138 1114 ,
1164 1061 1219 1106 et
1248 1052 1470 1121 aequalis
1501 1056 1636 1106 ami-

113 1128 221 1182 citia.
245 1128 329 1185 Sic
349 1132 491 1186 enim
525 1135 643 1201 fiet,
671 1145 730 1189 ut
764 1152 861 1192 nec
890 1150 1140 1205 parentes
1172 1157 1406 1199 maerore
1432 1143 1636 1200 allicia-

110 1238 213 1288 mus,
239 1233 285 1277 et
315 1233 364 1279 te
399 1224 671 1281 fruamur.
711 1247 728 1280 t
768 1230 841 1283 lla
879 1231 1176 1303 Gregorius
1223 1238 1452 1292 amicum
1500 1240 1636 1293 iuvi-

110 1325 231 1369 utut
254 1319 311 1370 ad
342 1332 400 1372 se
432 1319 645 1387 veniat,
677 1322 885 1377 scilicet
915 1326 967 1379 in
997 1327 1337 1384 solitudinem
1366 1330 1634 1388 Tiberina:

110 1409 318 1477 regionis,
352 1425 468 1481 quae
498 1427 627 1466 cum
675 1413 959 1470 Naziauzo
996 1419 1169 1473 vicina
1212 1431 1373 1489 esset,
1423 1423 1472 1477 id
1522 1440 1633 1479 mo-

111 1498 212 1553 leste
238 1516 331 1554 non
366 1499 576 1555 ferrent
604 1516 878 1572 parentes,
903 1507 1098 1575 quibus
1128 1510 1289 1563 etiam
1322 1521 1501 1578 posset
1531 1511 1635 1568 sol-

112 1590 391 1646 licitudinem
428 1593 771 1663 impendere.
808 1607 864 1651 et
895 1599 1055 1654 simul
1094 1616 1214 1654 cum
1245 1602 1420 1656 amico
1447 1603 1632 1657 solita-

112 1681 211 1733 riam
244 1682 397 1736 vitam
433 1698 625 1754 agere,
670 1697 731 1741 ut
774 1688 1041 1759 pollicitus
1084 1691 1279 1747 fuerat.
1321 1692 1435 1747 Non
1470 1695 1634 1763 igitur

113 1770 291 1826 Basilius
336 1773 644 1844 Gregorio,
697 1789 754 1831 ut
796 1780 966 1835 visum
1003 1780 1345 1838 Bollandistis
1388 1784 1485 1858 (ὁ).
1538 1785 1630 1841 sed

111 1859 344 1933 Gregorius
391 1864 599 1923 Basilio
643 1870 870 1927 suadere
900 1884 1126 1930 conatus
1166 1887 1250 1931 est
1291 1887 1348 1932 ut
1387 1878 1438 1932 in
1466 1878 1629 1934 Tibe—

114 1957 240 2007 tinam
285 1958 559 2026 regionem
610 1963 908 2019 secederet.
960 1965 1126 2020 Recte
1165 1978 1342 2023 tamen
1396 1970 1544 2024 aiunt
1573 1986 1632 2028 se
1660 1946 1703 2000 Β

113 2061 184 2098 non
205 2048 452 2115 dubitare,
480 2054 618 2122 quin
651 2054 945 2112 Arianzum
978 2063 1283 2115 excurrerit
1311 2060 1537 2118 Basilius
1563 2063 1630 2117 ad

118 2139 333 2195 visendum
361 2145 625 2199 amicum.

116 2250 253 2308 LXlll.
290 2255 557 2325 Basilius,
611 2271 879 2337 eastrncto
931 2268 1284 2333 monasterio,
1323 2264 1630 2337 Gregorium

606 2331 819 2385 allicere
845 2344 1088 2389 conatur.

162 2417 329 2472 interea
355 2419 622 2489 Basilius,
663 2425 753 2493 qui
789 2426 1017 2479 docendi
1047 2442 1241 2481 munus
1282 2429 1420 2498 apud
1462 2428 1633 2485 Cresa-

117 2504 579 2580 riensesabjecerat,
601 2518 671 2568 ad
703 2520 842 2584 quod
876 2532 999 2571 eum
1042 2519 1282 2583 piissima
1334 2537 1488 2576 soror
1520 2522 1632 2576 Ma-

116 2601 378 2667 rrina,nec
435 2622 544 2661 non
602 2608 896 2678 Gregorius
952 2611 1336 2679 impulerant,
1373 2616 1517 2669 varia
1576 2617 1627 2671 in

117 2690 279 2749 Oriente
308 2708 355 2752 et
381 2699 621 2772 {Egy‘pto
650 2702 834 2756 invisit
867 2706 1193 2758 monasteria
1218 2745 1232 2768 ,
1270 2716 1325 2760 et
1354 2708 1497 2761 circa
1542 2724 1633 2761 an-

117 2800 205 2838 num
248 2789 339 2844 558
374 2791 424 2845 in
476 2792 715 2861 patriam
767 2809 1054 2858 reversus,
1100 2797 1242 2851 nulla
1305 2798 1629 2868 interposita

119 2892 224 2933 mora
248 2921 261 2944 ,
292 2881 339 2935 iu
374 2884 725 2940 solitudinem
777 2902 897 2942 sese
941 2890 1133 2958 recipit
1160 2890 1417 2954 ,~ardens
1451 2893 1631 2947 studio

119 2971 313 3033 proclara
338 2976 597 3030 virtutum
632 2980 875 3045 exempla
909 2980 1179 3045 imitandi,
1207 2996 1327 3051 qua:
1351 2982 1403 3036 in
1441 2998 1631 3037 mona-

121 3062 251 3157 steriis
275 3064 501 3157 Egypti,
533 3067 844 3124 Palaestinae
863 3111 878 3137 ,
901 3071 1216 3143 Gielesyrire
1243 3083 1297 3127 et
1325 3074 1631 3144 Mesopota-

122 3155 222 3210 mia,
247 3167 336 3206 non
361 3155 477 3211 sine
514 3165 742 3226 stupore
763 3173 1140 3228 conspexerat.
1173 3163 1428 3218 Idoneum
1460 3180 1632 3220 seces-

121 3239 177 3289 διιὶ
200 3240 345 3297 locum
395 3245 458 3297 ad
498 3248 677 3315 ripam
730 3246 889 3303 Iridis
916 3249 1060 3304 fluvii
1087 3294 1102 3318 ,
1145 3255 1235 3322 qui
1277 3269 1341 3309 ex
1375 3256 1627 3310 Armenia

122 3340 227 3384 ortus
251 3331 458 3389 Pontum
498 3338 734 3407 irrigat,
765 3341 833 3393 ab
865 3343 1011 3395 omni
1066 3358 1290 3413 prorsus
1348 3348 1627 3403 hominum

122 3426 434 3481 consuetudine
466 3438 740 3485 remotum
771 3432 929 3505 elegit
958 3449 989 3488 e
1036 3436 1255 3507 regione
1292 3442 1630 3505 monasterii,

123 3514 221 3578 quod
248 3520 301 3572 ad
330 3520 556 3577 alteram
589 3521 833 3591 ejusdem
871 3523 1018 3581 ﬂuvii
1049 3528 1219 3597 ripam
1247 3528 1486 3585 Macrino
1510 3548 1634 3586 cou-

124 3614 350 3667 ειηιθηι.

125 3714 253 3801 ιω.
272 3723 327 3777 In
352 3726 691 3782 solitudinem
714 3727 783 3780 ad
814 3726 1074 3802 Basiliam
1110 3748 1165 3786 se
1198 3733 1399 3802 confert
1432 3751 1451 3788 :
1480 3738 1633 3791 ambo

172 3798 290 3872 ritum
335 3801 851 3872 ascetiramagunt.
905 3798 1037 3853 Vita:
1087 3798 1369 3859 austeritas
1395 3846 1411 3872 ,
1454 3823 1626 3861 rerum

172 3859 328 3927 inopia,
354 3885 604 3921 manuum
627 3859 796 3933 labvor,
828 3878 935 3924 etc.

174 3969 259 4030 illic
276 3980 468 4047 primus
494 3981 741 4037 omnium
772 3981 825 4034 in
854 3980 1192 4052 Cappadocia
1240 3988 1403 4042 vitam
1446 4003 1631 4044 etenu-

131 4061 311 4134 biticam,
344 4087 497 4142 quam
550 4074 809 4129 solitariae
833 4073 989 4145 longe
1022 4078 1411 4143 praeferendam
1448 4083 1632 4135 existi-

130 4158 278 4227 mabat,
303 4164 527 4221 instituit
556 4166 809 4224 Basilius.
828 4167 1119 4236 Optaverat
1150 4170 1372 4225 fratrem
1395 4172 1629 4243 aliquem

131 4252 306 4315 reperire
328 4292 341 4318 ,
369 4258 454 4326 qui
486 4259 659 4313 vitam
687 4259 977 4313 asceticam
1023 4258 1390 4329 profiteretur,
1418 4273 1476 4318 ut
1524 4281 1629 4321 una

130 4351 290 4399 tumeo
330 4347 543 4405 brevem
600 4350 758 4420 hujus
802 4354 926 4407 vitae
976 4352 1195 4407 ﬂuctum
1246 4359 1627 4422 pertransiret.

132 4426 385 4496 speraverat
405 4457 458 4496 se
479 4457 605 4498 cum
633 4442 892 4513 Gregorio
920 4444 1189 4499 victurum
1212 4462 1227 4511 ;
1253 4449 1351 4501 sed
1376 4449 1626 4520 imposita

131 4526 255 4581 unico
274 4530 496 4591 fovenda}
528 4548 813 4604 parentum
864 4539 1165 4595 senectutis
1196 4543 1496 4600 necessitas
1522 4546 1625 4599 itu-

129 4615 371 4712 ttedimento
402 4625 541 4693 fuit,
574 4642 680 4697 quo
724 4629 903 4685 minus
932 4630 986 4683 id
1018 4632 1161 4699 quod
1212 4632 1353 4687 inter
1386 4649 1468 4701 se,
1501 4651 1621 4693 cum
1658 4657 1702 4712 ι)

130 4704 299 4766 Athenis
321 4729 686 4787 versarentur,
722 4722 864 4790 pacti
891 4721 1107 4777 fuerant
1133 4763 1148 4787 ,
1175 4739 1624 4795 exsequerentur.

132 4794 401 4885 Quapropter
426 4826 488 4866 eo
516 4813 808 4868 destitutus
838 4814 1092 4882 prassidio
1115 4856 1130 4881 ,
1156 4794 1440 4885 postquam
1474 4823 1628 4877 varia

133 4883 668 4987 lustravit‘mouasteria
690 4943 706 4969 ,
742 4908 892 4960 solus
926 4906 976 4959 in
1018 4906 1366 4963 solitudinem
1402 4926 1460 4965 se
1485 4914 1627 4968 reci-

132 4987 362 5053 Piliclljus
406 4995 626 5051 delicias
679 4996 769 5051 ubi
811 4998 1040 5065 primum
1069 4999 1347 5066 delibavit,
1376 5002 1515 5058 datis
1554 5005 1624 5060 ad

140 5066 387 5143 Gregorium
436 5085 669 5152 litteris,
705 5088 1038 5157 periucunda
1100 5088 1202 5143 loci
1257 5091 1626 5162 descriptione

245 5169 431 5231 allicere
455 5190 683 5235 conatus
716 5188 823 5235 est.
850 5179 1146 5250 Gregorius
1173 5182 1335 5237 amici
1363 5193 1418 5237 et
1443 5185 1629 5239 solitu-

136 5252 235 5343 dinis
271 5264 518 5327 desiderio
562 5272 797 5343 ﬂagrans
831 5312 847 5336 ,
878 5289 1039 5341 quam
1077 5274 1307 5342 primum
1341 5274 1535 5342 licuit,
1575 5278 1626 5330 iu

138 5340 306 5407 Pontum
326 5361 385 5413 ad
414 5340 671 5419 Basilium
702 5380 763 5419 se
792 5340 1042 5429 contulit,
1078 5340 1222 5421 anno
1263 5366 1368 5423 558
1406 5368 1491 5422 vel
1520 5340 1629 5424 .359

138 5438 311 5533 lcl.lllic
337 5453 547 5510 miratur
585 5466 641 5510 et
681 5456 861 5511 laudat
899 5458 1155 5512 eximiam
1205 5459 1459 5527 fratrum,
1493 5477 1630 5533 quos

139 5532 185 5582 ³ι¹
208 5538 414 5603 Pietatem
446 5548 675 5606 Basilius
709 5551 1062 5614 instituebat,
1086 5554 1431 5608 concordiam
1457 5571 1472 5621 ;
1499 5532 1625 5611 sua-

146 5634 228 5679 ‘em
250 5636 534 5698 psalmorum
560 5654 615 5696 et
645 5643 969 5713 hymnorum
993 5652 1235 5709 cautum,
1262 5659 1370 5716 quo
1398 5661 1621 5717 magno-

140 5726 229 5777 Pero
262 5725 523 5789 delectatus
574 5735 714 5801 fuit;
773 5735 937 5790 vitam
986 5750 1280 5806 pauperem
1310 5776 1324 5801 ,
1358 5754 1477 5809 qua!
1510 5739 1621 5794 illic

190 5836 246 5909 “ll
268 5841 339 5909 Ep.
365 5850 424 5903 al.
455 5852 501 5906 5.

192 5907 282 5973 “U9
304 5907 411 5973 vllaii
440 5938 486 5990 p.
513 5922 636 5989 385,
672 5924 774 5979 col.
810 5923 861 5989 l,
889 5938 1000 5980 n01.
1028 5924 1085 5979 Β.

1739 682 1905 736 durus
1943 692 2328 750 apponeretur,
2360 690 2417 735 ut
2451 680 2639 735 dentes
2684 673 2993 750 frangeret;
3053 685 3308 744 tantaque

1736 782 1854 827 erat
1904 787 2084 827 rerum
2131 772 2375 827 omnium
2424 771 2603 842 inopia
2634 810 2649 836 ,
2685 780 2742 825 ut
2778 770 2881 823 nisi
2915 777 3089 823 mater
3111 765 3300 819 Basilii

1735 874 2034 932 opportune
2061 864 2426 918 succurrisset
2451 902 2467 928 ,
2500 861 2840 925 moriendum
2898 860 3112 917 fuisset.
3140 859 3304 914 Coni-

1738 963 2003 1008 memorat
2040 954 2204 1008 etiam
2245 953 2541 1024 Gregorius
2572 952 2814 1007 laborem
2864 966 3118 1005 manuum
3146 990 3160 1012 ,
3192 950 3301 1003 Au-

1736 1044 1836 1112 giae
1886 1044 2069 1099 limum
2126 1060 2156 1099 e
2207 1046 2368 1100 domo
2422 1054 2766 1113 exportatum
2832 1054 2891 1098 ut
2947 1044 3089 1098 horti
3148 1043 3302 1097 fertio

1736 1136 1814 1191 les
1838 1138 2211 1201 redderentur,
2236 1152 2299 1192 ac
2330 1138 2569 1191 immane
2590 1136 2889 1207 plaustrum
2920 1153 3017 1192 sua
3047 1145 3101 1192 et
3120 1136 3303 1191 Basilii

1734 1231 1950 1286 cervice
2007 1231 2368 1301 manibusque
2418 1239 2671 1286 tractum.
2706 1228 2801 1284 His
2840 1231 2989 1285 addit
3037 1230 3302 1300 lignorum

1735 1324 2189 1392 comportationes
2222 1333 2276 1378 et
2302 1324 2646 1394 lapicidinas.
2683 1322 2937 1376 arborum
2970 1322 3303 1378 consitiones

1734 1425 1785 1468 et
1819 1415 2176 1486 irrigationes.

1736 1526 1898 1583 LXV.
1943 1527 2130 1581 Studia
2175 1543 2449 1581 sacrarum
2504 1527 2801 1581 litterarum
2832 1528 3116 1592 incumbit,
3145 1543 3305 1595 eoque

1978 1598 2156 1652 studio
2183 1597 2406 1664 miriﬁce
2439 1597 2727 1651 delectatur
2755 1597 3056 1667 Gregorius.

1804 1690 1959 1757 Quod
2005 1698 2289 1759 supererat
2342 1688 2441 1742 otii
2477 1689 2545 1743 ab
2590 1688 2839 1743 asceticae
2888 1687 3010 1742 vitae
3064 1688 3305 1753 muniis,

1735 1783 2145 1852 Scripturarum
2188 1781 2533 1837 meditationi
2575 1782 2978 1850 impendebant.
3040 1780 3093 1835 ld
3145 1781 3303 1850 longe

1732 1875 2097 1947 gratissimum
2153 1884 2273 1935 erat
2320 1872 2582 1943 Gregorio
2610 1914 2625 1937 ,
2665 1874 2749 1928 cui
2801 1873 2866 1927 de
2897 1873 3021 1928 vita:
3056 1873 3306 1927 instituto

1733 1966 2063 2022 consultanti
2096 1982 2160 2022 ac
2192 1968 2473 2021 fluctuanti
2519 1979 2700 2020 utrum
2734 1966 2961 2035 eligeret
2985 1964 3166 2030 ,.illud
3196 1980 3306 2034 prie

1733 2060 1854 2115 aliis
1875 2060 2180 2131 eligendum
2212 2060 2387 2114 visum
2417 2059 2618 2121 fuerat,
2655 2059 2709 2113 in
2734 2074 2842 2127 quo
2870 2059 3207 2127 frequentius
3238 2073 3306 2112 ac

1732 2150 1960 2206 liberius
2016 2164 2206 2206 sacros
2248 2149 2418 2205 libros
2442 2164 2662 2203 versare
2710 2164 2773 2202 ac
2820 2147 3067 2202 meditari
3103 2155 3305 2217 posset.

1731 2245 1908 2299 Ambo
1943 2244 2112 2315 igitur
2135 2243 2504 2298 concordibus
2546 2241 2763 2300 animis.
2799 2241 2913 2311 pari
2947 2241 3125 2295 studio
3154 2240 3304 2309 pari-

1735 2352 1841 2407 que
1868 2350 2124 2392 successu
2148 2349 2321 2390 sacrae
2349 2333 2477 2388 huic
2515 2332 2732 2387 lectioni
2770 2333 3108 2395 incumbunt,
3139 2341 3323 2400 atque'

1734 2442 1833 2484 eos
1863 2427 2074 2482 fructus
2107 2425 2431 2496 percipiunt,
2467 2426 2556 2494 qui
2583 2440 2687 2479 non
2718 2426 2876 2479 modo
2900 2424 2951 2477 in
2975 2438 3125 2477 suam
3160 2422 3307 2491 ipso-

1731 2536 1874 2586 rum,
1898 2534 2086 2574 verum
2131 2517 2293 2573 etiam
2320 2517 2371 2571 in
2414 2514 2671 2571 Ecclesiae
2708 2516 2873 2570 totius
2903 2513 3187 2568 utilitatem
3218 2529 3305 2568 re-

1732 2614 2059 2668 dundarunt.
2110 2610 2303 2665 Nullus
2355 2609 2544 2664 dubito
2597 2608 2727 2678 quin
2780 2607 2897 2662 haec
2944 2606 3009 2660 ad
3073 2608 3302 2676 primqu

1731 2704 1976 2775 Gregorii
2028 2716 2304 2758 secessum
2340 2701 2679 2771 pertineant,
2711 2713 2810 2753 nec
2833 2698 3081 2753 dubitare
3121 2696 3307 2752 sinunt

1732 2799 1848 2853 hazc
1894 2795 2058 2850 verba
2112 2794 2281 2864 ipsius
2332 2792 2581 2863 Gregorii
2623 2790 2824 2845 Basilio
2873 2789 3203 2853 scribentis,
3251 2797 3308 2843 et

1731 2898 1853 2960 post
1877 2888 2081 2958 aliquot
2110 2901 2284 2942 annos
2307 2886 2571 2957 pristinas
2595 2884 2719 2941 illas
2743 2881 2991 2945 delicias,
3020 2895 3157 2950 quas
3181 2895 3305 2934 cum

1733 2982 1848 3051 ipso
1906 2982 1963 3035 in
2014 2995 2230 3037 secessu
2292 2979 2717 3049 degustaverat,
2772 2974 3132 3029 desiderantis
3169 2972 3293 3043 (d):

1738 3092 1756 3124 ι
1794 3072 1925 3139 Quis
1958 3086 2044 3126 me
2073 3070 2370 3126 secundum
2401 3067 2756 3137 pristinorum
2813 3064 3029 3118 illorum
3090 3062 3301 3116 dierum

1733 3173 1929 3219 statum
1959 3167 2283 3222 constituet,
2308 3160 2362 3214 in
2398 3160 2595 3228 quibus
2623 3172 2724 3227 ego
2752 3167 2931 3211 tecum
2956 3152 3304 3209 aﬂlictionem

1734 3271 1830 3322 pro
1878 3254 2086 3308 deliciis
2117 3253 2377 3308 habebam
2404 3252 2520 3305 τη..
2565 3249 2695 3315 Quis
2724 3246 3055 3318 psalmodias
3084 3245 3212 3314 illas.
3251 3256 3308 3299 et

1736 3346 1948 3415 vigilias
1980 3345 2148 3405 dabit,
2178 3325 2340 3410 alque
2384 3336 2451 3397 ad
2487 3343 2650 3396 Deum
2689 3356 2784 3409 per
2809 3340 3110 3394 orationem
3141 3352 3299 3408 pere-

1733 3439 2067 3511 grinationes
2096 3477 2112 3503 ,
2148 3436 2405 3504 illamque
2454 3434 2600 3488 velut
2655 3430 2879 3486 materia
2915 3440 3195 3486 vacantem
3248 3440 3305 3483 et

1734 3530 2109 3594 incorpoream
2138 3525 2301 3578 vitam
2329 3524 2351 3576 ?
2382 3522 2514 3589 Quis
2541 3522 2769 3576 fratrum
2802 3535 3012 3585 eorum,
3040 3518 3131 3589 qui
3184 3535 3213 3573 a
3250 3530 3303 3575 te

1734 3622 1806 3676 dii
1840 3618 2210 3674 efﬁciebantur
2234 3626 2400 3686 atque
2448 3616 2501 3670 in
2536 3616 2704 3668 altum
2738 3614 3130 3677 evelle-bantur,
3165 3628 3299 3666 con-

1733 3714 1975 3768 cordiam
2003 3710 2421 3781 animorumque
2450 3706 2890 3777 coniunctionem
2915 3708 2939 3759 τ
2971 3705 3103 3772 Quis
3126 3705 3301 3783 virtu-

1734 3805 1803 3858 tis
1831 3814 2127 3866 certamen,
2152 3809 2206 3857 et
2246 3801 2313 3856 ad
2338 3815 2455 3855 eam
2489 3798 2878 3865 incitationem,
2904 3812 3066 3867 quam
3089 3797 3308 3865 scriptis

1736 3896 1947 3965 legibus
1995 3909 2057 3949 ac
2101 3892 2303 3963 regulis
2337 3890 2789 3947 obﬁrmavimus?
2819 3888 2951 3956 Quis
3000 3890 3306 3944 divinorum

1733 3984 2076 4039 oraculorum
2105 3982 2368 4047 studium,
2397 3981 2681 4049 lucemque
2708 3978 2760 4033 iu
2795 3979 2925 4047 ipsis
2955 3978 3117 4032 ductu
3144 3988 3306 4047 atque

1733 4078 1987 4145 auspiciis
2038 4074 2276 4146 Spiritus
2320 4073 2494 4129 sancti
2532 4071 2852 4135 inventam?
2892 4089 2911 4123 ι
2961 4071 3094 4126 Cum
3126 4081 3305 4124 autem

1735 4172 1788 4225 iu
1854 4169 2259 4240 Scripturarum
2311 4167 2491 4221 studio
2555 4166 2677 4236 plus
2741 4164 2981 4235 antiquis
3029 4164 3310 4232 scriptori—

1735 4263 1833 4317 bus
1893 4276 2054 4330 quam
2116 4259 2335 4330 ingenio
2394 4257 2613 4328 proprio
2677 4256 3015 4320 tribuerent,
3074 4256 3305 4325 plurima

1731 4369 1799 4408 ex
1862 4353 2092 4423 Origene
2146 4351 2477 4418 collegerunt
2522 4349 2899 4409 observatione
2942 4348 3142 4419 digna,
3188 4363 3307 4415 qm’B

1730 4448 1785 4501 in
1855 4463 2018 4502 unum
2099 4460 2297 4515 corpus
2362 4443 2583 4499 redacta
2643 4440 2999 4499 Philocoliam
3062 4442 3308 4512 appella.

1732 4548 1877 4594 runt.

1733 4653 1919 4709 LXVI.
1947 4640 2245 4707 Philocnlia
2274 4661 2320 4703 et
2358 4651 2569 4716 Regula?
2598 4651 2904 4704 monastlcw
2944 4659 3063 4704 sunt
3100 4649 3305 4718 fructus

2089 4724 2379 4775 studiorum
2412 4720 2603 4775 Basilii
2620 4731 2666 4772 et
2690 4718 2952 4788 Gregorii.

1802 4816 1861 4871 In
1913 4813 2221 4870 ediscendis
2272 4811 2567 4879 Scripturis
2622 4811 2851 4865 Basilius
2901 4821 2955 4865 et
3007 4811 3306 4882 Gregorius

1732 4920 1975 4964 mutuam
2016 4908 2118 4961 sibi
2149 4921 2368 4976 operam
2399 4902 2766 4975 praestabant,
2802 4895 3101 4959 familiares
3140 4905 3305 4959 etiam

1730 5002 1797 5057 de
1831 5002 1915 5056 his
1952 5002 2095 5053 inter
2140 5012 2198 5053 se
2231 5010 2514 5052 sermones
2546 4994 2878 5065 conferendo
2900 5035 2916 5059 ,
2945 5010 3068 5049 cum
3101 4997 3153 5050 in
3179 5012 3302 5051 ere-

1738 5107 1825 5146 mo
1851 5130 1866 5153 ,
1905 5089 1995 5144 ubi
2050 5097 2317 5143 testantur
2349 5101 2443 5141 eas
2490 5099 2549 5139 se
2598 5085 2853 5140 didicisse
2882 5124 2897 5149 ,
2929 5093 3301 5140 versarentur.

1736 5180 1840 5236 Sed
1894 5181 2219 5250 praecipuum
2279 5179 2331 5231 iu
2378 5178 2684 5231 divinorum
2728 5177 3071 5231 oraculorum
3125 5179 3304 5230 studio

1730 5273 2043 5342 magistrum
2075 5271 2311 5324 habuere
2343 5269 2604 5337 Spiritum
2640 5277 2916 5331 sanctum,
2957 5268 3112 5339 cujus
3137 5270 3301 5323 ducttt

1727 5374 1783 5417 et
1838 5362 2093 5430 auspiciis
2127 5361 2302 5415 lucem
2360 5362 2412 5413 in
2455 5360 2588 5429 ipsis
2630 5375 2660 5412 a
2709 5375 2768 5415 se
2814 5362 3088 5415 inventam
3123 5361 3306 5416 dccla:

1728 5464 1870 5510 rant.
1904 5454 2105 5508 Praeter
2136 5453 2513 5516 Philocaliam,
2538 5453 2679 5506 alius
2700 5462 2878 5507 exstat
2908 5453 3117 5507 fructus
3148 5469 3303 5508 coni-

1727 5549 2048 5603 morationis
2099 5547 2347 5617 Gregorii
2390 5546 2442 5600 in
2471 5546 2806 5600 monasterio
2831 5545 3042 5612 Basilii,
3070 5555 3123 5600 et
3150 5562 3301 5601 com-

1730 5656 1892 5715 mune
1921 5642 2203 5709 utriusque
2233 5655 2369 5707 opus
2398 5679 2413 5704 ,
2448 5648 2506 5692 ut
2555 5652 2639 5692 er
2660 5638 2778 5708 ipso
2825 5637 3089 5711 Gregorio
3136 5637 3301 5693 disci-

1733 5749 1854 5787 mus
1884 5772 1900 5795 ,
1931 5748 2122 5803 nempe
2145 5733 2290 5800 leges
2323 5732 2633 5787 monasticzc
2659 5740 2710 5787 ct
2740 5731 2955 5801 rcgnlrc.
2989 5751 3006 5783 ι
3041 5731 3173 5800 Quis
3207 5732 3307 5786 de-

1809 5851 1878 5921 (ε)
1904 5852 2067 5921 Grcg.
2101 5868 2185 5920 ep.
2221 5852 2287 5905 al.
2324 5853 2375 5907 9.

1806 5924 1882 5996 (ά)
1923 5925 2014 5993 Ep.
2056 5925 2123 5977 al.
2156 5927 2207 5978 ll.
