3812 6510
400 491 505 546 I79

1713 473 1867 527 VITA
1909 472 1964 527 S.
1999 466 2347 525 GBEGOBII.

3563 446 3686 498 IStl

404 605 482 664 bit
505 604 727 660 virtutis
755 610 1052 664 certamen,
1080 608 1133 653 et
1162 600 1226 651 ad
1252 614 1368 652 eam
1404 596 1795 656 Incitationem,
1815 608 1974 659 quam
2007 598 2051 650 Λ
2081 589 2308 642 bam?...
2337 585 2440 641 Sed
2465 585 2578 638 lucc
2609 590 2792 652 aptare
2828 575 3043 646 quidem
3079 567 3352 640 perfacile,
3388 565 3683 632 consequi

402 699 618 769 scriptis
667 695 876 765 legibus
932 709 995 746 ac
1035 690 1233 760 regulis
1280 687 1734 745 obfirmavimus?
1770 707 1788 737 ι
1845 686 1973 751 Qure

402 791 647 863 Gregorii
684 787 846 842 verba
881 786 1130 840 dubitare
1187 799 1292 838 non
1339 782 1528 837 sinunt
1557 821 1571 842 ,
1601 780 1728 849 quin
1760 780 1825 831 ad
1878 778 1975 830 has

404 886 548 956 leges
575 883 896 952 regulasque
923 879 1046 933 vitae
1096 874 1416 932 monaSticaa
1457 873 1770 929 scribendas
1822 884 1972 922 suam

405 994 526 1031 cum
583 976 780 1030 Basilio
843 987 1061 1044 operam
1120 967 1427 1024 contulerit.
1487 965 1638 1032 Quod
1699 963 1751 1016 ni
1814 961 1976 1014 fecis-

406 1083 540 1132 set,
594 1078 741 1123 certe
798 1069 880 1118 vir
939 1064 1218 1118 modestus
1290 1060 1354 1114 de
1418 1073 1476 1113 se
1537 1071 1644 1110 non
1701 1052 1975 1122 prmdica-

405 1173 509 1217 ret.

403 1276 611 1332 LXVII.
659 1273 775 1326 Voti
807 1287 1014 1338 compos
1042 1272 1099 1333 ﬁt
1143 1267 1430 1336 Gregorius
1452 1305 1468 1328 ,
1490 1265 1717 1338 mediam
1760 1277 1975 1316 carueris

646 1347 781 1398 viam
820 1336 954 1395 inter
983 1340 1327 1394 anachoretns
1363 1346 1413 1390 et
1441 1336 1707 1404 mygades.

479 1437 571 1492 Sic
605 1437 658 1489 in
712 1433 896 1486 Basilii
955 1429 1288 1485 monasterio
1347 1425 1531 1495 quiete
1574 1439 1637 1478 ac
1690 1422 1980 1478 solitudine

413 1529 718 1583 fruebatur.
754 1525 904 1578 Hanc
936 1525 1003 1577 ab
1044 1520 1200 1575 initio
1244 1519 1546 1579 adamarat,
1577 1531 1695 1570 eam
1722 1516 1776 1569 in
1802 1516 1976 1569 maxi-

409 1623 514 1675 mis
564 1617 1006 1690 gravissimisqne
1074 1613 1335 1684 periculis
1392 1611 1504 1665 Deo
1554 1617 1797 1665 voverat.
1862 1608 1978 1662 Voti

411 1727 632 1778 compos
675 1709 848 1762 factus
875 1749 889 1771 ,
921 1704 1152 1760 mediam
1190 1703 1449 1773 carpebat
1482 1701 1648 1763 viam,
1686 1715 1847 1770 quam
1883 1700 1978 1751 du-

415 1806 539 1857 dum
581 1805 760 1855 animo
783 1807 1128 1866 conceperat,
1173 1796 1317 1849 inter
1364 1793 1721 1848 anachoretas
1741 1833 1755 1856 ,
1781 1801 1834 1846 et
1865 1806 1982 1860 my-

413 1895 609 1963 gadcs;
639 1909 759 1948 cum
791 1891 895 1945 illis
918 1887 1188 1951 meditari,
1222 1901 1344 1940 cum
1377 1885 1496 1939 istis
1522 1882 1833 1952 Scripturas
1862 1897 1981 1937 ver-

415 2003 535 2042 sare
563 1997 616 2041 et
646 1986 764 2039 aliis
804 1985 1095 2053 prodesse;
1130 1995 1253 2034 cum
1309 1978 1416 2033 illis
1444 1974 1827 2045 contemplari,
1859 1989 1979 2026 cum
2013 1961 2055 2014 Β

414 2082 538 2135 istis
566 2095 724 2150 agere
754 2084 988 2146 poterat.
1021 2073 1251 2128 Psalmis
1274 2111 1289 2133 ,
1342 2068 1578 2140 hymnis,
1623 2065 1979 2126 orationibus.

414 2172 634 2244 vigiliis,
683 2170 905 2230 inediae,
934 2164 1270 2221 meditationi
1303 2162 1707 2230 Scripturarum
1754 2159 1840 2212 die
1890 2171 1983 2210 no-

417 2276 609 2333 cteque
660 2260 906 2316 vacabat.
951 2257 1088 2324 Quid
1142 2255 1340 2326 plura?
1381 2253 1628 2307 Habebat
1678 2251 1819 2320 quod
1876 2259 1980 2301 tota

417 2364 596 2409 mente
625 2354 873 2422 po-tierat,
903 2364 1073 2414 eoque
1101 2350 1222 2402 vita:
1244 2359 1471 2417 genere,
1505 2344 1632 2397 licet
1661 2341 1983 2412 asperrimo,

419 2449 499 2502 sic
532 2446 926 2506 oblectabatur,
960 2450 1019 2493 ut
1047 2439 1280 2508 peractis
1338 2437 1388 2489 in
1420 2450 1486 2489 eo
1522 2434 1678 2487 annis
1728 2433 1938 2486 duobus
1966 2471 1982 2494 ,

417 2554 477 2592 se
523 2555 541 2587 ι
579 2533 821 2590 nonnihil
873 2529 1120 2599 attigisse
1145 2528 1286 2597 quod
1313 2534 1617 2596 Optaverat,
1649 2539 1710 2577 ac
1747 2524 1892 2578 velut
1932 2525 1983 2575 in

414 2629 598 2686 limine
626 2642 744 2680 esse.
791 2644 808 2674 ι
849 2624 995 2678 dicat
1028 2621 1104 2692 (al
1130 2661 1144 2685 ,
1181 2638 1202 2672 ι
1236 2619 1396 2688 atque
1428 2634 1494 2672 ex
1524 2618 1639 2686 ipso
1668 2626 1830 2686 gustu
1863 2631 1982 2670 ma-

412 2723 532 2788 jore
581 2717 847 2774 desiderio
877 2715 1164 2769 exarsisse.
1205 2733 1224 2764 ι
1261 2711 1353 2765 llis
1388 2726 1622 2779 namque
1652 2711 1831 2765 verbis
1880 2709 1985 2762 uti-

421 2825 508 2867 tur
551 2828 649 2882 pro
675 2827 763 2874 eo,
796 2825 901 2878 quo
934 2805 1242 2861 solitudinis
1287 2818 1473 2858 amore
1502 2801 1795 2872 flagrabat;
1835 2798 1988 2869 cujus

422 2906 693 2963 desiderio
722 2905 793 2957 ita
832 2899 1135 2962 tenebatur,
1160 2905 1220 2952 ut
1252 2898 1435 2966 plures
1464 2898 1626 2952 etiam
1667 2894 1792 2982 anui
1829 2895 1989 2948 breve

420 3011 634 3068 tempus
658 2997 757 3050 visi
784 2995 1032 3048 fuissent.

497 3109 730 3167 LXVIII.
761 3107 1069 3175 Gregorium
1097 3103 1160 3156 ab
1188 3101 1346 3175 eremi
1381 3099 1581 3152 deliciis
1612 3099 1667 3150 in
1707 3098 1917 3149 domum

633 3174 903 3249 paternam
938 3183 1143 3229 revocat
1173 3174 1339 3241 pietas
1371 3187 1492 3239 erga
1518 3178 1777 3237 parentes.

497 3271 646 3326 Ilaud
675 3281 848 3323 tamen
879 3267 1152 3322 credimus
1181 3262 1437 3316 tredecim
1482 3275 1672 3322 annos,
1713 3270 1768 3311 ut
1807 3267 1990 3311 narrat

422 3366 673 3425 Rufinus,
699 3359 1017 3430 Gregorium
1045 3357 1098 3411 in
1138 3353 1317 3409 Basilii
1342 3351 1672 3406 monasterio
1715 3360 1984 3403 versatum

423 3457 588 3510 fuisse
615 3495 630 3519 ,
661 3454 711 3506 in
759 3448 902 3520 quod
948 3463 1005 3501 se
1046 3452 1327 3513 receperat
1352 3456 1494 3494 anno
1534 3439 1638 3493 558
1662 3437 1744 3491 vel
1778 3437 1903 3500 559,
1935 3445 1991 3490 et

420 3563 485 3600 ex
539 3560 645 3613 quo
677 3550 958 3596 extractus
986 3545 1071 3592 est
1098 3550 1241 3589 anno
1271 3531 1376 3587 560
1402 3539 1497 3584 aut
1519 3529 1618 3585 561
1647 3569 1664 3594 ,
1703 3537 1764 3582 ut
1790 3529 1857 3586 ad
1903 3543 1991 3596 pa-

423 3651 563 3693 trem
597 3652 655 3692 se
690 3633 994 3698 conferret,
1028 3633 1117 3702 qui
1162 3630 1251 3684 tali
1277 3628 1477 3682 auxilio
1515 3642 1572 3682 se
1601 3626 1822 3682 destitui
1849 3639 1988 3692 aegre

422 3731 749 3799 patiebatur.
783 3725 873 3780 Sic
907 3725 1080 3794 pietas
1100 3736 1226 3792 erga
1257 3727 1530 3790 parentes,
1564 3731 1682 3785 qua:
1714 3728 1988 3769 reversum

427 3821 653 3876 Athenis
700 3818 1020 3889 Gregorium
1070 3813 1331 3868 Nazianzi
1385 3811 1721 3873 retinuerat,
1751 3820 1870 3859 eum
1926 3804 1992 3856 ab

424 3914 590 3971 eremi
624 3909 830 3966 deliciis
865 3920 1005 3976 aegre
1037 3904 1280 3960 avulsum
1319 3916 1508 3955 rursus
1548 3899 1877 3953 Nazianzum
1911 3911 1991 3948 re-

424 4006 656 4060 vocavit.
688 4003 899 4056 Primus
931 3999 1018 4054 hic
1033 3995 1276 4066 Gregorii
1306 4007 1550 4050 secessus
1576 3993 1641 4045 ab
1674 3990 1865 4052 altero,
1901 3989 1989 4056 qui

425 4099 650 4168 contigit
678 4105 959 4166 postquam
990 4089 1275 4162 presbyter
1305 4093 1523 4142 creatus
1557 4082 1678 4146 fuit,
1707 4095 1993 4136 secernen-

425 4193 528 4246 dus
565 4201 645 4243 est
673 4229 688 4252 ,
748 4197 801 4239 ἰι
827 4194 970 4239 recte
1003 4185 1293 4238 observant
1333 4176 1686 4232 Bollandistze
1734 4174 1992 4228 adversus

425 4283 737 4341 Baronium,
771 4292 930 4349 quem
965 4276 1125 4330 etiam
1161 4272 1430 4328 refellunt.

531 4367 719 4424 LXIX.
755 4367 1063 4434 Gregorium
1095 4377 1338 4416 revocare
1372 4369 1594 4413 conatur
1624 4354 1884 4409 Basilius’.

495 4462 816 4530 Gregorium
851 4457 1134 4512 absentem
1161 4493 1178 4520 ,
1209 4453 1350 4508 datis
1385 4453 1450 4504 ad
1487 4465 1608 4504 eum
1661 4447 1857 4503 litteris
1886 4488 1902 4511 ,
1938 4446 1990 4500 in

425 4553 769 4608 solitudinem
801 4563 1056 4603 revocare
1079 4554 1311 4601 conatus
1333 4553 1415 4599 est
1449 4542 1701 4606 Basilius,
1739 4542 1823 4596 cui
1857 4540 1988 4594 ami-

426 4663 521 4700 cus
558 4643 853 4710 rescripsit.
911 4640 1051 4694 Hinc
1092 4637 1294 4705 iocosa:
1341 4637 1448 4691 illa:
1498 4636 1780 4703 utriusque
1804 4633 1995 4686 littera-

425 4737 568 4790 ultro
593 4736 834 4802 citroque
863 4733 1000 4787 datae
1041 4748 1052 4782 :
1087 4729 1330 4800 Gregorii
1369 4727 1632 4782 laudantis
1657 4740 1810 4780 suam
1835 4725 1992 4778 Tibe-

425 4832 633 4887 rinam,
665 4835 719 4879 et
746 4823 996 4878 Ponticas
1025 4821 1189 4877 silvas
1222 4819 1626 4890 posthabcntis;
1659 4815 1840 4870 Basilii
1869 4829 1993 4869 vero

422 4919 725 4976 cavillantis
757 4916 1069 4970 Tiberinam
1099 4954 1112 4978 ,
1141 4923 1196 4966 et
1226 4913 1480 4967 Ponticas
1507 4908 1826 4964 solitudines
1855 4906 1995 4961 cele-

422 5013 657 5067 brautis.
714 5008 819 5064 Sed
851 5009 1099 5076 quamvis
1141 5007 1420 5076 iocaretur
1471 5004 1764 5072 Gregorius
1788 5042 1804 5068 ,
1833 5016 1991 5070 quam

424 5106 664 5159 maximo
696 5112 875 5156 tamen
909 5100 1110 5154 relictte
1137 5098 1445 5153 solitudinis
1494 5096 1766 5152 desiderio
1811 5107 1869 5148 se
1917 5103 1994 5146 te-

423 5199 538 5253 neri
563 5195 909 5251 dissimulare
943 5211 1050 5250 non
1075 5193 1266 5262 potuit,
1306 5193 1498 5260 bisque
1528 5188 1709 5244 verbis
1748 5187 1995 5242 declara-

424 5290 503 5343 vit
527 5291 640 5358 (b):
680 5309 698 5340 ‹
733 5289 861 5355 Quae
891 5289 957 5342 de
1009 5285 1233 5341 Pontica
1287 5281 1805 5339 commemoratione
1849 5278 1995 5347 prius

423 5382 726 5437 scribebam
752 5421 766 5445 ,
788 5381 934 5448 joco,
969 5395 1074 5434 non
1105 5380 1248 5434 serio
1287 5377 1594 5432 scribebam
1628 5395 1640 5429 :
1676 5389 1794 5444 quae
1819 5383 1994 5427 autem

425 5490 569 5529 nunc
594 5475 795 5536 scribo.
815 5473 1103 5528 admodum
1131 5471 1273 5526 serio
1304 5469 1504 5524 scribo.
1535 5468 1668 5534 Quis
1694 5481 1778 5521 me
1810 5480 1998 5520 secun—

424 5569 550 5620 dum
583 5567 932 5635 pristinorum
967 5565 1180 5619 illorum
1213 5564 1416 5618 dierum
1451 5570 1648 5615 statum
1684 5559 1996 5617 constituet,

425 5661 480 5714 in
511 5661 706 5727 quibus
748 5673 846 5728 ego
886 5670 1062 5710 tecum
1093 5655 1437 5709 afllictionem
1464 5668 1561 5724 pro
1596 5650 1801 5706 deliciis
1836 5651 1999 5705 babe-

503 5801 577 5866 (η)
610 5799 781 5854 0129.
815 5815 866 5850 ll.
893 5800 946 5850 6.

501 5877 574 5926 ibi
609 5873 699 5937 lip.
739 5873 805 5924 :II.
839 5869 890 5920 9.

501 5946 774 6003 “quarm.
823 5937 894 5991 De
925 5941 1022 5992 rita
1054 5956 1169 6001 sun,
1208 5954 1252 5991 \'.
1289 5937 1410 5991 5-31.

2080 689 2258 735 autem
2286 692 2392 733 non
2422 675 2643 746 perinde
2676 670 2851 726 facile.
2880 669 3022 722 Attu
3053 661 3183 717 mihi
3217 660 3471 714 adesto...
3494 657 3690 723 Equi-

2078 772 2197 824 dem
2231 769 2426 837 ipsete
2465 765 2635 835 magis
2678 775 2839 831 quam
2874 769 3055 810 aerem
3085 753 3256 823 spiro,
3286 749 3448 818 idque
3469 746 3684 801 solum

2076 861 2221 927 vivo,
2242 859 2384 930 quod
2419 867 2596 913 tecum
2630 869 2748 909 sum
2781 893 2795 916 ,
2829 849 2914 905 vel
2943 858 3149 909 coram,
3192 841 3276 895 vel
3306 842 3514 894 absens
3569 853 3688 907 per

2079 951 2242 1004 animi
2274 947 2648 1004 simulacrum.
2692 960 2710 993 ι

2078 1060 2245 1123 LXX,
2282 1057 2468 1113 LXXI.
2511 1053 3110 1123 Presbytercreaturhet
3141 1040 3357 1123 fugitivi
3393 1029 3682 1123 fautum.
3748 1083 3753 1087 .

2152 1108 2552 1185 EEiJiiiiIéud
2589 1108 2726 1176 dicit:
2780 1122 2969 1189 festum
2998 1108 3275 1189 ⁸ΡαςιὲΙιίε,
3312 1108 3686 1189 primamque

2151 1181 2302 1254 habet
2333 1181 2646 1252 orationem.
2691 1192 2755 1244 1η
2780 1181 3010 1258 longiori
3046 1193 3246 1254 postea,
3302 1181 3442 1247 fuga:
3473 1185 3525 1227 et
3585 1191 3683 1224 rc—

2149 1272 2290 1324 ditus
2319 1270 2573 1322 rationem
2613 1260 2857 1316 reddidit.

2088 1827 2196 1868 tum
2235 1814 2395 1868 etiam
2429 1821 2484 1864 ut
2521 1808 2646 1878 quid
2674 1805 2776 1862 sibi
2819 1801 3083 1874 agendum
3119 1807 3265 1854 esset
3295 1810 3414 1851 cum
3446 1809 3512 1848 eo
3568 1791 3682 1845 de-

2093 1907 2368 1962 liberaret.
2419 1903 2551 1956 Eum
2611 1897 2867 1952 vicesima
2893 1893 3080 1964 quinta
3131 1886 3480 1947 Decembris,
3540 1897 3678 1952 qua!

2087 1994 2286 2048 Natalis
2342 2002 2460 2046 erat
2509 1987 2718 2044 Domini
2750 1985 2864 2039 dies
2890 2025 2905 2050 ,
2933 1983 3239 2039 ordinatum
3278 1976 3466 2038 fuisse,
3491 1983 3673 2039 atque

2086 2088 2139 2141 iu
2187 2085 2416 2140 Pontum
2461 2083 2669 2152 fugisse
2697 2079 2784 2134 die
2813 2076 2952 2132 festo
2985 2072 3273 2128 Luminum
3298 2111 3313 2136 ,
3346 2068 3435 2137 qui
3466 2067 3671 2136 paucis

2086 2186 2206 2248 post
2250 2175 2441 2232 diebus
2469 2172 2800 2232 celebratur,
2831 2166 3162 2222 arbitramur
3206 2176 3325 2216 cum
3377 2159 3573 2213 Niceta
3611 2166 3677 2211 et

2088 2267 2466 2324 Tillemontio:
2497 2265 2589 2320 sed
2628 2261 2952 2318 brevissimo
2989 2266 3111 2327 post
3156 2263 3396 2321 tempore
3441 2251 3493 2304 in
3553 2265 3668 2319 pa-

2087 2362 2245 2416 triam
2278 2373 2526 2415 reversus
2575 2363 2696 2419 est,
2724 2366 2916 2421 nempe
2948 2349 3015 2402 ad
3054 2347 3194 2402 dicm
3234 2343 3478 2399 Pasehte.
3502 2341 3674 2398 Unde

2088 2455 2141 2508 in
2191 2451 2437 2508 oratione
2485 2463 2644 2518 quam
2677 2444 2884 2507 habuit,
2923 2461 2940 2493 ι
2982 2439 3316 2511 mysterium,
3354 2436 3528 2505 inquit
3554 2435 3666 2500 (di,

2089 2543 2240 2596 unxit
2276 2555 2359 2594 me
2396 2558 2408 2593 :
2445 2537 2702 2609 mysterio
2736 2533 3010 2603 paulisper
3041 2528 3181 2583 cessi
3213 2567 3227 2589 .
3257 2536 3314 2579 ut
3356 2539 3440 2579 me
3483 2526 3669 2592 ipsum

2089 2633 2409 2702 inspicerem
2445 2638 2495 2684 et
2543 2627 2879 2696 explorarem
2905 2641 2919 2688 ;
2947 2637 3070 2678 cum
3098 2619 3353 2690 mysterio
3390 2617 3553 2672 etiam
3588 2615 3674 2670 si-

2091 2726 2201 2780 mul
2224 2726 2458 2780 introeo.
2487 2741 2504 2774 ι
2538 2719 2742 2787 Quibus
2772 2715 2952 2771 verbis
2989 2712 3279 2784 significat,
3303 2724 3362 2764 se
3387 2709 3472 2763 die
3498 2705 3669 2770 festo,

2087 2832 2208 2872 eum
2260 2823 2474 2870 creatus
2511 2811 2698 2865 fuisset
2725 2807 3027 2878 presbyter,
3066 2803 3376 2859 discessisse
3408 2844 3421 2864 ,
3473 2809 3528 2852 et
3575 2799 3670 2852 die

2089 2909 2251 2964 etiam
2281 2908 2419 2961 festo
2453 2905 2700 2959 rediisse.
2739 2901 2890 2968 Quod
2927 2913 3124 2952 annum
3175 2902 3426 2965 spectat,
3461 2893 3506 2947 is
3537 2900 3663 2945 erat

2091 2998 2231 3062 56‘2;
2267 2995 2550 3066 siquidem
2578 2993 2822 3047 Julianus
2874 2989 3109 3045 nondum
3155 2987 3206 3039 in
3259 2983 3662 3054 Cappadociam

2091 3099 2347 3153 venerat,
2374 3102 2472 3142 nec
2503 3090 2555 3140 in
2585 3083 2924 3139 Christianos
2951 3079 3264 3135 adhibuerat
3309 3091 3426 3131 eam
3458 3072 3662 3128 crude-

2100 3187 2308 3238 litatem
2336 3223 2350 3246 ,
2385 3179 2537 3248 cujus
2569 3177 2835 3233 horrenda
2877 3173 3096 3242 reliquit
3126 3168 3451 3225 monimenta
3481 3167 3532 3220 in
3570 3181 3659 3220 rc-

2096 3277 2388 3346 gionibus,
2443 3286 2577 3341 quas
2637 3263 3102 3335 Constantinopoli
3153 3259 3422 3331 profectus
3479 3272 3667 3312 mense

2094 3369 2234 3425 Maio
2256 3381 2395 3421 anno
2428 3363 2553 3429 562,
2578 3359 2922 3416 Antiochiam
2956 3365 3168 3426 petens,
3203 3350 3522 3422 peragravit,
3540 3349 3666 3417 qui-

2095 3460 2195 3515 bus
2224 3467 2405 3528 postea
2435 3453 2708 3511 cumulum
2739 3452 2792 3506 in
2818 3449 3044 3506 Oriente
3072 3445 3350 3514 imposuit.
3373 3441 3664 3509 Gregorius

2097 3565 2328 3620 namque
2356 3549 2410 3604 in
2442 3545 2784 3617 Apologetico
2815 3584 2830 3609 ,
2878 3555 3040 3612 quem
3075 3537 3296 3606 scripsit
3323 3576 3338 3601 ,
3371 3535 3456 3588 vel
3487 3533 3663 3589 deela-
3719 3581 3722 3584 .

2099 3642 2284 3706 mavit,
2314 3651 2591 3710 exponens
2625 3647 2762 3704 quas
2790 3633 2860 3688 ob
2881 3644 3097 3698 causas,
3127 3637 3413 3700 postquam
3441 3623 3664 3695 presby-

2097 3742 2180 3789 ter
2208 3741 2421 3787 creatus
2472 3728 2693 3793 fuerat,
2738 3726 2790 3780 in
2825 3723 3056 3779 Pontum
3088 3720 3350 3790 fugisset,
3375 3733 3438 3772 ac
3473 3730 3664 3771 rursus

2100 3824 2426 3877 Nazianzum
2453 3820 2726 3881 rediisset,
2756 3815 2873 3871 haec
2899 3815 2962 3869 de
2993 3813 3204 3869 Iuliano
3228 3812 3387 3865 verba
3417 3807 3620 3877 facit(e)
3639 3823 3657 3860 :

2103 3934 2124 3964 σ
2154 3914 2263 3969 Nec
2288 3928 2416 3966 vero
2446 3920 2726 3967 externum
2758 3907 2953 3962 bellum
2988 3913 3168 3958 metuo
3195 3943 3210 3968 ,
3260 3915 3358 3956 nec
3401 3900 3563 3954 feram
3595 3898 3660 3950 il-

2100 4006 2202 4059 lam
2229 4045 2244 4068 ,
2276 4018 2394 4073 qum
2439 4015 2581 4055 nunc
2620 3998 2881 4052 adversus
2911 3994 3186 4049 Ecclesias
3221 3992 3476 4060 impetum
3508 3987 3653 4050 fecit,

2099 4060 2309 4153 etiamsi
2342 4096 2522 4165 ignem
2553 4091 2811 4154 minetur,
2856 4085 3066 4142 etiarnsi
3101 4082 3330 4152 gladios,
3367 4099 3387 4132 ι
3420 4087 3521 4133 etc.
3563 4075 3660 4130 llis
3690 4060 3695 4066 ’

2100 4190 2381 4261 perspicue
2413 4187 2605 4255 liquet,
2636 4182 2870 4238 nondum
2909 4180 3224 4249 Apostatam
3275 4176 3326 4228 in
3380 4171 3654 4241 Cappado-

2101 4280 2235 4333 ciam
2267 4276 2512 4340 venisse,
2540 4284 2595 4328 et
2631 4272 3005 4328 crudelitatem
3045 4267 3356 4321 exercuisse
3379 4303 3395 4327 ,
3420 4261 3511 4317 sed
3542 4269 3659 4313 tan-

2103 4379 2212 4422 tum
2259 4368 2433 4422 minas
2486 4365 2825 4425 intentasse,
2854 4377 2920 4417 ex
2966 4359 3161 4428 quibus
3197 4354 3488 4424 Gregorius
3533 4352 3657 4422 quid

2102 4459 2342 4514 facturus
2373 4465 2518 4512 esset
2564 4453 2869 4522 suspicatus
2921 4451 3036 4504 haec
3091 4446 3326 4513 scripsit.
3377 4441 3656 4511 Gregorius

2102 4552 2264 4621 igitur
2294 4559 2511 4604 creatus
2555 4556 2638 4601 est
2683 4545 2968 4614 presbyter
2994 4540 3080 4594 die
3103 4539 3174 4593 9.5
3203 4535 3507 4592 Decembris
3536 4534 3656 4587 anni

2102 4641 2197 4696 56I
2243 4659 2255 4693 :
2283 4653 2512 4708 cumque
2545 4636 2772 4705 fugisset
2798 4635 2851 4688 in
2878 4633 3107 4687 Pontum
3134 4671 3149 4694 ,
3178 4631 3302 4684 inde
3327 4629 3394 4681 ad
3427 4640 3545 4681 suos
3571 4641 3654 4680 rc-

2101 4747 2289 4786 versus
2323 4738 2409 4785 est
2452 4729 2518 4782 ad
2555 4728 2695 4782 diem
2746 4722 2968 4778 Pascha:
3021 4722 3146 4775 anni
3203 4718 3346 4783 562,
3375 4731 3540 4786 eoque
3573 4716 3656 4768 die

2099 4823 2313 4877 brevem
2378 4821 2444 4873 de
2501 4819 2640 4872 festo
2699 4814 2887 4869 habuit
2943 4814 3306 4873 orationem;
3359 4809 3452 4862 sed
3509 4805 3656 4875 paulo

2099 4925 2222 4986 post
2283 4911 2549 4982 prolixam
2592 4907 2840 4963 exaravit
2889 4919 2985 4960 seu
3046 4901 3417 4966 declamavit,
3462 4898 3512 4951 in
3557 4912 3655 4964 qua

2101 5021 2197 5059 cur
2232 5004 2283 5058 in
2335 5001 2563 5054 Pontum
2609 4996 2805 5066 fugerit
2839 5009 2900 5049 ac
2954 4995 3078 5048 inde
3129 4991 3352 5047 redierit
3401 4989 3652 5042 rationem

2105 5094 2298 5149 reddit.

2248 5181 2454 5238 LXXII.
2504 5180 2591 5234 Bis
2618 5195 2644 5232 ε
2672 5178 2956 5232 solitudine
2985 5175 3196 5229 avulsus
3227 5168 3520 5239 Gregorius.

2173 5277 2360 5345 Itaque
2411 5274 2495 5327 bis
2551 5272 2604 5326 in
2658 5269 2948 5325 Ponticam
2997 5280 3236 5322 eremum
3293 5277 3411 5316 sese
3445 5257 3654 5313 contulit

2103 5368 2427 5439 Gregorius;
2457 5365 2540 5420 bis
2573 5371 2752 5416 amata
2778 5359 3067 5415 solitudine
3097 5354 3313 5409 avulsus
3341 5361 3445 5415 est,
3472 5358 3522 5403 et
3554 5347 3654 5400 Na-

2106 5464 2348 5517 zianzum
2383 5460 2412 5512 e
2432 5458 2601 5512 Ponto
2630 5456 2693 5509 ad
2723 5468 2850 5508 suos
2874 5452 3051 5506 redire
3078 5431 3316 5503 coactus.
3349 5445 3523 5500 Primo
3544 5442 3651 5509 qui-

2105 5558 2226 5610 dem
2257 5554 2401 5606 circa
2451 5564 2647 5604 annum
2697 5547 2791 5602 ‘56!
2826 5585 2842 5611 ,
2871 5543 3106 5598 secundo
3153 5542 3219 5594 ad
3270 5539 3409 5593 diem
3447 5533 3651 5589 Pascha:

2109 5648 2232 5700 a'nni
2268 5645 2373 5698 562
2400 5683 2413 5707 ,
2439 5659 2560 5695 cum
2603 5641 2690 5694 die
2720 5654 2825 5693 xxv
2878 5634 3188 5691 Decembris
3247 5632 3370 5685 anni
3429 5626 3653 5696 proxime

2187 5784 2262 5852 (ά)
2291 5783 2382 5834 Or.
2423 5781 2468 5839 ιι,
2503 5795 2557 5831 ι..
2588 5778 2642 5852 a_.

2185 5849 2252 5924 (cl
2280 5852 2373 5907 Or.
2407 5853 2459 5908 (Ξ,
2488 5867 2539 5902 n.
2570 5849 2654 5902 87.
