3812 6530
93 435 163 488 f8f
1371 431 1524 486 VITA
1571 433 1625 486 S.
1668 434 2009 493 GflEGOiill.

3192 443 3295 495 58:2

90 553 225 622 elapsi
259 559 480 606 creatus
527 551 715 605 fuisset
754 552 1051 622 presbyter.
1087 553 1346 606 Secunda:
1396 552 1446 605 in
1490 552 1628 606 Pon-
1655 558 1704 613 A
1732 566 1839 618 eat,
1869 559 1962 611 sed
2007 558 2200 613 similis
2239 560 2497 626 dicerent,
2532 561 2858 631 ὁμοιςύσιον,
2891 561 2991 615 hoc
3031 568 3112 611 est
3167 575 3296 611 (Ὀπι-

91 659 177 702 tum
201 642 557 712 profectionis
585 651 639 695 et
676 642 881 696 reditus
914 659 1104 696 causas
1129 643 1240 710 ipse
1273 642 1324 694 in
1357 643 1621 707 oratione,

90 751 179 808 qua
205 735 432 806 primum
469 733 623 797 olim,
658 749 801 787 nunc
827 735 1121 788 secundum
1154 744 1382 802 occupat
1409 733 1580 804 locum
1607 775 1620 800 ,

91 829 408 902 prosequitur.
445 826 566 882 Cur
586 841 715 880 vero
733 835 883 894 pater
924 843 1045 881 eum
1076 842 1106 881 e
1143 826 1323 880 Basilii
1357 837 1622 882 monaste-

89 924 151 980 rio
171 919 481 983 extraxerit,
510 928 571 972 et
597 917 926 972 Nazianzum
955 917 1132 974 redire
1166 933 1309 972 anno
1343 917 1438 972 561
1473 934 1621 974 com-

90 1013 272 1084 pulerit,
318 1011 557 1081 perinde
600 1025 708 1066 non
735 1019 820 1066 est
862 1011 1228 1080 perspicuum.
1260 1009 1404 1064 Nihil
1444 1026 1623 1065 moror

91 1121 177 1176 qua
193 1104 451 1158 Baronius
494 1103 553 1156 in
577 1117 673 1182 sua
702 1101 946 1172 Gregorii
980 1102 1100 1156 Vita
1134 1102 1371 1170 scripsit.
1405 1101 1452 1156 Is
1478 1103 1620 1157 enim

93 1211 330 1266 utramque
390 1194 647 1265 Gregorii
699 1193 866 1249 nostri
923 1194 976 1248 in
1040 1192 1264 1247 Pontica
1335 1191 1623 1246 solitudine

88 1288 530 1346 commorationem
559 1285 923 1349 confundens,
944 1294 996 1340 et
1014 1285 1336 1354 perturbans
1359 1293 1618 1352 tempora,

89 1382 198 1452 quod
225 1378 575 1434 Bollandista:
609 1393 715 1432 non
748 1377 915 1432 semel
937 1378 1254 1442 observant,
1292 1377 1357 1430 ad
1384 1375 1623 1430 Valentis

91 1489 222 1544 usque
245 1472 554 1541 imperium,
590 1489 609 1523 ι
642 1471 718 1541 (a)
753 1470 854 1537 Qui
896 1469 1114 1523 Arianae
1137 1468 1372 1537 perfidia:
1417 1466 1619 1530 favens,

94 1569 306 1620 adversus
330 1563 658 1619 Catholicos
679 1561 976 1617 concitavit
1003 1559 1210 1622 turbas,
1253 1558 1498 1629 Gregorii
1539 1575 1622 1615 re-

93 1661 220 1712 ditum
245 1667 556 1728 promovet.
597 1654 721 1709 Fuit
752 1654 804 1708 id
833 1653 884 1708 in
915 1667 1075 1708 causa
1099 1697 1113 1720 ,
1141 1653 1314 1722 inquit
1339 1651 1620 1716 Baronius,

97 1763 136 1804 ut
156 1760 286 1820 pater
321 1747 582 1819 Gregorii
617 1745 992 1801 vehementius
1015 1753 1241 1814 ageret,
1277 1754 1332 1798 ut
1363 1744 1525 1798 filium
1554 1745 1621 1797 ab

96 1855 236 1897 eremo
276 1848 587 1895 revocaret.
617 1838 750 1892 Erat
779 1837 919 1890 enim
950 1836 1059 1907 jam
1095 1835 1250 1905 longo
1277 1835 1426 1890 senio
1459 1835 1619 1890 hebe-

99 1937 189 1996 tior,
213 1944 258 1987 et
288 1941 342 1986 ut
373 1929 680 1985 subeundis
711 1928 984 1983 laboribus
1018 1927 1189 1996 impar
1220 1941 1341 1981 eum
1370 1926 1619 1995 precibus

101 2026 319 2092 urgebat,
353 2031 412 2076 ut
437 2030 606 2091 pater
638 2019 804 2090 jussis
833 2057 848 2084 ,
873 2033 936 2071 ae
979 2017 1210 2086 denique
1241 2023 1300 2069 ut
1341 2015 1620 2084 episcopus

99 2117 274 2185 cogebat
299 2113 553 2182 imperio.
586 2109 738 2164 Licet
763 2109 905 2164 enim
937 2107 1137 2163 diutius
1159 2107 1344 2170 surdo,
1369 2115 1425 2159 ut
1447 2105 1617 2170 aiunt,

99 2209 280 2262 fabulam
308 2206 656 2276 ingessisset,
685 2202 835 2257 flexit
863 2201 1080 2257 tandem
1110 2241 1127 2266 ,
1163 2199 1338 2268 coegit
1367 2200 1619 2254 extorsit-

99 2315 174 2368 que
213 2299 269 2352 ab
300 2297 470 2351 invito
496 2337 513 2361 ,
548 2302 874 2362 revocatque
909 2293 1075 2347 filium
1121 2290 1468 2345 Nazianzum.
1517 2291 1617 2356 Qui

98 2404 295 2446 reversus
323 2389 374 2442 in
402 2387 649 2457 patriam
673 2425 688 2450 ,
717 2385 904 2439 habuit
937 2382 1207 2454 egregiam
1245 2381 1389 2436 illam
1421 2376 1628 2434 oratio-‘

102 2499 188 2537 nem
215 2524 228 2547 ,
255 2496 364 2550 quae
412 2478 740 2534 inscribitur
792 2476 1224 2545 Apologeticus...
1271 2474 1413 2528 Dixit
1457 2474 1615 2526 etiam

101 2590 190 2628 tunc
216 2573 516 2645 praeclaram
576 2585 696 2626 eam
727 2569 1058 2631 orationem,
1095 2567 1248 2637 cujus
1299 2574 1383 2621 est
1411 2566 1614 2629 titulus,

104 2664 150 2720 in
181 2675 336 2719 sancta
390 2663 606 2716 lumina
636 2701 654 2725 ,
688 2678 707 2710 ι
739 2669 842 2714 etc.
896 2657 1019 2712 Ilaec
1076 2655 1357 2710 Baronius.
1391 2651 1617 2722 Egregia

104 2759 250 2823 oratio,
277 2771 390 2825 qua:
416 2752 746 2808 inscribitur
772 2749 1154 2820 Apologeticus,
1177 2747 1362 2800 habita
1401 2754 1484 2800 est
1519 2744 1617 2798 sub

101 2846 296 2911 iuliano,
324 2862 428 2900 non
478 2858 623 2899 vero
681 2841 778 2896 sub
807 2839 1064 2904 Valente;
1105 2837 1280 2892 oratio
1327 2847 1504 2889 autem
1551 2835 1616 2887 In

102 2951 234 2992 uecta
255 2939 468 3001 lumina,
503 2949 620 2989 non
656 2951 674 2984 ι
713 2943 863 2995 tunc,
901 2951 918 2983 ι
949 2943 1009 2984 ut
1041 2928 1152 2982 vult
1187 2929 1448 2982 Barouius
1474 2966 1489 2990 ,
1523 2929 1615 2980 sed

103 3046 204 3096 anno
228 3045 348 3098 pene
375 3029 592 3098 elapso.

152 3123 268 3176 Haud
309 3122 621 3192 negaverim
674 3118 858 3172 turbas
914 3115 980 3168 ab
1009 3115 1224 3168 Arionis
1264 3113 1532 3180 excitatas
1562 3113 1612 3164 in

1732 649 1962 703 similem
1987 650 2132 705 Patri
2161 662 2214 706 et
2247 667 2348 706 non
2376 652 2885 708 consubstantialem
2918 652 3291 721 praedicarent.

1735 741 1908 794 «Erat
1961 752 2164 807 autem,
2212 743 2383 812 inquit
2436 743 2729 814 Gregorius
2781 743 2876 809 (ὁ),
2935 743 2986 796 in
3043 751 3290 812 promptu

1729 842 2112 896 atramentum,
2165 842 2218 887 et
2249 833 2610 887 calumniator
2663 850 2691 887 a
2741 842 2910 901 tergo.
2948 832 3021 886 Ea
3051 847 3137 886 res
3165 847 3290 902 per-

1732 924 1928 978 multos
1953 938 1983 978 e
2011 924 2186 988 nobis,
2249 924 2480 980 invictos
2535 924 2733 994 alioqui
2769 925 2934 988 viros,
2964 925 3014 978 in
3047 924 3288 976 fraudem

1726 1015 1969 1084 impulit;
2029 1016 2118 1086 qui
2145 1017 2391 1086 quamvis
2420 1026 2600 1072 mente
2658 1032 2992 1086 nequaquam
3051 1015 3287 1084 prolapsi

1727 1104 1949 1171 fuerint,
2010 1115 2183 1161 tamen
2245 1106 2640 1174 subscriptione
2672 1108 2966 1162 transversi
2998 1107 3102 1161 acti
3139 1115 3284 1171 sunt,

1723 1204 1777 1250 et
1804 1209 1927 1248 eum
1980 1193 2104 1259 illis,
2141 1203 2370 1263 utroque
2401 1195 2618 1250 nomine
2671 1195 2971 1262 sceleratis,
3001 1209 3287 1251 consense-

1725 1296 1887 1352 runt;
1917 1302 1979 1342 ac
2004 1288 2047 1342 si
2084 1303 2189 1343 non
2221 1287 2471 1354 flammis,
2511 1288 2639 1343 fumi
2669 1299 2817 1346 certe
2856 1289 3140 1360 participes
3172 1289 3287 1342 fue-

1727 1389 1872 1434 runt.
1903 1400 1921 1430 ι
1991 1378 2160 1433 Tanta
2195 1381 2315 1434 inde
2367 1390 2548 1435 secuta
2600 1381 2962 1435 estEcclesiac
3013 1381 3285 1434 catholicae

1732 1482 2040 1542 tempestas,
2075 1483 2132 1525 ut
2171 1474 2260 1543 qui
2293 1473 2611 1528 videbantur
2643 1488 2760 1528 esse
2787 1473 2967 1542 templi
3001 1472 3279 1533 columnae.

1727 1565 2008 1632 prostrati,
2060 1563 2141 1618 vel
2207 1564 2396 1618 saltem
2472 1564 2716 1618 concussi
2766 1565 2895 1630 sint,
2952 1564 2996 1616 si
3063 1563 3276 1631 quidem

1725 1656 1883 1710 etiam
1925 1654 2167 1710 nolentes
2210 1655 2413 1710 seducti
2460 1665 2620 1719 sunt;
2679 1665 2858 1723 atque,
2897 1664 2952 1707 ut
2978 1652 3286 1724 Hieronymi

1724 1747 1902 1802 verbis
1940 1755 2082 1814 utar,
2132 1747 2453 1818 ingemuerit
2490 1745 2657 1812 orbis,
2698 1755 2752 1800 et
2781 1746 3037 1800 Arianum
3080 1759 3136 1800 se
3170 1759 3288 1801 esse

1727 1841 1952 1895 miratus
1985 1841 2077 1895 sit.

1733 1949 1968 2006 LXXVI.
2009 1949 2278 2003 Formqu
2331 1950 2646 2002 Ariminenst
2687 1958 2797 2016 post
2831 1946 3054 2000 medium
3093 1960 3289 1998 annum

2025 2019 2128 2073 ’562
2154 2021 2456 2087 subscripsit
2498 2018 2740 2087 Tlteologi
2778 2029 2943 2102 pater.

1793 2113 1846 2168 In
1872 2127 2056 2168 eorum
2082 2123 2256 2167 tamen
2283 2126 2530 2177 numero,
2564 2111 2653 2181 qui
2684 2107 3009 2163 Ariminensi
3047 2103 3290 2160 formula:

1724 2212 1832 2257 tum
1883 2204 2338 2274 subscripserunt,
2381 2201 2584 2257 scilicet
2610 2199 2910 2254 Constantii
2950 2199 3290 2266 imperatoris

1723 2307 1982 2365 tempore,
2037 2310 2144 2349 non
2169 2294 2334 2349 fuisse
2364 2292 2708 2362 Gregorium,
2743 2305 2842 2345 nec
2870 2288 3125 2360 eum_nisi
3167 2295 3288 2358 post

1720 2392 1952 2447 medium
1985 2405 2183 2444 annum
2212 2387 2319 2442 562
2369 2385 2775 2454 subscripsisse,
2828 2392 3110 2451 ortamque
3163 2394 3287 2435 esse

1721 2486 1860 2539 inter
1890 2484 2201 2553 episcopum
2249 2491 2303 2534 et
2359 2479 2649 2533 monachos
2682 2475 3052 2530 Nazianzenus
3080 2473 3290 2526 discor-

1719 2577 1860 2630 diam
1890 2584 1996 2628 tam
2043 2573 2224 2627 multis
2255 2571 2512 2642 probatur
2547 2567 2851 2631 momentis,
2883 2575 2942 2619 ut
2974 2564 3174 2618 nullum
3218 2561 3285 2615 de

1717 2684 1777 2724 ea
1807 2685 1864 2722 re
1887 2666 2106 2723 dubium
2149 2679 2269 2720 esse
2303 2663 2492 2734 possit.
2539 2661 2719 2716 Primo
2748 2659 2963 2729 quidem
2997 2655 3288 2725 Gregorius
3379 2683 3382 2692 ι

1720 2768 1903 2812 uoster
1941 2770 2044 2810 non
2101 2754 2176 2807 ait
2223 2753 2317 2823 (c),
2371 2751 2522 2821 jussa
2569 2749 2870 2804 Constantii
2919 2745 3284 2816 imperatoris,

1717 2858 1809 2902 aut
1863 2861 2042 2900 rerum
2078 2845 2562 2916 perturbationem,
2600 2857 2717 2910 qua:
2768 2849 2892 2894 tunc
2932 2852 3139 2891 summa
3166 2836 3286 2895 fuit,

1716 2939 2087 2994 subscriheudi
2128 2952 2343 2992 causam
2405 2951 2502 2992 suo
2536 2934 2704 2988 fuisse
2751 2933 2910 3003 patri,
2938 2929 3030 2985 sed
3069 2927 3284 2983 deside--

1715 3029 1854 3084 rittm
1885 3029 2033 3098 pacis
2085 3037 2140 3082 et
2196 3042 2316 3081 cum
2358 3025 2628 3080 nonnullis
2683 3024 2927 3078 ineundae
2955 3021 3288 3076 comu‘mnio-

1720 3127 1822 3180 uis.
1859 3122 2106 3178 Secundo
2147 3129 2273 3174 ante
2317 3119 2456 3172 istud
2499 3115 2808 3178 dissidium,
2841 3113 3134 3169 Ecelesiam
3178 3108 3283 3162 Na-

103 3232 219 3271 cattsa
258 3218 411 3272 fuisse
469 3229 579 3270 cur
644 3210 935 3281 Gregorius
986 3206 1312 3260 Nazianzum
1360 3205 1611 3268 redierit;

1727 3218 2033 3272 zianzenam
2081 3228 2262 3266 arcam
2317 3210 2429 3264 Noe
2468 3209 2646 3264 vocari
2676 3207 2888 3262 solitam
2921 3219 3060 3271 esse,
3093 3213 3287 3271 utqua:

105 3310 184 3366 sed.
212 3319 258 3362 ut
289 3309 336 3363 id
360 3305 693 3367 concedam,
727 3311 874 3356 certe
909 3315 1012 3354 non
1041 3300 1136 3352 has
1163 3312 1282 3351 esse
1317 3297 1497 3350 turbas
1523 3311 1612 3348 ar-

105 3402 249 3463 bitror.
275 3418 385 3471 qua:
415 3416 445 3454 a
501 3397 736 3454 Valente
785 3404 909 3449 sunt
939 3393 1205 3455 excitate,
1246 3399 1303 3443 ut
1329 3391 1496 3443 visum
1530 3397 1613 3444 est

111 3493 307 3550 Baronio.
343 3493 444 3548 Vix
484 3492 659 3547 etiam
689 3487 881 3542 adduci
912 3499 1126 3554 possum
1159 3492 1217 3536 ut
1247 3482 1460 3536 credam
1490 3496 1610 3535 cum

110 3587 358 3642 doctissimo
382 3583 756 3648 Tillemontio,
783 3577 1101 3648 Gregorium
1133 3583 1336 3645 patrem
1370 3572 1611 3627 formula:

108 3680 367 3734 Ariminensi
394 3689 503 3734 tum
563 3675 970 3742 subscripsisse,
1012 3683 1064 3727 et
1089 3671 1200 3740 jam
1231 3671 1298 3724 ab
1327 3669 1442 3739 ejus
1465 3683 1610 3721 com-

109 3774 304 3828 munione
330 3771 704 3828 Nazianzenos
758 3767 1053 3820 monachos
1113 3760 1444 3823 discessisse,
1490 3773 1610 3812 cum

109 3865 191 3930 ejus
220 3864 360 3930 filius,
407 3863 616 3920 relictis
645 3860 879 3914 Pontica:
925 3853 1226 3910 solitudinis
1257 3851 1482 3914 deliciis,
1511 3849 1612 3903 Na.

110 3954 296 4007 zianzum
331 3954 488 4009 rediit
555 3965 696 4004 anno
730 3947 866 4013 56f;
916 3947 1075 4014 idque
1121 3958 1296 4030 causa:
1332 3942 1494 3996 fuisse
1519 3957 1614 3994 cur

112 4046 280 4109 rediret,
302 4056 353 4099 ut
398 4061 560 4114 opem
611 4041 779 4096 ferret
824 4039 1064 4106 longmvo
1104 4035 1267 4102 patri,
1296 4034 1383 4102 qui
1419 4032 1609 4085 Arimi-

112 4136 224 4188 nensi
266 4136 497 4190 formula:
558 4129 991 4200 subscripsisset,
1018 4141 1121 4181 uno
1160 4140 1190 4178 e
1229 4124 1340 4177 luto
1379 4136 1616 4190 cmerge-

110 4236 180 4280 tet.

112 4337 492 4396 illul-LXXV.
543 4339 743 4393 Turba:
767 4335 952 4388 Ariani
972 4335 1221 4389 excitant.
1253 4331 1425 4384 Fraus
1458 4332 1612 4384 Aria--

280 4430 473 4467 norum.
518 4410 719 4465 Multos
749 4409 799 4458 in
832 4405 1073 4474 fraudem
1114 4402 1405 4468 impellunt.

163 4499 338 4571 Magnas
367 4504 583 4572 quidem
615 4501 798 4554 turbas
834 4509 974 4550 anno
1017 4494 1120 4548 560
1146 4494 1443 4547 excitaraut
1471 4493 1616 4544 Aria-

1724 3308 1956 3362 universi
2018 3306 2165 3360 orbis
2227 3303 2486 3357 diluvium
2539 3297 2652 3355 sola
2705 3297 3002 3368 effugisset,
3057 3302 3288 3350 testatur

1721 3399 2012 3467 Gregorius
2048 3397 2147 3468 (ά).
2179 3394 2354 3465 Testis
2384 3393 2626 3464 profecto
2657 3393 2884 3445 mendax
2920 3389 3076 3452 foret,
3107 3389 3150 3442 si
3178 3389 3292 3443 Na.

1725 3494 2013 3546 zianzenus
2037 3489 2321 3559 episc0pus
2373 3485 2508 3539 dolis
2556 3484 2876 3537 Arianorum
2912 3482 3169 3552 deceptus
3189 3484 3289 3540 fuit

1726 3594 1966 3652 tempore
2020 3579 2353 3642 Constantii;
2412 3577 2659 3646 falsoque
2720 3574 2950 3630 dixisset
3005 3591 3286 3632 commune

1724 3677 1958 3732 universi
1993 3675 2140 3730 orbis
2177 3673 2431 3728 diluvium
2465 3670 2715 3741 effugisse
2765 3667 3154 3722 Nazianzenam
3189 3671 3288 3726 fic-

1724 3768 1962 3832 clesiam,
2009 3764 2162 3832 cujus
2202 3761 2453 3816 Ecclesiae
2486 3761 2767 3829 episcopus
2817 3759 2932 3827 ipse
2963 3758 3276 3813 artificiosis

1723 3858 1902 3912 verbis
1931 3852 2370 3924 circumscriptus
2398 3851 2452 3905 in
2481 3864 2698 3904 uravam
2724 3847 3038 3903 societatem
3075 3857 3284 3916 pertra-

1722 3958 1838 4002 ctus
1867 3946 2073 4000 fuisset.

1723 4053 2272 4114 LXXV’Il-LXXVIII.
2313 4052 2554 4108 Scltisma
2575 4050 2948 4104 monachorum
2965 4047 3026 4101 ob
3055 4049 3284 4102 substri-

1793 4130 2020 4196 ptionem
2042 4125 2278 4196 Gregorii
2308 4123 2495 4196 patris,
2524 4138 2627 4196 non
2665 4121 2879 4189 contigit
2903 4122 2996 4173 sub
3024 4117 3285 4173 Constan-

1795 4191 1888 4252 tio.
1917 4197 2093 4250 Brevis
2122 4191 2218 4259 om
2250 4195 2359 4246 hwc
2381 4191 2665 4244 discordia.

1794 4315 1862 4365 At
1887 4311 2039 4380 longe
2067 4307 2312 4378 graviora
2350 4312 2636 4373 suppetunt
2664 4312 2951 4358 momenta.
2984 4304 3116 4358 Cum
3151 4304 3286 4358 Gre-

1725 4405 1904 4475 gorius
1935 4418 1963 4457 e
2007 4401 2176 4455 Ponto
2232 4397 2555 4452 Nazianzum
2608 4411 2856 4450 reversus
2901 4405 2982 4451 est
3033 4398 3098 4449 ad
3146 4397 3284 4448 diem

1727 4493 1918 4548 festum
1942 4490 2156 4544 Pascha:
2192 4487 2314 4541 anni
2339 4484 2466 4550 562,
2490 4500 2694 4540 summa
2725 4501 2855 4555 pace
2886 4483 3162 4539 fruebatur
3190 4485 3288 4538 Ec.

113 4593 166 4655 πί,
201 4597 273 4662 qui
313 4607 426 4664 post
475 4597 750 4650 luctuosas
806 4590 1058 4660 synodos,
1104 4586 1496 4639 Ariminensem
1561 4587 1611 4637 iu
1649 4592 1689 4645 ι)
1718 4586 1880 4640 clesia
1930 4583 2293 4644 Nazianzeua,
2353 4595 2510 4648 quam
2573 4579 2780 4646 magnis
2813 4578 2965 4632 efiert
2996 4578 3283 4632 laudibus:

117 4681 364 4751 Occidente,
415 4685 792 4741 Seleucianam
819 4666 888 4734 'in
927 4679 1166 4740 Oriente,
1229 4676 1443 4730 habitas
1472 4691 1612 4728 anno

115 4772 203 4833 339,
222 4777 331 4830 item
351 4778 506 4831 etiam
537 4771 998 4839 Constantinopoli
1028 4784 1166 4822 anno
1192 4768 1314 4831 56ον
1347 4768 1613 4820 Comm"

118 4864 157 4916 lii
181 4869 368 4937 Augusti
401 4868 651 4940 prtesidio
694 4865 841 4928 freti,
875 4865 922 4916 vi
958 4873 1011 4916 et
1044 4873 1159 4914 arte
1204 4877 1314 4915 rem
1343 4861 1606 4930 agebant;

117 4968 351 5029 omnesque
377 4964 678 5031 episcopos,
713 4961 764 5012 in
800 4967 910 5011 tela
934 4972 1091 5025 quam
1133 4954 1238 5008 late
1267 4957 1482 5023 patebat
1510 4953 1610 5006 Ec-

120 5045 260 5110 clesia,
300 5051 552 5116 formulte,
585 5065 704 5120 qua:
741 5051 979 5117 ipsortttu
1022 5046 1312 5114 impietatis
1341 5054 1510 5098 totum
1534 5045 1612 5094 vi-

118 5150 183 5190 rus
202 5143 456 5200 artificiose
499 5153 699 5199 tectum
729 5142 1059 5204 continebat,
1092 5138 1430 5192 subscribere
1460 5151 1618 5205 coge-

120 5227 226 5286 lunt.
248 5235 353 5291 Fuit
379 5242 517 5296 enim
553 5255 613 5296 ea
663 5237 873 5293 fallacia
905 5247 956 5292 et
989 5236 1140 5291 dolus
1169 5234 1514 5296 Arianorum,
1559 5239 1617 5283 ut

119 5318 358 5387 ὀμοιοὺσιον
418 5331 860 5386 subscribendqu
911 5344 973 5382 ac
1035 5326 1388 5397 profitendum
1436 5323 1614 5376 trade-

123 5423 222 5477 rent,
241 5421 374 5474 unius
405 5421 645 5477 litterula:
675 5421 969 5476 mutatione
995 5434 1237 5488 magnam
1281 5401 1469 5469 sensus
1499 5414 1611 5468 dis-

121 5510 380 5569 crepantiam
411 5513 766 5576 adducentes;
830 5511 1020 5564 Filium
1077 5522 1266 5576 nempe
1313 5521 1416 5559 non
1471 5505 1615 5574 ejus-

124 5588 211 5646 dem
231 5599 504 5659 substantia:
533 5621 653 5660 cum
686 5603 869 5666 Patre,
918 5601 1059 5674 quod
1096 5598 1379 5672 ὁμοούσιον
1410 5582 1611 5667 signiti-

252 5729 424 5804 QMaii,
454 5755 502 5804 p.
534 5739 656 5793 588.

176 5797 231 5870 (δ)
257 5799 334 5870 9r.
365 5797 462 5870 9.1,.
487 5827 536 5862 ιι.
564 5811 652 5862 25.

178 5867 230 5934 (cl
252 5867 327 5924 0r.
357 5867 499 5942 t8,’n.
538 5883 620 5934 ιδ,

1721 4691 1821 4732 nec
1874 4683 2091 4728 veretur
2149 4672 2329 4726 dicere
2373 4672 2441 4740 (e)
2500 4683 2557 4724 se
2619 4683 2721 4722 non
2780 4685 3180 4735 concessurum,
3228 4680 3288 4724 ut

1673 4807 1678 4812 .
1725 4764 2110 4835 «amplissima:
2157 4762 2424 4828 civitates,
2484 4773 2779 4829 gregesque
2861 4759 3283 4814 numerosissimi

1719 4858 1823 4911 ulla
1871 4856 1922 4908 in
1986 4871 2044 4909 re
2103 4853 2454 4906 Nazianzenae
2508 4849 2762 4904 Ecclesia:
2832 4848 3208 4916 praeferantur.
3261 4869 3278 4900 ι

1719 4950 1872 5003 Nulla
1916 4965 2042 5016 ergo
2077 4944 2327 5005 Nazianzi
2387 4943 2652 4998 discordia
2693 4941 2791 4995 fuit
2841 4957 2981 4993 anno
3010 4941 3134 5001 562,
3188 4957 3285 4994 nec

1718 5041 1817 5094 ulla
1873 5040 2032 5092 etiam
2078 5037 2319 5106 Gregorii
2376 5037 2545 5106 patris
2595 5044 2720 5090 tunc
2768 5043 2884 5088 erat
2934 5034 3281 5103 subscriptio,

1713 5148 1744 5185 e
1773 5147 1878 5202 qua
1907 5130 2184 5184 dissidium
2214 5128 2409 5196 erupit.
2445 5126 2696 5192 Quinimo
2731 5140 2917 5179 recens
2940 5134 3059 5177 erat
3091 5124 3256 5176 tumul

1716 5236 1824 5289 tus,
1860 5239 1981 5278 cum
2007 5221 2300 5289 Gregorius
2329 5228 2512 5274 noster
2551 5218 2777 5286 primam
2806 5225 2988 5271 contra
3013 5215 3280 5270 Julianum

1714 5317 2008 5373 orationem
2060 5314 2342 5378 scriberet,
2375 5320 2430 5365 ut
2480 5311 2567 5365 his
2611 5311 2791 5366 verbis
2819 5308 3160 5364 manifestmu
3201 5317 3284 5363 est

1715 5409 1780 5480 (ί)
1817 5427 1831 5463 :
1865 5425 1882 5458 ι
1908 5407 2084 5473 Atque
2117 5405 2321 5458 utinam
2372 5401 2460 5456 ille
2485 5415 2697 5471 quoque
2751 5409 2924 5454 coetus
2952 5399 3017 5452 ad
3056 5401 3279 5452 chorum

1718 5511 1961 5556 nostrum
2019 5514 2076 5553 se
2099 5497 2438 5568 adjuugeret,
2472 5494 2585 5563 qui,
2637 5508 2757 5546 cum
2793 5493 2941 5560 prius
2975 5489 3280 5544 cantionem

1721 5593 2140 5660 haudquaquam
2165 5612 2175 5624 -
2197 5587 2552 5642 adulterinam
2591 5594 2754 5654 atque
2781 5583 3066 5653 ignobilem
3095 5580 3280 5637 uobis-

1779 5728 1856 5795 (ά)
1886 5725 2041 5785 lhid..
2068 5742 2115 5778 η.
2161 5725 2241 5777 ιτ.

1784 5795 1985 5868 (e)‘0r.
2107 5814 2156 5846 ιι.

1783 5865 1847 5940 (Ι)
1884 5867 1973 5922 Or.
2005 5865 2057 5933 4,
2090 5883 2142 5918 u.
2187 5865 2268 5919 to.
