3812 6502
387 455 490 508 183.

1695 459 1855 512 VITA
1900 457 1955 512 S.
2001 459 2350 515 GREGOlllI.

3548 462 3660 513 l81

385 586 506 624 cum
555 567 660 623 Deo
696 570 991 634 accineret,
1032 586 1096 627 ac
1140 572 1331 629 dextro
1366 575 1631 644 quondam
1656 578 1845 631 ordine
1884 577 1960 630 di-
1994 583 2034 635 A
2069 577 2332 644 Ecclesia,
2356 576 2650 647 Gregorius
2680 578 2964 642 obmutuit,
3001 586 3057 629 ut
3084 576 3196 643 ipse
3226 584 3475 630 testatur.
3509 575 3633 629 Non
3658 607 3671 616 -

387 682 528 735 gnos
564 667 879 731 haberetur,
914 675 1078 738 atque
1100 668 1263 723 etiam
1298 670 1470 735 brevi,
1512 680 1569 725 ut
1599 672 1833 737 confido,
1875 672 1967 725 ha-

387 758 625 812 bebitur.
660 758 799 813 haud
839 760 953 814 scio
983 776 1089 830 qua
1108 775 1177 816 .re
1213 771 1539 827 commotus,
1588 772 1809 833 repente
1842 778 1969 818 can-

388 860 501 905 tum
536 844 888 907 in'diversum
934 864 1128 921 mutat,
1185 854 1397 926 alioque
1454 857 1618 925 gradu
1671 868 1833 926 atque
1882 874 1970 912 or-

387 942 515 999 dine
551 960 671 999 sese
705 944 966 1009 collocat;
1026 962 1089 1001 ac
1143 962 1213 1001 ne
1259 950 1329 1002 ob
1376 964 1716 1003 communem
1754 950 1969 1018 quidem

389 1036 662 1099 l:etitiam,'
701 1038 843 1105 quod
876 1038 1042 1091 etiam
1076 1038 1246 1108 magis
1277 1040 1465 1105 miror,
1493 1039 1683 1094 adduci
1710 1050 1885 1107 potest
1916 1052 1972 1095 ut

390 1128 672 1181 nobiscum
706 1128 1088 1200 coniungatur.
1111 1150 1129 1183 ι
1166 1132 1291 1187 Haec
1321 1131 1562 1202 profecto
1590 1134 1775 1198 verba,
1811 1152 1829 1186 ί
1851 1150 1970 1188 cum

398 1217 548 1285 prius
577 1218 883 1272 cantionem
1030 1220 1311 1275 nobiscum
1345 1222 1452 1276 Deo
1480 1223 1750 1277 accineret
1888 1239 1974 1277 re-

391 1320 549 1376 pente
579 1320 793 1364 cautum
827 1312 877 1363 in
923 1311 1196 1367 diversum
1250 1322 1443 1375 mutat,
1473 1333 1493 1365 ι
1547 1314 1827 1369 dissidium
1861 1330 1973 1367 mo-

392 1403 689 1456 nacltorum
723 1420 912 1457 recens
945 1416 1121 1458 ortqu
1189 1405 1356 1461 fuisse
1384 1406 1627 1460 indicant
1679 1407 1844 1473 satis;
1878 1422 1975 1462 nec

396 1510 499 1549 non
531 1510 655 1563 spes
692 1495 905 1550 illorum
963 1498 1188 1561 reditus,
1222 1498 1415 1551 lenitas
1445 1514 1548 1567 qua
1586 1515 1680 1553 eos
1712 1514 1768 1552 ut
1803 1516 1975 1553 mem-

394 1586 490 1639 bra
524 1603 618 1641 sua
649 1588 1023 1657 complectitur
1047 1588 1339 1660 Gregorius
1370 1590 1479 1663 (a);
1504 1606 1566 1646 ac
1597 1593 1809 1646 demum
1833 1594 1975 1662 quod

397 1694 501 1733 non
531 1680 694 1734 semel
732 1683 806 1734 ait
836 1682 909 1752 (ὁ)
940 1684 1234 1737 monachos
1268 1684 1510 1739 omnium
1535 1694 1838 1753 postremos
1864 1686 1970 1740 dis-

397 1772 650 1825 cessisse.
696 1770 773 1826 Ex
828 1774 912 1827 his
945 1774 1107 1827 etiam
1150 1775 1355 1842 pariter
1402 1775 1686 1829 coniicitur
1709 1787 1977 1830 recentem

398 1878 613 1931 quoque
665 1864 831 1919 fuisse
878 1864 1123 1935 Gregorii
1175 1866 1651 1935 subscriptionem,
1705 1867 1787 1921 vel
1834 1878 1980 1923 certe

2070 671 2194 723 dum
2228 683 2359 738 ergo
2385 668 2606 723 discissa
2656 674 2792 731 erat,
2829 683 2952 721 cum
3008 667 3211 734 primos
3237 673 3343 720 tres
3386 665 3453 719 ad
3486 683 3677 735 papa--

2071 762 2178 814 lutn
2215 770 2493 813 sermones
2531 758 2720 813 habuit
2766 772 2907 811 anno
2936 757 3058 810 562.
3125 755 3288 826 quue
3333 757 3498 811 etiam
3530 761 3675 811 inde.

2074 861 2243 923 patet,
2281 850 2422 920 quod
2461 866 2563 905 non
2601 850 2757 905 modo
2785 850 2918 904 nihil
2956 849 3009 903 iu
3039 849 3123 903 his
3154 849 3491 903 orationibus
3529 864 3643 904 co"
3668 880 3681 889 ο
3732 844 3753 853 ’

2076 952 2156 998 tra
2194 944 2502 1006 dissidium,
2561 942 2693 997 nihil
2733 943 2799 997 de
2823 955 2955 1011 pace
2988 942 3130 994 dicat
3164 940 3477 1010 Gregorius,
3515 945 3677 1009 quod

2076 1038 2325 1107 profecto
2373 1052 2479 1090 non
2510 1035 2782 1091 omisisset
2812 1042 2995 1089 orator
3024 1034 3170 1103 pacis
3213 1032 3626 1089 amantissimus
3660 1050 3675 1093 ;

2076 1145 2258 1200 verum
2300 1129 2462 1185 etiam
2496 1127 2892 1183 Nazianzeuam
2920 1126 3215 1184 Ecclesiam
3249 1127 3324 1197 (It)
3380 1146 3399 1179 ι
3434 1142 3542 1180 uno
3568 1143 3677 1177 en—

2076 1224 2306 1290 demque
2357 1220 2539 1276 animo
2606 1236 2769 1273 unum
2819 1219 3070 1287 idemque
3112 1216 3430 1272 sentientem
3462 1232 3480 1269 ι
3541 1215 3681 1268 lau-

2077 1316 2187 1369 det.

2080 1429 2324 1485 LXXIX.
2358 1428 2465 1483 Sub
2502 1427 2709 1481 Iuliani
2745 1427 2900 1494 ﬁnem
2924 1425 3227 1493 subscripsit
3262 1424 3434 1490 impia:
3458 1421 3683 1491 [omnu-

2453 1498 2541 1562 ιω,
2570 1500 2660 1552 sed
2682 1497 2905 1550 illwsum
2932 1512 3021 1548 cor
3038 1496 3282 1549 servavit.

2152 1592 2267 1647 Non
2309 1593 2471 1662 igitur
2494 1590 2595 1645 sub
2624 1588 2963 1652 Constantio,
2996 1586 3087 1642 sed
3115 1594 3367 1655 vergente
3403 1585 3467 1637 ad
3498 1583 3686 1646 ﬁnem

2080 1683 2276 1738 Juliani
2332 1680 2577 1750 imperio,
2629 1675 2872 1732 formulze
2897 1675 3071 1729 minus
3103 1673 3418 1728 orthodoxae
3453 1670 3687 1724 videtur

2080 1775 2468 1843 subscripsisse
2505 1771 2822 1842 Gregorius,
2852 1768 3107 1837 deceptus
3147 1765 3470 1819 Arianorum
3498 1764 3681 1824 dolis,

2082 1867 2195 1935 qui,
2233 1864 2458 1920 absente
2489 1862 2620 1929 filio,
2650 1861 2789 1915 nacti
2814 1868 3171 1929 opportunam
3201 1870 3386 1911 senem
3421 1856 3676 1909 circum—

400 1973 519 2010 eum
552 1972 655 2010 non
689 1958 843 2027 longe
896 1970 1053 2013 antea
1096 1960 1501 2029 subscripsisse.
1560 1962 1769 2015 Etenim
1800 1962 1846 2016 si
1880 1964 1977 2015 suh
2014 1943 2055 1997 Β
2084 1958 2332 2013 veniendi
2364 1956 2724 2018 occasionem,
2762 1955 2943 2022 specie
2994 1949 3386 2023 pacificationis
3425 1962 3549 2001 eum
3614 1947 3683 2000 in

399 2049 738 2115 Constantio,
780 2067 920 2107 anno
982 2051 1084 2107 560
1120 2053 1202 2107 vel
1248 2054 1373 2119 561,
1430 2055 1841 2123 subscripsisset
1868 2056 1979 2121 epi-

401 2154 594 2209 scopus
626 2140 1023 2207 Nazianzenus,
1079 2145 1348 2211 quomodo
1381 2146 1625 2200 monachi
1657 2147 1981 2213 indignatio-

407 2245 526 2283 nem
557 2244 709 2283 suam
752 2232 817 2285 ad
852 2247 1053 2285 annum
1086 2248 1256 2302 usque
1284 2232 1388 2287 565
1410 2232 1573 2287 corde
1620 2232 1981 2301 pressissent?

401 2322 509 2376 Aut
535 2324 578 2376 si
614 2325 797 2378 tandiu
825 2335 1159 2395 presserunt,
1190 2340 1289 2379 cur
1315 2325 1693 2380 discessionem
1720 2324 1897 2377 subito
1929 2334 1982 2378 et

402 2416 669 2485 praecipiti
699 2417 926 2471 consilio
980 2417 1170 2470 tribuit
1211 2416 1547 2488 Gregorius?
1577 2418 1875 2483 Quomodo,
1904 2418 1983 2470 in—

406 2518 589 2570 quam,
625 2503 1051 2572 indignationem
1076 2520 1225 2559 suam
1245 2513 1354 2558 tam
1390 2505 1547 2576 longo
1572 2518 1809 2575 tempore
1835 2523 1984 2574 pres-

404 2594 605 2646 sissent
666 2595 938 2658 monachi,
971 2610 1107 2663 quos
1136 2595 1249 2664 ipse
1279 2596 1351 2665 (ε)
1410 2615 1428 2647 ε
1460 2596 1839 2652 ferventiorem
1875 2598 1974 2654 Ec-

405 2685 581 2739 clesia:
647 2694 852 2753 partem
886 2687 1161 2755 appellat?
1195 2687 1320 2754 Qui,
1355 2708 1374 2741 ι
1432 2698 1492 2742 ut
1522 2690 1661 2744 idem
1690 2690 1979 2761 Gregorius

406 2778 482 2829 ait
513 2778 564 2830 in
605 2777 708 2831 alia
754 2777 1129 2846 orationeid),
1179 2797 1195 2829 ι
1220 2780 1430 2832 tametsi
1470 2779 1667 2848 alioqui
1699 2781 1874 2849 pacati
1920 2798 1982 2834 ac

407 2868 667 2947 moderati
697 2868 823 2933 sint,
857 2868 958 2924 hac
999 2878 1175 2923 tamen
1205 2870 1256 2924 in
1310 2886 1366 2923 re
1395 2871 1541 2925 lenes
1568 2881 1621 2925 et
1650 2871 1834 2925 faciles
1858 2889 1977 2926 esse

407 2974 511 3013 non
543 2958 833 3023 sustinent,
871 2975 991 3013 cum
1054 2974 1147 3027 per
1202 2960 1474 3013 silentium
1534 2972 1587 3015 et
1622 2962 1856 3029 quietem
1892 2962 1981 3013 1)ςὶ

406 3066 567 3103 causa
601 3051 881 3119 proditur;
913 3067 1099 3105 verum
1134 3051 1222 3105 hic
1246 3053 1537 3105 admodmn
1565 3053 1797 3106 bellaces
1834 3063 1978 3111 sunt.

409 3154 571 3213 atque
623 3144 675 3197 in
711 3142 1044 3212 confligendo
1093 3159 1248 3199 acres
1298 3153 1351 3199 et
1396 3144 1627 3209 feroces,
1682 3144 1985 3211 hujusmodi

2081 2063 2301 2117 pravam
2364 2046 2678 2102 societatem
2756 2051 3158 2115 pertraxerunt.
3233 2039 3381 2104 Dixi,
3441 2038 3687 2093 absente

2087 2138 2215 2202 lilio,
2247 2137 2338 2207 qui
2383 2138 2650 2191 interdum
2696 2145 2935 2204 paterna!
2988 2132 3180 2187 domus
3224 2129 3574 2184 sollicitudini
3611 2144 3688 2183 se

2087 2229 2431 2294 subtrahens,
2495 2230 2544 2283 in
2594 2229 2821 2283 amicam
2883 2227 3034 2281 Ponti
3095 2224 3433 2279 solitudinem
3464 2223 3531 2275 ad
3565 2220 3687 2274 Ba-

2084 2323 2261 2377 silium
2293 2320 2509 2376 evolare
2542 2320 2785 2384 solebat;
2838 2334 3110 2388 nunquam
3139 2317 3279 2371 enim
3311 2331 3375 2370 eo
3402 2325 3688 2383 praesente

2085 2416 2223 2485 patri
2256 2413 2482 2468 insidias
2513 2422 2723 2467 struere
2747 2416 2864 2467 ausi
2904 2411 3153 2465 fuissent.
3202 2408 3419 2475 Magnas
3474 2407 3525 2460 in
3567 2404 3687 2460 Ec~

2085 2506 2247 2562 clesia
2272 2505 2614 2561 Nazianzena
2647 2504 2833 2559 turbas
2866 2503 3129 2557 excitavit
3158 2500 3402 2571 Gregorii
3431 2498 3685 2553 subscri—

2086 2599 2219 2670 ptio,
2246 2608 2302 2654 et
2331 2599 2515 2653 statim
2544 2597 2791 2652 monachi
2814 2598 2882 2651 ab
2912 2594 3029 2664 ejus
3054 2594 3430 2650 communione
3459 2590 3684 2645 disces-

2086 2701 2307 2755 serunt;
2364 2690 2507 2759 quod
2542 2706 2685 2744 anno
2724 2689 2829 2744 565
2874 2688 3118 2757 contigit,
3186 2686 3230 2740 si
3267 2683 3478 2755 quidem
3532 2696 3681 2736 non-

2086 2782 2213 2837 dum
2272 2783 2651 2845 discesserant,
2692 2796 2813 2833 cum
2850 2795 2991 2833 anno
3017 2776 3122 2832 562
3173 2775 3523 2830 Nazianzenaz
3568 2772 3685 2827 Ec-

2088 2875 2269 2930 clesize
2303 2875 2651 2931 concordiam
2685 2873 2931 2928 laudaret
2986 2869 3310 2941 Gregorius;
3363 2880 3553 2921 recens
3577 2881 3685 2919 au-

2093 2979 2201 3023 tem
2232 2979 2351 3023 erat
2400 2968 2682 3030 discessio,
2740 2982 2860 3021 cum
2889 2965 3118 3033 primam
3165 2970 3354 3017 contra
3397 2958 3681 3015 lulianum

2083 3060 2195 3129 jam
2220 3061 2548 3116 exsﬁnctum
2581 3061 2901 3114 invectivam
2924 3058 3204 3111 scriberet.
3238 3053 3481 3122 Denique
3506 3052 3680 3105 dissi~

2094 3153 2209 3219 dio,
2243 3154 2382 3222 quod
2421 3151 2729 3207 diuturnum
2769 3166 2874 3205 non
2912 3150 3112 3213 fuerat,
3144 3147 3352 3209 sedato,
3399 3143 3684 3212 composi-

408 3239 553 3291 εηίιη
613 3238 713 3292 ΖεῙί
745 3247 910 3292 335105
950 3247 1052 3303 (ξεί,
1111 3238 1375 3305 ﬁliusque
1421 3238 1643 3308 aliquid.
1705 3238 1845 3308 quod
1882 3255 1984 3291 IIOII
2016 3282 2057 3339 Ο
2093 3256 2171 3309 to,
2194 3254 2324 3309 etc.,
2367 3244 2663 3298 instaurata
2704 3253 2784 3296 est
2808 3240 3098 3296 concordia
3147 3254 3290 3293 anno
3323 3236 3449 3291 564.
3480 3234 3679 3289 Mona-

406 3339 675 3398 0p0rteat,
708 3331 1050 3392 tentaverint,
1082 3346 1243 3400 quam
1283 3331 1424 3400 quod
1457 3346 1523 3384 ex
1557 3329 1731 3385 olIieio
1758 3330 1826 3385 sit
1854 3347 1989 3400 prae-

410 3422 818 3501 termiserim.)
860 3424 1238 3503 Vide-.rntkqui
1276 3423 1592 3495 Gregorium
1636 3434 1866 3493 patrem,
1890 3423 1989 3478 sub

409 3515 748 3579 Constantio,
785 3515 1112 3570 Arimiueusi
1144 3516 1385 3572 formula:
1416 3516 1803 3585 subscripsisse
1842 3517 1987 3570 arbi‘

413 3618 647 3675 trautur,
696 3621 761 3661 ex
789 3623 894 3677 quo
933 3619 1249 3677 sequeretur
1280 3609 1572 3665 monachos
1610 3625 1705 3679 per
1736 3612 1870 3662 duos
1900 3619 1991 3662 aut

416 3701 579 3753 etiam
614 3711 722 3754 tres
748 3714 919 3753 annos
948 3699 1371 3769 indignationem
1407 3715 1559 3753 suam
1596 3700 1987 3765 dissimulasse,

410 3794 679 3864 quomodo
710 3794 825 3848 Ιιειιε
848 3792 1136 3847 conciliare
1170 3792 1420 3857 valeant;
1450 3792 1683 3846 maxime
1708 3808 1835 3847 vero
1866 3810 1986 3848 cum

409 3899 477 3939 ex
512 3882 770 3953 Gregorio
804 3883 967 3936 breve
992 3881 1155 3936 fuerit
1188 3882 1492 3937 dissidium.
1531 3900 1551 3934 ι
1583 3881 1688 3937 Eos
1710 3884 1876 3943 enim,
1900 3885 1989 3952 qui

412 3976 483 4029 ob
524 3976 740 4044 pietatis
793 3974 967 4027 zelum
1020 3973 1377 4037 dissidebant,
1435 3974 1610 4043 inquit
1639 3973 1735 4047 (e),
1782 3986 1839 4029 et
1892 3976 1990 4031 δὶιιί

413 4079 466 4121 et
489 4066 702 4121 caeteris
729 4065 1099 4121 reconciliavit
1128 4065 1447 4136 (Gregorius
1490 4067 1665 4135 pater)
1693 4076 1992 4136 postremos

414 4174 442 4211 a
486 4158 640 4212 nobis
668 4158 962 4226 sejunctos.
986 4166 1041 4211 et
1066 4157 1271 4227 primos
1297 4172 1562 4213 reversos.
1593 4176 1612 4210 ν
1645 4146 1991 4226 Brevissima,

416 4256 656 4321 inquam,
694 4251 781 4305 illa
814 4250 913 4305 fuit
947 4251 1167 4317 divisio,
1201 4260 1337 4306 teste
1367 4249 1650 4320 Gregorio,
1699 4254 1788 4322 qui
1823 4272 1841 4304 ι
1873 4268 1992 4307 eam

415 4346 779 4399 calamitatem
831 4344 1091 4398 hactenus
1135 4344 1363 4399 durasse
1401 4345 1595 4401 scribit
1658 4348 1760 4419 (f),
1817 4356 1875 4401 ut
1902 4363 1995 4417 per

418 4440 521 4491 hoc
576 4437 881 4502 dissidium,
933 4448 1196 4507 quantum
1241 4438 1389 4507 pacis
1444 4439 1642 4494 bonum
1679 4452 1848 4505 esset,
1904 4442 1992 4509 qui

418 4529 576 4583 divisi
609 4526 845 4594 fuerant,
900 4530 1281 4599 intelligerent,
1332 4533 1623 4601 statimque
1652 4532 1831 4586 odium
1867 4533 1992 4585 illud

2091 3338 2223 3393 chos
2252 3337 2395 3390 enim
2428 3352 2455 3389 a
2491 3351 2549 3391 se
2583 3356 2601 3386 ‹
2634 3335 2702 3389 υι›
2728 3334 2946 3405 pietatis
2978 3331 3149 3386 zelum
3174 3350 3191 3382 ι
3225 3329 3545 3383 dissidentes
3567 3325 3681 3379 sibi

2090 3439 2144 3484 et
2184 3430 2398 3485 ueteris
2448 3428 2816 3484 reconciliavit
2855 3424 3166 3494 Gregorius,
3231 3432 3345 3476 tum
3381 3420 3448 3475 ob
3502 3418 3681 3486 ipsius

2091 3522 2471 3581 reverentiam.
2509 3530 2620 3575 tum
2671 3518 2741 3573 ob
2788 3518 3053 3587 dogmatis
3090 3514 3400 3586 puritatem.
3467 3530 3485 3563 σ
3513 3509 3681 3563 Solus

2091 3628 2345 3684 namque,
2371 3624 2428 3667 ut
2462 3613 2539 3667 ait
2565 3611 2859 3681 Gregorius
2910 3619 3094 3665 noster
3126 3608 3214 3679 (ἱ),
3262 3605 3482 3659 illaesam
3514 3616 3679 3655 men-

2091 3713 2221 3771 tem,
2283 3704 2613 3772 minimeque
2668 3701 2825 3757 simul
2885 3716 3007 3757 cum
3066 3706 3369 3754 atramento
3418 3693 3678 3749 infectam

2093 3798 2327 3851 animam
2358 3798 2559 3851 habere
2585 3796 2825 3851 creditus
2848 3804 2952 3860 est,
2985 3795 3199 3848 tametsi
3226 3806 3321 3862 per
3347 3788 3511 3844 animi
3534 3785 3678 3840 sim-

2094 3888 2676 3957 plicitatemabreptus
2732 3885 2943 3950 fuisset,
3010 3884 3302 3952 dolumque
3364 3882 3431 3935 ob
3497 3878 3670 3932 animi

2094 3982 2461 4036 sinceritatem
2490 3980 2558 4033 ab
2599 3979 2745 4034 omni
2801 3978 2921 4032 dolo
2970 3978 3198 4030 alienam
3236 3974 3457 4029 minime
3498 3971 3680 4026 cavis-

2094 4082 2243 4129 set.»
2299 4050 2605 4141 Ita.gravis
2666 4070 2921 4125 Ecclesia:
2966 4069 3325 4123 Nazianzenus
3383 4074 3681 4133 tempestas

2095 4165 2278 4219 sedata
2314 4174 2400 4218 est
2432 4161 2680 4232 Gregorii
2708 4160 2942 4231 episcopi
2972 4158 3219 4227 precibus
3264 4166 3315 4209 et
3350 4151 3677 4209 admonitio-

2096 4255 2280 4321 nibus,
2315 4264 2442 4309 nato
2503 4255 2717 4307 interim
2752 4252 2971 4323 pietatis
3027 4258 3082 4305 et
3133 4263 3311 4319 operte
3369 4246 3544 4306 socio;
3581 4243 3678 4312 qui

2095 4363 2216 4402 cum
2245 4346 2382 4416 patri
2414 4345 2480 4399 ad
2534 4359 2695 4399 omne
2726 4344 2921 4399 bonum
2978 4354 3162 4396 comes
3188 4348 3243 4394 et
3272 4338 3487 4406 adjutor
3508 4342 3680 4397 esset,

2096 4454 2161 4494 ac
2233 4438 2377 4492 velut
2454 4451 2483 4490 a
2551 4436 2719 4491 latere
2770 4439 3036 4497 curreret,
3103 4428 3191 4483 hic
3250 4428 3341 4482 Dei
3418 4422 3682 4478 beneficio

2102 4531 2274 4585 multo
2324 4529 2617 4585 maximam
2675 4525 2880 4581 laboris
2928 4521 3197 4578 studiinue
3252 4527 3454 4574 partem
3484 4523 3682 4567 contu-

417 4620 542 4675 odio
567 4619 835 4676 haberent
881 4637 945 4676 ac
974 4622 1338 4676 detestationi.
1376 4622 1493 4689 Qua
1542 4624 1691 4694 pacis
1716 4625 1993 4679 celeritate
2026 4625 2069 4679 D
2099 4624 2178 4678 lit.

419 4715 735 4784 subreptum
777 4729 911 4784 pene
941 4716 1041 4771 fuit
1077 4726 1131 4770 et
1154 4719 1523 4784 obscuratum,
1554 4718 1695 4787 quod
1731 4717 1784 4771 in
1826 4716 2001 4772 medio

419 4808 666 4877 contigit.
699 4826 718 4860 ι
747 4806 946 4877 Ecquis
975 4820 1153 4864 autem
1184 4812 1501 4865 resarcitum
1524 4820 1629 4864 tam
1663 4830 1681 4861 ι
1708 4810 1955 4864 celeriter
1976 4828 1994 4861 ι

419 4908 471 4952 et
518 4899 965 4969 redintegratum,
1002 4900 1092 4955 vix
1129 4910 1190 4955 ut
1215 4901 1494 4955 exstitisse
1535 4900 1811 4967 credatur,
1843 4908 2004 4968 atque

417 5000 579 5046 etiam
612 4990 777 5046 breve
815 4991 1101 5046 dissidiuiu
1131 5001 1281 5059 putet
1335 4992 1478 5059 quod
1536 4990 1691 5044 annis
1722 4988 1894 5045 tribus
1937 4992 2003 5043 ad

421 5084 701 5139 minimum
736 5091 829 5137 aut
873 5093 1104 5151 quatuor
1128 5082 1603 5152 perseveraverit?
1638 5082 1771 5151 Quis
1822 5086 2004 5137 credat

418 5184 497 5230 tot
526 5175 685 5230 annis
716 5175 1141 5245 indignationem
1171 5189 1325 5230 suam
1379 5176 1641 5244 pressisse
1676 5176 2002 5238 monaChOs,

419 5278 556 5333 quos
624 5265 963 5320 «admodum
1033 5262 1266 5318 bellaces
1326 5274 1488 5333 atque
1550 5266 1605 5318 in
1672 5264 2008 5331 confligendo

424 5369 574 5410 acres
597 5365 654 5410 et
682 5355 889 5412 feroces
919 5378 936 5408 ι
979 5357 1170 5430 scribit
1194 5354 1487 5426 Gregorius
1515 5365 1700 5411 noster
1734 5356 1852 5427 (g)?

498 5446 637 5514 Quid
695 5449 896 5519 plura?
948 5449 1197 5516 Quaudiu
1256 5449 1481 5505 discissa
1520 5451 1619 5505 fuit
1669 5449 2007 5506 Nazianzeua

494 5635 572 5706 (a)
598 5636 691 5692 Or.
724 5640 777 5697 6,
813 5654 867 5691 n.
896 5639 980 5692 10.

498 5710 573 5775 (ὁ)
734 5709 820 5770 18,
852 5724 905 5760 tt.
942 5708 1026 5763 18.

500 5774 571 5845 (ε)
603 5774 733 5834 Ibid.

499 5848 578 5915 id)
607 5847 697 5901 Or.
732 5847 821 5907 21.
866 5865 916 5900 n.
944 5847 1035 5903 ‘25.

498 5918 565 5988 (θ’)
607 5920 701 5975 Ur.
739 5920 823 5983 13,
850 5938 900 5974 It.
934 5920 1014 5972 18.

2102 4735 2318 4793 LXXX.
2352 4734 2642 4802 Theologus
2680 4731 2912 4799 loquitur
2948 4728 3163 4796 perinde
3186 4743 3269 4802 ac
3316 4727 3369 4802 si.
3400 4742 3516 4777 reus
3570 4724 3679 4792 ipse

2202 4808 2353 4877 foret,
2382 4806 2517 4872 quod
2546 4797 2726 4871 pietati
2746 4797 2871 4868 erga
2899 4811 3095 4866 patrem
3128 4797 3459 4850 tribuendum
3486 4807 3581 4847 est.

2170 4899 2397 4953 Miretur
2432 4895 2659 4950 forsitan
2689 4890 2955 4960 quispiam
3010 4904 3106 4942 cur
3132 4886 3445 4956 Gregorius,
3495 4886 3563 4939 de
3594 4901 3680 4938 se-

2103 4992 2305 5047 ditione
2363 4989 2619 5043 adversus
2664 4995 2870 5055 patrem
2929 4998 3085 5037 suum
3142 4983 3374 5035 excitata
3408 4994 3436 5031 a
3474 4978 3678 5032 ferven-

2106 5086 2243 5140 tiore
2289 5082 2544 5138 Ecclesia:
2596 5089 2749 5150 parte
2818 5079 2980 5134 verba
3042 5077 3265 5142 iaciens,
3318 5072 3540 5145 perinde
3604 5070 3678 5122 ln-

2104 5187 2304 5248 quatur
2357 5189 2421 5229 ac
2466 5173 2513 5229 si
2564 5173 2679 5245 ipse
2745 5186 2868 5226 reus
2928 5180 3072 5225 esset
3122 5178 3177 5223 et
3233 5182 3353 5221 cum
3413 5176 3582 5248 patre
3626 5163 3676 5214 in

2108 5246 2327 5335 pravam
2379 5263 2691 5318 societatem
2762 5268 3066 5331 pertractus
3142 5254 3339 5309 fuisset
3404 5268 3421 5304 ι
3490 5269 3507 5300 ι
3542 5246 3674 5301 Nam

2107 5372 2250 5423 cum,
2279 5356 2454 5423 inquit
2480 5354 2571 5426 (Ι),
2598 5369 2629 5408 a
2654 5352 2977 5408 ferventiore
3008 5348 3260 5403 Ecclesiae
3286 5353 3438 5416 parte
3462 5340 3531 5397 ob
3557 5355 3672 5393 eam

2108 5463 2328 5505 causam
2360 5448 2551 5502 seditio
2589 5448 2643 5502 in
2680 5461 2777 5502 nos
2806 5445 3037 5499 excitata
3077 5448 3250 5508 esset;
3285 5436 3427 5510 quod
3475 5431 3677 5502 scripto

2177 5634 2242 5700 (fi
2272 5632 2362 5685 0r.
2396 5632 2447 5694 6,
2484 5648 2535 5683 u.
2571 5632 2602 5684 3
2637 5640 2690 5681 et
2724 5629 2806 5681 12.

2175 5707 2246 5771 ((1)
2270 5703 2362 5757 0r.
2384 5704 2474 5763 ‘21,
2512 5719 2565 5754 ιι.
2599 5700 2691 5754 ἳὸ.

2175 5776 2249 5843 (In
2284 5777 2374 5827 Ur.
2415 5774 2468 5834 5,
2505 5790 2557 5825 ιι.
2585 5773 2637 5823 6.

2176 5842 2235 5902 (ii
2278 5844 2370 5897 Or.
2408 5844 2489 5903 18,
2523 5861 2575 5893 u.
2622 5842 2703 5893 IS.

2176 5919 2246 5985 (j)
2285 5918 2375 5972 Ur.
2408 5916 2488 5979 18,
2522 5931 2572 5967 ll.
2612 5912 2694 5965 18.
