3824 6394
118 406 196 461 iss
1356 397 1518 453 V'ITA
1558 398 1614 455 s.
1649 386 2001 461 caecam].

3192 403 3293 457 I86

115 527 297 597 quodam
328 528 374 573 et
404 518 710 574 artificiosis
743 522 923 577 verbis
965 521 1378 588 circumscripti,
1414 524 1466 574 iu
1498 530 1692 595 pra-1A
1726 526 1859 595 quit,
1881 525 2175 595 Gregorius
2222 522 2320 595 (c),
2379 524 2479 578 hac
2505 523 2562 577 in
2588 538 2646 578 re
2675 522 3071 577 consultoribus
3099 539 3160 577 ac
3184 527 3292 577 siu-

112 634 204 672 vam
231 612 519 669 societatem
566 613 815 680 pertracti
871 612 1175 668 fuissemus.
1204 632 1221 664 ι
1258 611 1454 667 Verum
1484 615 1621 667 absit

112 718 155 760 ut
177 704 463 759 arbitremur
502 703 816 772 Gregorium
848 713 1111 767 nostrum,
1146 704 1404 758 doctrinae
1435 704 1620 758 catho-

110 799 199 851 lica:
233 791 438 863 pugilem
462 793 757 861 egregium,
790 792 948 847 simul
982 809 1101 848 cum
1128 804 1281 863 patre
1311 796 1378 849 ah
1406 796 1619 850 Arianis

110 890 337 956 deceptum
366 883 547 937 fuisse.
578 884 633 937 Id
669 885 812 939 enim
866 885 1050 956 pietati
1095 902 1219 955 erga
1256 898 1533 955 parentem
1568 897 1619 942 et

107 974 378 1033 humanitati
411 976 591 1028 datum
627 976 791 1030 videri
822 978 1000 1038 debet.
1029 982 1169 1049 quod
1202 980 1266 1035 de
1299 981 1449 1050 culpa
1475 981 1618 1035 velut

106 1070 326 1127 communi
364 1067 631 1137 loquatur.
662 1069 794 1125 Cum
853 1082 1031 1127 autem
1087 1090 1190 1127 non
1235 1075 1492 1143 seipsum,
1525 1076 1616 1127 sed

102 1166 238 1219 solum
284 1168 485 1231 patrem
537 1173 776 1229 excuset,
811 1182 829 1214 t
858 1163 934 1235 (a)
972 1164 1059 1234 qui
1095 1164 1240 1219 solus
1271 1166 1490 1220 illaesum
1526 1181 1617 1220 cor

102 1256 275 1317 habere,
308 1265 400 1306 nec
430 1251 589 1306 simul
620 1252 851 1307 animam
896 1270 1016 1309 cum
1050 1266 1352 1312 atramento
1388 1250 1617 1313 fthdasse

98 1346 289 1403 creditus
314 1353 412 1408 est,
439 1362 459 1395 ι
496 1344 698 1401 indicat
753 1348 989 1418 seipsum
1026 1364 1130 1402 non
1190 1350 1597 1417 subscripsisse,

98 1442 291 1507 adeoque
323 1452 417 1492 nec
455 1446 677 1492 externa
703 1440 917 1495 actione
956 1455 1190 1493 errasse.
1221 1440 1483 1494 Praeterea
1516 1441 1609 1492 ob-

96 1528 382 1591 servandum,
418 1528 632 1597 culpam
686 1530 1096 1599 subscriptionis
1148 1542 1380 1602 patorum
1423 1532 1614 1599 przeci-

97 1637 174 1690 pne
190 1619 470 1674 derivatum
500 1621 553 1674 in
584 1620 771 1689 filium,
828 1622 970 1691 quod
1024 1638 1143 1675 cum
1174 1635 1345 1691 patre,
1373 1632 1430 1675 ut
1466 1624 1613 1676 vide-

93 1715 234 1775 batur,
268 1711 409 1779 lapso
432 1713 865 1767 communionem
893 1716 1171 1780 retineret,
1202 1730 1299 1769 nec
1333 1714 1399 1769 ab
1426 1730 1488 1769 co
1519 1731 1605 1770 se-

90 1821 147 1865 se,
168 1802 229 1856 uti
251 1802 624 1869 ferventiores,
654 1815 948 1874 separaret.

125 1895 320 1950 LXXXI.
352 1893 623 1949 Prmclara
647 1896 885 1967 Gregorii
911 1901 962 1952 in
987 1900 1121 1953 hanc
1151 1916 1254 1951 rem
1284 1906 1554 1954 sententia.

139 1989 245 2043 lluic
277 1998 475 2043 nostrae
509 1989 575 2043 de
627 1990 845 2044 dissidio
875 1989 1229 2045 Nazianzenze
1264 1992 1514 2047 Ecclesiae
1554 2004 1608 2047 et

87 2084 330 2135 instaurata
357 2096 493 2150 pace
518 2082 874 2151 disquisitioni
906 2083 1063 2137 finem
1101 2086 1439 2153 imponamus
1465 2101 1605 2155 prte-

85 2177 194 2228 clara
230 2174 275 2227 in
301 2173 445 2227 hanc
481 2188 590 2227 rem
622 2173 866 2243 Gregorii
894 2176 1156 2230 sententia
1190 2192 1205 2230 :
1239 2196 1258 2228 ί
1286 2176 1449 2241 Nihil,
1484 2197 1501 2229 ι
1550 2187 1608 2231 ut

82 2268 280 2318 observat
308 2266 388 2318 vir
414 2275 641 2320 sanctus
686 2266 737 2319 in
779 2267 1023 2322 oratione
1057 2284 1217 2339 quam
1250 2270 1313 2324 de
1343 2285 1475 2335 pace
1507 2271 1604 2323 ba-

80 2359 163 2410 Imit
197 2357 276 2427 (b),
307 2377 325 2408 ι
350 2371 473 2421 eos,
526 2359 614 2425 qui
656 2358 871 2413 sincero
900 2360 1062 2414 animi
1100 2358 1290 2416 aflectu
1317 2361 1483 2416 Deum
1511 2377 1605 2416 co-A

81 2452 185 2511 Iunt,
213 2465 351 2519 atque
381 2439 539 2503 inter.
572 2465 631 2503 se
651 2448 921 2509 conciliat.
985 2462 1147 2520 atque
1176 2454 1518 2507 consentiens
1542 2454 1606 2506 de

77 2543 158 2595 Ileo
183 2543 440 2601 doctrina;
469 2546 917 2613 quemadmodum
952 2554 1136 2600 contra
1178 2545 1311 2599 nihil
1343 2544 1407 2598 ad
1456 2544 1609 2599 dissi-

78 2633 187 2683 dimn
217 2633 279 2686 ita
335 2645 644 2704 promptum
674 2652 734 2688 ac
765 2645 1011 2704 paratum
1065 2645 1167 2701 est,
1205 2644 1265 2689 ut
1294 2635 1505 2689 diversa
1551 2636 1602 2688 in

74 2725 147 2779 hac
181 2741 231 2779 re
276 2727 581 2780 animorum
640 2730 922 2783 sententia.
980 2727 1077 2781 llic
1116 2728 1283 2793 enim,
1319 2728 1479 2782 etiam
1511 2727 1601 2797 qui

76 2816 161 2870 aliis
186 2820 230 2871 in
253 2820 410 2873 rebus
435 2820 779 2886 aequissimus
808 2830 860 2874 ct
906 2819 1192 2874 facillimus
1231 2829 1334 2886 est,
1384 2818 1600 2873 ferven-

74 2907 263 2962 tissimus
292 2910 545 2975 exsistit;
582 2926 643 2963 ac
676 2919 989 2964 mansuetus
1021 2925 1145 2966 vere
1196 2925 1407 2980 pugnax
1438 2908 1603 2964 cilici-

73 3010 149 3062 tur,
184 3016 288 3053 cum
319 3016 375 3055 se
403 3016 507 3070 per
530 3003 797 3057 leuitatem
832 3004 922 3056 Dei
941 3002 1205 3070 jacturam
1239 3000 1437 3064 facere,
1470 3001 1596 3061 imo.

71 3098 110 3138 ut
136 3087 309 3142 rectius
342 3090 560 3158 loquar,
611 3106 704 3159 per
756 3091 1147 3161 prolapsionem
1192 3107 1369 3156 suam,
1407 3090 1597 3155 Deum,

70 3180 134 3245 qui
158 3196 241 3235 nos
266 3192 315 3235 et
338 3197 437 3251 pro
461 3183 664 3237 divitiis
692 3184 853 3239 habet
880 3194 933 3238 et
955 3184 1148 3239 divites
1182 3183 1372 3245 reddit,
1404 3184 1600 3237 damno

68 3268 232 3325 allicere
280 3272 573 3343 conspicit.
610 3272 699 3327 Sic
756 3275 936 3345 igitur,
975 3289 1072 3329 nos
1134 3278 1185 3326 in
1240 3274 1352 3342 ipsa
1382 3288 1597 3343 quoque

70 3366 362 3420 contentione
395 3368 733 3422 moderatius
778 3384 875 3423 nos
934 3369 1077 3436 ipsos
1107 3368 1398 3438 gessimus;
1465 3367 1597 3421 adeo

70 3458 382 3511 utconccrdia
415 3458 788 3529 disjunctione
820 3460 930 3529 ipsa
960 3460 1158 3515 clarior
1186 3458 1369 3520 fuerit,
1402 3474 1468 3511 ac
1502 3472 1600 3527 per

68 3558 131 3603 ea.
155 3560 256 3612 qum
283 3546 543 3615 utrinque
572 3548 691 3602 laeta
723 3559 777 3603 et
809 3550 1088 3603 commoda
1118 3548 1465 3611 exstiterunt,
1514 3547 1586 3610 id,

66 3636 240 3701 quodin
270 3640 447 3694 medio
482 3640 725 3710 contigit,
755 3655 887 3709 pene
915 3641 1228 3709 subreptum
1253 3648 1307 3694 et
1348 3641 1599 3693 obscura-

65 3736 163 3781 tum.
184 3749 200 3779 ι

61 3843 271 3901 LXXXII.
321 3847 586 3903 .Vascenti
615 3852 665 3901 in
698 3848 938 3902 Ecclesia
978 3848 1287 3901 Cwsariensi
1316 3845 1595 3899 discordim

112 3918 275 4038 "ingeri
305 3922 511 3991 satagit
537 3919 843 3989 Gregorius,
873 3932 917 3972 et
958 3924 1219 3973 orationes
1244 3921 1296 3971 in
1318 3916 1595 3969 Juliamtnt

113 4005 130 4039 ε
152 4007 174 4039 a
208 3999 317 4040 orat

113 4005 293 4041 ἐωθοΓο

112 4101 206 4166 Quo
241 4110 490 4170 tempore
521 4098 743 4153 discissa
788 4105 905 4150 erat
948 4092 1284 4149 Nazianzena
1340 4096 1594 4163 Ecclesia,

62 4193 171 4248 aliud
197 4195 434 4248 schisma
467 4206 578 4245 non
614 4190 789 4243 minus
820 4187 1037 4242 exitiale
1064 4187 1385 4241 Czesariensi
1410 4189 1595 4248 Eccle:

60 4284 506 4354 sizeimpendebat,
533 4290 587 4333 et
607 4280 828 4350 jamjam
863 4287 982 4332 erat
1012 4278 1274 4330 oriturum
1314 4293 1379 4332 ex
1411 4278 1597 4333 simul:

63 4378 236 4442 tatibus,
266 4390 403 4444 quas
448 4375 717 4430 Eusebius
746 4372 1099 4427 Caesariensis
1132 4371 1431 4439 episcopus,
1463 4386 1600 4439 pra:-

60 4470 121 4522 sul
148 4469 261 4524 licet
284 4484 509 4524 morum
533 4468 815 4523 honestate
840 4466 1020 4521 clarus
1039 4474 1092 4520 et
1120 4466 1319 4534 pietate
1348 4449 1600 4533 insignis;

59 4560 277 4617 adversus
305 4561 576 4616 Basilium
606 4558 928 4622 exercebat;
955 4556 1109 4626 cujus
1143 4557 1218 4610 rei
1258 4571 1419 4610 causa
1454 4556 1595 4626 opti-
1628 4588 1669 4641 Β
1699 4560 1988 4629 Gregorius
2032 4559 2202 4627 aperit
2246 4558 2349 4611 hoc
2390 4558 2545 4612 modo
2571 4557 2652 4628 (It)
2686 4576 2698 4609 :

56 4666 224 4706 morum
248 4666 625 4723 quorumque,
656 4650 927 4721 praecipue
948 4664 1076 4704 vero
1106 4648 1513 4712 monachorum,
1543 4648 1593 4701 in

54 4760 97 4797 se
117 4746 279 4800 odium
310 4748 640 4803 concitavit.
703 4745 766 4799 Ili
802 4761 1054 4816 namque,
1087 4743 1270 4814 iniquo
1306 4744 1487 4798 animo
1521 4743 1598 4797 fe-

54 4848 199 4894 rentes
222 4841 417 4895 ducem
458 4854 620 4894 suum
666 4837 919 4893 Basilium
972 4838 1037 4891 ab
1085 4836 1340 4891 Ecclesia:
1369 4837 1597 4891 admini-

54 4931 278 4985 stratione
310 4931 589 4987 removeri
635 4940 795 4999 atque
838 4930 1029 5001 injuria
1062 4927 1222 4992 allici,
1265 4928 1445 4982 statim
1500 4942 1596 4981 au-

16 5024 22 5085 τ
52 5018 143 5074 daci
165 5020 401 5077 facinore
426 5022 499 5076 ab
536 5021 769 5091 episcopi
796 5022 1173 5076 communione
1208 5020 1459 5075 recedere
1489 5029 1594 5072 sta-

55 5121 201 5177 tuunt,
228 5127 536 5182 secumque
566 5123 773 5182 partem
801 5113 971 5183 plebis
993 5121 1045 5166 et
1078 5110 1465 5165 honoratorum
1495 5126 1598 5163 non

52 5202 262 5273 exiguam
291 5207 655 5263 abstrahunt.
682 5208 750 5259 At
776 5205 1027 5269 Basilius,
1061 5205 1202 5258 ﬁlius
1234 5204 1400 5274 pacis,
1428 5218 1531 5256 non
1558 5204 1601 5255 is

50 5305 164 5362 erat,
206 5300 294 5367 qui
342 5316 447 5354 sua
495 5316 655 5355 causa
691 5300 984 5355 Ecclesiam
1023 5299 1250 5355 lacerari
1286 5307 1597 5368 pateretur;

49 5388 327 5447 consiliario
379 5405 438 5447 et
489 5393 764 5447 hortatore
792 5391 1047 5461 Gregorio
1082 5403 1260 5456 utens,
1318 5405 1421 5444 una
1473 5406 1592 5444 eum

51 5478 121 5534 illo
148 5483 195 5535 in
227 5483 515 5538 Ponticam
550 5485 884 5539 solitudinem
926 5484 1185 5540 secessit:
1219 5501 1238 5536 ι
1267 5481 1449 5549 Nobis,
1509 5483 1587 5537 iu-

104 5660 169 5727 la)
194 5661 356 5723 BnlI.,
393 5662 602 5730 9|Maii.
625 5680 675 5732 p.
699 5662 821 5719 385.

102 5732 165 5799 (bl
194 5733 282 5787 0r.
315 5734 370 5790 6.
412 5752 470 5785 ιι.
514 5734 589 5786 19..

102 5806 169 5867 (ci
206 5808 297 5857 Ur.
327 5804 417 5866 43,
455 5821 509 5855 υ.
533 5804 617 5857 '29.

105 5881 169 5939 tu)
209 5873 302 5926 Οτι
346 5874 404 5938 4,
449 5893 503 5926 ιι.
537 5880 583 5926 ὅ.

1726 618 1866 673 ceris
1899 618 2257 672 munitoribus
2278 633 2429 681 usus,
2465 617 2739 671 nobiscum
2768 618 2819 671 in
2846 616 3073 671 Pontum
3104 618 3292 686 profu~

1727 710 1824 775 git.
1858 724 1877 758 ι
1912 704 2289 761 Secessionem
2323 706 2466 760 illam
2503 722 2641 760 anno
2667 706 2771 760 564
2802 716 3053 773 exeunte,
3084 717 3173 760 aut
3214 707 3292 761 in-

1723 810 1881 855 eunte
1935 800 2059 864 ‘565,
2110 799 2472 854 collocandam
2524 814 2642 851 esse
2694 800 2886 867 probat
2936 808 3126 853 auctor
3164 797 3292 854 Vitta

1720 891 1888 944 sancti
1931 889 2138 953 Basilii,
2173 904 2291 957 cap.
2332 888 2387 952 9,
2439 902 2494 941 n.
2536 887 2568 941 6
2604 904 2617 939 :
2652 888 2833 956 itaque
2872 889 2983 957 jam
3022 889 3292 943 exstincto

1721 984 2011 1039 schismate
2040 981 2386 1037 Nazianzeno
2411 980 2655 1047 contigit.

1793 1075 2049 1129 Basiliam
2075 1084 2255 1128 autem
2290 1072 2625 1143 presbyterio
2650 1072 2882 1125 nondum
2915 1071 3203 1136 initiatum,
3235 1082 3290 1124 et

1719 1166 1771 1221 in
1800 1166 2089 1221 solitudine
2118 1174 2388 1235 agentem,
2424 1178 2565 1217 anno
2600 1162 2723 1229 565,
2757 1162 3048 1231 Gregorius
3093 1178 3289 1217 conve-

1720 1269 1910 1315 nerat:
1940 1257 2150 1313 sublato
2184 1258 2392 1313 scilicet
2434 1271 2464 1311 e
2503 1255 2640 1309 vivis
2679 1253 2890 1310 Juliano
2926 1256 3204 1324 Apostata,
3236 1262 3290 1308 et

1723 1352 1899 1405 adhuc
1934 1350 2193 1419 flagrante
2227 1348 2569 1403 Nazianzcno
2596 1348 2920 1411 schismate;
2958 1347 3137 1415 ibique
3172 1362 3288 1400 am-

1716 1444 1813 1498 bas
1866 1444 1918 1497 in
1959 1442 2271 1510 Apostatam
2323 1441 2593 1496 orationes
2639 1439 2949 1509 scripserat,
3003 1441 3289 1510 adiuvante

1720 1550 1815 1590 seu
1847 1534 2173 1588 consiliante
2209 1531 2427 1598 Basilio,
2460 1540 2520 1584 ut
2549 1546 2609 1585 ex
2642 1531 2729 1585 his
2753 1530 3001 1585 secunda:
3033 1530 3287 1584 Steleuti-

1714 1639 1792 1677 cm
1817 1623 1919 1695 (sic
1945 1622 2087 1676 enim
2116 1622 2218 1675 illm
2240 1620 2639 1691 nuncupantur)
2672 1623 2851 1674 verbis
2885 1622 3138 1690 colligunt
3169 1638 3289 1674 eru-

1714 1713 1808 1767 diti
1849 1730 1862 1767 :
1905 1731 1924 1763 ι
1962 1711 2087 1766 Ilzec
2119 1712 2214 1766 tibi
2246 1711 2475 1765 Basilius
2514 1722 2565 1765 et
2599 1711 2909 1779 Gregorius,
2951 1732 2969 1763 ›
3007 1724 3114 1767 etc.
3170 1713 3285 1767 Non

1717 1806 2099 1874 imprudenter,
2152 1814 2213 1859 ut
2258 1804 2420 1859 Petro
2466 1805 2649 1859 Cuneo
2706 1805 2934 1868 videtur,
2990 1806 3283 1870 Juliaumn,

1642 1893 1681 1947 Β
1718 1912 1735 1946 ι
1774 1906 2025 1965 tanquam
2068 1897 2120 1949 in
2169 1910 2353 1960 scena,
2393 1896 2566 1963 palam
2608 1895 2857 1951 omnibus
2891 1897 3177 1951 ludibrium
3207 1896 3287 1950 fe-

1710 1987 1817 2051 cit;
1859 2006 1877 2039 ι
1910 1987 2002 2043 sed
2040 1984 2218 2039 multis
2240 1995 2293 2039 et
2326 1987 2502 2055 magni
2539 1988 2794 2042 momenti
2821 1988 3119 2041 rationibus
3145 1991 3287 2055 Apo-

1710 2088 1902 2134 statam
1958 2079 2170 2148 publice
2206 2080 2553 2146 proscindere
2599 2080 2905 2149 compulsus
2952 2088 3055 2135 est.
3087 2080 3289 2134 Ρτιηςὶι

1708 2187 1841 2240 puas
1871 2178 2077 2223 tantum
2134 2171 2364 2234 caeteris,
2408 2170 2691 2224 brevitatis
2741 2184 2903 2225 causa
2954 2170 3280 2239 praetermis-

1711 2262 1807 2328 sis,
1873 2262 2209 2317 exhibemus.
2260 2260 2335 2331 (tl)
2388 2262 2570 2317 Primo
2618 2262 2782 2333 igitur
2833 2264 3137 2334 oportebat,
3183 2264 3286 2318 hoc

1708 2354 1952 2423 exemplo
1980 2369 2073 2409 eos
2100 2355 2152 2408 in
2178 2356 2408 2409 veritate
2441 2355 2772 2419 confirmari,
2802 2356 2891 2425 qui
2922 2372 3041 2411 cum
3070 2358 3286 2411 univer-

1708 2461 1887 2501 sarum
1923 2446 2135 2514 quidem
2162 2461 2341 2501 rerum
2376 2447 2539 2501 Deum
2573 2448 2956 2516 confiteantur,
2995 2458 3172 2504 tamen
3208 2451 3279 2503 ob

1707 2540 1899 2592 anima:
1931 2553 2038 2592 suze
2062 2538 2363 2603 levitatem,
2390 2539 2733 2608 superbiente
2776 2539 2960 2608 impio,
3001 2540 3283 2610 cogitatio-

1706 2630 1864 2685 nibus
1902 2630 2278 2698 incenduntur,
2326 2644 2669 2701 peccatorum
2714 2646 2902 2701 pacem
2938 2646 3043 2685 non
3079 2631 3277 2696 ferunt,
3368 2694 3371 2697 _

1706 2738 1803 2777 nec
1840 2723 1934 2777 Dei
1974 2723 2256 2778 consilium
2287 2732 2604 2793 exspectare
2641 2725 2925 2779 sustinent.
2957 2724 3028 2795 (ε)
3076 2724 3278 2778 Deinde

1706 2817 1903 2873 Juliani
1937 2818 2238 2874 facinorum
2270 2819 2612 2874 enarratione
2651 2819 2938 2888 gentilibus
2987 2820 3283 2873 ostenden-

1703 2911 1827 2967 dum
1851 2920 1988 2976 erat,
2023 2931 2041 2962 (
2085 2911 2211 2979 quid
2239 2911 2357 2966 illos
2389 2912 2657 2966 dremones
2688 2912 2935 2966 doceant.
2970 2930 2989 2964 ι
3019 2912 3104 2983 (Ῑ)
3133 2911 3279 2965 Tan-

1703 3006 1822 3061 dem
1846 3005 1945 3074 ipsi
1978 3003 2183 3067 fideles,
2204 3019 2390 3058 eorum
2419 3020 2538 3074 quae
2580 3004 2721 3074 passi
2750 3004 2965 3059 fuerant
2985 3006 3279 3071 expositio-

1702 3114 1793 3161 ne,
1846 3098 2219 3153 commOuendi
2259 3096 2495 3161 fuerunt,
2555 3113 2621 3151 ne
2664 3097 2999 3167 tempestatis
3045 3098 3096 3151 in
3142 3108 3283 3150 tran-

1704 3188 1970 3260 quillitate
1996 3189 2465 3253 obliviscerentur,
2501 3207 2519 3239 ι
2561 3204 2660 3242 nec
2709 3189 2879 3243 morbi
2932 3188 2984 3242 in
3028 3190 3278 3251 sanitate,

1701 3296 1800 3335 nec
1829 3281 2177 3349 captivitatis,
2210 3279 2506 3334 incolumes
2526 3279 2577 3331 in
2611 3279 2907 3333 Jerusalem
2934 3281 3154 3343 reversi,
3184 3293 3281 3333 nec

1700 3371 1913 3441 Αἴθῃ)ιί
1965 3378 2086 3441 post
2134 3369 2451 3441 Egyptum.
2496 3389 2514 3421 ι
2550 3370 2625 3423 Ex
2669 3370 2750 3423 bis
2805 3369 3139 3423 orationibus
3176 3371 3282 3425 duo

1699 3472 1959 3531 pra-terea
1993 3461 2276 3523 discimus,
2309 3478 2534 3528 quorum
2569 3462 2717 3531 prius
2744 3462 2809 3514 ad
2839 3462 3118 3516 historiam
3146 3461 3282 3517 Gre-

1700 3553 1832 3621 gorii
1864 3561 1918 3607 et
1942 3552 2123 3607 Basilii
2160 3553 2387 3621 pertinet
2422 3569 2436 3617 ;
2468 3552 2694 3605 alterum
2739 3551 3009 3617 fidelibus,
3059 3554 3147 3622 qui
3179 3554 3279 3607 sub

1700 3646 1864 3714 impio
1898 3660 2021 3716 rege
2067 3644 2277 3709 vivunt,
2313 3644 2620 3698 erudiendis
2659 3645 2906 3699 idoneum
2956 3654 3059 3699 est.
3096 3643 3279 3715 Itaque

1698 3738 1960 3804 Gegorius
1988 3752 2044 3792 se
2068 3746 2121 3791 et
2147 3736 2401 3791 Basiliam
2427 3747 2727 3806 postremos
2759 3738 2823 3791 ad
2849 3739 3274 3806 persecutionem

1699 3843 1728 3880 a
1768 3826 1982 3881 Juliano
2016 3837 2325 3880 reservatos
2364 3840 2482 3880 esse
2514 3827 2691 3889 docet,
2746 3826 2824 3880 sic
2880 3841 3000 3880 eum
3043 3828 3279 3894 compel-

1699 3918 1815 3971 lans
1841 3916 1955 3988 (g):
1995 3936 2012 3969 ‹
2056 3915 2181 3971 Ilaec
2220 3917 2312 3971 tibi
2359 3916 2588 3971 Basilius
2628 3926 2683 3971 et
2731 3916 3088 3985 Gregorius...
3145 3934 3281 3987 quos

1696 4023 1818 4063 cum
1857 4017 1913 4063 et
1945 4007 2051 4061 vita
2081 4018 2131 4063 et
2166 4023 2435 4070 sermone,
2465 4017 2519 4061 et
2551 4018 2733 4061 mutua
2780 4008 3066 4062 concordia
3102 4007 3278 4062 claros

1698 4111 1752 4157 et
1783 4101 2020 4155 celebres
2047 4100 2159 4169 jam
2194 4100 2315 4154 inde
2352 4116 2381 4154 a
2426 4099 2633 4154 Graecia
2667 4115 2923 4153 nosses...
2974 4108 3273 4168 postremos

1698 4194 1763 4246 ad
1796 4193 2223 4263 persecutionem
2261 4193 2593 4247 reservabas.
2628 4211 2645 4243 ι
2682 4190 2931 4245 Fortunae
2960 4189 3213 4259 templum
3242 4208 3269 4241 a

1698 4286 2114 4341 Caesariensibus
2138 4285 2487 4355 Cappadocizc
2513 4285 2611 4339 sub
2635 4284 2847 4339 Juliauo
2870 4299 3139 4347 eversum,
3166 4298 3277 4351 pte.-

1699 4392 1795 4431 nas
1829 4376 2027 4430 factum
2056 4376 2123 4431 ob
2164 4376 2289 4429 illud
2317 4376 2382 4429 ab
2404 4375 2482 4429 eis
2510 4384 2749 4445 sumptas
2777 4382 3041 4428 memorat
3067 4383 3120 4426 et
3159 4389 3280 4439 pro~
3308 4382 3321 4397 ‘

1699 4471 1866 4539 priam
1896 4484 1959 4523 eo
1987 4472 2050 4523 de
2082 4468 2295 4535 negotio
2336 4469 2654 4521 sententiam
2690 4466 2741 4519 in
2778 4466 2951 4534 prima
2979 4464 3271 4519 Steleutica

2738 4576 2756 4607 ι
2796 4556 2925 4622 Qum
2964 4573 2985 4605 ι
3034 4554 3276 4609 Julianus

1706 4670 1725 4704 ι
1757 4651 1810 4704 in
1846 4649 2208 4704 Cmsarieuses
2238 4659 2455 4703 nostros
2485 4648 2720 4712 admisit,
2749 4648 2869 4712 hos,
2894 4648 3133 4710 inquam,
3168 4646 3278 4699 ani-

1700 4742 1774 4797 mi
1809 4739 2183 4811 magnitudine
2211 4740 2485 4809 praeditos,
2524 4755 2585 4793 ac
2612 4739 2828 4807 pietatis
2852 4738 3031 4795 studio
3062 4738 3274 4790 ferven-

1700 4845 1804 4903 tes,
1834 4837 1905 4890 ita
1936 4836 2003 4889 ab
2022 4848 2087 4888 eo
2116 4832 2440 4902 exagitatos,
2475 4847 2538 4885 ac
2562 4847 2655 4900 per
2685 4829 3063 4883 contumeliam
3114 4844 3277 4883 vexa-

1699 4940 1804 4996 tos,
1862 4928 2090 4983 fortasse
2146 4939 2213 4978 ne
2263 4922 2495 4989 obiicere
2555 4922 2770 4990 quidem
2827 4936 3035 4990 :equutn
3095 4919 3274 4974 fuerit-

1706 5019 1915 5075 Etenim
1960 5018 2028 5073 oh
2062 5016 2377 5075 Fortunam,
2409 5012 2751 5066 fortunatiori
2781 5021 3019 5080 tempore
3050 5010 3277 5063 infortu-

1707 5112 1796 5167 nio
1826 5110 2093 5173 aﬂ‘eclam,
2114 5108 2257 5176 justa
2292 5105 2654 5175 indignatione
2683 5114 3005 5163 commotus,
3041 5103 3106 5155 ad
3137 5103 3276 5156 hanc

1708 5204 1963 5257 ultionem
1995 5213 2312 5270 progressus
2347 5212 2466 5251 esse
2495 5195 2774 5249 videbatur
2802 5210 2814 5245 :
2847 5193 3275 5263 quandoquidem

1710 5292 1983 5363 iniustitiae
2032 5288 2330 5345 dominanti
2378 5287 2619 5341 nonnihil
2668 5284 3070 5340 concedendum
3114 5293 3216 5348 est.
3254 5303 3271 5335 ι

1701 5385 1967 5440 Caeterum
1997 5382 2048 5435 in
2084 5380 2478 5449 proscindendo
2509 5379 2766 5448 Apostata
2796 5373 3114 5444 Gregorium
3154 5372 3275 5427 titil—

1701 5478 1909 5533 latenus
1934 5474 2146 5531 modum
2170 5472 2490 5538 excessisse,
2518 5482 2571 5527 et
2600 5473 2651 5526 in
2684 5469 2896 5523 Munitis
2928 5468 3039 5538 jam
3068 5468 3263 5523 detnoa

1789 5655 1859 5724 (ε)
1897 5654 1988 5709 Or.
2021 5653 2075 5717 5,
2112 5669 2165 5706 n.
2199 5652 2287 5724 56.

1783 5723 1859 5793 (Ῑ)
1902 5725 2054 5786 Ibid.,
2090 5723 2258 5778 11.54.

1780 5798 1852 5865 (g)
1892 5795 1981 5846 0r.
2100 5810 2152 5846 η.
2176 5794 2271 5865 δέ).

1780 5862 1857 5937 (lt)
1893 5866 1983 5919 0r.
2014 5863 2064 5929 4,
2092 5880 2143 5916 n.
2169 5862 2257 5915 9?...
