3824 6394
551 364 651 420 I37

1871 366 2030 420 V'iTA
2075 367 2130 423 S.
2173 365 2514 422 GBEGOBII.
3652 383 3725 439 {88

549 492 778 537 stratum
810 480 940 544 fuit,
970 488 1024 534 et
1042 479 1087 532 si
1117 479 1245 548 quid
1275 490 1517 549 superest
1541 479 1843 547 dicendum,
1869 481 1920 536 in
1955 482 2130 550 prole-
2158 493 2206 548 Δ
2241 483 2408 551 ipsmn
2441 494 2679 549 tempore
2712 479 2995 542 mollitum,
3027 487 3082 532 ut
3109 479 3302 534 ferrum
3331 499 3461 553 tgne,
3488 497 3535 543 et
3565 496 3621 547 ad
3641 504 3711 552 re},

551 572 798 644 gomenis
841 570 967 626 tomi
993 570 1213 624 secundi
1245 571 1494 626 addetur.

619 662 962 719 Orationibus
991 661 1093 715 illis
1121 663 1185 714 ad
1220 660 1376 716 finem
1407 665 1693 732 perductis,
1730 665 1807 736 (a)
1839 680 1958 720 cum
1983 663 2135 718 Basi-

550 755 651 809 lius
690 755 991 808 Caesaream
1025 752 1279 818 venisset,
1313 764 1475 824 atque
1512 758 1578 810 ab
1621 757 1850 812 Eusebio
1898 755 2132 811 civitatis

547 848 832 914 episcopo,
887 857 1078 897 mense
1121 843 1421 911 Septembri
1475 846 1601 899 anni
1660 846 1762 900 564
1792 886 1807 911 ,
1849 844 2132 916 presbyter

546 947 763 991 creatus
814 945 982 999 esset,
1038 934 1282 989 dolorem
1350 936 1472 989 inde
1515 947 1854 1006 conceptum,
1889 937 2028 990 datis
2062 935 2128 989 ad

548 1029 863 1099 Gregorium
888 1027 1104 1090 litteris,
1135 1026 1492 1097 significavit;
1523 1029 1607 1083 cui
1634 1028 1924 1100 Gregorius
1948 1029 2018 1082 ita
2045 1043 2130 1081 re-

547 1120 762 1192 spondit
789 1118 863 1189 (b)
896 1137 910 1174 :
949 1138 966 1170 ι
1006 1119 1253 1186 Epistolm
1292 1128 1397 1174 tuae
1425 1120 1745 1188 prooemium.
1784 1121 1962 1174 laudo.
1990 1117 2127 1186 Quid

546 1221 726 1267 autem
759 1220 973 1265 tuorum
1008 1224 1111 1264 non
1145 1217 1226 1263 est
1251 1209 1615 1263 laudandum?
1645 1211 1722 1264 Ac
1750 1218 1801 1263 tu
1831 1218 2015 1278 captus
2042 1222 2124 1272 es,

545 1303 999 1374 quemadmodum
1029 1316 1126 1355 nos
1155 1316 1368 1370 quoque
1393 1302 1784 1371 circumscripti
1826 1317 1840 1355 :
1877 1301 2122 1370 quando-

545 1395 762 1463 quidem
820 1393 886 1446 ad
944 1393 1240 1462 presbyteri
1296 1393 1518 1462 gradum
1564 1393 1820 1461 pertracti
1867 1409 2121 1450 sumus...

543 1486 656 1541 lluc
675 1501 780 1539 non
802 1485 914 1538 fieri
942 1485 1175 1538 fortasse
1196 1483 1408 1552 quidem
1428 1485 1838 1554 praestitisset...
1861 1485 2122 1552 Quoniam

545 1588 725 1631 autem
787 1575 986 1630 factum
1032 1585 1134 1640 est,
1174 1575 1316 1632 ferre
1351 1591 1571 1631 necesse
1597 1585 1702 1643 est,
1742 1585 1800 1628 ut
1843 1577 1971 1630 mihi
2001 1577 2122 1646 qui-

544 1669 664 1722 dem
697 1667 932 1732 videtur,
975 1683 1040 1722 ac
1091 1669 1391 1737 praesertim
1429 1669 1497 1722 ob
1528 1677 1740 1738 tempus
1785 1668 1948 1732 istud,
1981 1668 2122 1737 quod

547 1759 748 1814 multas
790 1761 946 1814 nobis
998 1763 1372 1816 liazreticorum
1431 1761 1640 1829 linguas
1696 1761 1921 1815 invehit.
1959 1780 1976 1812 ι
2012 1760 2122 1815 lloc

2239 573 2466 624 deudam
2499 569 2692 624 Basilio
2733 567 3156 622 benevolentiam
3200 574 3532 641 propendere,
3568 580 3654 637 imo
3681 593 3725 642 ad

2235 663 2576 719 scribendum
2617 671 2830 745 meum
2866 661 3123 731 placaret,
3167 661 3303 714 haud
3343 663 3722 733 dubiisttestimo.

2235 755 2338 810 niis
2389 753 2764 814 intellexisset,
2808 752 2857 806 id
2888 752 3062 806 amico
3097 753 3410 822 quantocius
3445 759 3724 834 significavit,

2234 855 2396 916 atque
2449 861 2570 900 eum
2621 845 2864 899 hortatus
2897 851 2981 898 est
3021 843 3327 914 Gregorius,
3367 857 3435 900 ‘ut
3479 853 3723 925 epiSCOpum

2232 945 2542 1006 occuparet,
2579 945 2672 988 aut
2703 935 3034 989 adveniendo
3071 943 3163 988 aut
3188 936 3479 1006 scribendo,
3519 943 3724 1017 simulque

2232 1026 2439 1080 itineris
2465 1040 2524 1079 se
2559 1027 2808 1078 comitem
2867 1023 3102 1077 futurum
3136 1023 3428 1093 pollicetur.
3465 1030 3725 1090 AnnuitBa-

2231 1118 2402 1182 silius,
2434 1127 2487 1171 et
2517 1117 2800 1172 confestim
2838 1133 2958 1170 eum
2990 1117 3280 1186 Gregorius
3306 1121 3377 1191 (ᾳ)
3403 1137 3432 1176 e
3457 1122 3644 1183 Pontica
3670 1147 3724 1183 se

2232 1211 2453 1265 litudine
2482 1211 2532 1264 in
2561 1225 2778 1264 arenam
2813 1191 3121 1264 certaminis
3149 1211 3341 1265 educit.
3380 1212 3502 1268 Tam
3538 1220 3726 1284 prudenti

2228 1302 2473 1365 consilio,
2501 1301 2567 1355 de
2603 1299 2820 1365 Basilio,
2853 1300 2919 1354 de
2969 1300 3223 1365 Eusebio,
3259 1301 3322 1354 de
3358 1301 3573 1358 Ecclesia
3599 1307 3726 1364 Casa-

2230 1395 2390 1448 riensi
2420 1392 2620 1462 optime
2642 1393 2864 1446 meritus
2894 1402 2976 1447 est
3000 1392 3318 1462 Gregorius;
3347 1398 3597 1452 exstincta:
3621 1417 3726 1457 nam-

2226 1499 2331 1553 que
2360 1492 2483 1538 sunt
2508 1480 2834 1548 simultates,
2860 1482 3158 1536 instaurata
3191 1485 3490 1551 concordia,
3513 1488 3719 1558 proﬂigati

2226 1575 2433 1637 Ariani,
2463 1573 2552 1642 qui
2581 1588 2700 1628 cum
2736 1572 2866 1626 alias
2899 1573 3010 1642 jam
3048 1573 3313 1628 Ecclesias
3349 1575 3600 1644 vicissent,
3627 1581 3725 1636 alias

2225 1666 2621 1736 oppugnabant,
2655 1665 2789 1719 alias
2821 1665 3059 1719 victuros
3093 1679 3150 1719 se
3193 1667 3503 1735 sperabant;
3545 1685 3627 1724 nec
3654 1673 3726 1725 ulla

2226 1775 2284 1814 re
2324 1759 2500 1828 magis
2530 1757 2596 1812 ad
2625 1771 2776 1824 spem
2814 1759 3115 1811 evertenda:
3152 1757 3430 1823 Caesarem,
3471 1763 3546 1814 cui
3584 1762 3729 1818 Valens

549 1859 758 1919 tempus
791 1851 856 1904 ad
904 1849 1145 1905 Valentis
1201 1852 1538 1921 imperatoris
1585 1852 1733 1906 initia
1783 1849 2121 1905 referendum
2153 1855 2196 1908 Β
2228 1852 2518 1920 imperator
2543 1851 2756 1920 agmine
2790 1848 3110 1902 Arianorum
3159 1849 3520 1919 episcoporum
3553 1855 3727 1922 stipatus

544 1955 686 2004 esse,
710 1955 828 1993 cum
857 1938 1065 1994 scilicet
1086 1938 1272 1993 Ariani
1303 1939 1418 2008 ejus
1452 1938 1750 2007 patrocinio
1775 1937 1897 1992 freti
1931 1936 2114 1990 omnia

541 2046 607 2085 ex
631 2030 858 2085 arbitrio
893 2045 991 2084 suo
1034 2045 1351 2085 successura
1399 2039 1702 2098 sperarent,
1761 2039 1947 2083 auctor
1987 2027 2120 2082 Vita:

541 2124 709 2176 sancti
734 2121 920 2174 Basilii
950 2123 1018 2192 (ε)
1041 2121 1357 2176 certissimis
1383 2122 1712 2191 argumentis
1733 2119 2114 2190 comprobavit.

538 2213 656 2268 Non
689 2213 856 2269 multo
883 2223 1002 2283 post
1029 2228 1258 2268 evenere
1288 2213 1470 2267 Basilii
1499 2228 1619 2267 cum
1651 2212 1879 2267 Eusebio
1911 2211 2120 2280 episco-

539 2321 608 2374 po
631 2321 728 2358 suo
749 2305 1072 2366 simultates,
1104 2314 1256 2358 antea
1286 2314 1622 2372 memoratae;
1657 2319 1883 2374 quarum
1904 2302 2116 2373 quidem

540 2396 1028 2465 componendarum
1059 2399 1171 2450 haec
1198 2397 1295 2450 fuit
1317 2398 1549 2452 occasio.

537 2503 820 2558 LXXXIII.
860 2504 940 2555 Ad
973 2503 1306 2579 ειήξ’-ἱιτι(ι(ιςιιι⁸
1327 2515 1630 2579 conventuin
1660 2507 1763 2559 sive
1785 2508 1852 2559 ad
1874 2511 2007 2563 diem
2037 2512 2115 2579 [e-

786 2586 923 2628 stum
953 2576 1016 2625 ab
1047 2573 1271 2626 Eusebio
1293 2575 1544 2626 invitatur
1571 2574 1872 2643 Gregorius.

610 2667 902 2737 Gregorius
938 2665 1004 2719 ab
1038 2663 1266 2718 Eusebio
1293 2665 1358 2734 ad
1388 2666 1618 2734 aliquem
1651 2679 1976 2724 conventum
2005 2671 2115 2739 spi-

540 2760 808 2822 ritualem,
855 2759 968 2812 sive
1022 2757 1164 2811 diem
1205 2755 1422 2822 festum,
1463 2761 1858 2828 perhonorifice
1898 2773 2116 2818 vocatus

539 2852 819 2920 rescripsit
852 2852 954 2922 (ά),
983 2859 1034 2903 et
1065 2851 1130 2904 de
1155 2848 1299 2904 illata
1330 2851 1528 2907 Basilio
1565 2853 1759 2920 injuria
1795 2854 1961 2909 libere
1983 2871 2116 2910 con-

537 2955 758 3015 questus
779 2952 879 2997 est.
919 2962 936 2993 ι
970 2941 1180 2996 Ilonore
1197 2941 1412 3010 quidem
1439 2957 1522 2998 me
1547 2943 1641 2996 abs
1663 2951 1713 2996 te
1736 2944 1870 2998 allici
1898 2945 2112 2999 lmtor...

537 3037 740 3091 Verum
770 3035 1151 3090 contumeliam
1186 3035 1510 3089 charissimo
1548 3035 1699 3090 fratri
1729 3036 1928 3092 Basilio
1959 3054 1987 3091 a
2025 3049 2112 3091 tua

536 3129 735 3197 pietate
791 3127 991 3181 illatam
1026 3140 1164 3190 esse,
1223 3135 1384 3192 atque
1431 3125 1724 3182 etiamnum
1770 3127 1954 3183 inferri
1996 3144 2114 3184 mo-

539 3219 675 3274 leste
705 3220 885 3274 fero...
919 3217 996 3271 Tu
1042 3219 1164 3272 dum
1207 3232 1272 3272 eo
1301 3227 1609 3289 contempto
1640 3235 1735 3274 nos
1760 3221 1966 3276 honore
2000 3220 2115 3275 afﬁ-
2144 3207 2187 3260 (ἶ

538 3313 641 3377 cis,
676 3312 900 3382 perinde
942 3311 1070 3364 mihi
1112 3311 1294 3366 facere
1334 3311 1556 3374 videris,
1601 3328 1663 3366 ac
1709 3315 1750 3367 si
1800 3314 1920 3382 quis
1961 3314 2119 3368 unius

534 3406 641 3460 viri
679 3411 840 3474 caput
870 3402 1037 3456 altera
1082 3417 1241 3456 manu
1283 3403 1601 3470 demulceat,
1627 3405 1790 3458 altera
1829 3405 2018 3459 malam
2046 3405 2120 3460 fe-

535 3497 685 3560 riat;
721 3493 999 3565 autetiam
1036 3492 1309 3546 convulsis
1333 3495 1522 3547 domus
1559 3494 1920 3549 fundamentis
1952 3497 2123 3566 parie-

538 3597 622 3643 tes
653 3585 870 3655 pingat,
898 3594 1060 3651 atque
1093 3591 1344 3636 externas
1389 3595 1568 3651 partes
1611 3593 1856 3638 exornet.
1893 3584 2121 3639 Proinde

537 3679 582 3733 si
615 3676 744 3746 quid
772 3675 900 3729 mihi
927 3673 1412 3742 obtemperaudum
1445 3674 1681 3742 putabis,
1706 3676 1809 3728 hoc
1841 3674 2022 3729 facies.
2054 3673 2118 3728 Ut

538 3777 718 3820 autem
777 3765 1136 3827 obtemperes,
1183 3763 1279 3814 abs
1332 3769 1383 3816 te
1434 3771 1556 3830 peto
1597 3772 1758 3831 atque
1808 3765 2118 3816 contendo:

541 3869 752 3922 tequum
787 3861 870 3906 est
899 3851 1062 3904 enim.
1091 3851 1148 3904 Si
1181 3851 1351 3916 illum,
1382 3860 1441 3903 ut
1466 3866 1563 3918 par
1590 3861 1692 3915 est,
1725 3851 1978 3914 colueris,
2005 3855 2059 3920 ip
2093 3869 2122 3906 e

542 3961 754 4016 quoque
787 3945 853 3997 ab
891 3959 954 3997 eo
988 3942 1228 3996 vicissim
1256 3941 1650 3997 obscrvaberis.
1677 3941 1784 3997 Nos
1824 3954 2004 3998 autem
2037 3960 2118 3998 se-

540 4050 790 4105 quemur,
810 4033 1262 4102 quemadmodum
1283 4035 1488 4088 umbra:
1505 4048 1757 4102 corpora,
1773 4044 1955 4104 utpote
1973 4035 2120 4104 parvi

539 4136 595 4183 et
640 4125 707 4180 ad
731 4139 913 4194 pacem
942 4124 1338 4194 propensiores.
1370 4143 1389 4176 ι
1423 4122 1478 4177 In
1511 4126 1889 4180 contumeliam
1915 4128 2123 4196 accepit

544 4215 814 4272 Eusebius
860 4216 1161 4270 libertatem
1197 4217 1467 4288 Gregorii,
1501 4217 1592 4288 qui
1626 4219 1895 4287 rescripsit
1931 4219 2030 4289 (ε),
2065 4235 2122 4272 se

543 4322 650 4363 non
687 4309 1098 4374 contumeliose,
1132 4309 1224 4363 sed
1253 4311 1653 4366 accommodate
1696 4311 1760 4364 ad
1791 4311 1934 4381 leges
1965 4312 2120 4380 Spiri-v

541 4409 647 4464 tus,
684 4401 995 4468 scripsisse;
1020 4402 1229 4470 aequum
1258 4403 1405 4457 enim
1436 4419 1578 4468 esse,
1610 4415 1667 4458 ut
1705 4404 1804 4459 sibi
1838 4405 2119 4469 Eusebius,

541 4493 790 4562 quamvis
819 4493 985 4562 gradu
1013 4494 1260 4560 superior
1290 4495 1380 4559 sit,
1405 4494 1601 4564 justam
1644 4495 1944 4552 libertatem
1985 4514 2118 4553 con--

540 4586 715 4638 cedat.
741 4583 862 4637 Mox
913 4585 963 4636 in
1004 4585 1106 4638 alia
1141 4586 1365 4654 cpistola
1413 4586 1478 4656 (Ι)
1519 4586 1747 4642 Eusebio
1799 4590 2118 4658 significavit

538 4676 854 4746 Gregorius,
893 4690 951 4731 se
975 4677 1176 4730 nullam
1206 4679 1384 4733 animo
1401 4678 1748 4735 offensionem
1781 4683 2112 4753 suscepisse;

537 4769 629 4821 sed
685 4767 895 4822 etiamsi
932 4769 1277 4838 suscepisset,
1321 4772 1549 4825 libenter
1595 4773 1956 4841 depositurum
1986 4792 2115 4839 ,cum

537 4859 719 4911 videat
754 4858 894 4910 feras
925 4859 976 4912 in
1013 4857 1310 4913 Ecclesiam
1345 4860 1632 4927 irruentes,
1666 4870 1718 4914 et
1746 4875 2002 4931 generose
2029 4878 2118 4916 re-

537 4949 818 5004 sistentem
854 4949 1169 5016 Eusebium;
1202 4953 1286 5006 cui
1324 4968 1382 5007 se
1414 4961 1720 5017 venturum,
1742 4954 1783 5007 si
1817 4954 1888 5007 ita
1918 4955 2014 5023 ipsi
2042 4955 2119 5008 vi-

537 5041 751 5105 deatur,
794 5042 1081 5112 promittit,
1123 5053 1182 5096 ut
1246 5058 1367 5097 eum
1407 5059 1471 5098 eo
1534 5044 1795 5099 adversus
1838 5047 2118 5101 haereticos

539 5144 759 5202 pugneL

540 5245 820 5301 LXXXIV.
849 5248 1001 5302 Inter
1025 5247 1308 5319 Eusebium
1341 5259 1385 5301 et
1416 5248 1674 5302 Basiliam
1706 5266 1882 5319 pacem
1907 5267 2113 5318 compo-

1107 5321 1179 5372 nit
1243 5317 1549 5388 Gregorius.

611 5409 725 5463 Non
759 5414 1022 5482 ingratam
1051 5414 1167 5468 fore
1210 5427 1428 5482 operam
1463 5427 1614 5466 suam
1649 5391 1882 5469 Eusebio
1914 5415 2116 5470 certior

541 5497 714 5554 factus
740 5499 1046 5571 Gregorius,
1082 5506 1146 5557 ad
1183 5518 1303 5557 emn
1333 5504 1478 5559 illico
1511 5520 1568 5560 se
1591 5505 1854 5574 contulit;
1888 5522 2115 5577 cumque

611 5651 688 5725 (η.)
739 5651 853 5726 Vita
886 5655 1072 5718 Bnail.,
1108 5674 1157 5712 c.
1184 5658 1236 5726 9,
1271 5675 1322 5715 η.
1368 5661 1446 5714 ll.

615 5728 695 5794 (b)
739 5725 900 5793 Epist.
928 5728 995 5779 al.
1031 5732 1112 5780 II.

611 5797 683 5860 (cl
726 5796 852 5861 Cap.
889 5799 942 5857 4,
966 5813 1016 5846 n.
1049 5801 1096 5850 1.

616 5863 692 5935 (τι)
721 5864 885 5934 Epist.
915 5866 981 5918 al.
1017 5869 1106 5918 20.

2231 1943 2546 1998 imminebat
2600 1957 2740 1996 anno
2802 1942 2928 2008 565,
2981 1941 3348 2012 erigebantur,
3405 1957 3552 2012 quam
3597 1945 3729 2000 Basilii

2228 2031 2469 2087 absentia
2511 2040 2566 2086 et
2612 2031 2764 2085 ducis
2807 2031 3098 2099 imperitia.
3137 2029 3427 2098 Reportata
3477 2048 3536 2087 ex
3563 2033 3728 2089 Valente

2226 2120 2548 2189 Arianisque
2573 2120 2838 2189 episcopis
2867 2119 3112 2184 victoria,
3141 2125 3296 2190 cujus
3328 2135 3448 2190 pars
3476 2137 3640 2191 magna
3663 2125 3732 2176 fuit

2228 2211 2341 2280 ipse
2386 2210 2695 2281 Gregorius,
2743 2210 3000 2265 Basilium
3049 2225 3170 2266 eum
3224 2211 3451 2266 Eusebio
3504 2223 3597 2268 tam
3627 2224 3732 2269 arcte

2227 2299 2525 2368 conjunxit,
2578 2309 2637 2354 ut
2677 2315 2780 2354 nec
2813 2302 3066 2371 episcOpo
3118 2301 3404 2356 molestum
3435 2314 3566 2359 esset
3597 2307 3650 2357 ab
3671 2322 3731 2370 eo,

2228 2405 2386 2461 quem
2424 2391 2683 2458 dignitate
2722 2392 3032 2462 superabat,
3062 2392 3285 2446 scientia
3323 2402 3376 2445 et
3404 2393 3668 2462 eloquentia
3697 2405 3733 2448 et

2226 2484 2454 2540 consilio
2492 2495 2546 2540 et
2575 2485 2770 2538 virtute
2804 2484 3080 2553 superari;
3125 2498 3222 2537 nec
3279 2482 3501 2538 Basilius
3531 2485 3632 2539 ideo
3654 2487 3735 2554 epi-

2224 2591 2441 2646 scopum
2496 2576 2675 2630 minus
2721 2576 2920 2630 coleret
2961 2584 3013 2630 et
3055 2577 3394 2642 observaret,
3443 2578 3570 2646 quod
3609 2592 3660 2630 eo
3684 2588 3736 2630 tot

2223 2677 2366 2723 esset
2397 2666 2640 2737 partibus
2662 2665 2908 2737 superior
2929 2680 2992 2720 ac
3025 2666 3387 2734 praestantior.
3410 2666 3735 2730 Tillemontius,

2225 2758 2596 2827 Ilermantius,
2621 2758 2840 2827 Pagius,
2871 2758 3155 2823 Baronius,
3179 2758 3537 2824 Bollandistae,
3561 2758 3634 2813 alii
3653 2759 3738 2813 aliis

2228 2851 2386 2906 annis
2417 2852 2532 2906 haec
2556 2849 2849 2920 contigisse
2877 2849 3232 2903 arbitrantur.
3268 2849 3377 2905 Nos
3405 2864 3526 2905 vero
3547 2865 3646 2904 cum
3667 2865 3736 2903 no-

2226 2943 2447 2998 vissimo
2477 2942 2660 2998 Basilii
2693 2939 3040 3010 epistolarum
3091 2943 3322 3009 editore,
3373 2941 3608 2997 Basiliam
3639 2956 3740 2996 anno

2222 3035 2346 3100 ⁵564,
2400 3033 2485 3088 vel
2534 3035 2752 3088 ineunte
2791 3031 2916 3096 365,
2952 3033 3270 3098 secessisse,
3315 3045 3370 3089 et
3423 3036 3593 3089 eodem
3637 3049 3738 3086 anno

2221 3126 2465 3195 Gregorii
2502 3141 2722 3196 operam
2771 3133 2824 3180 et
2865 3123 3091 3180 consilio
3128 3124 3436 3180 Caesaream
3470 3125 3679 3188 rediisse,
3697 3140 3740 3178 ac

2221 3221 2285 3274 de
2332 3219 2556 3274 Valente
2584 3219 2888 3288 Arianoque
2925 3218 3136 3290 agmine
3175 3219 3458 3274 victoriam
3493 3229 3738 3288 reportasse

2219 3311 2612 3368 existimamus.

2222 3421 2481 3477 LXXXV.
2518 3421 2678 3477 /Etas
2709 3436 2753 3476 et
2788 3423 2954 3477 morbi
2985 3433 3260 3504 parentum
3284 3425 3461 3480 abesse
3484 3423 3738 3493 Gregorium

2832 3510 2934 3547 ηοη
2985 3506 3180 3548 ειηωιι.

2292 3585 2403 3641 Non
2441 3587 2692 3640 diuturna
2723 3585 2823 3640 fuit
2852 3587 2965 3641 hare
2998 3595 3273 3656 postrema
3299 3586 3538 3658 Gregorii
3563 3587 3607 3640 in
3635 3584 3740 3640 Pon-

2222 3679 2324 3731 tica
2359 3678 2646 3732 solitudine
2689 3679 3060 3740 commoratio,
3115 3679 3271 3748 cujus
3315 3679 3589 3749 nequidem
3633 3691 3746 3729 men-

2226 3771 2420 3821 tionem
2458 3766 2587 3821 facit
2623 3766 2675 3820 in
2740 3767 2978 3822 carmine
3031 3767 3103 3822 De
3135 3769 3242 3822 vita
3283 3785 3403 3822 sua.
3439 3767 3609 3836 Neque
3639 3767 3746 3821 enim

2226 3871 2330 3914 tam
2362 3859 2670 3915 necessario
2714 3858 2803 3913 filii
2842 3859 3041 3916 auxilio
3072 3871 3331 3929 Provecta
3363 3870 3630 3930 parentum
3655 3866 3750 3910 satas

2225 3953 2387 4023 longo
2420 3962 2660 4022 tempore
2697 3952 2918 4005 destitui
2946 3952 3273 4021 patiebatur,
3304 3963 3465 4022 atque
3496 3951 3641 4007 etiam
3672 3947 3751 4000 fre-

2223 4053 2447 4113 quentes
2504 4043 2696 4108 morbi,
2761 4043 2956 4111 quibus
3012 4058 3197 4098 eorum
3261 4054 3514 4099 senectus
3551 4039 3751 4111 patebat:

2223 4138 2419 4206 quique
2477 4137 2794 4205 Gregorium
2836 4136 2997 4192 domo
3031 4137 3180 4192 exire
3223 4154 3334 4194 non
3392 4138 3658 4198 sinebant;
3693 4134 3752 4184 vel

2205 4227 2367 4288 Qum.
2409 4229 2452 4282 si
2481 4230 2696 4297 quando
2727 4229 2936 4293 aberat,
2970 4229 3321 4284 revocabant.
3363 4229 3454 4285 Sic
3490 4225 3666 4280 Basilio
3697 4224 3755 4275 in-

2224 4321 2386 4376 stanti
2441 4330 2498 4374 ut
2555 4323 2608 4375 in
2651 4321 2994 4376 solitudinem
3041 4335 3099 4376 se
3141 4323 3440 4388 conferret,
3469 4328 3672 4376 excusat
3695 4331 3751 4377 se.

2226 4414 2467 4466 morbum
2487 4413 2672 4468 matris
2699 4412 3314 4470 all‘erens.«Assidemus
3336 4418 3506 4481 enim,
3521 4408 3754 4482 inquitiltl.

2224 4504 2455 4558 domina:
2501 4504 2692 4572 matri,
2741 4505 2885 4575 gravi
2922 4504 3243 4576 jampridem
3284 4508 3478 4560 morbo
3513 4500 3754 4559 laboranti.

2225 4597 2394 4663 Quam
2431 4597 2472 4650 si
2507 4613 2609 4651 non
2643 4597 2804 4652 dubio
2821 4600 3112 4669 etancipiti
3131 4608 3271 4653 statu
3322 4598 3566 4652 relicturi
3593 4607 3756 4650 sumus,

2229 4698 2316 4741 tua
2347 4690 2633 4757 praesentia
2652 4689 2780 4743 mihi
2804 4690 2965 4746 crede
2988 4693 3415 4761 haudquaquam
3441 4689 3754 4743 carebimus.»

2225 4780 2453 4835 Gravem
2494 4796 2705 4851 quoque
2733 4783 2903 4851 patris
2936 4783 3180 4838 morbum
3221 4783 3272 4835 in
3312 4782 3563 4835 oratione
3591 4776 3756 4830 decima

2227 4883 2435 4937 octava,
2469 4889 2571 4942 qua
2613 4875 2795 4930 laudes
2837 4875 2952 4944 ejus
3000 4877 3376 4945 prosequitur,
3436 4880 3643 4932 narrat;
3683 4879 3760 4932 quo

2225 4965 2481 5033 singulari
2522 4965 2612 5019 Dei
2649 4966 2908 5020 beneficio
2953 4975 3174 5035 repente
3228 4966 3496 5019 liberatus
3527 4970 3623 5023 ρει,
3659 4958 3759 5007 mle"

2227 5067 2284 5108 ut
2312 5071 2418 5125 quo
2449 5057 2537 5110 die
2571 5057 2862 5112 moriturus
2895 5059 3204 5127 putabatur,
3243 5071 3583 5126 consurgens
3637 5061 3760 5118 Sim"

2223 5149 2333 5201 xitn
2373 5164 2492 5201 cum
2539 5149 2736 5217 p0pulo
2772 5151 3143 5206 celebraverit.
3193 5151 3247 5205 In
3298 5151 3494 5206 eadem
3537 5142 3758 5200 oratione.

2222 5248 2450 5291 matrem
2505 5239 2652 5306 gravi
2716 5243 2902 5293 morbo
2955 5240 3313 5301 laborantem.
3370 5241 3645 5306 insperato
3688 5241 3760 5282 nec

2221 5326 2411 5379 minori
2459 5326 2738 5391 miraculo,
2795 5339 2850 5381 ut
2897 5331 3165 5399 quoddam
3217 5330 3398 5384 visum
3442 5329 3491 5384 ei
3542 5319 3760 5379 diVinilUS

2221 5425 2492 5470 ostensum
2527 5418 2727 5484 docuit,
2755 5422 2820 5472 ab
2852 5435 2911 5474 ea
2948 5421 3259 5494 aegritudine
3292 5435 3404 5492 qua
3435 5417 3763 5476 detinceatur,

2221 5508 2399 5563 refert'
2417 5509 2775 5564 convaluisse.

2297 5664 2364 5731 (ρ)
2407 5665 2502 5734 Ep.
2539 5665 2606 5718 al.
2647 5665 2766 5719 I69.

2295 5737 2368 5801 (κ’)
2409 5737 2491 5789 Al.
2529 5737 2647 5789 170.

2293 5806 2364 5873 (ῃ)
2403 5804 2496 5872 Ep.
2528 5807 2595 5861 al.
2622 5811 2706 5861 I9.

2297 5877 2374 5948 (It)
2408 5877 2574 5946 Epist.
2602 5877 2670 5930 al.
2707 5874 2760 5935 4.
