3824 6394
563 353 661 410 il)!

1866 352 2026 406 VITA
2068 351 2128 407 S.
2165 351 2511 410 GREGORII.
3634 363 3706 422 F32

559 468 695 522 heus
727 467 803 535 (ιι)
831 465 1095 533 episcopis
1127 464 1465 518 venerandus
1495 479 1658 519 senex
1698 465 1895 521 factam
1923 467 2023 520 sibi
2048 467 2123 520 in-
2158 472 2206 527 Α
2233 482 2334 537 ope
2364 475 2527 537 atque
2560 464 2758 518 auxilio
2791 463 2982 518 fretus.
3032 482 3051 514 ι
3099 462 3450 521 Proﬁciscenti
3477 474 3593 538 patri
3616 477 3698 531 Gre

557 557 759 628 juria'm
796 574 899 613 non
928 556 1323 621 dissimulavit,
1374 572 1472 612 nec
1514 569 1692 613 tamen
1722 560 1909 614 adesse
1949 560 2129 615 detre-

563 651 758 704 ctavit.
796 649 863 702 At
901 664 1021 701 cum
1050 648 1197 701 varia
1226 647 1342 702 fore
1380 650 1659 703 hominum
1700 651 1872 704 studia
1928 653 1980 705 in
2030 651 2131 705 eli-

559 742 733 811 gendo
770 740 1018 809 episcopo
1058 754 1163 793 non
1203 739 1495 806 dubitaret,
1533 752 1716 795 notum
1756 742 1884 796 fecit
1920 743 2132 811 episco-

562 833 645 900 pis
679 831 945 884 neminem
974 845 1033 884 se
1069 831 1269 885 habere
1301 847 1458 901 quem
1502 832 1717 897 Basilio,
1751 835 1820 888 ob
1862 832 1980 901 ejus
2011 834 2133 888 vitte

568 922 910 976 sanctitatem
941 935 1004 974 ac
1032 922 1293 977 doctrina:
1326 925 1706 993 praestantiam,
1732 924 1989 994 prmferre
2011 939 2136 994 pos-
2174 927 2185 933 ’

564 1014 667 1076 sit;
702 1027 802 1066 nec
822 1027 952 1066 vero
980 1012 1123 1066 illius
1141 1015 1381 1081 corporis
1400 1015 1727 1069 debilitatem
1760 1015 2137 1085 impedimento

562 1114 683 1154 esse
720 1099 937 1165 debere,
970 1116 1089 1153 cum
1123 1103 1429 1171 episcopus,
1464 1120 1567 1156 non
1614 1104 1812 1157 athleta
1842 1114 2134 1173 quaeratur.

564 1193 842 1247 Promittit
872 1209 930 1248 se
984 1193 1315 1258 adfuturum,
1350 1196 1395 1249 si
1442 1194 1754 1265 suﬂragium
1810 1194 1949 1249 istud
1999 1194 2140 1248 reci-

565 1286 736 1355 piant,
766 1300 829 1339 ac
878 1300 1100 1354 Operam
1132 1287 1210 1340 eis
1240 1286 1486 1339 daturum
1517 1286 1596 1340 vel
1620 1287 1809 1356 Spiritu
1841 1286 1919 1340 vel
1947 1299 2137 1354 corpe-

569 1391 657 1441 re;
702 1376 782 1429 sin
821 1385 999 1429 autem
1042 1377 1204 1430 certis
1251 1377 1644 1431 conditionibus
1674 1377 1758 1430 via
1810 1376 2139 1445 capessenda

576 1484 666 1537 sit,
698 1489 760 1527 ac
788 1467 1047 1527 facuones
1078 1477 1263 1525 contra
1300 1469 1606 1537 aequitatem
1641 1467 1961 1531 conllentur,
1994 1466 2143 1537 gavi-

570 1583 754 1621 surum
785 1581 844 1621 se
875 1566 1013 1636 quod
1042 1565 1203 1618 fuerit
1234 1572 1593 1631 contemptus.
1629 1562 1826 1615 Eadem
1856 1560 2143 1630 episcopus

574 1661 955 1715 Nazianzenus
988 1661 1052 1715 de
1081 1657 1297 1721 Basilio,
1317 1671 1478 1725 quem
1508 1670 1615 1725 pra:
1650 1654 1860 1709 caneris
1893 1650 2141 1707 omnibus

2236 560 2417 629 gorius
2452 569 2632 612 noster
2659 556 2865 610 litteras
2900 555 2977 626 (Ir)
3014 554 3077 608 ad
3102 564 3341 610 sanctum
3372 558 3621 619 Eusebium
3643 571 3707 623 de-

2231 651 2329 717 dit,
2353 650 2505 718 cujus
2532 649 2727 706 zelum.
2750 650 2995 712 sudores,
3012 657 3323 718 gratamque
3347 651 3445 706 Deo
3469 653 3708 716 libertatem

2231 744 2435 807 laudat,
2469 752 2631 811 atque
2653 742 2700 795 ei
2754 750 3025 809 acceptam
3077 738 3243 797 refert
3271 754 3559 800 renovatam
3589 757 3711 818 patris

2232 843 2589 898 senectutem,
2625 834 2765 886 unde
2789 833 2951 887 etiam
2980 846 3092 885 rem
3122 848 3187 887 ex
3212 836 3461 889 sententia
3490 853 3710 899 successu.

2235 943 2350 983 ram
2398 934 2601 995 sperat.
2638 943 2658 976 ι
2693 925 2952 978 Senectus
2990 934 3297 989 renovatur,
3325 912 3524 983 morbus
3549 947 3713 1003 supera-

2238 1029 2342 1082 tur,
2379 1018 2514 1072 lecto
2537 1014 2713 1069 aﬁ‘ecti
2740 1014 2985 1075 exiliunt,
3020 1014 3217 1069 inlirmi
3241 1020 3465 1084 potentia
3493 1024 3698 1097 accingun

2234 1120 2341 1165 tur.
2378 1108 2510 1175 Qua:
2552 1122 2640 1161 res
2662 1107 2789 1160 mihi
2850 1105 3212 1174 coniecturam
3271 1106 3509 1175 alierum,
3558 1121 3717 1186 negotia

2236 1209 2422 1256 nostra
2450 1215 2516 1253 ex
2550 1198 2710 1252 animi
2751 1199 3017 1252 sententia
3057 1212 3369 1255 successura
3410 1216 3537 1260 esse.
3568 1208 3630 1263 Ac
3659 1226 3704 1279 pa

2240 1302 2374 1346 trem
2402 1290 2640 1360 quidem,
2671 1300 2781 1343 tum
2818 1305 2937 1350 suo,
2971 1300 3079 1344 tum
3123 1300 3304 1345 nostro
3334 1295 3533 1349 nomine
3577 1297 3721 1362 habes.

2239 1383 2518 1453 pulchrum
2544 1383 2811 1437 universa:
2829 1382 2949 1435 vitm
2969 1393 3021 1435 et
3051 1385 3366 1438 veneranda:
3394 1387 3585 1442 canitiei
3607 1390 3722 1447 linem

2240 1476 2643 1544 impositurum,
2679 1475 2935 1527 nimirum
2967 1483 3282 1542 praesentem
3316 1475 3449 1531 hanc
3482 1494 3566 1547 pro
3592 1480 3722 1538 Eccle-

2241 1568 2319 1621 sia
2351 1565 2771 1619 dimicationem.
2804 1564 2872 1617 At
2904 1572 3111 1617 certum
3150 1564 3325 1618 habeo
3357 1564 3487 1632 fore,
3514 1576 3565 1621 ut
3606 1577 3711 1639 preci

2242 1658 2342 1712 bus
2371 1657 2586 1719 vestris,
2627 1656 2819 1725 quibus
2870 1654 3040 1709 fretus
3081 1670 3237 1710 nemo
3296 1671 3396 1709 non
3450 1658 3541 1712 sibi
3578 1664 3727 1730 quidvis

570 1754 871 1823 eligendum
898 1752 1159 1817 decernit,
1179 1749 1433 1803 Ecclesia:
1456 1746 1773 1803 Caesariensi
1817 1744 2031 1813 scripsit
2052 1740 2147 1813 (b),
2178 1736 2219 1791 Β
2251 1749 2488 1819 poniceri
2526 1748 2706 1814 debet,
2742 1748 3029 1801 ﬁrmiorem
3072 1762 3191 1800 eum
3218 1746 3643 1821 valvcmioremque
3678 1772 3729 1807 τε.

581 1860 701 1913 qua:
726 1843 1019 1899 honoriﬁce
1046 1856 1167 1896 eum
1196 1841 1472 1894 invitarat.
1519 1837 1662 1892 Nihil
1715 1834 2131 1906 praetermissum

573 1935 642 1988 ab
677 1934 878 2004 optimo
905 1947 1051 1999 sene,
1087 1942 1143 1986 ut
1167 1945 1426 2001 prospere
1456 1945 1542 1984 res
1574 1930 1808 1983 cederet.
1848 1944 1866 1977 ι
1904 1924 2136 1979 Litteras

573 2024 847 2079 scribebat
883 2023 1046 2093 (quod
1080 2031 1398 2092 argumento
1431 2030 1516 2074 est
1576 2021 1760 2089 plures
1789 2017 1855 2071 ab
1880 2030 1945 2071 eo
1976 2015 2140 2069 fuisse

574 2115 823 2183 scriptas,
850 2130 1007 2183 quam
1036 2114 1376 2183 supersunt),
1403 2112 1677 2175 monebat,
1700 2109 2020 2164 conciliabat
2040 2120 2139 2176 po-

574 2206 776 2274 pulum,
802 2208 1131 2271 sacerdotes,
1163 2214 1217 2259 et
1242 2205 1499 2275 reliquos,
1549 2210 1812 2273 quotquot
1846 2208 2004 2255 erant
2041 2200 2143 2254 cle-

575 2299 693 2365 rici,
752 2298 1159 2361 obtestabatur,
1206 2281 1518 2365 suli'ragiu'm
1570 2294 1816 2357 ferebat,
1858 2291 2144 2345 ordinabat

575 2392 734 2445 etiam
789 2392 963 2446 adhuc
1009 2390 1227 2455 absens,
1278 2388 1493 2443 canitiei
1554 2400 1665 2440 suae
1713 2386 1814 2438 hoc
1861 2383 2039 2445 dabat,
2089 2390 2145 2436 ut

578 2484 719 2551 apud
753 2483 974 2545 alienos,
1012 2491 1266 2550 tanquam
1296 2477 1433 2549 apud
1472 2492 1619 2541 suos,
1656 2475 1977 2530 auctoritate
2021 2484 2143 2527 ute-

579 2585 728 2629 retur
766 2573 861 2646 (c).
908 2595 926 2626 ι
973 2573 1125 2628 Hanc
1164 2572 1579 2627 sollicitudinem
1614 2584 1643 2621 a
1678 2567 1938 2637 Gregorio
1963 2575 2147 2636 postu-

582 2667 694 2721 lare
757 2668 1039 2720 videbatur
1105 2664 1358 2718 Ecclesia:
1421 2660 1765 2717 Caesariensis
1822 2666 2014 2721 status,
2094 2656 2146 2709 in

583 2774 689 2829 qua
748 2759 1045 2811 animorum
1104 2771 1294 2824 magna
1365 2764 1480 2810 erat
1527 2754 1813 2810 dissensio.
1886 2752 2147 2808 Omnibus

584 2850 937 2921 prml‘erebant
996 2850 1289 2913 Basiliam,
1340 2847 1520 2917 pepuli
1577 2861 1703 2916 pars
1762 2844 2147 2907 selectissima,

588 2945 870 2999 universus
906 2944 1110 3006 clerus,
1152 2952 1367 2995 ascetre.
1404 2941 1601 2996 Verum
1637 2940 1946 2995 invidebant
1972 2948 2027 2992 et
2057 2938 2153 2993 ub-

586 3038 899 3090 t:itebantur
928 3035 1292 3104 magistratus,
1344 3049 1405 3087 ac
1461 3033 1657 3087 intimae
1694 3033 1863 3102 plebis
1899 3031 2151 3100 perditis-

588 3130 709 3183 simi
743 3129 943 3198 quique
970 3143 1092 3181 cum
1151 3126 1557 3196 magistratibus
1591 3125 1886 3195 conjuncti,
1920 3124 2027 3178 imo
2056 3123 2154 3189 ipsi

597 3222 856 3289 episc0pi,
882 3221 1022 3289 quod
1052 3220 1265 3275 iocandi
1294 3218 1575 3273 materiam
1609 3198 1885 3287 religionis
1913 3214 2158 3269 hostibus

595 3314 889 3384 prabebat.

594 3404 701 3463 XC.
743 3405 1029 3459 Eusebium
1060 3404 1477 3459 Samosatensem
1516 3414 1782 3458 accersunt
1815 3404 1879 3457 ab
1925 3404 2158 3458 Oriente.

662 3496 931 3551 Praeterea
973 3512 1092 3550 cum
1134 3496 1199 3550 ab
1234 3496 1451 3550 Arianis
1475 3496 1771 3566 periculum
1800 3505 1961 3562 esset,
1987 3511 2054 3550 ne
2088 3496 2163 3549 la-

592 3591 875 3645 borantem
909 3587 1143 3642 dissidiis
1176 3586 1469 3641 Ecclesiam
1497 3586 1886 3642 Cmsariensem
1932 3602 2162 3657 occupa-

595 3691 899 3751 rentatqne
934 3688 1262 3743 everterent,
1304 3679 1597 3750 Gregorius
1639 3680 1737 3749 (ά),
1788 3679 1878 3750 qui
1926 3679 2161 3734 nondum

596 3774 786 3827 adesse
824 3780 1055 3841 poterat,
1080 3785 1332 3841 magnum
1356 3786 1423 3824 ex
1453 3770 1677 3826 Oriente
1723 3772 1902 3824 lumen
1936 3770 2166 3825 accersit

599 3871 846 3916 sanctum
878 3860 1165 3915 Eusebium
1204 3860 1658 3923 Samosatensem,
1696 3861 1876 3916 missis
1921 3876 2019 3930 per
2062 3861 2166 3915 Eu-

602 3952 860 4007 stathium
897 3952 1179 4005 diaconum
1226 3951 1441 4016 litteris,
1474 3953 1526 4006 in
1563 3952 1758 4022 quibus
1800 3962 1999 4022 quanto
2049 3967 2167 4006 ver-

600 4052 814 4097 saretur
849 4042 901 4111 in
932 4043 1175 4112 periculo
1203 4041 1551 4097 Caesariensis
1574 4042 1813 4097 Ecclesia
1837 4042 2162 4097 declarabat.

602 4135 854 4189 Accurrit
887 4145 1103 4189 sanctus
1127 4144 1327 4205 martyr
1353 4135 1404 4188 in
1449 4135 1867 4205 Cappadociam,
1900 4135 2040 4204 quod
2084 4148 2170 4189 as-

604 4226 737 4280 serit
765 4226 993 4280 Basilius
1035 4227 1130 4296 (ε),
1177 4235 1228 4279 et
1263 4227 1548 4280 conﬁrmat
1598 4228 1895 4296 Gregorius
1935 4227 1999 4297 (Ι)
2027 4267 2042 4291 ,
2078 4226 2168 4296 qui

610 4320 871 4388 Spiritum
900 4329 1141 4373 sanctum
1178 4320 1244 4375 ab
1272 4320 1474 4375 exteris
1522 4321 1831 4390 regionibus
1880 4321 2022 4373 viros
2056 4321 2169 4389 pie-

2237 1843 2521 1911 eipiamus.
2557 1859 2575 1892 ι
2614 1841 2748 1908 Spes
2778 1839 3021 1909 Gregorii
3056 1840 3204 1893 irrita
3262 1854 3367 1893 non
3422 1839 3532 1896 fuit.
3578 1862 3594 1894 ι
3634 1844 3731 1897 Fieri

2240 1933 2399 1987 aliter
2436 1946 2541 1987 non
2588 1939 2824 2001 poterat,
2873 1941 2931 1983 ut
2975 1930 3087 1999 ipse
3133 1929 3208 1983 ait
3266 1929 3364 2000 li),
3402 1932 3522 1999 quin
3564 1932 3734 2001 Spiritus

2251 2034 2476 2078 sanctus
2515 2023 2780 2085 vinceret;
2831 2029 2991 2089 atque
3021 2019 3157 2075 adeo
3185 2019 3397 2074 abunde
3421 2021 3557 2075 vicit.
3590 2041 3604 2071 ι
3633 2021 3719 2075 Basi

2244 2119 2349 2172 lius
2374 2118 2580 2172 electus
2607 2114 2709 2169 fuit
2751 2112 3103 2170 Caesariensis
3149 2113 3463 2183 episeopus,
3499 2114 3738 2172 ordinatus.

2243 2221 2297 2265 et
2321 2212 2374 2265 in
2406 2211 2597 2264 throno
2629 2208 2942 2264 collocatus.
2977 2206 3184 2273 Quibus
3226 2209 3478 2275 peractis,
3513 2207 3739 2278 Gregorius

2244 2302 2334 2373 qui
2368 2300 2641 2371 profectus
2668 2300 2859 2365 fuerat,
2880 2318 2897 2351 ι
2924 2299 2987 2370 (ἱ)
3001 2298 3249 2353 vehiculo
3280 2314 3382 2351 non
3403 2313 3549 2352 secus
3577 2312 3627 2351 ac
3644 2314 3741 2351 ιιιοι-

2248 2404 2371 2448 tuus
2402 2393 2603 2448 feretro
2632 2393 2933 2461 impositus,
2970 2390 3185 2461 juvenis
3215 2391 3377 2455 redit,
3408 2390 3579 2444 ﬁrmus
3610 2405 3658 2443 ac
3682 2406 3741 2441 va-

2247 2487 2379 2549 lens,
2418 2485 2602 2540 oculos
2629 2495 2840 2539 erectos
2874 2484 3111 2546 habens,
3134 2497 3163 2536 a
3193 2497 3451 2535 manuum
3480 2481 3744 2551 impositioue

2247 2589 2303 2635 et
2336 2576 2610 2643 unctione,
2638 2578 2775 2632 addo
2800 2577 2984 2641 etiam,
3035 2584 3090 2630 et
3133 2576 3200 2629 ab
3231 2574 3399 2639 illius,
3437 2574 3521 2642 qui
3565 2573 3745 2642 tingebat

2251 2684 2357 2743 tur,
2390 2674 2567 2744 capite
2600 2673 2904 2729 roboratus.
2942 2670 3055 2727 iloe
3088 2671 3253 2741 igitur
3283 2671 3347 2724 ad
3395 2670 3586 2740 priscas
3612 2686 3749 2722 narra-

2253 2769 2432 2823 tiones
2463 2767 2710 2830 accedat,
2736 2766 2877 2835 qnod
2910 2764 3061 2820 labor
3086 2763 3378 2818 sanitatem
3417 2762 3579 2827 aﬂert,
3605 2771 3648 2815 et
3671 2762 3750 2814 ani-

2253 2858 2326 2912 mi
2363 2858 2618 2911 alacritas
2647 2867 2890 2910 mortuos
2914 2856 3138 2920 excitat,
3172 2864 3225 2910 et
3256 2854 3406 2909 exilit
3426 2861 3645 2907 senectus
3664 2849 3751 2919 Spi-

2253 2948 2359 3001 ritu
2397 2947 2655 3001 delibuta.
2695 2966 2713 2999 ι
2770 2948 2861 3002 Sic
2903 2946 3152 3013 Basilius,
3186 2944 3433 3017 Gregorii
3467 2942 3700 3009 utriusque
3720 2953 3756 2993 et

2256 3037 2426 3091 sancti
2473 3036 2691 3092 Eusebii
2724 3037 3124 3091 Samosatensis
3160 3051 3352 3107 Opera,
3378 3034 3612 3089 Ecclesiae
3634 3032 3758 3085 Cassa.

2259 3130 2452 3184 riensis
2506 3129 2871 3198 episcopatum
2924 3131 3159 3195 suscepit
3203 3144 3351 3181 anno
3382 3127 3501 3188 570,
3538 3133 3588 3179 ut
3622 3124 3759 3177 multis

2258 3222 2589 3291 argumentis
2616 3222 2905 3277 conllrrnat
2952 3232 3137 3276 noster
3180 3221 3511 3276 Prudentius
3535 3219 3688 3273 Maran
3712 3215 3760 3283 lii

2258 3326 2376 3385 post
2404 3315 2680 3369 Patavium
2709 3327 2762 3369 et
2795 3314 3196 3369 Tillemontium
3234 3334 3250 3370 :
3298 3330 3396 3369 nec
3427 3311 3652 3368 audiendi
3678 3320 3764 3363 siml

2260 3407 2603 3461 Bollandislaz
2647 3415 2701 3461 et
2741 3406 3021 3469 Baronius,
3064 3405 3156 3475 qui
3214 3406 3477 3460 Basilium
3537 3418 3657 3457 anno
3694 3398 3767 3454 3‘39

2261 3500 2573 3553 ordinatum
2610 3498 2892 3563 scribunt;
2936 3497 3105 3552 multo
3140 3510 3328 3552 autem
3366 3498 3535 3567 magis
3570 3493 3769 3564 repellen-

2264 3592 2362 3645 dus
2391 3602 2475 3644 est
2506 3589 2725 3659 Pagius,
2760 3590 2852 3659 qui
2898 3590 3018 3661 ejus
3056 3590 3465 3645 ordinationem
3512 3588 3573 3642 ad
3623 3600 3768 3639 annum

2264 3695 2434 3747 usque
2455 3679 2555 3734 571
2590 3677 2790 3733 dill'ert.

2266 3814 2420 3869 XCII.
2462 3813 2746 3883 Gregorius
2805 3830 2895 3869 nec
2932 3814 3168 3868 electioni
3195 3812 3392 3867 Basilii
3442 3810 3677 3878 interfuit,
3715 3823 3776 3859 nec

2337 3902 2453 3938 eum
2482 3896 2591 3951 post
2622 3886 2919 3937 electionem
2944 3885 3144 3949 invisit;
3170 3883 3383 3939 Basilio
3416 3883 3638 3955 querenti
3660 3894 3781 3933 sena-

2336 3957 2559 4024 glectum
2593 3956 2881 4023 respondit.

2341 4045 2555 4099 Nemini
2579 4045 2796 4098 dubium
2824 4042 2946 4108 fuit,
2970 4043 3099 4113 quin
3125 4040 3453 4113 Gregorius,
3478 4043 3563 4113 qui
3585 4038 3780 4097 electium

2268 4138 2450 4193 Basilii
2488 4153 2592 4190 non
2626 4136 2986 4199 interfuerat,
3027 4136 3200 4189 electo
3252 4134 3616 4205 gratulaturus
3654 4132 3783 4187 (Im-tr

2278 4245 2425 4284 ream
2454 4238 2794 4284 occurreret.
2822 4225 3019 4281 Verum
3052 4224 3388 4282 Christiana:
3425 4224 3676 4281 modestia:
3696 4236 3785 4275 con-

2272 4322 2473 4387 sulens,
2503 4332 2667 4389 atque
2723 4320 2913 4373 horum
2954 4327 3255 4387 temporum
3304 4319 3564 4372 invidiam
3610 4314 3785 4383 fugiens.

608 4419 717 4463 tate
745 4410 978 4478 insignes
1025 4411 1243 4478 zeloque
1273 4410 1558 4482 ﬂagrantes
1592 4410 1658 4466 ad
1690 4412 1991 4481 ungendum
2022 4410 2171 4465 Basi-
2200 4427 2249 4487 ι)
2287 4428 2539 4485 represso
2572 4413 2804 4467 amicum
2829 4410 3044 4464 videndi
3079 4409 3373 4474 desiderio,
3416 4409 3554 4464 domi
3580 4422 3633 4463 se
3660 4406 3788 4459 conti~

610 4502 741 4555 lium
774 4502 1040 4557 excitasse
1076 4511 1322 4557 testatur.

610 4617 745 4673 XCI.
778 4616 1012 4671 Basilius
1040 4618 1228 4700 electus
1253 4617 1691 4699 est_Ca’sariensis
1723 4619 2011 4687 episcopus,
2040 4617 2169 4673 Gre-

1064 4706 1199 4758 goru
1233 4700 1504 4759 utriusque
1541 4706 1718 4757 opera.

681 4778 820 4846 Quid
863 4781 1059 4852 plura?
1085 4782 1217 4836 Cum
1273 4795 1459 4836 eorum
1513 4794 1739 4835 numero
1779 4780 2169 4849 episcoporum,

614 4872 703 4942 qui
736 4872 990 4927 Basiliam
1024 4883 1182 4927 erant
1227 4872 1636 4943 proclamaturi,
1674 4886 1812 4927 unus
1849 4873 2058 4926 deesset
2107 4871 2173 4925 ad

614 4965 928 5019 canonicam
981 4963 1328 5028 electionem;
1388 4963 1640 5017 Nazianzi
1693 4966 1997 5033 episcopus,
2052 4983 2070 5014 ι
2103 4963 2175 5033 (g)

617 5072 720 5111 non
749 5057 920 5111 solum
952 5063 1255 5119 senectute,
1292 5057 1385 5109 sed
1417 5056 1577 5108 etiam
1608 5056 1798 5109 morbo
1854 5054 2075 5116 fractus,
2113 5070 2176 5109 ac

617 5162 751 5213 pene
782 5146 1016 5201 animam
1045 5160 1231 5215 agens,
1274 5145 1377 5199 iter
1405 5146 1621 5215 aggredi
1659 5162 1762 5199 non
1806 5146 2086 5212 dubitavit,
2121 5156 2180 5202 nt

618 5242 822 5296 calculo
855 5256 954 5296 suo
1015 5240 1329 5295 electionem
1366 5240 1598 5308 juvaret,
1646 5238 1879 5310 Spiritus
1928 5240 2176 5295 videlicet

696 5354 768 5421 (ιι)
797 5354 959 5423 Greg.
990 5354 1089 5421 Ep.
1125 5352 1195 5405 al.
1224 5352 1313 5407 23.

694 5426 767 5491 (bl
804 5428 897 5478 Or.
926 5424 1013 5487 l8,
1053 5442 1105 5476 ιι.
1134 5423 1224 5476 56.

691 5493 758 5562 (ε)
809 5494 901 5547 Or.
932 5496 1022 5557 ιθ,
1055 5511 1108 5547 η.
1136 5495 1226 5547 a7.

699 5566 775 5629 td)
818 5562 911 5629 Ep.
964 5565 1053 5626 47,
1088 5566 1226 5617 inter
1258 5561 1573 5625 Basilianas,
1610 5576 1660 5629 p.

701 5632 767 5697 (e)
818 5633 913 5697 Ep.
960 5633 1047 5686 48.

701 5703 777 5769 (Γ)
820 5704 910 5755 Ur.
943 5703 1034 5762 45,
1070 5720 1120 5754 ιι.
1150 5703 1235 5755 57.

706 5776 776 5841 lg)
816 5774 905 5826 Or.
946 5772 1029 5835 18,
1066 5790 1115 5823 ιι.
1161 5775 1259 5836 30;
1302 5788 1382 5824 or.
1417 5770 1502 5835 4'5,
1546 5769 1710 5823 11.57.

1708 5561 1807 5614 HO

2279 4506 2424 4572 nuit,
2458 4503 2601 4559 datis
2634 4503 2839 4557 interea
2893 4500 3108 4562 litteris,
3145 4501 3348 4569 quibus
3391 4516 3451 4556 se
3479 4512 3669 4553 summa
3704 4509 3790 4564 per-

2273 4598 2452 4653 fusum
2493 4596 2681 4652 laetitia
2716 4596 2883 4651 fuisse
2934 4593 3137 4649 fatetur
3170 4593 3257 4661 (Ι),
3296 4608 3424 4647 cum
3488 4591 3728 4647 lucernam
3774 4600 3793 4635 λ

2276 4692 2481 4763 Spiritu
2514 4699 2704 4746 sancto
2742 4690 2952 4744 victore
2981 4702 3142 4757 supra
3177 4687 3567 4741 candelabrum
3618 4681 3794 4753 positam

2276 4782 2589 4849 intellexit;
2632 4781 2903 4850 simulque
2936 4793 3130 4833 causas
3179 4792 3279 4831 cur
3316 4777 3506 4830 statim
3564 4774 3626 4829 ad
3668 4771 3796 4840 ipsum

2283 4892 2388 4933 non
2426 4874 2781 4937 advolaverit,
2818 4870 3061 4941 exponit,
3107 4884 3171 4923 ac
3206 4884 3277 4922 ne
3313 4870 3367 4922 id
3411 4884 3442 4921 a
3492 4883 3549 4922 se
3599 4867 3797 4932 exposcat

2281 4979 2553 5041 precatur.
2593 4965 2835 5036 Gregorii
2869 4963 3162 5027 orationes,
3203 4977 3300 5015 seu
3338 4959 3701 5015 excusationes
3725 4966 3799 5005 nou

2280 5062 2489 5131 accepit
2519 5058 2775 5119 Basilius,
2808 5070 2973 5123 seque
3005 5054 3072 5108 ab
3107 5067 3171 5107 eo
3199 5052 3522 5123 parvipendi
3565 5063 3624 5103 ac
3649 5040 3799 5112 negligi

2279 5162 2606 5223 conquestus
2626 5160 2730 5206 est.
2753 5148 2929 5203 Basilii
2950 5144 3183 5215 querelis
3216 5144 3299 5198 sic
3339 5152 3597 5215 peracute
3632 5148 3801 5204 respon-

2278 5246 2355 5299 dit
2380 5245 2515 5315 (m):
2557 5260 2575 5295 ι
2613 5242 2669 5297 Si
2724 5240 2879 5295 nobis
2919 5247 3201 5308 propterea
3258 5248 3579 5300 succenses,
3623 5226 3740 5301 quod
3769 5234 3805 5275 le

2355 5356 2430 5423 llr)
2467 5359 2559 5424 I'jp.
2592 5358 2661 5410 al.
2690 5357 2781 5411 99.

2354 5426 2414 5497 (ι)
2456 5427 2549 5481 Or.
2578 5428 2668 5489 45,
2709 5446 2762 5480 ιι.
2808 5425 2897 5478 ⁸57.

2354 5500 2420 5565 (j)
2470 5498 2600 5549 uno.

2352 5564 2422 5635 (lt)
2471 5567 2589 5619 Vita
2630 5566 2754 5618 Bas.
2790 5580 2837 5617 c.
2868 5564 2952 5627 15,
2985 5578 3035 5633 p.
3080 5564 3171 5617 85.

2351 5638 2409 5699 (Ι)
2465 5639 2557 5702 l‘lp.
2589 5640 2656 5688 al.
2684 5638 2774 5688 24.

2351 5712 2440 5775 (ιιι)
2470 5708 2559 5775 Ep.
2610 5708 2676 5759 al.
2719 5708 2796 5756 lt).
