3824 6394
117 351 190 406 I95
1329 331 1489 385 VITA
1529 333 1585 388 S.
1628 333 1976 390 GREGORII.

3162 337 3225 395 1³9
3236 338 3264 391 ίι

111 469 261 525 minus.
290 469 427 527 quam
459 461 544 505 tua
576 452 749 508 Virtus
776 462 1037 516 meretur,
1060 452 1391 522 suspicimus
1424 464 1475 507 et
1500 455 1595 507 ad-
1623 461 1669 516 Α
1698 456 1922 525 ejusque
1955 470 2113 512 voces
2141 455 2357 510 audisse
2378 468 2513 524 quas
2559 472 2579 506 ι
2610 453 2707 509 Dei
2734 468 2894 509 voces
2925 471 2944 507 ι
2994 454 3262 525 appellare

118 562 337 615 miramur,
378 546 613 601 omnibus
639 560 855 613 quoque
904 545 1220 599 mortalibus
1269 560 1592 601 succenseas

111 656 287 719 oportet.
310 640 473 709 Neque
493 639 634 692 enim
678 638 817 693 alius
846 638 1130 708 quisquam
1164 639 1298 693 satis
1327 648 1378 693 te
1408 639 1595 693 lauda-

110 745 181 804 vit,
209 746 280 791 aut
315 732 607 787 laudaturus
648 738 752 797 est,
791 740 987 798 praeter
1039 740 1092 785 te
1124 741 1378 801 tuamque
1427 732 1480 785 in
1509 733 1591 785 di-

104 830 227 886 cendo
247 822 629 884 sublimitatem;
671 823 715 875 si
741 822 957 890 quidem
1008 822 1121 876 ﬁeri
1152 833 1332 892 posset
1357 824 1590 893 utquis-

105 926 206 992 piam
244 930 349 971 suas
372 914 474 977 ipse
526 911 706 967 laudes
732 914 1068 982 prcedicaret,
1096 914 1253 983 idque
1282 930 1589 969 sermonum

102 1013 161 1064 let
190 1009 342 1061 ferret.
374 1000 519 1068 Quod
552 1002 595 1055 si
648 1012 1013 1074 contemptum
1066 1005 1139 1058 tui
1173 1004 1328 1059 nobis
1374 1004 1585 1073 objicis,

103 1102 196 1171 quin
221 1098 346 1166 prius
375 1095 672 1148 insaniam?
696 1096 762 1149 At
799 1096 939 1166 quod
971 1096 1412 1165 phi1050phamur
1448 1097 1589 1149 indi-

98 1186 475 1260 gnarislldceret
507 1186 637 1240 mihi
694 1201 815 1241 cum
848 1188 983 1242 bona
1038 1200 1125 1243 tua
1171 1189 1329 1242 venia
1379 1189 1583 1253 dicere,

100 1283 169 1335 hoc
186 1293 319 1332 unum
352 1276 588 1329 doctrina
623 1290 837 1346 quoque
874 1286 961 1330 tua
1002 1287 1054 1332 et
1087 1279 1390 1333 eruditione
1421 1280 1587 1333 subli-

96 1374 193 1425 IIIIllS
214 1380 282 1424 est
305 1378 353 1423 et
396 1369 763 1435 praestantius.
801 1388 818 1421 ι
855 1370 1032 1425 Cessit
1074 1373 1281 1425 tandem
1333 1372 1582 1435 Basilius,

96 1474 132 1515 et
168 1462 295 1515 amici
348 1459 678 1528 prudentiam
754 1460 961 1530 judicio
1028 1478 1126 1517 suo
1184 1464 1582 1531 comprobavit;

94 1552 463 1623 quemadmodum
496 1566 617 1605 cum
647 1561 829 1621 postea
853 1551 1156 1608 Caesaream
1185 1555 1424 1609 venisset
1454 1555 1583 1611 Gre-

92 1614 223 1716 gorius
243 1614 330 1712 (αδ,
356 1653 513 1710 atque
537 1614 771 1697 oblatam
800 1644 899 1699 sibi
930 1647 997 1699 ab
1028 1646 1202 1700 amico
1230 1646 1578 1715 insigniorem

92 1737 191 1789 inter
214 1734 535 1804 presbyteros
582 1735 762 1788 sedem
817 1736 1172 1801 repudiasset,
1231 1737 1331 1791 hoc
1380 1736 1578 1791 factum

89 1842 161 1878 non
185 1824 444 1887 accusavit,
476 1826 571 1878 sed
603 1824 841 1882 laudavit
876 1829 1129 1882 Basilius.

88 1918 213 1973 XCIII.
247 1917 307 1970 De
337 1915 545 1970 Valente
579 1920 827 1972 adversus
858 1918 1145 1987 Ecclesium
1180 1920 1578 1973 Nazianzenam

133 1990 327 2055 impetum
373 1988 628 2054 faciente,
676 2005 780 2043 una
816 2007 931 2044 cum
979 2002 1123 2061 patre
1175 1994 1440 2044 victoriam
1498 2007 1580 2044 re—

129 2068 279 2124 portat.

129 2147 212 2201 Sub
241 2148 383 2201 ﬁnem
411 2147 544 2202 anni
606 2148 701 2203 571
742 2148 950 2204 videtur
983 2151 1293 2218 contigisse,
1327 2150 1466 2219 quod
1514 2150 1579 2203 de

81 2239 197 2306 patris
219 2238 316 2291 zelo
346 2248 536 2292 narrat
589 2237 882 2309 Gregorius
915 2238 1013 2308 (b),
1046 2240 1133 2307 qui
1166 2255 1356 2307 magna
1413 2239 1577 2292 animi

80 2332 314 2385 constantia
359 2347 376 2381 α
417 2346 543 2386 sese
582 2332 854 2387 ha‘reticis
905 2333 1174 2401 opposuit,
1206 2348 1327 2385 cum
1363 2332 1433 2384 illi
1474 2348 1577 2385 una

80 2436 163 2473 cum
187 2420 499 2488 imperatoria
557 2423 833 2491 impietate
863 2422 1262 2491 expeditionem
1317 2422 1575 2476 adversus

81 2513 399 2566 Nazianzenam
442 2513 742 2568 Ecclesium
776 2525 1153 2583 susceperunt,
1198 2526 1451 2584 tanquam
1482 2528 1578 2566 nos

77 2619 253 2671 quoque,
284 2604 449 2671 inquit
489 2602 810 2672 Gregorius,
858 2606 911 2659 in
947 2615 1271 2674 potestatem
1305 2621 1456 2659 suam
1494 2620 1579 2658 re-

75 2696 225 2748 dacturi
250 2736 262 2759 ,
295 2697 515 2767 aliisque
533 2696 643 2763 jam
668 2680 778 2751 fere
798 2697 1048 2751 omnibus
1082 2698 1339 2752 servitute
1362 2711 1580 2765 oppres-

72 2787 121 2839 sis
144 2786 984 2857 adjuncturi.r—tlmperatoriam
1006 2787 1574 2855 impietatemrintelli-

72 2877 123 2946 git
152 2875 409 2945 Valentem,
440 2881 561 2949 qui,
599 2881 893 2949 composita
926 2895 1049 2935 cum
1084 2879 1275 2935 Gothis
1316 2896 1470 2949 pace,
1507 2880 1572 2933 ad

72 2968 405 3040 impugnandam
426 2974 752 3029 catholicam
793 2973 950 3026 [idem
1008 2974 1214 3043 imperii
1259 2976 1402 3029 vires
1443 2992 1574 3031 con-

72 3062 213 3123 vertit,
264 3070 312 3116 et
391 3064 650 3119 brcretico
718 3064 931 3133 agmine
1013 3064 1220 3120 cinctus
1296 3066 1347 3120 in
1431 3068 1572 3137 Cap-

1696 559 1801 599 non
1835 544 2065 611 dubitat,
2094 559 2216 599 cum
2249 545 2617 615 alloqueretur
2639 544 3018 613 imperatorem
3051 544 3141 612 qui
3174 559 3263 598 se.

1696 638 1804 693 mel
1838 647 1889 692 et
1920 639 2117 693 iterum
2149 638 2202 691 in
2231 653 2351 692 eam
2382 653 2441 693 se
2472 637 2795 703 contulerat,
2822 645 2881 690 ut
2928 636 3111 691 Basilii
3150 638 3264 692 col-

1698 727 1898 796 loquio,
1942 729 2083 797 quod
2106 728 2216 797 jam
2244 726 2454 797 pridem
2493 726 2797 797 expetebat,
2837 725 3122 781 frueretur.
3154 726 3262 781 Nec

1691 834 1821 875 vero
1853 829 2059 873 tantum
2088 820 2273 875 Basilii
2301 819 2583 889 colloquiis
2610 834 2734 873 cum
2789 819 3133 888 imperatore,
3169 835 3261 873 ve-

1694 927 1809 966 rum
1840 910 2001 966 etiam
2042 912 2242 967 habitis
2269 920 2427 966 antea
2458 925 2579 965 cum
2608 910 2862 979 praefecto
2891 920 2945 964 et
2973 910 3259 980 prmposito

1690 1018 2007 1073 coquorum,
2028 1006 2118 1073 qui
2150 1004 2284 1059 artis
2314 1019 2424 1059 suae
2446 1004 2652 1073 gladios
2683 1003 3014 1067 minabatur,
3052 1021 3071 1055 σ
3098 1012 3260 1071 atque

1689 1094 1756 1149 ad
1808 1096 1985 1164 ignem
2016 1096 2116 1149 sibi
2166 1105 2552 1166 congruentem
2612 1096 2965 1149 transmissus
3002 1113 3020 1145 ι
3055 1105 3160 1161 est,
3201 1105 3262 1147 ut

1690 1188 2111 1256 festivejocatur
2135 1188 2429 1259 Gregorius
2468 1188 2566 1259 (ε),
2596 1186 3090 1243 concertationibus
3132 1202 3255 1241 eum

1689 1279 1998 1335 interfuisse
2026 1284 2230 1335 certum
2265 1281 2417 1336 nobis
2461 1280 2695 1335 videtur.
2751 1279 2885 1332 Eum
2938 1280 3261 1333 invitaverat

1688 1369 1942 1438 Basilius,
1971 1382 2031 1425 ut
2062 1372 2164 1426 sibi
2215 1372 2428 1426 adesset
2463 1372 2528 1424 ad
2582 1371 2913 1441 propositum
2960 1382 3255 1431 certamen,

1688 1474 1971 1520 venturum
2004 1478 2063 1518 se
2093 1466 2451 1534 promiserat;
2506 1463 2689 1531 itaque
2735 1476 2856 1516 eum
2893 1462 3102 1516 venisse
3158 1476 3256 1534 pro

1686 1568 1835 1612 certo
1882 1556 2211 1610 habendum.
2266 1556 2574 1609 Arbitratur
2642 1553 3017 1608 Tillemontius
3068 1554 3257 1607 matris

1684 1646 1931 1717 Gregorii
1966 1647 2211 1701 morbum
2243 1646 2488 1700 atttilisse
2534 1661 2734 1711 moras,
2766 1656 2821 1700 et
2846 1660 3060 1700 causam
3093 1644 3259 1699 fuiSse

1684 1753 1780 1792 cur
1816 1754 1844 1791 a
1870 1736 2068 1792 Basilio
2104 1746 2329 1791 vocatus
2374 1740 2556 1790 statim
2607 1752 2711 1789 non
2769 1736 2999 1790 venerit.
3033 1734 3253 1796 Verum,

1609 1804 1651 1857 Β
1687 1839 1743 1884 ut
1772 1829 2019 1884 omittam
2069 1827 2372 1883 chariorem
2402 1825 2565 1879 fuisse
2590 1824 2848 1894 Gregorio
2876 1824 3127 1879 Ecclesia:
3150 1824 3257 1877 uti-

1681 1920 1907 1983 Iitatem,
1936 1935 2095 1989 quam
2147 1928 2224 1986 ut,
2274 1933 2337 1973 ea
2390 1918 2717 1987 posthabita,
2763 1916 3042 1987 aegrotanti
3096 1915 3254 1970 matri

1681 2013 1961 2076 assideret,
1995 2020 2155 2081 atque
2193 2010 2260 2064 ad
2308 2009 2695 2064 defendendam
2728 2008 3021 2062 Ecclesiam
3059 2022 3251 2061 accur-

1684 2121 1805 2161 rere
1839 2107 2206 2169 detrectaret;
2249 2112 2398 2157 certe
2435 2103 2486 2155 in
2519 2102 2603 2155 his
2642 2102 2857 2165 litteris,
2892 2102 3087 2169 quibus
3122 2100 3254 2154 niti-

1683 2207 1768 2251 tur
1822 2196 2220 2259 Tillemontius,
2262 2194 2393 2248 nihil
2443 2193 2636 2263 legitur
2667 2194 2733 2247 de
2779 2193 3133 2262 gravissimis
3162 2206 3254 2245 ve-

1682 2287 1863 2341 niendi
1897 2287 2098 2349 causis,
2139 2285 2272 2345 nihil
2302 2286 2367 2339 de
2393 2284 2637 2351 Gregorii
2668 2284 2971 2353 promissis,
3002 2284 3093 2352 qui
3129 2300 3251 2337 cum

1681 2379 1951 2447 pugnandi
1990 2388 2198 2446 tempus
2238 2378 2469 2441 adesset,
2525 2376 2834 2430 adfuturum
2887 2390 2947 2428 se
2981 2358 3251 2444 pollicitus

1681 2471 1893 2536 fuerat;
1936 2469 2029 2523 sed
2070 2478 2278 2522 tantum
2325 2467 2593 2522 desiderio
2627 2466 2840 2521 videndi
2894 2466 3149 2519 Basilium
3193 2480 3253 2520 se

1681 2565 1851 2619 teneri
1886 2562 2176 2633 signiﬁcat,
2212 2560 2295 2616 cui
2325 2561 2731 2615 satisfacturum
2768 2574 2827 2614 se
2863 2558 2939 2612 ait
2965 2558 3057 2629 (ί),
3081 2559 3123 2612 si
3152 2573 3249 2611 sua

1680 2669 1854 2710 mater
1879 2655 2063 2709 Basilii
2090 2654 2339 2724 precibus
2366 2662 2612 2708 sanetur.
2646 2652 2825 2718 Quare
2859 2651 2972 2705 haec
3004 2652 3070 2706 ad
3106 2650 3250 2703 aliud

1680 2760 1890 2817 tempus
1946 2750 2181 2818 pertinet
2241 2747 2502 2815 epistola;
2574 2754 2628 2800 et
2682 2758 3017 2814 quaecunque
3066 2752 3251 2797 narrat

1677 2842 1969 2910 Gregorius
1993 2840 2066 2910 (g)
2094 2842 2161 2894 de
2188 2839 2367 2893 Basilii
2400 2839 2606 2907 prolixa
2649 2848 2701 2891 et
2746 2838 2857 2891 acri
2900 2852 3021 2891 cum
3055 2836 3252 2905 prtere-

1678 2945 1767 2990 cto
1813 2935 2055 2988 Modesto
2094 2932 2521 2997 concertatione,
2565 2931 2678 2987 suis
2713 2931 2826 3000 ipse
2874 2932 3094 2985 auribus
3134 2943 3251 2984 cre-

1678 3026 1883 3081 dendus
1907 3036 1991 3079 est
2024 3025 2286 3079 hausisse.

66 3148 280 3211 patriciam
333 3166 391 3206 se
457 3152 712 3207 ροηιυιῑι,
787 3150 1026 3207 Intentus
1072 3156 1404 3222 potissimum
1459 3136 1575 3211 erm
1602 3140 1643 3197 (Ξ
1748 3138 1906 3195 XCV.
1948 3139 2015 3193 In
2059 3140 2177 3193 aliis
2218 3138 2407 3222 Basilii
2446 3136 2645 3219 prn'liis
2688 3144 2863 3206 partes
2908 3136 3038 3190 sua:
3070 3136 3177 3205 agit

72 3236 246 3295 Valentis
281 3259 430 3298 arcus
499 3248 557 3298 in
610 3243 903 3309 Basilium;
962 3247 1054 3298 sed
1112 3245 1413 3301 Caesaream
1477 3263 1573 3316 pe-

71 3343 164 3393 lens,
210 3345 422 3389 exeunte
476 3351 622 3389 anno
677 3336 799 3396 571,
846 3336 927 3392 vel
990 3337 1113 3391 inde
1160 3339 1343 3391 Iorsan
1401 3340 1573 3393 disce-

67 3425 155 3475 deus
210 3441 338 3481 anno
385 3429 657 3497 sequenti,
710 3427 979 3482 Nazianzo
1034 3429 1135 3482 iter
1184 3429 1389 3493 habuit,
1446 3445 1570 3484 con-

64 3513 308 3587 fretumque
348 3521 505 3575 senio
538 3536 825 3591 aggressus
860 3530 943 3575 est
971 3521 1307 3591 episcopum,
1338 3522 1429 3591 qui
1460 3523 1570 3590 glo-

64 3609 209 3663 IIOSUIII
232 3613 290 3665 de
317 3627 379 3667 eo
416 3613 753 3681 triumphum
802 3615 1115 3683 reportavit.
1147 3614 1391 3682 Magnam
1440 3632 1568 3684 pro-

61 3700 160 3752 lecto
184 3704 226 3755 in
262 3719 322 3758 eo
357 3707 635 3774 triumpho
671 3716 877 3774 partem
921 3707 1107 3760 habuit
1140 3705 1438 3775 Gregorius
1474 3723 1570 3762 no-

60 3803 161 3857 ster,
191 3797 314 3861 quod
348 3798 571 3866 quidem
629 3798 762 3865 ipse,
799 3798 879 3850 vir
930 3798 1056 3851 licet
1110 3798 1560 3863 modestissimus,

58 3882 167 3937 lateri
194 3900 396 3943 coactus
434 3900 542 3952 est,
564 3906 685 3943 cum
722 3890 798 3941 ait
834 3887 1152 3958 Gregorium
1182 3898 1390 3958 patrem
1413 3904 1565 3942 suum

60 3989 73 4022 ι
100 3990 251 4045 magno
280 3980 598 4049 adiumento
635 4000 653 4032 ι
702 3980 866 4035 fuisse
897 3978 1305 4033 decertantibus
1332 3976 1565 4032 Nazian-

54 4067 157 4120 tenis
177 4069 423 4127 adversus
458 4073 863 4141 imperatoriam
895 4071 1243 4140 impietatem,
1279 4088 1297 4120 ‹
1325 4080 1436 4124 tum
1471 4085 1568 4139 per

53 4159 460 4234 seipse,tum»per
484 4180 586 4219 nos
603 4166 765 4219 etiam
800 4165 1047 4227 fortasse,
1080 4164 1251 4233 inquit
1274 4162 1567 4231 Gregorius

51 4244 111 4311 (ι’).
157 4250 208 4303 de
262 4254 439 4322 seipso
488 4254 733 4323 loquens,
772 4269 923 4323 quos,
954 4253 1096 4307 velut
1120 4268 1225 4307 non
1255 4253 1475 4321 ignavos
1505 4267 1566 4305 ac

48 4340 272 4403 degeneres
316 4347 550 4409 catulos,
590 4348 640 4398 in
684 4347 801 4400 illos
858 4345 1138 4399 hatreticos
1192 4344 1337 4397 velut
1391 4344 1565 4397 insze-

48 4428 231 4485 ti~simas
258 4433 398 4489 feras
422 4436 772 4499 iuunittebat,
803 4438 868 4490 ad
898 4436 1148 4505 pietatem
1184 4434 1436 4487 nimirum
1466 4435 1563 4487 hac

48 4521 199 4574 lailmle
245 4542 335 4580 nos
365 4542 655 4582 exercens.
694 4546 712 4578 ι

43 4604 171 4669 ων.
198 4616 452 4673 Adversus
499 4621 735 4672 eumdem
789 4618 1049 4671 aneulem
1094 4619 1319 4671 certanti
1359 4614 1562 4670 Basilio

479 4692 652 4742 socius
684 4700 757 4742 est
800 4689 1103 4758 Gregorius.

87 4769 128 4823 In
168 4782 368 4848 egregio
420 4796 639 4850 quoque
708 4780 885 4834 Basilii
959 4781 1257 4834 certamine
1307 4781 1563 4832 adversus

36 4866 223 4920 eumdem
257 4870 644 4940 imperatorem
702 4876 882 4928 socius
931 4872 1030 4926 fuit
1068 4871 1382 4939 Gregorius,
1424 4870 1568 4938 ejus-

37 4964 110 5019 que
157 4972 366 5016 consors
418 4964 474 5016 in
519 4963 681 5017 nobili
732 4963 1004 5032 triumpho
1040 4978 1197 5032 quem
1227 4962 1292 5016 de
1346 4960 1571 5014 devictis

34 5056 69 5094 ει
84 5055 367 5121 expugnatis
386 5055 672 5111 catholica:
698 5056 820 5108 Iitlei
848 5055 1090 5109 hostibus
1111 5052 1294 5107 retulit
1329 5061 1565 5106 exeunte

35 5148 136 5190 anno
147 5142 231 5197 571
250 5154 302 5199 et
328 5147 556 5202 ineunte
573 5163 714 5202 anno
728 5144 963 5202 372.1lis
986 5145 1370 5201 certaminibus
1398 5145 1569 5197 inter-

31 5223 154 5283 fuisse
197 5233 521 5304 Gregorium
561 5253 626 5291 ex
673 5237 788 5307 ipso
824 5238 1103 5292 discimus.
1154 5237 1364 5291 Etenim
1421 5234 1564 5288 sein

28 5321 260 5380 esclesiarn
294 5344 400 5383 una
433 5345 558 5384 cum
600 5328 799 5385 Basilio
850 5332 1151 5401 ingressum
1185 5337 1414 5385 testatur
1463 5324 1561 5397 (Δ),

75 5534 236 5601 ta)0r.
268 5539 355 5603 43,
398 5560 456 5600 ιι.
495 5544 582 5597 45.

72 5612 125 5667 ib)
153 5606 237 5664 0r.
279 5614 362 5675 ιδ,
399 5633 451 5665 n.
501 5614 587 5666 57.

75 5690 124 5735 tv)
161 5677 281 5732 Ibid.

71 5754 126 5802 id}
156 5752 238 5801 Ur.
279 5751 358 5814 55,
391 5770 445 5804 ll.
480 5754 566 5807 ~55.

2308 3208 2611 3277 Gregorius.
2882 3278 2892 3287 .

1744 3305 1891 3358 Idem
1937 3304 2099 3357 etiam
2149 3302 2433 3358 dicendum
2485 3301 2551 3353 de
2598 3299 2761 3353 variis
2814 3297 2997 3352 Basilii
3048 3296 3247 3367 pra-liis

1636 3410 1795 3459 ,cum
1845 3396 2053 3448 caneris
2101 3393 2166 3447 ab
2206 3394 2533 3461 imperatore
2582 3389 2912 3459 praemissis,
2964 3389 3079 3443 sive
3126 3405 3143 3438 ι
3179 3403 3243 3441 ex

1669 3484 1911 3554 judicum
1946 3482 2117 3537 claSse
2141 3523 2155 3541 .
2188 3501 2206 3534 ι
2247 3484 2362 3536 sive
2400 3499 2418 3532 ι
2448 3497 2515 3535 ex
2553 3479 2772 3535 militari
2806 3479 3027 3541 ordine,
3059 3497 3078 3529 ›
3131 3479 3245 3531 sive

1679 3595 1697 3628 ι
1726 3591 1791 3631 ex
1826 3590 2098 3646 gynaaceo.
2138 3592 2157 3624 ι
2193 3571 2248 3627 In
2286 3572 2375 3627 his
2416 3571 2668 3626 omnibus
2696 3568 2881 3623 Basilii
2923 3570 3105 3623 socius
3145 3570 3244 3622 fuit

1673 3668 1993 3737 Gregorius,
2025 3665 2117 3734 qui
2148 3669 2301 3719 Iretus
2334 3671 2389 3719 et
2427 3663 2604 3717 alacer
2630 3661 2851 3715 victoris
2884 3662 3022 3715 latus
3062 3662 3244 3730 cinge-

1672 3758 1785 3822 bat,
1824 3766 2042 3810 strenue
2081 3754 2398 3809 commissas
2429 3754 2533 3806 sibi
2562 3768 2591 3805 a
2629 3751 2823 3806 Basilio
2852 3761 3030 3805 partes
3055 3766 3239 3821 agens.

1672 3848 1822 3903 llanc
1851 3863 2084 3916 namque
2108 3887 2123 3909 ,
2154 3857 2375 3916 prOpter
2412 3846 2669 3914 temporis
2714 3844 2989 3913 angustias
3010 3883 3025 3909 ,
3072 3846 3240 3897 ratio-

1672 3957 1791 3995 nem
1845 3940 2044 3993 inierat
2096 3937 2359 4004 Basilius,
2412 3948 2471 3992 ut
2520 3938 2633 4006 ipse
2688 3938 2903 4005 quidem
2947 3938 3045 3993 sibi
3091 3939 3240 3991 verlii

1669 4033 2123 4102 dispensationem
2156 4032 2494 4096 vindicaret;
2538 4028 2798 4100 Gregorio
2828 4040 3005 4085 autem
3028 4069 3047 4095 ,
3080 4046 3238 4099 quem

1668 4127 1739 4180 ob
1792 4126 2023 4179 nominis
2071 4124 2461 4180 obscuritatem
2511 4120 2630 4194 [Lsic
2677 4122 2909 4191 loquitur
2944 4123 3024 4176 vir
3058 4124 3241 4177 mode-

1668 4228 1783 4273 stus
1819 4217 1939 4289 (h)],
1994 4233 2152 4272 nemo
2197 4225 2340 4271 esset
2394 4224 2745 4269 accusaturus
2786 4224 2840 4267 et
2892 4214 2943 4267 in
2990 4214 3236 4268 exsilium

1668 4310 1937 4377 ejecturus
1964 4350 1979 4375 ,
2013 4308 2263 4377 loquendi
2301 4308 2603 4362 libertatem
2635 4308 3016 4362 committeret.
3066 4308 3239 4376 Atque

1670 4401 1739 4453 ita
1768 4442 1781 4463 ,
1819 4400 2024 4467 inquit,
2067 4398 2415 4467 Evangeliutn
2445 4407 2687 4452 nostrum
2722 4396 2936 4451 ﬁrmum
2967 4396 3237 4451 validum-

1595 4482 1641 4537 Ι)
1669 4508 1771 4560 que
1800 4500 1955 4554 erat,
1998 4490 2200 4543 auxilio
2249 4490 2527 4557 utriusque
2572 4489 2865 4541 sulfultum.
2915 4487 2989 4541 Ex
3031 4490 3114 4542 his
3158 4506 3238 4541 Ill-

1674 4583 1810 4636 tueri
1850 4582 1973 4635 licet.
2019 4590 2250 4649 quantos
2276 4579 2509 4641 labores,
2547 4596 2706 4648 quam
2733 4578 2964 4634 dillicilia
3000 4594 3062 4633 ac
3092 4579 3235 4649 peri-

1668 4673 1854 4727 eulosa
1899 4685 2061 4725 onera
2112 4670 2429 4724 sustinuerit
2462 4670 2784 4739 Gregorius,
2821 4686 2942 4723 cum
2979 4671 3235 4723 adversa-

1672 4766 1778 4817 rios
1818 4764 2063 4817 cominus
2110 4762 2332 4816 adortus
2381 4774 2679 4829 manusque
2729 4778 2848 4815 cum
2892 4761 2995 4814 illis
3045 4776 3235 4815 conse-

1669 4872 1813 4920 rens,
1844 4856 2023 4909 acrius
2053 4854 2265 4908 illorum
2294 4854 2345 4908 in
2379 4867 2437 4907 se
2467 4852 2647 4906 odium
2672 4853 2950 4907 excitavit.
2983 4852 3141 4907 Plura
3168 4852 3233 4907 de

1667 4951 1751 5005 his
1778 4950 1958 5005 dicere
1999 4962 2459 5019 supervacaneum
2491 4944 2686 5009 fuerit,
2725 4961 2845 4999 cum
2885 4946 3058 5000 nullus
3098 4962 3231 5015 pene

1664 5044 1733 5097 sit
1769 5042 2002 5113 scriptor
2033 5043 2301 5111 antiquus,
2329 5041 2417 5108 qui
2453 5041 2708 5109 prarclara
2742 5040 2852 5093 harc
2882 5037 3064 5092 Basilii
3112 5052 3231 5091 cer-

1666 5139 1863 5192 tamina
1888 5176 1903 5203 ,
1940 5137 2317 5207 egregiamque
2349 5135 2446 5203 ipsi
2481 5150 2511 5188 a
2541 5134 2804 5205 Gregorio
2839 5134 3137 5203 praestitam
3174 5134 3227 5186 iu

1662 5231 1745 5286 his
1772 5229 2160 5285 certaminibus
2194 5244 2438 5298 operam,
2470 5242 2576 5281 non
2605 5228 2815 5298 longius
2845 5236 3225 5297 prosequatur.

1667 5323 1861 5376 Verum
1898 5319 2148 5373 lectorem
2183 5320 2442 5373 munitutn
2478 5318 2745 5383 volumus,
2787 5318 3134 5383 recentiores,
3175 5318 3225 5370 in

1737 5546 1804 5618 (e)
1832 5548 1992 5618 nam,
2031 5565 2081 5601 ιι.
2114 5548 2197 5600 t7.

1734 5621 1799 5686 (θ’)
1829 5617 1924 5684 Ερο
1960 5622 2015 5673 4-

1728 5692 1800 5755 (9)
1831 5688 1925 5742 0r.
1949 5689 2037 5751 45,
2067 5706 2117 5741 It.
2148 5690 2214 5743 -48
2256 5700 2308 5743 ct
2343 5707 2457 5759 seq.

1725 5760 1801 5829 (It)
1844 5759 1997 5822 lbitl.,
2032 5777 2084 5812 tt.
2118 5760 2202 5811 A57.
