3824 6394
544 345 646 400 195

1839 336 1992 390 γιΤΑ
2037 338 2091 390 s.
2135 335 2478 390 CREGUIHI.
3667 346 3750 400 ωδ

545 461 878 529 disponenda
919 459 1108 512 harum
1157 471 1335 510 rerum
1386 457 1564 520 serie,
1599 472 1984 524 nonnunquam
2015 458 2109 511 ah—
2139 465 2185 516 Α
2216 455 2393 508 XCVI.
2447 457 2669 521 Operam
2709 473 2857 509 suam
2887 459 3034 524 o/fert
3075 458 3275 512 Basilio
3314 461 3565 513 adversus
3596 460 3754 515 Ambi-

543 566 753 606 errare.
783 549 860 603 Ne
881 548 1256 602 Tillemontius
1283 548 1526 616 quidem,
1557 562 1665 615 quo
1693 563 1796 601 non
1835 547 1969 601 alter
1991 563 2113 601 cau-

545 631 656 693 tior
697 653 760 692 ac
805 637 1132 704 diligentior,
1176 637 1244 689 ab
1287 637 1434 690 omni
1483 652 1670 690 errore
1713 637 1968 691 iuununis
2007 646 2108 692 est.

549 731 725 786 Locus
763 729 981 798 quidam
1016 728 1256 796 Gregorii
1289 729 1459 784 nosui
1503 731 1686 783 minus
1720 740 1863 784 recte
1902 730 2110 783 intelle-

547 833 666 876 ctus
695 823 746 875 in
788 820 1052 873 maximas
1091 821 1368 889 angustias
1396 821 1570 874 virum
1616 822 1828 875 doctum
1863 821 2110 890 conjecit.

553 910 841 978 Postquam
875 906 1169 976 Gregorius
1203 909 1384 962 retulit
1412 909 1691 964 Valentem
1728 909 1914 964 Basilii
1943 912 2115 966 admi-

547 1000 755 1056 ratione
783 1000 1124 1069 perculsum,
1152 1001 1388 1055 vetuisse
1423 1017 1490 1055 ne
1520 1001 1600 1056 vis
1631 1002 1679 1056 ei
1715 1001 2027 1070 inferretur,
2061 1013 2117 1058 et

555 1093 681 1144 dum
714 1091 852 1144 dona
878 1088 1097 1144 offerret
1121 1091 1316 1144 mirum
1343 1092 1396 1144 in
1425 1090 1639 1146 modum
1669 1091 1946 1161 titubasse,
1974 1109 2117 1149 cum-

547 1198 652 1251 que
681 1198 866 1236 rursus
898 1183 950 1236 in
981 1182 1264 1236 ecclesiam
1297 1183 1567 1248 venisset,
1601 1185 1741 1238 intra
1777 1186 1951 1240 velum
1981 1187 2117 1241 divi-

548 1290 645 1329 nas
672 1272 856 1328 Basilii
883 1288 1044 1329 voces
1075 1274 1374 1338 audivisse;
1398 1287 1702 1343 postquam,
1735 1277 1977 1344 inquam,
2002 1279 2116 1333 [nec

549 1373 792 1419 narravit
816 1364 1133 1434 Gregorius,
1157 1368 1236 1419 sic
1266 1365 1610 1432 prosequitur
1641 1367 1715 1435 (α)
1750 1383 1762 1417 :
1795 1369 1941 1437 Αὐτὴ
1969 1368 2116 1437 γίνεο

546 1475 638 1511 ται
661 1461 759 1528 τῆς
780 1456 873 1509 τοῦ
898 1455 1160 1526 βασιλέως
1184 1456 1311 1526 περὶ
1336 1458 1484 1526 ἡμᾶς
1516 1456 1922 1528 φίλανορωπίας
1953 1461 2115 1530 ἀρχὴν

547 1551 642 1604 καὶ
673 1549 1004 1610 κατάστασις
1051 1547 1278 1618 πρώτη,
1319 1549 1475 1600 τοῦτο
1506 1549 1568 1601 τὸ
1620 1549 1812 1620 λῆμμα
1861 1552 1962 1621 τῆς
2001 1554 2117 1604 τότε

545 1639 856 1709 διοχλούσης
905 1639 1166 1710 ἐπηρείας
1207 1638 1268 1690 τὸ
1307 1638 1581 1705 πλεῖστον,
1626 1639 1815 1710 ὥσπερ
1846 1659 1896 1699 τι
1944 1642 2120 1713 ῥεῦμα

546 1731 791 1787 διέλυσεν
820 1751 833 1786 :
871 1749 890 1782 ι
923 1731 1034 1785 Hoc
1061 1731 1272 1785 exstitit
1314 1731 1671 1794 imperatoria:
1713 1747 1838 1802 erga
1883 1749 1981 1789 nos
2014 1735 2116 1788 hu—

2749 543 2887 580 mum
2920 529 3258 596 ’l'yanenscm.

2285 639 2381 691 llic
2405 638 2566 692 etiam
2599 640 2773 708 legere
2807 639 2986 693 licebit
3018 641 3229 709 egregie
3259 651 3488 694 tractata
3516 643 3572 694 in
3601 645 3753 711 capite

2214 733 2305 795 23,
2348 747 2678 800 qua-cunque
2725 741 2966 800 spectant
3001 741 3140 794 orta,
3181 744 3299 800 post
3323 730 3566 788 Valentis
3588 735 3756 788 disces-

2215 839 2354 887 sum,
2390 823 2530 876 iuter
2559 822 3077 877 sanctum'Basilinm
3106 833 3160 878 et
3185 823 3499 878 Anthimum
3544 824 3760 894 Tyaneu-

2215 927 2328 966 sem
2360 912 2670 981 episcopum
2702 911 2962 976 dissidia,
3009 929 3075 967 ex
3122 913 3388 968 divisione
3431 914 3758 982 Cappadocia:

2218 1004 2271 1056 in
2301 1004 2436 1057 duas
2481 1003 2821 1072 provincias;
2869 1013 2925 1057 et
2977 1018 3096 1070 qua:
3144 1005 3309 1074 gessit
3356 1004 3680 1074 Gregorius,
3716 1019 3760 1060 ut

2217 1095 2373 1149 amici
2406 1103 2594 1163 partes
2625 1103 2884 1166 tueretur,
2910 1102 2962 1147 et
2985 1093 3106 1162 jura
3129 1094 3438 1148 defenderet
3461 1106 3648 1148 contra
3675 1098 3759 1149 An-

2221 1185 2468 1242 thimmn.
2505 1184 2604 1239 Ubi
2638 1185 2868 1254 primum
2901 1185 3192 1254 Gregorius
3231 1186 3401 1240 audiit
3433 1185 3633 1240 Basilio
3675 1205 3760 1242 mo-

2218 1277 2403 1331 lestias
2437 1276 2702 1340 exhiberi,
2735 1291 2886 1330 suam
2912 1277 2960 1329 ei
2986 1287 3176 1344 sponte
3203 1291 3422 1346 operam
3448 1278 3647 1334 obtulit
3669 1281 3758 1351 (ὁ),

2218 1385 2381 1438 seque
2424 1368 2726 1423 Cznsaream
2771 1366 3041 1438 pollicitus
3088 1376 3166 1421 est
3213 1379 3492 1421 venturum
3519 1407 3536 1431 ,
3589 1379 3691 1422 tuin
3717 1383 3762 1424 ut

2220 1475 2342 1514 eum
2396 1459 2622 1514 consilio
2657 1458 2875 1528 juvaret
2900 1497 2914 1522 ,
2949 1466 3058 1511 tum
3096 1467 3154 1511 ut
3189 1457 3542 1512 contumelias
3568 1473 3684 1513 cum
3710 1474 3761 1514 eo

2221 1551 2536 1618 partiretur,
2563 1549 2810 1618 quamvis
2849 1565 2946 1618 pro
2975 1561 3124 1604 certo
3162 1549 3385 1604 haberet
3413 1549 3671 1605 Basilium
3695 1555 3761 1606 ni-

2223 1643 2291 1695 hil
2315 1658 2538 1713 prorsus
2565 1643 2836 1696 facturum
2861 1641 3003 1710 quod
3023 1641 3358 1711 philosophia
3384 1625 3759 1711 sit'mdignnm.

2221 1734 2348 1800 Qua:
2371 1733 2529 1787 verba
2558 1732 2691 1786 satis
2715 1730 3254 1799 indicantepistolam
3291 1732 3364 1787 al.
3405 1733 3496 1798 25,
3526 1734 3764 1804 scriptam
3805 1803 3810 1810 ἢ

554 1821 828 1875 inanitatis
859 1828 913 1874 et
952 1820 1253 1876 clementia:
1282 1820 1638 1889 principium;
1675 1821 1788 1875 hinc
1827 1825 1995 1891 prima
2027 1841 2114 1879 re-
2151 1807 2190 1858 Β
2223 1825 2387 1878 fuisse
2414 1823 2569 1893 hujus
2601 1822 2951 1878 dissensionis
2980 1837 3164 1887 causa,
3199 1823 3253 1876 in
3285 1839 3389 1892 qua
3426 1840 3537 1880 non
3581 1827 3647 1880 de
3681 1828 3764 1884 ﬁde

551 1929 667 1967 rum
713 1912 956 1977 sedatio,
1010 1912 1121 1966 hare
1166 1912 1381 1966 occasio
1415 1914 1705 1966 maximam
1738 1915 2116 1984 impressionis

548 2006 725 2068 illius,
757 2020 861 2074 qua
896 2014 1006 2057 tum
1055 2005 1414 2068 vexabantur,
1448 2017 1693 2072 partem,
1721 2022 1824 2059 non
1859 2021 2016 2061 secus
2052 2025 2114 2062 ac

544 2095 740 2148 ﬂuctus
771 2093 1032 2162 quosdam
1066 2132 1082 2155 ,
1122 2093 1280 2162 fregit
1321 2109 1385 2148 ac
1413 2092 1674 2150 dissolvit.
1715 2116 1734 2148 ι
1782 2097 1905 2152 llrec
1935 2100 2000 2151 ad
2028 2115 2114 2154 se-

543 2187 777 2239 cundum
813 2183 1050 2239 Valentis
1080 2185 1133 2238 in
1169 2187 1454 2240 ecclesiam
1484 2187 1784 2256 ingressum
1814 2191 1977 2244 refert
1998 2190 2108 2244 Til-

543 2274 854 2339 lemontius,
886 2274 1119 2342 indeque
1143 2275 1350 2344 colligit
1371 2277 1632 2332 Basilium
1659 2294 1722 2332 ac
1743 2294 1932 2333 omnes
1950 2282 2112 2334 etiam

542 2365 892 2434 Cappadociae
946 2365 1215 2420 Ecclesias
1261 2367 1469 2436 reliquo
1501 2369 1740 2423 Valentis
1778 2371 2116 2438 imperatoris

546 2469 821 2525 tempore,
870 2456 951 2511 vel
999 2459 1190 2512 saltem
1233 2459 1318 2511 diu
1370 2463 1505 2514 satis
1547 2471 1665 2530 post
1709 2461 1950 2517 Valentis
1992 2479 2111 2519 cum

547 2545 742 2601 Basilio
787 2547 1153 2616 colloquium,
1189 2564 1372 2616 pacein
1423 2552 1731 2608 retinuisse.
1770 2553 1962 2609 Verum
2008 2573 2112 2625 pax

547 2638 637 2690 Sila
673 2653 1016 2716 nequaquam
1043 2640 1320 2694 conciliari
1353 2653 1528 2711 potest
1553 2660 1674 2699 cum
1709 2649 2110 2715 persecutione,

547 2747 710 2797 quam
746 2741 866 2799 post
911 2733 1207 2786 secundum
1242 2733 1478 2790 Valentis
1505 2736 1556 2788 in
1585 2739 1869 2792 ecclesiam
1906 2741 2113 2812 ingres-

547 2841 663 2876 sum
701 2835 1047 2878 consecutam
1085 2840 1206 2880 esse
1237 2838 1424 2880 auctor
1457 2839 1542 2883 est
1575 2828 1887 2899 Gregorius.
1924 2833 2113 2905 Conje-

545 2916 713 2969 eturis
744 2913 1122 2995 Tillemontius
1158 2919 1298 2972 hanc
1337 2917 1703 2973 difﬁcultatem
1741 2921 1948 2976 solvere
1989 2925 2113 2978 niti-

547 3017 653 3060 tur.
689 3005 795 3060 Sed
822 3006 949 3076 quid
979 3005 1306 3074 conjectnris
1349 3024 1482 3077 Opus
1513 3020 1630 3076 est,
1661 3026 1783 3066 cum
1816 3029 1902 3068 res
1932 3031 2028 3084 per
2054 3032 2113 3072 se

545 3096 702 3164 plana
732 3097 796 3150 sit
834 3105 888 3150 et
913 3097 1202 3165 expedita?
1255 3097 1377 3152 Haec
1421 3100 1564 3153 enim
1610 3102 1774 3157 verba
1818 3103 2108 3174 Gregorii:

549 3205 569 3237 ι
601 3185 714 3241 lloc
741 3187 840 3240 fuit
863 3189 1207 3258 imperatoris
1231 3205 1358 3260 erga
1381 3206 1477 3245 nos
1501 3192 1850 3248 humanitatis
1876 3196 2108 3262 initium,
2137 3163 2180 3220 ε

543 3277 659 3331 haec
685 3279 856 3348 prima
884 3295 1065 3333 rerum
1099 3280 1343 3346 sedatio,
1377 3301 1394 3332 ι
1439 3299 1542 3337 non
1576 3285 1641 3338 ad
1681 3283 1924 3342 Valentis
1969 3287 2110 3342 intra

545 3368 722 3422 velum
750 3384 872 3423 cum
898 3368 1096 3425 Basilio
1127 3370 1453 3440 colloquium
1481 3413 1496 3438 ,
1538 3375 1631 3428 sed
1661 3375 1724 3427 ad
1759 3375 1904 3429 illam
1931 3377 2111 3432 Basilii

542 3458 760 3511 virtutis
787 3459 1224 3524 admirationem,
1264 3475 1369 3529 qua
1398 3462 1680 3531 perculsus
1716 3463 1908 3521 Valens
1947 3470 2114 3522 vetuit

540 3551 588 3603 ei
626 3550 735 3602 vim
765 3548 969 3614 afferri,
997 3550 1277 3606 referenda
1301 3563 1462 3607 sunt:
1495 3555 1635 3623 quod
1667 3557 1884 3624 quidem
1909 3575 1976 3613 ex
2002 3568 2110 3613 tota

543 3657 722 3696 rerum
755 3642 898 3696 serie
931 3652 1098 3711 patet.
1133 3643 1344 3697 Etenim
1371 3644 1661 3715 Gregorius
1698 3649 1774 3700 ait
1806 3648 2110 3716 Valentem,

542 3733 741 3786 auditis
764 3747 884 3800 quae
911 3743 1152 3802 gesserat
1173 3732 1428 3800 Basilius,
1450 3736 1504 3789 in
1536 3747 1740 3792 tantam
1769 3741 1913 3794 illius
1945 3743 2112 3795 virtu-

548 3825 615 3878 tis
643 3824 1056 3879 admirationem
1090 3826 1321 3890 venisse,
1353 3838 1410 3880 ut
1438 3828 1543 3881 vim
1574 3829 1622 3882 ei
1650 3831 1836 3885 inferri
1861 3835 2108 3897 vetuerit,

541 3913 701 3982 eique
735 3912 1103 3967 satisfaciendi
1137 3928 1300 3968 causa
1340 3914 1393 3968 in
1437 3919 1722 3972 ecclesiam
1748 3923 1985 3989 venerit,
2021 3926 2109 3980 ubi

542 4005 610 4055 ad
638 4002 812 4056 solum
845 4001 1032 4057 Basilii
1067 4013 1415 4074 conspectuin
1457 4010 1804 4074 contremuit,
1838 4026 1901 4066 ac
1927 4021 2110 4081 postea

543 4095 758 4149 rediens
791 4093 1006 4162 longum
1033 4093 1247 4148 videndi
1279 4093 1536 4150 Basilium
1573 4099 1896 4154 desiderium
1931 4104 2112 4172 exple-

547 4184 638 4236 vit.
673 4184 824 4248 Quod
850 4198 978 4251 ergo
1003 4183 1185 4237 statim
1213 4185 1361 4238 addit
1388 4184 1700 4256 Gregorius,
1728 4191 1865 4245 hanc
1881 4193 2108 4261 primam

551 4275 723 4327 fuisse
753 4273 1090 4341 tempestatis
1122 4274 1478 4341 sedationem,
1507 4276 1698 4331 referri
1730 4279 1886 4333 debet
1915 4283 1980 4335 ad
1999 4283 2110 4350 jus-

544 4381 663 4418 sum
690 4362 955 4428 Valentis,
981 4364 1072 4432 qui
1102 4365 1327 4420 miratus
1355 4382 1618 4421 summam
1651 4370 1828 4424 Basilii
1857 4382 2110 4429 constan-

2222 1927 2314 1968 aut
2345 1916 2587 1969 doctrina
2616 1913 2896 1984 agebatur,
2926 1914 3018 1968 sed
3048 1915 3115 1969 de
3139 1916 3312 1970 reditu
3338 1925 3392 1970 et
3422 1918 3575 1972 sedis
3605 1921 3766 1989 ampli-

2223 2005 2424 2060 tudine.
2485 2006 2810 2061 Divisionem
2860 2006 3073 2061 civilem
3120 2007 3502 2080 Cappadociae,
3544 2027 3665 2081 qua:
3690 2018 3768 2069 sub

2224 2097 2434 2149 initium
2475 2096 2667 2151 hien‘iis
2699 2097 2824 2149 anni
2858 2095 2964 2150 572
3005 2096 3253 2153 instituta
3296 2099 3429 2166 fuit,
3459 2117 3577 2156 non
3615 2107 3767 2158 statim

2221 2198 2401 2241 secuta
2432 2198 2512 2242 est
2547 2188 2926 2243 ecclesiastica:
2959 2190 3252 2258 provincia:
3277 2191 3468 2247 divisio
3489 2239 3504 2261 ,
3545 2211 3665 2264 quze
3687 2215 3768 2252 non

2223 2281 2320 2334 nisi
2351 2291 2469 2347 post
2492 2279 2729 2334 Valentis
2754 2280 3072 2344 discessum,
3096 2282 3243 2338 circa
3265 2298 3502 2339 mensem
3530 2286 3764 2342 Martium

2226 2373 2380 2437 hujus
2413 2373 2560 2435 anui,
2587 2372 2798 2425 videtur
2819 2372 3129 2442 contigisse.
3161 2373 3296 2427 Tum
3319 2389 3448 2431 vero
3474 2378 3773 2446 Anthimus,

2221 2464 2558 2532 Tyancnscm
2605 2464 2916 2532 civitatem,
2969 2481 3086 2534 qua:
3135 2467 3382 2520 secunda:
3433 2468 3773 2537 Cappadocia;

2222 2555 2530 2623 metropolis
2560 2556 2702 2608 facta
2738 2555 2933 2621 fuerat,
2970 2557 3154 2610 eodem
3183 2553 3304 2623 jure
3336 2557 3390 2611 in
3419 2559 3594 2613 rebus
3619 2563 3772 2615 cecle.

2220 2647 2450 2702 siasticis
2492 2662 2611 2702 esse
2665 2647 2860 2701 debere
2909 2648 3218 2712 contendit,
3257 2663 3456 2718 easque
3501 2656 3774 2719 partecias,

2219 2754 2337 2808 qua:
2365 2752 2517 2791 novae
2543 2738 2831 2805 provincia:
2855 2753 3026 2808 nuper
3054 2737 3319 2807 adjuncta:
3343 2739 3592 2806 fuerant,
3617 2744 3776 2811 utjazn

2219 2831 2320 2886 sibi
2369 2835 2658 2886 atlinenlcs
2704 2841 2759 2885 et
2799 2846 2825 2884 a
2860 2830 3056 2886 Basilio
3095 2831 3418 2896 distractas,
3451 2835 3775 2893 vindicavit.

2219 2931 2404 2976 contra
2429 2920 2665 2975 Basilius
2695 2921 2862 2975 veteri
2887 2923 3262 2977 consuetudini
3289 2963 3304 2988 ,
3339 2932 3501 2994 atque
3548 2927 3676 2981 huic
3716 2930 3780 2981 di-

2221 3013 2434 3077 visioni,
2463 3028 2580 3082 quae
2601 3012 2726 3067 olim
2749 3026 2780 3066 a
2807 3012 3058 3067 Patribus
3086 3011 3227 3067 facta
3257 3013 3448 3076 fuerat.
3468 3016 3776 3073 itiliznrchat.

2220 3098 2406 3153 Partes
2437 3099 2678 3152 Anthimi
2726 3100 3091 3167 sequebantur
3141 3099 3385 3170 plerique
3434 3101 3780 3172 Cappadocia:

2214 3189 2487 3258 episc0pi:
2527 3207 2544 3238 ‹
2577 3189 2712 3242 'l‘res
2741 3189 2955 3257 quidem
3001 3200 3156 3243 erant
3193 3203 3388 3257 cause,
3435 3191 3625 3260 inquit
3670 3193 3784 3248 Gre-

2214 3279 2394 3348 gorius
2441 3278 2554 3348 (c),
2603 3293 2701 3331 cur
2764 3276 2916 3331 multi
2973 3278 3138 3332 etiam
3182 3289 3306 3333 ante
3350 3295 3548 3348 parum
3606 3282 3706 3338 teni
3740 3296 3784 3338 α

2213 3369 2441 3424 candido
2475 3384 2602 3438 erga
2637 3384 2763 3423 eum
2799 3367 3106 3440 (Basiliam)
3133 3371 3312 3425 animo
3346 3383 3558 3427 essent.
3596 3373 3783 3440 Prima,

2213 3461 2355 3529 quod
2387 3461 2441 3514 in
2470 3459 2591 3514 fidei
2620 3459 2836 3531 negetio
2863 3475 2985 3514 cum
3012 3475 3078 3515 eo
3104 3462 3326 3516 minime
3354 3466 3784 3531 consentiebant,

2213 3552 2316 3606 nisi
2348 3563 2614 3621 quantum
2651 3553 2705 3606 id
2744 3553 2875 3622 ipsis
2896 3591 2911 3617 ,
2943 3564 3167 3623 cogente
3195 3553 3551 3612 multitudine
3573 3600 3590 3624 ,
3625 3576 3788 3614 neces-

2213 3643 2358 3697 sario
2388 3643 2694 3697 faciendum
2745 3653 2882 3697 erat.
2917 3643 3134 3708 Altera,
3168 3646 3312 3713 quod
3345 3646 3597 3702 dolorem
3632 3667 3695 3703 ex
3728 3654 3787 3718 ip-

2213 3735 2326 3787 sius
2347 3733 2609 3789 elcctione
2631 3744 2948 3804 conceptum
2979 3737 3214 3790 nondum
3241 3738 3462 3791 omnino
3490 3754 3566 3792 ex
3602 3742 3787 3793 animis

2212 3829 2502 3895 ejecerant.
2532 3829 2812 3888 Postrema
2833 3869 2850 3896 ,
2883 3830 3026 3898 quod
3059 3845 3118 3884 se
3149 3831 3306 3901 longe
3336 3833 3686 3902 multumque
3727 3836 3784 3888 ab

2213 3936 2277 3973 eo
2317 3920 2487 3989 gloria
2533 3921 2777 3990 superari
2826 3921 3180 3978 acerbissime
3208 3920 3443 3989 ferrent;
3490 3929 3718 3981 tametsi
3745 3930 3787 3979 id

2211 4013 2455 4067 confiteri
2485 4013 2854 4081 turpissimum
2881 4023 3116 4069 esset....
3164 4014 3244 4067 Ex
3292 4017 3396 4071 hac
3441 4021 3788 4074 contentione

2213 4104 2474 4173 permulta
2501 4106 2644 4160 mala
2674 4107 2869 4175 partim
2910 4107 3020 4177 jam
3064 4108 3418 4176 accidebant,
3454 4115 3666 4179 partim
3702 4115 3789 4166 in;-

2213 4196 2533 4264 pendebant.
2571 4197 3046 4252 Subtrahebautur
3091 4209 3385 4253 conventus
3432 4216 3461 4252 a
3503 4219 3654 4256 novo
3697 4221 3789 4258 ine-

2213 4291 2481 4360 tropolita.
2507 4302 2797 4361 proventus
2825 4293 3238 4362 diripiebantur,
3271 4312 3289 4343 ι
3321 4302 3426 4348 etc.

2212 4401 2415 4458 XCVII.
2455 4402 2739 4474 Gregorius
2765 4403 3059 4458 Caesaream
3100 4406 3268 4459 venit.
3297 4404 3508 4459 Basilio
3549 4411 3702 4461 addit
3745 4429 3786 4460 ες

542 4457 674 4510 tiam
702 4456 756 4509 in
781 4457 1079 4510 certamine
1119 4461 1376 4512 adversus
1412 4459 1720 4526 pra-fectum
1746 4505 1759 4527 ,
1792 4478 1910 4530 qua:
1952 4466 2048 4534 ipsi
2077 4483 2106 4520 a
2141 4502 2182 4555 υ
2276 4456 2503 4555 sociam,
2535 4456 3036 4544 έῖίξιιίιέὲεὶῑριέσὶιέέ
3057 4456 3216 4544 prope
3238 4473 3449 4530 Sasima
3473 4494 3675 4532 contra
3700 4482 3790 4533 An-

545 4548 805 4615 przefecto
837 4560 1052 4602 narrata
1093 4551 1287 4613 fuerat,
1315 4565 1381 4604 ne
1404 4551 1484 4604 vis
1507 4551 1576 4603 illi
1604 4552 1892 4608 inferretur
1913 4559 2105 4624 vetuit,

546 4650 709 4708 atque
737 4640 789 4693 iu
819 4639 1104 4694 ecclesiam
1130 4655 1188 4694 se
1214 4641 1465 4696 conferre
1490 4651 1685 4697 etcum
1721 4646 1840 4713 ipso
1870 4647 2104 4717 colloqui

541 4732 751 4785 statuit.
783 4731 1049 4786 Praeterea
1072 4731 1212 4785 idem
1238 4733 1465 4801 probant
1487 4733 1601 4789 haec
1635 4739 1793 4790 verba
1819 4720 2063 4808 Gregorii
2089 4755 2104 4793 :

539 4824 633 4876 καὶ
661 4823 990 4886 κατάστασις
1023 4823 1236 4895 πρώτη,
1273 4845 1290 4875 ι
1322 4823 1435 4879 [ηερ
1467 4826 1639 4892 prima
1674 4831 1900 4895 sedatio,
1934 4849 1952 4880 ›
1989 4847 2107 4900 (ιιιῖε

537 4914 727 4970 Billius
763 4931 866 4970 non
909 4917 1161 4971 reddidit.
1192 4916 1411 4971 Certum
1445 4934 1676 4987 namque
1701 4931 1806 4986 est,
1842 4931 1968 4977 tunc
1997 4924 2104 4992 pri-

539 5023 686 5061 mum
709 5009 948 5061 sedatam
972 5008 1139 5062 fuisse
1162 5017 1554 5077 tempestatem,
1578 5027 1699 5065 cum
1721 5011 1915 5068 Valens
1940 5017 2108 5069 vetuit

538 5114 607 5152 ne
632 5099 713 5152 vis
742 5098 940 5153 Basilio
967 5098 1281 5169 inferretur,
1309 5104 1450 5172 quod
1474 5104 1717 5171 profecto
1744 5107 1908 5159 vetuit
1931 5107 2103 5176 prius-

538 5203 698 5256 quam
732 5189 783 5242 in
820 5190 1101 5246 ecclesiam
1146 5207 1203 5247 se
1241 5194 1533 5247 conferret.
1570 5193 1695 5249 Hinc
1727 5197 1996 5253 monuisse
2023 5210 2107 5256 sat

537 5291 640 5332 est.
671 5279 773 5346 Qui
805 5282 953 5352 plura
983 5284 1157 5350 volet,
1187 5283 1332 5354 legat
1371 5283 1543 5338 Vitam
1581 5286 1770 5342 Basilii
1806 5305 1956 5344 nova:
1977 5307 2102 5360 ope-

539 5386 656 5424 rum
687 5374 856 5427 sancti
887 5375 1122 5430 doctoris
1165 5377 1386 5432 editioni
1428 5381 1698 5448 prwﬁxam
1720 5423 1734 5450 ,
1774 5397 1893 5453 cap.
1923 5384 2014 5452 20,
2045 5403 2100 5457 p.

537 5461 668 5525 104,
708 5479 760 5514 ιι.
795 5466 846 5517 8.

607 5686 681 5745 (ai
723 5685 813 5740 Ot‘.
847 5688 930 5749 45,
967 5707 1017 5738 ιι.
1050 5690 1133 5744 55.

609 5759 681 5824 \b)
726 5758 817 5824 Ep.
854 5761 919 5809 ul.
954 5759 1043 5812 ‘25.

2285 4545 2522 4598 thimum.

2284 4654 2379 4709 His
2412 4653 2642 4724 auditis',
2670 4656 2962 4725 Gregorius
2992 4656 3227 4712 debitum
3261 4657 3382 4712 huic
3410 4665 3660 4732 tempori
3688 4663 3791 4718 olli-

2213 4748 2354 4801 cium
2385 4765 2491 4802 non
2520 4749 2915 4818 przetermittit,
2951 4764 3211 4819 suamque
3245 4750 3497 4818 protinus
3521 4792 3540 4812 ,
3589 4766 3652 4809 ut
3692 4757 3793 4822 jam

2213 4841 2436 4906 dictum,
2465 4839 2664 4896 Basilio
2690 4855 2908 4910 operam
2935 4841 3252 4910 profitetur;
3285 4844 3425 4910 quod
3455 4846 3655 4900 amico
3681 4864 3793 4915 pcr-

2213 4941 2420 5000 gratum
2447 4931 2568 4985 fuit.
2599 4931 2708 4987 Nec
2734 4947 2906 4998 mora,
2939 4933 3169 4988 Basilius
3197 4947 3349 5004 rogat
3371 4933 3720 5006 Gregorium
3748 4953 3798 4992 ut
3822 4981 3824 4986 .

2211 5025 2534 5092 quantocius
2557 5023 2623 5078 ad
2654 5040 2712 5079 se
2746 5026 2958 5093 veniat;
3008 5028 3098 5096 qui
3144 5042 3264 5081 Cum
3301 5029 3595 5094 venisset,
3647 5034 3798 5082 and...

2211 5115 2367 5168 simul
2398 5116 2622 5184 profecti
2650 5126 2779 5171 sunt
2805 5119 2871 5172 ad
2909 5129 3146 5173 montem
3181 5117 3414 5172 Taurum
3441 5161 3456 5183 ,
3514 5125 3621 5176 ubi
3655 5125 3802 5178 locus

2209 5205 2426 5274 quidam
2451 5215 2589 5273 erat,
2613 5207 2729 5262 sive
2749 5207 2976 5261 ecclesia
3001 5214 3098 5263 sub
3119 5212 3288 5263 sancti
3311 5213 3527 5266 Orestis
3554 5217 3796 5275 nomine,

2210 5301 2350 5352 unde
2371 5314 2578 5353 annuos
2601 5300 2807 5355 reditus
2828 5301 3074 5369 capiebat
3097 5300 3443 5357 Cwsariensis
3466 5309 3794 5373 cpiSCOptts.

2210 5388 2345 5442 Dum
2395 5391 2675 5457 redirent,
2723 5392 3057 5459 Antbitnus,
3109 5409 3267 5463 quem
3308 5395 3534 5449 Tanrici
3588 5402 3796 5450 reditus

2212 5482 2444 5535 maxime
2476 5483 2526 5535 in
2562 5483 2798 5538 furorem
2826 5485 3071 5556 agebant,
3105 5487 3301 5556 quippe
3335 5501 3472 5555 quos
3510 5488 3575 5542 in
3619 5500 3801 5545 trans-

2285 5704 2352 5771 (ι’)
2395 5704 2482 5759 Οι·.
2523 5707 2598 5768 53,
2634 5726 2681 5760 ιι.
2717 5707 2781 5765 58
