3812 6514
61 385 134 438 I97

1251 358 1258 364 ’
1288 375 1448 432 νιτςι
1490 375 1547 430 s.
1588 374 1940 430 cnecoau.

3149 377 3250 431 198

57 504 108 555 itu
141 499 412 552 Casarcam
448 500 647 568 portari
683 501 866 569 iniquo
896 497 1077 552 animo
1129 495 1405 558 cernebat,
1440 509 1558 547 eum
1591 501 1637 554 Α
1669 509 1796 548 seno
1833 494 2045 560 habuit,
2077 494 2178 549 sibi
2206 494 2442 549 amicum
2473 494 2540 547 ab
2564 493 2738 548 amico
2769 495 2954 549 venire
2993 495 3151 560 dixit,
3181 499 3250 552 ab

57 586 314 652 praedatoria
375 602 536 640 manu
585 589 860 658 angustias
907 595 1166 654 occupat;
1231 584 1561 636 transeuntis

57 675 188 728 msilii
215 673 394 737 mulis,
428 676 518 743 qui
550 677 711 731 rebus
747 692 811 730 ex
841 675 1040 730 Sancto
1083 676 1270 728 Oreste
1299 672 1566 742 perceptis

56 777 184 820 musti
201 775 363 828 erant,
390 767 497 820 iter
522 766 853 830 intercludit,
875 782 940 818 ne
964 766 1102 818 ultra
1129 763 1562 834 progrediantur.

52 857 291 911 ‘IOtumissa
329 857 440 910 huic
487 873 659 926 pugna
705 871 870 926 prope
911 855 1141 909 Sasima.
1187 851 1319 908 Nam
1359 854 1563 923 Grego-

56 952 131 1002 rius
155 948 217 1018 (a)
244 963 342 1001 non
364 952 482 1002 sine
510 949 787 1003 stomacho
809 948 1024 1016 jocatnr
1049 948 1100 1000 in
1128 945 1564 1013 Basilium,quod

54 1041 388 1093 seSasimorum
404 1041 1190 1109 episcopumconstituisset,ut
1223 1054 1343 1091 cum
1372 1037 1567 1090 Anthi-

57 1148 112 1184 tttU
135 1130 300 1184 bellum
333 1143 578 1201 gereret,
607 1132 652 1186 si
686 1132 898 1200 quando
928 1132 972 1186 is
1003 1127 1187 1183 Basilii
1224 1129 1396 1182 mulos
1424 1128 1564 1181 arri-

54 1233 160 1289 peret
188 1224 448 1290 angustias
480 1232 672 1277 tenens
697 1267 710 1286 ,
761 1232 813 1274 et
861 1223 1008 1274 velut
1045 1221 1264 1274 Amalec
1313 1219 1562 1274 lsraelem

54 1329 264 1367 «verrens.
304 1312 497 1366 Datum
535 1329 594 1368 se
627 1315 788 1367 etiam
837 1314 1064 1367 Sasirnis
1108 1313 1183 1365 ait
1227 1313 1279 1364 in
1324 1310 1564 1364 carmine

56 1406 104 1458 De
137 1408 220 1458 rita
258 1423 370 1469 sua,
419 1407 550 1475 quia
595 1406 844 1460 bellicam
889 1405 1256 1458 fortitudinem
1285 1405 1349 1456 ad
1381 1402 1561 1456 Basilii

55 1514 179 1551 causa:
200 1497 557 1552 defensiOnem
589 1501 901 1553 ostenderat
929 1515 941 1550 :
967 1499 1109 1566 quod
1135 1505 1453 1566 argumento
1478 1505 1563 1548 est

56 1605 136 1640 tum
161 1605 325 1658 pugna:
353 1604 519 1659 pr0pe
550 1589 760 1644 Sasima
795 1589 1128 1644 interfuisse.

57 1700 218 1756 XCVIII.
255 1699 537 1771 Gregorius
566 1701 897 1757 Sasimorum
925 1703 1194 1770 episcopus
1227 1709 1561 1754 consecratur

267 1770 553 1837 Nazianzi,
584 1789 687 1826 non
715 1772 990 1839 Gu'sarew,
1028 1788 1166 1826 anno
1198 1772 1322 1826 572.

100 1862 205 1914 Istud
235 1872 400 1916 tamen
429 1863 720 1918 dissidinm
745 1865 811 1917 ad
836 1864 1090 1919 Ecclesiae
1114 1863 1404 1917 utilitatem
1432 1877 1554 1917 con-
1589 1860 1630 1912 B

56 1956 165 2006 vcrlit
189 1953 398 2009 Basilius
434 1955 849 2026 multiplicando
863 1956 1248 2026 episcopatus:
1276 1973 1294 2006 ι
1315 1955 1391 2009 Ex
1413 1969 1519 2023 quo
1539 1995 1553 2019 ,

58 2047 174 2113 inquit
197 2045 476 2117 Gregorius
505 2047 608 2119 (b),
656 2059 766 2103 tres
795 2048 1228 2120 praeclarissimre
1271 2061 1358 2102 res
1399 2063 1556 2102 secu-

58 2147 224 2190 atsuut.
247 2136 372 2192 Nam
398 2148 454 2192 et
480 2139 794 2193 animarum
821 2154 950 2192 cura
975 2139 1147 2206 major
1171 2148 1418 2208 suscepta
1442 2147 1552 2201 est;

58 2242 91 2279 et
125 2229 337 2296 quzelibet
383 2233 588 2286 civitas
627 2241 918 2301 proventus
949 2246 1076 2286 suos
1111 2231 1332 2296 habuit;
1363 2239 1416 2284 et
1444 2229 1558 2284 hel-

59 2321 129 2374 lunt
155 2323 234 2378 hac
275 2326 486 2380 ratione
522 2339 896 2395 compressum
937 2335 991 2380 et
1030 2325 1352 2379 exstinctum
1389 2335 1491 2378 est.
1530 2343 1549 2376 ›

59 2411 197 2466 Ilarurn
223 2415 267 2468 in
293 2432 523 2472 numero
552 2417 759 2472 sedium
790 2415 1200 2486 episcopalium,
1225 2429 1362 2484 quas
1383 2415 1556 2470 erexit

60 2500 237 2570 Basilius,
264 2507 404 2564 fuere
439 2507 685 2574 Sasima,
717 2508 970 2578 ignobilis
1005 2507 1221 2576 quidem
1253 2507 1428 2573 locus,
1465 2506 1555 2562 cui

59 2596 295 2669 Gregorium
345 2613 600 2660 nostrum
647 2601 922 2673 pratficere
968 2601 1277 2671 episcopum
1327 2601 1550 2665 statuit;

59 2706 220 2762 eumque
252 2695 607 2751 reluctantem
632 2735 669 2768 η
687 2703 850 2764 atque
877 2692 1186 2763 episcopale
1215 2707 1352 2747 onus
1385 2693 1554 2746 refor-

60 2787 274 2842 uidantetu
303 2803 359 2843 ac
383 2803 619 2859 prorsus
644 2787 939 2858 fugientem
964 2787 1178 2852 cedere,
1203 2795 1280 2850 et,
1304 2786 1350 2840 si
1374 2786 1553 2842 minus

61 2877 245 2946 animum,
267 2880 450 2936 saltem
483 2889 656 2950 caput
681 2878 1012 2934 ordinationi
1042 2876 1380 2940 submittere,
1403 2877 1554 2947 adja-

63 2982 163 3025 nnte
184 2970 401 3044 Gregorii
429 2983 593 3042 patre
613 3013 628 3039 ,
664 2971 944 3041 compulit.
982 2970 1108 3026 Haec
1138 2969 1407 3025 ordinatio
1445 2985 1551 3024 non

60 3058 260 3131 Caesareae,
286 3075 339 3119 ut
362 3066 476 3120 vult
509 3065 864 3121 doctissimus
899 3063 1298 3127 'l'illemontius,
1325 3063 1420 3117 sed
1448 3060 1552 3115 Na-

64 3154 180 3209 iianzi
199 3169 394 3226 peracta
415 3168 532 3224 est,
558 3167 617 3212 ut
637 3159 751 3226 ipse
773 3166 1002 3212 testatur
1022 3153 1318 3224 Gregorius
1342 3152 1436 3226 (ε),
1459 3154 1549 3223 qui

62 3247 240 3304 Basiliam
289 3253 497 3307 venisse
559 3249 887 3304 Nazianzum
943 3247 1226 3304 manifeste
1284 3248 1475 3302 asserit
1533 3221 1622 3301 εδ

65 3341 166 3394 iSed
187 3345 307 3397 venit
327 3346 389 3398 ad
416 3359 524 3398 nos
551 3344 850 3397 amicorum
875 3341 1226 3395 charissimus
1250 3339 1500 3402 Basilius,
1527 3358 1545 3391 ι

59 3443 128 3486 etc.
156 3435 266 3487 Ἀλλ’
289 3432 416 3508 ἧκεν
449 3439 590 3508 ἡμῖν
619 3434 724 3488 τῶν
753 3433 919 3504 φίλων
937 3432 1230 3502 ὀφίλτατος
1258 3429 1548 3492 Βασιλέως.

63 3521 150 3578 Tum
173 3541 359 3594 narrat,
387 3528 668 3600 quomodo
692 3566 708 3592 ,
744 3537 897 3596 patre
931 3524 1188 3579 Basilium
1225 3523 1513 3590 adiuvante
1534 3564 1548 3588 ,

64 3617 239 3685 deceptus
281 3621 452 3678 fuerit.
514 3618 782 3673 Praeterea
805 3658 820 3680 ,
854 3632 962 3686 quo
995 3616 1080 3670 die
1123 3613 1403 3668 ordinatus
1431 3623 1548 3676 est,

64 3711 277 3764 ontiouein
303 3728 478 3767 coram
520 3721 671 3782 patre
696 3721 752 3764 et
784 3708 985 3763 Basilio
1005 3706 1233 3776 aliisque
1259 3703 1547 3774 episcopis,

64 3803 119 3863 qui
138 3817 228 3855 eum
253 3806 667 3869 ordinaverant,
697 3802 908 3856 habuit.
949 3800 1080 3867 Quis
1123 3798 1308 3853 credat
1354 3796 1551 3866 Grego—

68 3892 154 3943 rium
198 3906 377 3960 patrettt
425 3895 588 3950 settio
627 3892 934 3947 confectum
982 3890 1282 3945 Caesaream
1336 3889 1552 3942 venisse

68 3979 169 4046 huius
193 3988 533 4043 ordinationis
571 4001 731 4040 causa
761 4001 776 4049 ;
805 3993 898 4039 aut
924 3984 968 4037 si
999 3983 1230 4045 venerit,
1258 3981 1310 4034 id
1335 3979 1549 4034 silentio

67 4082 458 4138 praetermissurum
487 4081 660 4135 fuisse
680 4077 1020 4148 Gregorium,
1046 4075 1138 4146 qui
1171 4073 1345 4129 simile
1375 4071 1551 4143 patris

68 4163 143 4231 Ῑιετι
161 4168 304 4226 Basilii
331 4190 490 4230 causa
533 4182 870 4243 susceptum,
899 4179 956 4224 ut
983 4183 1208 4223 summa:
1241 4166 1410 4220 animi
1443 4164 1548 4218 for-

69 4253 235 4310 titudinis
257 4258 303 4311 in
329 4259 486 4315 effeto
521 4273 748 4328 corpore
782 4257 1054 4326 specimen
1089 4249 1426 4308 admiratur?
1449 4251 1549 4305 Or-

67 4338 214 4399 dinatus
253 4360 327 4402 est
367 4348 666 4420 Gregorius
713 4345 1050 4400 Sasimorum
1106 4341 1389 4412 episcopus
1423 4349 1550 4393 ante

69 4426 224 4499 Pascha,
251 4441 377 4507 quod
403 4455 550 4494 anno
575 4436 681 4492 572
713 4436 899 4491 incidit
925 4436 977 4488 in
1007 4434 1149 4490 diem
1185 4447 1278 4484 vnt
1306 4429 1506 4500 Aprilis
1530 4445 1545 4482 :

67 4520 253 4586 SilIuideru
296 4543 513 4584 sanctus
563 4527 826 4582 Eusebius
878 4523 1310 4588 Samosatensis,
1353 4521 1548 4575 litteris

70 4617 173 4677 P3010
192 4631 290 4689 post
309 4623 511 4678 Pascha
538 4622 664 4677 anrti
691 4620 834 4674 illius
858 4619 1000 4672 datis
1029 4615 1380 4684 respondens,
1407 4614 1545 4666 hanc

71 4708 134 4761 sibi
158 4715 511 4774 ordinationem
541 4732 646 4772 non
676 4715 944 4786 placuisse
975 4713 1264 4783 significat.

1573 4587 1623 4646 D

71 4818 197 4881 XCIX.
230 4828 466 4886 lnoisilur
506 4852 536 4885 a
584 4829 838 4953 Gzegoiio
889 4827 1168 4898 Nysseno,
1215 4842 1367 4898 quem
1408 4826 1548 4879 misit

661 4903 887 4953 ’usrtus.

661 4903 887 4954 lusiltus.

113 4983 339 5058 Perpaucis
371 5006 488 5064 post
518 4991 916 5048 ordinationem
960 4990 1180 5052 diebus,
1225 4987 1543 5060 Gregorium

71 5087 240 5132 nostrum
265 5083 432 5139 invisit
459 5083 754 5153 Gregorius
776 5081 1081 5150 Nyssenus,
1114 5080 1184 5133 ah
1217 5083 1392 5133 amico
1428 5081 1547 5132 mis-
1578 5137 1592 5150 _

70 5179 216 5232 ευὲνυι
242 5178 592 5244 cognominem
622 5191 776 5229 suum
810 5159 1097 5228 solaretur.
1127 5171 1278 5226 llune
1311 5170 1543 5224 amicum

72 5271 148 5310 hac
173 5278 376 5320 sanctum
399 5269 687 5323 Eusebium
723 5269 1138 5322 Samosatenum
1169 5276 1261 5319 aut
1295 5276 1541 5318 sanctum

72 5348 262 5408 lleletiutn
287 5359 567 5415 arbitratur
597 5360 974 5415 Tillemontius
1003 5377 1016 5416 :
1055 5375 1240 5412 verum
1268 5360 1311 5411 is
1338 5359 1542 5412 amicus

73 5451 140 5528 rion
158 5447 264 5503 alius
305 5464 379 5506 est
423 5470 584 5525 quam
629 5455 740 5524 ipse
775 5453 1022 5507 Basilius.
1075 5453 1362 5520 Postquam
1397 5450 1539 5504 enim

72 5527 346 5602 tii’cgoriusin
379 5548 635 5601 orationis
663 5545 921 5607 exordio,
967 5561 1128 5614 quam
1175 5560 1358 5598 coram
1396 5542 1536 5614 Nys-

122 5698 261 5770 ﬂlOr.
292 5703 369 5770 45,
404 5724 455 5761 rt.
495 5710 581 5763 58.

118 5763 169 5830 tbi
200 5771 328 5839 lbid.,
359 5763 406 5832 ί..
436 5779 518 5834 59.

121 5853 167 5892 tu
199 5843 348 5900 Carm.
381 5852 447 5905 De
483 5854 578 5905 ritu
613 5869 732 5916 sua,
765 5867 810 5904 ι’.
843 5852 965 5906 569.

1669 584 2008 640 auditoribus
2045 586 2279 653 postulat
2325 602 2448 638 num
2503 601 2614 640 rem
2669 585 2869 640 clarius
2919 590 3114 656 exponi
3155 604 3251 641 ve-

1667 674 1787 740 lint,
1821 685 1873 730 et
1900 676 2082 730 statim
2116 675 2332 746 Moysen
2359 685 2413 730 et
2439 678 2618 730 Aaron
2653 677 2704 730 in
2741 678 2975 730 rnedittrn
3005 675 3252 745 profert;

1668 768 1840 836 iisque
1878 777 2129 837 peracute
2173 767 2312 822 inter
2357 783 2416 822 se
2449 769 2802 837 comparatis,
2836 769 3032 823 iterum
3067 782 3250 839 postu-

1667 858 1762 922 lat,
1793 875 1970 914 annon
2000 861 2281 929 perspicue
2303 861 2678 930 cognominem
2714 877 2892 926 suum,
2919 861 2971 916 id
2993 871 3075 915 est
3121 862 3248 916 Gre-

1667 951 1877 1020 gorium
1901 991 1914 1016 ,
1947 961 2001 1005 et
2031 952 2373 1018 unanimem,
2408 952 2460 1006 id
2490 962 2573 1006 est
2639 953 2894 1006 Basilium
2917 991 2943 1016 ,.
2969 953 3142 1006 oratio
3171 953 3248 1006 ef-

1669 1043 1928 1098 ﬁnxerit:
1971 1061 1989 1094 ι
2023 1043 2222 1098 Horum
2263 1044 2420 1107 alter,
2459 1044 2633 1113 inquit
2693 1045 2796 1114 (d),
2842 1060 2939 1098 nos
2995 1045 3165 1107 unxit,
3194 1055 3247 1099 et

1667 1137 1894 1192 latentes
1922 1139 1975 1191 iit
2001 1138 2235 1192 medium
2266 1139 2610 1208 produxit....
2643 1155 2746 1192 non
2779 1148 2836 1192 ut
2860 1139 3076 1208 dignum
3103 1149 3244 1204 erat,

1666 1245 1730 1283 eo
1761 1229 1955 1298 spiritu
1994 1229 2085 1298 qui
2119 1231 2172 1283 in
2200 1231 2315 1298 ipso
2347 1238 2520 1284 est....
2553 1230 2709 1284 Alter
2735 1231 2880 1284 venit
2910 1242 2965 1284 ut
2993 1246 3090 1285 nos
3113 1247 3245 1284 con-

1664 1320 1888 1383 soletur,
1915 1336 1978 1376 ac
1998 1322 2305 1385 confirmet,
2331 1322 2655 1392 spirituique
2679 1334 3037 1378 mansuescit.
3067 1344 3084 1374 ›
3108 1323 3242 1378 Cum

1665 1426 1792 1481 ergo
1824 1411 2022 1467 missus
2051 1413 2120 1466 sit
2154 1429 2183 1466 a
2218 1412 2418 1466 Basilio
2451 1412 2744 1482 Gregorius
2773 1413 3070 1484 Nyssenus,
3099 1417 3242 1483 quod

1665 1502 2012 1556 manifestum
2046 1513 2219 1557 estex
2258 1504 2457 1566 dictis,
2497 1504 2755 1558 advenire
2793 1519 2899 1557 non
2936 1505 3109 1572 potuit
3141 1520 3242 1571 po-

1664 1593 1853 1649 stridie
1876 1594 2267 1659 ordinationis,
2321 1604 2378 1648 ut
2425 1594 2657 1649 Baronio
2702 1595 2876 1649 visum
2921 1605 3033 1660 est,
3075 1605 3242 1663 atque

1664 1701 1946 1755 perperam
1994 1687 2190 1756 legitur
2234 1686 2372 1755 apud
2420 1685 2634 1740 Billium
2680 1685 2735 1739 in
2791 1685 3242 1756 interpretatione

1666 1779 1803 1831 tituli
1830 1779 2092 1832 orationis
2126 1778 2463 1832 undecimae:
2497 1789 2870 1834 verumtamen
2895 1778 3240 1848 paucioribus

1665 1881 1783 1939 pOst
1809 1871 2202 1924 ordinationem
2241 1870 2432 1925 diebus
2464 1871 2702 1925 advenit.
2744 1870 2799 1924 In
2831 1869 2934 1925 ista
2969 1872 3237 1932 oratione,

1666 1974 1722 2016 ut
1746 1963 1798 2016 in
1826 1977 1887 2017 ea
1916 1978 2074 2032 quam
2102 1972 2228 2016 ante
2262 1977 2445 2017 coram
2468 1961 2667 2016 Basilio
2692 1963 2978 2030 habuerat,
3005 1964 3112 2016 vim
3135 1965 3238 2016 sibi

1665 2055 1864 2109 illatam
1913 2056 2284 2126 conqueritur,
2336 2058 2431 2111 sed
2482 2068 2661 2111 tamen
2704 2057 3022 2126 obsequium
3083 2072 3237 2111 suum

1663 2149 1968 2218 profitetur.
2003 2147 2157 2202 Dolet
2185 2148 2327 2218 quod
2354 2147 2424 2218 Ν)
2437 2163 2629 2203 ssenus
2663 2148 2842 2203 serius
2875 2148 3102 2212 venerit,
3126 2149 3238 2202 vel-

1666 2243 1738 2294 uti
1770 2249 1889 2309 post
1917 2239 2124 2294 cladem
2157 2240 2454 2306 auxilium,
2486 2247 2608 2308 post
2636 2248 3008 2308 tempestatem
3040 2239 3237 2309 guber-

1665 2343 1840 2396 nator,
1875 2342 1994 2400 post
2036 2332 2344 2386 cicatricem
2394 2333 2663 2386 medicina
2697 2348 2711 2384 :
2748 2346 2933 2385 verum
2984 2346 3042 2385 se
3095 2347 3237 2384 nunc

1664 2425 1856 2477 cedere
1886 2434 1940 2478 et
1975 2424 2225 2478 ﬁduciam
2261 2426 2548 2492 concipere
2585 2423 2856 2487 declarat,
2897 2422 3039 2492 quod
3073 2438 3235 2490 argu—

1664 2525 1844 2568 mento
1873 2523 1954 2569 est
1985 2515 2125 2569 hanc
2154 2515 2393 2570 habitam
2425 2515 2730 2570 orationem
2763 2513 3078 2585 priusquam
3109 2515 3234 2584 fuga

1661 2604 1874 2671 elapsus
1909 2603 1962 2656 in
1999 2603 2344 2657 solitudinem
2376 2617 2432 2656 se
2466 2603 2773 2658 contulerit.

1661 2716 1719 2769 (Ι.
1783 2715 2020 2780 Querela:
2064 2715 2252 2768 Basilii
2287 2730 2469 2788 contra
2505 2713 2854 2784 Gregorium,
2906 2727 2955 2771 et
2997 2716 3237 2788 Gregorii

2197 2798 2380 2838 contra
2419 2786 2700 2840 Basiliam.

1733 2875 1828 2930 Vix
1860 2875 2143 2946 Nyssenus
2178 2876 2449 2929 Nazianzo
2483 2878 2832 2944 discesserat,
2861 2893 2985 2942 cum
3027 2877 3234 2946 Grego-

1661 2971 1774 3025 rius
1799 2972 2078 3039 deceptum
2116 2984 2173 3023 se
2203 2985 2325 3024 esse
2362 2970 2606 3024 sentiens
2627 3011 2641 3033 ,
2686 2971 2820 3036 l‘ugit
2846 2971 3078 3034 iterum,
3106 2969 3233 3022 soli-

1662 3063 1974 3132 tudinisque
2007 3062 2219 3117 deliciis
2250 3064 2567 3131 perfruitur.
2601 3064 2835 3117 Basilius
2865 3063 3093 3118 consilia
3135 3081 3234 3118 sua

1661 3153 2000 3220 conspiciens
2042 3152 2290 3222 Gregorii
2341 3151 2460 3222 fuga
2511 3154 2725 3221 penitus
2771 3169 3061 3218 corruere,
3109 3169 3232 3208 cum

1655 3259 1718 3296 eo
1752 3245 1992 3313 graviter
2025 3244 2408 3312 expostulavit.
2465 3248 2532 3298 At
2574 3245 2866 3316 Gregorius
2905 3246 3014 3312 jam
3064 3247 3231 3301 altum

1656 3349 1852 3408 gerens
1906 3335 2054 3390 cordi
2104 3336 2366 3390 inllictnm
2419 3337 2630 3398 vulnus.
2690 3354 2754 3392 ex
2805 3354 2911 3405 quo
2970 3355 3064 3407 per
3123 3341 3229 3392 vim

1655 3428 1935 3484 ordinatus
1969 3426 2142 3482 fuerat
2169 3442 2199 3480 a
2240 3427 2475 3493 Basilio,
2525 3445 2628 3482 non
2668 3431 2843 3482 minus
2884 3431 3084 3482 acriter
3150 3445 3230 3482 re-

1655 3520 1892 3589 spondit.
1925 3519 2062 3575 llinc
2097 3519 2198 3574 illm
2247 3519 2462 3586 litterae,
2513 3520 2652 3573 haud
2698 3522 2914 3589 quidem
2946 3521 3142 3588 jocosa:
3173 3532 3229 3575 ιιι

1655 3622 1840 3678 antea,
1869 3612 1961 3667 sed
1990 3613 2347 3668 stomachosa:
2383 3628 2446 3666 ac
2487 3614 2860 3678 vehementes,
2893 3614 3034 3667 ultro
3065 3617 3227 3670 citro-

1653 3721 1757 3775 que
1785 3706 1946 3772 datm,
1988 3705 2202 3775 quibus,
2239 3705 2366 3760 dum
2398 3720 2552 3759 suam
2582 3707 2814 3775 quisque
2854 3721 3072 3761 causam
3107 3716 3226 3761 tue-

1655 3809 1762 3865 tur,
1790 3815 1916 3854 suas
1948 3800 2110 3852 etiam
2139 3799 2340 3853 animis
2371 3798 2685 3853 cmlestibus
2709 3811 2829 3852 esse
2855 3799 2966 3854 iras
2999 3800 3225 3863 docent;

1653 3906 1772 3960 qua:
1812 3892 1856 3946 si
1903 3891 2113 3961 longius
2149 3891 2569 3960 processissent,
2622 3906 2726 3944 non
2773 3900 2880 3943 tam
2927 3892 3226 3960 perfectum

1651 3983 1972 4038 Christiana:
2003 3984 2253 4038 amicitiae
2295 3983 2571 4054 exemplar
2613 3983 2666 4036 in
2700 3983 2898 4038 Basilio
2933 3995 2987 4039 et
3024 3982 3225 4056 Grego-

1653 4068 1736 4124 rio
1766 4069 2111 4129 haberemus.

1649 4182 1734 4246 (ΙΙ,
1771 4181 1876 4236 Cll.
1923 4182 2170 4256 Queritur
2206 4182 2498 4256 Gregorius
2554 4188 2793 4256 fraudem
2853 4187 2953 4239 sibi
3006 4187 3222 4256 factam.

1997 4253 2038 4304 A
2073 4254 2310 4322 pluribus
2342 4254 2587 4324 culpatur
2615 4254 2873 4310 Basilius.

1723 4344 1970 4412 Acceptis
1998 4343 2181 4399 Basilii
2216 4345 2446 4410 litteris“,
2487 4348 2766 4416 rescripsit
2802 4359 2960 4418 atque
2987 4349 3072 4403 his
3105 4363 3223 4404 ver-

1649 4434 1734 4489 bis
1775 4449 2002 4490 exorsus
2038 4446 2121 4490 est
2149 4433 2442 4504 Gregorius
2473 4438 2584 4506 (e):
2621 4455 2639 4488 ι
2684 4439 2976 4494 [)esinesne
3007 4443 3222 4496 tandem

1651 4542 1748 4581 nos
1777 4525 2075 4582 maledictis
2097 4527 2403 4593 incessere,
2443 4538 2500 4582 ut
2523 4529 2752 4584 insulsos
2791 4547 2852 4585 ac
2885 4533 3132 4597 rusticos,
3168 4546 3221 4589 et

1649 4621 1716 4673 ab
1732 4619 1922 4674 amicis
1951 4619 2156 4689 inopes,
2185 4631 2237 4674 et
2257 4637 2324 4676 ne
2350 4623 2456 4674 vita
2488 4623 2701 4691 quidem
2729 4624 2939 4693 dignos,
2964 4627 3220 4694 quoniam

1647 4727 1732 4778 ea,
1768 4725 1888 4780 quia
1933 4712 2075 4780 passi
2112 4727 2318 4775 sumus,
2352 4713 2650 4782 intelligere
2675 4729 2739 4767 ac
2768 4718 3068 4783 persentire
3101 4720 3220 4771 ausi

1647 4816 1834 4858 sumus
1989 4801 2255 4856 Fraudem
2285 4805 2336 4856 in
2367 4819 2527 4872 quam
2557 4805 2760 4858 inducti
2797 4822 2983 4861 sumus
3003 4848 3018 4871 ,
3050 4810 3220 4864 serius

1646 4894 1864 4963 quidem
1896 4909 2058 4962 quam
2089 4895 2351 4964 oportuit,
2389 4898 2483 4950 sed
2527 4906 2707 4950 tamen
2737 4899 3029 4970 aliquando
3058 4916 3218 4969 agno-

1647 4989 1843 5042 vimus.
1903 4989 2081 5056 Atque
2145 4987 2302 5054 hujus
2372 4990 2446 5042 rei
2497 4989 2709 5057 culpam
2761 4991 2814 5044 in
2859 4991 3218 5061 episcopalem

1646 5082 1898 5134 thronum
1934 5079 2281 5145 conferimus,
2343 5092 2526 5150 utpote
2561 5082 2651 5152 qui
2681 5091 2748 5150 λιιι
2801 5096 3021 5152 repente
3057 5101 3217 5153 Supra

1646 5185 1742 5223 nos
1767 5171 2075 5224 erexerit...
2108 5169 2221 5225 Hoc
2254 5173 2518 5239 omnium,
2544 5190 2663 5242 qua:
2693 5176 2949 5244 patitnur,
2982 5177 3218 5230 maxime

1644 5261 1927 5314 ridiculum
1983 5273 2096 5326 est,
2148 5263 2229 5318 vel
2281 5265 2461 5332 potius
2505 5267 2905 5331 miserandum,
2967 5269 3218 5321 nimirum

1641 5353 1781 5421 quod
1819 5354 1976 5406 iidem
2023 5363 2076 5408 et
2122 5355 2315 5426 injuria
2347 5356 2674 5423 alliciuntur,
2714 5370 2770 5413 et
2812 5371 3160 5415 accusantur.
3196 5379 3216 5412 ι

1643 5444 2104 5514 Vituperationem
2142 5465 2246 5503 tton
2298 5450 2484 5519 eIl'ugit
2516 5450 2764 5514 Basilius,
2823 5455 2965 5521 quod
3015 5454 3192 5509 fidissi

1643 5557 1785 5591 tnutn
1818 5540 2047 5592 anticum
2090 5556 2152 5594 ac
2199 5542 2398 5610 Optime
2429 5543 2496 5597 de
2527 5559 2586 5597 se
2631 5545 2880 5598 meritum
2926 5547 2976 5598 in
3007 5546 3217 5614 cpisco-

1724 5710 1798 5774 (ιι)
1837 5707 1926 5758 Ur.
1961 5707 2045 5770 ll,
2081 5724 2131 5759 ιι.
2167 5709 2218 5762 3.

1726 5785 1792 5844 te)
1825 5778 1915 5846 Ep.
1955 5779 2022 5830 al.
2061 5780 2145 5832 3|.
