3812 6508
532 337 554 390 -l
567 336 633 391 9')

1825 327 1988 383 VITA
2027 326 2085 383 S.
2122 328 2475 383 GREGOBll.’
3718 329 3809 382 2-!

531 452 678 520 pales
710 461 865 503 curas
886 486 901 511 ,
936 452 1130 514 prmter
1166 442 1334 512 ipsius
1362 441 1711 504 voluntatem,
1745 440 2096 510 conjecisset:
2129 451 2171 501 Α
2204 442 2651 520 (Ill|.__(_.'m_gorius
2686 447 2749 496 de
2775 445 3055 498 solitudine
3087 455 3357 520 revocatus
3389 462 3421 498 a
3454 457 3638 520 patre,
3714 446 3812 497 Βι

531 550 585 595 et
640 543 781 609 quod
834 538 1011 591 minus
1061 534 1409 589 excusatione
1462 534 1681 603 dignum
1729 543 1867 599 erat,
1928 536 2101 587 virum

534 632 730 700 pietate
760 639 815 684 et
839 629 1140 697 eloquentia
1184 627 1450 696 insignem
1476 666 1491 688 ,
1526 625 1618 694 qui
1659 625 1916 681 EcClesia:
1946 641 2101 698 egre-

535 726 674 791 giam
736 722 866 775 dare
920 735 1137 790 operam
1190 726 1441 788 poterat,
1547 717 1601 771 in
1655 716 2102 772 obscurissimum

536 814 785 884 angulum
836 828 898 866 ac
958 812 1209 866 omnibus
1267 811 1389 865 vitae
1435 810 1736 864 commodis
1783 809 2100 863 destitutum

536 908 845 975 relegasset.
898 904 1238 975 Objiciebaut
1276 903 1365 957 alii
1417 903 1559 958 aliud
1596 903 1903 973 quidpiam,
1950 912 2107 972 prout

535 998 619 1051 vel
656 997 894 1051 moribus
944 995 1237 1063 comparati
1274 1004 1465 1061 erant,
1516 994 1600 1049 vel
1651 993 1895 1064 Gregorii
1949 1010 2105 1049 causa

539 1092 911 1145 irascebantur
941 1106 953 1140 :
994 1086 1408 1155 ibenignissimi
1446 1096 1624 1140 autem
1654 1105 1671 1137 ›
1705 1086 1907 1155 quique
1937 1084 2110 1155 negle-

538 1191 680 1234 ctum
710 1190 762 1233 et
793 1188 1157 1246 contemptum
1190 1192 1217 1228 a
1254 1175 1455 1229 Basilio
1489 1175 1655 1229 fuisse
1680 1175 2021 1241 Gregorium,
2057 1184 2111 1228 et

538 1284 824 1342 postquam
855 1272 1024 1341 ipsius
1054 1286 1217 1340 opera
1248 1286 1379 1324 usus
1404 1270 1599 1332 fuerat,
1626 1269 1792 1323 veluti
1830 1284 1923 1323 vas
1952 1270 2114 1337 quod.

539 1363 659 1415 dam
694 1362 923 1430 ignobile
962 1359 1277 1429 projectum.
1315 1358 1557 1412 Deelarat
1585 1356 1880 1424 Gregorius
1908 1357 1988 1427 (al
2048 1373 2108 1411 se

540 1469 685 1506 arma
714 1452 852 1506 ferre
885 1467 987 1505 non
1026 1466 1205 1521 posse,
1229 1460 1282 1503 et
1321 1467 1338 1499 ι
1372 1465 1466 1518 pt‘O
1492 1448 1814 1502 lactentibus
1845 1457 1896 1501 et
1923 1447 2108 1502 avibus
2142 1474 2145 1477 ι

542 1559 793 1614 tanquam
839 1560 937 1613 pro
984 1543 1271 1597 animabus
1316 1548 1371 1594 et
1399 1540 1722 1614 cauonibus
1755 1539 2057 1609 digladiari.
2086 1559 2104 1590 ι

540 1612 711 1709 Rogat
750 1648 807 1692 ιιι
842 1612 972 1706 ipse
1004 1654 1124 1691 cum
1156 1612 1418 1690 Authimi)
1449 1635 1646 1689 bellum
1688 1644 1858 1704 gerat,
1906 1648 1971 1687 ac
2010 1634 2110 1686 sibi

543 1732 783 1784 ()lllllllllll
826 1746 1007 1784 rerum
1038 1730 1158 1783 loco
1197 1730 1432 1798 quietem
1469 1728 1750 1781 concedat.
1781 1726 2005 1779 Demum
2032 1724 2114 1777 his

2310 515 2429 565 silio
2459 517 2708 580 instante,
2738 531 2910 567 coram
2932 528 3147 583 utroque
3170 516 3323 568 habet
3351 516 3668 569 orationem
3687 557 3706 568 .

2277 628 2317 681 E
2348 628 2659 695 solitudine,
2684 630 2735 681 in
2768 643 2926 695 quam
2951 644 3009 681 se
3037 637 3159 695 post
3190 628 3588 682 ordinatiOnem
3639 645 3812 682 recc

2206 730 2359 788 perat
2387 719 2702 788 Gregorius,
2754 721 2862 774 cito
2894 729 3162 775 retractus
3189 720 3511 787 estjubente
3540 729 3754 791 patre
3790 739 3812 775 (

2208 812 2441 866 instante
2470 812 2700 877 Basilio;
2742 822 3070 882 quapropter
3110 814 3162 865 in
3202 814 3446 867 Oratione
3488 814 3581 887 (ε),
3620 832 3803 884 qua:

2207 914 2329 972 post
2366 904 2592 957 reditum
2633 919 2814 959 coram
2843 914 3073 975 utroque
3100 905 3310 971 habuit,
3340 920 3406 961 eo
3433 908 3603 961 utitur
3640 922 3812 961 exo:

2208 997 2296 1048 dio
2338 1014 2349 1047 :
2387 994 2570 1049 «Nihil
2610 1006 2885 1052 senectute
2912 997 3123 1061 fortius,
3165 997 3300 1051 nihil
3340 999 3583 1052 amicitia
3634 1015 3812 1052 ινα-ηε

2212 1085 2447 1139 rabilius.
2480 1086 2560 1139 Ab
2588 1085 2673 1139 his
2701 1101 2799 1153 ego
2824 1086 2889 1139 ad
2920 1101 3014 1139 vos
3058 1087 3249 1140 ductus
3285 1101 3402 1140 sum
3432 1126 3447 1151 ,
3481 1086 3741 1142 vinctus
3782 1089 3812 1139 i:

2212 1174 2449 1241 Christo,
2500 1191 2603 1228 non
2632 1174 2825 1229 ferreis
2848 1175 3073 1243 catenis,
3102 1176 3194 1230 sed
3226 1176 3583 1231 tenacissimis
3616 1177 3812 1246 Spiri

2214 1276 2297 1320 tus
2342 1266 2568 1321 vinculis
2604 1268 2949 1321 constrictus.
2987 1285 3006 1319 ι
3063 1268 3321 1323 Alicunde
3368 1283 3426 1323 se
3463 1269 3683 1324 venire
3749 1270 3812 1321 hi

2212 1358 2391 1412 verbis
2425 1359 2663 1412 declarat
2696 1358 3027 1425 Gregorius;
3076 1360 3301 1429 proinde
3330 1362 3443 1415 inec
3472 1362 3671 1416 oratio
3708 1378 3812 1413 nm

2214 1450 2392 1502 statim
2419 1461 2541 1520 post
2572 1451 2988 1516 ordinationem,
3017 1461 3073 1504 ut
3101 1452 3275 1506 visum
3303 1462 3385 1506 est
3417 1452 3812 1506 Tilleniontio

2218 1541 2416 1605 habita,
2454 1541 2546 1594 sed
2580 1552 2703 1611 post
2744 1542 2976 1595 reditum
3010 1556 3072 1595 ex
3108 1540 3253 1612 fuga.
3307 1542 3505 1596 Deinde
3538 1544 3725 1595 addit
3766 1558 3812 1595 St

2216 1643 2371 1685 antea
2402 1632 2520 1687 aliis
2548 1634 2726 1687 omnia
2768 1634 3081 1702 reliquisse,
3123 1644 3179 1688 ut
3218 1649 3399 1689 secum
3439 1634 3812 1705 philosopha

2219 1734 2385 1789 retur,
2416 1733 2470 1778 et
2501 1723 2629 1779 Elia:
2655 1724 2962 1779 Carmelum
2994 1742 3057 1780 ac
3083 1724 3307 1781 Joannis
3335 1726 3616 1780 desertum
3653 1731 3804 1794 ccgi

540 1824 740 1887 verbis,
777 1840 896 1893 qua:
926 1822 1044 1893 eius
1081 1821 1318 1875 dolorem
1358 1819 1592 1873 maxime
1627 1818 1889 1881 indicant,
1920 1818 2113 1886 episto-
2145 1801 2185 1853 Β
2217 1824 2389 1879 tasse;
2428 1816 2571 1885 quod
2597 1816 2647 1871 ei
2692 1818 2869 1871 dicere
2905 1833 3008 1871 non
3046 1816 3199 1872 licuit
3238 1833 3343 1886 quo
3379 1818 3463 1873 die
3501 1820 3812 1872 ordinata:

543 1917 647 1969 lam
691 1916 935 1969 claudit:
975 1933 991 1965 ‹
1024 1913 1286 1980 Quocirca
1330 1920 1383 1964 tu
1438 1911 1653 1980 quidem
1704 1900 1938 1963 viriliter
1992 1923 2111 1977 age,

540 2017 593 2062 et
642 2008 972 2071 confortare,
1012 2006 1301 2073 omniaque
1348 2004 1413 2057 ad
1468 2012 1613 2057 tuam
1656 2002 1828 2072 ipsius
1865 2001 2113 2072 gloriam,

540 2099 990 2168 quemadmodum
1030 2097 1174 2149 fluvii
1212 2104 1511 2160 torrentes,
1548 2095 1738 2158 trahe;
1782 2108 1879 2146 nec
1928 2092 2117 2147 amici-

542 2193 691 2253 tiam,
748 2204 848 2244 nec
905 2189 1029 2241 vitae
1089 2188 1533 2241 consuetudinem
1586 2194 1640 2238 et
1694 2183 2115 2238 familiaritatem

544 2281 748 2333 virtute
781 2294 843 2333 ac
868 2279 1069 2350 pietate
1100 2279 1368 2347 ponerem
1401 2277 1625 2342 habens,
1656 2290 1756 2330 nec
1791 2290 1909 2343 qua:
1938 2289 2001 2327 ex
2029 2273 2118 2326 his

544 2370 701 2423 rebus
736 2370 1014 2423 hominum
1064 2370 1130 2423 de
1174 2378 1224 2421 te
1270 2368 1451 2436 opinio
1481 2365 1658 2418 futura
1689 2366 1782 2429 sit,
1826 2364 2117 2437 quidquam

543 2476 893 2525 curans,useu
922 2460 1013 2513 uni
1043 2460 1307 2512 duntaxat
1353 2469 1404 2511 te
1446 2455 1671 2524 Spiritui
1699 2457 1978 2513 addieens.
2010 2454 2120 2512 Nos

541 2567 674 2606 vero
712 2552 765 2605 id
814 2552 1080 2605 duntaxat
1130 2551 1262 2604 lucri
1295 2564 1358 2604 ex
1394 2550 1632 2604 amicitia
1687 2559 1773 2604 tua
1823 2552 2116 2621 capiemus,

545 2641 812 2696 utamicis
839 2642 1061 2710 posthac
1096 2641 1316 2695 minime
1348 2641 1597 2705 ﬁdamus,
1649 2654 1748 2695 nec
1798 2641 1909 2696 Deo
1958 2642 2118 2711 quid-

544 2750 706 2803 quam
744 2734 1115 2803 praeferamus.
1153 2752 1171 2785 ι
1236 2733 1385 2787 lland
1422 2735 1669 2803 equidem
1702 2734 2020 2788 crediderim
2057 2751 2120 2790 ea

549 2826 838 2896 ingessisse
866 2826 1117 2880 Basilium
1136 2826 1441 2892 maledicta,
1461 2843 1577 2895 qna:
1592 2826 1863 2896 prioribus
1883 2829 2123 2896 epistolae

547 2918 725 2971 verbis
763 2920 1144 2982 continentur;
1183 2920 1277 2973 sed
1308 2934 1370 2973 ea
1412 2936 1476 2973 ex
1512 2922 1626 2988 ejus
1665 2921 1825 2974 dictis
1856 2922 2115 2989 consequi

546 3005 841 3076 Gregorius
868 3023 977 3077 pra:
1014 3008 1180 3062 nimio
1221 3009 1407 3063 dolore
1440 3011 1793 3064 existimavit.
1850 3010 2121 3079 Seriptam

549 3100 690 3153 hanc
717 3100 1023 3169 epistolam,
1052 3104 1157 3155 non
1186 3109 1392 3154 tantum
1422 3112 1542 3171 post
1571 3103 1992 3167 ordinationem,
2023 3104 2118 3157 sed

548 3190 709 3244 etiam
739 3199 859 3260 post
895 3190 1076 3261 fugam
1108 3191 1233 3244 inde
1264 3198 1431 3259 patet,
1480 3193 1623 3261 quod
1648 3191 1943 3262 Gregorius
1973 3191 2122 3244 frau-

550 3283 671 3337 dem
707 3284 809 3337 sibi
851 3284 1048 3337 factam
1097 3297 1155 3337 se
1196 3283 1434 3337 sensisse
1482 3284 1646 3347 dicat,
1688 3294 1849 3352 atque
1885 3282 2123 3337 omnium

554 3390 733 3427 rerum
767 3375 885 3429 loco
912 3375 1147 3444 quietem
1184 3376 1285 3431 sibi
1317 3394 1344 3429 a
1376 3376 1577 3430 Basilio
1604 3376 1824 3429 concedi
1869 3374 2121 3443 postulet.

552 3464 668 3535 lpsa
702 3468 862 3521 etiam
896 3467 1209 3531 maledicta,
1261 3468 1459 3536 quibus
1512 3482 1570 3521 se
1613 3468 1838 3537 petitum
1874 3481 1902 3520 a
1930 3465 2126 3521 Basilio

553 3559 823 3625 queritur.
856 3574 977 3613 eum
1007 3558 1117 3627 jam
1154 3558 1357 3628 fugisse
1388 3557 1636 3627 probant.
1674 3558 1888 3626 Scripta
1914 3571 2127 3626 quoque

555 3650 607 3700 in
652 3664 866 3703 secessu
914 3648 1137 3718 epistola
1184 3648 1458 3703 tricesima
1503 3649 1738 3702 secunda
1783 3648 1878 3717 (ὁ)⁹
1925 3648 1978 3701 in
2020 3664 2125 3715 qua

557 3742 865 3807 indignatur
908 3740 1201 3809 Gregorius
1245 3755 1301 3793 se
1334 3740 1544 3794 inertia:
1585 3740 1831 3794 accusari
1870 3740 1992 3808 quia
2024 3738 2125 3791 Sa-

558 3836 699 3887 sima
740 3850 844 3885 non
882 3834 1264 3901 acccpit,-otio
1297 3844 1350 3886 et
1386 3834 1568 3905 quiete
1600 3833 1758 3887 unice
1804 3847 1864 3886 se
1908 3832 2126 3901 gloriari

557 3926 859 3995 profitetur.

633 4062 779 4115 Inter
809 4062 923 4115 haec
950 4060 1126 4129 jurgia
1154 4061 1410 4129 scriptam
1440 4060 1736 4114 arbitratur
1756 4060 2129 4117 Tillemontius

556 4153 842 4223 epistolam
884 4153 1135 4223 Gregorii
1171 4155 1237 4207 ad
1274 4153 1590 4206 Nicobulum
1638 4156 1744 4223 (c);
1797 4156 1891 4209 sed
1938 4156 2129 4211 imme-

561 4248 684 4300 rito.
707 4245 921 4299 Mittens
949 4244 1245 4315 Gregorius
1269 4243 1531 4311 Nicobulo
1563 4245 1768 4299 litteras
1797 4245 1977 4299 Basilii
2008 4261 2127 4300 eum

560 4340 698 4405 sais,
734 4337 818 4391 his
848 4350 969 4407 qua:
1005 4336 1192 4391 Basilii
1215 4346 1375 4391 erant
1406 4337 1585 4405 priore
1612 4336 1730 4391 loco
1762 4338 1969 4407 positis,
2003 4354 2131 4393 suas

559 4428 857 4497 subjunxit,
910 4441 1029 4482 sese
1071 4428 1291 4496 quidem
1338 4443 1462 4481 cum
1497 4426 1697 4481 Basilio
1746 4428 1946 4497 ubique
2000 4445 2130 4484 cnn-

554 4520 709 4591 jnngi
740 4520 941 4582 volens,
973 4520 1067 4573 sed
1092 4534 1214 4572 eum
1248 4520 1349 4574 sibi
1379 4529 1726 4589 anteponens.
1780 4520 1953 4574 Minus
1985 4523 2128 4577 vide-
2161 4501 2204 4553 D

563 4625 647 4665 tur
676 4612 1008 4667 intellexisse
1034 4610 1411 4666 Tillemontius
1448 4612 1524 4682 (d)
1562 4614 1675 4667 llch
1708 4613 1866 4665 verba
1902 4630 1914 4665 :
1948 4631 1966 4663 ‹
1996 4612 2128 4667 Cum

565 4702 822 4757 Basiliam
851 4701 1098 4774 Magnum
1134 4704 1264 4758 mihi
1298 4720 1512 4773 semper
1543 4704 1892 4774 praetulerim,
1921 4707 2127 4759 tametsi

560 4794 635 4847 illi
680 4795 1009 4849 contrarium
1054 4794 1297 4849 videatur
1344 4812 1357 4849 :
1393 4803 1502 4847 tum
1556 4810 1696 4847 nunc
1738 4807 1948 4862 quoque
1995 4808 2128 4861 prte-

561 4887 698 4953 fero,
725 4905 744 4938 ι
796 4896 924 4953 etc.,
954 4886 1007 4939 id
1034 4894 1151 4951 est,
1190 4886 1363 4954 inquit
1397 4884 1601 4951 Billius,
1642 4904 1659 4935 ‹
1686 4885 1900 4938 tametsi
1931 4883 2018 4938 ille
2045 4900 2130 4939 me

565 4981 668 5035 sibi
699 4977 985 5033 anteferat.
1014 4998 1032 5028 ι
1064 4978 1177 5030 Non
1211 4979 1352 5030 enim
1382 4978 1496 5031 haec
1520 4976 1680 5031 verba
1713 4975 1785 5029 ita
1816 4974 2123 5042 accipienda

561 5080 706 5135 sunt,
741 5069 893 5139 quasi
925 5068 1181 5122 Basiliam
1226 5068 1499 5122 existimet
1539 5066 1836 5136 Gregorius
1877 5066 1992 5134 plus
2026 5065 2126 5119 sibi

562 5162 799 5215 tribuere
826 5174 985 5229 quam
1019 5158 1141 5227 ipsi.

631 5356 677 5390 “
700 5356 842 5411 Psal.
890 5372 1081 5419 xum,
1108 5356 1159 5408 5.
1238 5354 1282 5385 ⁶⁶
1315 5354 1456 5408 Psal.
1490 5369 1676 5418 Lxxvt,
1709 5354 1761 5407 3.

634 5560 710 5632 (αι)
749 5561 922 5632 Epist.
953 5560 1023 5632 al.
1065 5560 1154 5615 ⁸51.

635 5631 709 5697 (υ)
742 5631 839 5697 Ep.
870 5631 937 5683 al.
966 5631 1055 5683 32.

634 5700 705 5771 (ε)
739 5702 833 5765 Ep.
856 5703 932 5771 _al.
964 5702 1018 5753 ἰ.

638 5769 712 5835 ((1)
760 5771 819 5822 In
849 5769 991 5833 3.1.5.,
1037 5790 1084 5839 p.
1122 5770 1239 5823 179.

2216 1906 2314 1958 fuit
2341 1905 2675 1963 Sasimorum
2711 1908 3018 1985 episqopus,
3050 1910 3092 1964 si
3129 1909 3343 1979 quidem
3394 1911 3535 1965 hanc
3558 1911 3812 1965 ordinm

2218 2000 2415 2054 tionem
2444 2015 2548 2055 non
2577 2000 2837 2067 solitudo,
2866 2003 2957 2055 sed
2983 2001 3261 2071 impensus
3288 2001 3601 2072 injuvando
3649 2015 3812 2071 patre

2218 2091 2501 2147 sacerdotii
2542 2092 2696 2147 labor
2735 2094 3054 2149 subsecutus
3101 2104 3206 2149 ett.
3252 2094 3521 2152 Prreterea
3569 2097 3812 2151 diserti.

2219 2183 2397 2237 verbis
2433 2184 2803 2248 solitudinem,
2848 2185 2899 2238 in
2933 2201 3092 2255 quam
3126 2201 3185 2241 se
3224 2196 3528 2257 receperat,
3568 2187 3812 2243 indicat

2219 2288 2339 2325 cum
2366 2273 2441 2327 ait
2472 2274 2547 2345 (f)
2578 2289 2660 2338 se,
2700 2293 2716 2324 ‹
2748 2291 2815 2330 ne
2844 2278 2927 2332 his
2957 2279 3173 2348 quidem
3202 2280 3286 2334 sui
3320 2278 3742 2333 amantissimis
3770 2296 3812 2332 at

2221 2364 2477 2421 fratribus
2526 2381 2807 2424 sermones
2863 2371 3140 2439 impertire
3192 2373 3555 2433 sustinuisse,
3628 2384 3702 2426 ut
3761 2373 3812 2425 al

2219 2458 2364 2511 omni
2430 2460 2645 2529 negotio
2709 2460 2936 2515 feriatus
3001 2477 3183 2515 secum
3247 2462 3812 2531 philosopharetur.:

2221 2547 2357 2614 Quid
2399 2550 2588 2617 plura?
2619 2550 2879 2604 Reeantat
2918 2549 2991 2619 (g)
3041 2552 3297 2621 quidquid
3342 2560 3462 2620 post
3499 2550 3801 2605 ordinatio

2222 2652 2342 2691 nem
2372 2654 2480 2707 prze
2508 2640 2691 2693 dolore
2721 2641 2772 2692 in
2804 2640 3059 2697 Basiliam
3094 2642 3332 2709 asperius
3360 2642 3613 2695 dixerat:
3651 2660 3673 2690 ‹
3703 2642 3805 2695 Jan

2221 2730 2361 2783 enim
2397 2731 2526 2783 iram
2554 2733 2770 2800 alijicio,
2804 2735 3024 2786 audiunt
3058 2736 3312 2788 mansueti
3342 2747 3385 2786 et
3427 2734 3694 2787 laetentur
3742 2736 3812 2799 "1

2225 2834 2548 2889 manumque
2601 2822 2760 2888 hanc,
2818 2839 2937 2891 qua:
2980 2824 3114 2877 mihi
3162 2825 3267 2879 vitii
3327 2824 3539 2888 attulit,
3596 2824 3812 2893 placitk

2226 2908 2370 2963 vultu
2403 2912 2705 2980 conspicio,
2741 2928 2804 2968 ac
2833 2913 3060 2983 Spiritui
3094 2916 3346 2981 arrideo,
3384 2916 3639 2984 mihique
3671 2934 3812 2971 com«

2226 3013 2426 3058 motum
2469 3014 2651 3074 pectus
2691 3006 2936 3070 sedatur,
2973 3008 3219 3078 reditque
3270 3009 3433 3075 ratio;
3467 3020 3648 3078 atque
3685 3012 3812 3065 anti-

2225 3097 2370 3161 citia,
2399 3097 2567 3151 instar
2598 3098 2824 3153 flamma:
2854 3101 3144 3169 cons0pitze
3173 3113 3226 3155 et
3263 3101 3577 3165 exstinctae,
3614 3118 3812 3157 rursus

2229 3203 2292 3241 ex
2321 3203 2491 3258 parvo
2536 3190 2775 3260 ignicnlo
2810 3192 3087 3247 reviviscit
3115 3202 3167 3247 et
3196 3196 3482 3248 excitatur.
3520 3194 3812 3249 Rcuuerat

2226 3278 2492 3334 consolari
2546 3280 2726 3335 anima
2767 3297 2906 3348 mea,
2957 3294 3009 3337 et
3050 3286 3321 3340 anxietate
3368 3286 3728 3343 afﬁciebatur
3770 3291 3809 3341 in

2226 3384 2312 3423 tne
2347 3369 2567 3437 spiritus
2606 3386 2754 3427 meus
2789 3373 2853 3427 “.
2905 3372 3045 3440 Dixi,
3095 3390 3366 3444 nunquam
3418 3376 3468 3432 in
3520 3388 3809 3444 posterum

2226 3461 2475 3515 amicitia:
2517 3464 2673 3517 fidem
2713 3464 2941 3519 habebo.
2968 3484 2986 3517 ι
3038 3464 3190 3519 Nulla
3229 3482 3359 3521 sane
3400 3478 3525 3520 ante
3576 3472 3809 3523 ordina-

2230 3554 2425 3605 tionem
2464 3555 2625 3624 jurgii
2674 3570 2831 3609 causa
2880 3557 3133 3611 Basilium
3170 3559 3310 3612 inter
3346 3568 3399 3612 et
3454 3558 3796 3630 Gregorium

2229 3646 2463 3709 exstitit;
2512 3647 2621 3699 sola
2674 3648 2943 3701 ordinatio
2998 3650 3145 3703 rixas
3184 3651 3350 3704 movit
3382 3667 3397 3708 :
3432 3651 3548 3705 haec
3602 3656 3805 3714 verba,

2229 3752 2347 3803 quae
2406 3735 2607 3789 fatetur
2659 3752 2715 3789 se
2760 3738 2960 3792 dixisse
2998 3738 3309 3809 Gregorius,
3362 3756 3698 3811 «nunquam
3764 3746 3810 3796 in

2232 3836 2501 3895 posterum
2536 3830 2786 3883 amicitiae
2810 3822 2966 3885 fidem
2996 3832 3223 3897 habebo,
3254 3851 3271 3883 ι
3318 3832 3570 3902 leguntur
3599 3838 3680 3889 ad
3708 3836 3810 3890 cal-

2233 3936 2347 3972 rem
2378 3920 2617 3989 epistola:
2642 3921 2926 3977 tricesima:
2957 3923 3166 3991 prima},
3198 3940 3356 3994 quam
3382 3934 3497 3995 post
3535 3926 3810 3991 abiectum

2233 4011 2476 4079 regendae
2537 4009 2874 4067 Sasimorum
2916 4013 3171 4068 Ecclesiae
3225 4015 3503 4069 consilium
3566 4019 3810 4085 scripsit.

2232 4104 2359 4167 Quae
2385 4103 2599 4171 quidem
2628 4104 2830 4173 omnia,
2862 4106 3163 4159 orationem
3190 4123 3332 4160 nunc
3361 4107 3631 4161 decimam
3672 4109 3793 4163 habi

2235 4204 2338 4243 tant
2370 4208 2473 4245 non
2516 4192 2683 4248 fuisse
2711 4205 2831 4262 post
2864 4197 3282 4261 ordinationem,
3323 4196 3414 4250 sed
3449 4206 3757 4266 postquam
3790 4216 3809 4251 e

2233 4284 2351 4353 fuga
2390 4286 2544 4338 rediit
2572 4285 2886 4357 Gregorius,
2924 4290 3202 4343 manifeste
3232 4291 3637 4343 demonstrant.

2233 4434 2363 4489 CIV.
2409 4436 2687 4505 Gregorius
2734 4441 2787 4491 in
2838 4440 3072 4491 oratione
3111 4458 3205 4492 sua
3248 4452 3499 4512 mutatum
3530 4458 3598 4495 se
3648 4446 3810 4512 proﬁ-

2303 4516 2474 4581 tetur._
2510 4512 2785 4561 Ant/timus
2814 4512 2865 4561 in
2896 4526 3018 4562 auds
3054 4521 3224 4577 partes
3251 4509 3562 4579 Gregorium
3604 4509 3809 4581 pettm-

2306 4580 2425 4630 Iwre
2448 4578 2645 4644 [rustra
2673 4592 2913 4632 conatur.

2306 4690 2361 4745 ln
2408 4706 2470 4745 ea
2510 4693 2752 4746 oratione
2794 4692 3059 4747 sinceram
3120 4694 3469 4748 mutationem
3518 4700 3810 4763 profitetur

2235 4784 2553 4853 Gregorius,
2594 4794 2815 4853 rataque
2845 4786 3024 4838 omnia
3060 4787 3242 4849 habet,
3272 4802 3331 4840 ac
3366 4786 3584 4841 tandem
3619 4788 3807 4843 Eccle-

2237 4881 2330 4931 siae
2352 4878 2451 4930 sibi
2470 4878 2766 4931 commissa:
2790 4877 3150 4945 gubernacula
3169 4892 3453 4944 capeseere
3482 4878 3531 4930 iu
3567 4882 3805 4933 animum

2234 4971 2447 5023 videtur
2475 4969 2775 5022 induxisse.
2803 4970 2990 5037 Itaque
3030 4969 3238 5023 Sasima
3270 4970 3347 5021 ire.
3379 4969 3694 5037 constituit,
3724 4974 3807 5024 sed

2236 5064 2543 5130 priusquam
2578 5064 2642 5115 ad
2678 5063 2778 5114 iter
2802 5077 2860 5116 se
2880 5062 3207 5131 accingeret,
3245 5062 3452 5124 Doaris,
3491 5068 3621 5129 dua:
3653 5080 3798 5117 nova:

2235 5154 2584 5222 Gappadocia:
2618 5154 2807 5207 civitas
2846 5164 2999 5222 erat,
3031 5153 3299 5209 Eulalium
3334 5156 3659 5225 episcopum
3711 5172 3804 5210 una

2307 5559 2375 5621 (ε)
2416 5554 2508 5608 Or.
2556 5555 2639 5618 10,
2684 5574 2735 5608 ιι.
2766 5554 2816 5609 1.

2307 5628 2383 5693 (ι’)
2426 5624 2555 5679 Ibid.

2307 5706 2377 5763 tg)
2420 5698 2571 5758 lbid.,
2609 5713 2659 5751 u.
2695 5698 2750 5751 2.
