  <div class='ocr_page' id='page_1' title='image "/cluster/home/n/w/nwhite01/storage/ocr_20150623/35/hvd.32044024473308/106.png"; bbox 0 0 1912 3197; ppageno 0'>
   <div class='ocr_carea' id='block_1_1' title="bbox 69 164 1009 202">
    <p class='ocr_par' dir='ltr' id='par_1_1' title="bbox 69 164 1009 202">
     <span class='ocr_line' id='line_1_1' title="bbox 69 164 1009 202; baseline -0.011 -1"><span class='ocrx_word' id='word_1_1' title='bbox 69 175 108 202; x_wconf 73' lang='lat' dir='ltr'><strong>2M</strong></span> <span class='ocrx_word' id='word_1_2' title='bbox 687 166 764 193; x_wconf 76' lang='lat' dir='ltr'><strong>VlTA</strong></span> <span class='ocrx_word' id='word_1_3' title='bbox 787 166 815 193; x_wconf 89' lang='lat' dir='ltr'><strong>S.</strong></span> <span class='ocrx_word' id='word_1_4' title='bbox 836 164 1009 192; x_wconf 73' lang='lat' dir='ltr'><strong>GREGURII.</strong></span> 
     </span>
    </p>
   </div>
   <div class='ocr_carea' id='block_1_2' title="bbox 1603 162 1657 190">
    <p class='ocr_par' dir='ltr' id='par_1_2' title="bbox 1603 162 1657 190">
     <span class='ocr_line' id='line_1_2' title="bbox 1603 162 1657 190; baseline 0 0"><span class='ocrx_word' id='word_1_5' title='bbox 1603 162 1657 190; x_wconf 66' lang='lat'><strong>233</strong></span> 
     </span>
    </p>
   </div>
   <div class='ocr_carea' id='block_1_3' title="bbox 63 220 1653 263">
    <p class='ocr_par' dir='ltr' id='par_1_3' title="bbox 63 220 1653 263">
     <span class='ocr_line' id='line_1_3' title="bbox 63 220 1653 263; baseline -0.006 -6"><span class='ocrx_word' id='word_1_6' title='bbox 63 240 111 260; x_wconf 80' lang='lat' dir='ltr'><strong>cum</strong></span> <span class='ocrx_word' id='word_1_7' title='bbox 128 228 247 263; x_wconf 75' lang='lat' dir='ltr'><strong>Gregorio</strong></span> <span class='ocrx_word' id='word_1_8' title='bbox 273 232 349 262; x_wconf 89' lang='lat' dir='ltr'><strong>patre</strong></span> <span class='ocrx_word' id='word_1_9' title='bbox 383 226 496 260; x_wconf 79' lang='lat' dir='ltr'><strong>aliisque</strong></span> <span class='ocrx_word' id='word_1_10' title='bbox 518 225 656 253; x_wconf 79' lang='lat' dir='ltr'><strong>nonnullis</strong></span> <span class='ocrx_word' id='word_1_11' title='bbox 683 224 816 259; x_wconf 82' lang='lat' dir='ltr'><strong>episcopis</strong></span> <span class='ocrx_word' id='word_1_12' title='bbox 832 224 855 252; x_wconf 78' lang='grc' dir='ltr'>Α</span> <span class='ocrx_word' id='word_1_13' title='bbox 870 228 943 258; x_wconf 84' lang='lat' dir='ltr'><strong>guut.</strong></span> <span class='ocrx_word' id='word_1_14' title='bbox 957 232 966 248; x_wconf 75' lang='grc' dir='ltr'><strong><em>ι</em></strong></span> <span class='ocrx_word' id='word_1_15' title='bbox 997 222 1098 249; x_wconf 65' lang='lat' dir='ltr'><strong>deinde</strong></span> <span class='ocrx_word' id='word_1_16' title='bbox 1120 221 1239 249; x_wconf 88' lang='lat' dir='ltr'><strong>breviter</strong></span> <span class='ocrx_word' id='word_1_17' title='bbox 1266 221 1373 256; x_wconf 73' lang='lat' dir='ltr'><strong>exponit</strong></span> <span class='ocrx_word' id='word_1_18' title='bbox 1401 220 1463 254; x_wconf 90' lang='lat' dir='ltr'><strong>quid</strong></span> <span class='ocrx_word' id='word_1_19' title='bbox 1485 220 1544 253; x_wconf 71' lang='lat' dir='ltr'><strong>eius</strong></span> <span class='ocrx_word' id='word_1_20' title='bbox 1572 228 1653 248; x_wconf 85' lang='lat' dir='ltr'><strong>causa</strong></span> 
     </span>
    </p>
   </div>
   <div class='ocr_carea' id='block_1_4' title="bbox 63 270 818 308">
    <p class='ocr_par' dir='ltr' id='par_1_4' title="bbox 63 270 818 308">
     <span class='ocr_line' id='line_1_4' title="bbox 63 270 818 308; baseline -0.011 -3"><span class='ocrx_word' id='word_1_21' title='bbox 63 276 182 307; x_wconf 77' lang='lat' dir='ltr'><strong>ordinavit,</strong></span> <span class='ocrx_word' id='word_1_22' title='bbox 195 278 302 308; x_wconf 83' lang='lat' dir='ltr'><strong>tumque</strong></span> <span class='ocrx_word' id='word_1_23' title='bbox 316 272 466 300; x_wconf 86' lang='lat' dir='ltr'><strong>orationem</strong></span> <span class='ocrx_word' id='word_1_24' title='bbox 481 272 574 299; x_wconf 89' lang='lat' dir='ltr'><strong>habttit</strong></span> <span class='ocrx_word' id='word_1_25' title='bbox 586 278 646 306; x_wconf 74' lang='lat' dir='ltr'><strong>qua:</strong></span> <span class='ocrx_word' id='word_1_26' title='bbox 656 277 726 298; x_wconf 90' lang='lat' dir='ltr'><strong>nunc</strong></span> <span class='ocrx_word' id='word_1_27' title='bbox 740 270 818 298; x_wconf 85' lang='lat' dir='ltr'><strong>tertia</strong></span> 
     </span>
    </p>
   </div>
   <div class='ocr_carea' id='block_1_5' title="bbox 62 315 819 352">
    <p class='ocr_par' dir='ltr' id='par_1_5' title="bbox 62 315 819 352">
     <span class='ocr_line' id='line_1_5' title="bbox 62 315 819 352; baseline -0.013 0"><span class='ocrx_word' id='word_1_28' title='bbox 62 323 144 352; x_wconf 82' lang='lat' dir='ltr'><strong>decima</strong></span> <span class='ocrx_word' id='word_1_29' title='bbox 157 325 203 347; x_wconf 88' lang='lat' dir='ltr'><strong>est.</strong></span> <span class='ocrx_word' id='word_1_30' title='bbox 220 315 282 346; x_wconf 68' lang='lat' dir='ltr'><strong>Haec</strong></span> <span class='ocrx_word' id='word_1_31' title='bbox 301 327 365 346; x_wconf 88' lang='lat' dir='ltr'><strong>vero</strong></span> <span class='ocrx_word' id='word_1_32' title='bbox 379 327 439 345; x_wconf 90' lang='lat' dir='ltr'><strong>eum</strong></span> <span class='ocrx_word' id='word_1_33' title='bbox 455 316 549 345; x_wconf 78' lang='lat' dir='ltr'><strong>tierent</strong></span> <span class='ocrx_word' id='word_1_34' title='bbox 568 317 680 345; x_wconf 86' lang='lat' dir='ltr'><strong>absente</strong></span> <span class='ocrx_word' id='word_1_35' title='bbox 700 324 732 344; x_wconf 88' lang='lat' dir='ltr'><strong>ac</strong></span> <span class='ocrx_word' id='word_1_36' title='bbox 749 317 819 343; x_wconf 76' lang='lat' dir='ltr'><strong>forte</strong></span> 
     </span>
    </p>
   </div>
   <div class='ocr_carea' id='block_1_6' title="bbox 61 363 818 401">
    <p class='ocr_par' dir='ltr' id='par_1_6' title="bbox 61 363 818 401">
     <span class='ocr_line' id='line_1_6' title="bbox 61 363 818 401; baseline -0.009 -5"><span class='ocrx_word' id='word_1_37' title='bbox 61 370 125 398; x_wconf 89' lang='lat' dir='ltr'><strong>etiam</strong></span> <span class='ocrx_word' id='word_1_38' title='bbox 142 367 273 401; x_wconf 73' lang='lat' dir='ltr'><strong>ignorante</strong></span> <span class='ocrx_word' id='word_1_39' title='bbox 288 365 397 397; x_wconf 79' lang='lat' dir='ltr'><strong>Basilio,</strong></span> <span class='ocrx_word' id='word_1_40' title='bbox 417 365 462 399; x_wconf 86' lang='lat' dir='ltr'><strong>qui</strong></span> <span class='ocrx_word' id='word_1_41' title='bbox 488 372 517 391; x_wconf 87' lang='lat' dir='ltr'><strong>se</strong></span> <span class='ocrx_word' id='word_1_42' title='bbox 537 371 585 398; x_wconf 86' lang='lat' dir='ltr'><strong>pro</strong></span> <span class='ocrx_word' id='word_1_43' title='bbox 601 363 818 398; x_wconf 80' lang='lat' dir='ltr'><strong>metropolita‘et</strong></span> 
     </span>
    </p>
   </div>
   <div class='ocr_carea' id='block_1_7' title="bbox 60 408 817 449">
    <p class='ocr_par' dir='ltr' id='par_1_7' title="bbox 60 408 817 449">
     <span class='ocr_line' id='line_1_7' title="bbox 60 408 817 449; baseline -0.011 -8"><span class='ocrx_word' id='word_1_44' title='bbox 60 415 129 449; x_wconf 85' lang='lat' dir='ltr'><strong>capite</strong></span> <span class='ocrx_word' id='word_1_45' title='bbox 152 412 287 445; x_wconf 88' lang='lat' dir='ltr'><strong>utriusque</strong></span> <span class='ocrx_word' id='word_1_46' title='bbox 312 410 488 445; x_wconf 68' lang='lat' dir='ltr'><strong>Cappadocia:</strong></span> <span class='ocrx_word' id='word_1_47' title='bbox 510 410 640 436; x_wconf 86' lang='lat' dir='ltr'><strong>adversus</strong></span> <span class='ocrx_word' id='word_1_48' title='bbox 659 408 817 435; x_wconf 83' lang='lat' dir='ltr'><strong>Anthimum</strong></span> 
     </span>
    </p>
   </div>
   <div class='ocr_carea' id='block_1_8' title="bbox 60 455 818 496">
    <p class='ocr_par' dir='ltr' id='par_1_8' title="bbox 60 455 818 496">
     <span class='ocr_line' id='line_1_8' title="bbox 60 455 818 496; baseline -0.009 -9"><span class='ocrx_word' id='word_1_49' title='bbox 60 460 157 496; x_wconf 75' lang='lat' dir='ltr'><strong>gerebat,</strong></span> <span class='ocrx_word' id='word_1_50' title='bbox 175 457 286 483; x_wconf 80' lang='lat' dir='ltr'><strong>necdum</strong></span> <span class='ocrx_word' id='word_1_51' title='bbox 312 457 388 483; x_wconf 79' lang='lat' dir='ltr'><strong>finita</strong></span> <span class='ocrx_word' id='word_1_52' title='bbox 407 461 479 483; x_wconf 89' lang='lat' dir='ltr'><strong>esset</strong></span> <span class='ocrx_word' id='word_1_53' title='bbox 497 455 698 486; x_wconf 83' lang='lat' dir='ltr'><strong>controversia,</strong></span> <span class='ocrx_word' id='word_1_54' title='bbox 722 462 818 481; x_wconf 86' lang='lat' dir='ltr'><strong>veren-</strong></span> 
     </span>
    </p>
   </div>
   <div class='ocr_carea' id='block_1_9' title="bbox 59 501 818 533">
    <p class='ocr_par' dir='ltr' id='par_1_9' title="bbox 59 501 818 533">
     <span class='ocr_line' id='line_1_9' title="bbox 59 501 818 533; baseline -0.011 0"><span class='ocrx_word' id='word_1_55' title='bbox 59 508 107 533; x_wconf 88' lang='lat' dir='ltr'><strong>dum</strong></span> <span class='ocrx_word' id='word_1_56' title='bbox 121 509 173 530; x_wconf 86' lang='lat' dir='ltr'><strong>erat</strong></span> <span class='ocrx_word' id='word_1_57' title='bbox 187 510 219 529; x_wconf 89' lang='lat' dir='ltr'><strong>ne</strong></span> <span class='ocrx_word' id='word_1_58' title='bbox 230 502 427 529; x_wconf 89' lang='lat' dir='ltr'><strong>ordiuatiouem</strong></span> <span class='ocrx_word' id='word_1_59' title='bbox 444 502 524 528; x_wconf 86' lang='lat' dir='ltr'><strong>istaut</strong></span> <span class='ocrx_word' id='word_1_60' title='bbox 550 502 623 528; x_wconf 88' lang='lat' dir='ltr'><strong>velut</strong></span> <span class='ocrx_word' id='word_1_61' title='bbox 637 501 662 528; x_wconf 90' lang='lat' dir='ltr'><strong>in</strong></span> <span class='ocrx_word' id='word_1_62' title='bbox 680 505 818 527; x_wconf 83' lang='lat' dir='ltr'><strong>contume-</strong></span> 
     </span>
    </p>
   </div>
   <div class='ocr_carea' id='block_1_10' title="bbox 58 547 815 583">
    <p class='ocr_par' dir='ltr' id='par_1_10' title="bbox 58 547 815 583">
     <span class='ocr_line' id='line_1_10' title="bbox 58 547 815 583; baseline -0.007 -5"><span class='ocrx_word' id='word_1_63' title='bbox 58 552 106 578; x_wconf 90' lang='lat' dir='ltr'><strong>li.uu</strong></span> <span class='ocrx_word' id='word_1_64' title='bbox 120 550 155 577; x_wconf 90' lang='lat' dir='ltr'><strong>sui</strong></span> <span class='ocrx_word' id='word_1_65' title='bbox 174 549 269 575; x_wconf 87' lang='lat' dir='ltr'><strong>factam</strong></span> <span class='ocrx_word' id='word_1_66' title='bbox 289 549 359 575; x_wconf 87' lang='lat' dir='ltr'><strong>haud</strong></span> <span class='ocrx_word' id='word_1_67' title='bbox 377 555 453 583; x_wconf 67' lang='lat' dir='ltr'><strong>atquo</strong></span> <span class='ocrx_word' id='word_1_68' title='bbox 472 548 515 575; x_wconf 88' lang='lat' dir='ltr'><strong>ille</strong></span> <span class='ocrx_word' id='word_1_69' title='bbox 537 549 626 574; x_wconf 90' lang='lat' dir='ltr'><strong>animo</strong></span> <span class='ocrx_word' id='word_1_70' title='bbox 654 547 815 581; x_wconf 87' lang='lat' dir='ltr'><strong>interpreta-</strong></span> 
     </span>
    </p>
   </div>
   <div class='ocr_carea' id='block_1_11' title="bbox 58 591 816 628">
    <p class='ocr_par' dir='ltr' id='par_1_11' title="bbox 58 591 816 628">
     <span class='ocr_line' id='line_1_11' title="bbox 58 591 816 628; baseline -0.005 -5"><span class='ocrx_word' id='word_1_71' title='bbox 58 602 125 624; x_wconf 83' lang='lat' dir='ltr'><strong>retur.</strong></span> <span class='ocrx_word' id='word_1_72' title='bbox 142 594 264 621; x_wconf 81' lang='lat' dir='ltr'><strong>Occurrit</strong></span> <span class='ocrx_word' id='word_1_73' title='bbox 285 593 363 620; x_wconf 86' lang='lat' dir='ltr'><strong>amici</strong></span> <span class='ocrx_word' id='word_1_74' title='bbox 386 593 503 628; x_wconf 87' lang='lat' dir='ltr'><strong>querelis</strong></span> <span class='ocrx_word' id='word_1_75' title='bbox 524 591 671 627; x_wconf 78' lang='lat' dir='ltr'><strong>Gregorius</strong></span> <span class='ocrx_word' id='word_1_76' title='bbox 689 593 731 619; x_wconf 85' lang='lat' dir='ltr'><strong>his</strong></span> <span class='ocrx_word' id='word_1_77' title='bbox 754 600 816 619; x_wconf 86' lang='lat' dir='ltr'><strong>ver-</strong></span> 
     </span>
    </p>
   </div>
   <div class='ocr_carea' id='block_1_12' title="bbox 56 638 814 676">
    <p class='ocr_par' dir='ltr' id='par_1_12' title="bbox 56 638 814 676">
     <span class='ocr_line' id='line_1_12' title="bbox 56 638 814 676; baseline -0.005 -8"><span class='ocrx_word' id='word_1_78' title='bbox 56 642 87 670; x_wconf 73' lang='lat' dir='ltr'><strong>bis</strong></span> <span class='ocrx_word' id='word_1_79' title='bbox 109 640 161 676; x_wconf 69' lang='lat' dir='ltr'><strong>(In):</strong></span> <span class='ocrx_word' id='word_1_80' title='bbox 179 639 254 666; x_wconf 71' lang='lat' dir='ltr'><strong>«Non</strong></span> <span class='ocrx_word' id='word_1_81' title='bbox 279 639 402 666; x_wconf 83' lang='lat' dir='ltr'><strong>venimus</strong></span> <span class='ocrx_word' id='word_1_82' title='bbox 431 639 457 665; x_wconf 90' lang='lat' dir='ltr'><strong>in</strong></span> <span class='ocrx_word' id='word_1_83' title='bbox 482 639 570 673; x_wconf 86' lang='lat' dir='ltr'><strong>magni</strong></span> <span class='ocrx_word' id='word_1_84' title='bbox 602 638 673 665; x_wconf 89' lang='lat' dir='ltr'><strong>illius</strong></span> <span class='ocrx_word' id='word_1_85' title='bbox 697 638 814 671; x_wconf 76' lang='lat' dir='ltr'><strong>pastoris</strong></span> 
     </span>
    </p>
   </div>
   <div class='ocr_carea' id='block_1_13' title="bbox 54 684 814 720">
    <p class='ocr_par' dir='ltr' id='par_1_13' title="bbox 54 684 814 720">
     <span class='ocr_line' id='line_1_13' title="bbox 54 684 814 720; baseline -0.005 -5"><span class='ocrx_word' id='word_1_86' title='bbox 54 691 211 719; x_wconf 88' lang='lat' dir='ltr'><strong>contemptum</strong></span> <span class='ocrx_word' id='word_1_87' title='bbox 225 689 252 712; x_wconf 89' lang='lat' dir='ltr'><strong>et</strong></span> <span class='ocrx_word' id='word_1_88' title='bbox 268 685 457 719; x_wconf 78' lang='lat' dir='ltr'><strong>ignominiam,</strong></span> <span class='ocrx_word' id='word_1_89' title='bbox 478 685 522 719; x_wconf 86' lang='lat' dir='ltr'><strong>qui</strong></span> <span class='ocrx_word' id='word_1_90' title='bbox 540 684 686 720; x_wconf 73' lang='lat' dir='ltr'><strong>splendida:</strong></span> <span class='ocrx_word' id='word_1_91' title='bbox 711 684 814 711; x_wconf 86' lang='lat' dir='ltr'><strong>civitati</strong></span> 
     </span>
    </p>
   </div>
   <div class='ocr_carea' id='block_1_14' title="bbox 54 730 810 769">
    <p class='ocr_par' dir='ltr' id='par_1_14' title="bbox 54 730 810 769">
     <span class='ocr_line' id='line_1_14' title="bbox 54 730 810 769; baseline -0.001 -10"><span class='ocrx_word' id='word_1_92' title='bbox 54 733 164 769; x_wconf 68' lang='lat' dir='ltr'><strong>prtesidet.</strong></span> <span class='ocrx_word' id='word_1_93' title='bbox 179 731 370 758; x_wconf 83' lang='lat' dir='ltr'><strong>Honorabilem</strong></span> <span class='ocrx_word' id='word_1_94' title='bbox 385 731 495 761; x_wconf 87' lang='lat' dir='ltr'><strong>scimus.</strong></span> <span class='ocrx_word' id='word_1_95' title='bbox 512 735 592 765; x_wconf 86' lang='lat' dir='ltr'><strong>caput</strong></span> <span class='ocrx_word' id='word_1_96' title='bbox 604 730 810 765; x_wconf 79' lang='lat' dir='ltr'><strong>agnoscimus...</strong></span> 
     </span>
    </p>
   </div>
   <div class='ocr_carea' id='block_1_15' title="bbox 53 777 811 812">
    <p class='ocr_par' dir='ltr' id='par_1_15' title="bbox 53 777 811 812">
     <span class='ocr_line' id='line_1_15' title="bbox 53 777 811 812; baseline -0.004 -6"><span class='ocrx_word' id='word_1_97' title='bbox 53 778 189 807; x_wconf 82' lang='lat' dir='ltr'><strong>Sacerdotes</strong></span> <span class='ocrx_word' id='word_1_98' title='bbox 219 782 247 805; x_wconf 88' lang='lat' dir='ltr'><strong>et</strong></span> <span class='ocrx_word' id='word_1_99' title='bbox 275 777 402 812; x_wconf 67' lang='lat' dir='ltr'><strong>prmsules</strong></span> <span class='ocrx_word' id='word_1_100' title='bbox 428 785 526 812; x_wconf 84' lang='lat' dir='ltr'><strong>augere</strong></span> <span class='ocrx_word' id='word_1_101' title='bbox 554 777 727 808; x_wconf 87' lang='lat' dir='ltr'><strong>studuimus,</strong></span> <span class='ocrx_word' id='word_1_102' title='bbox 759 785 811 804; x_wconf 90' lang='lat' dir='ltr'><strong>non</strong></span> 
     </span>
    </p>
   </div>
   <div class='ocr_carea' id='block_1_16' title="bbox 53 824 812 858">
    <p class='ocr_par' dir='ltr' id='par_1_16' title="bbox 53 824 812 858">
     <span class='ocr_line' id='line_1_16' title="bbox 53 824 812 858; baseline -0.003 -5"><span class='ocrx_word' id='word_1_103' title='bbox 53 826 203 858; x_wconf 74' lang='lat' dir='ltr'><strong>subtrahere;</strong></span> <span class='ocrx_word' id='word_1_104' title='bbox 232 825 374 852; x_wconf 71' lang='lat' dir='ltr'><strong>haereticos</strong></span> <span class='ocrx_word' id='word_1_105' title='bbox 398 829 531 856; x_wconf 81' lang='lat' dir='ltr'><strong>evertere,</strong></span> <span class='ocrx_word' id='word_1_106' title='bbox 564 832 616 851; x_wconf 92' lang='lat' dir='ltr'><strong>non</strong></span> <span class='ocrx_word' id='word_1_107' title='bbox 646 824 812 851; x_wconf 82' lang='lat' dir='ltr'><strong>orthodoxos</strong></span> 
     </span>
    </p>
   </div>
   <div class='ocr_carea' id='block_1_17' title="bbox 53 868 810 905">
    <p class='ocr_par' dir='ltr' id='par_1_17' title="bbox 53 868 810 905">
     <span class='ocr_line' id='line_1_17' title="bbox 53 868 810 905; baseline -0.007 -5"><span class='ocrx_word' id='word_1_108' title='bbox 53 872 197 900; x_wconf 85' lang='lat' dir='ltr'><strong>imminuere.</strong></span> <span class='ocrx_word' id='word_1_109' title='bbox 214 879 224 896; x_wconf 76' lang='grc' dir='ltr'><strong><em>ι</em></strong></span> <span class='ocrx_word' id='word_1_110' title='bbox 243 870 310 897; x_wconf 80' lang='lat' dir='ltr'><strong>Cum</strong></span> <span class='ocrx_word' id='word_1_111' title='bbox 323 868 469 905; x_wconf 78' lang='lat' dir='ltr'><strong>Gregorius</strong></span> <span class='ocrx_word' id='word_1_112' title='bbox 484 868 587 896; x_wconf 89' lang='lat' dir='ltr'><strong>Sasima</strong></span> <span class='ocrx_word' id='word_1_113' title='bbox 611 874 658 896; x_wconf 87' lang='lat' dir='ltr'><strong>aut</strong></span> <span class='ocrx_word' id='word_1_114' title='bbox 681 871 810 901; x_wconf 77' lang='lat' dir='ltr'><strong>venisset,</strong></span> 
     </span>
    </p>
   </div>
   <div class='ocr_carea' id='block_1_18' title="bbox 52 915 809 951">
    <p class='ocr_par' dir='ltr' id='par_1_18' title="bbox 52 915 809 951">
     <span class='ocr_line' id='line_1_18' title="bbox 52 915 809 951; baseline -0.004 -7"><span class='ocrx_word' id='word_1_115' title='bbox 52 922 86 944; x_wconf 88' lang='lat' dir='ltr'><strong>aut</strong></span> <span class='ocrx_word' id='word_1_116' title='bbox 103 917 186 944; x_wconf 87' lang='lat' dir='ltr'><strong>venire</strong></span> <span class='ocrx_word' id='word_1_117' title='bbox 205 921 332 951; x_wconf 88' lang='lat' dir='ltr'><strong>pararet,</strong></span> <span class='ocrx_word' id='word_1_118' title='bbox 356 924 404 943; x_wconf 88' lang='lat' dir='ltr'><strong>sua</strong></span> <span class='ocrx_word' id='word_1_119' title='bbox 425 916 484 950; x_wconf 84' lang='lat' dir='ltr'><strong>ejus</strong></span> <span class='ocrx_word' id='word_1_120' title='bbox 507 915 649 942; x_wconf 89' lang='lat' dir='ltr'><strong>consilium</strong></span> <span class='ocrx_word' id='word_1_121' title='bbox 670 916 809 951; x_wconf 80' lang='lat' dir='ltr'><strong>diligentia</strong></span> 
     </span>
    </p>
   </div>
   <div class='ocr_carea' id='block_1_19' title="bbox 51 957 811 998">
    <p class='ocr_par' dir='ltr' id='par_1_19' title="bbox 51 957 811 998">
     <span class='ocr_line' id='line_1_19' title="bbox 51 957 811 998; baseline -0.004 -7"><span class='ocrx_word' id='word_1_122' title='bbox 51 964 199 998; x_wconf 65' lang='lat' dir='ltr'><strong>praeripuerat</strong></span> <span class='ocrx_word' id='word_1_123' title='bbox 225 963 380 994; x_wconf 81' lang='lat' dir='ltr'><strong>Anthimus,</strong></span> <span class='ocrx_word' id='word_1_124' title='bbox 396 957 423 989; x_wconf 84' lang='lat' dir='ltr'><strong>et</strong></span> <span class='ocrx_word' id='word_1_125' title='bbox 439 962 607 989; x_wconf 84' lang='lat' dir='ltr'><strong>Sasimorum</strong></span> <span class='ocrx_word' id='word_1_126' title='bbox 625 962 734 996; x_wconf 88' lang='lat' dir='ltr'><strong>paludes</strong></span> <span class='ocrx_word' id='word_1_127' title='bbox 749 967 811 989; x_wconf 88' lang='lat' dir='ltr'><strong>ante</strong></span> 
     </span>
    </p>
   </div>
   <div class='ocr_carea' id='block_1_20' title="bbox 50 1001 810 1042">
    <p class='ocr_par' dir='ltr' id='par_1_20' title="bbox 50 1001 810 1042">
     <span class='ocr_line' id='line_1_20' title="bbox 50 1001 810 1042; baseline -0.004 -7"><span class='ocrx_word' id='word_1_128' title='bbox 50 1012 215 1042; x_wconf 80' lang='lat' dir='ltr'><strong>occupaverat.</strong></span> <span class='ocrx_word' id='word_1_129' title='bbox 239 1007 392 1040; x_wconf 73' lang='lat' dir='ltr'><strong>Quinetiam</strong></span> <span class='ocrx_word' id='word_1_130' title='bbox 414 1001 567 1041; x_wconf 36' lang='lat' dir='ltr'><strong>probi-benti</strong></span> <span class='ocrx_word' id='word_1_131' title='bbox 587 1011 614 1034; x_wconf 90' lang='lat' dir='ltr'><strong>et</strong></span> <span class='ocrx_word' id='word_1_132' title='bbox 635 1006 810 1034; x_wconf 89' lang='lat' dir='ltr'><strong>counninanti</strong></span> 
     </span>
    </p>
   </div>
   <div class='ocr_carea' id='block_1_21' title="bbox 50 1052 811 1089">
    <p class='ocr_par' dir='ltr' id='par_1_21' title="bbox 50 1052 811 1089">
     <span class='ocr_line' id='line_1_21' title="bbox 50 1052 811 1089; baseline -0.001 -9"><span class='ocrx_word' id='word_1_133' title='bbox 50 1054 164 1089; x_wconf 76' lang='lat' dir='ltr'><strong>Gregorio,</strong></span> <span class='ocrx_word' id='word_1_134' title='bbox 195 1054 327 1081; x_wconf 86' lang='lat' dir='ltr'><strong>conviciis</strong></span> <span class='ocrx_word' id='word_1_135' title='bbox 352 1054 512 1088; x_wconf 83' lang='lat' dir='ltr'><strong>probrisque</strong></span> <span class='ocrx_word' id='word_1_136' title='bbox 547 1052 674 1080; x_wconf 82' lang='lat' dir='ltr'><strong>refertam</strong></span> <span class='ocrx_word' id='word_1_137' title='bbox 703 1052 811 1086; x_wconf 87' lang='lat' dir='ltr'><strong>scripsit</strong></span> 
     </span>
    </p>
   </div>
   <div class='ocr_carea' id='block_1_22' title="bbox 49 1099 809 1134">
    <p class='ocr_par' dir='ltr' id='par_1_22' title="bbox 49 1099 809 1134">
     <span class='ocr_line' id='line_1_22' title="bbox 49 1099 809 1134; baseline -0.001 -8"><span class='ocrx_word' id='word_1_138' title='bbox 49 1101 174 1134; x_wconf 82' lang='lat' dir='ltr'><strong>rpistolam,</strong></span> <span class='ocrx_word' id='word_1_139' title='bbox 203 1100 287 1127; x_wconf 75' lang='lat' dir='ltr'><strong>veluti</strong></span> <span class='ocrx_word' id='word_1_140' title='bbox 318 1099 483 1134; x_wconf 89' lang='lat' dir='ltr'><strong>triumphum</strong></span> <span class='ocrx_word' id='word_1_141' title='bbox 513 1100 539 1126; x_wconf 93' lang='lat' dir='ltr'><strong>in</strong></span> <span class='ocrx_word' id='word_1_142' title='bbox 568 1099 667 1125; x_wconf 83' lang='lat' dir='ltr'><strong>victum</strong></span> <span class='ocrx_word' id='word_1_143' title='bbox 696 1106 809 1125; x_wconf 83' lang='lat' dir='ltr'><strong>canens.</strong></span> 
     </span>
    </p>
   </div>
   <div class='ocr_carea' id='block_1_23' title="bbox 51 1144 810 1178">
    <p class='ocr_par' dir='ltr' id='par_1_23' title="bbox 51 1144 810 1178">
     <span class='ocr_line' id='line_1_23' title="bbox 51 1144 810 1178; baseline -0.001 -7"><span class='ocrx_word' id='word_1_144' title='bbox 51 1145 229 1173; x_wconf 81' lang='lat' dir='ltr'><strong>rFartissimus</strong></span> <span class='ocrx_word' id='word_1_145' title='bbox 259 1146 403 1173; x_wconf 85' lang='lat' dir='ltr'><strong>Anthimus</strong></span> <span class='ocrx_word' id='word_1_146' title='bbox 432 1145 465 1172; x_wconf 88' lang='lat' dir='ltr'><strong>ad</strong></span> <span class='ocrx_word' id='word_1_147' title='bbox 489 1153 569 1177; x_wconf 65' lang='lat' dir='ltr'><strong>nos,»</strong></span> <span class='ocrx_word' id='word_1_148' title='bbox 601 1144 687 1177; x_wconf 88' lang='lat' dir='ltr'><strong>inquit</strong></span> <span class='ocrx_word' id='word_1_149' title='bbox 709 1144 810 1178; x_wconf 80' lang='lat' dir='ltr'><strong>Grego-</strong></span> 
     </span>
    </p>
   </div>
   <div class='ocr_carea' id='block_1_24' title="bbox 49 1189 810 1228">
    <p class='ocr_par' dir='ltr' id='par_1_24' title="bbox 49 1189 810 1228">
     <span class='ocr_line' id='line_1_24' title="bbox 49 1189 810 1228; baseline -0.003 -10"><span class='ocrx_word' id='word_1_150' title='bbox 49 1193 90 1218; x_wconf 88' lang='lat' dir='ltr'><strong>rius</strong></span> <span class='ocrx_word' id='word_1_151' title='bbox 103 1192 147 1227; x_wconf 64' lang='lat' dir='ltr'><strong>(lt),</strong></span> <span class='ocrx_word' id='word_1_152' title='bbox 175 1201 184 1217; x_wconf 70' lang='grc' dir='ltr'><strong><em>ε</em></strong></span> <span class='ocrx_word' id='word_1_153' title='bbox 196 1200 260 1218; x_wconf 89' lang='lat' dir='ltr'><strong>cum</strong></span> <span class='ocrx_word' id='word_1_154' title='bbox 275 1191 405 1228; x_wconf 80' lang='lat' dir='ltr'><strong>episcopis</strong></span> <span class='ocrx_word' id='word_1_155' title='bbox 421 1189 585 1225; x_wconf 83' lang='lat' dir='ltr'><strong>quibusdam</strong></span> <span class='ocrx_word' id='word_1_156' title='bbox 603 1191 693 1223; x_wconf 86' lang='lat' dir='ltr'><strong>venit;</strong></span> <span class='ocrx_word' id='word_1_157' title='bbox 707 1190 763 1217; x_wconf 85' lang='lat' dir='ltr'><strong>sive</strong></span> <span class='ocrx_word' id='word_1_158' title='bbox 781 1195 810 1216; x_wconf 90' lang='lat' dir='ltr'><strong>ut</strong></span> 
     </span>
    </p>
   </div>
   <div class='ocr_carea' id='block_1_25' title="bbox 46 1235 810 1271">
    <p class='ocr_par' dir='ltr' id='par_1_25' title="bbox 46 1235 810 1271">
     <span class='ocr_line' id='line_1_25' title="bbox 46 1235 810 1271; baseline 0 -9"><span class='ocrx_word' id='word_1_159' title='bbox 46 1242 128 1271; x_wconf 82' lang='lat' dir='ltr'><strong>patrem</strong></span> <span class='ocrx_word' id='word_1_160' title='bbox 154 1244 245 1263; x_wconf 85' lang='lat' dir='ltr'><strong>meum</strong></span> <span class='ocrx_word' id='word_1_161' title='bbox 272 1236 400 1263; x_wconf 81' lang='lat' dir='ltr'><strong>inviseret</strong></span> <span class='ocrx_word' id='word_1_162' title='bbox 427 1235 504 1271; x_wconf 90' lang='lat' dir='ltr'><strong>(nam</strong></span> <span class='ocrx_word' id='word_1_163' title='bbox 527 1236 552 1262; x_wconf 90' lang='lat' dir='ltr'><strong>id</strong></span> <span class='ocrx_word' id='word_1_164' title='bbox 578 1242 685 1270; x_wconf 89' lang='lat' dir='ltr'><strong>quoque</strong></span> <span class='ocrx_word' id='word_1_165' title='bbox 708 1243 762 1269; x_wconf 85' lang='lat' dir='ltr'><strong>prae</strong></span> <span class='ocrx_word' id='word_1_166' title='bbox 781 1242 810 1262; x_wconf 85' lang='lat' dir='ltr'><strong>se</strong></span> 
     </span>
    </p>
   </div>
   <div class='ocr_carea' id='block_1_26' title="bbox 46 1280 810 1316">
    <p class='ocr_par' dir='ltr' id='par_1_26' title="bbox 46 1280 810 1316">
     <span class='ocr_line' id='line_1_26' title="bbox 46 1280 810 1316; baseline -0.001 -8"><span class='ocrx_word' id='word_1_167' title='bbox 46 1282 153 1316; x_wconf 80' lang='lat' dir='ltr'><strong>ferebat),</strong></span> <span class='ocrx_word' id='word_1_168' title='bbox 170 1282 231 1309; x_wconf 83' lang='lat' dir='ltr'><strong>sive</strong></span> <span class='ocrx_word' id='word_1_169' title='bbox 247 1286 346 1316; x_wconf 66' lang='lat' dir='ltr'><strong>atquae</strong></span> <span class='ocrx_word' id='word_1_170' title='bbox 366 1282 421 1316; x_wconf 80' lang='lat' dir='ltr'><strong>egit</strong></span> <span class='ocrx_word' id='word_1_171' title='bbox 442 1285 544 1316; x_wconf 78' lang='lat' dir='ltr'><strong>ageret.</strong></span> <span class='ocrx_word' id='word_1_172' title='bbox 573 1280 695 1316; x_wconf 84' lang='lat' dir='ltr'><strong>Cumque</strong></span> <span class='ocrx_word' id='word_1_173' title='bbox 719 1281 810 1308; x_wconf 91' lang='lat' dir='ltr'><strong>multis</strong></span> 
     </span>
    </p>
   </div>
   <div class='ocr_carea' id='block_1_27' title="bbox 45 1326 808 1360">
    <p class='ocr_par' dir='ltr' id='par_1_27' title="bbox 45 1326 808 1360">
     <span class='ocr_line' id='line_1_27' title="bbox 45 1326 808 1360; baseline -0.003 -6"><span class='ocrx_word' id='word_1_174' title='bbox 45 1328 112 1354; x_wconf 82' lang='lat' dir='ltr'><strong>modis</strong></span> <span class='ocrx_word' id='word_1_175' title='bbox 123 1327 243 1353; x_wconf 84' lang='lat' dir='ltr'><strong>animum</strong></span> <span class='ocrx_word' id='word_1_176' title='bbox 257 1332 376 1353; x_wconf 87' lang='lat' dir='ltr'><strong>nostrum</strong></span> <span class='ocrx_word' id='word_1_177' title='bbox 392 1330 531 1358; x_wconf 86' lang='lat' dir='ltr'><strong>tentasset,</strong></span> <span class='ocrx_word' id='word_1_178' title='bbox 546 1326 679 1360; x_wconf 72' lang='lat' dir='ltr'><strong>parmeias</strong></span> <span class='ocrx_word' id='word_1_179' title='bbox 693 1333 808 1353; x_wconf 88' lang='lat' dir='ltr'><strong>comme-</strong></span> 
     </span>
    </p>
   </div>
   <div class='ocr_carea' id='block_1_28' title="bbox 44 1368 807 1407">
    <p class='ocr_par' dir='ltr' id='par_1_28' title="bbox 44 1368 807 1407">
     <span class='ocr_line' id='line_1_28' title="bbox 44 1368 807 1407; baseline -0.003 -7"><span class='ocrx_word' id='word_1_180' title='bbox 44 1382 139 1405; x_wconf 85' lang='lat' dir='ltr'><strong>morans,</strong></span> <span class='ocrx_word' id='word_1_181' title='bbox 154 1379 180 1401; x_wconf 85' lang='lat' dir='ltr'><strong>et</strong></span> <span class='ocrx_word' id='word_1_182' title='bbox 192 1368 364 1401; x_wconf 80' lang='lat' dir='ltr'><strong>Susimenses</strong></span> <span class='ocrx_word' id='word_1_183' title='bbox 378 1373 501 1407; x_wconf 83' lang='lat' dir='ltr'><strong>paludes,</strong></span> <span class='ocrx_word' id='word_1_184' title='bbox 521 1377 548 1400; x_wconf 93' lang='lat' dir='ltr'><strong>et</strong></span> <span class='ocrx_word' id='word_1_185' title='bbox 563 1377 682 1400; x_wconf 86' lang='lat' dir='ltr'><strong>nostram</strong></span> <span class='ocrx_word' id='word_1_186' title='bbox 695 1372 807 1399; x_wconf 90' lang='lat' dir='ltr'><strong>ordina-</strong></span> 
     </span>
    </p>
   </div>
   <div class='ocr_carea' id='block_1_29' title="bbox 46 1417 807 1453">
    <p class='ocr_par' dir='ltr' id='par_1_29' title="bbox 46 1417 807 1453">
     <span class='ocr_line' id='line_1_29' title="bbox 46 1417 807 1453; baseline -0.005 -6"><span class='ocrx_word' id='word_1_187' title='bbox 46 1421 135 1451; x_wconf 80' lang='lat' dir='ltr'><strong>tionem,</strong></span> <span class='ocrx_word' id='word_1_188' title='bbox 159 1427 231 1447; x_wconf 82' lang='lat' dir='ltr'><strong>llllllc</strong></span> <span class='ocrx_word' id='word_1_189' title='bbox 258 1419 356 1446; x_wconf 81' lang='lat' dir='ltr'><strong>blande</strong></span> <span class='ocrx_word' id='word_1_190' title='bbox 380 1419 529 1453; x_wconf 85' lang='lat' dir='ltr'><strong>alloquens,</strong></span> <span class='ocrx_word' id='word_1_191' title='bbox 559 1425 629 1444; x_wconf 89' lang='lat' dir='ltr'><strong>nunc</strong></span> <span class='ocrx_word' id='word_1_192' title='bbox 655 1417 807 1452; x_wconf 84' lang='lat' dir='ltr'><strong>postulans,</strong></span> 
     </span>
    </p>
   </div>
   <div class='ocr_carea' id='block_1_30' title="bbox 45 1464 808 1498">
    <p class='ocr_par' dir='ltr' id='par_1_30' title="bbox 45 1464 808 1498">
     <span class='ocr_line' id='line_1_30' title="bbox 45 1464 808 1498; baseline 0.001 -8"><span class='ocrx_word' id='word_1_193' title='bbox 45 1474 99 1493; x_wconf 81' lang='lat' dir='ltr'><strong>nunc</strong></span> <span class='ocrx_word' id='word_1_194' title='bbox 123 1466 203 1493; x_wconf 87' lang='lat' dir='ltr'><strong>minas</strong></span> <span class='ocrx_word' id='word_1_195' title='bbox 231 1465 385 1497; x_wconf 85' lang='lat' dir='ltr'><strong>intentans,</strong></span> <span class='ocrx_word' id='word_1_196' title='bbox 413 1472 484 1492; x_wconf 92' lang='lat' dir='ltr'><strong>nunc</strong></span> <span class='ocrx_word' id='word_1_197' title='bbox 516 1464 705 1498; x_wconf 76' lang='lat' dir='ltr'><strong>expostulatis,</strong></span> <span class='ocrx_word' id='word_1_198' title='bbox 736 1471 808 1491; x_wconf 87' lang='lat' dir='ltr'><strong>nunc</strong></span> 
     </span>
    </p>
   </div>
   <div class='ocr_carea' id='block_1_31' title="bbox 45 1510 804 1546">
    <p class='ocr_par' dir='ltr' id='par_1_31' title="bbox 45 1510 804 1546">
     <span class='ocr_line' id='line_1_31' title="bbox 45 1510 804 1546; baseline -0.004 -7"><span class='ocrx_word' id='word_1_199' title='bbox 45 1513 145 1544; x_wconf 81' lang='lat' dir='ltr'><strong>ltudaus,</strong></span> <span class='ocrx_word' id='word_1_200' title='bbox 168 1520 240 1539; x_wconf 90' lang='lat' dir='ltr'><strong>nunc</strong></span> <span class='ocrx_word' id='word_1_201' title='bbox 259 1513 427 1546; x_wconf 85' lang='lat' dir='ltr'><strong>vituperans,</strong></span> <span class='ocrx_word' id='word_1_202' title='bbox 444 1511 527 1538; x_wconf 89' lang='lat' dir='ltr'><strong>variis</strong></span> <span class='ocrx_word' id='word_1_203' title='bbox 543 1511 659 1545; x_wconf 85' lang='lat' dir='ltr'><strong>denique</strong></span> <span class='ocrx_word' id='word_1_204' title='bbox 673 1510 804 1537; x_wconf 87' lang='lat' dir='ltr'><strong>orationis</strong></span> 
     </span>
    </p>
   </div>
   <div class='ocr_carea' id='block_1_32' title="bbox 44 1558 844 1593">
    <p class='ocr_par' dir='ltr' id='par_1_32' title="bbox 44 1558 844 1593">
     <span class='ocr_line' id='line_1_32' title="bbox 44 1558 844 1593; baseline -0.003 -9"><span class='ocrx_word' id='word_1_205' title='bbox 44 1559 140 1590; x_wconf 75' lang='lat' dir='ltr'><strong>circulis,</strong></span> <span class='ocrx_word' id='word_1_206' title='bbox 153 1559 273 1593; x_wconf 88' lang='lat' dir='ltr'><strong>strophis</strong></span> <span class='ocrx_word' id='word_1_207' title='bbox 288 1563 369 1592; x_wconf 85' lang='lat' dir='ltr'><strong>atque</strong></span> <span class='ocrx_word' id='word_1_208' title='bbox 384 1558 541 1592; x_wconf 75' lang='lat' dir='ltr'><strong>andragibus</strong></span> <span class='ocrx_word' id='word_1_209' title='bbox 563 1561 658 1589; x_wconf 87' lang='lat' dir='ltr'><strong>utens,</strong></span> <span class='ocrx_word' id='word_1_210' title='bbox 679 1562 803 1592; x_wconf 80' lang='lat' dir='ltr'><strong>tanquam</strong></span> <span class='ocrx_word' id='word_1_211' title='bbox 820 1565 844 1593; x_wconf 62' lang='grc' dir='ltr'>ο</span> 
     </span>
    </p>
   </div>
   <div class='ocr_carea' id='block_1_33' title="bbox 44 1603 805 1638">
    <p class='ocr_par' dir='ltr' id='par_1_33' title="bbox 44 1603 805 1638">
     <span class='ocr_line' id='line_1_33' title="bbox 44 1603 805 1638; baseline -0.001 -7"><span class='ocrx_word' id='word_1_212' title='bbox 44 1605 87 1638; x_wconf 81' lang='lat' dir='ltr'><strong>ipse</strong></span> <span class='ocrx_word' id='word_1_213' title='bbox 109 1604 177 1631; x_wconf 81' lang='lat' dir='ltr'><strong>solus</strong></span> <span class='ocrx_word' id='word_1_214' title='bbox 205 1605 285 1631; x_wconf 86' lang='lat' dir='ltr'><strong>nobis</strong></span> <span class='ocrx_word' id='word_1_215' title='bbox 312 1606 345 1632; x_wconf 88' lang='lat' dir='ltr'><strong>ob</strong></span> <span class='ocrx_word' id='word_1_216' title='bbox 369 1604 462 1631; x_wconf 92' lang='lat' dir='ltr'><strong>oculos</strong></span> <span class='ocrx_word' id='word_1_217' title='bbox 491 1603 682 1638; x_wconf 84' lang='lat' dir='ltr'><strong>proponendus</strong></span> <span class='ocrx_word' id='word_1_218' title='bbox 713 1608 805 1634; x_wconf 86' lang='lat' dir='ltr'><strong>esset,</strong></span> 
     </span>
    </p>
   </div>
   <div class='ocr_carea' id='block_1_34' title="bbox 44 1649 803 1685">
    <p class='ocr_par' dir='ltr' id='par_1_34' title="bbox 44 1649 803 1685">
     <span class='ocr_line' id='line_1_34' title="bbox 44 1649 803 1685; baseline 0 -10"><span class='ocrx_word' id='word_1_219' title='bbox 44 1658 141 1685; x_wconf 63' lang='lat' dir='ltr'><strong>novaque</strong></span> <span class='ocrx_word' id='word_1_220' title='bbox 153 1650 329 1683; x_wconf 83' lang='lat' dir='ltr'><strong>metropolis,</strong></span> <span class='ocrx_word' id='word_1_221' title='bbox 349 1655 441 1684; x_wconf 88' lang='lat' dir='ltr'><strong>utpote</strong></span> <span class='ocrx_word' id='word_1_222' title='bbox 458 1650 543 1684; x_wconf 86' lang='lat' dir='ltr'><strong>major</strong></span> <span class='ocrx_word' id='word_1_223' title='bbox 558 1658 589 1676; x_wconf 90' lang='lat' dir='ltr'><strong>ac</strong></span> <span class='ocrx_word' id='word_1_224' title='bbox 604 1649 803 1684; x_wconf 58' lang='lat' dir='ltr'><strong>praestantior.»</strong></span> 
     </span>
    </p>
   </div>
   <div class='ocr_carea' id='block_1_35' title="bbox 44 1694 809 1730">
    <p class='ocr_par' dir='ltr' id='par_1_35' title="bbox 44 1694 809 1730">
     <span class='ocr_line' id='line_1_35' title="bbox 44 1694 809 1730; baseline 0.001 -9"><span class='ocrx_word' id='word_1_225' title='bbox 44 1695 90 1722; x_wconf 72' lang='lat' dir='ltr'><strong>Hec</strong></span> <span class='ocrx_word' id='word_1_226' title='bbox 101 1696 249 1728; x_wconf 75' lang='lat' dir='ltr'><strong>Autbimus,</strong></span> <span class='ocrx_word' id='word_1_227' title='bbox 269 1697 326 1730; x_wconf 83' lang='lat' dir='ltr'><strong>qui,</strong></span> <span class='ocrx_word' id='word_1_228' title='bbox 345 1704 406 1722; x_wconf 88' lang='lat' dir='ltr'><strong>cum</strong></span> <span class='ocrx_word' id='word_1_229' title='bbox 425 1696 495 1722; x_wconf 83' lang='lat' dir='ltr'><strong>nulla</strong></span> <span class='ocrx_word' id='word_1_230' title='bbox 509 1696 534 1722; x_wconf 93' lang='lat' dir='ltr'><strong>iu</strong></span> <span class='ocrx_word' id='word_1_231' title='bbox 554 1703 582 1722; x_wconf 89' lang='lat' dir='ltr'><strong>re</strong></span> <span class='ocrx_word' id='word_1_232' title='bbox 596 1696 692 1722; x_wconf 86' lang='lat' dir='ltr'><strong>cedere</strong></span> <span class='ocrx_word' id='word_1_233' title='bbox 706 1694 809 1730; x_wconf 84' lang='lat' dir='ltr'><strong>Grego-</strong></span> 
     </span>
    </p>
   </div>
   <div class='ocr_carea' id='block_1_36' title="bbox 43 1741 806 1775">
    <p class='ocr_par' dir='ltr' id='par_1_36' title="bbox 43 1741 806 1775">
     <span class='ocr_line' id='line_1_36' title="bbox 43 1741 806 1775; baseline 0 -8"><span class='ocrx_word' id='word_1_234' title='bbox 43 1742 94 1767; x_wconf 80' lang='lat' dir='ltr'><strong>rium</strong></span> <span class='ocrx_word' id='word_1_235' title='bbox 114 1742 316 1775; x_wconf 69' lang='lat' dir='ltr'><strong>conspexisset,</strong></span> <span class='ocrx_word' id='word_1_236' title='bbox 339 1741 419 1768; x_wconf 82' lang='lat' dir='ltr'><strong>rebus</strong></span> <span class='ocrx_word' id='word_1_237' title='bbox 437 1741 542 1768; x_wconf 87' lang='lat' dir='ltr'><strong>infectis</strong></span> <span class='ocrx_word' id='word_1_238' title='bbox 563 1741 647 1768; x_wconf 86' lang='lat' dir='ltr'><strong>iratus</strong></span> <span class='ocrx_word' id='word_1_239' title='bbox 665 1741 806 1774; x_wconf 78' lang='lat' dir='ltr'><strong>abscessit,</strong></span> 
     </span>
    </p>
   </div>
   <div class='ocr_carea' id='block_1_37' title="bbox 42 1786 809 1822">
    <p class='ocr_par' dir='ltr' id='par_1_37' title="bbox 42 1786 809 1822">
     <span class='ocr_line' id='line_1_37' title="bbox 42 1786 809 1822; baseline 0.001 -9"><span class='ocrx_word' id='word_1_240' title='bbox 42 1786 186 1814; x_wconf 65' lang='lat' dir='ltr'><strong>Uusilirmum</strong></span> <span class='ocrx_word' id='word_1_241' title='bbox 197 1790 222 1816; x_wconf 88' lang='lat' dir='ltr'><strong>ei</strong></span> <span class='ocrx_word' id='word_1_242' title='bbox 237 1788 319 1815; x_wconf 83' lang='lat' dir='ltr'><strong>veluti</strong></span> <span class='ocrx_word' id='word_1_243' title='bbox 334 1787 538 1822; x_wconf 66' lang='lat' dir='ltr'><strong>Pr’tilippismum</strong></span> <span class='ocrx_word' id='word_1_244' title='bbox 552 1788 694 1821; x_wconf 88' lang='lat' dir='ltr'><strong>quemdam</strong></span> <span class='ocrx_word' id='word_1_245' title='bbox 711 1795 809 1821; x_wconf 74' lang='lat' dir='ltr'><strong>expro-</strong></span> 
     </span>
    </p>
   </div>
   <div class='ocr_carea' id='block_1_38' title="bbox 41 1834 807 1870">
    <p class='ocr_par' dir='ltr' id='par_1_38' title="bbox 41 1834 807 1870">
     <span class='ocr_line' id='line_1_38' title="bbox 41 1834 807 1870; baseline 0 -10"><span class='ocrx_word' id='word_1_246' title='bbox 41 1834 113 1862; x_wconf 79' lang='lat' dir='ltr'><strong>brans.</strong></span> <span class='ocrx_word' id='word_1_247' title='bbox 128 1834 197 1862; x_wconf 68' lang='lat' dir='ltr'><strong>,Non</strong></span> <span class='ocrx_word' id='word_1_248' title='bbox 223 1835 309 1862; x_wconf 75' lang='lat' dir='ltr'><strong>nullo</strong></span> <span class='ocrx_word' id='word_1_249' title='bbox 331 1839 402 1870; x_wconf 88' lang='lat' dir='ltr'><strong>post,</strong></span> <span class='ocrx_word' id='word_1_250' title='bbox 431 1834 589 1870; x_wconf 80' lang='lat' dir='ltr'><strong>Gregorium</strong></span> <span class='ocrx_word' id='word_1_251' title='bbox 614 1835 647 1861; x_wconf 90' lang='lat' dir='ltr'><strong>ad</strong></span> <span class='ocrx_word' id='word_1_252' title='bbox 675 1836 807 1869; x_wconf 86' lang='lat' dir='ltr'><strong>synodmn</strong></span> 
     </span>
    </p>
   </div>
   <div class='ocr_carea' id='block_1_39' title="bbox 42 1879 808 1915">
    <p class='ocr_par' dir='ltr' id='par_1_39' title="bbox 42 1879 808 1915">
     <span class='ocr_line' id='line_1_39' title="bbox 42 1879 808 1915; baseline 0.003 -10"><span class='ocrx_word' id='word_1_253' title='bbox 42 1881 126 1908; x_wconf 80' lang='lat' dir='ltr'><strong>vocavit</strong></span> <span class='ocrx_word' id='word_1_254' title='bbox 152 1882 319 1913; x_wconf 77' lang='lat' dir='ltr'><strong>Anthimus;</strong></span> <span class='ocrx_word' id='word_1_255' title='bbox 350 1880 420 1915; x_wconf 88' lang='lat' dir='ltr'><strong>quod</strong></span> <span class='ocrx_word' id='word_1_256' title='bbox 452 1888 512 1907; x_wconf 90' lang='lat' dir='ltr'><strong>eum</strong></span> <span class='ocrx_word' id='word_1_257' title='bbox 540 1879 671 1915; x_wconf 83' lang='lat' dir='ltr'><strong>Gregorio</strong></span> <span class='ocrx_word' id='word_1_258' title='bbox 699 1888 808 1915; x_wconf 87' lang='lat' dir='ltr'><strong>permo-</strong></span> 
     </span>
    </p>
   </div>
   <div class='ocr_carea' id='block_1_40' title="bbox 42 1925 802 1961">
    <p class='ocr_par' dir='ltr' id='par_1_40' title="bbox 42 1925 802 1961">
     <span class='ocr_line' id='line_1_40' title="bbox 42 1925 802 1961; baseline 0.004 -11"><span class='ocrx_word' id='word_1_259' title='bbox 42 1925 115 1954; x_wconf 86' lang='lat' dir='ltr'><strong>lestum</strong></span> <span class='ocrx_word' id='word_1_260' title='bbox 130 1932 210 1960; x_wconf 83' lang='lat' dir='ltr'><strong>esset,</strong></span> <span class='ocrx_word' id='word_1_261' title='bbox 227 1933 312 1961; x_wconf 85' lang='lat' dir='ltr'><strong>atque</strong></span> <span class='ocrx_word' id='word_1_262' title='bbox 328 1926 453 1961; x_wconf 86' lang='lat' dir='ltr'><strong>injuriam</strong></span> <span class='ocrx_word' id='word_1_263' title='bbox 470 1926 528 1953; x_wconf 83' lang='lat' dir='ltr'><strong>fieri</strong></span> <span class='ocrx_word' id='word_1_264' title='bbox 544 1926 690 1958; x_wconf 67' lang='lat' dir='ltr'><strong>«laniaret,</strong></span> <span class='ocrx_word' id='word_1_265' title='bbox 710 1927 802 1953; x_wconf 79' lang='lat' dir='ltr'><strong>Antbi-</strong></span> 
     </span>
    </p>
   </div>
   <div class='ocr_carea' id='block_1_41' title="bbox 42 1971 808 2008">
    <p class='ocr_par' dir='ltr' id='par_1_41' title="bbox 42 1971 808 2008">
     <span class='ocr_line' id='line_1_41' title="bbox 42 1971 808 2008; baseline 0.003 -11"><span class='ocrx_word' id='word_1_266' title='bbox 42 1978 85 1998; x_wconf 83' lang='lat' dir='ltr'><strong>Inus</strong></span> <span class='ocrx_word' id='word_1_267' title='bbox 105 1980 161 1999; x_wconf 88' lang='lat' dir='ltr'><strong>eum</strong></span> <span class='ocrx_word' id='word_1_268' title='bbox 182 1973 311 2008; x_wconf 82' lang='lat' dir='ltr'><strong>rogavit,</strong></span> <span class='ocrx_word' id='word_1_269' title='bbox 336 1978 364 1999; x_wconf 92' lang='lat' dir='ltr'><strong>ut</strong></span> <span class='ocrx_word' id='word_1_270' title='bbox 381 1972 477 2000; x_wconf 81' lang='lat' dir='ltr'><strong>Saltem</strong></span> <span class='ocrx_word' id='word_1_271' title='bbox 503 1971 560 2005; x_wconf 85' lang='lat' dir='ltr'><strong>ejus</strong></span> <span class='ocrx_word' id='word_1_272' title='bbox 579 1979 661 2007; x_wconf 88' lang='lat' dir='ltr'><strong>opera</strong></span> <span class='ocrx_word' id='word_1_273' title='bbox 689 1972 808 1999; x_wconf 83' lang='lat' dir='ltr'><strong>Basilius</strong></span> 
     </span>
    </p>
   </div>
   <div class='ocr_carea' id='block_1_42' title="bbox 41 2016 808 2046">
    <p class='ocr_par' dir='ltr' id='par_1_42' title="bbox 41 2016 808 2046">
     <span class='ocr_line' id='line_1_42' title="bbox 41 2016 808 2046; baseline 0.003 -3"><span class='ocrx_word' id='word_1_274' title='bbox 41 2016 65 2043; x_wconf 81' lang='lat' dir='ltr'><strong>ad</strong></span> <span class='ocrx_word' id='word_1_275' title='bbox 77 2017 275 2046; x_wconf 87' lang='lat' dir='ltr'><strong>deliberandum</strong></span> <span class='ocrx_word' id='word_1_276' title='bbox 292 2026 323 2046; x_wconf 89' lang='lat' dir='ltr'><strong>ea</strong></span> <span class='ocrx_word' id='word_1_277' title='bbox 346 2019 379 2046; x_wconf 84' lang='lat' dir='ltr'><strong>de</strong></span> <span class='ocrx_word' id='word_1_278' title='bbox 403 2026 432 2045; x_wconf 85' lang='lat' dir='ltr'><strong>re</strong></span> <span class='ocrx_word' id='word_1_279' title='bbox 450 2026 542 2046; x_wconf 85' lang='lat' dir='ltr'><strong>secum</strong></span> <span class='ocrx_word' id='word_1_280' title='bbox 566 2019 757 2045; x_wconf 88' lang='lat' dir='ltr'><strong>adduceretur.</strong></span> <span class='ocrx_word' id='word_1_281' title='bbox 781 2019 808 2045; x_wconf 95' lang='lat' dir='ltr'><strong>Id</strong></span> 
     </span>
    </p>
   </div>
   <div class='ocr_carea' id='block_1_43' title="bbox 40 2064 807 2101">
    <p class='ocr_par' dir='ltr' id='par_1_43' title="bbox 40 2064 807 2101">
     <span class='ocr_line' id='line_1_43' title="bbox 40 2064 807 2101; baseline 0.004 -12"><span class='ocrx_word' id='word_1_282' title='bbox 40 2064 150 2097; x_wconf 75' lang='lat' dir='ltr'><strong>pollicitus</strong></span> <span class='ocrx_word' id='word_1_283' title='bbox 174 2071 216 2093; x_wconf 87' lang='lat' dir='ltr'><strong>est</strong></span> <span class='ocrx_word' id='word_1_284' title='bbox 236 2065 396 2101; x_wconf 77' lang='lat' dir='ltr'><strong>Gregorius,</strong></span> <span class='ocrx_word' id='word_1_285' title='bbox 425 2070 452 2092; x_wconf 92' lang='lat' dir='ltr'><strong>et</strong></span> <span class='ocrx_word' id='word_1_286' title='bbox 478 2066 587 2100; x_wconf 76' lang='lat' dir='ltr'><strong>scripsit</strong></span> <span class='ocrx_word' id='word_1_287' title='bbox 608 2064 723 2097; x_wconf 82' lang='lat' dir='ltr'><strong>Basilio,</strong></span> <span class='ocrx_word' id='word_1_288' title='bbox 750 2073 807 2092; x_wconf 83' lang='lat' dir='ltr'><strong>rem</strong></span> 
     </span>
    </p>
   </div>
   <div class='ocr_carea' id='block_1_44' title="bbox 41 2110 806 2147">
    <p class='ocr_par' dir='ltr' id='par_1_44' title="bbox 41 2110 806 2147">
     <span class='ocr_line' id='line_1_44' title="bbox 41 2110 806 2147; baseline 0.005 -12"><span class='ocrx_word' id='word_1_289' title='bbox 41 2114 105 2136; x_wconf 84' lang='lat' dir='ltr'><strong>totam</strong></span> <span class='ocrx_word' id='word_1_290' title='bbox 117 2110 172 2145; x_wconf 83' lang='lat' dir='ltr'><strong>ejus</strong></span> <span class='ocrx_word' id='word_1_291' title='bbox 183 2112 293 2146; x_wconf 75' lang='lat' dir='ltr'><strong>judicio</strong></span> <span class='ocrx_word' id='word_1_292' title='bbox 313 2112 478 2146; x_wconf 87' lang='lat' dir='ltr'><strong>permittens.</strong></span> <span class='ocrx_word' id='word_1_293' title='bbox 495 2110 548 2145; x_wconf 45' lang='lat' dir='ltr'><strong>,llae</strong></span> <span class='ocrx_word' id='word_1_294' title='bbox 565 2110 690 2147; x_wconf 78' lang='lat' dir='ltr'><strong>Gregorii</strong></span> <span class='ocrx_word' id='word_1_295' title='bbox 711 2112 806 2140; x_wconf 75' lang='lat' dir='ltr'><strong>litterze</strong></span> 
     </span>
    </p>
   </div>
   <div class='ocr_carea' id='block_1_45' title="bbox 40 2157 391 2193">
    <p class='ocr_par' dir='ltr' id='par_1_45' title="bbox 40 2157 391 2193">
     <span class='ocr_line' id='line_1_45' title="bbox 40 2157 391 2193; baseline 0.011 -12"><span class='ocrx_word' id='word_1_296' title='bbox 40 2157 64 2182; x_wconf 84' lang='lat' dir='ltr'><strong>ad</strong></span> <span class='ocrx_word' id='word_1_297' title='bbox 74 2165 114 2184; x_wconf 84' lang='lat' dir='ltr'><strong>nos</strong></span> <span class='ocrx_word' id='word_1_298' title='bbox 126 2166 177 2185; x_wconf 90' lang='lat' dir='ltr'><strong>non</strong></span> <span class='ocrx_word' id='word_1_299' title='bbox 191 2161 391 2193; x_wconf 79' lang='lat' dir='ltr'><strong>pervenerunt.</strong></span> 
     </span>
    </p>
   </div>
   <div class='ocr_carea' id='block_1_46' title="bbox 870 267 1654 303">
    <p class='ocr_par' dir='ltr' id='par_1_46' title="bbox 870 267 1654 303">
     <span class='ocr_line' id='line_1_46' title="bbox 870 267 1654 303; baseline -0.003 -7"><span class='ocrx_word' id='word_1_300' title='bbox 870 269 992 303; x_wconf 80' lang='lat' dir='ltr'><strong>gesserit,</strong></span> <span class='ocrx_word' id='word_1_301' title='bbox 1012 274 1173 302; x_wconf 59' lang='lat' dir='ltr'><strong>aequumque</strong></span> <span class='ocrx_word' id='word_1_302' title='bbox 1190 275 1240 294; x_wconf 86' lang='lat' dir='ltr'><strong>non</strong></span> <span class='ocrx_word' id='word_1_303' title='bbox 1256 274 1315 294; x_wconf 88' lang='lat' dir='ltr'><strong>esse</strong></span> <span class='ocrx_word' id='word_1_304' title='bbox 1331 267 1512 297; x_wconf 86' lang='lat' dir='ltr'><strong>demonstrat,</strong></span> <span class='ocrx_word' id='word_1_305' title='bbox 1542 271 1571 293; x_wconf 93' lang='lat' dir='ltr'><strong>ut</strong></span> <span class='ocrx_word' id='word_1_306' title='bbox 1592 274 1654 294; x_wconf 88' lang='lat' dir='ltr'><strong>eum</strong></span> 
     </span>
    </p>
   </div>
   <div class='ocr_carea' id='block_1_47' title="bbox 870 311 1655 343">
    <p class='ocr_par' dir='ltr' id='par_1_47' title="bbox 870 311 1655 343">
     <span class='ocr_line' id='line_1_47' title="bbox 870 311 1655 343; baseline -0.001 -4"><span class='ocrx_word' id='word_1_307' title='bbox 870 314 960 341; x_wconf 81' lang='lat' dir='ltr'><strong>Basilii</strong></span> <span class='ocrx_word' id='word_1_308' title='bbox 973 321 1053 340; x_wconf 87' lang='lat' dir='ltr'><strong>causa</strong></span> <span class='ocrx_word' id='word_1_309' title='bbox 1068 314 1093 340; x_wconf 92' lang='lat' dir='ltr'><strong>in</strong></span> <span class='ocrx_word' id='word_1_310' title='bbox 1109 312 1284 340; x_wconf 64' lang='lat' dir='ltr'><strong>offensionem</strong></span> <span class='ocrx_word' id='word_1_311' title='bbox 1294 312 1420 338; x_wconf 83' lang='lat' dir='ltr'><strong>Anthimo</strong></span> <span class='ocrx_word' id='word_1_312' title='bbox 1434 312 1544 343; x_wconf 72' lang='lat' dir='ltr'><strong>venerit,</strong></span> <span class='ocrx_word' id='word_1_313' title='bbox 1556 311 1655 339; x_wconf 80' lang='lat' dir='ltr'><strong>Basilio</strong></span> 
     </span>
    </p>
   </div>
   <div class='ocr_carea' id='block_1_48' title="bbox 868 357 1654 394">
    <p class='ocr_par' dir='ltr' id='par_1_48' title="bbox 868 357 1654 394">
     <span class='ocr_line' id='line_1_48' title="bbox 868 357 1654 394; baseline -0.004 -8"><span class='ocrx_word' id='word_1_314' title='bbox 868 359 1011 394; x_wconf 79' lang='lat' dir='ltr'><strong>displiceat</strong></span> <span class='ocrx_word' id='word_1_315' title='bbox 1028 359 1109 386; x_wconf 87' lang='lat' dir='ltr'><strong>veluti</strong></span> <span class='ocrx_word' id='word_1_316' title='bbox 1124 359 1150 385; x_wconf 89' lang='lat' dir='ltr'><strong>in</strong></span> <span class='ocrx_word' id='word_1_317' title='bbox 1167 357 1323 384; x_wconf 82' lang='lat' dir='ltr'><strong>Anthimtnn</strong></span> <span class='ocrx_word' id='word_1_318' title='bbox 1341 357 1508 392; x_wconf 88' lang='lat' dir='ltr'><strong>propensior.</strong></span> <span class='ocrx_word' id='word_1_319' title='bbox 1533 357 1654 391; x_wconf 83' lang='lat' dir='ltr'><strong>Denique</strong></span> 
     </span>
    </p>
   </div>
   <div class='ocr_carea' id='block_1_49' title="bbox 869 403 1655 440">
    <p class='ocr_par' dir='ltr' id='par_1_49' title="bbox 869 403 1655 440">
     <span class='ocr_line' id='line_1_49' title="bbox 869 403 1655 440; baseline -0.001 -8"><span class='ocrx_word' id='word_1_320' title='bbox 869 406 908 433; x_wconf 82' lang='lat' dir='ltr'><strong>sic</strong></span> <span class='ocrx_word' id='word_1_321' title='bbox 924 406 1066 440; x_wconf 89' lang='lat' dir='ltr'><strong>epistolam</strong></span> <span class='ocrx_word' id='word_1_322' title='bbox 1086 405 1185 432; x_wconf 89' lang='lat' dir='ltr'><strong>claudit</strong></span> <span class='ocrx_word' id='word_1_323' title='bbox 1201 414 1207 432; x_wconf 92' lang='lat'>:</span> <span class='ocrx_word' id='word_1_324' title='bbox 1225 414 1234 430; x_wconf 70' lang='grc' dir='ltr'>ι</span> <span class='ocrx_word' id='word_1_325' title='bbox 1246 405 1322 438; x_wconf 83' lang='lat' dir='ltr'><strong>Quod</strong></span> <span class='ocrx_word' id='word_1_326' title='bbox 1342 405 1364 432; x_wconf 90' lang='lat' dir='ltr'><strong>si</strong></span> <span class='ocrx_word' id='word_1_327' title='bbox 1389 404 1578 431; x_wconf 86' lang='lat' dir='ltr'><strong>ostentationis</strong></span> <span class='ocrx_word' id='word_1_328' title='bbox 1599 403 1655 438; x_wconf 81' lang='lat' dir='ltr'><strong>glo-</strong></span> 
     </span>
    </p>
   </div>
   <div class='ocr_carea' id='block_1_50' title="bbox 869 449 1654 489">
    <p class='ocr_par' dir='ltr' id='par_1_50' title="bbox 869 449 1654 489">
     <span class='ocr_line' id='line_1_50' title="bbox 869 449 1654 489; baseline -0.003 -11"><span class='ocrx_word' id='word_1_329' title='bbox 869 452 968 485; x_wconf 62' lang='lat' dir='ltr'><strong>ria‘que</strong></span> <span class='ocrx_word' id='word_1_330' title='bbox 984 452 1067 478; x_wconf 91' lang='lat' dir='ltr'><strong>nimio</strong></span> <span class='ocrx_word' id='word_1_331' title='bbox 1081 450 1170 478; x_wconf 92' lang='lat' dir='ltr'><strong>studio</strong></span> <span class='ocrx_word' id='word_1_332' title='bbox 1191 451 1302 483; x_wconf 84' lang='lat' dir='ltr'><strong>teneris,</strong></span> <span class='ocrx_word' id='word_1_333' title='bbox 1316 455 1396 489; x_wconf 80' lang='lat' dir='ltr'><strong>atque</strong></span> <span class='ocrx_word' id='word_1_334' title='bbox 1412 457 1426 476; x_wconf 87' lang='lat' dir='ltr'><strong>e</strong></span> <span class='ocrx_word' id='word_1_335' title='bbox 1441 449 1500 476; x_wconf 89' lang='lat' dir='ltr'><strong>loco</strong></span> <span class='ocrx_word' id='word_1_336' title='bbox 1514 451 1654 484; x_wconf 88' lang='lat' dir='ltr'><strong>superiore</strong></span> 
     </span>
    </p>
   </div>
   <div class='ocr_carea' id='block_1_51' title="bbox 868 496 1655 532">
    <p class='ocr_par' dir='ltr' id='par_1_51' title="bbox 868 496 1655 532">
     <span class='ocr_line' id='line_1_51' title="bbox 868 496 1655 532; baseline -0.003 -8"><span class='ocrx_word' id='word_1_337' title='bbox 868 505 916 525; x_wconf 86' lang='lat' dir='ltr'><strong>uos</strong></span> <span class='ocrx_word' id='word_1_338' title='bbox 931 498 1088 532; x_wconf 89' lang='lat' dir='ltr'><strong>alloqueris,</strong></span> <span class='ocrx_word' id='word_1_339' title='bbox 1106 498 1179 524; x_wconf 79' lang='lat' dir='ltr'><strong>velut</strong></span> <span class='ocrx_word' id='word_1_340' title='bbox 1197 497 1419 531; x_wconf 83' lang='lat' dir='ltr'><strong>melropolitanus</strong></span> <span class='ocrx_word' id='word_1_341' title='bbox 1431 504 1521 530; x_wconf 82' lang='lat' dir='ltr'><strong>parv:e</strong></span> <span class='ocrx_word' id='word_1_342' title='bbox 1534 496 1655 523; x_wconf 82' lang='lat' dir='ltr'><strong>civitatis</strong></span> 
     </span>
    </p>
   </div>
   <div class='ocr_carea' id='block_1_52' title="bbox 867 541 1654 575">
    <p class='ocr_par' dir='ltr' id='par_1_52' title="bbox 867 541 1654 575">
     <span class='ocr_line' id='line_1_52' title="bbox 867 541 1654 575; baseline -0.001 -6"><span class='ocrx_word' id='word_1_343' title='bbox 867 542 978 574; x_wconf 83' lang='lat' dir='ltr'><strong>incolas,</strong></span> <span class='ocrx_word' id='word_1_344' title='bbox 997 542 1040 569; x_wconf 87' lang='lat' dir='ltr'><strong>vel</strong></span> <span class='ocrx_word' id='word_1_345' title='bbox 1058 543 1138 570; x_wconf 90' lang='lat' dir='ltr'><strong>etiam</strong></span> <span class='ocrx_word' id='word_1_346' title='bbox 1162 542 1277 574; x_wconf 86' lang='lat' dir='ltr'><strong>nullius,</strong></span> <span class='ocrx_word' id='word_1_347' title='bbox 1300 541 1378 568; x_wconf 88' lang='lat' dir='ltr'><strong>nobis</strong></span> <span class='ocrx_word' id='word_1_348' title='bbox 1398 548 1506 575; x_wconf 84' lang='lat' dir='ltr'><strong>quoque</strong></span> <span class='ocrx_word' id='word_1_349' title='bbox 1531 541 1654 575; x_wconf 82' lang='lat' dir='ltr'><strong>superci-</strong></span> 
     </span>
    </p>
   </div>
   <div class='ocr_carea' id='block_1_53' title="bbox 867 587 1653 623">
    <p class='ocr_par' dir='ltr' id='par_1_53' title="bbox 867 587 1653 623">
     <span class='ocr_line' id='line_1_53' title="bbox 867 587 1653 623; baseline 0.001 -9"><span class='ocrx_word' id='word_1_350' title='bbox 867 587 930 615; x_wconf 89' lang='lat' dir='ltr'><strong>lium</strong></span> <span class='ocrx_word' id='word_1_351' title='bbox 950 594 1007 620; x_wconf 86' lang='lat' dir='ltr'><strong>est,</strong></span> <span class='ocrx_word' id='word_1_352' title='bbox 1026 589 1097 623; x_wconf 85' lang='lat' dir='ltr'><strong>quod</strong></span> <span class='ocrx_word' id='word_1_353' title='bbox 1125 596 1303 623; x_wconf 79' lang='lat' dir='ltr'><strong>opponantus.</strong></span> <span class='ocrx_word' id='word_1_354' title='bbox 1338 587 1394 614; x_wconf 86' lang='lat' dir='ltr'><strong>Hoc</strong></span> <span class='ocrx_word' id='word_1_355' title='bbox 1421 589 1493 615; x_wconf 88' lang='lat' dir='ltr'><strong>enim</strong></span> <span class='ocrx_word' id='word_1_356' title='bbox 1527 588 1653 615; x_wconf 85' lang='lat' dir='ltr'><strong>omnibus</strong></span> 
     </span>
    </p>
   </div>
   <div class='ocr_carea' id='block_1_54' title="bbox 865 634 1426 669">
    <p class='ocr_par' dir='ltr' id='par_1_54' title="bbox 865 634 1426 669">
     <span class='ocr_line' id='line_1_54' title="bbox 865 634 1426 669; baseline -0.004 -8"><span class='ocrx_word' id='word_1_357' title='bbox 865 635 1022 662; x_wconf 86' lang='lat' dir='ltr'><strong>facillimum</strong></span> <span class='ocrx_word' id='word_1_358' title='bbox 1038 639 1091 667; x_wconf 88' lang='lat' dir='ltr'><strong>est,</strong></span> <span class='ocrx_word' id='word_1_359' title='bbox 1111 642 1143 662; x_wconf 89' lang='lat' dir='ltr'><strong>ac</strong></span> <span class='ocrx_word' id='word_1_360' title='bbox 1159 635 1274 662; x_wconf 88' lang='lat' dir='ltr'><strong>fortasse</strong></span> <span class='ocrx_word' id='word_1_361' title='bbox 1287 634 1401 669; x_wconf 65' lang='lat' dir='ltr'><strong>sequius.</strong></span> <span class='ocrx_word' id='word_1_362' title='bbox 1417 644 1426 659; x_wconf 77' lang='grc' dir='ltr'><strong><em>ι</em></strong></span> 
     </span>
    </p>
   </div>
   <div class='ocr_carea' id='block_1_55' title="bbox 899 697 1617 737">
    <p class='ocr_par' dir='ltr' id='par_1_55' title="bbox 899 697 1617 737">
     <span class='ocr_line' id='line_1_55' title="bbox 899 697 1617 737; baseline -0.003 -8"><span class='ocrx_word' id='word_1_363' title='bbox 899 697 966 729; x_wconf 78' lang='lat' dir='ltr'><strong>CVI.</strong></span> <span class='ocrx_word' id='word_1_364' title='bbox 1000 702 1114 736; x_wconf 77' lang='lat' dir='ltr'><strong>Abjectis</strong></span> <span class='ocrx_word' id='word_1_365' title='bbox 1141 701 1252 729; x_wconf 81' lang='lat' dir='ltr'><strong>Sosimis</strong></span> <span class='ocrx_word' id='word_1_366' title='bbox 1274 701 1417 737; x_wconf 72' lang='lat' dir='ltr'><strong>Gregorius</strong></span> <span class='ocrx_word' id='word_1_367' title='bbox 1443 701 1532 735; x_wconf 78' lang='lat' dir='ltr'><strong>repetit</strong></span> <span class='ocrx_word' id='word_1_368' title='bbox 1551 701 1617 728; x_wconf 84' lang='lat' dir='ltr'><strong>soli-</strong></span> 
     </span>
    </p>
   </div>
   <div class='ocr_carea' id='block_1_56' title="bbox 1197 737 1324 763">
    <p class='ocr_par' dir='ltr' id='par_1_56' title="bbox 1197 737 1324 763">
     <span class='ocr_line' id='line_1_56' title="bbox 1197 737 1324 763; baseline 0 0"><span class='ocrx_word' id='word_1_369' title='bbox 1197 737 1324 763; x_wconf 81' lang='lat' dir='ltr'><strong>tudinem.</strong></span> 
     </span>
    </p>
   </div>
   <div class='ocr_carea' id='block_1_57' title="bbox 890 782 1650 827">
    <p class='ocr_par' dir='ltr' id='par_1_57' title="bbox 890 782 1650 827">
     <span class='ocr_line' id='line_1_57' title="bbox 890 782 1650 827; baseline -0.001 -7"><span class='ocrx_word' id='word_1_370' title='bbox 890 782 1032 820; x_wconf 42' lang='lat' dir='ltr'><strong>‘Cmtentm</strong></span> <span class='ocrx_word' id='word_1_371' title='bbox 1053 793 1218 827; x_wconf 80' lang='lat' dir='ltr'><strong>propositam</strong></span> <span class='ocrx_word' id='word_1_372' title='bbox 1242 794 1274 820; x_wconf 90' lang='lat' dir='ltr'><strong>ab</strong></span> <span class='ocrx_word' id='word_1_373' title='bbox 1300 792 1431 819; x_wconf 83' lang='lat' dir='ltr'><strong>Anthimo</strong></span> <span class='ocrx_word' id='word_1_374' title='bbox 1459 798 1650 825; x_wconf 79' lang='lat' dir='ltr'><strong>conditionem,</strong></span> 
     </span>
    </p>
   </div>
   <div class='ocr_carea' id='block_1_58' title="bbox 863 838 1653 872">
    <p class='ocr_par' dir='ltr' id='par_1_58' title="bbox 863 838 1653 872">
     <span class='ocr_line' id='line_1_58' title="bbox 863 838 1653 872; baseline -0.001 -7"><span class='ocrx_word' id='word_1_375' title='bbox 863 842 892 865; x_wconf 84' lang='lat' dir='ltr'><strong>ut</strong></span> <span class='ocrx_word' id='word_1_376' title='bbox 913 839 945 865; x_wconf 87' lang='lat' dir='ltr'><strong>de</strong></span> <span class='ocrx_word' id='word_1_377' title='bbox 966 838 1132 865; x_wconf 87' lang='lat' dir='ltr'><strong>restituemla</strong></span> <span class='ocrx_word' id='word_1_378' title='bbox 1155 845 1223 872; x_wconf 85' lang='lat' dir='ltr'><strong>pace</strong></span> <span class='ocrx_word' id='word_1_379' title='bbox 1248 838 1398 865; x_wconf 88' lang='lat' dir='ltr'><strong>communis</strong></span> <span class='ocrx_word' id='word_1_380' title='bbox 1415 838 1531 865; x_wconf 86' lang='lat' dir='ltr'><strong>iniretur</strong></span> <span class='ocrx_word' id='word_1_381' title='bbox 1553 838 1653 865; x_wconf 85' lang='lat' dir='ltr'><strong>delibe-</strong></span> 
     </span>
    </p>
   </div>
   <div class='ocr_carea' id='block_1_59' title="bbox 865 883 1649 917">
    <p class='ocr_par' dir='ltr' id='par_1_59' title="bbox 865 883 1649 917">
     <span class='ocr_line' id='line_1_59' title="bbox 865 883 1649 917; baseline 0.003 -9"><span class='ocrx_word' id='word_1_382' title='bbox 865 884 945 916; x_wconf 85' lang='lat' dir='ltr'><strong>ratio,</strong></span> <span class='ocrx_word' id='word_1_383' title='bbox 960 891 1012 910; x_wconf 90' lang='lat' dir='ltr'><strong>non</strong></span> <span class='ocrx_word' id='word_1_384' title='bbox 1026 884 1177 917; x_wconf 86' lang='lat' dir='ltr'><strong>repudiavit</strong></span> <span class='ocrx_word' id='word_1_385' title='bbox 1195 883 1319 914; x_wconf 85' lang='lat' dir='ltr'><strong>Basilius,</strong></span> <span class='ocrx_word' id='word_1_386' title='bbox 1332 883 1516 917; x_wconf 66' lang='lat' dir='ltr'><strong>irttoJilienter</strong></span> <span class='ocrx_word' id='word_1_387' title='bbox 1534 889 1649 917; x_wconf 73' lang='lat' dir='ltr'><strong>accepit.</strong></span> 
     </span>
    </p>
   </div>
   <div class='ocr_carea' id='block_1_60' title="bbox 863 929 1648 964">
    <p class='ocr_par' dir='ltr' id='par_1_60' title="bbox 863 929 1648 964">
     <span class='ocr_line' id='line_1_60' title="bbox 863 929 1648 964; baseline 0 -8"><span class='ocrx_word' id='word_1_388' title='bbox 863 930 966 957; x_wconf 83' lang='lat' dir='ltr'><strong>interea</strong></span> <span class='ocrx_word' id='word_1_389' title='bbox 978 929 1136 964; x_wconf 73' lang='lat' dir='ltr'><strong>Gregorius,</strong></span> <span class='ocrx_word' id='word_1_390' title='bbox 1154 937 1213 956; x_wconf 89' lang='lat' dir='ltr'><strong>cum</strong></span> <span class='ocrx_word' id='word_1_391' title='bbox 1230 929 1331 956; x_wconf 90' lang='lat' dir='ltr'><strong>nullum</strong></span> <span class='ocrx_word' id='word_1_392' title='bbox 1343 929 1392 956; x_wconf 90' lang='lat' dir='ltr'><strong>sibi</strong></span> <span class='ocrx_word' id='word_1_393' title='bbox 1408 930 1440 955; x_wconf 91' lang='lat' dir='ltr'><strong>ad</strong></span> <span class='ocrx_word' id='word_1_394' title='bbox 1451 930 1648 963; x_wconf 82' lang='lat' dir='ltr'><strong>capessendam</strong></span> 
     </span>
    </p>
   </div>
   <div class='ocr_carea' id='block_1_61' title="bbox 863 975 1650 1009">
    <p class='ocr_par' dir='ltr' id='par_1_61' title="bbox 863 975 1650 1009">
     <span class='ocr_line' id='line_1_61' title="bbox 863 975 1650 1009; baseline 0 -6"><span class='ocrx_word' id='word_1_395' title='bbox 863 976 964 1007; x_wconf 80' lang='lat' dir='ltr'><strong>sedent,</strong></span> <span class='ocrx_word' id='word_1_396' title='bbox 988 983 1068 1009; x_wconf 86' lang='lat' dir='ltr'><strong>quant</strong></span> <span class='ocrx_word' id='word_1_397' title='bbox 1085 980 1264 1009; x_wconf 86' lang='lat' dir='ltr'><strong>occupaverat</strong></span> <span class='ocrx_word' id='word_1_398' title='bbox 1280 980 1362 1009; x_wconf 89' lang='lat' dir='ltr'><strong>atque</strong></span> <span class='ocrx_word' id='word_1_399' title='bbox 1388 975 1499 1002; x_wconf 87' lang='lat' dir='ltr'><strong>armatis</strong></span> <span class='ocrx_word' id='word_1_400' title='bbox 1519 975 1650 1003; x_wconf 85' lang='lat' dir='ltr'><strong>militibus</strong></span> 
     </span>
    </p>
   </div>
   <div class='ocr_carea' id='block_1_62' title="bbox 863 1021 1651 1054">
    <p class='ocr_par' dir='ltr' id='par_1_62' title="bbox 863 1021 1651 1054">
     <span class='ocr_line' id='line_1_62' title="bbox 863 1021 1651 1054; baseline 0.003 -8"><span class='ocrx_word' id='word_1_401' title='bbox 863 1022 989 1048; x_wconf 89' lang='lat' dir='ltr'><strong>tuebatur</strong></span> <span class='ocrx_word' id='word_1_402' title='bbox 1005 1021 1168 1051; x_wconf 85' lang='lat' dir='ltr'><strong>Antbitnus,</strong></span> <span class='ocrx_word' id='word_1_403' title='bbox 1187 1028 1330 1048; x_wconf 90' lang='lat' dir='ltr'><strong>accessum</strong></span> <span class='ocrx_word' id='word_1_404' title='bbox 1352 1025 1446 1054; x_wconf 81' lang='lat' dir='ltr'><strong>patere</strong></span> <span class='ocrx_word' id='word_1_405' title='bbox 1466 1028 1599 1054; x_wconf 87' lang='lat' dir='ltr'><strong>cerneret,</strong></span> <span class='ocrx_word' id='word_1_406' title='bbox 1619 1029 1651 1048; x_wconf 86' lang='lat' dir='ltr'><strong>ac</strong></span> 
     </span>
    </p>
   </div>
   <div class='ocr_carea' id='block_1_63' title="bbox 862 1067 1650 1102">
    <p class='ocr_par' dir='ltr' id='par_1_63' title="bbox 862 1067 1650 1102">
     <span class='ocr_line' id='line_1_63' title="bbox 862 1067 1650 1102; baseline 0 -8"><span class='ocrx_word' id='word_1_407' title='bbox 862 1067 945 1094; x_wconf 88' lang='lat' dir='ltr'><strong>nollet</strong></span> <span class='ocrx_word' id='word_1_408' title='bbox 967 1067 1081 1094; x_wconf 87' lang='lat' dir='ltr'><strong>obscura</strong></span> <span class='ocrx_word' id='word_1_409' title='bbox 1108 1075 1155 1102; x_wconf 84' lang='lat' dir='ltr'><strong>spe</strong></span> <span class='ocrx_word' id='word_1_410' title='bbox 1179 1072 1207 1093; x_wconf 90' lang='lat' dir='ltr'><strong>et</strong></span> <span class='ocrx_word' id='word_1_411' title='bbox 1235 1074 1305 1094; x_wconf 68' lang='lat' dir='ltr'><strong>emca</strong></span> <span class='ocrx_word' id='word_1_412' title='bbox 1327 1067 1531 1101; x_wconf 72' lang='lat' dir='ltr'><strong>exspectatione</strong></span> <span class='ocrx_word' id='word_1_413' title='bbox 1559 1068 1650 1094; x_wconf 75' lang='lat' dir='ltr'><strong>exitus</strong></span> 
     </span>
    </p>
   </div>
   <div class='ocr_carea' id='block_1_64' title="bbox 862 1113 1650 1147">
    <p class='ocr_par' dir='ltr' id='par_1_64' title="bbox 862 1113 1650 1147">
     <span class='ocr_line' id='line_1_64' title="bbox 862 1113 1650 1147; baseline 0 -8"><span class='ocrx_word' id='word_1_414' title='bbox 862 1113 1066 1140; x_wconf 80' lang='lat' dir='ltr'><strong>deliberationis</strong></span> <span class='ocrx_word' id='word_1_415' title='bbox 1083 1113 1117 1140; x_wconf 86' lang='lat' dir='ltr'><strong>de</strong></span> <span class='ocrx_word' id='word_1_416' title='bbox 1133 1121 1199 1147; x_wconf 88' lang='lat' dir='ltr'><strong>pace</strong></span> <span class='ocrx_word' id='word_1_417' title='bbox 1211 1113 1396 1147; x_wconf 85' lang='lat' dir='ltr'><strong>eumponenda</strong></span> <span class='ocrx_word' id='word_1_418' title='bbox 1414 1114 1530 1147; x_wconf 86' lang='lat' dir='ltr'><strong>pendere</strong></span> <span class='ocrx_word' id='word_1_419' title='bbox 1542 1133 1549 1144; x_wconf 84' lang='lat'><strong>,</strong></span> <span class='ocrx_word' id='word_1_420' title='bbox 1574 1121 1650 1139; x_wconf 91' lang='lat' dir='ltr'><strong>ama-</strong></span> 
     </span>
    </p>
   </div>
   <div class='ocr_carea' id='block_1_65' title="bbox 863 1158 1650 1194">
    <p class='ocr_par' dir='ltr' id='par_1_65' title="bbox 863 1158 1650 1194">
     <span class='ocr_line' id='line_1_65' title="bbox 863 1158 1650 1194; baseline 0.003 -10"><span class='ocrx_word' id='word_1_421' title='bbox 863 1162 915 1185; x_wconf 86' lang='lat' dir='ltr'><strong>tam</strong></span> <span class='ocrx_word' id='word_1_422' title='bbox 931 1158 1030 1193; x_wconf 90' lang='lat' dir='ltr'><strong>diuque</strong></span> <span class='ocrx_word' id='word_1_423' title='bbox 1051 1163 1171 1193; x_wconf 88' lang='lat' dir='ltr'><strong>optatam</strong></span> <span class='ocrx_word' id='word_1_424' title='bbox 1188 1160 1360 1186; x_wconf 74' lang='lat' dir='ltr'><strong>solitudinem</strong></span> <span class='ocrx_word' id='word_1_425' title='bbox 1376 1160 1482 1193; x_wconf 84' lang='lat' dir='ltr'><strong>repetit.</strong></span> <span class='ocrx_word' id='word_1_426' title='bbox 1501 1159 1650 1194; x_wconf 78' lang='lat' dir='ltr'><strong>Gregorius</strong></span> 
     </span>
    </p>
   </div>
   <div class='ocr_carea' id='block_1_66' title="bbox 861 1203 1648 1240">
    <p class='ocr_par' dir='ltr' id='par_1_66' title="bbox 861 1203 1648 1240">
     <span class='ocr_line' id='line_1_66' title="bbox 861 1203 1648 1240; baseline 0.001 -10"><span class='ocrx_word' id='word_1_427' title='bbox 861 1203 1001 1239; x_wconf 84' lang='lat' dir='ltr'><strong>presbyter</strong></span> <span class='ocrx_word' id='word_1_428' title='bbox 1023 1205 1049 1230; x_wconf 91' lang='lat' dir='ltr'><strong>in</strong></span> <span class='ocrx_word' id='word_1_429' title='bbox 1066 1204 1150 1239; x_wconf 87' lang='lat' dir='ltr'><strong>ipsius</strong></span> <span class='ocrx_word' id='word_1_430' title='bbox 1169 1204 1228 1231; x_wconf 83' lang='lat' dir='ltr'><strong>Vita</strong></span> <span class='ocrx_word' id='word_1_431' title='bbox 1243 1205 1337 1231; x_wconf 89' lang='lat' dir='ltr'><strong>scribit</strong></span> <span class='ocrx_word' id='word_1_432' title='bbox 1359 1212 1419 1231; x_wconf 84' lang='lat' dir='ltr'><strong>eum</strong></span> <span class='ocrx_word' id='word_1_433' title='bbox 1438 1206 1470 1231; x_wconf 88' lang='lat' dir='ltr'><strong>ad</strong></span> <span class='ocrx_word' id='word_1_434' title='bbox 1487 1208 1648 1240; x_wconf 66' lang='lat' dir='ltr'><strong>mgrutorum</strong></span> 
     </span>
    </p>
   </div>
   <div class='ocr_carea' id='block_1_67' title="bbox 862 1249 1650 1285">
    <p class='ocr_par' dir='ltr' id='par_1_67' title="bbox 862 1249 1650 1285">
     <span class='ocr_line' id='line_1_67' title="bbox 862 1249 1650 1285; baseline 0.003 -10"><span class='ocrx_word' id='word_1_435' title='bbox 862 1249 1028 1276; x_wconf 84' lang='lat' dir='ltr'><strong>domicilium</strong></span> <span class='ocrx_word' id='word_1_436' title='bbox 1054 1249 1219 1285; x_wconf 84' lang='lat' dir='ltr'><strong>confugisse,</strong></span> <span class='ocrx_word' id='word_1_437' title='bbox 1243 1251 1283 1281; x_wconf 83' lang='grc' dir='ltr'><strong>εἰς</strong></span> <span class='ocrx_word' id='word_1_438' title='bbox 1303 1250 1508 1285; x_wconf 75' lang='grc' dir='ltr'><strong>φροντιστήριον</strong></span> <span class='ocrx_word' id='word_1_439' title='bbox 1528 1249 1650 1277; x_wconf 78' lang='grc' dir='ltr'><strong>ἀσθενῶν</strong></span> 
     </span>
    </p>
   </div>
   <div class='ocr_carea' id='block_1_68' title="bbox 861 1295 1648 1329">
    <p class='ocr_par' dir='ltr' id='par_1_68' title="bbox 861 1295 1648 1329">
     <span class='ocr_line' id='line_1_68' title="bbox 861 1295 1648 1329; baseline 0 -8"><span class='ocrx_word' id='word_1_440' title='bbox 861 1295 1036 1329; x_wconf 69' lang='grc' dir='ltr'><strong>καταφεύγει.</strong></span> <span class='ocrx_word' id='word_1_441' title='bbox 1052 1295 1120 1322; x_wconf 86' lang='lat' dir='ltr'><strong>Tum</strong></span> <span class='ocrx_word' id='word_1_442' title='bbox 1136 1296 1211 1322; x_wconf 85' lang='lat' dir='ltr'><strong>addit</strong></span> <span class='ocrx_word' id='word_1_443' title='bbox 1229 1304 1235 1322; x_wconf 88' lang='lat'><strong>:</strong></span> <span class='ocrx_word' id='word_1_444' title='bbox 1255 1305 1264 1320; x_wconf 73' lang='grc' dir='ltr'><strong>ε</strong></span> <span class='ocrx_word' id='word_1_445' title='bbox 1277 1295 1379 1322; x_wconf 85' lang='lat' dir='ltr'><strong>Ferunt</strong></span> <span class='ocrx_word' id='word_1_446' title='bbox 1400 1301 1490 1321; x_wconf 88' lang='lat' dir='ltr'><strong>autem</strong></span> <span class='ocrx_word' id='word_1_447' title='bbox 1507 1303 1580 1325; x_wconf 77' lang='lat' dir='ltr'><strong>cunt.</strong></span> <span class='ocrx_word' id='word_1_448' title='bbox 1597 1302 1648 1321; x_wconf 85' lang='lat' dir='ltr'><strong>nec</strong></span> 
     </span>
    </p>
   </div>
   <div class='ocr_carea' id='block_1_69' title="bbox 860 1341 1648 1375">
    <p class='ocr_par' dir='ltr' id='par_1_69' title="bbox 860 1341 1648 1375">
     <span class='ocr_line' id='line_1_69' title="bbox 860 1341 1648 1375; baseline -0.001 -7"><span class='ocrx_word' id='word_1_449' title='bbox 860 1341 1034 1373; x_wconf 84' lang='lat' dir='ltr'><strong>oblationem,</strong></span> <span class='ocrx_word' id='word_1_450' title='bbox 1051 1349 1100 1369; x_wconf 88' lang='lat' dir='ltr'><strong>nec</strong></span> <span class='ocrx_word' id='word_1_451' title='bbox 1117 1342 1330 1374; x_wconf 83' lang='lat' dir='ltr'><strong>ordinationem,</strong></span> <span class='ocrx_word' id='word_1_452' title='bbox 1345 1349 1394 1368; x_wconf 91' lang='lat' dir='ltr'><strong>nec</strong></span> <span class='ocrx_word' id='word_1_453' title='bbox 1413 1342 1558 1375; x_wconf 86' lang='lat' dir='ltr'><strong>quidquam</strong></span> <span class='ocrx_word' id='word_1_454' title='bbox 1575 1342 1648 1368; x_wconf 88' lang='lat' dir='ltr'><strong>aliud</strong></span> 
     </span>
    </p>
   </div>
   <div class='ocr_carea' id='block_1_70' title="bbox 861 1386 1648 1421">
    <p class='ocr_par' dir='ltr' id='par_1_70' title="bbox 861 1386 1648 1421">
     <span class='ocr_line' id='line_1_70' title="bbox 861 1386 1648 1421; baseline 0 -7"><span class='ocrx_word' id='word_1_455' title='bbox 861 1394 965 1419; x_wconf 86' lang='lat' dir='ltr'><strong>eorum,</strong></span> <span class='ocrx_word' id='word_1_456' title='bbox 987 1394 1046 1421; x_wconf 70' lang='lat' dir='ltr'><strong>qua:</strong></span> <span class='ocrx_word' id='word_1_457' title='bbox 1062 1387 1133 1420; x_wconf 82' lang='lat' dir='ltr'><strong>apud</strong></span> <span class='ocrx_word' id='word_1_458' title='bbox 1153 1387 1296 1421; x_wconf 88' lang='lat' dir='ltr'><strong>episcopos</strong></span> <span class='ocrx_word' id='word_1_459' title='bbox 1321 1387 1349 1413; x_wconf 92' lang='lat' dir='ltr'><strong>in</strong></span> <span class='ocrx_word' id='word_1_460' title='bbox 1374 1393 1449 1413; x_wconf 87' lang='lat' dir='ltr'><strong>more</strong></span> <span class='ocrx_word' id='word_1_461' title='bbox 1475 1389 1502 1413; x_wconf 85' lang='lat' dir='ltr'><strong>et,</strong></span> <span class='ocrx_word' id='word_1_462' title='bbox 1524 1386 1648 1414; x_wconf 91' lang='lat' dir='ltr'><strong>instituto</strong></span> 
     </span>
    </p>
   </div>
   <div class='ocr_carea' id='block_1_71' title="bbox 860 1431 1650 1468">
    <p class='ocr_par' dir='ltr' id='par_1_71' title="bbox 860 1431 1650 1468">
     <span class='ocr_line' id='line_1_71' title="bbox 860 1431 1650 1468; baseline 0 -9"><span class='ocrx_word' id='word_1_463' title='bbox 860 1432 949 1468; x_wconf 75' lang='lat' dir='ltr'><strong>posita</strong></span> <span class='ocrx_word' id='word_1_464' title='bbox 965 1436 1040 1464; x_wconf 89' lang='lat' dir='ltr'><strong>sunt,</strong></span> <span class='ocrx_word' id='word_1_465' title='bbox 1060 1431 1174 1459; x_wconf 88' lang='lat' dir='ltr'><strong>Sasimis</strong></span> <span class='ocrx_word' id='word_1_466' title='bbox 1187 1432 1340 1467; x_wconf 76' lang='lat' dir='ltr'><strong>peregisse;</strong></span> <span class='ocrx_word' id='word_1_467' title='bbox 1355 1439 1447 1458; x_wconf 89' lang='lat' dir='ltr'><strong>verum</strong></span> <span class='ocrx_word' id='word_1_468' title='bbox 1466 1432 1546 1459; x_wconf 88' lang='lat' dir='ltr'><strong>simul</strong></span> <span class='ocrx_word' id='word_1_469' title='bbox 1568 1437 1650 1466; x_wconf 83' lang='lat' dir='ltr'><strong>atque</strong></span> 
     </span>
    </p>
   </div>
   <div class='ocr_carea' id='block_1_72' title="bbox 860 1477 1648 1513">
    <p class='ocr_par' dir='ltr' id='par_1_72' title="bbox 860 1477 1648 1513">
     <span class='ocr_line' id='line_1_72' title="bbox 860 1477 1648 1513; baseline -0.001 -8"><span class='ocrx_word' id='word_1_470' title='bbox 860 1477 1003 1513; x_wconf 80' lang='lat' dir='ltr'><strong>episcopus</strong></span> <span class='ocrx_word' id='word_1_471' title='bbox 1027 1478 1170 1505; x_wconf 87' lang='lat' dir='ltr'><strong>ordinatus</strong></span> <span class='ocrx_word' id='word_1_472' title='bbox 1201 1477 1269 1510; x_wconf 78' lang='lat' dir='ltr'><strong>fuit,</strong></span> <span class='ocrx_word' id='word_1_473' title='bbox 1285 1499 1287 1501; x_wconf 92' lang='lat'><strong>.</strong></span> <span class='ocrx_word' id='word_1_474' title='bbox 1304 1477 1396 1511; x_wconf 80' lang='lat' dir='ltr'><strong>fugam</strong></span> <span class='ocrx_word' id='word_1_475' title='bbox 1428 1477 1519 1505; x_wconf 87' lang='lat' dir='ltr'><strong>animo</strong></span> <span class='ocrx_word' id='word_1_476' title='bbox 1548 1485 1648 1505; x_wconf 83' lang='lat' dir='ltr'><strong>conce-</strong></span> 
     </span>
    </p>
   </div>
   <div class='ocr_carea' id='block_1_73' title="bbox 860 1524 972 1559">
    <p class='ocr_par' dir='ltr' id='par_1_73' title="bbox 860 1524 972 1559">
     <span class='ocr_line' id='line_1_73' title="bbox 860 1524 972 1559; baseline 0.009 -9"><span class='ocrx_word' id='word_1_477' title='bbox 860 1524 942 1559; x_wconf 81' lang='lat' dir='ltr'><strong>pisse.</strong></span> <span class='ocrx_word' id='word_1_478' title='bbox 962 1533 972 1551; x_wconf 71' lang='grc' dir='ltr'>ι</span> 
     </span>
    </p>
   </div>
   <div class='ocr_carea' id='block_1_74' title="bbox 896 1579 1641 1616">
    <p class='ocr_par' dir='ltr' id='par_1_74' title="bbox 896 1579 1641 1616">
     <span class='ocr_line' id='line_1_74' title="bbox 896 1579 1641 1616; baseline -0.003 -8"><span class='ocrx_word' id='word_1_479' title='bbox 896 1581 941 1608; x_wconf 88' lang='lat' dir='ltr'><strong>Sic</strong></span> <span class='ocrx_word' id='word_1_480' title='bbox 955 1585 1007 1607; x_wconf 89' lang='lat' dir='ltr'><strong>tam</strong></span> <span class='ocrx_word' id='word_1_481' title='bbox 1019 1587 1100 1616; x_wconf 84' lang='lat' dir='ltr'><strong>grave</strong></span> <span class='ocrx_word' id='word_1_482' title='bbox 1111 1587 1179 1608; x_wconf 92' lang='lat' dir='ltr'><strong>onus</strong></span> <span class='ocrx_word' id='word_1_483' title='bbox 1193 1580 1313 1608; x_wconf 83' lang='lat' dir='ltr'><strong>excussit</strong></span> <span class='ocrx_word' id='word_1_484' title='bbox 1325 1579 1484 1614; x_wconf 83' lang='lat' dir='ltr'><strong>Gregorius,</strong></span> <span class='ocrx_word' id='word_1_485' title='bbox 1498 1579 1538 1607; x_wconf 91' lang='lat' dir='ltr'><strong>sic</strong></span> <span class='ocrx_word' id='word_1_486' title='bbox 1553 1579 1641 1607; x_wconf 90' lang='lat' dir='ltr'><strong>invisa</strong></span> 
     </span>
    </p>
   </div>
   <div class='ocr_carea' id='block_1_75' title="bbox 860 1626 1647 1661">
    <p class='ocr_par' dir='ltr' id='par_1_75' title="bbox 860 1626 1647 1661">
     <span class='ocr_line' id='line_1_75' title="bbox 860 1626 1647 1661; baseline -0.003 -7"><span class='ocrx_word' id='word_1_487' title='bbox 860 1627 959 1661; x_wconf 76' lang='lat' dir='ltr'><strong>abiecit</strong></span> <span class='ocrx_word' id='word_1_488' title='bbox 975 1626 1093 1659; x_wconf 89' lang='lat' dir='ltr'><strong>Sasima,</strong></span> <span class='ocrx_word' id='word_1_489' title='bbox 1107 1634 1168 1661; x_wconf 68' lang='lat' dir='ltr'><strong>quite</strong></span> <span class='ocrx_word' id='word_1_490' title='bbox 1181 1631 1222 1653; x_wconf 85' lang='lat' dir='ltr'><strong>tot</strong></span> <span class='ocrx_word' id='word_1_491' title='bbox 1237 1626 1260 1653; x_wconf 90' lang='lat' dir='ltr'><strong>ei</strong></span> <span class='ocrx_word' id='word_1_492' title='bbox 1283 1626 1431 1657; x_wconf 85' lang='lat' dir='ltr'><strong>molestias,</strong></span> <span class='ocrx_word' id='word_1_493' title='bbox 1451 1630 1479 1652; x_wconf 88' lang='lat' dir='ltr'><strong>et</strong></span> <span class='ocrx_word' id='word_1_494' title='bbox 1494 1633 1561 1659; x_wconf 86' lang='lat' dir='ltr'><strong>quas</strong></span> <span class='ocrx_word' id='word_1_495' title='bbox 1575 1626 1647 1652; x_wconf 89' lang='lat' dir='ltr'><strong>nulla</strong></span> 
     </span>
    </p>
   </div>
   <div class='ocr_carea' id='block_1_76' title="bbox 860 1671 1649 1709">
    <p class='ocr_par' dir='ltr' id='par_1_76' title="bbox 860 1671 1649 1709">
     <span class='ocr_line' id='line_1_76' title="bbox 860 1671 1649 1709; baseline -0.003 -9"><span class='ocrx_word' id='word_1_496' title='bbox 860 1673 1067 1709; x_wconf 82' lang='lat' dir='ltr'><strong>unquam&#39;dies,</strong></span> <span class='ocrx_word' id='word_1_497' title='bbox 1084 1673 1172 1708; x_wconf 84' lang='lat' dir='ltr'><strong>quoad</strong></span> <span class='ocrx_word' id='word_1_498' title='bbox 1190 1672 1269 1704; x_wconf 78' lang='lat' dir='ltr'><strong>vixit,</strong></span> <span class='ocrx_word' id='word_1_499' title='bbox 1287 1671 1434 1698; x_wconf 73' lang='lat' dir='ltr'><strong>exhaurire</strong></span> <span class='ocrx_word' id='word_1_500' title='bbox 1453 1671 1550 1705; x_wconf 85' lang='lat' dir='ltr'><strong>potuit.</strong></span> <span class='ocrx_word' id='word_1_501' title='bbox 1567 1678 1649 1705; x_wconf 51' lang='lat' dir='ltr'><strong>pepc.</strong></span> 
     </span>
    </p>
   </div>
   <div class='ocr_carea' id='block_1_77' title="bbox 859 1715 1648 1751">
    <p class='ocr_par' dir='ltr' id='par_1_77' title="bbox 859 1715 1648 1751">
     <span class='ocr_line' id='line_1_77' title="bbox 859 1715 1648 1751; baseline -0.004 -6"><span class='ocrx_word' id='word_1_502' title='bbox 859 1723 954 1745; x_wconf 88' lang='lat' dir='ltr'><strong>rerunt</strong></span> <span class='ocrx_word' id='word_1_503' title='bbox 971 1727 978 1745; x_wconf 87' lang='lat'><strong>:</strong></span> <span class='ocrx_word' id='word_1_504' title='bbox 996 1717 1113 1750; x_wconf 81' lang='lat' dir='ltr'><strong>Sasima,</strong></span> <span class='ocrx_word' id='word_1_505' title='bbox 1136 1717 1258 1751; x_wconf 87' lang='lat' dir='ltr'><strong>inquam,</strong></span> <span class='ocrx_word' id='word_1_506' title='bbox 1275 1724 1307 1743; x_wconf 81' lang='lat' dir='ltr'><strong>ex</strong></span> <span class='ocrx_word' id='word_1_507' title='bbox 1326 1716 1424 1750; x_wconf 89' lang='lat' dir='ltr'><strong>quibus</strong></span> <span class='ocrx_word' id='word_1_508' title='bbox 1447 1715 1591 1750; x_wconf 84' lang='lat' dir='ltr'><strong>Gregorio,</strong></span> <span class='ocrx_word' id='word_1_509' title='bbox 1618 1721 1648 1742; x_wconf 83' lang='lat' dir='ltr'><strong>ut</strong></span> 
     </span>
    </p>
   </div>
   <div class='ocr_carea' id='block_1_78' title="bbox 824 1762 1649 1797">
    <p class='ocr_par' dir='ltr' id='par_1_78' title="bbox 824 1762 1649 1797">
     <span class='ocr_line' id='line_1_78' title="bbox 824 1762 1649 1797; baseline -0.001 -7"><span class='ocrx_word' id='word_1_510' title='bbox 824 1779 833 1791; x_wconf 85' lang='lat'><strong>.</strong></span> <span class='ocrx_word' id='word_1_511' title='bbox 860 1763 945 1796; x_wconf 86' lang='lat' dir='ltr'><strong>ipsius</strong></span> <span class='ocrx_word' id='word_1_512' title='bbox 956 1763 1046 1790; x_wconf 88' lang='lat' dir='ltr'><strong>verbis</strong></span> <span class='ocrx_word' id='word_1_513' title='bbox 1061 1768 1122 1789; x_wconf 87' lang='lat' dir='ltr'><strong>utar</strong></span> <span class='ocrx_word' id='word_1_514' title='bbox 1138 1762 1177 1797; x_wconf 81' lang='lat' dir='ltr'><strong>(ri)</strong></span> <span class='ocrx_word' id='word_1_515' title='bbox 1194 1783 1200 1794; x_wconf 93' lang='lat'><strong>,</strong></span> <span class='ocrx_word' id='word_1_516' title='bbox 1224 1772 1233 1788; x_wconf 78' lang='grc' dir='ltr'>ι</span> <span class='ocrx_word' id='word_1_517' title='bbox 1246 1762 1335 1789; x_wconf 89' lang='lat' dir='ltr'><strong>omnis</strong></span> <span class='ocrx_word' id='word_1_518' title='bbox 1349 1762 1409 1788; x_wconf 70' lang='lat' dir='ltr'><strong>vitm</strong></span> <span class='ocrx_word' id='word_1_519' title='bbox 1424 1762 1604 1788; x_wconf 80' lang='lat' dir='ltr'><strong>inconstantia</strong></span> <span class='ocrx_word' id='word_1_520' title='bbox 1620 1767 1649 1789; x_wconf 86' lang='lat' dir='ltr'><strong>et</strong></span> 
     </span>
    </p>
   </div>
   <div class='ocr_carea' id='block_1_79' title="bbox 860 1808 1647 1844">
    <p class='ocr_par' dir='ltr' id='par_1_79' title="bbox 860 1808 1647 1844">
     <span class='ocr_line' id='line_1_79' title="bbox 860 1808 1647 1844; baseline -0.003 -8"><span class='ocrx_word' id='word_1_521' title='bbox 860 1810 1027 1844; x_wconf 88' lang='lat' dir='ltr'><strong>perturbatio</strong></span> <span class='ocrx_word' id='word_1_522' title='bbox 1040 1809 1169 1836; x_wconf 87' lang='lat' dir='ltr'><strong>manavit.</strong></span> <span class='ocrx_word' id='word_1_523' title='bbox 1185 1817 1194 1833; x_wconf 76' lang='grc' dir='ltr'>ι</span> <span class='ocrx_word' id='word_1_524' title='bbox 1214 1809 1280 1842; x_wconf 84' lang='lat' dir='ltr'><strong>Quis</strong></span> <span class='ocrx_word' id='word_1_525' title='bbox 1296 1813 1324 1835; x_wconf 89' lang='lat' dir='ltr'><strong>et</strong></span> <span class='ocrx_word' id='word_1_526' title='bbox 1350 1808 1439 1843; x_wconf 85' lang='lat' dir='ltr'><strong>qualis</strong></span> <span class='ocrx_word' id='word_1_527' title='bbox 1452 1808 1496 1834; x_wconf 90' lang='lat' dir='ltr'><strong>ille</strong></span> <span class='ocrx_word' id='word_1_528' title='bbox 1510 1808 1545 1835; x_wconf 87' lang='lat' dir='ltr'><strong>sit</strong></span> <span class='ocrx_word' id='word_1_529' title='bbox 1561 1808 1647 1840; x_wconf 81' lang='lat' dir='ltr'><strong>locus,</strong></span> 
     </span>
    </p>
   </div>
   <div class='ocr_carea' id='block_1_80' title="bbox 859 1853 1646 1890">
    <p class='ocr_par' dir='ltr' id='par_1_80' title="bbox 859 1853 1646 1890">
     <span class='ocr_line' id='line_1_80' title="bbox 859 1853 1646 1890; baseline -0.003 -8"><span class='ocrx_word' id='word_1_530' title='bbox 859 1855 983 1890; x_wconf 87' lang='lat' dir='ltr'><strong>Gregorii</strong></span> <span class='ocrx_word' id='word_1_531' title='bbox 999 1855 1211 1888; x_wconf 84' lang='lat' dir='ltr'><strong>calamitatibus,</strong></span> <span class='ocrx_word' id='word_1_532' title='bbox 1230 1862 1345 1889; x_wconf 84' lang='lat' dir='ltr'><strong>quarum</strong></span> <span class='ocrx_word' id='word_1_533' title='bbox 1373 1854 1433 1882; x_wconf 83' lang='lat' dir='ltr'><strong>forts</strong></span> <span class='ocrx_word' id='word_1_534' title='bbox 1449 1858 1477 1881; x_wconf 86' lang='lat' dir='ltr'><strong>et</strong></span> <span class='ocrx_word' id='word_1_535' title='bbox 1493 1854 1569 1889; x_wconf 82' lang='lat' dir='ltr'><strong>origo</strong></span> <span class='ocrx_word' id='word_1_536' title='bbox 1585 1853 1646 1887; x_wconf 82' lang='lat' dir='ltr'><strong>fuit,</strong></span> 
     </span>
    </p>
   </div>
   <div class='ocr_carea' id='block_1_81' title="bbox 859 1899 1648 1934">
    <p class='ocr_par' dir='ltr' id='par_1_81' title="bbox 859 1899 1648 1934">
     <span class='ocr_line' id='line_1_81' title="bbox 859 1899 1648 1934; baseline 0 -7"><span class='ocrx_word' id='word_1_537' title='bbox 859 1906 940 1933; x_wconf 89' lang='lat' dir='ltr'><strong>atque</strong></span> <span class='ocrx_word' id='word_1_538' title='bbox 955 1901 1037 1927; x_wconf 85' lang='lat' dir='ltr'><strong>etiam</strong></span> <span class='ocrx_word' id='word_1_539' title='bbox 1054 1900 1222 1928; x_wconf 84' lang='lat' dir='ltr'><strong>carminibus</strong></span> <span class='ocrx_word' id='word_1_540' title='bbox 1239 1906 1293 1926; x_wconf 90' lang='lat' dir='ltr'><strong>tam</strong></span> <span class='ocrx_word' id='word_1_541' title='bbox 1308 1899 1438 1932; x_wconf 85' lang='lat' dir='ltr'><strong>famosus,</strong></span> <span class='ocrx_word' id='word_1_542' title='bbox 1459 1908 1492 1927; x_wconf 85' lang='lat' dir='ltr'><strong>ex</strong></span> <span class='ocrx_word' id='word_1_543' title='bbox 1509 1901 1567 1934; x_wconf 86' lang='lat' dir='ltr'><strong>ipso</strong></span> <span class='ocrx_word' id='word_1_544' title='bbox 1579 1900 1648 1927; x_wconf 80' lang='lat' dir='ltr'><strong>Gre-</strong></span> 
     </span>
    </p>
   </div>
   <div class='ocr_carea' id='block_1_82' title="bbox 859 1946 1090 1981">
    <p class='ocr_par' dir='ltr' id='par_1_82' title="bbox 859 1946 1090 1981">
     <span class='ocr_line' id='line_1_82' title="bbox 859 1946 1090 1981; baseline -0.004 -8"><span class='ocrx_word' id='word_1_545' title='bbox 859 1946 934 1981; x_wconf 76' lang='lat' dir='ltr'><strong>gorio</strong></span> <span class='ocrx_word' id='word_1_546' title='bbox 950 1946 1090 1973; x_wconf 82' lang='lat' dir='ltr'><strong>discimus.</strong></span> 
     </span>
    </p>
   </div>
   <div class='ocr_carea' id='block_1_83' title="bbox 1035 2013 1456 2050">
    <p class='ocr_par' dir='ltr' id='par_1_83' title="bbox 1035 2013 1456 2050">
     <span class='ocr_line' id='line_1_83' title="bbox 1035 2013 1456 2050; baseline 0.002 -9"><span class='ocrx_word' id='word_1_547' title='bbox 1035 2013 1113 2041; x_wconf 81' lang='lat' dir='ltr'><strong>CVII.</strong></span> <span class='ocrx_word' id='word_1_548' title='bbox 1128 2014 1293 2042; x_wconf 70' lang='lat' dir='ltr'><strong>Sasimorum</strong></span> <span class='ocrx_word' id='word_1_549' title='bbox 1306 2014 1456 2050; x_wconf 77' lang='lat' dir='ltr'><strong>descriptio.</strong></span> 
     </span>
    </p>
   </div>
   <div class='ocr_carea' id='block_1_84' title="bbox 860 2082 1512 2117">
    <p class='ocr_par' dir='ltr' id='par_1_84' title="bbox 860 2082 1512 2117">
     <span class='ocr_line' id='line_1_84' title="bbox 860 2082 1512 2117; baseline -0.003 -7"><span class='ocrx_word' id='word_1_550' title='bbox 860 2082 947 2110; x_wconf 83' lang='lat' dir='ltr'><strong>Statio</strong></span> <span class='ocrx_word' id='word_1_551' title='bbox 961 2083 1081 2117; x_wconf 70' lang='lat' dir='ltr'><strong>quietiam</strong></span> <span class='ocrx_word' id='word_1_552' title='bbox 1094 2087 1132 2110; x_wconf 77' lang='lat' dir='ltr'><strong>est</strong></span> <span class='ocrx_word' id='word_1_553' title='bbox 1146 2084 1172 2110; x_wconf 79' lang='lat' dir='ltr'><strong>in</strong></span> <span class='ocrx_word' id='word_1_554' title='bbox 1186 2083 1270 2109; x_wconf 78' lang='lat' dir='ltr'><strong>medio</strong></span> <span class='ocrx_word' id='word_1_555' title='bbox 1284 2083 1443 2117; x_wconf 62' lang='lat' dir='ltr'><strong>pervulgata</strong></span> <span class='ocrx_word' id='word_1_556' title='bbox 1455 2084 1512 2114; x_wconf 68' lang='lat' dir='ltr'><strong>vim,</strong></span> 
     </span>
    </p>
   </div>
   <div class='ocr_carea' id='block_1_85' title="bbox 860 2117 1644 2153">
    <p class='ocr_par' dir='ltr' id='par_1_85' title="bbox 860 2117 1644 2153">
     <span class='ocr_line' id='line_1_85' title="bbox 860 2117 1644 2153; baseline 0.003 -10"><span class='ocrx_word' id='word_1_557' title='bbox 860 2117 892 2153; x_wconf 72' lang='lat' dir='ltr'><strong>In</strong></span> <span class='ocrx_word' id='word_1_558' title='bbox 903 2123 975 2144; x_wconf 81' lang='lat' dir='ltr'><strong>terra</strong></span> <span class='ocrx_word' id='word_1_559' title='bbox 984 2117 1181 2153; x_wconf 71' lang='lat' dir='ltr'><strong>Cappadocum,</strong></span> <span class='ocrx_word' id='word_1_560' title='bbox 1189 2127 1246 2152; x_wconf 68' lang='lat' dir='ltr'><strong>quia</strong></span> <span class='ocrx_word' id='word_1_561' title='bbox 1254 2119 1415 2145; x_wconf 70' lang='lat' dir='ltr'><strong>scim/iniria</strong></span> <span class='ocrx_word' id='word_1_562' title='bbox 1424 2120 1552 2149; x_wconf 69' lang='lat' dir='ltr'><strong>triplicem</strong></span> <span class='ocrx_word' id='word_1_563' title='bbox 1564 2118 1644 2145; x_wconf 76' lang='lat' dir='ltr'><strong>viam.</strong></span> 
     </span>
    </p>
   </div>
   <div class='ocr_carea' id='block_1_86' title="bbox 860 2152 1535 2187">
    <p class='ocr_par' dir='ltr' id='par_1_86' title="bbox 860 2152 1535 2187">
     <span class='ocr_line' id='line_1_86' title="bbox 860 2152 1535 2187; baseline 0 -8"><span class='ocrx_word' id='word_1_564' title='bbox 860 2152 924 2179; x_wconf 81' lang='lat' dir='ltr'><strong>Sine</strong></span> <span class='ocrx_word' id='word_1_565' title='bbox 939 2160 1018 2187; x_wconf 80' lang='lat' dir='ltr'><strong>aqua,</strong></span> <span class='ocrx_word' id='word_1_566' title='bbox 1040 2154 1096 2179; x_wconf 76' lang='lat' dir='ltr'><strong>sine</strong></span> <span class='ocrx_word' id='word_1_567' title='bbox 1115 2154 1210 2185; x_wconf 75' lang='lat' dir='ltr'><strong>virore,</strong></span> <span class='ocrx_word' id='word_1_568' title='bbox 1229 2153 1293 2180; x_wconf 84' lang='lat' dir='ltr'><strong>nihil</strong></span> <span class='ocrx_word' id='word_1_569' title='bbox 1309 2154 1404 2179; x_wconf 74' lang='lat' dir='ltr'><strong>[iubens</strong></span> <span class='ocrx_word' id='word_1_570' title='bbox 1418 2154 1535 2184; x_wconf 76' lang='lat' dir='ltr'><strong>liberale,</strong></span> 
     </span>
    </p>
   </div>
   <div class='ocr_carea' id='block_1_87' title="bbox 861 2187 1365 2222">
    <p class='ocr_par' dir='ltr' id='par_1_87' title="bbox 861 2187 1365 2222">
     <span class='ocr_line' id='line_1_87' title="bbox 861 2187 1365 2222; baseline 0 -8"><span class='ocrx_word' id='word_1_571' title='bbox 861 2187 994 2214; x_wconf 75' lang='lat' dir='ltr'><strong>Horridus</strong></span> <span class='ocrx_word' id='word_1_572' title='bbox 1007 2188 1079 2213; x_wconf 72' lang='lat' dir='ltr'><strong>valde</strong></span> <span class='ocrx_word' id='word_1_573' title='bbox 1091 2194 1113 2213; x_wconf 79' lang='lat' dir='ltr'><strong>et</strong></span> <span class='ocrx_word' id='word_1_574' title='bbox 1131 2194 1257 2222; x_wconf 73' lang='lat' dir='ltr'><strong>nttgttstns</strong></span> <span class='ocrx_word' id='word_1_575' title='bbox 1272 2196 1365 2222; x_wconf 68' lang='lat' dir='ltr'><strong>pagus.</strong></span> 
     </span>
    </p>
   </div>
   <div class='ocr_carea' id='block_1_88' title="bbox 38 2222 1466 2268">
    <p class='ocr_par' dir='ltr' id='par_1_88' title="bbox 38 2222 1466 2268">
     <span class='ocr_line' id='line_1_88' title="bbox 38 2222 1466 2268; baseline -0.004 -16"><span class='ocrx_word' id='word_1_576' title='bbox 38 2224 79 2253; x_wconf 84' lang='lat' dir='ltr'><strong>CV.</strong></span> <span class='ocrx_word' id='word_1_577' title='bbox 96 2226 180 2255; x_wconf 70' lang='lat' dir='ltr'><strong>Nonas</strong></span> <span class='ocrx_word' id='word_1_578' title='bbox 206 2228 305 2256; x_wconf 74' lang='lat' dir='ltr'><strong>Basilii</strong></span> <span class='ocrx_word' id='word_1_579' title='bbox 315 2228 447 2268; x_wconf 51' lang='lat' dir='ltr'><strong>querelas”</strong></span> <span class='ocrx_word' id='word_1_580' title='bbox 459 2228 521 2255; x_wconf 76' lang='lat' dir='ltr'><strong>aliis</strong></span> <span class='ocrx_word' id='word_1_581' title='bbox 536 2228 680 2264; x_wconf 73' lang='lat' dir='ltr'><strong>Gregorius</strong></span> <span class='ocrx_word' id='word_1_582' title='bbox 691 2230 806 2258; x_wconf 70' lang='lat' dir='ltr'><strong>auereli:</strong></span> <span class='ocrx_word' id='word_1_583' title='bbox 824 2241 845 2268; x_wconf 76' lang='grc' dir='ltr'><strong>υ</strong></span> <span class='ocrx_word' id='word_1_584' title='bbox 861 2222 1006 2268; x_wconf 49' lang='grc' dir='ltr'><strong>ρξ’ψξζῆ</strong></span> <span class='ocrx_word' id='word_1_585' title='bbox 1021 2223 1116 2268; x_wconf 17' lang='lat' dir='ltr'><strong>pullaria,</strong></span> <span class='ocrx_word' id='word_1_586' title='bbox 1132 2229 1154 2249; x_wconf 84' lang='lat' dir='ltr'><strong>et</strong></span> <span class='ocrx_word' id='word_1_587' title='bbox 1168 2225 1305 2268; x_wconf 57' lang='lat' dir='ltr'><strong>strepitus,</strong></span> <span class='ocrx_word' id='word_1_588' title='bbox 1323 2228 1466 2268; x_wconf 54' lang='lat' dir='ltr'><strong>etcurrus,</strong></span> 
     </span>
    </p>
   </div>
   <div class='ocr_carea' id='block_1_89' title="bbox 360 2264 471 2298">
    <p class='ocr_par' dir='ltr' id='par_1_89' title="bbox 360 2264 471 2298">
     <span class='ocr_line' id='line_1_89' title="bbox 360 2264 471 2298; baseline 0.009 -9"><span class='ocrx_word' id='word_1_589' title='bbox 360 2264 471 2298; x_wconf 75' lang='lat' dir='ltr'><strong>repellit.</strong></span> 
     </span>
    </p>
   </div>
   <div class='ocr_carea' id='block_1_90' title="bbox 64 2329 803 2365">
    <p class='ocr_par' dir='ltr' id='par_1_90' title="bbox 64 2329 803 2365">
     <span class='ocr_line' id='line_1_90' title="bbox 64 2329 803 2365; baseline 0.003 -7"><span class='ocrx_word' id='word_1_590' title='bbox 64 2329 179 2364; x_wconf 81' lang='lat' dir='ltr'><strong>Quamvis</strong></span> <span class='ocrx_word' id='word_1_591' title='bbox 190 2331 288 2359; x_wconf 82' lang='lat' dir='ltr'><strong>Basilii</strong></span> <span class='ocrx_word' id='word_1_592' title='bbox 305 2339 414 2359; x_wconf 86' lang='lat' dir='ltr'><strong>causam</strong></span> <span class='ocrx_word' id='word_1_593' title='bbox 423 2336 535 2359; x_wconf 83' lang='lat' dir='ltr'><strong>strenue</strong></span> <span class='ocrx_word' id='word_1_594' title='bbox 552 2337 630 2365; x_wconf 82' lang='lat' dir='ltr'><strong>satis,</strong></span> <span class='ocrx_word' id='word_1_595' title='bbox 644 2337 673 2360; x_wconf 91' lang='lat' dir='ltr'><strong>ut</strong></span> <span class='ocrx_word' id='word_1_596' title='bbox 684 2333 803 2365; x_wconf 76' lang='lat' dir='ltr'><strong>videtur,</strong></span> 
     </span>
    </p>
   </div>
   <div class='ocr_carea' id='block_1_91' title="bbox 37 2375 807 2413">
    <p class='ocr_par' dir='ltr' id='par_1_91' title="bbox 37 2375 807 2413">
     <span class='ocr_line' id='line_1_91' title="bbox 37 2375 807 2413; baseline 0.006 -11"><span class='ocrx_word' id='word_1_597' title='bbox 37 2375 178 2406; x_wconf 79' lang='lat' dir='ltr'><strong>defendisset</strong></span> <span class='ocrx_word' id='word_1_598' title='bbox 197 2378 360 2413; x_wconf 76' lang='lat' dir='ltr'><strong>Gregorius,</strong></span> <span class='ocrx_word' id='word_1_599' title='bbox 375 2376 452 2406; x_wconf 75' lang='lat' dir='ltr'><strong>&#39;illius</strong></span> <span class='ocrx_word' id='word_1_600' title='bbox 466 2383 555 2406; x_wconf 86' lang='lat' dir='ltr'><strong>tamen</strong></span> <span class='ocrx_word' id='word_1_601' title='bbox 572 2379 670 2406; x_wconf 86' lang='lat' dir='ltr'><strong>litteris</strong></span> <span class='ocrx_word' id='word_1_602' title='bbox 687 2378 807 2407; x_wconf 72' lang='lat' dir='ltr'><strong>offensus</strong></span> 
     </span>
    </p>
   </div>
   <div class='ocr_carea' id='block_1_92' title="bbox 36 2423 806 2460">
    <p class='ocr_par' dir='ltr' id='par_1_92' title="bbox 36 2423 806 2460">
     <span class='ocr_line' id='line_1_92' title="bbox 36 2423 806 2460; baseline 0.004 -11"><span class='ocrx_word' id='word_1_603' title='bbox 36 2427 67 2449; x_wconf 84' lang='lat' dir='ltr'><strong>est</strong></span> <span class='ocrx_word' id='word_1_604' title='bbox 84 2423 208 2457; x_wconf 77' lang='lat' dir='ltr'><strong>Basilius,</strong></span> <span class='ocrx_word' id='word_1_605' title='bbox 230 2428 261 2452; x_wconf 86' lang='lat' dir='ltr'><strong>et</strong></span> <span class='ocrx_word' id='word_1_606' title='bbox 289 2432 349 2453; x_wconf 88' lang='lat' dir='ltr'><strong>cum</strong></span> <span class='ocrx_word' id='word_1_607' title='bbox 376 2431 408 2452; x_wconf 89' lang='lat' dir='ltr'><strong>eo</strong></span> <span class='ocrx_word' id='word_1_608' title='bbox 425 2424 546 2460; x_wconf 80' lang='lat' dir='ltr'><strong>jurgavit</strong></span> <span class='ocrx_word' id='word_1_609' title='bbox 570 2426 647 2460; x_wconf 90' lang='lat' dir='ltr'><strong>quasi</strong></span> <span class='ocrx_word' id='word_1_610' title='bbox 673 2425 806 2453; x_wconf 84' lang='lat' dir='ltr'><strong>Anthimo</strong></span> 
     </span>
    </p>
   </div>
   <div class='ocr_carea' id='block_1_93' title="bbox 37 2465 803 2507">
    <p class='ocr_par' dir='ltr' id='par_1_93' title="bbox 37 2465 803 2507">
     <span class='ocr_line' id='line_1_93' title="bbox 37 2465 803 2507; baseline 0.004 -11"><span class='ocrx_word' id='word_1_611' title='bbox 37 2465 127 2497; x_wconf 57' lang='lat' dir='ltr'><strong>lueret.</strong></span> <span class='ocrx_word' id='word_1_612' title='bbox 140 2470 186 2498; x_wconf 72' lang='lat' dir='ltr'><strong>llis</strong></span> <span class='ocrx_word' id='word_1_613' title='bbox 199 2471 294 2498; x_wconf 80' lang='lat' dir='ltr'><strong>verbis</strong></span> <span class='ocrx_word' id='word_1_614' title='bbox 310 2471 447 2505; x_wconf 84' lang='lat' dir='ltr'><strong>respondit</strong></span> <span class='ocrx_word' id='word_1_615' title='bbox 460 2471 611 2505; x_wconf 74' lang='lat' dir='ltr'><strong>Gregorius</strong></span> <span class='ocrx_word' id='word_1_616' title='bbox 625 2472 675 2507; x_wconf 79' lang='grc' dir='ltr'><strong>(ε),</strong></span> <span class='ocrx_word' id='word_1_617' title='bbox 686 2471 803 2506; x_wconf 83' lang='lat' dir='ltr'><strong>jocando</strong></span> 
     </span>
    </p>
   </div>
   <div class='ocr_carea' id='block_1_94' title="bbox 35 2514 804 2551">
    <p class='ocr_par' dir='ltr' id='par_1_94' title="bbox 35 2514 804 2551">
     <span class='ocr_line' id='line_1_94' title="bbox 35 2514 804 2551; baseline 0.007 -11"><span class='ocrx_word' id='word_1_618' title='bbox 35 2514 133 2548; x_wconf 86' lang='lat' dir='ltr'><strong>quidem,</strong></span> <span class='ocrx_word' id='word_1_619' title='bbox 156 2518 203 2544; x_wconf 85' lang='lat' dir='ltr'><strong>sed</strong></span> <span class='ocrx_word' id='word_1_620' title='bbox 232 2517 337 2544; x_wconf 82' lang='lat' dir='ltr'><strong>aeriter</strong></span> <span class='ocrx_word' id='word_1_621' title='bbox 358 2517 494 2551; x_wconf 83' lang='lat' dir='ltr'><strong>carpendo</strong></span> <span class='ocrx_word' id='word_1_622' title='bbox 524 2518 653 2545; x_wconf 77' lang='lat' dir='ltr'><strong>Basiliqu</strong></span> <span class='ocrx_word' id='word_1_623' title='bbox 670 2527 677 2545; x_wconf 94' lang='lat'>:</span> <span class='ocrx_word' id='word_1_624' title='bbox 696 2527 705 2543; x_wconf 77' lang='grc' dir='ltr'>ι</span> <span class='ocrx_word' id='word_1_625' title='bbox 718 2518 804 2551; x_wconf 86' lang='lat' dir='ltr'><strong>Quam</strong></span> 
     </span>
    </p>
   </div>
   <div class='ocr_carea' id='block_1_95' title="bbox 35 2558 806 2598">
    <p class='ocr_par' dir='ltr' id='par_1_95' title="bbox 35 2558 806 2598">
     <span class='ocr_line' id='line_1_95' title="bbox 35 2558 806 2598; baseline 0.009 -14"><span class='ocrx_word' id='word_1_626' title='bbox 35 2558 150 2594; x_wconf 76' lang='lat' dir='ltr'><strong>ferociter,</strong></span> <span class='ocrx_word' id='word_1_627' title='bbox 170 2568 196 2590; x_wconf 86' lang='lat' dir='ltr'><strong>et</strong></span> <span class='ocrx_word' id='word_1_628' title='bbox 214 2564 378 2598; x_wconf 79' lang='lat' dir='ltr'><strong>equiuorum</strong></span> <span class='ocrx_word' id='word_1_629' title='bbox 403 2564 535 2598; x_wconf 90' lang='lat' dir='ltr'><strong>pullorum</strong></span> <span class='ocrx_word' id='word_1_630' title='bbox 554 2571 642 2596; x_wconf 82' lang='lat' dir='ltr'><strong>more,</strong></span> <span class='ocrx_word' id='word_1_631' title='bbox 663 2564 757 2592; x_wconf 84' lang='lat' dir='ltr'><strong>exsilis</strong></span> <span class='ocrx_word' id='word_1_632' title='bbox 781 2566 806 2591; x_wconf 89' lang='lat' dir='ltr'><strong>in</strong></span> 
     </span>
    </p>
   </div>
   <div class='ocr_carea' id='block_1_96' title="bbox 36 2607 806 2644">
    <p class='ocr_par' dir='ltr' id='par_1_96' title="bbox 36 2607 806 2644">
     <span class='ocr_line' id='line_1_96' title="bbox 36 2607 806 2644; baseline 0.006 -13"><span class='ocrx_word' id='word_1_633' title='bbox 36 2608 76 2632; x_wconf 82' lang='lat' dir='ltr'><strong>tuis</strong></span> <span class='ocrx_word' id='word_1_634' title='bbox 89 2607 178 2634; x_wconf 84' lang='lat' dir='ltr'><strong>litteris</strong></span> <span class='ocrx_word' id='word_1_635' title='bbox 193 2609 200 2635; x_wconf 69' lang='grc' dir='ltr'><strong>ε</strong></span> <span class='ocrx_word' id='word_1_636' title='bbox 222 2608 278 2635; x_wconf 80' lang='lat' dir='ltr'><strong>Nec</strong></span> <span class='ocrx_word' id='word_1_637' title='bbox 293 2609 390 2635; x_wconf 86' lang='lat' dir='ltr'><strong>mirum</strong></span> <span class='ocrx_word' id='word_1_638' title='bbox 411 2613 437 2636; x_wconf 87' lang='lat' dir='ltr'><strong>te</strong></span> <span class='ocrx_word' id='word_1_639' title='bbox 451 2609 484 2636; x_wconf 88' lang='lat' dir='ltr'><strong>ad</strong></span> <span class='ocrx_word' id='word_1_640' title='bbox 506 2611 619 2644; x_wconf 82' lang='lat' dir='ltr'><strong>gloriam</strong></span> <span class='ocrx_word' id='word_1_641' title='bbox 643 2617 729 2644; x_wconf 89' lang='lat' dir='ltr'><strong>nuper</strong></span> <span class='ocrx_word' id='word_1_642' title='bbox 747 2618 806 2636; x_wconf 86' lang='lat' dir='ltr'><strong>eve-</strong></span> 
     </span>
    </p>
   </div>
   <div class='ocr_carea' id='block_1_97' title="bbox 35 2655 803 2691">
    <p class='ocr_par' dir='ltr' id='par_1_97' title="bbox 35 2655 803 2691">
     <span class='ocr_line' id='line_1_97' title="bbox 35 2655 803 2691; baseline 0.01 -17"><span class='ocrx_word' id='word_1_643' title='bbox 35 2656 91 2677; x_wconf 83' lang='lat' dir='ltr'><strong>cunn</strong></span> <span class='ocrx_word' id='word_1_644' title='bbox 113 2659 253 2682; x_wconf 87' lang='lat' dir='ltr'><strong>ostentare</strong></span> <span class='ocrx_word' id='word_1_645' title='bbox 274 2655 351 2682; x_wconf 78' lang='lat' dir='ltr'><strong>trabis</strong></span> <span class='ocrx_word' id='word_1_646' title='bbox 380 2655 448 2682; x_wconf 85' lang='lat' dir='ltr'><strong>velle</strong></span> <span class='ocrx_word' id='word_1_647' title='bbox 475 2662 556 2689; x_wconf 88' lang='lat' dir='ltr'><strong>quam</strong></span> <span class='ocrx_word' id='word_1_648' title='bbox 575 2655 688 2691; x_wconf 75' lang='lat' dir='ltr'><strong>gloriam</strong></span> <span class='ocrx_word' id='word_1_649' title='bbox 708 2661 803 2683; x_wconf 87' lang='lat' dir='ltr'><strong>nactus</strong></span> 
     </span>
    </p>
   </div>
   <div class='ocr_carea' id='block_1_98' title="bbox 33 2695 804 2736">
    <p class='ocr_par' dir='ltr' id='par_1_98' title="bbox 33 2695 804 2736">
     <span class='ocr_line' id='line_1_98' title="bbox 33 2695 804 2736; baseline 0.009 -14"><span class='ocrx_word' id='word_1_650' title='bbox 33 2695 71 2728; x_wconf 80' lang='lat' dir='ltr'><strong>sis,</strong></span> <span class='ocrx_word' id='word_1_651' title='bbox 86 2703 112 2724; x_wconf 88' lang='lat' dir='ltr'><strong>ut</strong></span> <span class='ocrx_word' id='word_1_652' title='bbox 130 2699 179 2728; x_wconf 88' lang='lat' dir='ltr'><strong>bac</strong></span> <span class='ocrx_word' id='word_1_653' title='bbox 202 2701 312 2728; x_wconf 80' lang='lat' dir='ltr'><strong>ratione</strong></span> <span class='ocrx_word' id='word_1_654' title='bbox 332 2701 446 2735; x_wconf 90' lang='lat' dir='ltr'><strong>teipsum</strong></span> <span class='ocrx_word' id='word_1_655' title='bbox 469 2702 653 2736; x_wconf 81' lang='lat' dir='ltr'><strong>augustiorem</strong></span> <span class='ocrx_word' id='word_1_656' title='bbox 685 2702 781 2729; x_wconf 87' lang='lat' dir='ltr'><strong>reddas</strong></span> <span class='ocrx_word' id='word_1_657' title='bbox 795 2721 804 2734; x_wconf 90' lang='lat'><strong>,</strong></span> 
     </span>
    </p>
   </div>
   <div class='ocr_carea' id='block_1_99' title="bbox 33 2745 803 2784">
    <p class='ocr_par' dir='ltr' id='par_1_99' title="bbox 33 2745 803 2784">
     <span class='ocr_line' id='line_1_99' title="bbox 33 2745 803 2784; baseline 0.012 -15"><span class='ocrx_word' id='word_1_658' title='bbox 33 2745 241 2775; x_wconf 75' lang='lat' dir='ltr'><strong>qvetnadniodum</strong></span> <span class='ocrx_word' id='word_1_659' title='bbox 253 2746 380 2782; x_wconf 86' lang='lat' dir='ltr'><strong>pictores.</strong></span> <span class='ocrx_word' id='word_1_660' title='bbox 397 2748 442 2782; x_wconf 87' lang='lat' dir='ltr'><strong>qui</strong></span> <span class='ocrx_word' id='word_1_661' title='bbox 462 2748 576 2776; x_wconf 81' lang='lat' dir='ltr'><strong>eximias</strong></span> <span class='ocrx_word' id='word_1_662' title='bbox 590 2748 690 2777; x_wconf 86' lang='lat' dir='ltr'><strong>formas</strong></span> <span class='ocrx_word' id='word_1_663' title='bbox 707 2750 803 2784; x_wconf 75' lang='lat' dir='ltr'><strong>depin—</strong></span> 
     </span>
    </p>
   </div>
   <div class='ocr_carea' id='block_1_100' title="bbox 69 2832 310 2868">
    <p class='ocr_par' dir='ltr' id='par_1_100' title="bbox 69 2832 310 2868">
     <span class='ocr_line' id='line_1_100' title="bbox 69 2832 310 2868; baseline 0.004 -7"><span class='ocrx_word' id='word_1_664' title='bbox 69 2832 92 2865; x_wconf 83' lang='grc' dir='ltr'><strong>α)</strong></span> <span class='ocrx_word' id='word_1_665' title='bbox 109 2833 153 2861; x_wconf 92' lang='lat' dir='ltr'><strong>0r.</strong></span> <span class='ocrx_word' id='word_1_666' title='bbox 170 2834 216 2868; x_wconf 80' lang='lat' dir='ltr'><strong>l3,</strong></span> <span class='ocrx_word' id='word_1_667' title='bbox 236 2842 267 2861; x_wconf 89' lang='lat' dir='ltr'><strong>n.</strong></span> <span class='ocrx_word' id='word_1_668' title='bbox 282 2834 310 2862; x_wconf 81' lang='grc'><strong>2.</strong></span> 
     </span>
    </p>
   </div>
   <div class='ocr_carea' id='block_1_101' title="bbox 70 2868 315 2903">
    <p class='ocr_par' dir='ltr' id='par_1_101' title="bbox 70 2868 315 2903">
     <span class='ocr_line' id='line_1_101' title="bbox 70 2868 315 2903; baseline 0 -7"><span class='ocrx_word' id='word_1_669' title='bbox 70 2868 92 2901; x_wconf 69' lang='grc' dir='ltr'><strong>ὓ)</strong></span> <span class='ocrx_word' id='word_1_670' title='bbox 110 2869 192 2903; x_wconf 78' lang='lat' dir='ltr'><strong>Epist.</strong></span> <span class='ocrx_word' id='word_1_671' title='bbox 214 2870 252 2896; x_wconf 86' lang='lat' dir='ltr'><strong>al.</strong></span> <span class='ocrx_word' id='word_1_672' title='bbox 270 2870 315 2899; x_wconf 75' lang='lat'><strong>35.</strong></span> 
     </span>
    </p>
   </div>
   <div class='ocr_carea' id='block_1_102' title="bbox 59 2903 302 2939">
    <p class='ocr_par' dir='ltr' id='par_1_102' title="bbox 59 2903 302 2939">
     <span class='ocr_line' id='line_1_102' title="bbox 59 2903 302 2939; baseline 0.008 -10"><span class='ocrx_word' id='word_1_673' title='bbox 59 2904 88 2938; x_wconf 75' lang='grc' dir='ltr'><strong>(ι)</strong></span> <span class='ocrx_word' id='word_1_674' title='bbox 105 2903 188 2939; x_wconf 73' lang='lat' dir='ltr'><strong>Epist.</strong></span> <span class='ocrx_word' id='word_1_675' title='bbox 202 2905 240 2932; x_wconf 89' lang='lat' dir='ltr'><strong>al.</strong></span> <span class='ocrx_word' id='word_1_676' title='bbox 254 2905 302 2934; x_wconf 76' lang='grc'><strong>55,</strong></span> 
     </span>
    </p>
   </div>
   <div class='ocr_carea' id='block_1_103' title="bbox 131 2950 505 2983">
    <p class='ocr_par' dir='ltr' id='par_1_103' title="bbox 131 2950 505 2983">
     <span class='ocr_line' id='line_1_103' title="bbox 131 2950 505 2983; baseline 0.008 -3"><span class='ocrx_word' id='word_1_677' title='bbox 131 2950 273 2981; x_wconf 71' lang='grc' dir='ltr'><strong>Ρλτιιοι..</strong></span> <span class='ocrx_word' id='word_1_678' title='bbox 294 2951 351 2981; x_wconf 79' lang='lat' dir='ltr'><strong>(in.</strong></span> <span class='ocrx_word' id='word_1_679' title='bbox 373 2951 505 2983; x_wconf 73' lang='lat' dir='ltr'><strong>XXXV.</strong></span> 
     </span>
    </p>
   </div>
   <div class='ocr_carea' id='block_1_104' title="bbox 861 2257 1645 2292">
    <p class='ocr_par' dir='ltr' id='par_1_104' title="bbox 861 2257 1645 2292">
     <span class='ocr_line' id='line_1_104' title="bbox 861 2257 1645 2292; baseline 0 -9"><span class='ocrx_word' id='word_1_680' title='bbox 861 2257 998 2288; x_wconf 77' lang='lat' dir='ltr'><strong>Lomento,</strong></span> <span class='ocrx_word' id='word_1_681' title='bbox 1016 2259 1140 2292; x_wconf 74' lang='lat' dir='ltr'><strong>ejulutus,</strong></span> <span class='ocrx_word' id='word_1_682' title='bbox 1162 2265 1304 2289; x_wconf 65' lang='lat' dir='ltr'><strong>exactores,</strong></span> <span class='ocrx_word' id='word_1_683' title='bbox 1326 2263 1465 2289; x_wconf 82' lang='lat' dir='ltr'><strong>tormento,</strong></span> <span class='ocrx_word' id='word_1_684' title='bbox 1486 2258 1645 2292; x_wconf 71' lang='lat' dir='ltr'><strong>compedes;</strong></span> 
     </span>
    </p>
   </div>
   <div class='ocr_carea' id='block_1_105' title="bbox 861 2292 1520 2326">
    <p class='ocr_par' dir='ltr' id='par_1_105' title="bbox 861 2292 1520 2326">
     <span class='ocr_line' id='line_1_105' title="bbox 861 2292 1520 2326; baseline 0 -8"><span class='ocrx_word' id='word_1_685' title='bbox 861 2292 980 2325; x_wconf 69' lang='lat' dir='ltr'><strong>Populus</strong></span> <span class='ocrx_word' id='word_1_686' title='bbox 995 2300 1062 2323; x_wconf 65' lang='lat' dir='ltr'><strong>vero,</strong></span> <span class='ocrx_word' id='word_1_687' title='bbox 1083 2298 1206 2326; x_wconf 77' lang='lat' dir='ltr'><strong>quotquot</strong></span> <span class='ocrx_word' id='word_1_688' title='bbox 1221 2294 1350 2326; x_wconf 66' lang='lat' dir='ltr'><strong>peregrini</strong></span> <span class='ocrx_word' id='word_1_689' title='bbox 1365 2297 1389 2318; x_wconf 84' lang='lat' dir='ltr'><strong>ct</strong></span> <span class='ocrx_word' id='word_1_690' title='bbox 1404 2301 1520 2319; x_wconf 73' lang='lat' dir='ltr'><strong>errones.</strong></span> 
     </span>
    </p>
   </div>
   <div class='ocr_carea' id='block_1_106' title="bbox 862 2327 1492 2354">
    <p class='ocr_par' dir='ltr' id='par_1_106' title="bbox 862 2327 1492 2354">
     <span class='ocr_line' id='line_1_106' title="bbox 862 2327 1492 2354; baseline -0.003 -1"><span class='ocrx_word' id='word_1_691' title='bbox 862 2327 926 2354; x_wconf 73' lang='lat' dir='ltr'><strong>Ilwc</strong></span> <span class='ocrx_word' id='word_1_692' title='bbox 939 2333 994 2353; x_wconf 75' lang='lat' dir='ltr'><strong>erat</strong></span> <span class='ocrx_word' id='word_1_693' title='bbox 1008 2328 1169 2354; x_wconf 78' lang='lat' dir='ltr'><strong>Sasimornm</strong></span> <span class='ocrx_word' id='word_1_694' title='bbox 1183 2336 1298 2353; x_wconf 74' lang='lat' dir='ltr'><strong>nmmum</strong></span> <span class='ocrx_word' id='word_1_695' title='bbox 1317 2327 1492 2353; x_wconf 78' lang='lat' dir='ltr'><strong>Ecclesia.....</strong></span> 
     </span>
    </p>
   </div>
   <div class='ocr_carea' id='block_1_107' title="bbox 862 2361 1586 2395">
    <p class='ocr_par' dir='ltr' id='par_1_107' title="bbox 862 2361 1586 2395">
     <span class='ocr_line' id='line_1_107' title="bbox 862 2361 1586 2395; baseline 0 -7"><span class='ocrx_word' id='word_1_696' title='bbox 862 2361 932 2394; x_wconf 78' lang='lat' dir='ltr'><strong>Quid</strong></span> <span class='ocrx_word' id='word_1_697' title='bbox 950 2363 1040 2395; x_wconf 83' lang='lat' dir='ltr'><strong>igitur,</strong></span> <span class='ocrx_word' id='word_1_698' title='bbox 1053 2371 1098 2393; x_wconf 74' lang='lat' dir='ltr'><strong>per</strong></span> <span class='ocrx_word' id='word_1_699' title='bbox 1115 2363 1207 2393; x_wconf 79' lang='lat' dir='ltr'><strong>Deum,</strong></span> <span class='ocrx_word' id='word_1_700' title='bbox 1225 2365 1310 2392; x_wconf 68' lang='lat' dir='ltr'><strong>facere</strong></span> <span class='ocrx_word' id='word_1_701' title='bbox 1329 2370 1368 2388; x_wconf 87' lang='lat' dir='ltr'><strong>me</strong></span> <span class='ocrx_word' id='word_1_702' title='bbox 1387 2370 1489 2395; x_wconf 75' lang='lat' dir='ltr'><strong>u&#39;rlnum</strong></span> <span class='ocrx_word' id='word_1_703' title='bbox 1508 2362 1586 2395; x_wconf 67' lang='lat' dir='ltr'><strong>fuit?</strong></span> 
     </span>
    </p>
   </div>
   <div class='ocr_carea' id='block_1_108' title="bbox 862 2397 1528 2431">
    <p class='ocr_par' dir='ltr' id='par_1_108' title="bbox 862 2397 1528 2431">
     <span class='ocr_line' id='line_1_108' title="bbox 862 2397 1528 2431; baseline -0.002 -8"><span class='ocrx_word' id='word_1_704' title='bbox 862 2397 1015 2424; x_wconf 76' lang='lat' dir='ltr'><strong>Contentum</strong></span> <span class='ocrx_word' id='word_1_705' title='bbox 1032 2406 1085 2423; x_wconf 74' lang='lat' dir='ltr'><strong>esse</strong></span> <span class='ocrx_word' id='word_1_706' title='bbox 1096 2398 1107 2422; x_wconf 69' lang='grc' dir='ltr'><em>Ζ)</em></span> <span class='ocrx_word' id='word_1_707' title='bbox 1123 2399 1249 2423; x_wconf 71' lang='lat' dir='ltr'><strong>malum&quot;!</strong></span> <span class='ocrx_word' id='word_1_708' title='bbox 1265 2398 1382 2431; x_wconf 69' lang='lat' dir='ltr'><strong>excipere</strong></span> <span class='ocrx_word' id='word_1_709' title='bbox 1397 2398 1528 2428; x_wconf 72' lang='lat' dir='ltr'><strong>incursus,</strong></span> 
     </span>
    </p>
   </div>
   <div class='ocr_carea' id='block_1_109' title="bbox 862 2432 1259 2466">
    <p class='ocr_par' dir='ltr' id='par_1_109' title="bbox 862 2432 1259 2466">
     <span class='ocr_line' id='line_1_109' title="bbox 862 2432 1259 2466; baseline 0 -8"><span class='ocrx_word' id='word_1_710' title='bbox 862 2432 932 2458; x_wconf 74' lang='lat' dir='ltr'><strong>Ense</strong></span> <span class='ocrx_word' id='word_1_711' title='bbox 944 2432 1029 2464; x_wconf 78' lang='lat' dir='ltr'><strong>feriri,</strong></span> <span class='ocrx_word' id='word_1_712' title='bbox 1046 2433 1171 2466; x_wconf 74' lang='lat' dir='ltr'><strong>sn/focnri</strong></span> <span class='ocrx_word' id='word_1_713' title='bbox 1184 2432 1259 2458; x_wconf 84' lang='lat' dir='ltr'><strong>luto?</strong></span> 
     </span>
    </p>
   </div>
   <div class='ocr_carea' id='block_1_110' title="bbox 863 2466 1403 2496">
    <p class='ocr_par' dir='ltr' id='par_1_110' title="bbox 863 2466 1403 2496">
     <span class='ocr_line' id='line_1_110' title="bbox 863 2466 1403 2496; baseline 0 -3"><span class='ocrx_word' id='word_1_714' title='bbox 863 2466 918 2493; x_wconf 77' lang='lat' dir='ltr'><strong>Nec</strong></span> <span class='ocrx_word' id='word_1_715' title='bbox 934 2468 1027 2493; x_wconf 76' lang='lat' dir='ltr'><strong>habere</strong></span> <span class='ocrx_word' id='word_1_716' title='bbox 1043 2468 1084 2493; x_wconf 79' lang='lat' dir='ltr'><strong>ubi</strong></span> <span class='ocrx_word' id='word_1_717' title='bbox 1097 2469 1143 2492; x_wconf 73' lang='lat' dir='ltr'><strong>hac</strong></span> <span class='ocrx_word' id='word_1_718' title='bbox 1157 2468 1256 2493; x_wconf 75' lang='lat' dir='ltr'><strong>senium</strong></span> <span class='ocrx_word' id='word_1_719' title='bbox 1269 2466 1403 2496; x_wconf 76' lang='lat' dir='ltr'><strong>collocem.</strong></span> 
     </span>
    </p>
   </div>
   <div class='ocr_carea' id='block_1_111' title="bbox 859 2502 1419 2535">
    <p class='ocr_par' dir='ltr' id='par_1_111' title="bbox 859 2502 1419 2535">
     <span class='ocr_line' id='line_1_111' title="bbox 859 2502 1419 2535; baseline 0 -7"><span class='ocrx_word' id='word_1_720' title='bbox 859 2502 928 2528; x_wconf 80' lang='lat' dir='ltr'><strong>Dum</strong></span> <span class='ocrx_word' id='word_1_721' title='bbox 945 2510 1063 2535; x_wconf 58' lang='lat' dir='ltr'><strong>surripere</strong></span> <span class='ocrx_word' id='word_1_722' title='bbox 1076 2508 1141 2527; x_wconf 74' lang='lat' dir='ltr'><strong>tecto</strong></span> <span class='ocrx_word' id='word_1_723' title='bbox 1152 2511 1196 2535; x_wconf 80' lang='lat' dir='ltr'><strong>per</strong></span> <span class='ocrx_word' id='word_1_724' title='bbox 1210 2503 1258 2528; x_wconf 77' lang='lat' dir='ltr'><strong>vim</strong></span> <span class='ocrx_word' id='word_1_725' title='bbox 1275 2502 1419 2528; x_wconf 70' lang='lat' dir='ltr'><strong>exturbor.’</strong></span> 
     </span>
    </p>
   </div>
   <div class='ocr_carea' id='block_1_112' title="bbox 860 2536 1646 2571">
    <p class='ocr_par' dir='ltr' id='par_1_112' title="bbox 860 2536 1646 2571">
     <span class='ocr_line' id='line_1_112' title="bbox 860 2536 1646 2571; baseline 0.001 -9"><span class='ocrx_word' id='word_1_726' title='bbox 860 2536 916 2563; x_wconf 76' lang='lat' dir='ltr'><strong>Nec</strong></span> <span class='ocrx_word' id='word_1_727' title='bbox 935 2545 1028 2571; x_wconf 82' lang='lat' dir='ltr'><strong>ponent</strong></span> <span class='ocrx_word' id='word_1_728' title='bbox 1050 2537 1187 2563; x_wconf 72' lang='lat' dir='ltr'><strong>habiturus</strong></span> <span class='ocrx_word' id='word_1_729' title='bbox 1207 2545 1295 2569; x_wconf 86' lang='lat' dir='ltr'><strong>eram,</strong></span> <span class='ocrx_word' id='word_1_730' title='bbox 1319 2545 1395 2571; x_wconf 79' lang='lat' dir='ltr'><strong>quem</strong></span> <span class='ocrx_word' id='word_1_731' title='bbox 1421 2537 1516 2571; x_wconf 75' lang='lat' dir='ltr'><strong>hospiti</strong></span> <span class='ocrx_word' id='word_1_732' title='bbox 1535 2537 1646 2571; x_wconf 60' lang='lat' dir='ltr'><strong>{mnf/e-</strong></span> 
     </span>
    </p>
   </div>
   <div class='ocr_carea' id='block_1_113' title="bbox 1475 2580 1598 2600">
    <p class='ocr_par' dir='ltr' id='par_1_113' title="bbox 1475 2580 1598 2600">
     <span class='ocr_line' id='line_1_113' title="bbox 1475 2580 1598 2600; baseline 0.008 -2"><span class='ocrx_word' id='word_1_733' title='bbox 1475 2580 1598 2600; x_wconf 72' lang='grc' dir='ltr'><strong>ι·εηι.....,</strong></span> 
     </span>
    </p>
   </div>
   <div class='ocr_carea' id='block_1_114' title="bbox 860 2572 1613 2642">
    <p class='ocr_par' dir='ltr' id='par_1_114' title="bbox 860 2572 1613 2642">
     <span class='ocr_line' id='line_1_114' title="bbox 1475 2580 1598 2600; baseline 0.008 -2"><span class='ocrx_word' id='word_1_734' title='bbox 1475 2580 1598 2600; x_wconf 78' lang='lat' dir='ltr'><strong>rem......</strong></span> 
     </span>
     <span class='ocr_line' id='line_1_115' title="bbox 860 2572 1613 2642; baseline 0 -9"><span class='ocrx_word' id='word_1_735' title='bbox 860 2607 958 2634; x_wconf 75' lang='lat' dir='ltr'><strong>Rursus</strong></span> <span class='ocrx_word' id='word_1_736' title='bbox 975 2608 1098 2642; x_wconf 79' lang='lat' dir='ltr'><strong>fugitivus</strong></span> <span class='ocrx_word' id='word_1_737' title='bbox 1113 2607 1221 2641; x_wconf 76' lang='lat' dir='ltr'><strong>quidam</strong></span> <span class='ocrx_word' id='word_1_738' title='bbox 1233 2612 1257 2633; x_wconf 76' lang='lat' dir='ltr'><strong>et</strong></span> <span class='ocrx_word' id='word_1_739' title='bbox 1271 2615 1364 2634; x_wconf 69' lang='lat' dir='ltr'><strong>cursor</strong></span> <span class='ocrx_word' id='word_1_740' title='bbox 1378 2607 1406 2634; x_wconf 82' lang='lat' dir='ltr'><strong>in</strong></span> <span class='ocrx_word' id='word_1_741' title='bbox 1420 2613 1544 2639; x_wconf 84' lang='lat' dir='ltr'><strong>montem,</strong></span> <span class='ocrx_word' id='word_1_742' title='bbox 1604 2572 1613 2607; x_wconf 60' lang='grc'><strong>1</strong></span> 
     </span>
    </p>
   </div>
   <div class='ocr_carea' id='block_1_115' title="bbox 859 2642 1544 2676">
    <p class='ocr_par' dir='ltr' id='par_1_115' title="bbox 859 2642 1544 2676">
     <span class='ocr_line' id='line_1_116' title="bbox 859 2642 1544 2676; baseline -0.001 -7"><span class='ocrx_word' id='word_1_743' title='bbox 859 2642 1008 2674; x_wconf 73' lang='lat' dir='ltr'><strong>Surripiens</strong></span> <span class='ocrx_word' id='word_1_744' title='bbox 1026 2643 1139 2668; x_wconf 85' lang='lat' dir='ltr'><strong>umicmn</strong></span> <span class='ocrx_word' id='word_1_745' title='bbox 1153 2647 1211 2668; x_wconf 80' lang='lat' dir='ltr'><strong>vita:</strong></span> <span class='ocrx_word' id='word_1_746' title='bbox 1229 2650 1319 2676; x_wconf 68' lang='lat' dir='ltr'><strong>genus,</strong></span> <span class='ocrx_word' id='word_1_747' title='bbox 1334 2642 1443 2668; x_wconf 75' lang='lat' dir='ltr'><strong>delicias</strong></span> <span class='ocrx_word' id='word_1_748' title='bbox 1464 2650 1544 2670; x_wconf 68' lang='lat' dir='ltr'><strong>nicas.</strong></span> 
     </span>
    </p>
   </div>
   <div class='ocr_carea' id='block_1_116' title="bbox 861 2677 1645 2711">
    <p class='ocr_par' dir='ltr' id='par_1_116' title="bbox 861 2677 1645 2711">
     <span class='ocr_line' id='line_1_117' title="bbox 861 2677 1645 2711; baseline 0 -7"><span class='ocrx_word' id='word_1_749' title='bbox 861 2677 912 2704; x_wconf 75' lang='lat' dir='ltr'><strong>Sed</strong></span> <span class='ocrx_word' id='word_1_750' title='bbox 928 2678 991 2711; x_wconf 81' lang='lat' dir='ltr'><strong>quid</strong></span> <span class='ocrx_word' id='word_1_751' title='bbox 1008 2686 1063 2703; x_wconf 82' lang='lat' dir='ltr'><strong>sum</strong></span> <span class='ocrx_word' id='word_1_752' title='bbox 1077 2678 1193 2703; x_wconf 77' lang='lat' dir='ltr'><strong>lucratus</strong></span> <span class='ocrx_word' id='word_1_753' title='bbox 1206 2677 1217 2703; x_wconf 77' lang='grc'><em>7</em></span> <span class='ocrx_word' id='word_1_754' title='bbox 1231 2685 1280 2703; x_wconf 85' lang='lat' dir='ltr'><strong>non</strong></span> <span class='ocrx_word' id='word_1_755' title='bbox 1294 2679 1362 2703; x_wconf 84' lang='lat' dir='ltr'><strong>enim</strong></span> <span class='ocrx_word' id='word_1_756' title='bbox 1384 2682 1504 2703; x_wconf 74' lang='lat' dir='ltr'><strong>constans</strong></span> <span class='ocrx_word' id='word_1_757' title='bbox 1522 2677 1645 2711; x_wconf 73' lang='lat' dir='ltr'><strong>fugitivus</strong></span> 
     </span>
    </p>
   </div>
   <div class='ocr_carea' id='block_1_117' title="bbox 860 2712 1607 2745">
    <p class='ocr_par' dir='ltr' id='par_1_117' title="bbox 860 2712 1607 2745">
     <span class='ocr_line' id='line_1_118' title="bbox 860 2712 1607 2745; baseline -0.003 -6"><span class='ocrx_word' id='word_1_758' title='bbox 860 2714 953 2745; x_wconf 84' lang='lat' dir='ltr'><strong>Eram,</strong></span> <span class='ocrx_word' id='word_1_759' title='bbox 969 2719 995 2739; x_wconf 89' lang='lat' dir='ltr'><strong>ut</strong></span> <span class='ocrx_word' id='word_1_760' title='bbox 1007 2718 1124 2745; x_wconf 75' lang='lat' dir='ltr'><strong>apparet.</strong></span> <span class='ocrx_word' id='word_1_761' title='bbox 1147 2713 1199 2739; x_wconf 75' lang='lat' dir='ltr'><strong>Sed</strong></span> <span class='ocrx_word' id='word_1_762' title='bbox 1217 2720 1274 2738; x_wconf 85' lang='lat' dir='ltr'><strong>cum</strong></span> <span class='ocrx_word' id='word_1_763' title='bbox 1286 2712 1371 2738; x_wconf 81' lang='lat' dir='ltr'><strong>omnia</strong></span> <span class='ocrx_word' id='word_1_764' title='bbox 1387 2712 1500 2745; x_wconf 79' lang='lat' dir='ltr'><strong>perferre</strong></span> <span class='ocrx_word' id='word_1_765' title='bbox 1514 2714 1607 2740; x_wconf 79' lang='lat' dir='ltr'><strong>sciant.</strong></span> 
     </span>
    </p>
   </div>
   <div class='ocr_carea' id='block_1_118' title="bbox 860 2746 1637 2783">
    <p class='ocr_par' dir='ltr' id='par_1_118' title="bbox 860 2746 1637 2783">
     <span class='ocr_line' id='line_1_119' title="bbox 860 2746 1637 2783; baseline -0.001 -7"><span class='ocrx_word' id='word_1_766' title='bbox 860 2751 892 2776; x_wconf 86' lang='lat' dir='ltr'><strong>In</strong></span> <span class='ocrx_word' id='word_1_767' title='bbox 906 2750 954 2775; x_wconf 81' lang='lat' dir='ltr'><strong>hac</strong></span> <span class='ocrx_word' id='word_1_768' title='bbox 967 2757 1018 2775; x_wconf 89' lang='lat' dir='ltr'><strong>uno</strong></span> <span class='ocrx_word' id='word_1_769' title='bbox 1028 2749 1135 2783; x_wconf 77' lang='lat' dir='ltr'><strong>ignavus</strong></span> <span class='ocrx_word' id='word_1_770' title='bbox 1144 2756 1200 2774; x_wconf 79' lang='lat' dir='ltr'><strong>sum</strong></span> <span class='ocrx_word' id='word_1_771' title='bbox 1211 2755 1219 2773; x_wconf 96' lang='lat'><em>:</em></span> <span class='ocrx_word' id='word_1_772' title='bbox 1229 2747 1310 2781; x_wconf 82' lang='lat' dir='ltr'><strong>putris</strong></span> <span class='ocrx_word' id='word_1_773' title='bbox 1324 2748 1392 2773; x_wconf 84' lang='lat' dir='ltr'><strong>iram</strong></span> <span class='ocrx_word' id='word_1_774' title='bbox 1404 2755 1455 2773; x_wconf 82' lang='lat' dir='ltr'><strong>itan</strong></span> <span class='ocrx_word' id='word_1_775' title='bbox 1473 2746 1527 2781; x_wconf 76' lang='lat' dir='ltr'><strong>fero</strong></span> <span class='ocrx_word' id='word_1_776' title='bbox 1538 2751 1584 2783; x_wconf 56' lang='lat' dir='ltr'><strong>te),</strong></span> <span class='ocrx_word' id='word_1_777' title='bbox 1593 2752 1637 2775; x_wconf 80' lang='lat' dir='ltr'><strong>etc</strong></span> 
     </span>
    </p>
   </div>
   <div class='ocr_carea' id='block_1_119' title="bbox 896 2837 1173 2871">
    <p class='ocr_par' dir='ltr' id='par_1_119' title="bbox 896 2837 1173 2871">
     <span class='ocr_line' id='line_1_120' title="bbox 896 2837 1173 2871; baseline -0.004 -8"><span class='ocrx_word' id='word_1_778' title='bbox 896 2837 935 2871; x_wconf 77' lang='lat' dir='ltr'><strong>id)</strong></span> <span class='ocrx_word' id='word_1_779' title='bbox 954 2837 1000 2864; x_wconf 89' lang='lat' dir='ltr'><strong>Or.</strong></span> <span class='ocrx_word' id='word_1_780' title='bbox 1021 2837 1065 2866; x_wconf 68' lang='grc'><strong>45,</strong></span> <span class='ocrx_word' id='word_1_781' title='bbox 1084 2845 1109 2863; x_wconf 92' lang='lat' dir='ltr'><strong>n.</strong></span> <span class='ocrx_word' id='word_1_782' title='bbox 1125 2837 1173 2865; x_wconf 71' lang='lat'><strong>53.</strong></span> 
     </span>
    </p>
   </div>
   <div class='ocr_carea' id='block_1_120' title="bbox 895 2872 1458 2907">
    <p class='ocr_par' dir='ltr' id='par_1_120' title="bbox 895 2872 1458 2907">
     <span class='ocr_line' id='line_1_121' title="bbox 895 2872 1458 2907; baseline -0.004 -8"><span class='ocrx_word' id='word_1_783' title='bbox 895 2875 930 2907; x_wconf 70' lang='grc' dir='ltr'><strong>(ιι)</strong></span> <span class='ocrx_word' id='word_1_784' title='bbox 946 2873 1033 2899; x_wconf 84' lang='lat' dir='ltr'><strong>Carm.</strong></span> <span class='ocrx_word' id='word_1_785' title='bbox 1053 2873 1088 2900; x_wconf 85' lang='lat' dir='ltr'><strong>De</strong></span> <span class='ocrx_word' id='word_1_786' title='bbox 1107 2872 1163 2900; x_wconf 80' lang='lat' dir='ltr'><strong>Vita</strong></span> <span class='ocrx_word' id='word_1_787' title='bbox 1184 2880 1241 2905; x_wconf 80' lang='lat' dir='ltr'><strong>sua,</strong></span> <span class='ocrx_word' id='word_1_788' title='bbox 1262 2879 1286 2898; x_wconf 85' lang='lat' dir='ltr'><strong>v.</strong></span> <span class='ocrx_word' id='word_1_789' title='bbox 1299 2872 1350 2899; x_wconf 76' lang='grc'><strong>489</strong></span> <span class='ocrx_word' id='word_1_790' title='bbox 1362 2876 1388 2899; x_wconf 91' lang='lat' dir='ltr'><strong>et</strong></span> <span class='ocrx_word' id='word_1_791' title='bbox 1401 2880 1458 2907; x_wconf 78' lang='lat' dir='ltr'><strong>seq.</strong></span> 
     </span>
    </p>
   </div>
  </div>
