3812 6518
525 426 630 483 205

1833 417 1991 473 νιτελ
2032 414 2090 471 S.
2127 413 2476 472 GBEGOBII.

3629 424 3712 483 2οι

526 540 999 612 CVlll.Gregoi-ius
1019 538 1390 612 Nazianzeme
1406 537 1652 612 Ecclesia:
1677 538 1902 606 regimen
1923 536 2089 612 susci-
2124 538 2169 594 Α
2200 536 2417 604 quidam
2457 534 2672 607 pietatis
2705 549 2901 591 nomen
2930 534 3281 605 habitumque
3320 552 3424 607 prae
3453 554 3507 595 se
3548 539 3709 600 ferens.

595 617 693 685 pit,
713 606 925 684 jttbe'nte
955 622 1119 685 patre,
1147 625 1207 663 ea
1239 609 1535 663 conditione
1563 620 1616 661 ut
1648 625 1705 661 eo
1729 617 1935 661 mortuo
1963 606 2094 659 liber

597 680 664 738 sit
687 680 830 737 a'bire
868 697 966 752 quo
999 680 1140 734 velit.

599 797 783 865 Itaque
821 792 1138 862 Gregorius,
1184 789 1416 857 abjectis
1454 788 1702 855 Sasimis,
1745 789 1798 841 in
1850 785 2102 842 solitudi-

530 905 653 946 nem
703 902 822 943 sese
871 886 1110 956 recepit;
1163 886 1255 939 sed
1287 883 1429 938 aliud
1481 883 1579 952 ipsi
1616 880 1955 936 subeundum
1998 878 2100 934 fuit

530 994 802 1038 certamen
834 972 955 1033 eum
991 986 1164 1047 patre,
1192 977 1285 1045 qui
1321 991 1445 1031 cum
1485 976 1554 1031 ab
1584 990 1649 1029 eo
1684 987 1742 1029 ut
1766 973 1979 1029 Sasima
2016 986 2095 1029 te-

531 1085 682 1131 neret
702 1074 948 1129 obtinere
981 1070 1289 1125 nullatenus
1317 1070 1602 1139 potuisset,
1628 1067 1821 1123 saltem
1846 1067 2101 1138 precibus

526 1167 802 1239 iussisque
848 1172 933 1220 est
984 1168 1310 1217 consecutus
1360 1168 1420 1214 ut
1472 1157 1804 1213 Nazianzum
1857 1158 2098 1221 rediret,

532 1274 761 1328 eamque
800 1256 1122 1319 Ecclesiam,
1154 1252 1240 1307 cui
1270 1253 1517 1322 regendze
1548 1266 1644 1322 per
1679 1260 1892 1306 :etatem
1927 1249 2101 1317 impar

529 1360 671 1417 erat,
728 1345 1215 1404 administrandam
1262 1343 1585 1409 susciperet.
1641 1342 1713 1395 Ea
1744 1349 1927 1395 autem
1985 1339 2101 1407 lege

528 1444 791 1499 vicariam
826 1438 1202 1511 przefecturam
1253 1435 1613 1491 Nazianzenat
1671 1434 1947 1500 Ecclesire,
2011 1447 2101 1487 co-

529 1544 686 1607 gente
723 1547 895 1604 patre,
927 1530 1162 1600 suscepit
1211 1538 1272 1583 ut
1327 1528 1696 1583 tantummodo
1754 1528 1841 1582 his
1873 1526 2102 1581 nexibus

530 1635 805 1683 teneretur
834 1623 1124 1694 obligatus,
1154 1622 1277 1677 dum
1316 1631 1471 1691 pater
1509 1627 1789 1690 superstes
1820 1628 2001 1683 esset;
2036 1632 2102 1672 eo

529 1724 707 1773 autem
737 1730 768 1769 e
794 1713 933 1769 vivis
966 1714 1202 1778 sublato,
1230 1713 1333 1768 sibi
1373 1713 1601 1766 liberum
1631 1717 1778 1766 esset
1819 1711 1967 1765 abire
1996 1723 2102 1777 quo

2203 629 2447 684 Nondum
2476 630 2541 684 ad
2573 628 2763 697 pocula
2816 638 3036 684 ventum
3084 639 3221 694 crat,
3271 645 3410 696 cum,
3446 642 3502 687 ut
3529 633 3576 688 in
3603 649 3705 690 con~

2205 721 2361 774 viviis
2398 721 2510 774 fieri
2537 720 2694 785 solet,
2724 720 2789 775 de
2829 720 2984 774 nobis
3031 734 3209 775 sermo
3242 721 3521 777 excitatur.
3567 723 3713 780 (inmi-

2203 812 2302 867 bus
2337 828 2495 883 porro
2520 815 2747 868 virtutes
2809 821 2928 868 tuas
2964 812 3311 882 amplissimis
3354 813 3586 870 laudibus
3621 816 3714 871 elle-

2205 905 2467 969 reutibus,
2515 918 2721 973 nosque
2771 903 2957 968 etiam,
2991 912 3051 956 ut
3082 903 3270 956 iisdem
3301 903 3419 956 vita:
3447 904 3623 958 studiis
3644 906 3715 960 de-

2203 997 2343 1052 ditos
2366 1036 2380 1061 ,
2423 995 2840 1066 adjungentibus
2860 1034 2875 1050 .
2898 1033 2913 1046 .
2936 1031 2951 1047 .
2984 993 3204 1060 indigne
3247 991 3368 1044 tulit
3410 991 3494 1045 hic
3521 990 3715 1061 philoso-

2205 1092 2359 1161 phus.
2391 1089 2732 1160 thuidnam
2764 1089 2864 1143 hoc
2887 1095 2991 1154 est,
3022 1085 3217 1153 inquit,
3250 1084 3527 1138 admodum
3554 1084 3716 1141 furiose

2203 1184 2537 1247 exclamans,
2579 1196 2611 1235 ο
2647 1181 2771 1248 viri,
2807 1195 2969 1251 quam
3016 1178 3169 1231 valde
3217 1176 3496 1231 mendaces
3527 1183 3575 1231 et
3610 1178 3715 1229 adn-

2210 1280 2408 1332 latores
2451 1275 2614 1330 estis!
2651 1274 2856 1330 Caetera
2899 1271 3113 1343 quidem
3168 1268 3451 1324 laudentur
3480 1283 3598 1323 sane
3639 1268 3713 1322 viri

2204 1367 2302 1431 illi,
2335 1367 2380 1421 si
2434 1349 2507 1421 ita
2538 1364 2703 1429 lubet,
2740 1361 2873 1418 nihil
2910 1351 3186 1431 repugno:
3222 1374 3404 1412 verum
3429 1355 3559 1428 quod
3586 1358 3717 1412 mati-

2203 1474 2347 1513 mum
2396 1467 2500 1521 est,
2540 1456 2649 1511 illis
2679 1470 2783 1511 non
2820 1454 3133 1509 concedam.
3168 1450 3515 1507 Orthodoxize
3539 1450 3717 1506 nomine

2203 1548 2404 1607 frustra
2439 1550 2691 1604 laudatus
2745 1547 2999 1609 Basilius,
3036 1545 3239 1600 frustra
3280 1543 3596 1614 Gregorius;
3635 1542 3717 1606 ille,

2208 1644 2334 1714 quia
2363 1642 2701 1697 sermonibus
2729 1640 2841 1694 suis
2890 1637 3171 1694 veritatem
3225 1637 3431 1707 prodit;
3478 1634 3578 1701 hic,
3624 1634 3718 1702 quia

2206 1735 2466 1805 patientia
2529 1748 2626 1787 sua
2673 1732 2919 1787 eamdem
2982 1730 3141 1786 simul
3206 1728 3403 1799 prodit.
3451 1746 3469 1779 ι
3505 1725 3622 1780 Tum
3659 1724 3720 1779 his

527 1808 709 1863 "ne"
735 1807 834 1861 ms
864 1806 982 1876 ipse
1014 1812 1244 1859 “33‘3"”
1294 1803 1477 1896 verbis
1508 1800 1904 1896 inﬁrmi?“
1937 1814 2098 1896 qui"?
2131 1875 2172 1896 τ,
2202 1800 2496 1896 Gregorius
2542 1824 2959 1879 conviciatoretn
3002 1821 3181 1876 verbis
3217 1820 3485 1889 redarguit
3513 1834 3526 1871 :
3557 1835 3574 1869 ι
3606 1816 3721 1872 Unde

529 1901 595 1955 ad
621 1875 1308 1969 populumiNazianzcnum
1362 1893 1546 1949 habuit
1594 1891 1711 1965 (a):
1747 1909 1766 1943 ι
1798 1890 1952 1945 Nunc
1982 1890 2100 1960 qui-

2214 1875 2493 1896 -.-εν-,π-
3076 1875 3121 1876 η
3376 1875 3405 1889 υ

2214 1924 2330 1983 hoc,
2368 1935 2400 1974 ο
2436 1919 2598 1973 homo
2622 1932 2780 1978 vane,
2826 1926 2989 1986 atque
3022 1916 3349 1983 arrogantia:
3372 1911 3595 1970 nomine,
3618 1922 3719 1961 noro

528 1992 650 2045 dem
686 2004 806 2044 cum
836 1988 1096 2058 praeclaro
1130 1993 1355 2056 parente
1402 1998 1591 2038 curam
1643 1982 1787 2037 hanc
1827 1980 2103 2048 suscipere

528 2099 637 2139 non
662 2096 872 2145 recuso,
899 2080 1045 2134 velut
1074 2093 1283 2149 magnte
1311 2077 1504 2147 aquila:
1524 2085 1578 2129 et
1604 2073 1868 2128 altissime
1898 2071 2101 2127 volanti

527 2175 706 2247 pullus
768 2190 875 2227 non
944 2172 1318 2227 incommodus
1372 2184 1404 2225 e
1457 2168 1764 2238 propinquo
1820 2166 2101 2219 advolans.

528 2269 717 2323 Postea
758 2281 887 2320 vero
913 2279 1142 2336 pennam
1177 2277 1352 2316 meam
1402 2260 1654 2332 Spiritui,
1688 2274 1795 2329 quo
1847 2257 2009 2322 volet,
2048 2265 2105 2312 et

527 2343 742 2431 quoquo
771 2361 930 2415 modo
965 2358 1130 2421 volet,
1158 2356 1439 2411 ferendam
1474 2354 1647 2418 dabo;
1682 2368 1781 2408 nec
1815 2352 2101 2421 quisquam

527 2456 651 2520 erit,
681 2455 773 2524 qui
805 2468 889 2507 me
917 2467 1135 2521 cogere,
1165 2458 1260 2503 aut
1299 2448 1556 2503 aliorsum
1596 2446 1881 2500 traducere
1911 2444 2102 2513 possit,

528 2560 651 2600 cum
682 2559 746 2599 eo
784 2542 1277 2598 consultantem....
1324 2539 1448 2593 Ilaec
1495 2537 1683 2602 habui,
1732 2536 1834 2590 viri
1869 2533 2103 2589 Nazian-

530 2634 672 2698 eeni,
709 2648 829 2703 quat
856 2631 1086 2701 simplici
1112 2631 1295 2685 animo
1326 2627 1827 2695 benevolentiatque
1851 2625 2008 2694 pleno
2036 2624 2103 2678 ad

531 2738 628 2778 vos
658 2723 915 2787 dicerem,
945 2731 1106 2789 atque
1135 2719 1236 2773 hoc
1258 2726 1340 2772 est
1360 2716 1523 2771 animi
1556 2715 1660 2770 mei
1687 2730 1964 2769 arcanum.
1991 2733 2009 2765 ι
2047 2713 2105 2766 In

532 2814 775 2870 carmine
811 2813 889 2867 De
936 2813 1040 2866 vita
1093 2828 1188 2863 sua
1238 2809 1637 2864 Nazianzenam
1691 2806 1988 2861 Ecclesiam
2047 2820 2106 2860 se

533 2906 838 2975 suscepisse
860 2902 1013 2972 jussu
1046 2901 1285 2972 parentis
1319 2900 1580 2967 declarat,
1615 2899 1689 2953 ita
1716 2912 1899 2954 secum
1943 2912 2104 2967 repu-

534 3007 737 3051 tantem
762 3011 825 3049 ac
857 2996 1125 3049 dicentem
1150 2993 1222 3063 (b)
1253 3010 1268 3046 :

607 3109 788 3179 Neque
809 3109 947 3162 enim
981 3123 1061 3160 res
1088 3107 1192 3179 ista
1214 3105 1437 3179 invitum
1469 3121 1562 3179 me
1588 3105 1933 3179 constringet,

2205 2011 2413 2067 Dathan
2465 2020 2517 2064 et
2566 2008 2809 2063 Abiron?
2840 2008 2992 2062 Unde
3024 2007 3178 2061 nobis
3204 2007 3505 2073 dogmatum
3530 1998 3718 2070 promul-

2206 2111 2361 2170 gator
2426 2098 2620 2153 venis?
2689 2096 2907 2152 Siccine
2968 2104 3243 2150 tantarum
3300 2106 3474 2147 rerum
3528 2088 3713 2159 judicem

2209 2194 2435 2262 teipsum
2459 2190 2702 2244 eliicies?
2744 2189 2878 2243 Tum
2923 2188 3009 2241 ille
3038 2204 3051 2239 :
3084 2202 3148 2241 ex
3188 2183 3472 2255 Eupsychii
3518 2178 3718 2249 martyris

2206 2285 2411 2355 synodo
2442 2297 2582 2337 nunc
2611 2280 2790 2347 venio,
2814 2293 3043 2349 eamque
3074 2278 3206 2333 dicti
3236 2277 3341 2331 mei
3368 2285 3546 2330 testem
3587 2274 3720 2327 habeo

2208 2377 2307 2450 (sic
2340 2377 2483 2431 enim
2536 2390 2622 2429 res
2670 2389 2728 2430 se
2781 2373 3062 2442 habebat),
3120 2381 3286 2441 atque
3348 2368 3454 2423 illic
3508 2363 3716 2419 Basiliam

2162 2499 2167 2505 ν
2208 2469 2455 2539 Magnum
2485 2469 2684 2533 audivi,
2720 2467 2785 2522 de
2812 2466 3209 2535 Patre'qnidein
3241 2473 3295 2517 et
3322 2461 3454 2515 Filio
3483 2458 3656 2527 Optime
3679 2458 3718 2505 et

2207 2560 2615 2631 perfectissime,
2664 2566 2824 2627 atque
2871 2564 2932 2611 ut
2969 2558 3058 2611 vix
3106 2555 3391 2625 quisquam
3426 2551 3552 2604 alius
3600 2545 3719 2599 facile

2209 2662 2391 2721 queat,
2420 2651 2779 2706 disserentem
2814 2667 2829 2706 :
2863 2649 3126 2719 Spiritum
3157 2655 3405 2702 sanctmn
3428 2652 3588 2696 autem
3617 2652 3716 2690 con-

2207 2742 2491 2799 vellentem
2526 2757 2587 2796 ac
2618 2742 3072 2811 distorquentem,
3118 2758 3137 2792 ›
3177 2747 3285 2793 etc.
3332 2736 3494 2805 igitur
3523 2730 3716 2801 philoso-

2209 2837 2345 2905 phus
2402 2835 2490 2889 ille
2541 2834 2799 2888 Basilium
2835 2831 3179 2901 vituperabat
3223 2845 3289 2885 eo
3334 2826 3471 2897 quod
3504 2820 3716 2890 Spiritum

2209 2937 2454 2983 sanctum
2501 2926 2668 2981 Deum
2704 2941 2807 2979 non
2864 2924 3197 2995 appellasset
3259 2913 3634 2977 concionaudo;
3673 2922 3719 2961 ac

2208 3021 2370 3075 veluti
2399 3034 2429 3074 a
2461 3019 2690 3074 veritate
2721 3016 3038 3081 declinaret,
3075 3030 3307 3085 eamque
3361 3011 3561 3082 polithe
3588 3002 3719 3071 masis

2207 3127 2367 3183 quam
2399 3112 2483 3182 pie
2505 3112 2839 3182 przedicaret.
2866 3107 3051 3165 Basilii
3090 3094 3278 3177 partes
3304 3117 3511 3162 strenue
3532 3096 3720 3155 defendit

531 3178 638 3246 Qui
665 3174 755 3233 nec
782 3179 894 3232 ulla
922 3177 1346 3242 denuntiatione,
1371 3192 1465 3229 nec
1488 3174 1595 3229 ullo
1611 3178 2063 3244 promissateneor
2086 3188 2104 3225 :
2134 3215 2176 3274 α
2211 3174 2526 3272 dregohus"
2565 3216 2867 3270 causasque
2902 3174 3139 3255 reddidi,
3191 3214 3292 3254 cur
3347 3193 3592 3265 Spiritum
3619 3200 3715 3242 san.

604 3294 687 3346 Οὐ
715 3290 828 3362 γὰρ
859 3289 1092 3362 καθέξει
1119 3288 1516 3362 τοῦτξκὲφην,
1550 3284 1772 3341 ἄκοντά
1793 3303 1890 3355 με,

606 3366 708 3415 "Or
724 3354 868 3420 ὀὗτε
891 3359 1183 3430 κήρυγμα,
1215 3354 1703 3430 οὔθ’-ὖπόσχερνις
1728 3354 1961 3426 κρίατεῖ·

606 3433 802 3498 Οὕτως
824 3428 1088 3500 ἀνήγαγέ
1113 3448 1189 3498 με
1221 3428 1479 3495 νικήσας
1504 3428 1706 3497 φόϐος.

605 3542 697 3598 Sic
724 3559 802 3596 me
827 3542 1013 3596 victria:
1043 3540 1274 3609 formido
1305 3539 1536 3597 reduxit.

605 3681 686 3735 Ex
718 3682 819 3734 hac
844 3677 1090 3749 Gregorii
1117 3678 1462 3747 prazfectura,
1512 3692 1643 3747 qua,
1672 3686 1827 3747 patre
1863 3679 2107 3732 adniten-

534 3782 607 3837 te,
634 3772 834 3826 invitus
867 3768 1305 3823 administrandae
1336 3768 1588 3823 Ecclesia:
1620 3767 1973 3822 Nazianzenm
2014 3785 2109 3823 ους

535 3881 652 3922 ram
680 3864 939 3933 suscepit,
978 3876 1080 3915 non
1114 3861 1268 3932 pauci
1294 3875 1416 3916 eum
1458 3861 1621 3931 hujus
1667 3860 1923 3916 Ecclesiae
1960 3862 2107 3916 ordi-

536 3970 721 4014 natum
749 3956 914 4012 fuisse
949 3955 1259 4025 episcopum
1306 3954 1553 4008 arbitrati
1591 3964 1738 4009 sunt.
1810 3952 1916 4008 Sed
1950 3956 2107 4023 quid-

540 4051 667 4120 quid
691 4064 753 4105 ea
775 4050 841 4103 de
876 4063 932 4103 re
959 4046 1277 4116 scripserint
1307 4056 1520 4102 veteres
1550 4062 1613 4101 ac
1638 4049 1987 4111 recentiores,
2024 4048 2106 4102 lo-

538 4140 804 4210 cupietior
837 4154 942 4193 non
973 4147 1060 4193 est
1085 4138 1224 4192 alius
1252 4138 1403 4193 testis
1440 4153 1603 4208 quam
1638 4138 1931 4210 Gregorius
1964 4158 1978 4207 ;
2010 4155 2109 4195 nec

538 4231 629 4285 alii
664 4230 753 4285 ulli
786 4230 955 4301 major
982 4244 1145 4300 quam
1195 4229 1294 4300 ipsi
1354 4229 1486 4284 fides
1541 4230 1785 4287 habenda
1833 4241 1936 4286 est.
1984 4231 2108 4287 Ihec

537 4321 705 4391 ipsius
754 4331 880 4375 sunt
939 4322 1003 4373 ad
1057 4320 1378 4390 Gregorium
1453 4319 1763 4392 Nysscnum
1818 4321 2107 4377 scribentis

536 4412 701 4467 verba
736 4416 805 4482 (ε)
835 4428 847 4464 ;
885 4431 903 4464 ι
955 4413 1101 4467 Inter
1127 4429 1315 4469 omnes
1359 4415 1558 4469 etenim
1609 4423 1846 4479 constat,
1877 4430 1963 4471 me
1998 4431 2103 4470 non

536 4503 815 4567 Nazianzi,
845 4504 938 4558 sed
967 4504 1304 4559 Sasimorum
1327 4506 1628 4561 antistitem
1649 4517 1889 4561 creatum
1913 4508 2104 4571 fuisse,

539 4598 751 4653 tametsi
798 4598 850 4651 in
890 4599 1059 4667 patris
1117 4601 1503 4665 reverentiam,
1536 4608 1591 4655 et
1614 4615 1799 4655 eorum
1843 4601 1933 4670 qui
1982 4616 2112 4671 sup-

536 4690 706 4761 plices
760 4692 862 4746 hoc
899 4706 928 4745 a
961 4706 1046 4747 me
1087 4692 1509 4757 contenderunt,
1562 4692 1628 4745 ad
1679 4694 1840 4747 breve
1878 4700 2091 4763 tempus

538 4780 912 4851 prazfecturam
953 4781 1106 4851 quasi
1134 4782 1377 4852 hospites
1403 4783 1763 4854 suscepimus,
1804 4802 1823 4835 ι
1858 4793 1968 4838 etc.

539 4911 673 4967 CIX.
698 4911 980 4982 Gregorius
1015 4913 1550 4985 Basilinnt‘defendit,
1584 4932 1616 4969 a
1663 4915 1889 4985 quodam
1920 4932 2104 4969 inena-

608 4985 703 5037 cho
732 4996 1053 5047 accusatum,
1083 4986 1220 5052 quod
1252 4983 1506 5052 Spiritum
1532 4983 1772 5040 sanctum
1810 4984 1974 5038 Deum
2000 5001 2102 5039 non

607 5054 938 5123 appellasset.

609 5166 740 5223 Post
766 5176 1068 5236 susceptam
1095 5183 1125 5221 a
1152 5169 1415 5237 Gregorio
1446 5169 1698 5225 Ecclesire
1738 5168 2096 5225 Nazianzente

541 5260 1086 5325 administrationem,
1137 5259 1489 5329 habitumque
1540 5262 1843 5316 orationem
1908 5262 2109 5318 duode-

541 5352 761 5416 cimam,
790 5352 1081 5422 contigisse
1104 5351 1566 5422 videturjurgium
1586 5352 1725 5421 quod
1751 5352 1899 5406 inter
1929 5354 2105 5422 ipsuut

540 5453 595 5499 et
622 5443 906 5512 quemdam
939 5443 1261 5499 monachum
1292 5444 1501 5498 exstitit
1524 5444 1587 5497 de
1621 5443 1840 5498 Basilio.
1870 5444 2000 5498 Bern
2030 5447 2109 5500 sic

545 5543 731 5589 narrat
762 5534 1056 5603 Gregorius
1089 5534 1141 5587 in
1190 5534 1413 5603 epistola
1462 5534 1534 5591 al.
1566 5535 1637 5588 26
1674 5552 1687 5588 :
1724 5553 1743 5587 ι
1779 5534 2100 5591 Convivium

541 5625 809 5695 quoddam
839 5626 1162 5696 erat,inquo
1186 5626 1399 5700 plurimi
1418 5626 1819 5681 clarissimiviri
1847 5628 2110 5700 nobisque

541 5718 781 5774 amicitia
816 5718 1083 5788 conjuncti
1111 5720 1521 5787 accumbebant,
1552 5730 1712 5790 atque
1743 5718 1883 5775 inter
1916 5735 2010 5776 eos
2032 5723 2113 5776 vir

2190 3303 2354 3369 Ictum
2383 3307 2637 3362 expresse
2663 3292 2908 3362 etpalam
2937 3291 3102 3347 Deum
3136 3305 3248 3345 non
3273 3290 3465 3344 diceret
3489 3301 3502 3349 ;
3522 3276 3720 3352 quamViS

2208 3402 2330 3442 eum
2362 3401 2485 3442 esse
2515 3385 2706 3449 Deum,
2740 3399 2845 3439 non
2878 3398 3035 3440 secus
3062 3398 3125 3439 ac
3156 3383 3372 3445 Filium,
3399 3379 3644 3434 crederet,
3675 3380 3721 3419 ac

2208 3477 2388 3533 verbis
2418 3476 2581 3531 etiam
2618 3476 2949 3553 ostenderet,
3000 3474 3259 3527 nimirum
3299 3474 3350 3526 in
3401 3465 3590 3523 insidiis
3631 3470 3721 3515 esse

2210 3570 2510 3634 haereticos,
2547 3552 2898 3623 observantes
2944 3565 2989 3620 si
3025 3580 3187 3634 quam
3224 3580 3289 3619 ex
3315 3562 3429 3631 ejus
3450 3572 3536 3615 ore
3562 3552 3719 3608 nudam

2208 3675 2392 3714 vocem
2416 3665 2630 3729 possent
2659 3658 2921 3725 arripere,
2941 3667 2998 3709 ut
3017 3671 3082 3711 eo
3099 3656 3276 3723 ejecto
3296 3652 3570 3709 Ecclesiam
3595 3658 3720 3700 occu-

2208 3759 2433 3815 parent,
2474 3759 2804 3818 czeterasque
2842 3747 3110 3803 Ecclesias
3149 3747 3557 3817 p0pularentur;
3584 3741 3721 3802 itaquo

2209 3842 2380 3897 satius
2402 3856 2520 3897 esse
2570 3856 2731 3895 uuam
2778 3855 2985 3905 vocem,
3034 3840 3305 3894 sententia
3338 3839 3388 3893 in
3434 3843 3537 3888 tuto
3561 3828 3718 3900 posita.

2208 3934 2645 4005 przetermittere,
2703 3947 2865 4001 quam
2902 3931 3200 3989 Ecclesium
3247 3932 3301 3986 in
3357 3938 3550 3983 tantum
3572 3917 3721 3975 discri-

2211 4039 2330 4077 men
2367 4024 2654 4078 adducere.
2694 4019 3201 4091 Temperamentum
3236 4021 3398 4085 istud,
3447 4013 3576 4087 quod
3624 4021 3719 4079 pro-

2209 4116 2357 4171 bavit
2403 4124 2587 4186 postea
2629 4113 2855 4182 Magnus
2902 4114 3258 4181 Athanasius,
3295 4114 3361 4167 iis
3412 4110 3497 4179 qui
3543 4105 3722 4159 aderat"

2211 4207 2504 4276 displicuit,
2550 4206 2834 4276 ipsumque
2883 4205 3206 4275 Gregorium
3265 4202 3576 4259 clamoribus
3610 4194 3722 4247 insc-

2211 4298 2338 4353 ctati
2371 4306 2513 4364 sunt,
2543 4308 2601 4352 ut
2630 4297 2857 4367 ignavia:
2894 4298 3063 4367 magis
3092 4313 3257 4367 quam
3311 4309 3450 4352 sanae
3506 4284 3724 4346 doctrina:

2212 4391 2608 4445 consulentem.

2212 4502 2326 4561 CX.
2351 4501 2483 4555 CXI.
2507 4501 2788 4571 Gregorius
2822 4500 3020 4556 Basilio
3048 4503 3451 4557 controversiam
3473 4497 3576 4566 ejus
3600 4502 3725 4544 mum

2287 4584 2576 4640 susceptam
2607 4572 2892 4639 signiﬁcat,
2934 4590 3122 4641 rogans
3150 4585 3203 4625 ut
3242 4576 3346 4640 ipse
3370 4574 3540 4622 doceat
3569 4573 3724 4640 ῳφιιε·

2287 4660 2383 4711 que
2410 4644 2556 4711 licent
2584 4647 2655 4694 uti
2677 4643 2981 4711 manantia,
3008 4654 3059 4695 ut
3092 4644 3494 4695 contradicentes
3512 4642 3648 4704 possit
3668 4641 3725 4678 rc-

2286 4709 2490 4783 pellere.
2520 4710 2811 4783 Epistulam
2834 4709 3070 4783 Gregorii
3099 4713 3331 4783 pejorem
3356 4712 3409 4764 in
3438 4710 3621 4778 partem
3650 4713 3719 4749 ac-

2287 4784 2410 4851 cipit
2440 4781 2694 4836 Basilius.

2293 4898 2439 4952 Datis
2491 4898 2557 4951 ad
2612 4897 2869 4953 Basilium
2903 4897 3124 4966 litteris,
3183 4912 3293 4953 rem
3326 4903 3486 4950 totam
3531 4880 3725 4944 narravit

2215 4989 2531 5060 Gregorius,
2566 5004 2762 5060 rogans
2788 4999 2845 5043 ut
2870 4991 3089 5045 doceret
3119 5001 3399 5059 quousque
3446 4986 3497 5039 in
3535 4980 3725 5046 dispute

2219 5082 2363 5137 tione
2392 5082 2457 5135 de
2486 5080 2722 5150 Spiritus
2748 5081 2919 5136 sancti
2947 5081 3227 5135 divinitate
3250 5074 3511 5150 progredi,
3531 5073 3725 5140 ᾳυεςίιυο

2220 5186 2381 5228 voces
2413 5187 2693 5241 usurpare,
2731 5180 2785 5226 et
2809 5188 3091 5243 quousque
3114 5170 3411 5229 teconomia
3444 5165 3515 5219 uti
3539 5162 3724 5216 liceret;

2223 5268 2363 5322 haud
2401 5265 2648 5334 equidem
2676 5280 2771 5319 sua
2801 5280 2987 5331 causa,
3030 5268 3121 5335 qui
3151 5264 3388 5321 omnium
3417 5263 3553 5314 esset
3578 5248 3724 5305 miser-

2220 5360 2391 5415 rimus
2413 5370 2467 5414 et
2493 5358 2894 5427 stolidissimos,
2928 5360 2971 5415 si
3005 5359 3284 5415 dubitaret
3325 5355 3392 5411 de
3424 5345 3590 5405 Basilii
3629 5352 3723 5427 scn-

2221 5450 2408 5517 ῑθηιίθν
2459 5451 2555 5505 sed
2590 5435 2648 5503 ut
2703 5451 3199 5507 contradicentibus
3251 5442 3601 5518 responderet.
3645 5426 3728 5483 H15

2219 5541 2465 5611 Gregorii
2497 5540 2725 5607 litteras,
2786 5543 2998 5597 tametsi
3051 5541 3291 5597 adhibita
3339 5534 3576 5592 cautione
3598 5529 3724 5593 ‘l'm"

2222 5632 2479 5697 maxima,
2506 5633 2866 5703 omnibusque
2897 5635 3115 5690 honoris
3150 5644 3311 5704 atque
3339 5626 3529 5684 amoris
3555 5611 3723 5704 signifi-

2223 5721 2529 5779 cationibus
2559 5700 2812 5791 refertas,
2836 5723 3075 5794 pejorem
3109 5726 3163 5781 in
3198 5700 3400 5795 partem
3429 5710 3615 5783 accepit
3648 5700 3728 5754 3“

615 5849 691 5924 (a)
721 5851 812 5909 Or.
851 5852 941 5917 ιε.
972 5870 1026 5910 ιι.
1054 5854 1087 5909 5
1115 5855 1243 5913 el6.
1347 5856 1421 5929 (δ)
1449 5856 1508 5913 v.
1540 5856 1664 5913 523.
1744 5854 1811 5927 (ο)
1840 5853 2008 5925 Epist.
2039 5855 2108 5911 al.
2140 5857 2230 5911 te.
