3824 6394
151 440 236 498 εοε
1150 407 1158 421 ’
1407 422 1555 477 γιτλ
1602 422 1657 477 s.

1771 420 2049 477 tEGORIl.

3224 424 3331 483 9.06

151 552 297 612 silius;
321 542 400 613 qui
430 541 592 596 etiam
628 538 885 609 Gregorio
909 536 1253 606 respondens,
1285 537 1473 591 mirari
1494 553 1551 592 se
1571 538 1666 600 ait,
1701 540 1743 596 Α
1775 556 1791 588 ι
1819 537 1923 592 Sed
1950 553 2051 592 non
2075 536 2251 603 video,
2279 536 2471 607 inquit,
2496 551 2595 591 cur
2627 534 2859 592 Basilius
2883 539 3042 592 etiam
3080 550 3199 609 post
3228 552 3321 594 tur.

146 657 232 699 non
247 634 367 706 quod
383 632 673 686 monachus
693 631 793 685 hoc
807 630 1049 693 dixisset,
1062 630 1153 684 sed
1166 628 1308 698 quod
1330 630 1671 699 germanissi-

149 747 241 788 lllOS
265 741 373 781 suos
394 723 607 783 fratres,
639 736 765 777 suos
785 731 839 776 et
872 722 1075 777 amicos
1094 722 1366 777 auditores
1392 721 1670 777 habuisset

145 840 193 876 ac
220 815 507 886 discipulos.
564 814 660 869 IIis
713 814 1037 883 respondere
1072 815 1413 885 dedignatur,
1463 824 1665 868 etcum

145 912 360 976 Gregorio
385 907 709 976 expostulat,
730 906 869 975 quod
900 906 966 959 ad
1000 920 1183 960 senon
1216 906 1429 971 veniat;
1461 905 1664 961 aditum

142 1005 257 1060 enim
298 1015 396 1054 non
452 982 729 1052 habituras
768 996 1095 1062 calumnias,
1142 998 1186 1052 si
1240 1014 1489 1068 magnam
1528 999 1657 1053 anni

141 1107 310 1168 partem
340 1090 495 1145 simul
525 1093 895 1145 traducerent.
933 1090 1144 1157 Quanto
1178 1091 1241 1143 in.
1263 1092 1466 1145 honore
1519 1102 1666 1147 esset

138 1189 252 1258 apud
275 1183 522 1239 Basilium
548 1182 842 1251 Gregorius
884 1197 947 1236 cx
979 1183 1080 1237 hac
1108 1183 1503 1252 perhonorifica
1541 1199 1662 1238 eum

138 1275 362 1335 invitandi
401 1275 607 1329 ratione
639 1273 807 1343 liquet
847 1292 859 1328 :
902 1293 919 1325 ι
963 1274 1018 1328 Si
1068 1274 1213 1329 enim
1267 1283 1470 1328 tantum
1500 1290 1664 1344 appa-

138 1387 252 1433 reas,
286 1367 466 1435 inquit,
498 1367 802 1436 supprimes
836 1366 1003 1436 ipsius
1027 1369 1305 1435 impetum,
1338 1381 1541 1436 eosque
1573 1367 1662 1435 qui

134 1464 185 1517 ad
208 1460 373 1530 patrite
406 1474 492 1512 res
525 1458 850 1512 evertendas
893 1459 1206 1528 conspirant
1232 1458 1539 1527 dissipabis,
1569 1462 1656 1513 ubi

134 1557 239 1626 ipsis
267 1563 441 1607 nolunt
476 1550 719 1607 fuerit-te
746 1552 839 1607 Dei
865 1553 1044 1622 gratia
1073 1554 1241 1607 nostri
1262 1565 1440 1609 cattus
1473 1555 1661 1609 ducem

130 1663 239 1709 esse,
279 1664 297 1698 ι
329 1654 434 1698 etc.

128 1759 255 1815 CXII.
293 1757 575 1827 Gregorius
599 1755 805 1811 Basilio
830 1757 1011 1811 scribit
1042 1773 1159 1811 eum
1186 1758 1446 1813 immerito
1472 1758 1663 1813 litteris

678 1829 786 1882 suis
819 1829 1091 1896 oﬂ'eusum.

1772 629 1868 684 bas
1919 629 2257 685 Sasimenses
2309 636 2447 683 hanc
2504 630 2755 684 amicitiae
2805 645 3074 700 nunquam
3126 632 3333 686 violate

1772 718 1983 773 laudem
2011 719 2110 772 sibi
2137 718 2415 774 vindicare
2456 735 2559 775 non
2594 720 2852 789 potuerit,
2877 737 2998 775 cum
3038 725 3337 790 prtnsertim

1770 809 2067 879 Gregorius
2099 811 2344 881 pluribus
2373 812 2502 866 locis
2532 812 2678 867 dicat
2715 812 3008 866 amicitiam
3052 814 3152 869 hac
3184 816 3236 869 in
3282 832 3339 869 re

1772 899 2029 953 Basilinm
2065 902 2275 970 spiritui
2310 901 2706 970 posthabuisse.
2742 921 2760 954 ι
2797 901 2887 956 Sic
2911 902 2961 955 iu
2992 907 3237 959 oratione
3260 904 3338 960 De

1774 991 2019 1046 laudibus
2067 993 2263 1047 Basilii
2337 993 2558 1062 loquens
2590 994 2655 1046 de
2696 994 2866 1048 turbis
2918 995 3337 1063 Sasimensihus,

1768 1099 1905 1153 quas
1939 1085 2173 1139 nondum
2226 1097 2444 1155 pectore
2492 1095 2835 1141 excusserat:
2878 1104 2896 1136 ‹
2934 1085 3044 1140 Nisi
3086 1090 3209 1158 quis
3261 1099 3341 1143 ta-

1769 1192 1913 1242 men,
1946 1177 2120 1246 inquit
2149 1178 2238 1247 (Γ).
2275 1178 2377 1233 hoc
2405 1195 2431 1230 a
2464 1195 2549 1233 me
2581 1193 2677 1246 pro
2704 1178 2846 1233 illius
2892 1179 3134 1249 apologia
3187 1184 3333 1237 acci-

1770 1265 1898 1331 piat,
1918 1268 2059 1335 quod
2084 1267 2419 1333 sublimiora,
2439 1284 2597 1337 quam
2624 1283 2720 1336 pro
2751 1268 2986 1323 hominis
3012 1270 3339 1337 conditione,

1766 1361 2029 1421 sentiens,
2056 1368 2217 1427 atque
2248 1360 2376 1413 hinc
2405 1361 2556 1428 prius
2590 1360 2749 1412 etiam
2778 1374 2937 1429 quam
2964 1362 3071 1414 vita
3102 1363 3335 1416 excede-

1770 1457 1868 1512 ret,
1900 1448 2195 1517 digressus,
2227 1450 2407 1504 omnia
2454 1452 2519 1501 ad
2553 1448 2811 1520 Spiritttm
2843 1452 3148 1518 referebat;
3179 1464 3341 1521 atque.

1766 1540 2016 1594 amicitia:
2053 1540 2247 1606 oﬂicia,
2289 1557 2409 1612 quae
2466 1540 2665 1609 alioqui
2716 1552 2906 1597 sancte
2958 1543 3198 1608 colebat,
3252 1543 3339 1597 hic.

1766 1631 1939 1687 solum
1972 1634 2386 1703 aspernabatur,
2409 1633 2497 1688 ubi
2527 1633 2695 1686 Deum
2724 1635 2973 1703 anteponi
2993 1636 3329 1704 oportebat.»

1767 1724 1823 1780 In
1855 1726 2021 1781 altera
2050 1728 2296 1782 oratione
2326 1742 2507 1782 coram
2534 1725 2732 1781 Basilio
2758 1746 2771 1780 :
2802 1745 2820 1778 ι
2862 1728 3334 1797 Quandoquidem,

1770 1818 1943 1888 inquit
1969 1818 2268 1890 Gregorius
2297 1819 2393 1889 (g),
2424 1830 2482 1872 ut
2513 1834 2613 1873 nos
2644 1818 2812 1887 pluris
2863 1819 3116 1882 fortasse,
3175 1835 3337 1889 quam

180 1921 357 1976 Basilio
412 1920 698 1987 rescripsit
756 1889 1051 1989 Gregorius
1073 1960 1088 1985 ,
1151 1919 1325 1989 ipsum
1390 1919 1660 1974 immerito
1693 1889 1736 1945 Β
1767 1909 1902 1964 alios
1931 1923 2124 1965 omnes
2151 1910 2337 1976 ducis;
2373 1911 2443 1963 ita
2480 1926 2692 1965 rursum
2724 1911 2984 1980 Spiritum
3010 1912 3163 1966 nobis
3183 1913 3343 1978 longe

122 2013 347 2068 oﬂ'ensum
393 2010 569 2066 fuisse
615 2012 809 2065 litteris
840 2011 978 2078 suis,
1013 2025 1116 2064 non
1159 2010 1298 2064 malo
1322 2020 1376 2065 et
1411 2009 1657 2078 subdolo,

124 2102 195 2155 sed
237 2101 463 2171 simplici
488 2101 690 2164 animo,
717 2108 770 2154 et
802 2114 863 2154 ea
899 2114 1004 2169 qua
1042 2099 1250 2153 solebat
1288 2100 1657 2154 benevolentia

120 2193 339 2261 scriptis;
371 2207 611 2261 eumque
646 2191 925 2246 admonuit
952 2191 1121 2245 satius
1152 2191 1318 2245 fuisse
1366 2190 1662 2247 incommo-

119 2284 185 2337 dis
226 2272 547 2338 medirinam
578 2281 791 2347 aﬂerre,
824 2298 985 2352 quam
1016 2282 1299 2337 consilium
1334 2284 1479 2337 danti
1525 2298 1654 2337 suc-

115 2391 323 2431 censere.
347 2376 623 2430 Cmtcrum
644 2389 704 2428 se
733 2383 1017 2427 venturum
1043 2374 1329 2443 promittit,
1367 2384 1422 2428 et
1461 2373 1662 2429 Basilio

117 2468 229 2522 duce
255 2467 491 2521 libenter
514 2465 933 2521 dimicaturum:
958 2485 975 2517 ι
1004 2464 1134 2532 Quis
1156 2468 1321 2531 enim,
1353 2466 1524 2535 inquit
1559 2466 1659 2536 (a),

109 2556 345 2627 langueat,
378 2558 498 2611 imo
534 2556 656 2625 quis
688 2571 794 2610 non
821 2572 1012 2626 magno
1045 2566 1099 2610 et
1130 2557 1308 2611 fidenti
1331 2559 1507 2610 animo
1522 2556 1664 2612 futu-

112 2663 186 2702 rus
205 2650 289 2711 sit,
317 2658 369 2703 te
398 2649 546 2703 duce
563 2663 626 2703 ac
653 2646 800 2703 socio
822 2650 889 2703 de
908 2648 1136 2703 veritate
1167 2649 1471 2718 disputans,
1499 2661 1661 2720 atque

108 2741 402 2796 cantendens
422 2740 449 2794 ?
490 2758 511 2792 ι
1244 2744 1249 2753 '

105 2853 259 2911 CXIII.
295 2854 427 2928 Quis
450 2854 633 2928 illusit
662 2855 847 2920 hostis,
885 2864 1067 2909 contra
1089 2872 1240 2922 quem
1269 2868 1418 2928 rogat
1472 2855 1663 2928 Gregoo

219 2928 350 2977 rium
381 2926 650 2991 Basilius,
698 2936 752 2977 ut
806 2927 973 2979 veniat
1010 2928 1265 2979 auxilium
1295 2926 1519 2981 laturus.

160 3018 433 3071 Existimat
464 3018 555 3070 vir
589 3018 924 3072 clarissimus
945 3018 1349 3082 Tillemontius,
1384 3035 1542 3089 quem
1572 3036 1661 3076 se-

106 3107 260 3177 quitur
279 3118 471 3162 noster
499 3106 827 3162 Prudentius
854 3107 1106 3161 Maranus
1129 3108 1234 3179 (ὁ),
1264 3112 1660 3166 contentionem

104 3196 390 3267 Gregorium
430 3199 581 3252 inter
606 3207 660 3251 et
699 3199 1020 3253 monachum
1052 3197 1251 3254 Basilio
1279 3200 1485 3254 crimen
1533 3216 1661 3269 pro-

108 3290 210 3343 dita:
240 3290 483 3344 veritatis
505 3289 850 3355 inferentem,
870 3292 1159 3361 contigisse
1188 3306 1330 3345 anno
1351 3292 1484 3346 571:
1509 3308 1659 3347 suam

104 3381 187 3434 viri
206 3383 679 3452 doetiopinionem
706 3383 1030 3438 conﬁrmant
1061 3384 1145 3439 his
1166 3384 1351 3439 Basilii
1374 3385 1550 3440 verbis
1569 3390 1663 3453 lc),

105 3471 271 3542 quibus
288 3473 622 3544 Gregorium
659 3482 814 3544 rogat
853 3484 911 3528 ut
952 3476 1137 3529 veniat
1168 3476 1431 3530 auxilium
1460 3476 1666 3533 laturus

101 3579 258 3621 contra
308 3572 529 3624 hostem
580 3571 672 3639 qui
726 3572 923 3625 bellum
977 3570 1286 3626 inferebat:
1317 3591 1335 3623 ι
1376 3572 1493 3641 Ipse
1537 3587 1665 3628 vero

102 3662 284 3713 exorari
317 3671 368 3715 te
408 3664 560 3726 sine,
607 3674 664 3715 ut
710 3664 985 3717 nobiscum
1027 3665 1093 3716 ad
1122 3664 1450 3733 propositum
1491 3673 1667 3718 certa-

100 3768 201 3805 men
233 3755 531 3819 allahores,
570 3771 633 3808 ac
660 3756 1310 3819 nobiscumoccurrasei,
1339 3757 1429 3823 qui
1470 3756 1661 3809 bellum

99 3843 226 3897 nobis
272 3846 460 3901 infert.
498 3848 559 3900 Si
594 3849 738 3900 enim
776 3857 981 3900 tantum
1016 3863 1302 3917 appareas,
1360 3850 1665 3919 supprimes

95 3932 235 4000 ipsius
255 3939 554 4007 impetum,
584 3958 605 3989 ι
630 3951 741 3994 etc.
774 3938 993 3994 Hostem
1028 3941 1174 3995 hunc
1220 3957 1324 3994 non
1354 3942 1518 3994 alium
1543 3958 1664 3996 esse

96 4040 227 4089 quam
268 4030 574 4084 Valentem
617 4030 965 4084 contendunt.
1007 4049 1026 4082 ι
1057 4030 1283 4086 Nullum
1322 4032 1467 4086 enim
1516 4032 1661 4088 aliud

93 4128 275 4189 tempus
313 4123 601 4186 occurrit,
652 4123 825 4191 inquit
863 4132 1045 4177 noster
1078 4122 1426 4188 Prudentius,
1456 4125 1508 4179 in
1554 4142 1662 4196 quo

93 4207 351 4267 instantem
386 4218 620 4270 hostem
646 4214 1043 4284 exspectaverit
1072 4212 1321 4281 Basilius,
1343 4219 1660 4272 etcxsilium

89 4313 165 4355 aut
190 4306 385 4374 aliquid
416 4305 660 4375 gravius
690 4320 755 4359 ex
796 4306 980 4374 prtelio
1006 4307 1328 4375 speraverit.
1360 4308 1665 4377 Appropin-

89 4406 314 4461 quantem
351 4398 621 4452 Valentis
644 4396 933 4452 adventum
982 4398 1227 4467 designat
1255 4397 1549 4464 Gregorius
1585 4398 1662 4467 (d)

85 4501 185 4538 cum
216 4489 289 4542 ait
322 4491 376 4543 in
430 4490 728 4553 convivio,
768 4506 787 4539 ι
836 4490 1026 4559 ingens
1059 4489 1206 4545 circa
1236 4488 1495 4543 Basilium
1536 4503 1659 4542 esse

85 4571 275 4643 bellum,
312 4582 524 4635 vicinis
543 4580 799 4634 omnibus
819 4581 989 4651 captis
1008 4590 1063 4635 et
1093 4580 1409 4649 subiugatis.
1451 4598 1469 4629 ι
1519 4578 1664 4633 Prte-

84 4676 226 4734 terea,
254 4672 301 4725 si
347 4672 473 4740 jam
500 4672 753 4726 Basilius
782 4688 904 4726 cum
935 4670 1162 4726 Valente
1188 4680 1499 4741 pugnasset,
1533 4686 1659 4724 num

82 4755 277 4826 ignavia:
324 4765 559 4818 crimen
603 4762 767 4817 futuri
814 4764 982 4832 praelii
1035 4763 1395 4833 promissione
1446 4760 1661 4816 refelle-

78 4850 269 4923 tet(e)?
296 4854 528 4922 Quibus
562 4854 716 4909 enim
767 4855 912 4909 illius
944 4854 1101 4909 fidem
1158 4854 1431 4924 prmterita
1484 4863 1663 4907 certa-

78 4942 197 4996 mina
230 4962 335 5002 non
364 4949 816 5018 approbassem,
851 4948 1019 5001 multo
1042 4949 1218 5001 minus
1242 4946 1477 5000 nondum
1511 4960 1663 5000 com—

76 5034 214 5090 missa
246 5032 666 5108 approbarent.
699 5039 872 5093 Aliam
900 5038 1163 5092 rationem
1189 5038 1338 5092 addit
1363 5035 1655 5092 Tillemon-

77 5126 182 5189 tius,
225 5132 447 5185 scilicet
508 5131 781 5185 Basilium
832 5140 955 5200 post
1005 5130 1343 5185 Sasimenses
1370 5128 1648 5184 molestias

76 5216 225 5279 dicere
261 5240 371 5279 non
406 5226 715 5293 potuisse:
749 5238 808 5278 se
839 5223 1039 5277 nullius
1064 5222 1168 5276 sibi
1210 5222 1264 5275 in
1309 5218 1653 5289 Gregorium,

78 5326 93 5357 ι
118 5327 275 5382 neque
304 5297 719 5384 parviineque
750 5313 1127 5385 magnidelicti
1159 5326 1284 5367 esse
1317 5312 1650 5366 conscium.»

76 5398 244 5458 Verum
298 5407 451 5462 hanc
512 5405 793 5459 rationem
851 5410 965 5474 ipse
1040 5411 1224 5458 noster
1289 5401 1654 5467 Prudentius,

73 5500 295 5560 quamvis
345 5500 505 5554 idem
568 5500 778 5551 sentiat
825 5512 889 5551 ac
949 5495 1349 5563 Tillemontius,
1406 5494 1645 5552 refellit°

130 5634 195 5712 (ᾳ)
226 5634 649 5712 Epist._at.__27.

129 5704 193 5773 (ὁ)
232 5704 353 5761 ι’ξεει
383 5706 606 5770 Basil.,
640 5719 691 5773 p.
717 5705 806 5759 96.

128 5777 189 5849 te)
219 5775 342 5849 Bas.
363 5794 455 5849 ep.
498 5776 603 5837 7|.
638 5776 841 5849 11-1164.

129 5846 195 5916 pi)
236 5846 355 5903 Vita
386 5846 556 5913 Bas,
606 5846 769 5915 p.96.

1769 2003 2075 2072 anteponis.
2113 2001 2236 2057 Non
2269 2017 2459 2071 passus
2494 2018 2553 2058 es
2591 2003 2850 2058 talentum
2896 2004 2948 2058 in
2976 2013 3118 2059 terra
3156 2006 3339 2080 delos:

1768 2108 1890 2146 sum
1919 2102 2087 2163 atque
2122 2094 2384 2148 obrutum
2414 2095 2604 2160 latere,
2637 2114 2656 2149 ι
2682 2107 2789 2150 etc.
2826 2095 3007 2151 Potuit
3032 2111 3161 2167 ergo
3188 2098 3344 2153 Basi-

1771 2185 1899 2248 lius.
1927 2187 2092 2239 etiam
2133 2196 2259 2256 post
2293 2186 2637 2242 Sasimeuses
2680 2191 2889 2253 turbas,
2927 2189 3108 2243 dicere
3142 2204 3201 2244 se
3227 2192 3345 2244 nul-

1770 2278 1869 2332 lius
1899 2279 2000 2333 sibi
2031 2279 2083 2333 in
2115 2278 2458 2348 Gregorium,
2488 2298 2508 2330 ο
2541 2296 2716 2351 neque
2752 2282 2932 2351 parvi,
2962 2297 3137 2352 neque
3164 2286 3342 2353 magni

1770 2369 1948 2423 delicti
2000 2384 2122 2424 esse
2156 2370 2455 2423 conscium.
2498 2389 2516 2422 ι
2558 2372 2623 2425 Et
2670 2383 2817 2427 certe
2850 2372 2901 2426 id
2950 2373 3130 2429 dicere
3192 2373 3345 2430 licuit

1766 2457 2047 2531 Gregorio,
2083 2461 2167 2515 cui
2195 2463 2470 2517 acerbiora
2494 2463 2545 2518 in
2568 2462 2825 2519 Basilium
2848 2466 3013 2520 verba
3043 2466 3340 2522 excidere:

1767 2560 1969 2619 quanto
1999 2552 2171 2622 magis
2191 2551 2429 2608 Basilio?

2081 2661 2264 2719 CXIV.
2301 2664 2402 2719 Ille
2431 2666 2616 2733 hostis,
2649 2683 2751 2721 non
2787 2666 3003 2723 Valens.

1836 2752 1993 2809 Nunc
2036 2768 2165 2810 vero
2203 2755 2639 2825 expendcndum,
2676 2771 2743 2809 an
2793 2757 2969 2812 hostis
3005 2759 3095 2827 qui
3137 2758 3340 2813 bellum

1770 2845 2039 2901 inferebat
2079 2846 2301 2912 Basilio,
2349 2849 2394 2902 is
2446 2847 2643 2903 Valens
2690 2849 2987 2917 imperator
3030 2862 3211 2916 esset;
3271 2868 3339 2907 an

1770 2947 2072 3001 certamen,
2101 2939 2168 2992 ad
2199 2938 2341 3007 quod
2384 2938 2618 2993 Basilius
2644 2938 2968 3010 Gregorium
3007 2942 3344 3007 accersebat,

1712 3098 1718 3103 ί
1770 3032 1829 3079 ut
1882 3043 1985 3080 una
2042 3042 2227 3082 secum
2294 3036 2581 3096 pugnaret,
2646 3025 2775 3081 illud
2835 3027 3000 3083 fuerit
3041 3041 3342 3097 certamen,

1769 3117 1909 3187 quod
1966 3118 2249 3173 imminere
2294 3118 2398 3172 sibi
2454 3131 2521 3172 ex
2579 3118 2882 3173 adventuro
2908 3118 3345 3176 CresareamVa-

1770 3208 1913 3264 lente
1966 3209 2352 3264 arbitrabatur.
2391 3208 2447 3263 Id
2489 3208 2703 3277 quidem
2753 3210 2945 3265 volunt
2995 3212 3345 3268 doctissimus

1769 3299 2148 3357 Tillemontius
2208 3310 2264 3356 et
2310 3311 2496 3355 n05ter
2519 3300 2872 3367 Prudentius,
2902 3317 3061 3370 quos,
3090 3303 3161 3357 ob
3188 3320 3345 3375 egre-

1766 3393 1882 3464 gias
1918 3394 2148 3449 virtutes
2175 3404 2231 3450 et
2268 3394 2556 3449 scientiam
2608 3393 2962 3461 singularem,
2997 3394 3343 3455 observantia

1766 3502 1929 3557 quam
1963 3487 2195 3542 maxima
2244 3487 2490 3542 colimus.
2523 3485 2625 3542 llic
2679 3496 2856 3541 tamen
2885 3487 2954 3542 ab
3001 3502 3191 3542 eorum
3221 3489 3345 3558 opi~

1768 3579 1931 3634 nione
1957 3578 2327 3643 discedimus;
2365 3593 2542 3650 neque
2591 3580 2739 3633 enim
2794 3579 3043 3649 Gregorii
3076 3590 3129 3634 et
3159 3581 3345 3638 Basilii

1765 3670 1929 3723 verba
1967 3668 2033 3723 de
2078 3667 2309 3724 Valente
2346 3668 2543 3724 debere
2605 3668 2831 3739 intelligi
2880 3670 3034 3723 nobis
3068 3671 3341 3731 videntur.

1766 3757 2000 3811 Basilius
2031 3756 2099 3811 ad
2126 3766 2399 3812 certamen
2435 3766 2627 3811 contra
2661 3758 2874 3811 hostem
2908 3759 3178 3813 advocans
3208 3759 3344 3815 Gre—

1765 3844 1999 3915 gorium,
2028 3845 2114 3900 his
2164 3860 2301 3901 eum
2337 3847 2514 3900 verbis
2561 3847 2877 3916 compellat.
2905 3865 2925 3898 ι
2953 3846 3009 3901 Si
3043 3850 3185 3901 enim
3228 3860 3344 3905 tan-

1769 3946 1878 3989 tum
1931 3952 2218 4008 apparens,
2275 3937 2444 4007 ipsius
2478 3940 2786 4009 supprimcs
2828 3940 3109 4011 impetum,
3143 3958 3344 4012 eosque

1765 4028 1857 4095 qui
1887 4028 1952 4081 ad
1979 4030 2169 4097 patria:
2200 4044 2285 4082 res
2316 4030 2639 4084 evertendas
2664 4032 3000 4102 conspirant,
3031 4034 3340 4105 dissipabis,

1766 4118 1855 4172 ubi
1890 4118 2020 4189 ipsis
2053 4129 2240 4175 notum
2280 4120 2444 4175 fuerit
2486 4130 2539 4177 te
2582 4122 2675 4178 Dei
2725 4124 2901 4193 gratia
2947 4126 3124 4180 nostri
3169 4138 3343 4182 coetus

1765 4211 1957 4267 ducem
1988 4227 2128 4268 esse.
2155 4232 2174 4265 ›
2235 4213 2406 4278 Itane,
2449 4216 2663 4281 amabo,
2702 4218 2973 4283 scribere,
3015 4228 3069 4273 et
3109 4220 3225 4274 haec
3279 4222 3343 4275 de

1765 4298 2008 4357 Valentis
2040 4304 2244 4373 impetu
2295 4306 2479 4361 dicere
2511 4308 2663 4361 licuit
2696 4306 2936 4363 Basilio?
2964 4311 3044 4363 An
3080 4326 3210 4365 vero
3244 4311 3342 4365 Ba-

1764 4396 1919 4450 silius
1949 4410 2186 4465 unquam
2219 4396 2553 4450 existimavit
2579 4396 2925 4465 Gregorium,
2958 4397 3045 4453 vel
3094 4399 3335 4470 impera-

1765 4488 1890 4553 tori,
1939 4488 2020 4541 vel
2078 4486 2360 4558 prtefecto,
2400 4489 2483 4542 vel
2538 4505 2835 4557 coquorum
2889 4492 3170 4561 magistro,
3207 4494 3341 4546 adeo

1697 4608 1741 4663 ο
1768 4588 1863 4631 aut
1900 4576 2195 4632 terribilem
2225 4588 2321 4632 aut
2345 4588 2622 4648 acceptum
2643 4594 2782 4643 esse,
2809 4588 2868 4634 ut
2898 4581 2983 4636 vel
3021 4585 3340 4637 auctoritate

1768 4668 1848 4722 Vel
1901 4669 2099 4739 gratia,
2132 4669 2242 4723 imo
2287 4669 2403 4724 sola
2434 4670 2517 4724 sui
2562 4670 2873 4738 praesentia,
2906 4680 2958 4725 ct
2982 4687 3103 4726 cum
3137 4674 3337 4728 Basilio

1765 4761 2046 4825 societate,
2080 4770 2269 4835 tantos
2307 4761 2590 4816 confestim
2638 4764 2873 4833 impetus
2932 4765 3237 4833 retardare,
3266 4782 3335 4821 ne

1766 4853 1939 4907 dicam
1985 4870 2004 4904 ι
2028 4852 2295 4920 dissipare
2320 4871 2340 4905 ι
2376 4852 2591 4922 penitus
2634 4856 2856 4923 posset?
2891 4855 3027 4923 Quin
3078 4857 3165 4911 his
3217 4873 3339 4911 cer-

1766 4943 2057 4998 taminihus
2084 4959 2206 4998 cum
2248 4943 2523 5013 pratfectis
2553 4944 2621 4998 ab
2660 4946 2989 5015 imperatore
3022 4948 3335 5016 praemissis,

1765 5044 1819 5089 et
1851 5049 1971 5088 cum
2003 5034 2129 5101 ipso
2162 5033 2389 5089 Valente
2421 5033 2596 5088 adluit
2645 5036 2978 5103 Gregorius:
3009 5036 3139 5105 quid
3172 5052 3335 5105 porro

1768 5126 1871 5180 tale
1901 5126 2172 5194 prmstitit,
2202 5126 2363 5194 quale
2390 5128 2762 5196 prsesriturum
2800 5128 3023 5182 conlidit
3066 5122 3340 5185 Basiliu‘s?

1765 5238 1924 5293 CXV.
1960 5238 2274 5293 Eustathius
2325 5238 2641 5294 Sebastenus
2678 5241 3042 5309 intelligendus
3070 5253 3145 5296 est
3174 5242 3335 5297 Basi-

2367 5312 2438 5364 lio
2470 5313 2724 5379 infensus.
3240 5366 3247 5369 .

1831 5398 1948 5457 Non
1997 5417 2126 5471 ergo
2186 5402 2251 5456 de
2316 5402 2540 5456 Valente
2588 5402 2933 5473 intelligenda
2976 5413 3101 5459 sunt
3147 5402 3332 5458 Basilii

1766 5493 1948 5548 verba.
1982 5494 2074 5548 sed
2125 5494 2191 5547 de
2240 5495 2359 5563 ejus
2396 5492 2751 5563 sulfraganeis
2785 5494 3016 5568 aliisque
3037 5495 3335 5567 episcopis.

1835 5631 1904 5701 (ε)
1933 5632 2101 5701 Epist.
2130 5633 2201 5686 al.
2234 5634 2328 5688 26.

1833 5703 1898 5773 (l')
1928 5703 2019 5773 0r.
2052 5702 2143 5773 45,
2177 5720 2232 5757 n.
2275 5704 2367 5760 59.

1839 5777 1909 5841 (g)
1940 5772 2034 5827 0r.
2062 5772 2146 5839 I0,
2178 5790 2230 5827 ιι.
2259 5776 2310 5828 5.
