3824 6394
476 374 580 432 207

1777 373 1934 428 VlTA
1976 373 2030 428 s.
2073 373 2421 430 cneconu.
3608 368 3704 424 ωε

477 494 722 565 inprimis
765 490 1046 546 Eustathio
1077 490 1396 555 Sebasteno,
1430 491 1519 561 qui
1562 490 1779 545 Sabellii
1805 502 1858 545 et
1887 491 2022 561 Apol
2079 498 2122 551 Α
2152 490 2357 565 CXYII.
2400 490 2465 544 In
2498 488 2718 554 epistola
2746 486 2816 543 26
2843 486 3085 565 Gregorii
3116 487 3176 555 ﬁt
3214 487 3410 565 mentio
3456 485 3703 565 orationis

475 585 663 640 liuaris
692 600 905 639 errores
934 582 1133 637 Basilio
1161 582 1471 655 aliiugebat.
1503 584 1769 638 Prmterea
1798 585 1867 639 ob
1897 600 2038 643 eam,

474 696 579 749 qua
613 680 678 733 de
711 679 913 747 Spiritu
947 687 1133 730 sancto
1169 678 1331 731 verba
1376 675 1583 730 faciens
1616 680 1868 730 utebatur
1892 675 2043 727 Basi-

474 770 597 834 lius,
626 770 1003 834 mconemiam,
1037 768 1125 821 alii
1166 769 1493 831 timiditatis,
1540 768 1626 820 alii
1682 768 1905 835 prodite
1952 776 2044 819 ant

474 862 638 913 etiam
677 859 942 912 innovatte
972 858 1094 911 ﬁdei
1146 870 1331 911 notam
1390 858 1713 923 iuurebant;
1745 872 1905 926 quam
1952 862 2044 907 ari-

472 962 635 1007 ventu
671 966 767 1005 suo
801 951 1095 1019 Gregorius
1140 959 1195 1003 et
1241 952 1625 1005 communione
1676 967 1798 1003 cum
1834 949 2037 1002 Basilio

474 1044 785 1109 abstergere
820 1042 1032 1111 penitus
1077 1049 1128 1093 et
1158 1041 1342 1093 eluere
1376 1050 1608 1110 poterat,
1642 1043 1841 1109 quippe
1876 1054 2038 1108 quem

473 1133 771 1189 divinitatis
805 1133 1040 1202 Spiritus
1072 1135 1244 1187 sancti
1271 1133 1606 1187 liberrimqu
1649 1144 1702 1186 et
1727 1149 1833 1201 prae
1874 1142 2037 1187 czete-

475 1224 553 1277 ris
581 1238 769 1277 omnes
818 1233 1271 1292 propugnatorem
1322 1223 1707 1290 agnoscebant.
1746 1222 2041 1290 Propterea

468 1315 704 1370 Basilius
733 1314 1055 1382 Gregorium
1096 1315 1347 1378 advocat,
1385 1315 1470 1368 his
1508 1314 1727 1367 verbis:
1768 1332 1785 1365 ι
1817 1314 1873 1367 Si
1924 1322 2041 1367 tan-

475 1418 587 1461 tum
632 1423 914 1475 apparens,
958 1406 1124 1474 ipsius
1167 1406 1472 1474 suppriines
1523 1405 1804 1473 impetum,
1840 1419 2042 1474 eosque

473 1504 566 1570 qui
595 1503 659 1556 ad
696 1516 780 1553 res
824 1499 1012 1569 patria:
1059 1496 1383 1551 evertendas
1430 1496 1769 1564 (οιιενίιτιιιι,
1812 1497 2043 1566 dissipa-

474 1594 581 1660 bis,
604 1614 622 1645 ›
652 1604 753 1647 etc.
1292 1622 1323 1631 ε

543 1708 656 1763 Nec
692 1722 821 1762 vero
862 1724 926 1763 ex
982 1708 1332 1778 sequentibus
1361 1706 1583 1775 colligas
1616 1704 1863 1759 Valentis
1899 1723 1917 1757 ‹
1940 1706 2042 1758 im-

468 1812 701 1873 petum»
748 1802 1058 1873 signiﬁcari.
1136 1801 1465 1869 Exspectare
1516 1814 1750 1868 namque
1815 1798 2042 1852 Basilius

473 1898 639 1949 etiam
680 1903 787 1947 tum
822 1894 1011 1963 potuit,
1038 1903 1096 1947 ut
1140 1898 1208 1947 ab
1262 1894 1487 1947 ecclesia
1520 1894 1869 1961 paternisque
1907 1892 2041 1945 tedi-

474 1985 577 2041 bus
611 1986 916 2053 cjieeretur,
954 2002 1055 2038 non
1086 1995 1296 2038 tantum
1349 1987 1415 2038 ab
1447 1984 1685 2046 Arianis,
1714 1984 1805 2052 qui
1849 1983 1900 2036 id
1948 1998 2048 2035 an-

478 2094 546 2132 no
574 2078 701 2142 5'72,
747 2078 1047 2145 iterumque
1094 2092 1238 2130 anno
1282 2075 1387 2129 576
1446 2084 1758 2141 tentarunt;
1796 2090 1980 2129 verum
2016 2090 2045 2128 a

475 2171 766 2227 Catholieis
816 2170 1290 2239 etiaiupluribus,
1350 2169 1441 2238 qui
1500 2177 1555 2221 et
1604 2168 1703 2235 ipsi
1741 2182 1886 2222 caeco
1930 2168 2047 2221 zelo

467 2261 684 2331 abrepti
744 2260 1463 2315 Basilio.adversabantur.
1520 2258 1791 2312 Praeterea
1850 2257 2045 2313 Eusta-

476 2354 621 2408 thius
650 2352 1003 2415 Sebastenus,
1039 2352 1201 2406 homo
1241 2350 1564 2418 versipellis.
1592 2350 1683 2419 qui
1716 2364 1845 2405 cum
1879 2348 2043 2404 Aria-

475 2446 561 2500 nis
583 2453 701 2500 erat
730 2454 840 2497 tum
871 2442 1251 2498 communione
1281 2450 1335 2496 et
1363 2442 1414 2495 in
1447 2441 1709 2496 Basilium
1740 2442 1870 2495 odio
1915 2456 2047 2495 con-

470 2535 866 2605 junctissimus,
899 2533 1352 2601 Eustathianique
1375 2532 1597 2587 famosis
1625 2532 1823 2587 libellis
1854 2532 2042 2588 Caesa-

478 2628 714 2682 riensem
758 2627 1069 2696 episcopum
1114 2625 1464 2691 lacerabant;
1503 2624 1635 2678 adeo
1676 2633 1733 2677 ut
1780 2639 1810 2677 a
1862 2624 2043 2679 multis

478 2718 618 2772 male
652 2717 881 2782 audiret,
918 2717 1078 2770 etiam
1114 2715 1455 2781 orthodoxis,
1500 2723 1663 2785 atque
1703 2712 1819 2783 ejus
1852 2713 2045 2769 inﬁde

478 2807 639 2861 dubia
669 2816 813 2861 esset
840 2805 1146 2874 integritas.

513 2981 701 3041 CXVI.
747 2984 1063 3055 Episwpum
1093 2992 1217 3037 tunc
1242 2984 1409 3054 fuisse
1429 2984 1743 3056 Gregorium
1777 2994 2004 3040 constat.
2042 2991 2049 3002 ‘

543 3143 689 3210 Quin
738 3142 901 3197 etiam
934 3141 1253 3211 Gregorium
1282 3152 1525 3199 nostrum
1579 3152 1703 3199 tunc
1728 3146 2040 3217 episcopum

468 3237 665 3299 fuisse,
720 3252 785 3288 ex
842 3234 926 3289 his
990 3234 1229 3302 ejusdem
1281 3235 1545 3307 epistola»
1600 3251 1762 3305 quam
1800 3237 1866 3291 ad
1916 3253 2041 3294 eum

478 3329 696 3396 scripsit
738 3326 971 3381 Basilius
1007 3326 1107 3397 (τι),
1139 3328 1322 3383 verbis
1377 3337 1527 3383 certo
1558 3327 1731 3398 colligi
1762 3343 1921 3398 posse
1948 3345 2047 3386 no-

475 3420 559 3473 bis
586 3419 793 3471 videtur
830 3434 843 3471 :
875 3418 936 3469 Et
970 3417 1079 3489 γὰρ
1128 3416 1273 3471 κατὰ
1317 3417 1419 3481 τὰς
1466 3417 1696 3489 ἀρχαίας
1742 3419 2041 3490 συνθήκας,

476 3512 571 3566 καὶ
593 3510 732 3563 κατὰ
762 3510 860 3579 τὴν
892 3508 1246 3581 ὀφειλομένην
1268 3508 1376 3573 νῦν,
1404 3512 1524 3572 ταῖς
1546 3510 1866 3580 ἐκκλησίαις
1911 3513 2044 3582 παρ’

474 3603 632 3675 ἡμῶν
660 3602 997 3673 ἐπιμέλειαν,
1028 3603 1095 3655 τὰ
1122 3602 1290 3655 πολλὰ
1339 3602 1432 3655 τοῦ
1466 3601 1713 3655 ὲνςαυτοῦ
1750 3606 1865 3674 μετ’
1888 3604 2048 3675 exat,-

476 3696 582 3751 λων
631 3698 889 3768 διήγομεν
911 3713 925 3726 ’
955 3714 973 3747 ί
997 3695 1052 3749 Si
1101 3696 1242 3749 enim
1278 3709 1342 3748 ex
1384 3694 1553 3747 veteri
1598 3704 1775 3763 pacto,
1804 3712 1867 3751 ac
1892 3695 2050 3765 juxta

479 3804 623 3853 eam,
650 3804 810 3857 quam
843 3803 985 3841 nunc
1013 3787 1270 3842 debemus
1304 3786 1571 3851 ecclesiis,
1627 3802 1816 3841 curam
1851 3798 1903 3842 et
1940 3788 2047 3842 sol-

472 3878 837 3941 licitudinem,
863 3878 1059 3947 saepius
1088 3893 1182 3946 per
1205 3893 1403 3931 annum
1423 3880 1912 3945 converrissemus,»
1938 3891 2045 3935 etc.

473 3969 605 4024 Haec
632 3979 776 4024 certe
801 3970 963 4023 verba
1007 3967 1328 4037 Gregorium
1364 3984 1468 4023 non
1501 3985 1657 4025 secus
1683 3986 1745 4025 ac
1773 3971 2039 4026 Basilium

478 4063 644 4117 fuisse
688 4062 1001 4130 episcopum
1053 4060 1330 4127 denotant,
1377 4076 1681 4130 novamque
1737 4078 1801 4117 ac
1860 4078 2040 4132 parem

473 4153 585 4221 jam
624 4170 765 4207 nunc
800 4154 1198 4207 incumbentem
1254 4153 1518 4207 ambobus
1564 4151 2049 4208 Ecclesiaruntcu-

476 4260 615 4298 rant.
651 4241 806 4297 Unde
838 4244 1100 4312 sequitur,
1150 4242 1219 4296 τὰ
1272 4242 1444 4296 πολλὰ
1487 4243 1579 4297 τοῦ
1621 4244 1871 4298 ἐνιαυτοῦ
1926 4248 2042 4317 μετ’

476 4336 723 4407 ἀλλήλων
764 4335 1043 4404 διήγομεν,
1080 4350 1198 4403 qua:
1249 4346 1394 4390 recte
1453 4344 1605 4390 vetus
1655 4338 1923 4407 interpres
1968 4339 2049 4394 sic

478 4429 669 4484 Latine
703 4425 1242 4496 reddiditztSaepius
1292 4442 1386 4497 per
1435 4443 1635 4483 annum
1687 4430 2044 4485 convenisse-

2223 562 2418 681 lilqno
2442 571 2639 613 constat
2676 571 2789 613 eost
2838 562 3126 613 orationem
3153 558 3399 625 scriptam
3455 571 3567 609 esse
3606 556 3709 621 epi‘

2223 642 2296 681 sto
2321 647 2427 681 am.

2220 642 2427 685 stotant.

2219 742 2443 813 ilisjam
2471 744 2533 796 ad
2575 757 2847 797 cuntuium
2889 748 3109 794 accedat
3150 740 3313 808 iquod
3339 739 3560 807 opinion
3609 750 3715 792 sine

2140 836 2555 889 ‘incommodare
2582 849 2687 888 non
2734 833 3033 887 dissimulat
3058 829 3479 899 Tillcmontins),
3516 831 3715 881 oratio-

2153 942 2273 979 nem
2320 926 2576 996 Theologi
2631 926 2869 979 habitam
2912 939 3054 977 anno
3086 923 3212 987 572,
3243 932 3592 989 posteaquam
3626 921 3714 974 ab-

2145 1018 2302 1086 jectis
2338 1017 2570 1073 Sasiinis
2610 1018 2964 1072 Nazianzeuze
3008 1017 3260 1071 Ecclesia:
3292 1014 3715 1069 administratio-

2153 1126 2294 1173 nem,
2317 1111 2541 1180 jubeute
2594 1120 2767 1181 patre,
2796 1108 3033 1177 suscepit
3068 1108 3385 1178 Gregorius,
3423 1107 3633 1160 laudari
3665 1108 3711 1160 in

2150 1200 2373 1268 epistola
2428 1200 2537 1265 26,
2606 1202 2672 1257 de
2725 1218 2831 1271 qua
2884 1201 3113 1269 agitur:
3168 1218 3186 1250 ι
3251 1198 3580 1266 Simulque,
3634 1198 3711 1250 in.

2150 1294 2267 1357 quit
2309 1292 2404 1360 (ὁ),
2455 1308 2641 1347 vocem
2694 1292 2983 1362 quamdam
3034 1308 3207 1345 meatu
3275 1291 3712 1345 connuemoravit

2153 1384 2473 1452 (monachus
2501 1386 2593 1453 qui
2626 1386 2678 1438 iu
2708 1385 2961 1438 Basiliam
3009 1384 3266 1437 atrociter
3311 1381 3710 1451 invehebatur),

2150 1492 2271 1531 cum
2315 1493 2434 1546 ego,
2495 1488 2551 1530 ut
2597 1477 2649 1532 itt
2677 1477 3117 1547 frequentissimo
3149 1488 3312 1537 centu,
3338 1477 3403 1531 de
3437 1474 3713 1528 divinitate

2150 1570 2314 1623 verba
2348 1570 2551 1625 faciens
2587 1570 2956 1639 pervulgatum
3010 1569 3135 1621 illud
3191 1570 3256 1621 de
3293 1567 3497 1633 Spiritu
3530 1575 3713 1618 sancto

2151 1662 2435 1717 interfatus
2493 1676 2667 1716 essent
2705 1678 2719 1714 :
2754 1663 3048 1729 Quousque
3098 1659 3370 1713 lucernam
3423 1657 3715 1711 absconde-

2150 1768 2269 1808 mus
2299 1754 2398 1807 sub
2432 1752 2650 1808 modio?
2676 1772 2694 1805 ι
2727 1753 2858 1819 Qua:
2903 1754 3122 1807 totidem
3174 1751 3356 1806 verbis
3385 1751 3436 1805 in
3470 1752 3713 1805 oratione

2078 1856 2117 1909 Β
2150 1847 2435 1901 habentur.
2472 1844 2553 1898 Ex
2609 1861 2718 1914 quo
2766 1844 3025 1914 sequitur
3075 1843 3189 1899 ha-c
3237 1844 3535 1912 contigisse
3599 1853 3715 1911 post

2146 1940 2470 2001 orationem,
2498 1951 2619 2006 quae
2648 1936 2831 1990 habita
2860 1945 2943 1990 est
2998 1950 3140 1989 anno
3184 1933 3321 1998 572;
3380 1932 3714 2003 proindeqno

2146 2030 2424 2099 epistolam
2458 2030 2529 2083 26
2576 2044 2678 2083 non
2724 2043 2866 2082 anno
2908 2026 3035 2090 571,
3093 2026 3185 2081 sed
3235 2041 3375 2079 anno
3442 2026 3551 2080 573
3585 2026 3713 2079 scri-

2148 2130 2292 2190 ptam
2329 2134 2469 2185 esse,
2503 2121 2662 2189 idque
2689 2130 2811 2190 post
2842 2118 3244 2187 Septembrem,
3284 2134 3444 2187 quem
3480 2119 3532 2173 iu
3571 2135 3714 2173 men-

2148 2229 2259 2267 sem
2285 2213 2475 2268 incidit
2523 2214 2663 2268 beati
2702 2212 3268 2284 marlyrisEupsycltii
3300 2213 3411 2267 sive
3433 2213 3713 2278 memoria,

2148 2306 2262 2360 sive
2301 2316 2618 2368 conventus,
2652 2306 2792 2361 unde
2839 2308 3208 2361 calumniandi
3246 2309 3502 2363 Basilittnt
3558 2322 3715 2361 occa-

2148 2396 2355 2450 sionem
2414 2396 2713 2450 mouacbus
2760 2398 3087 2465 arripuerat.
3124 2397 3309 2468 Neque
3360 2399 3524 2452 etiam
3555 2398 3716 2451 citius

2150 2486 2251 2541 hoc
2296 2502 2436 2541 anno
2473 2487 2767 2553 Hellenius,
2808 2490 2899 2558 qui
2949 2476 3193 2558 Gregorii
3252 2490 3463 2544 litteras
3520 2488 3715 2542 Basilio

2151 2581 2398 2644 reddidit,
2432 2581 2782 2651 cquuaudis
2818 2580 3076 2635 Nazianzi
3110 2582 3325 2638 tributis
3374 2584 3713 2653 pra-pesitus,

2150 2674 2447 2729 Caesaream
2476 2674 2747 2742 protectus
2776 2681 2861 2727 est

2219 2765 2482 2819 Caeterum
2527 2779 2633 2831 quo
2668 2773 2907 2832 tempore
2934 2762 3227 2834 Gregorius
3270 2776 3374 2817 una
3403 2776 3525 2817 cum
3565 2770 3716 2832 patre

2152 2855 2544 2910 Nazianzenam
2581 2854 2878 2910 Ecclesium
2936 2856 3365 2919 administrabat,
3406 2856 3521 2910 sive
3567 2865 3713 2919 ante,

2151 2944 2394 3011 sivepost
2415 2951 2656 2997 exortam
2686 2958 2803 2996 cum
2821 2944 3082 2999 monacho
3100 2945 3165 2997 de
3191 2944 3385 2998 Basilio
3409 2956 3717 2999 controver-

2150 3033 2309 3097 siam,
2339 3032 2641 3088 Ctesareaut
2675 3049 2734 3087 se
2780 3034 3031 3097 contulit,
3064 3034 3246 3103 ibique
3270 3035 3533 3087 eximiam
3568 3033 3713 3087 illam

2150 3125 2449 3179 orationem
2474 3124 2544 3197 (ε)
2572 3125 2757 3179 habuit
2788 3140 2905 3193 qua:
2944 3125 3017 3178 De
3047 3140 3336 3193 pauperum
3392 3141 3575 3178 amare
3628 3126 3712 3179 in-

2146 3216 2423 3271 scribitur.
2460 3216 2657 3269 Eorttm
2688 3230 2849 3269 causa
2892 3217 3225 3285 potissimum
3266 3218 3445 3272 habita
3475 3231 3581 3278 est.
3614 3233 3689 3284 qu

2147 3308 2201 3362 in
2245 3308 2493 3378 hOSpitali
2541 3309 2721 3375 domo,
2771 3308 2979 3363 alendis
3039 3310 3361 3378 pauperibus
3424 3324 3453 3362 a
3517 3310 3718 3365 Basilio

2147 3400 2339 3471 Magno
2373 3410 2702 3467 constructa,
2736 3416 2893 3456 sacro
2928 3406 3114 3455 morbo
3150 3402 3480 3455 laborabant.
3509 3404 3589 3455 Ad
3623 3406 3722 3459 hoc

2148 3494 2315 3547 etiam
2347 3500 2560 3563 tempus
2596 3494 2872 3562 pertinent
2897 3496 3531 3559 orationesseqnentes;
3567 3496 3720 3550 vide-

2151 3582 2275 3639 licet
2309 3584 2517 3639 decima
2551 3585 2738 3652 quinta
2769 3585 2825 3638 in
2852 3584 3060 3639 laudem
3102 3585 3550 3651 Macltaba'orum,
3586 3601 3724 3655 quo-

2150 3690 2267 3730 rum
2296 3675 2571 3745 passiones
2603 3690 2711 3729 non
2756 3690 2823 3731 ex
2873 3675 3027 3731 libris
3056 3679 3227 3732 sacris
3256 3680 3347 3748 qui
3382 3678 3721 3732 Machame-

2152 3782 2270 3821 rum
2326 3782 2520 3821 nomen
2562 3767 2790 3831 habent,
2826 3768 2918 3821 sed
2949 3783 3013 3823 ex
3055 3767 3275 3840 Josephi
3317 3772 3452 3825 libro
3494 3769 3572 3823 De
3634 3774 3726 3825 imo

2151 3860 2404 3926 peratrice
2433 3860 2657 3925 ratione,
2691 3860 2909 3928 exponit
2932 3869 2986 3914 et
3011 3862 3333 3930 eloquentiae
3358 3878 3468 3915 sum
3497 3862 3721 3916 ﬂoribus

2154 3960 2399 4006 exornat.
2452 3951 2665 4006 Decima
2722 3960 2897 4018 sexta,
2951 3953 3006 4005 in
3058 3964 3258 4017 patrem
3301 3965 3559 4009 tacentem
3604 3974 3723 4023 pro-

2152 4051 2265 4109 pter
2314 4040 2522 4111 plagam
2567 4044 2861 4112 grandinis,
2910 4056 3014 4111 qua
3051 4042 3299 4098 Tiberina
3351 4047 3535 4111 regio.
3595 4048 3726 4102 Gre-

2152 4132 2288 4202 gorii
2323 4134 2501 4186 natale
2554 4133 2749 4196 solum,
2778 4150 2919 4187 anno
2956 4134 3176 4188 circiter
3203 4135 3308 4189 373
3344 4135 3550 4189 aﬂlicta
3603 4139 3721 4191 fuit.

2153 4224 2371 4279 Decima
2416 4226 2665 4294 septima,
2698 4226 2765 4277 ad
2782 4226 2924 4280 cives
2956 4226 3333 4281 Nazianzenus
3358 4230 3511 4298 grari
3540 4231 3726 4284 timore

2151 4316 2438 4385 perculsos,
2503 4315 2573 4369 ob
2627 4316 2879 4371 delictum
2927 4316 3062 4372 alias
3096 4318 3428 4389 incognitum
3460 4360 3479 4387 ,
3546 4332 3603 4375 et
3664 4324 3727 4374 ad

2151 4407 2451 4477 praefectum
2477 4408 2806 4462 irascentem.

480 4536 622 4586 mus,
650 4540 668 4573 ι
708 4521 851 4591 quod
901 4520 1181 4588 episcopos
1228 4521 1457 4573 maxime
1494 4520 1667 4588 juvat,
1703 4520 2044 4592 probantque
2086 4555 2127 4610 ο
2154 4518 2384 4575 CXVIII.
2428 4519 2573 4575 Mors
2603 4517 2841 4591 Gregorii
2870 4524 3097 4604 senioris
3119 4534 3171 4577 et
3197 4525 3405 4581 Nomia:
3446 4529 3574 4598 ejus
3608 4545 3730 4585 con-

478 4613 789 4683 frequentes
840 4612 1050 4681 synodi.
1103 4610 1439 4681 Quapropter
1496 4609 1720 4667 Basilius
1775 4613 2043 4668 malorum

476 4720 695 4760 causam
736 4704 861 4757 inde
912 4703 1127 4771 repetit,
1156 4703 1300 4771 quod
1350 4718 1455 4757 non
1500 4718 1603 4758 una
1665 4707 2042 4759 conveniant:

473 4796 678 4851 τούτων
728 4795 784 4848 δὲ
842 4796 1010 4848 αἴτιον
1056 4791 1249 4848 ἐκεῖνο.
1290 4835 1304 4848 .
1348 4834 1365 4849 .
1420 4796 1481 4849 τὸ
1526 4796 1601 4869 μὴ
1655 4798 2048 4867 συντυγχάνειν

474 4890 641 4962 ἡμᾶς.
677 4888 897 4942 Demnnt
936 4889 1047 4941 hzec
1078 4885 1316 4954 ejusdem
1345 4890 1584 4956 epistola:
1612 4891 1799 4955 verba,
1831 4891 2047 4959 episco-

472 4998 601 5054 pum
640 4980 804 5035 fuisse
828 4990 953 5033 tunc
994 4979 1308 5049 Gregorimn
1341 4982 1664 5036 confirmant
1700 5002 1713 5038 :
1746 4985 1828 5037 ὅτι
1866 4985 2031 5048 αὐτὸς

471 5076 537 5145 τῇ
568 5070 662 5125 τοῦ
696 5070 829 5124 Θεοῦ
863 5071 1043 5142 χάριτι
1076 5071 1168 5123 τοῦ
1201 5073 1318 5125 καθ’
1351 5076 1499 5143 ἡμᾶς
1541 5074 1799 5145 συλλόγου
1832 5076 2042 5147 κατάρ-

474 5180 611 5233 χεις,
648 5161 732 5215 vel
777 5172 835 5216 ut
888 5174 1039 5215 vetus
1082 5163 1245 5216 editio
1293 5162 1619 5233 κατάρξειςο
1685 5186 1703 5216 ι
1732 5167 2039 5221 Gonveutui

476 5265 682 5315 nostro,
732 5270 824 5307 seti
854 5254 1080 5323 synodo,
1109 5254 1454 5322 przesidebis;
1482 5274 1499 5305 ι
1524 5239 1620 5309 ’νει
1650 5266 1705 5310 ιιι
1747 5256 2042 5312 Tillemon-

476 5346 603 5407 tius,
636 5362 653 5394 ι
690 5342 940 5397 Ecclesia:
965 5353 1162 5397 nostra:
1207 5355 1367 5413 caput
1406 5355 1455 5400 te
1502 5346 1743 5415 prmbeas
1795 5363 1859 5402 ac
1892 5363 2041 5403 com-

476 5445 775 5487 monstres:
811 5452 829 5485 ι
860 5435 998 5502 quod
1033 5433 1298 5505 episcopis
1328 5436 1591 5491 duntaxat
1652 5438 1872 5508 proprie
1906 5453 2039 5494 con-

476 5524 661 5578 venire
686 5538 840 5578 nemo
870 5524 1057 5579 nescit.

544 5720 623 5865 ξω)
648 5720 815 5788 Epist.
847 5722 936 5788 7i,
968 5740 1020 5792 ι).
1056 5724 1172 5779 165.

570 5792 624 5863 ti)
651 5791 745 5847 oi.
777 5792 866 5859 te,
897 5810 949 5846 n.
978 5794 1031 5849 6.

570 5792 624 5863 ι)
651 5791 745 5847 υτ.
777 5792 866 5859 te,
897 5810 949 5846 η.
978 5794 1031 5849 6.

2850 4592 3016 4661 jugis.

2219 4702 2519 4769 Quomodo,
2552 4702 2775 4772 abjectis
2818 4702 3068 4770 Sasimis,
3123 4706 3420 4777 Gregorius
3480 4712 3730 4764 solitudi-

2152 4808 2276 4849 nem
2310 4795 2503 4849 iterato
2532 4796 2772 4865 petierit,
2804 4810 2976 4865 eaque
3026 4807 3295 4853 retractus
3340 4798 3608 4856 Ecclesia:
3629 4803 3737 4856 Na-

2151 4886 2424 4941 zianzente
2476 4902 2661 4940 curam
2712 4888 3032 4956 susceperit,
3068 4902 3293 4959 rogante
3356 4893 3441 4946 vel
3491 4895 3731 4962 jnbente

2150 4987 2330 5047 patre,
2360 4978 2471 5045 jam
2521 4978 2882 5034 narravimus.
2916 4980 2989 5033 Ea
3028 4994 3234 5046 autem,
3274 4992 3334 5036 ut
3368 4968 3586 5039 dictum
3645 4998 3728 5040 est

2147 5069 2460 5123 conditione
2485 5069 2738 5123 vicariam
2764 5068 3136 5139 przefecturam
3153 5073 3413 5141 suscepit,
3431 5086 3515 5139 ut,
3558 5089 3735 5133 morte

2154 5161 2364 5214 Sublato
2427 5169 2601 5229 patre,
2653 5162 2935 5218 discedere
2975 5172 3030 5218 et
3054 5180 3189 5234 \quo
3233 5166 3397 5220 vellet
3423 5166 3590 5224 abire
3633 5171 3734 5226 sibi

2152 5251 2357 5305 ticeret.

2206 5342 2338 5397 ~Non
2386 5344 2458 5398 ita
2519 5360 2677 5414 iongo
2730 5356 2852 5417 post
2905 5359 3144 5417 tempore
3176 5350 3473 5421 Gregorius
3523 5368 3737 5419 noster.

2152 5439 2391 5507 parentis
2422 5439 2702 5508 utriusque
2740 5444 2911 5506 obitu,
2944 5443 3301 5499 Nazianzcnte
3351 5447 3628 5506 Ecclesia:
3660 5468 3741 5504 re-

2155 5532 2329 5601 gimen
2359 5535 2596 5589 excussit
2630 5550 2793 5606 seque
2835 5537 2935 5593 sibi
2996 5538 3309 5594 vindicavit.
3349 5542 3517 5597 Anno
3562 5544 3740 5615 siqui-

2222 5728 2290 5799 (ο)
2319 5726 2410 5784 0r.
2446 5730 2533 5787 l4.
