3824 6394
161 343 239 402 ὶῦθ

1389 325 1547 383 VITA
1588 324 1646 381 S.
1686 319 2034 379 GREGOPJI.

3221 309 3328 368 210

164 411 256 513 dera
282 445 386 510 S'll,
411 441 550 516 circa
581 454 804 498 vernum
832 449 1062 513 tempus,
1099 441 1420 512 Gregorium
1447 450 1656 510 patrem
1685 441 1730 498 Δ
1761 434 1924 493 CXX.
1977 430 2167 488 Basilii
2216 437 2383 516 morte
2399 425 2682 516 caerulus
2717 423 2914 479 accedit
2958 422 3028 476 ad
3070 421 3330 492 "Gregorii

165 552 295 602 annos
325 544 488 591 natum
519 547 654 602 pene
687 542 931 599 centum,
956 547 1078 588 cum
1111 548 1176 587 ex
1208 533 1274 587 iis
1301 531 1654 602 quadraginta

161 633 350 705 quinque
369 623 711 680 Nazianzenaz
745 623 1000 679 Ecclesia:
1027 622 1350 692 praefuisset,
1373 639 1517 678 mors
1541 623 1659 677 abs-

161 725 268 781 tulit.
298 718 386 774 Nec
421 715 582 769 multo
610 723 750 783 post,
793 714 978 770 Nonna
1008 714 1252 785 Gregorii
1286 716 1515 770 senioris
1537 731 1660 770 con-

152 815 244 885 jur,
265 809 472 876 ejusdem
505 821 640 875 pene
669 808 865 873 inlatis,
897 817 1069 863 morte
1115 808 1323 862 sublata
1373 818 1476 863 est.
1510 806 1660 862 Licet

156 904 267 960 enim
297 897 512 969 quandiu
561 907 835 967 superstes
864 897 1027 953 fuerit
1073 912 1408 972 compertum
1441 915 1543 954 non
1573 901 1660 955 ha-

154 994 322 1052 beatur,
345 986 425 1041 diu
454 997 628 1040 tamen
664 1002 782 1040 eam
811 989 1157 1056 superstitem
1196 1004 1302 1043 non
1339 989 1506 1044 fuisse
1537 990 1662 1044 inde

155 1083 218 1140 fas
239 1092 307 1135 est
334 1077 610 1145 conjicere,
641 1079 782 1148 quod
813 1077 1114 1150 Thcologus
1162 1095 1220 1133 se
1255 1080 1364 1134 cito
1393 1088 1515 1150 post
1549 1095 1664 1135 sns-

153 1183 320 1241 ceptum
365 1169 709 1224 Nazianzente
762 1169 1016 1224 Ecclesiae
1089 1185 1274 1224 curam
1348 1169 1662 1240 parentibus

150 1267 351 1320 orbatum
397 1259 560 1314 fuisse
618 1261 817 1314 scribat
879 1260 978 1332 (η).
1030 1261 1234 1316 Forsan
1303 1261 1389 1317 die
1435 1262 1661 1332 Augusti

150 1355 319 1424 quinto,
349 1365 446 1419 quo
495 1351 612 1419 ejus
645 1352 902 1405 memoria
941 1360 1052 1405 tum
1096 1352 1238 1422 apud
1280 1352 1518 1416 Graecos,
1549 1363 1661 1408 tum

147 1445 257 1515 apud
303 1443 514 1500 Latinos
558 1441 776 1510 colitur,
809 1441 963 1498 obiit.
1024 1443 1154 1498 Eam
1213 1453 1358 1499 certe
1411 1461 1552 1500 anno
1577 1461 1664 1500 se-

146 1537 295 1607 qucttti
319 1536 424 1604 jam
477 1546 745 1589 mortuam
804 1544 1035 1602 constat,
1072 1551 1192 1591 cum
1236 1535 1536 1595 Seleuciam
1569 1553 1671 1606 ρο·-

143 1631 206 1682 tiit
235 1625 522 1701 Gregorius.

141 1761 294 1819 CXIX.
331 1755 646 1816 Parentibus
668 1763 875 1817 orbatus
903 1763 1198 1819 Seleuciam
1223 1781 1277 1820 se
1310 1765 1510 1834 confert
1536 1740 1667 1822 Gre-
1697 1778 1740 1832 Β

782 1836 981 1904 goriys.

191 1946 380 2003 Asserit
432 1945 701 2002 Baronius
737 1965 756 1998 ε
792 1947 1109 2018 Gregorium
1159 1951 1472 2021 parentibus
1505 1953 1664 2008 orba-

139 2049 228 2095 tam
258 2038 550 2094 nullatenus
572 2039 764 2094 adduci
789 2042 1047 2111 potuisse,
1086 2061 1106 2095 ι
1134 2053 1194 2097 ut
1220 2044 1300 2099 vel
1333 2045 1471 2100 diem
1500 2063 1662 2101 unum

137 2134 180 2188 in
225 2131 673 2185 administratione
711 2132 964 2188 Ecclesiae
1021 2133 1371 2191 Nazianzenae
1416 2153 1667 2206 perseve-

137 2232 272 2288 raret,
317 2241 338 2274 ι
383 2232 608 2291 rogante
643 2223 766 2278 licet
803 2223 1017 2290 Basilio,
1050 2227 1169 2282 aliis
1190 2227 1349 2282 simul
1375 2230 1668 2298 episc0pis,

133 2314 390 2398 eicivibus
419 2316 675 2384 precibus
710 2315 1030 2384 importunis
1067 2319 1120 2373 id
1153 2321 1327 2389 ipsum
1369 2319 1668 2391 efﬂagitan-

133 2404 282 2468 tibus;
313 2419 340 2458 a
367 2405 569 2473 quibus
602 2407 874 2472 omnibus,
910 2418 1122 2478 captata
1157 2408 1304 2478 fuga,
1336 2426 1394 2467 se
1433 2413 1669 2482 abripuit

132 2495 368 2564 profectus
421 2496 729 2551 Seleuciam
780 2499 1000 2566 pietatis
1049 2517 1180 2570 ergo
1228 2505 1294 2558 ad
1349 2507 1665 2559 memoriam

129 2596 300 2642 taucttc
342 2586 588 2652 Theclaz,
617 2605 723 2658 quo
763 2589 1024 2661 frequens
1080 2593 1316 2649 fidelium
1358 2598 1669 2665 peregrina-

132 2676 190 2729 tio
211 2693 318 2734 esse
349 2681 584 2734 solebat.
612 2700 630 2733 ι
669 2681 887 2737 [tectius
939 2699 1068 2740 vero
1122 2687 1316 2741 scribit
1370 2687 1666 2743 'I‘illemou-

128 2769 211 2822 tias
232 2771 323 2840 (li),
347 2771 508 2838 hujus
538 2771 797 2828 Ecclesite
820 2775 1084 2845 regimen,
1123 2775 1308 2832 Basilii
1331 2777 1670 2849 aliorumque

127 2859 468 2930 episcoporum
497 2879 568 2916 ac
598 2865 797 2918 civium
831 2867 1082 2935 precibus
1111 2869 1312 2925 victum
1356 2875 1666 2942 suscepisse

124 2950 434 3021 Gregorium,
472 2965 529 3009 et
564 2954 617 3008 in
676 2970 740 3010 eo
799 2958 1113 3027 aliquandiu
1167 2976 1543 3032 perseverasse
1575 2967 1667 3039 (c).

125 3040 211 3098 Nec
255 3055 428 3101 tamen
480 3048 689 3102 interea
743 3051 989 3104 cessabat
1042 3068 1231 3122 rogare
1277 3056 1576 3126 episcopos,
1613 3071 1669 3114 ut

122 3133 225 3190 huic
250 3136 505 3193 Ecclesia:
531 3151 807 3208 pastorem
847 3145 1208 3213 praeficerem,
1237 3163 1397 3218 quam
1437 3151 1549 3221 ipse
1580 3169 1667 3208 re-

123 3233 344 3296 gendam,
375 3235 600 3288 nonnisi
630 3237 979 3306 quoadusque
1008 3241 1330 3308 prmpositus
1373 3252 1521 3298 esset
1565 3247 1672 3316 epi-

120 3333 301 3388 scopus,
338 3335 671 3394 susceperat
713 3326 816 3399 (d).
870 3328 1003 3383 Gum
1046 3341 1221 3386 autem
1261 3332 1506 3404 Gregorii
1548 3353 1671 3406 pre-

121 3412 246 3466 cibus
272 3429 372 3468 non
412 3427 792 3482 moverentur,
818 3434 916 3474 nec
961 3422 1357 3494 quod‘rogahat
1384 3428 1670 3495 obtineret,

117 3499 217 3572 fuga
260 3505 479 3576 elapsus
524 3508 836 3563 Seleuciam
862 3526 921 3566 se
949 3514 1208 3577 contulit,
1229 3531 1349 3570 cum
1378 3517 1671 3576 Ecclesiam

117 3588 493 3653 hazianzenam
535 3601 714 3656 tribus
750 3611 954 3656 tantum
1001 3605 1223 3662 circiter
1257 3611 1412 3666 annis
1469 3623 1592 3666 ante
1619 3624 1674 3669 et

115 3696 214 3751 poSt
239 3699 466 3745 mortem
503 3693 684 3761 patris
717 3696 962 3750 rexisset.

171 3776 421 3837 Seleuciae
478 3799 596 3838 non
645 3787 840 3854 exiguo
899 3797 1141 3859 tempore
1181 3804 1549 3849 commoratus
1590 3806 1670 3850 est

113 3865 400 3957 Gregorius,
436 3885 498 3934 nt
550 3878 670 3945 ipse
707 3888 937 3933 testatur
962 3880 1066 3952 (e);
1098 3884 1355 3939 nimirum
1394 3902 1561 3957 usque
1607 3889 1673 3942 ad

114 3955 324 4018 Valentis
371 3968 621 4031 obitum,
659 3969 747 4037 qui
789 3970 963 4024 victus
999 3988 1026 4025 a
1057 3971 1272 4041 Gothis,
1304 3955 1497 4045 sagitta
1555 3995 1676 4047 per-

111 4067 291 4121 cussus,
317 4058 559 4113 incensa
596 4062 795 4129 agresti
836 4077 984 4127 casa,
1011 4065 1065 4118 in
1124 4082 1283 4134 quam
1316 4069 1524 4124 delatus
1554 4072 1672 4126 fuc-

109 4155 194 4210 rat,
223 4149 514 4206 ultricibus
581 4151 817 4222 ﬂammis
873 4157 1186 4226 absumptus
1240 4159 1340 4214 fuit
1399 4162 1486 4218 die
1535 4179 1673 4218 nona

105 4233 302 4305 Augusti
356 4243 495 4296 anni
552 4241 684 4296 378.
717 4243 828 4298 Illic
881 4255 1057 4300 tamen
1101 4258 1281 4317 optata
1318 4265 1449 4318 pace
1484 4263 1536 4304 et
1564 4254 1675 4307 otio

105 4329 222 4392 quod
267 4343 630 4400 speraverat,
674 4333 775 4388 frui
800 4351 906 4392 non
955 4337 1145 4392 licuit:
1179 4357 1199 4389 ι
1223 4337 1365 4394 Nihil
1395 4343 1539 4408 boni,
1567 4363 1585 4396 ι
1621 4353 1676 4398 ut

2359 496 2702 552 calamitates.

1838 616 1997 670 Anno
2037 610 2285 684 sequenti
2333 608 2462 673 379,
2510 606 2804 677 Gregorius
2845 605 3023 660 adhuc
3069 603 3329 662 Seleuciae

1763 705 2115 768 consedebat,
2149 711 2202 756 et
2250 700 2468 769 quidem
2508 699 2658 768 gravi
2698 713 2763 752 ac
2794 697 3098 766 periculoso
3141 699 3329 752 morbo

1760 797 2038 860 detentus,
2073 809 2194 848 cum
2233 791 2414 846 Basilii
2443 789 2619 858 Magni
2645 803 2788 842 mors
2823 787 2921 858 ipsi
2965 789 3207 842 nuntiata
3225 799 3326 842 est.

1767 887 2040 956 Quantum
2069 885 2123 940 in
2148 883 2392 939 deﬂenda
2427 890 2534 934 tam
2581 879 2728 934 citari
2756 879 2949 948 capitis
2981 887 3154 933 morte
3184 880 3332 933 dolo-

1769 995 1885 1036 rem
1918 977 2227 1045 conceperit
2257 973 2570 1043 Gregorius,
2605 972 2720 1040 ipse
2749 971 2896 1026 solus
2934 985 3192 1025 enarrare
3221 972 3332 1024 sur-

1747 1069 1752 1074 ’
1778 1073 1911 1129 (icit.
1941 1070 2017 1126 Ex
2051 1079 2227 1124 morte
2249 1067 2432 1121 Basilii
2462 1065 2711 1121 etunulus
2741 1065 2808 1118 ad
2848 1079 2971 1118 suas
2995 1063 3330 1118 calamitates

1770 1166 1871 1236 ipsi
1919 1162 2224 1219 accessisse
2257 1161 2406 1214 visus
2437 1168 2540 1214 est.
2574 1176 2593 1210 ι
2617 1158 2730 1212 lloc
2751 1171 2986 1227 quoque,
3011 1174 3030 1208 ι
3068 1156 3332 1211 exclamat

1768 1259 1822 1314 in
1856 1255 2110 1327 epistola,
2142 1267 2246 1324 qua
2273 1255 2340 1307 de
2384 1250 2566 1304 Basilii
2610 1249 2756 1303 obitu
2806 1247 3024 1302 fratrem
3052 1248 3167 1317 ejus
3199 1245 3333 1302 Gre-

1767 1349 1977 1420 gorium
2054 1346 2357 1417 Nysscnum
2437 1339 2869 1410 cousolatnr(g),
2925 1341 3068 1394 «hoc
3120 1355 3333 1409 qttoque

1723 1456 1730 1460 ·
1765 1454 2093 1495 aerumnosa:
2122 1439 2248 1492 huic
2285 1436 2408 1490 vita:
2450 1435 2714 1503 reliquum
2740 1441 2875 1492 erat.
2905 1440 2963 1485 ut
2991 1431 3169 1485 Basilii
3201 1445 3335 1484 mor-

1769 1541 1874 1587 tem
1941 1531 2208 1596 audirem,
2237 1548 2256 1581 ι
2282 1537 2387 1584 etc.
2439 1527 2495 1581 In
2558 1526 2660 1580 alia
2707 1523 2936 1593 epistola
2970 1540 2984 1578 :
3017 1521 3282 1588 «Quaeris,
3311 1541 3329 1573 ι

1765 1623 1960 1694 inquit.
1993 1621 2290 1676 Eudoeium
2330 1619 2635 1688 alloquens,
2669 1635 2688 1668 ι
2717 1631 2825 1687 quo
2849 1623 2991 1670 statu
3025 1628 3113 1668 res
3139 1622 3336 1667 nostra:

1765 1715 1914 1770 sint?
1947 1714 2251 1770 Admodum
2279 1713 2498 1768 acerbo.
2537 1710 2792 1766 Basilium
2831 1722 2936 1762 non
2995 1707 3194 1772 habeo;
3222 1706 3348 1760 Car—'

1769 1808 1976 1863 sarium
2014 1821 2120 1862 non
2152 1805 2349 1870 habeo,
2384 1805 2607 1858 fratrem
2650 1815 2830 1854 meum
2885 1799 3176 1854 secundum
3213 1813 3335 1852 car-

1764 1913 1887 1952 nem
1919 1905 1981 1953 et
2020 1895 2270 1979 spiritum
2299 1914 2312 1950 :
2347 1905 2498 1964 pater
2537 1907 2692 1948 meus
2722 1902 2774 1945 et
2815 1901 2988 1944 mater
3019 1905 3137 1944 mea
3184 1891 3337 1969 dere-

1764 1989 2044 2060 quucrunt
2095 2003 2202 2052 me,
2240 1995 2298 2041 ut
2333 2001 2453 2040 cum
2507 1984 2706 2040 Davide
2754 1984 2960 2052 loquar.
2989 1980 3196 2051 Corpus
3241 1981 3336 2034 ad-

1769 2095 1928 2136 versa
1959 2079 2274 2135 valetudine
2325 2077 2556 2141 laborat,
2592 2086 2840 2131 senectus
2895 2085 3056 2146 caput
3103 2072 3330 2143 premit:
3405 2128 3412 2131 ,

1768 2189 1914 2229 cura:
1947 2173 2066 2228 alia:
2095 2173 2218 2227 aliis
2245 2173 2580 2226 intexuntur.
2613 2169 2894 2224 lucursant
2924 2169 3156 2239 negotia,
3187 2167 3332 2221 infidi

1767 2265 1952 2328 amici.
1974 2265 2235 2321 Ecclesia:
2280 2277 2370 2318 res
2408 2274 2628 2334 pastore
2663 2271 2718 2316 et
2748 2263 3108 2332 gubernatore
3131 2269 3335 2315 carent.

1769 2357 2008 2412 Pereunt
2030 2355 2195 2420 bona,
2220 2356 2362 2409 nuda
2397 2363 2451 2410 et
2481 2362 2667 2424 aperta
2714 2362 2837 2406 sunt
2882 2353 3041 2420 mala,
3073 2353 3340 2422 navigatio

1779 2450 1832 2504 in
1879 2458 2060 2513 nocte,
2090 2446 2181 2502 fax
2214 2459 2501 2515 nusquam,
2538 2443 2787 2498 Christus
2817 2445 3038 2499 dormit.
3087 2444 3226 2510 Quid
3259 2445 3338 2496 fa-

1771 2539 1954 2594 ciam?
1982 2537 2098 2594 Uua
2147 2535 2278 2592 mihi
2329 2535 2595 2590 malorum
2631 2535 2896 2600 depulsio,
2922 2549 3087 2590 mors.
3138 2534 3208 2587 At
3253 2548 3342 2588 res

1769 2628 1933 2683 etiam
1968 2626 2192 2682 alterius
2228 2625 2353 2680 vitae
2390 2623 2524 2678 mihi
2559 2623 2921 2679 formidolosae
2967 2631 3112 2689 sunt,
3147 2639 3214 2678 ex
3244 2624 3343 2678 lm-

1765 2718 1854 2788 jus
1871 2719 1994 2773 vitae
2014 2717 2174 2773 rebus
2198 2715 2560 2787 conjecturam
2587 2715 2796 2770 ducenti
2820 2715 2916 2787 (li).
2943 2734 2960 2766 ι
2979 2715 3216 2782 Morbus,
3235 2729 3344 2784 quo

1770 2810 2054 2866 laborabat
2087 2809 2404 2880 Gregorius,
2455 2807 2557 2862 fuit
2610 2807 3000 2876 impedimento
3051 2807 3366 2876 quominus-

1770 2902 1826 2958 in
1852 2901 1957 2958 hoc
1985 2901 2128 2956 tristi
2163 2909 2360 2957 eventu
2397 2900 2777 2955 communibus
2814 2898 3004 2955 amicis
3028 2899 3264 2963 adesset,
3289 2910 3371 2953 et.

1771 3003 1992 3050 sanctos
2040 2992 2226 3048 Basilii
2264 2992 2479 3046 cineres
2525 2993 2958 3046 exoscularetur.
2986 2990 3346 3046 Caesariensis

1699 3120 1741 3177 ο
1774 3084 2054 3150 Ecclesiae,
2098 3094 2250 3140 tanto
2287 3093 2608 3140 ornamento
2637 3084 2898 3152 Spoliatte,
2933 3084 3184 3152 solitudo,
3223 3099 3345 3153 spe-

1773 3174 2039 3231 ctaculum
2079 3184 2196 3229 erat
2229 3173 2494 3244 Gregorio
2538 3188 2764 3243 prorsus
2804 3174 3159 3228 intolerabile.
3220 3172 3342 3240 Ipse

1773 3264 1996 3320 dimidia
2033 3263 2117 3319 sui
2145 3272 2300 3334 parte
2330 3271 2579 3317 mortuus
2614 3271 2671 3318 et
2699 3263 2966 3318 dissectus
2992 3263 3093 3317 sibi
3123 3264 3346 3318 videba-

1771 3366 1881 3426 tur,
1916 3356 2119 3412 amisso
2159 3355 2254 3410 tali
2285 3355 2465 3422 socio;
2493 3371 2521 3408 a
2553 3371 2661 3425 quo
2692 3356 2857 3410 etiam
2900 3371 2996 3424 per
3048 3365 3345 3410 nocturnas

1773 3448 2036 3510 visiones,
2094 3455 2152 3500 ut
2212 3445 2338 3500 olim
2395 3462 2515 3500 cum
2561 3447 2805 3510 viveret,
2851 3448 3241 3501 admonebatur
3289 3457 3347 3501 et

1773 3539 2169 3609 castigabatur,
2200 3538 2244 3592 si
2293 3538 2419 3607 quid
2463 3537 2682 3593 fecisset
2707 3537 2886 3593 minus
2915 3537 3132 3592 decore.
3159 3537 3345 3593 Basilii

1775 3630 1935 3687 funus
1977 3630 2169 3687 stricta
2200 3639 2257 3685 et
2293 3630 2531 3699 pedestri
2591 3631 2840 3700 oratione
2890 3638 3210 3699 prosecutus
3260 3640 3348 3682 est

1774 3720 2090 3793 Gregorius.
2124 3721 2336 3776 Etenim
2362 3736 2581 3776 carmen
2633 3719 2878 3785 funebre,
2917 3719 3196 3774 duodecim
3227 3719 3346 3787 epi-

1776 3812 2118 3880 grammatiis
2175 3820 2461 3876 constans,
2517 3813 2599 3865 sui
2655 3811 2706 3864 in
2757 3810 3012 3864 Basiliam
3066 3809 3268 3862 amoris
3293 3817 3348 3861 et

1776 3901 2032 3957 desiderii
2055 3912 2613 3956 monumentumcssc
2654 3901 2859 3960 voluit;
2890 3901 2982 3955 sed
3021 3899 3189 3953 multo
3218 3897 3350 3952 ube-

1779 3994 1912 4059 rius,
1968 4009 2090 4048 cum
2145 3993 2616 4062 Constantinopoli
2676 4007 2924 4048 reversus
2971 3991 3226 4046 eximiam
3281 3990 3350 4044 de

1778 4081 1958 4136 Basilii
2006 4081 2256 4136 laudibus
2305 4082 2494 4136 habuit
2541 4081 2868 4146 orationem,
2916 4081 2971 4135 in
3015 4095 3116 4149 qua
3159 4094 3350 4134 omnes

1778 4173 1976 4244 ingenii
2009 4174 2152 4230 vires
2175 4182 2228 4229 et
2257 4173 2577 4244 eloquentiae
2623 4172 2783 4229 ﬂores
2811 4173 3068 4242 profudit.
3095 4171 3153 4226 Si
3184 4171 3350 4227 Baro-

1779 4265 1867 4319 nio
1897 4264 1958 4333 (i)
2013 4263 2148 4322 fides
2212 4265 2266 4320 itt
2328 4263 2442 4318 Vita
2498 4263 2763 4334 Gregorii,
2795 4263 2839 4317 is
2875 4282 2892 4314 ι
2927 4279 3048 4316 cum
3088 4264 3156 4316 de
3199 4261 3350 4315 infir-

1779 4354 1989 4418 mitate,
2045 4368 2153 4422 qua
2201 4353 2565 4418 detinebatnr,
2633 4351 3030 4422 aliquantulum
3083 4349 3348 4404 allevatus

104 4423 199 4486 t‘jns
224 4423 402 4478 verbis
437 4435 576 4478 utar
605 4425 693 4495 (ι’).
731 4444 749 4477 ι
781 4443 1000 4497 prorsus
1025 4432 1263 4500 reperit;
1295 4433 1402 4486 imo
1431 4436 1667 4504 negotia,

1779 4455 1950 4510 esset,
1988 4445 2387 4500 nobilissimam
2451 4445 2596 4498 illam
2654 4443 2968 4513 pauegyrim
3035 4443 3087 4495 in
3138 4441 3348 4496 laudem

101 4525 200 4580 qua:
227 4517 474 4588 effugere
509 4521 571 4574 in
603 4521 784 4576 animo
809 4522 1092 4589 habuerat,
1127 4524 1271 4579 velut
1294 4541 1356 4579 ex
1377 4530 1675 4597 composito

101 4605 458 4679 incurrerunt,
499 4615 731 4689 vinique
768 4617 1084 4674 attulerunt.
1112 4638 1130 4670 ι
1159 4619 1412 4686 Quaenam
1443 4621 1527 4674 illa
1565 4621 1678 4676 fue-

100 4700 193 4756 rint
241 4709 466 4778 negotia
518 4708 760 4762 delinire
799 4725 904 4762 non
955 4709 1080 4762 licet
1118 4727 1131 4762 :
1167 4710 1390 4764 forsitan
1434 4712 1515 4765 his
1559 4727 1680 4764 ver-

96 4791 166 4846 bis
187 4796 459 4868 signilicat
507 4814 579 4854 se
612 4800 680 4853 ab
736 4799 1002 4854 hazreticis
1041 4810 1290 4856 vexatum
1321 4802 1512 4862 fuisse.
1544 4803 1679 4858 Gre-

94 4889 208 4952 gorii
238 4891 363 4946 vita:
413 4894 678 4962 scriptor
719 4891 1051 4964 Theologum
1100 4893 1294 4946 scribit
1350 4893 1678 4949 Nazianzum

93 4979 320 5047 rediisse,
353 4999 462 5039 nec
516 4983 654 5037 ullis
686 4985 885 5038 civium
933 4984 1188 5052 precibus
1217 4983 1358 5039 ﬂecti
1401 4987 1677 5053 potuisse;

93 5073 217 5134 quod
243 5089 312 5130 ex
368 5077 444 5130 iis
478 5075 680 5131 verbis
705 5076 932 5147 colligit,
968 5086 1026 5132 ut
1051 5078 1288 5144 videtur,
1321 5079 1516 5147 quibus
1541 5077 1679 5133 Gre~

92 5165 254 5226 setius
291 5167 348 5220 in
375 5183 442 5224 se
467 5169 681 5223 solitas
713 5171 971 5225 recidisse
1014 5170 1373 5235 calamitates,
1399 5181 1680 5242 pOStquam

92 5253 198 5324 luga
228 5258 559 5316 Seleuciam
604 5262 787 5329 petiit,
820 5262 1046 5332 ipsemet
1077 5263 1293 5317 fatetur.

143 5439 221 5512 (ᾳ)
241 5442 431 5498 Carm.
468 5442 561 5497 De
597 5433 732 5512 Vita
762 5461 879 5504 sua,
911 5459 960 5496 ν.
987 5441 1108 5498 527.

145 5511 214 5577 (bl
246 5513 328 5566 Ad
357 5529 456 5565 an.
494 5511 643 5575 572,
674 5525 710 5566 t.
739 5514 823 5573 IV.
845 5530 890 5577 p.
919 5514 1042 5568 551.

163 5577 209 5644 c)
245 5578 365 5638 Vlla
403 5571 759 5649 Creg..vart.
787 5571 874 5646 '59,
906 5601 955 5652 p.
984 5584 1087 5637 598
1112 5602 1125 5648 ;
1153 5595 1254 5639 art.
1279 5587 1370 5649 42.
1398 5604 1450 5658 p.
1477 5586 1598 5642 405.

141 5571 214 5788 id;
236 5652 432 5707 Carm.
487 5653 574 5707 De
613 5651 740 5753 Yita
770 5671 957 5737 stta,v.
1214 5727 1237 5742 ἡ

164 5735 191 5772 ε
237 5722 354 5774 Καί
402 5741 504 5788 μοι
544 5721 771 5788 διηλθςν
808 5740 864 5777 ου
901 5724 1106 5788 Spero;
1142 5729 1266 5788 τῇοε
1291 5730 1496 5788 γρόνος.

161 5651 214 5716 d)
236 5652 432 5707 Carm.
487 5653 574 5707 De
618 5651 740 5707 Vita
770 5651 957 5716 sua,v.

164 5657 194 5702 ι
236 5657 432 5707 Carm.
487 5657 574 5707 De
620 5657 740 5707 Vita
770 5671 957 5716 atta,v.
995 5657 1118 5709 550.

164 5657 214 5790 εἰ
237 5722 354 5774 Καί
402 5741 504 5797 μοι
544 5721 771 5793 διῆλθεν
808 5727 864 5777 οὺ
901 5724 1106 5795 βραχὺς
1142 5727 1266 5796 τῇδε
1291 5730 1496 5801 χρόνος.

1781 4537 1966 4592 Basilii
1999 4538 2345 4604 conscripsit,
2395 4553 2498 4606 qua
2535 4538 2698 4590 vitam
2746 4534 2862 4601 ejus
2912 4544 3102 4588 exacte
3159 4549 3350 4586 monn»

1780 4629 1976 4682 mentis
2003 4630 2272 4697 perpetuis
2309 4628 2668 4694 consignavit.
2691 4645 2710 4677 ι

1780 4741 1965 4795 CXXI.
2015 4739 2297 4807 Gregorius
2323 4739 2679 4810 proﬁciscitur
2705 4735 3231 4810 Constantinopolim,
3260 4737 3351 4789 abs

1926 4811 2164 4867 Thracia:
2199 4808 2451 4879 episcopis
2484 4819 2531 4862 et
2561 4809 2868 4862 orthodoxis
2899 4808 3210 4861 accersitus.

1848 4903 2109 4969 Quamvis
2152 4901 2412 4972 przeclara
2455 4901 2564 4956 sint
2611 4914 2944 4969 quaecunque
2997 4898 3258 4952 Itacteuus
3289 4896 3356 4949 de

1777 4994 2041 5064 Gregorio
2092 4993 2452 5057 narravimus,
2495 4993 2652 5062 longe
2690 4990 3031 5062 pratclariora
3066 4996 3355 5058 supersunt

1781 5086 2027 5151 dicenda,
2073 5101 2133 5140 ea
2184 5083 2394 5140 scilicet
2439 5099 2558 5154 qua:
2605 5085 2811 5138 duobus
2859 5081 2940 5136 vel
2978 5081 3148 5133 tribus
3195 5075 3385 5130 annis.

1782 5178 1945 5244 gessit
1992 5176 2492 5246 Constantinopoli;
2529 5175 2645 5229 sive
2685 5173 2811 5228 illuc
2853 5188 2882 5225 a
2934 5169 3142 5241 synodo
3167 5166 3355 5219 Antio-

1783 5269 1978 5334 cheua,
2019 5277 2074 5322 ut
2107 5267 2339 5323 Barouio
2371 5267 2604 5332 videtur,
2642 5266 2837 5319 missus
2885 5261 3070 5322 fuerit,
3121 5259 3236 5313 sive
3269 5271 3359 5312 ro-

1856 5447 1921 5514 (f)
1946 5446 2128 5499 Carm.
2173 5445 2247 5499 De
2292 5443 2411 5498 Vita
2438 5460 2554 5508 sua,
2588 5459 2638 5498 ν.

1855 5521 1928 5584 lg)
1964 5516 2132 5586 Epist.
2163 5518 2232 5568 al.
2264 5516 2352 5570 57,

1854 5587 1936 5656 (Ιι)
1973 5588 2138 5656 Epist.
2169 5587 2250 5656 iul.
2281 5586 2368 5640 59.
2415 5655 2421 5656 γ
2637 5653 2650 5656 Α
2691 5652 2730 5656 μ
2778 5653 2807 5656 Α
2949 5646 3018 5656 __.

1867 5651 1928 5726 (i)
1973 5651 2121 5726 Aimd
2166 5655 2325 5719 Boil,
2363 5655 2426 5710 ad
2459 5656 2594 5709 diem
2628 5653 2659 5709 9
2689 5652 2831 5718 Maii,
2864 5669 2915 5723 p.
2948 5651 3074 5712 598.
