3812 6516
471 367 574 425 211

474 490 728 557 gantibns
762 492 1227 563 Constantinopoli

472 582 723 648 equidem
773 584 1058 655 episcopos
1110 589 1348 645 veritatis
1415 591 1757 658 defensores,
1822 596 2038 666 quibus.

472 680 754 739 postquam
795 672 915 728 ﬁdei
958 677 1245 743 perduellis
1286 682 1586 738 exstinctus
1614 694 1695 738 est
1723 684 1941 750 Valens,
1972 690 2039 739 ad

473 775 603 812 suas
643 761 899 816 ecclesias
943 771 1242 822 revertendi
1286 768 1598 827 facultatem
1634 776 1781 829 dedit
1828 775 2043 830 Gratia-

475 866 595 912 nus,
632 852 855 905 consilia
898 854 1108 922 iniisse,
1139 868 1195 911 ut
1231 859 1407 916 illatas
1444 863 1701 920 Ecclesiis
1748 866 1931 937 plagas
1972 870 2041 921 ab

474 940 687 995 Arianis
742 956 1025 1010 sanarent,
1093 950 1381 1020 tristesque
1438 955 1625 1009 ruinas
1684 970 2037 1028 repararent:

472 1034 636 1088 credo
685 1036 847 1091 etiam
881 1039 935 1092 in
972 1054 1090 1094 eam
1142 1060 1254 1097 rem
1300 1044 1513 1101 habitas
1566 1047 1733 1104 fuisse
1787 1053 2037 1121 synodos.

473 1119 623 1177 Ilaud
654 1135 831 1181 tamen
858 1129 1176 1185 crediderim
1205 1147 1324 1186 cum
1362 1135 1592 1190 Baronio
1613 1138 1689 1209 (a)
1720 1119 2038 1208 Gregorium

474 1226 736 1281 uosuum,
785 1217 1138 1275 Antiochena:
1201 1224 1388 1291 synodi
1436 1226 1674 1291 decreto,
1729 1230 1916 1282 eadem
1975 1232 2041 1285 de

469 1320 629 1359 causa
661 1306 868 1373 jussum
897 1324 1019 1365 esse
1047 1312 1567 1385 Constantinopolim
1604 1319 1871 1386 proﬁcisci
1900 1338 1917 1386 ;
1946 1323 2039 1377 sed

470 1400 791 1452 accersitum
832 1401 899 1456 ab
930 1402 1195 1473 episcopis
1226 1406 1470 1462 Thracia)
1502 1417 1555 1463 et
1583 1409 1650 1464 ab
1697 1412 2037 1478 ortliodoxis,

469 1490 559 1555 qui
603 1488 654 1540 in
692 1490 823 1543 urbe
852 1493 995 1560 regia
1026 1498 1396 1553 versabantur.
1427 1498 1482 1553 ld
1508 1500 1620 1573 ipse
1654 1510 1871 1557 testatut
1902 1502 2038 1560 Gre-

469 1578 673 1645 gorius,
725 1582 877 1649 cujus
913 1586 1073 1640 verba
1123 1603 1227 1643 non
1264 1590 1573 1660 signiﬁcant
1600 1608 1720 1647 eum
1746 1592 1894 1661 jussu
1922 1598 2039 1649 An~

473 1672 733 1728 tioclicna:
773 1678 965 1747 synodi
1010 1678 1529 1754 Constantinopolim
1578 1685 1818 1755 petiisse,
1853 1698 1910 1741 ut
1939 1690 2041 1741 Ba.

469 1766 625 1818 ronio
658 1766 851 1835 placet.

536 1857 835 1936 Ἐπέμψεν
866 1860 1024 1936 ἡμᾶς
1053 1863 1091 1927 ἡ
1127 1863 1297 1933 χάρις
1329 1865 1435 1919 τοῦ
1465 1868 1825 1936 Πνεῦματος,

530 1930 786 2007 ῌολνξῶγ
809 1930 1159 2007 armisonae;
1182 1930 1478 2007 ἀοιμένων
1502 1939 1597 1990 καὶ
1619 1930 1990 2007 Ὁρεμλιάτων,

539 1999 701 2052 Λαοῦ
720 2001 989 2068 βοηθοὺς
1014 2004 1109 2056 καὶ
1143 1999 1327 2073 λόγού
1356 1999 1807 2077 συλλὴπτᾶρᾶξ.

572 2090 657 2162 .de
684 2092 777 2145 Ito:
804 2096 978 2160 gratia
1014 2093 1264 2162 Spiritus,
1306 2099 1483 2152 multis
1522 2100 1898 2155 advocantibus

575 2161 645 2233 [ft
681 2165 977 2233 pastoribus
1007 2161 1060 2217 et
1086 2168 1285 2227 ovibus,
1320 2182 1411 2221 nos
1452 2170 1615 2233 misit,

572 2228 764 2299 Populi
796 2234 1063 2301 adjutores
1091 2247 1137 2288 et
1167 2236 1420 2291 doctrina:
1451 2228 1859 2309 defensores“).

467 2343 714 2412 Gregorii
762 2346 1089 2416 biographus
1136 2348 1324 2401 eodem
1375 2364 1483 2418 quo
1526 2365 1625 2405 nos
1677 2366 1839 2406 sensu
1873 2352 2033 2406 verba

467 2434 614 2490 illius
662 2436 1074 2505 interpretatur,
1130 2440 1376 2506 quamvis
1417 2450 1562 2493 erret
1621 2441 1673 2495 in
1724 2441 1917 2495 Basilio
1945 2444 2033 2512 qui

462 2528 574 2596 jam
604 2536 714 2580 tum
740 2528 969 2594 obierat,
993 2545 1114 2584 cum
1150 2531 1248 2595 ait,
1281 2530 1426 2584 nulla
1454 2532 1646 2602 synodi
1679 2532 2032 2589 Antiocheam

468 2617 608 2673 facta
657 2621 949 2685 mentione,
999 2635 1120 2675 eum
1173 2622 1695 2694 Constantinopolim
1730 2627 1912 2680 statim
1943 2627 2037 2679 ad—

468 2709 657 2774 fuisse,
696 2728 716 2761 σ
742 2711 943 2767 Basilio
976 2714 1229 2768 luminari
1286 2730 1501 2785 magno,
1540 2717 1710 2786 ipsius
1754 2718 2033 2786 cupiditati

468 2802 844 2872 alacritatique
871 2805 1023 2873 quasi
1062 2804 1207 2861 iaces
1256 2808 1517 2875 quasdam
1555 2808 1840 2872 subdente,
1874 2819 2037 2878 atque

468 2895 537 2949 ad
567 2894 865 2963 Spiritualia
919 2897 1215 2950 certamina
1249 2899 1421 2965 ipsum
1465 2899 1780 2968 inuugente,
1810 2899 2038 2968 aliisque

468 2985 834 3055 compluribus
866 2988 1154 3056 episcopis,
1212 2989 1583 3059 principisque
1614 2990 1766 3047 urbis
1804 2990 2034 3055 civibus,

469 3079 592 3131 ﬁdei
625 3077 826 3143 pietate
856 3080 1117 3147 praeditis,
1151 3080 1218 3134 ab
1248 3096 1311 3135 eo
1335 3082 1533 3136 obnixe
1559 3082 2033 3147 contendentibus,

470 3179 529 3221 ut
569 3168 698 3235 ipsis
730 3169 929 3223 auxilio
962 3172 1242 3237 egentibus
1280 3172 1540 3225 malorum
1578 3188 1638 3227 se
1686 3173 2029 3242 depulsorem
2066 3204 2108 3260 ε

470 3262 759 3329 praeberet.
786 3280 805 3313 ι
874 3263 927 3315 ld
970 3263 1083 3332 ipse
1126 3262 1417 3333 Gregorius
1464 3265 1519 3319 in
1551 3266 1792 3320 carmine
1823 3266 1898 3321 De
1932 3268 2040 3321 vita

469 3370 566 3405 sua
596 3351 668 3423 (ο)
702 3355 1005 3417 conﬁrmat,
1058 3355 1145 3409 ubi
1196 3356 1385 3410 scribit
1416 3354 2040 3426 Constantinopolitano-

471 3461 590 3498 rum
631 3446 684 3499 in
731 3462 791 3501 se
835 3448 1032 3501 civium
1068 3463 1309 3504 amorem
1356 3451 1479 3504 inde
1529 3461 1736 3516 natum,
1782 3451 1923 3521 quod
1970 3453 2038 3506 ab

472 3539 604 3607 ipsis
630 3540 854 3606 accitus,
886 3550 939 3594 et
969 3560 987 3592 ε
1012 3556 1196 3595 eormn
1228 3558 1365 3612 opus
1392 3552 1568 3598 esset:
1604 3564 1621 3597 ι

548 3630 614 3681 Ol
636 3628 689 3681 δ’
714 3630 795 3695 ὡς
821 3630 1050 3685 ἑαυτῶν
1065 3632 1243 3704 ἔργον
1269 3629 1437 3700 εἶχον
1464 3634 1759 3701 ἀσμένως.

469 3720 527 3774 In
563 3721 733 3776 altero
767 3734 950 3777 autem
988 3726 1250 3790 carmine,
1277 3741 1506 3779 narrans
1535 3724 1804 3793 quomodo
1845 3741 1873 3779 a
1930 3726 2042 3780 suis

469 3810 681 3865 deliciis
709 3813 971 3881 bonisque
994 3815 1243 3867 omnibus
1272 3813 1527 3881 abreptus
1570 3822 1624 3868 et
1670 3813 1825 3884 longe
1874 3816 2043 3868 abdu-

471 3913 611 3969 ctus,
627 3903 1146 3972 Constantinopolim
1166 3921 1224 3958 se
1241 3905 1487 3959 conferre
1510 3913 1727 3959 coactus
1747 3906 1837 3969 sit,
1852 3905 2038 3960 memi-

472 3995 551 4049 nit
574 3995 790 4064 quidem
817 3996 1109 4065 Gregorius
1141 4016 1159 4048 ι
1192 4008 1546 4051 conventuum
1581 3998 1988 4067 episcoporum:
2017 4018 2036 4054 ι

541 4086 611 4139 Τὸ
718 4084 832 4159 οὖν
862 4088 1187 4159 πρόδηλον,
1213 4090 1506 4159 σύλλογοι
1533 4107 1595 4143 τε
1620 4088 1933 4158 ποιμένων,

542 4157 651 4210 Καὶ
672 4158 821 4223 λαὸς
853 4158 1239 4225 ὁρθόδοξος...

473 4241 671 4296 Verum
706 4244 836 4297 niliil
867 4260 1001 4313 Opus
1027 4256 1109 4299 est
1154 4247 1267 4301 haec
1298 4247 1483 4310 verba,
1522 4256 1579 4301 ut
1624 4258 1771 4304 rccte
1791 4250 2043 4305 observat

472 4333 849 4388 Tillemuntius
883 4335 983 4405 (ιι),
1019 4337 1083 4389 de
1132 4337 1336 4407 synodo
1363 4337 1724 4403 Antiochena,
1763 4354 1881 4407 qua:
1934 4355 2037 4393 nou

474 4425 579 4478 nisi
604 4436 834 4481 exeunte
850 4443 990 4480 anno
1005 4428 1107 4483 579
1125 4438 1312 4484 coacta
1329 4438 1431 4495 est,
1451 4430 1820 4499 interpretari,
1835 4448 1954 4485 cum
1976 4432 2042 4485 de

1788 385 1941 441 VITA
1984 385 2041 440 S.
2082 387 2425 447 GBEGOBIL

3597 395 3707 453 212

1238 500 1380 553 tauls
1430 516 1489 555 se
1531 503 1841 559 contulerit.
1870 504 2038 560 Credo

2147 529 2232 583 lus
2266 530 2378 595 ille,
2432 533 2662 587 obscura
2707 544 2762 589 et
2813 534 3033 591 ignobili
3083 535 3258 604 patria
3303 544 3484 603 natus,
3512 537 3576 591 ad
3609 553 3708 596 vos

2143 621 2370 685 accessi,
2407 622 2567 690 idque
2612 638 2715 677 nou
2762 622 2923 689 ultro,
2977 639 3074 680 nec
3124 639 3208 679 me
3240 625 3413 693 ipsum
3454 624 3707 695 offerens,

2144 719 2199 761 ut
2228 711 2393 764 moris
2420 722 2499 766 est
2530 711 2687 766 bodie
2724 712 3015 782 plerisque,
3060 714 3153 782 qui
3207 713 3275 768 ad
3325 714 3576 770 Ecclesiae
3608 732 3705 787 gu-

2149 801 2439 855 bernacula
2474 812 2675 856 temere
2709 803 3010 871 prosiliunt,
3037 805 3129 857 sed
3157 804 3361 860 accitus
3392 821 3454 861 ac
3479 807 3528 860 vi
3560 822 3709 862 com.

2143 893 2348 960 pulsus,
2388 902 2443 946 et
2496 894 2671 948 timori
2721 894 3053 964 Spirituique
3097 896 3408 951 obsecutus.
3464 896 3618 964 Quod
3663 901 3707 955 si

2144 983 2275 1041 falsa
2317 985 2528 1053 loquor,
2556 986 2658 1039 hoc
2693 986 2820 1039 milii
2848 1001 2945 1054 pro
2976 986 3193 1041 sceleris
3226 1004 3382 1056 poena
3415 989 3707 1057 imprecor,

2144 1082 2203 1128 ut
2231 1075 2430 1130 diutius
2475 1076 2562 1130 hic
2598 1076 2720 1131 belli
2754 1077 3028 1132 molestias
3078 1077 3347 1133 incassum
3391 1081 3708 1146 sustineam,

2141 1183 2246 1221 nec
2270 1182 2594 1239 quemquam
2618 1184 2803 1223 errore
2821 1169 3065 1235 liberem,
3085 1171 3179 1224 sed
3203 1172 3307 1224 veti
3330 1171 3411 1224 sui
3435 1184 3708 1242 compotes

2145 1258 2297 1319 ﬁant,
2348 1261 2438 1329 qui
2484 1262 2677 1315 animae
2722 1277 2854 1315 mete
2902 1262 3243 1316 sterilitatem
3280 1262 3703 1331 imprecantur.»

2146 1349 2357 1405 CXXII.
2424 1351 2745 1421 Deploratus
2811 1351 3405 1473 Cfnlstantinopolilante
3455 1352 3704 1410 Ecclesia

2826 1440 2849 1473 δ
2878 1440 2905 1473 o
2932 1439 3013 1473 us.

2826 1439 3013 1475 81111818.

2216 1511 2484 1567 Luctuosa
2524 1520 2649 1568 tunc
2694 1513 2933 1567 omnium
2976 1510 3342 1568 Ecclesiarum
3387 1513 3575 1579 facies,
3619 1516 3710 1571 sed

2144 1605 2343 1658 nullius
2400 1604 2697 1660 luctuosior
2761 1620 2920 1676 quam
2976 1607 3604 1673 Constantinopolitanm,
3659 1610 3706 1663 in

2142 1710 2246 1765 qua
2266 1695 2375 1763 jam
2403 1697 2471 1750 ab
2492 1696 2650 1751 annis
2672 1698 3026 1767 quadraginta
3050 1707 3294 1767 grassata
3316 1698 3489 1752 fuerat
3509 1699 3707 1753 Ariana

2143 1788 2284 1853 lues,
2340 1790 2441 1845 sub
2486 1790 2831 1859 pontiﬁcibus
2878 1792 3254 1845 haereticorum
3314 1794 3708 1861 antesignanis,

2146 1893 2306 1951 atque
2334 1883 2497 1936 etiam
2538 1882 2666 1953 ipsis
2699 1899 2956 1939 novorum
2982 1886 3285 1953 dogmatum
3310 1884 3709 1951 conditoribus;

2146 1975 2245 2029 sub
2269 1974 2619 2044 principibus,
2644 1976 2829 2044 quales
2853 1976 3000 2029 fuere
3021 1974 3371 2030 Constantius
3395 1985 3450 2030 et
3488 1974 3708 2042 Valens,

2149 2068 2239 2137 qui
2274 2067 2645 2122 litercticorum
2679 2076 2862 2135 partes
2891 2068 3531 2129 Iuebantur,Catliolicos
3558 2084 3713 2125 vexa-

2148 2158 2295 2222 bant,
2344 2166 2398 2211 et
2442 2172 2538 2221 pro
2590 2172 2775 2212 errore
2818 2167 3007 2211 contra
3050 2162 3327 2213 veritatem
3382 2168 3521 2223 toto,
3554 2172 3614 2215 ut
3646 2164 3708 2214 ita

2148 2250 2345 2315 dicam,
2385 2249 2591 2318 imperii
2625 2263 2848 2317 corpore
2876 2251 3175 2304 certabant.
3203 2249 3370 2317 Quam
3403 2252 3710 2321 deploratus

2143 2353 2286 2397 esset
2335 2342 2594 2397 Ecclesia:
2635 2341 3243 2411 Constantiuopolitana:
3288 2352 3481 2406 status,
3533 2345 3710 2414 quivis

2145 2436 2303 2491 facile
2330 2436 2543 2505 colliget
2574 2436 2770 2490 auditis
2800 2444 3005 2488 tantum
3036 2451 3222 2491 eorum
3252 2435 3589 2501 nominibus,
3618 2437 3704 2507 qui

2144 2528 2326 2581 sedem
2363 2528 2505 2581 illam
2541 2538 2830 2583 tenuerunt
2886 2528 2954 2581 ab
3003 2544 3143 2581 anno
3184 2528 3309 2591 559,
3339 2543 3445 2595 quo
3470 2528 3706 2595 Arianis,

2143 2635 2284 2674 ClESO
2317 2620 2525 2674 vindice
2566 2620 2687 2675 ﬁdei
2734 2621 3047 2674 0rtliodoxa:
3081 2620 3331 2688 pontiﬁce
3366 2619 3559 2687 Paulo,
3612 2622 3705 2674 im-

2144 2726 2283 2778 pune
2328 2711 2377 2764 iu
2409 2726 2470 2764 ea
2517 2712 2753 2781 grassari
2787 2711 2992 2765 licitum
3024 2722 3127 2764 est.
3162 2710 3331 2774 Hanc,
3370 2713 3559 2768 relicta
3590 2716 3708 2770 sede

2145 2800 2561 2867 Nicomediensi,
2581 2803 2763 2857 Ariani
2789 2806 2892 2857 dux
2916 2804 3145 2875 agminis
3164 2802 3449 2857 confestim
3482 2821 3550 2860 eo
3578 2822 3711 2861 anno

2145 2895 2341 2947 invasit
2384 2894 2664 2961 Eusebius,
2718 2906 2837 2965 post
2870 2911 3029 2966 quem
3071 2897 3124 2950 in
3176 2895 3475 2951 Macedoni;
3516 2914 3708 2952 manus

2146 2985 2329 3039 infelix
2370 2984 2483 3040 lucc
2530 2986 2769 3040 Ecclesia
2819 2988 3055 3041 devenit.
3108 2988 3342 3057 Expulso
3369 2988 3439 3042 ab
3465 2988 3708 3058 ipsismet

2144 3077 2384 3144 Arionis,
2420 3092 2561 3130 annu
2595 3076 2717 3143 560,
2768 3079 2837 3132 ob
2883 3080 3173 3133 inauditam
3205 3080 3587 3134 crudelitatem
3620 3081 3708 3134 do-

2145 3170 2441 3238 ctrinteque
2490 3170 2904 3225 inconstantiam
2931 3170 3261 3235 Macedonio,
3299 3171 3579 3227 Eudoxius
3616 3174 3708 3226 faex

2144 3261 2545 3327 haereticorum,
2582 3263 2832 3331 idemque
2873 3263 3269 3331 perditissimus
3319 3264 3705 3326 Itznresiarelia,

2142 3354 2281 3409 Aetii
2316 3356 2638 3410 Arianorum
2673 3355 2827 3424 Iunge
2862 3356 3163 3424 iutpiissimi
3193 3356 3510 3425 discipulus,
3543 3356 3704 3411 suﬁc-

2142 3458 2259 3499 ctus
2291 3456 2393 3500 est.
2429 3446 2478 3501 Is
2510 3462 2650 3501 anno
2678 3447 2783 3501 570
2813 3448 3100 3516 impietatis
3133 3463 3352 3503 cursum
3381 3447 3639 3503 absolvit.

2144 3538 2375 3594 CXXIII.
2415 3538 2600 3591 Ariani
2650 3539 2755 3591 late
2799 3539 3139 3592 dominantur
3179 3540 3232 3591 iu
3281 3540 3409 3609 urbe
3450 3556 3471 3592 :
3516 3539 3708 3609 tetnpla

2336 3619 2591 3677 occupant
2626 3623 2645 3661 :
2680 3609 2789 3661 alia
2824 3619 3141 3661 commutata
3170 3611 3224 3662 iu
3254 3608 3515 3678 sepulcra.

2213 3700 2349 3755 Tum
2380 3716 2512 3754 vero
2542 3702 2810 3771 respirare
2844 3701 3117 3770 paululum
3146 3703 3242 3756 visi
3271 3711 3395 3757 sunt
3420 3703 3707 3766 Catholici,

2143 3791 2353 3860 sibique
2384 3790 2671 3859 Evagrium
2726 3790 3036 3859 episcOpum
3072 3789 3185 3857 jam
3232 3798 3577 3859 coeptarant.
3611 3790 3710 3844 Sed

2144 3897 2265 3936 mox
2327 3882 2520 3937 Valens
2577 3882 2889 3949 imperator,
2938 3882 3155 3935 Ariona:
3210 3881 3376 3936 tutela
3450 3882 3708 3951 perﬁdia,

2142 3972 2295 4042 pulso
2344 3972 2394 4025 in
2440 3972 2687 4026 exsilium
2738 3970 2966 4041 Evagrio
2995 3986 3115 4025 cum
3166 3970 3450 4026 Eustathio
3478 3971 3708 4041 presby-

2146 4073 2281 4127 tero,
2311 4064 2403 4134 qui
2450 4064 2618 4134 ipsius
2662 4062 2946 4117 electionis
2996 4072 3184 4117 auctor
3224 4062 3421 4125 fuerat,
3467 4062 3709 4116 Eudoxio

2146 4156 2518 4223 Dciuopbilum
2547 4170 2699 4225 aeque
2729 4155 2949 4223 impium
2979 4169 3042 4208 ac
3075 4154 3365 4210 nefandum
3414 4155 3709 4209 substituit.

2144 4248 2218 4301 lla
2244 4248 2425 4301 Ariani
2467 4262 2677 4302 summa
2730 4262 2908 4302 rerum
2953 4246 3207 4301 Ecclesia:
3258 4246 3435 4316 potiti,
3481 4246 3573 4299 vix
3606 4245 3710 4315 pie-

2146 4339 2269 4393 tatis
2324 4338 2683 4409 neliquiasg
2738 4348 2791 4394 et
2844 4338 3141 4392 excitandze
3191 4353 3220 4391 a
3272 4336 3531 4406 Gregorio
3594 4337 3709 4391 ﬁdei

2151 4448 2168 4480 ι
2191 4430 2396 4483 semina
2424 4450 2440 4481 ι
2477 4430 2825 4499 reliquerant.
2851 4429 3192 4499 Templorum
3225 4430 3327 4483 alia
3353 4430 3419 4483 ab
3446 4431 3711 4485 litereticis

475 4516 721 4570 Thraciae
742 4517 1114 4588 episcoporum
1138 4518 1497 4573 conventibus
1520 4520 1800 4574 commode
1820 4532 1874 4573 et
1899 4530 2041 4575 recte
2077 4539 2119 4593 ι)
2144 4532 2426 4591 occupata,
2443 4531 2603 4590 atque
2628 4523 2677 4575 in
2701 4523 2886 4591 primis
2906 4522 3292 4590 amplissimum
3318 4523 3440 4575 illud
3455 4524 3554 4591 (g),
3577 4544 3594 4574 ι
3619 4523 3711 4578 So-

473 4609 684 4677 pOssint
730 4621 895 4678 atque
941 4612 1105 4666 etiam
1154 4612 1384 4667 debeant
1430 4612 1675 4682 intelligi.
1723 4613 1943 4666 Domum
1976 4614 2043 4667 ab

475 4700 666 4755 amicis
710 4703 894 4768 etiam,
940 4704 1099 4772 inter.
1129 4720 1285 4773 quos,
1338 4715 1532 4776 pra:ter
1560 4706 1839 4768 Basilium,
1898 4690 2045 4759 fuere

474 4790 741 4861 Melctius,
779 4794 1087 4865 Bosphorus
1115 4796 1353 4851 Colonia:
1383 4798 1693 4867 episcopus,
1725 4809 1779 4851 et
1807 4797 1897 4851 alii
1926 4796 2044 4865 plu-

473 4898 585 4947 res,
618 4885 1230 4954 Constantinopolitanis
1264 4889 1525 4943 auxilium
1559 4888 1700 4943 ferre
1733 4888 2044 4957 compulsus

476 4978 578 5031 fuit
608 4978 921 5047 Gregorius.
957 4978 1045 5033 Sic
1077 4979 1352 5047 profectus
1394 4980 1672 5050 aliquanto
1711 4989 1830 5048 post
1861 4977 2043 5031 Basilii

475 5080 707 5123 mortem
752 5080 1012 5140 tempore,
1059 5089 1079 5122 ι
1104 5086 1206 5125 nou
1240 5087 1338 5127 sua
1365 5081 1575 5141 sponte,
1623 5073 1721 5149 sed
1752 5081 1996 5135 coactus,
2022 5089 2042 5123 ι

476 5171 533 5213 ut
561 5161 672 5226 ipse
704 5170 933 5215 testatur
954 5163 1065 5230 te):

549 5251 714 5304 Οὕτω
738 5252 855 5321 μὲν
886 5249 1074 5322 ἦλθον
1097 5254 1209 5319 οὐχ
1242 5251 1413 5317 ἑκών,
1436 5261 1540 5307 etc.

475 5341 673 5397 Eadem
714 5346 914 5411 passim
960 5345 1174 5413 repetit,
1211 5346 1442 5399 maxime
1491 5348 1544 5399 in
1592 5344 1839 5399 oratione
1882 5359 2046 5414 quam

476 5443 591 5488 tum
621 5438 686 5489 ad
714 5438 945 5491 Arianos
976 5437 1161 5491 habuit
1206 5457 1221 5497 ξ
1282 5457 1300 5488 ι
1358 5438 1491 5509 Ego,
1530 5438 1704 5508 inquit
1726 5436 1813 5508 (Γ).
1850 5452 2046 5508 parvu.

545 5548 625 5687 ἕο)
667 5548 815 5613 Bar.,
848 5551 944 5615 ib.,
973 5568 1025 5617 p.
1055 5552 1179 5613 599.
1208 5554 1311 5609 col.
1340 5553 1395 5610 1.

572 5619 621 5679 b)
661 5620 838 5673 Carm.
871 5622 944 5675 De
982 5621 1097 5677 Vim
1119 5642 1241 5685 sua,
1264 5640 1314 5681 v.
1343 5624 1395 5678 5!

572 5619 621 5679 b)
661 5620 838 5673 Carm.
871 5622 944 5675 De
982 5621 1097 5677 Vim
1119 5642 1241 5685 sua,
1264 5640 1314 5681 v.
1343 5624 1467 5681 598.

570 5696 618 5756 c)
660 5688 816 5755 lbid.,
848 5707 896 5745 v.
932 5693 1084 5747 1151.

569 5761 624 5818 d)
663 5761 798 5815 Adv.
833 5764 996 5826 episc.

544 5690 617 5903 ἓξ)
651 5830 834 5885 Carm.
868 5830 942 5886 lle
970 5832 1084 5886 Vita

569 5761 624 5818 ά)
663 5761 798 5815 Adv.
833 5764 996 5826 episc.

568 5831 617 5902 ε)
651 5830 834 5885 Carm.
868 5830 942 5886 lle
970 5832 1091 5886 Vita
1118 5851 1234 5899 sua,
1272 5850 1319 5887 v.
1352 5832 1475 5890 610.

2144 4613 2266 4682 pltia
2318 4614 2821 4682 cognominatum,»
2883 4622 3010 4666 tunc
3060 4613 3297 4667 «diaboli
3343 4628 3710 4682 propugnacu-

2142 4705 2249 4759 lum
2277 4725 2295 4755 ι
2345 4707 2514 4775 magis
2546 4722 2703 4773 quam
2754 4705 3004 4772 ecclesia,
3047 4706 3135 4758 ubi
3190 4723 3207 4756 ι
3240 4722 3365 4760 suos
3396 4705 3481 4757 ille
3516 4706 3710 4757 milites

2142 4810 2205 4849 ac
2262 4794 2575 4849 defensores
2635 4796 3008 4861 collocaratp
3058 4796 3166 4849 imo
3224 4796 3312 4849 ubi
3368 4796 3707 4848 «dtemomuu

2142 4887 2435 4949 exercitus,
2470 4886 2843 4955 furiarumque
2873 4902 2936 4940 ac
2976 4888 3265 4957 spirituum
3308 4886 3547 4947 legioaes
3583 4886 3707 4938 ade-

2147 4984 2268 5029 raut
2300 4974 2716 5029 immundorum.
2747 4989 2766 5027 δ
2806 4976 2923 5030 Alia
2948 4976 3048 5047 (li),
3079 4995 3095 5027 t
3118 4991 3183 5029 ex
3216 4975 3427 5043 templis
3455 4974 3507 5027 in
3533 4973 3706 5041 sepul-

2145 5083 2235 5121 cra
2290 5075 2637 5132 commutata,
2696 5065 2801 5120 alia
2858 5083 3053 5122 cruore
3110 5077 3423 5121 sanctorum
3492 5078 3708 5133 aspersa

2147 5156 2537 5226 profanataque
2567 5176 2579 5211 :
2610 5158 2911 5228 presbyteri
2939 5158 3150 5223 exusti;
3174 5175 3193 5207 ι
3244 5154 3507 5208 Catholici
3546 5172 3565 5203 ι
3589 5166 3710 5204 cou-

2150 5249 2427 5305 tumeliisr
2495 5250 2695 5317 vexati,
2749 5251 3047 5305 «bonorum
3110 5249 3433 5318 direptione,
3486 5245 3707 5309 exsilio;

2144 5342 2416 5406 ecclesiis,
2478 5342 2754 5409 domibus,
2820 5342 2953 5412 ipsis
3005 5340 3165 5396 etiam
3223 5339 3361 5410 pulsi
3414 5336 3707 5395 solitudini

2148 5436 2317 5491 bus...
2341 5433 2404 5505 (ί)
2430 5449 2557 5505 grex
2586 5434 2815 5505 exiguus
2866 5448 2929 5491 ac
2953 5447 3023 5490 ne
3052 5447 3181 5505 grcx
3212 5431 3450 5504 quidem,
3475 5428 3569 5486 sed
3595 5440 3710 5497 par-

2224 5552 2288 5621 (Γ)
2328 5552 2422 5608 0r.
2453 5552 2542 5613 33,
2571 5570 2625 5607 η.
2669 5552 2758 5608 13.

2224 5624 2298 5690 (g)
2339 5622 2433 5678 0r.
2457 5623 2548 5687 55,
2581 5640 2635 5678 ιι.
2659 5624 2713 5678 '5.

2345 5691 2439 5747 Or.
2469 5679 2558 5756 ἅθ’,
2584 5710 2635 5745 n.
2670 5693 2761 5749 23.

2223 5762 2289 5833 (ε)
2324 5762 2480 5827 lbid.,
2511 5780 2563 5818 η.
2591 5764 2646 5819 2.
2730 5792 2731 5795 ~
