3824 6394
128 378 210 436 1ιὸ

1355 352 1519 408 νιΤΑ
1557 351 1615 407 S.
1655 345 2004 406 GREGORII.

3179 334 3287 390 ευ

128 503 224 545 vum
250 476 480 551 quoddam
527 481 581 528 et
626 479 786 527 tenue
822 471 999 544 gregna
1029 469 1339 538 vestigium,
1370 476 1463 522 aut
1500 465 1619 521 reli-
1646 466 1697 524 Α
1722 459 1843 551 diem
1900 453 2369 551 persecutionibtts
2398 457 2843 551 vexatamatque
2872 446 3124 551 afﬂictam
3152 447 3287 499 hau-

131 576 256 647 quize;
281 564 509 639 praeclare
530 578 713 617 secum
738 565 819 631 agi
843 561 1123 632 putabant,
1144 560 1189 615 si
1211 558 1437 615 salutem
1467 574 1618 614 suam

127 664 343 731 surripere
365 656 560 709 liceret.
587 671 605 705 ι

128 771 311 837 CXXIV.
346 768 509 823 Varitz
549 766 771 820 [terreres
811 763 1262 837 Constantinopoli
1306 765 1625 834 grassaban-

516 846 602 889 tur
627 846 815 902 prteter
845 834 1118 889 Arianam.

176 937 235 1007 (α)
258 932 421 999 Neque
478 926 651 982 solum
703 926 901 979 Ariana
972 924 1092 979 lues
1158 923 1618 992 Constantinopoli

119 1023 425 1099 grassabatur,
464 1030 651 1069 verum
694 1013 765 1068 ibi
799 1029 1013 1083 quoque
1038 1012 1340 1076 Novatiani,
1374 1012 1622 1068 Macedo-

121 1114 254 1183 niani,
299 1106 617 1168 Photiniani,
668 1104 1024 1169 Marcelliani,
1084 1104 1399 1173 Sabelliani,
1444 1107 1621 1161 Euno-

122 1205 271 1268 tuiani,
311 1196 633 1271 jamjamque
660 1196 1062 1266 Apollinaristte
1096 1196 1444 1265 pullulantes,
1478 1198 1619 1249 veri-

120 1297 191 1350 tati
221 1310 273 1349 ac
312 1290 422 1344 ﬁdei
471 1304 581 1342 una
626 1303 750 1342 cum
780 1286 1079 1342 Catholicis
1116 1288 1385 1341 exsulanti
1419 1288 1616 1343 bellum

118 1387 383 1440 indixerant.
412 1378 504 1433 His
528 1378 747 1441 etenim,
786 1378 959 1447 inquit
996 1376 1381 1447 Baronius(b),
1422 1393 1452 1432 e
1491 1393 1618 1449 por-

119 1478 170 1529 tis
220 1471 358 1527 inferi
410 1470 629 1525 eductis
672 1468 993 1538 legionibus,
1051 1478 1109 1524 et
1153 1467 1618 1538 Constantinopoli

118 1562 226 1620 velut
267 1563 313 1615 in
364 1560 575 1615 stativis
610 1558 911 1626 collocatis,
956 1560 1208 1630 antiquus
1243 1561 1411 1616 hostis
1461 1560 1617 1615 ﬁdem

115 1654 378 1711 catholicam
401 1653 767 1722 oppugnabat.

167 1747 273 1802 Tam
296 1745 447 1809 tristi,
473 1756 637 1813 atque
659 1745 818 1798 etiam
856 1763 874 1796 ι
902 1744 1124 1800 tristiori
1156 1752 1319 1807 statu,
1349 1765 1367 1795 ι
1408 1746 1453 1799 si
1479 1744 1614 1800 Gre-

117 1839 280 1909 parium
313 1838 479 1906 ipsum
524 1837 715 1892 audias
744 1836 837 1906 (r),
870 1835 1482 1906 Constantinopolitanae
1516 1836 1617 1891 Ec-

113 1931 249 1987 clesia:
273 1944 351 1983 res
377 1936 556 1993 erant,
594 1944 714 1982 cum
760 1928 828 1982 ab
873 1927 1139 1999 episcopis
1166 1936 1219 1983 et
1245 1942 1274 1980 a
1303 1926 1513 1997 populis
1546 1928 1615 1982 ob

112 2036 218 2084 eam,
251 2033 358 2087 qua:
384 2031 537 2070 mare
594 2018 903 2081 transierat,
952 2017 1193 2071 scientim
1223 2032 1286 2071 ac
1321 2018 1618 2073 sanctitatis

112 2112 284 2175 famam,
310 2123 405 2179 qua
439 2107 716 2175 precibus,
753 2106 1361 2176 qua,obtestationihus
1390 2119 1616 2163 vocatus

112 2202 389 2269 accitusque.
421 2198 951 2267 Constantinopolim
988 2199 1224 2268 antiquae
1252 2215 1464 2254 rursum
1494 2199 1615 2255 fidei

110 2291 303 2347 conditor
330 2291 636 2359 Theologus
667 2291 834 2344 venit.

107 2402 268 2458 CXXV.
300 2402 497 2468 Quibus
547 2402 708 2455 armis
742 2413 1074 2472 pugnaturus
1129 2411 1313 2458 contra
1346 2404 1616 2462 Itwreticos

429 2473 721 2526 instructus
744 2470 889 2526 uenit
928 2470 1226 2542 Gregorius.

156 2562 289 2618 Venit
317 2572 492 2618 autem
554 2581 571 2614 ι
601 2579 725 2619 cum
774 2575 1047 2633 potestate
1077 2567 1296 2623 minime
1326 2582 1456 2623 sane
1483 2582 1614 2622 con-

108 2655 357 2719 temnenda,
381 2674 399 2707 ›
431 2670 673 2724 cumque
701 2655 889 2724 ipsius,
917 2666 976 2710 ut
1002 2658 1222 2727 quidam
1255 2660 1617 2728 interpretan-

105 2747 486 2809 tur,auctoritate
501 2747 869 2815 imperatoris;
888 2762 1192 2818 quanquam
1211 2750 1426 2805 Davidis
1443 2752 1613 2806 nostri

106 2846 251 2888 contra
274 2836 480 2891 Golith
506 2835 918 2892 etPhiIisthzcos
946 2855 1096 2892 arma
1129 2856 1231 2893 non
1260 2841 1500 2894 carnalia
1525 2846 1613 2895 sed

103 2929 290 2988 patentia
316 2927 417 2981 Deo
442 2929 511 2982 ⁸⁷.
548 2927 658 2983 Nec
684 2928 826 2983 enim
862 2931 1148 2998 praesentia
1185 2933 1427 3002 corporis
1454 2934 1609 3002 quid-

103 3033 225 3084 quant
252 3019 505 3074 inﬁrmius
535 3019 642 3091 (d):
683 3038 702 3071 ‹
723 3018 1049 3090 Peregrinus
1070 3038 1245 3092 przeco
1274 3032 1327 3078 et
1361 3034 1609 3090 extet-us;

102 3124 224 3175 parva
263 3111 467 3166 civitate
520 3126 585 3165 ac
632 3126 699 3167 ne
732 3112 955 3166 civitate
997 3114 1236 3183 quidem,
1291 3114 1383 3168 sed
1436 3116 1610 3183 arido,
1641 3138 1682 3194 ο

102 3198 338 3263 Inamaano,
368 3201 696 3271 infrequenti
720 3202 840 3256 Ioco
868 3211 1046 3268 natus,
1078 3203 1307 3259 obscuro
1345 3214 1612 3259 terrarum

102 3288 255 3357 angulo
308 3289 519 3345 abditus
599 3293 915 3361 hucusque;
987 3293 1280 3346 contractis
1338 3301 1614 3347 senectute
1652 3294 1675 3309 ‘

101 3382 326 3446 tnetnhris,
350 3392 401 3437 ct
427 3393 657 3438 curvato
684 3384 830 3437 humi
867 3397 1114 3452 corpore,
1144 3383 1293 3436 vultu
1331 3383 1470 3437 haud
1504 3382 1613 3437 ele-

101 3472 229 3536 ganti,
273 3472 413 3542 rugis
465 3482 679 3538 aratus,
717 3471 843 3526 ﬂetu
883 3473 1092 3527 tabidus
1126 3482 1179 3526 et
1216 3472 1376 3536 fame,
1410 3472 1607 3542 agresti

100 3574 197 3613 voce
237 3571 285 3615 et
324 3579 545 3633 aspera,
590 3563 767 3618 viliori
814 3573 998 3629 veste;
1053 3565 1448 3633 pauperrimus,
1512 3580 1610 3620 nec

100 3651 281 3714 pecunia
320 3668 481 3721 quam
525 3652 626 3706 alis
652 3654 988 3707 instructior.
1017 3671 1035 3704 ›
1071 3652 1163 3707 Sic
1186 3671 1242 3709 se
1272 3654 1386 3724 ipse
1415 3656 1463 3709 in
1490 3671 1611 3710 car-

100 3742 285 3798 minibus
306 3755 356 3799 et
388 3745 735 3821 orationibus
759 3746 1001 3816 depingit
1019 3745 1335 3815 Gregorius.
1371 3746 1611 3817 Corpore

100 3832 160 3885 vir
188 3836 423 3902 tantulus,
457 3838 558 3892 sed
589 3837 792 3906 Spiritu
822 3846 1012 3906 potens
1045 3852 1208 3907 Opere
1246 3847 1301 3892 et
1339 3853 1609 3904 sermone,

99 3925 344 3994 principum
370 3930 537 3999 hujus
574 3930 756 3984 saeculi
796 3940 1233 4001 potestatumque
1258 3929 1608 3997 munitiones,

98 4017 294 4082 consilia,
332 4029 384 4074 et
420 4035 548 4088 qua:
598 4022 859 4075 adversus
903 4022 1184 4076 scientiam
1222 4021 1315 4075 Dei
1348 4037 1407 4076 se
1436 4020 1609 4074 extolv

96 4102 218 4169 lebat,
257 4108 592 4163 altitudinem
637 4125 851 4164 omnem
893 4110 1271 4165 destructurus
1324 4110 1607 4179 progredi-

98 4198 252 4259 tur“,t
276 4199 528 4271 Theologi
566 4200 886 4270 triumphale
915 4216 1129 4267 nomen,
1154 4220 1172 4253 ι
1203 4211 1260 4255 ut
1291 4215 1409 4256 cum
1437 4200 1609 4255 Baro-

95 4287 159 4336 nio
183 4286 369 4357 loquar,
404 4291 534 4345 inde
566 4293 759 4345 merito
797 4291 900 4345 sibi
929 4302 1359 4360 comparaturus.

92 4376 275 4433 CXXVI.
314 4381 351 4432 Α
403 4384 645 4451 cognatis
680 4384 899 4448 hospitio
928 4394 1187 4451 exceptus.
1230 4380 1330 4435 Pia
1363 4393 1472 4436 erat
1507 4384 1605 4437 do-

254 4468 379 4513 mus,
412 4455 467 4508 in
499 4468 656 4522 quam
686 4453 1052 4506 conveniebant
1088 4454 1388 4507 orthodoxi.

139 4537 637 4615 Constantinopolim
686 4545 849 4615 igitur
879 4546 1102 4600 veniens
1136 4546 1427 4616 Gregorius
1460 4564 1602 4604 anno

89 4626 182 4694 579,
220 4649 245 4686 a
275 4641 515 4707 cognatis
551 4636 871 4707 quibusdam
923 4635 1036 4691 suis
1085 4638 1318 4707 hospitio
1350 4648 1602 4710 except-us

87 4729 161 4773 est.
188 4722 324 4777 Nulla
360 4726 509 4780 enim
558 4734 668 4779 tum
709 4726 1007 4781 Catholicis
1035 4727 1090 4781 in
1120 4742 1180 4781 ea
1216 4728 1349 4782 urbe
1371 4739 1487 4782 erat
1513 4744 1602 4783 ec-
1640 4718 1649 4727 ’

87 4811 228 4876 clesia,
254 4816 381 4871 adeo
418 4818 749 4872 Arianorum
785 4816 945 4872 factio
969 4819 1290 4873 invaluerat.
1315 4818 1389 4874 De
1417 4820 1600 4884 domo,

85 4918 173 4966 (μιεὲ
198 4904 515 4980 Theologum
566 4909 795 4978 excepit,
837 4912 949 4964 haec
993 4911 1179 4965 scribit
1205 4911 1281 4983 (e)
1309 4929 1322 4965 :
1355 4930 1373 4963 ι
1402 4913 1600 4967 Domus

85 4996 277 5055 ttumdam
309 5001 417 5068 pia.
461 5015 652 5056 amore
682 5002 774 5056 Dei
807 5001 1064 5072 flagrans,
1105 5020 1210 5057 non
1252 5018 1408 5058 secus
1435 5014 1599 5074 atque

84 5081 270 5142 Eliscum
294 5092 655 5149 Sunamitidis
684 5095 956 5161 domus”,
988 5110 1087 5150 nos
1112 5095 1457 5160 refocillavit;
1503 5097 1600 5151 do-

82 5187 187 5240 IIIIIS,
212 5178 437 5249 inquam,
465 5184 745 5239 hominum
772 5186 1014 5255 corporis
1037 5186 1364 5256 spiritusque
1390 5202 1598 5241 mecum

83 5271 349 5332 :ognatione
396 5273 858 5342 coniunctorum;
888 5276 1026 5343 apud
1071 5291 1208 5345 quos
1256 5275 1482 5345 populus
1510 5275 1599 5331 hic

81 5370 248 5426 quoque
274 5378 585 5437 compactus
629 5379 732 5434 est,
769 5383 891 5423 cum
922 5368 1101 5422 furtim
1147 5368 1500 5423 orthodoxam
1535 5369 1596 5422 ﬁ-

1720 550 1889 612 riret;
1926 559 2264 616 nequaquam
2294 542 2461 596 libere
2490 554 2587 594 nec
2632 540 2747 593 sine
2774 537 3068 608 periculo.»

1721 636 1976 695 CXXVII.
2024 634 2267 705 Exiguus
2319 632 2410 686 ille
2457 631 2622 705 locus,
2679 631 2740 683 ob
2772 630 3085 705 _restitutam
3130 628 3288 697 ﬁdem

2139 700 2313 757 dictus
2343 711 2519 765 postea
2543 700 2838 754 Anastasio.

1790 821 2028 890 Exiguus
2061 825 2179 872 erat
2207 816 2296 871 ille
2341 815 2511 881 locus,
2544 814 2633 868 ubi
2664 822 2790 867 tunc
2820 814 3053 882 primum
3086 826 3283 866 conve-

1720 914 1795 967 rtit
1832 911 2080 982 p0pnlus,
2111 920 2164 963 et
2192 910 2245 961 in
2279 907 2561 962 ecclesiam
2611 914 2879 971 mutatus;
2924 904 3171 972 idemque
3197 914 3282 958 est

1719 1004 1809 1073 qui
1842 1005 2074 1063 laxatus,
2108 1002 2176 1055 ob
2209 1000 2510 1055 restitutam
2538 1011 2600 1051 ae
2636 996 2781 1051 velut
2813 1010 2839 1049 a
2877 997 3108 1049 mortuis
3138 995 3285 1050 exci-

1722 1103 1884 1147 tatam
1914 1091 1967 1145 in
1998 1106 2060 1145 ea
2088 1089 2413 1145 catholicam
2446 1088 2628 1152 fidem,
2652 1086 2938 1141 Anastasia
2959 1087 3182 1142 subinde
3202 1096 3285 1143 est

1719 1181 2041 1251 appellatus.

1791 1274 2164 1334 Ἀναστασιά,
2196 1270 2358 1324 ναῶν
2385 1272 2416 1323 ὁ
2440 1271 2792 1336 τιμιώτατος,

1795 1345 1871 1397 Ἦ
1890 1344 2097 1396 πίστιν
2133 1341 2442 1411 ἐξήτειρας
2470 1340 2539 1391 ἐν
2564 1338 2640 1408 γῇ
2669 1338 2962 1408 κειμένην.

1859 1432 2163 1496 Anastasio,
2196 1431 2506 1496 templorum
2540 1430 2764 1484 maxime
2792 1431 3105 1494 venerabile,

1863 1501 1994 1567 Qua:
2014 1501 2272 1569 jacentem
2311 1500 2454 1552 humi
2482 1500 2638 1565 ﬁdem
2676 1501 3005 1555 exsuscitasti
3041 1503 3130 1571 (ι’).

1718 1590 1890 1659 Quam
1937 1591 2099 1645 etiam
2154 1588 2562 1658 appellationem
2607 1588 2984 1643 conﬁrmatam
3038 1589 3279 1645 nonnulli

1721 1680 1925 1747 volunt,
1983 1680 2121 1749 apud
2172 1678 2551 1744 Sozomenutn,
2606 1678 3009 1734 resurrectione
3068 1678 3280 1735 femintn

1648 1807 1689 1861 Β
1720 1771 1941 1842 ejusque
1964 1770 2123 1837 fetus,
2153 1760 2313 1840 quem
2346 1778 2499 1824 utero
2526 1770 2803 1839 gestabat;
2837 1780 2891 1825 et
2916 1780 3115 1825 sanctae
3140 1785 3282 1824 mar—

1720 1862 1853 1933 tyris
1880 1861 2185 1917 Anastasis;
2216 1854 2460 1928 reliquiis
2489 1870 2674 1928 postea
2708 1860 2972 1930 depositis
3002 1862 3068 1915 ad
3102 1873 3277 1915 rostra

1716 1951 1950 2018 Domini,
1981 1953 2116 2015 sive,
2151 1961 2207 2005 ut
2234 1951 2353 2006 aliis
2386 1951 2582 2018 placet,
2611 1953 2889 2021 porticum,
2922 1952 3011 2007 ubi
3044 1955 3279 2006 Anasta-

1717 2044 1809 2100 sice
1832 2043 2084 2114 templum
2108 2044 2173 2097 ab
2196 2044 2424 2099 eruditis
2451 2043 2764 2099 collocatur.
2788 2043 2987 2099 Verum
3011 2043 3272 2113 quidquid

1716 2133 1787 2187 sit
1836 2132 1903 2187 de
1954 2134 2354 2189 resurrectione
2398 2135 2610 2191 femina:
2656 2136 2879 2207 ejusque
2909 2134 3071 2197 fetus.
3110 2146 3164 2192 et
3213 2137 3279 2193 de

1716 2222 1970 2291 depositis
2015 2238 2044 2277 a
2090 2222 2369 2279 Gennadio
2403 2226 2706 2294 patriarcha
2748 2227 2800 2279 itt
2848 2226 2947 2282 hac
2995 2227 3110 2283 aede
3152 2228 3278 2282 reli-

1716 2315 1886 2383 quiis;
1920 2323 2132 2369 constat
2169 2316 2513 2372 Anastasiatn
2555 2318 2681 2373 inde
2722 2318 2919 2373 dictam
2953 2333 3095 2383 esse,
3130 2320 3272 2388 quod

1715 2406 1946 2476 collapsa
1974 2406 2107 2462 ﬁdes
2133 2406 2243 2460 illic
2266 2408 2502 2462 excitata
2544 2417 2662 2474 est;
2704 2409 2845 2479 quod
2885 2410 3078 2464 iterum
3110 2420 3274 2478 atque

1716 2497 1908 2549 iterum
1943 2504 2172 2549 testatur
2196 2493 2511 2563 Gregorius,
2563 2506 2618 2551 et
2668 2508 2775 2551 tam
2821 2497 3041 2562 diserte,
3077 2508 3136 2563 ut
3161 2498 3278 2551 ttul-

1716 2583 1822 2639 lum
1845 2600 1963 2641 esse
1986 2585 2159 2655 possit
2190 2588 2430 2642 dubium.
2448 2586 2564 2642 Jam
2598 2604 2739 2643 nunc
2774 2604 2859 2644 res
2886 2588 3001 2659 ejus
3024 2591 3277 2660 praeclare

1714 2687 1891 2746 gestas
1915 2676 2379 2747 Constantinopoli
2414 2693 2825 2750 prosequamur.

1714 2786 1992 2846 CXXVIII.
2020 2788 2108 2842 Ita
2137 2791 2322 2845 crescit
2357 2792 2661 2855 Anastasio,
2693 2801 2750 2844 ut
2784 2791 2917 2846 brevi
2943 2808 3117 2846 omnes
3141 2794 3273 2848 Con-

1782 2860 2279 2930 stantinopolitanae
2313 2862 2659 2928 amplitudine
2689 2871 2739 2913 et
2774 2863 3158 2930 magniﬁcentia
3189 2880 3273 2916 su-

1781 2939 1920 2996 peret
1948 2928 2211 2984 ecclesias.
2232 2929 2412 2983 lnhac
2444 2947 2572 2983 nova
2600 2928 2893 2984 Betlzlehem
2919 2948 3093 2985 omnes
3119 2932 3278 2987 Itazrs-

1730 3040 1734 3049 ,
1786 3002 1912 3050 ticos
1941 3010 2202 3068 oppugnat
2235 2999 2481 3070 fugatque
2508 2997 2805 3070 Gregorius.

1785 3090 2041 3161 Exiguus,
2088 3102 2146 3147 ut
2193 3092 2301 3162 jam
2362 3096 2616 3162 diximus,
2672 3096 2910 3166 primum
2963 3110 3113 3153 tocus
3173 3101 3274 3155 fuit

1715 3183 1999 3237 Auastasia
2022 3200 2035 3249 ;
2061 3185 2153 3239 sed
2181 3194 2417 3239 mutatus
2442 3186 2494 3238 in
2521 3187 2806 3241 ecclesiam
2837 3188 2906 3241 ita
2932 3189 3098 3243 crevit
3126 3189 3274 3245 brevi

1715 3282 1973 3343 tempore,
2000 3284 2054 3328 ut
2079 3274 2190 3345 jam
2228 3276 2296 3329 ab
2332 3290 2473 3330 anno
2499 3276 2601 3333 598
2644 3293 2936 3346 marmora,
2966 3281 3159 3349 quibus
3183 3296 3274 3336 or-

1712 3375 1948 3432 naretur,
1996 3375 2261 3436 qum-reret
2310 3365 2612 3433 Nectarius,
2662 3379 2825 3437 atque
2878 3373 3041 3425 etiam
3092 3389 3277 3428 sacras

1710 3456 1852 3511 mdes
1881 3457 2503 3523 Constantinopolitanas
2535 3462 2929 3529 magniﬁcentia
2980 3472 3031 3517 et
3075 3464 3272 3534 ampli-

1712 3549 1911 3614 tudine,
1937 3547 2174 3605 Socratis
2201 3556 2256 3603 et
2282 3550 2565 3604 Sozomeui
2598 3558 2830 3619 tempore
2853 3552 2949 3624 (g),
2972 3566 3271 3622 superaret.

1710 3636 1766 3691 In
1796 3637 1896 3692 hac
1931 3638 2111 3708 itaque
2144 3657 2164 3690 ι
2190 3654 2323 3693 nova
2347 3639 2681 3705 Bethlehem,
2704 3659 2722 3692 ι
2757 3657 2863 3710 quo
2893 3646 3108 3699 nomine
3145 3661 3262 3699 eam

1710 3727 1941 3797 appellat
1965 3728 2368 3798 Grcgorius,ob
2383 3741 2641 3801 angustos
2668 3731 2767 3787 loci
2798 3734 3052 3800 ambitus,
3072 3736 3271 3791 Christi

1709 3819 1926 3889 antiqua
1950 3821 2079 3875 ﬁdes
2100 3821 2311 3885 revixit,
2337 3832 2390 3876 et
2417 3840 2435 3873 ι
2466 3821 2815 3877 intermortua
2841 3842 2859 3876 ι
2889 3825 2954 3878 ad
2984 3825 3148 3881 vitam
3182 3842 3268 3882 re-

1711 3913 1827 3967 diit.
1864 3913 2089 3968 Demum
2120 3916 2173 3968 in
2220 3915 2322 3969 hac
2380 3934 2398 3966 ‹
2422 3914 2555 3977 Silo,
2589 3916 2944 3985 quadraginta
2977 3918 3132 3973 annis
3169 3920 3275 3973 cir-

1710 4009 1958 4057 cumacta
2003 4001 2055 4055 in
2105 4000 2351 4069 deserto,
2408 4001 2738 4072 incertisque
2787 4014 2978 4074 vagata
3032 4007 3270 4071 sedibus,

1711 4107 1833 4146 arca
1882 4093 1983 4147 ﬁxa
2020 4104 2120 4158 est,
2166 4110 2230 4150 ac
2282 4094 2545 4163 requievit
2594 4109 2719 4148 arca
2765 4095 2876 4150 Noe
2923 4098 3115 4165 altera,
3149 4103 3270 4153 novi

1711 4184 1892 4238 mundi
1916 4196 1969 4238 et
1993 4185 2412 4240 orthodoxorum
2443 4187 2795 4241 seminarium
2821 4188 3000 4242 ferens
3021 4208 3038 4239 ι
3074 4199 3127 4243 et
3152 4205 3276 4244 con-

1710 4291 1952 4331 servans.
1990 4295 2008 4329 ι
2034 4276 2163 4330 Tam
2196 4286 2424 4347 angusto
2462 4276 2746 4345 foramine,
2783 4288 2839 4333 ut
2872 4281 3071 4349 optime
3106 4282 3273 4337 Baro-

1709 4366 1828 4421 nius
1852 4367 1950 4435 (lt),
1981 4366 2199 4436 perinde
2233 4382 2296 4421 ac
2322 4369 2364 4421 si
2402 4367 2454 4421 in
2482 4367 2748 4423 latissimo
2778 4384 2987 4439 campo,
3016 4371 3273 4426 adversus

1636 4484 1683 4540 ι)
1712 4458 1829 4512 ﬁdei
1862 4459 2044 4513 hostes
2078 4459 2321 4513 certabat
2353 4458 2693 4531 Theologus;
2736 4476 2843 4515 uno
2897 4470 3070 4516 rotatu
3107 4462 3269 4532 gladii

1712 4548 2063 4602 circumcirca
2097 4549 2303 4616 positos
2331 4550 2637 4615 haereticos,
2661 4551 2914 4615 Arianos,
2936 4551 3273 4607 Macedonia-

1706 4654 1825 4706 nos,
1877 4638 2249 4704 Photinianos,
2303 4638 2666 4703 Sabellianos,
2716 4642 3149 4710 Apollinaristas,
3202 4659 3266 4697 ac

1703 4730 2029 4787 Novatianos
2062 4731 2388 4803 perurgebat
2429 4732 2920 4802 profligabatque...
2969 4734 3133 4788 Erant
3163 4750 3272 4788 ma-

1704 4840 1803 4877 nus
1832 4823 1950 4894 ejus
1990 4832 2176 4878 contra
2227 4839 2436 4891 omnes,
2478 4840 2540 4879 ac
2587 4842 2779 4879 manus
2806 4826 3048 4886 omnium
3079 4836 3265 4881 contra

1701 4931 1859 4983 ctua;
1897 4916 2084 4984 sicque
2115 4918 2351 4970 exaltata
2399 4926 2524 4970 sunt
2558 4931 2722 4984 opera
2762 4917 2874 4980 Dei,
2906 4926 2960 4969 ut
2995 4932 3131 4969 unus
3162 4932 3265 4972 non

1704 5016 1905 5060 tantum
1938 5006 2082 5060 mille
2111 5005 2339 5075 fugaret,
2371 5007 2465 5060 sed
2493 5016 2547 5059 et
2575 5006 2761 5060 decem
2795 5007 2957 5060 tuillia
2982 5008 3048 5059 ⁷ο.
3076 5007 3266 5062 Exstat

1704 5099 1901 5162 adhuc,
1938 5098 2109 5166 pergit
2133 5098 2596 5152 eminentissimus
2627 5099 2880 5166 scriptor,
2915 5113 3184 5167 appensus
3214 5101 3265 5153 in

1699 5190 1925 5246 ecclesia
1972 5190 2135 5259 pallio
2186 5189 2459 5244 involutus
2512 5199 2635 5257 post
2675 5189 2861 5257 Epltnd
2915 5189 3122 5258 gladius
3156 5190 3266 5252 ille,

1700 5298 1805 5352 quo
1834 5291 2020 5337 noster
2061 5283 2376 5352 coryphaeus
2404 5296 2562 5334 manu
2618 5280 2770 5334 fortis
2821 5280 3266 5334 I’hilisthinorum

1702 5380 1910 5427 turmas
1946 5374 1996 5426 in
2033 5373 2210 5441 fugam
2242 5372 2426 5431 vertit.
2462 5371 2710 5436 Exstant,
2744 5371 2982 5440 inquam,
3013 5370 3268 5424 sublimes

127 5452 359 5530 "IIICor.
386 5475 446 5522 ι.
470 5461 528 5515 4.
605 5461 649 5493 ⁸⁸
674 5461 802 5517 ibid.
834 5461 888 5516 5.
965 5460 1008 5493 "
1032 5461 1099 5515 IV
1128 5460 1259 5531 Reg.
1300 5477 1375 5531 tv,
1405 5462 1457 5529 I,
1489 5478 1640 5533 seqq.
1716 5465 1760 5495 "'°
1792 5465 1807 5518 Ι
1838 5464 1968 5534 Reg.
2004 5480 2154 5528 xvttt,
2192 5464 2242 5520 7.

127 5547 190 5627 (ᾳ)
226 5551 369 5627 §ocr.
407 5556 444 5627 l.
470 5573 561 5627 tt,
586 5571 635 5611 c.
673 5556 759 5611 '58.
795 5554 1034 5625 Sozom.,
1062 5571 1113 5627 p.
1140 5557 1262 5613 57L

225 5620 373 5693 βοιιη
402 5626 435 5679 9
463 5625 608 5687 Maii,
640 5644 690 5693 p.
719 5628 843 5680 405.

126 5688 185 5757 (ε)
214 5688 386 5747 Carni.
418 5696 490 5749 al.
528 5697 577 5754 1,
609 5688 659 5749 ν.
687 5698 808 5757 591,

124 5754 188 5825 (ἀλ
222 5759 307 5817 0r.
352 5764 441 5829 55,
478 5786 533 5820 tt.
570 5767 651 5821 13.

1774 5559 1845 5625 (e)
1888 5559 1982 5614 0r.
2018 5559 2109 5621 26,
2142 5576 2194 5618 n.
2228 5560 2312 5612 17.

1771 5629 1837 5701 (Γ)
1879 5629 2059 5701 Carm.
2096 5629 2170 5701 De
2214 5627 2733 5701 γίιανδηαηνλίθβὸ.

1770 5696 1841 5763 (g)
1886 5698 2063 5760 Suum,
2096 5699 2126 5751 Ι.
2155 5715 2205 5758 v.
2236 5716 2285 5752 c.
2316 5700 2367 5758 7.
2398 5714 2448 5765 p.
2480 5698 2604 5755 “265.
2634 5699 2784 5763 Soz.,
2813 5698 2845 5754 I.
2873 5715 2969 5763 vn,
3005 5714 3055 5753 c.
3087 5696 3144 5757 ὅ.

1776 5769 1851 5841 (lt)
1896 5772 1990 5838 Ap.
2029 5770 2119 5823 Iiol
2150 5810 2163 5834 ,
2193 5770 2224 5825 9
2250 5770 2392 5834 Maii,
2429 5786 2477 5839 p.
2509 5770 2632 5823 400.
