3812 6508
500 416 609 472 215

1810 413 1969 469 WTA
2015 415 2070 472 S.
2112 414 2459 471 GREGORII.

3672 415 3765 470 Sili

502 533 612 587 lllaar
645 532 889 603 Gregorii
926 532 1219 597 orationes,
1253 532 1641 603 pretiosissima
1693 533 1784 590 Dei
1816 534 2071 589 Ecclesiae
2104 540 2149 596 Α
2186 534 2385 590 Verum
2440 548 2538 589 nos
2573 548 2671 604 pro
2719 531 2934 589 Christo
2963 530 3158 587 bellum
3206 543 3415 603 gerere
3458 529 3567 587 hoc
3618 518 3773 603 argui;

499 624 909 693 suppellectilia,
941 624 1137 691 quibus
1187 624 1476 693 prazdietas
1524 624 1759 678 haereses
1800 638 2069 694 oppugna-

500 718 611 781 vit;
648 716 785 769 inter
824 730 959 784 quas
1004 714 1106 768 illa:
1151 714 1476 770 celebriores
1521 714 1810 779 habentur,
1839 730 1958 783 quae
2005 714 2077 768 De

501 807 765 875 theologia
793 816 919 861 sunt
954 806 1253 874 inscriptae,
1278 825 1294 855 ι
1333 818 1438 862 etc.

498 916 739 971 CXXlX.
797 915 950 970 Fidei
993 932 1208 969 causam
1250 916 1451 983 egregie
1503 915 1733 983 defendit
1774 913 2081 984 Gregorius.

838 986 953 1040 Tali
986 988 1257 1054 defensore
1310 998 1509 1050 tetttpus
1556 985 1758 1054 egebat.

573 1076 664 1131 llis
690 1076 1155 1147 eloquentissimis
1185 1076 1529 1130 sermonibus
1556 1076 1772 1145 egregie
1799 1076 1919 1129 lidci
1945 1093 2073 1131 cau-

498 1182 613 1219 sam
647 1167 889 1220 defendit
914 1168 1229 1237 Gregorius,
1260 1166 1569 1221 Catholicos
1595 1167 1773 1229 docet,
1794 1167 2076 1222 haereticos

498 1259 714 1314 refellit.
746 1259 862 1313 Tali
897 1260 1182 1315 defensore
1211 1271 1418 1328 tempus
1446 1261 1637 1328 egebat
1664 1278 1677 1325 ;
1710 1268 1817 1313 tam
1847 1261 2074 1328 peritum

498 1362 796 1414 oratorem,
830 1352 896 1404 ad
921 1340 1285 1405 defensionem
1317 1351 1435 1404 ﬁdei
1463 1351 1765 1412 Catholicae,
1801 1351 2076 1407 luctuosus

498 1443 755 1498 Ecclesia:
806 1443 1417 1511 Constantinopolitano:
1480 1450 1655 1510 status
1714 1443 2072 1509 requirebat;

499 1552 671 1604 eaque
699 1551 861 1589 causa
897 1534 1090 1597 fuerat,
1109 1550 1203 1587 cur
1233 1534 1285 1587 in
1313 1535 1453 1587 hanc
1489 1533 1675 1586 urbem
1700 1549 1757 1587 se
1780 1532 2071 1596 conferret,

500 1628 584 1679 vel
634 1626 815 1695 potius
864 1640 963 1678 cur
1013 1626 1067 1677 in
1126 1639 1244 1677 eam
1302 1625 1634 1677 mitteretur.
1667 1623 1871 1677 Civitas
1923 1638 2072 1691 quae,

499 1715 720 1767 Arionis
751 1715 987 1783 aliisque
1011 1713 1281 1767 haereticis
1304 1712 1487 1782 plena,
1516 1714 1837 1767 adveniente
1867 1713 2073 1783 Grego-

500 1806 582 1859 rio
635 1804 981 1866 elTerbuerat,
1015 1803 1090 1875 (tt)
1136 1814 1408 1858 commota
1463 1806 1581 1872 ejus
1638 1803 1975 1858 orationibus
2021 1805 2077 1857 in

500 1911 625 1951 cum
659 1897 883 1951 exarsit.
925 1896 1169 1963 Quanam
1196 1912 1259 1949 ex
1297 1893 1362 1950 iis
1385 1896 1721 1949 orationibus
1743 1910 1863 1963 quae
1886 1909 2071 1964 superv
2106 1878 2148 1932 Β

501 1996 649 2051 sunt,
694 2002 874 2041 veram
901 1988 966 2041 de
1000 1988 1264 2041 Triuitate
1294 1988 1450 2040 fidem
1476 1987 1758 2039 nuntiandi
1788 1986 2071 2041 exordium

496 2080 810 2146 sumpserit,
844 2076 988 2133 haud
1025 2088 1259 2133 constat.
1307 2065 1496 2132 Oratio
1530 2092 1650 2144 qua:
1683 2093 1828 2131 nunc
1874 2076 2071 2132 vicesi-

498 2187 588 2224 ma
633 2180 737 2234 est,
775 2172 901 2225 olim
955 2188 1083 2226 vero
1134 2172 1393 2224 vicesima
1444 2186 1608 2231 nona,
1654 2186 1761 2223 non
1802 2170 2073 2225 immerito

497 2260 669 2329 prima
720 2261 887 2314 videri
926 2261 1130 2331 possit,
1162 2269 1254 2313 aut
1308 2260 1498 2313 saltem
1545 2274 1652 2312 una
1704 2275 1768 2314 ex
1802 2259 2073 2330 prioribus

496 2366 631 2419 quas
663 2352 966 2420 Tlteologns
1000 2350 1467 2417 Constantinopoli
1506 2349 1717 2403 habuit.

498 2442 710 2506 CXXX,
747 2441 980 2495 CXXXI.
1051 2442 1168 2507 Qua
1231 2442 1436 2492 ratione
1494 2453 1572 2489 res
1632 2440 1834 2492 diuinas
1882 2450 2074 2493 tractat

565 2514 878 2580 Gregorius.
919 2512 1151 2579 Gregorii
1184 2515 1320 2561 ratio
1357 2509 1660 2573 disputandi
1694 2522 1875 2563 contra
1916 2510 2073 2563 luere-

570 2590 737 2645 ucos;
771 2581 975 2647 placido
1004 2585 1178 2633 animo
1218 2582 1475 2644 disputat.
1504 2580 1636 2633 mira
1666 2581 1959 2633 urbanitate
1981 2583 2071 2633 tle-

568 2654 783 2706 mulcet.
840 2649 988 2703 Niltil
1021 2652 1083 2703 tle
1139 2654 1353 2703 veritate
1390 2648 1609 2711 deterit,
1661 2648 1847 2702 leniter
1893 2651 2075 2718 dispu—

566 2727 747 2777 tando.

569 2817 677 2871 Res
708 2816 922 2869 divinas
976 2814 1089 2869 suis
1127 2815 1181 2867 in
1222 2816 1565 2872 sermonibus
1615 2817 1832 2878 leniter,
1886 2813 2074 2868 mode-

498 2917 635 2971 rate,
666 2908 957 2978 prudenter
1002 2907 1269 2961 tractabat
1311 2912 1498 2963 orator
1540 2911 1880 2966 Christianus
1914 2924 1930 2971 ;
1967 2924 2071 2961 non

500 2999 847 3069 diSputaudo,
882 3001 974 3055 sed
1010 3000 1291 3064 docendo;
1322 3017 1425 3055 non
1473 3012 1530 3056 ut
1576 3002 1955 3073 philosOpbtts,
1979 3016 2073 3057 ve-

500 3110 618 3147 rum
661 3102 717 3146 ιιι
756 3093 1123 3161 apostolorum
1155 3094 1495 3163 discipulus;
1538 3112 1643 3150 non
1687 3105 1743 3148 ut
1786 3095 2072 3164 profanus,

499 3186 593 3239 sed
624 3194 681 3240 ut
712 3200 867 3239 sacer
907 3195 1093 3239 orator
1125 3193 1289 3253 atque
1333 3185 1610 3253 Evangelii
1656 3200 1853 3255 praeco.
1889 3184 2075 3238 Perni-

498 3279 647 3331 ciosa
673 3278 1047 3335 herticornm
1077 3278 1326 3347 dogmata
1361 3278 1661 3343 refellebat,
1686 3295 1789 3331 non
1813 3279 2073 3333 conviciis

500 3370 838 3433 lacessendo,
894 3386 1070 3439 neque
1124 3372 1267 3425 enim
1322 3387 1644 3440 quemquam
1702 3373 1781 3427 vel
1831 3388 2081 3427 sermone

500 3461 637 3515 Ia‘sit
674 3477 933 3529 unquam,
971 3463 1065 3515 sed
1109 3461 1324 3517 invictis
1358 3464 1661 3518 rationibus
1698 3474 1755 3517 ct
1796 3479 2081 3533 argumen-

502 3554 570 3607 tis
604 3556 905 3623 pognando,
938 3554 1094 3607 itaut
1140 3566 1231 3609 aut
1260 3558 1533 3623 suaderet,
1568 3558 1927 3628 autelingues
1961 3558 2079 3611 red-

500 3647 672 3700 deret.
720 3646 923 3700 Bellum
960 3647 1155 3700 indixit
1210 3648 1528 3712 erroribus,
1565 3665 1671 3702 non
1724 3650 2075 3712 hominibus;

499 3752 753 3805 perversa
786 3740 1034 3807 dogmata
1058 3738 1454 3802 insectabatur.
1483 3756 1588 3793 non
1620 3742 1766 3809 ipsos
1801 3742 2077 3803 homines;

501 3844 729 3898 quorum
771 3816 961 3885 salutis
984 3840 1136 3886 tanto
1167 3831 1439 3885 desiderio
1464 3832 1767 3896 tenebatur,
1806 3849 1825 3883 ι
1859 3841 1917 3884 ιιι
1952 3846 2081 3884 ana-

505 3922 683 3971 thema
708 3922 867 3973 etiam
904 3937 933 3974 a
958 3920 1177 3975 Christo
1210 3934 1348 3983 esse,
1376 3934 1440 3974 ac
1478 3921 1745 3987 nonnihil,
1777 3932 1833 3975 ιιι
1858 3923 2079 3975 damna-

504 4022 610 4075 tus,
642 4012 848 4079 perpeti
879 4028 982 4064 non
1045 4021 1383 4076 recusasset;
1420 4011 1579 4069 modo
1604 4027 1786 4066 secum
1820 4014 2078 4082 adjunge-

505 4110 694 4155 rentur
723 4102 820 4171 (Ιι),
860 4103 1349 4170 communibusque
1393 4103 1590 4156 animis
1638 4102 1962 4159 Trinitatem
1987 4122 2079 4159 Ct:-

504 4189 779 4245 lebrarent
810 4192 901 4262 (c).
946 4210 962 4241 ›
1001 4192 1075 4245 Ex
1098 4193 1217 4260 ipso
1249 4193 1507 4247 discimus
1533 4192 1812 4262 Gregorio,
1832 4209 1992 4263 quam
2030 4195 2079 4248 in

504 4283 839 4337 defendenda
904 4283 1162 4346 veritate,
1216 4284 1635 4353 refellendisque
1698 4286 2081 4341 lucreticorum

505 4375 870 4444 dogmatibus,
914 4375 1055 4431 viam
1101 4386 1319 4431 secutus
1370 4378 1551 4431 fuerit.
1578 4396 1596 4429 ι
1633 4376 1828 4441 Vultis,
1863 4397 1880 4429 ι
1909 4378 2083 4447 inquit

506 4466 696 4519 Patres
746 4466 957 4521 concilii
1013 4466 1597 4541 Constantinopolitani
1659 4467 1937 4538 alloquens
1980 4470 2081 4539 (ιι),

2186 640 2368 685 mento
2400 629 2756 695 declaramus,
2783 628 2924 699 quod
2964 625 3259 681 secundum
3305 624 3466 679 illum
3491 625 3759 693 pacificum

2184 731 2237 775 ct
2272 720 2587 773 clementem
2618 718 2917 783 Christum,
2942 731 3004 769 ac
3024 725 3235 768 nostras
3270 714 3632 768 infirmitates
3655 730 3761 781 por-

2185 822 2412 873 tantem,
2445 813 2705 864 dicamus.
2745 826 2764 860 t
2803 807 2923 861 "me
2967 806 3067 860 fuit
3097 804 3361 877 Gregorii
3407 806 3478 859 de
3525 808 3681 861 rebus
3710 808 3758 859 li-

2182 904 2265 956 dei
2318 901 2621 971 disputandi
2665 900 2801 954 ratio
2832 916 2847 952 :
2878 898 2928 952 id
2982 896 3193 965 placido
3243 896 3471 960 animo,
3510 911 3539 948 a
3584 896 3760 965 jnrgiis

2183 1004 2522 1063 temperans,
2552 994 2685 1046 mira
2719 993 2948 1057 quadam
2984 1006 3077 1044 eos
3126 988 3453 1043 urbanitate
3502 998 3557 1043 et
3596 989 3756 1056 Ichre

2180 1086 2525 1151 demulcens,
2566 1098 2726 1154 agere
2773 1083 3000 1137 solt-bat.
3042 1082 3318 1150 Insignem
3376 1081 3433 1132 in
3477 1096 3545 1134 eo
3582 1096 3761 1149 genere

2179 1180 2502 1238 orationem.
2525 1176 2598 1230 De
2622 1177 2977 1230 moderatione
3009 1176 3060 1227 in
3092 1174 3469 1240 disputatione
3498 1172 3755 1231 seri-attito.

2180 1268 2650 1336 Constantinopoli
2695 1266 3082 1336 pronuntiavit.
3118 1267 3185 1318 At
3235 1280 3352 1317 non
3404 1265 3452 1317 is
3484 1273 3601 1316 erat
3640 1264 3754 1332 qni,

2178 1371 2237 1415 ut
2283 1359 2671 1415 moderationis
2724 1359 2921 1415 famam
2971 1360 3071 1411 sibi
3103 1358 3428 1427 colligeret,
3456 1356 3652 1423 aliquid
3697 1359 3751 1410 de

2176 1454 2433 1517 veritate,
2492 1452 2705 1505 mollius
2753 1450 3153 1510 contendendo,
3190 1450 3496 1502 detereret.
3530 1465 3550 1497 ι
3589 1446 3752 1515 Neque

2177 1549 2343 1610 enim,
2378 1565 2397 1598 ι
2435 1545 2608 1616 inquit
2634 1544 2724 1615 (e),
2746 1563 2764 1594 ι
2791 1559 2908 1597 cum
2940 1558 3077 1594 verae
3104 1553 3267 1606 atque
3295 1540 3618 1594 ortliodoxa'
3644 1539 3749 1595 lidei

2177 1638 2415 1706 pernicie
2453 1637 2571 1707 paci
2602 1638 2902 1699 studemus,
2943 1632 3180 1689 nonnihil
3211 1634 3281 1684 de
3308 1632 3621 1684 animorum
3646 1648 3755 1684 cono

2180 1731 2416 1783 tentione
2466 1727 2836 1791 remittentes,
2862 1736 2922 1780 ut
2965 1724 3365 1779 moderationis
3411 1732 3466 1777 et
3499 1722 3747 1791 aquitatis

2177 1821 2494 1888 colligamus
2531 1823 2656 1890 (non
2694 1819 2835 1874 enim
2878 1818 3017 1886 quod
3061 1817 3262 1870 bonum
3298 1825 3385 1868 cst
3434 1815 3575 1869 male
3607 1830 3750 1867 aucu-

2178 1926 2411 1982 pamur),
2452 1923 2613 1982 atque
2645 1910 2860 1965 interim
2894 1919 3070 1964 tamen
3116 1924 3313 1979 pacem
3356 1907 3607 1968 colimus,
3638 1905 3749 1972 lepi-

2179 2007 2309 2059 time
2343 2005 2595 2064 nimirum
2622 2014 2939 2074 pugnantes,
2967 2010 3128 2069 atque
3152 2001 3296 2053 intra
3319 1999 3524 2053 limites
3557 2004 3751 2051 nostris

2176 2096 2514 2166 Spiritusquc
2544 2096 2782 2166 regulam
2820 2104 3033 2149 nosmet
3065 2094 3442 2147 cootiuentes.
3479 2091 3556 2145 Ac
3581 2090 3641 2142 de
3673 2089 3745 2141 liis

2174 2188 2392 2257 quidem
2429 2188 2501 2242 ita
2553 2189 2747 2251 sentio,
2778 2186 3093 2254 cunctisque
3139 2185 3457 2237 animarum
3490 2183 3747 2249 dispenso-

2178 2279 2381 2333 toribus
2434 2290 2700 2347 rectaeque
2739 2277 2997 2331 doctrina-
3045 2273 3271 2329 arbitris
3323 2273 3501 2340 legem
3544 2282 3739 2325 statuo:

2176 2382 2234 2424 ut
2261 2386 2359 2427 nec
2396 2371 2694 2439 asperitate
2738 2382 2835 2421 sua
2880 2365 3327 2419 adversariorum
3372 2365 3580 2416 animos
3610 2363 3737 2415 etul-

2175 2473 2379 2529 Cerent,
2416 2478 2512 2516 nec
2540 2460 2901 2516 submissione
2949 2457 3342 2517 insolentiores
3373 2455 3633 2517 cilicium;
3663 2452 3737 2505 std

2176 2556 2469 2624 prudenter
2506 2563 2559 2608 et
2596 2553 2838 2607 consulte
2888 2552 2938 2605 in
2974 2549 3093 2603 ﬁdei
3124 2565 3295 2605 causa
3328 2564 3387 2603 se
3434 2554 3738 2616 geratit,uec

2176 2651 2226 2699 itt
2258 2648 2523 2699 alterutro
2551 2645 2742 2698 borum
2774 2640 3162 2708 mediocritatis
3190 2641 3375 2700 lineas
3407 2637 3739 2693 transiliam.)

2175 2758 2434 2815 CXXXII.
2466 2758 2774 2812 Accttrritttr
2807 2759 2870 2808 ab
2908 2755 3162 2807 uniuersis
3217 2753 3536 2823 (ΣαιΙιοΙίεἱι,
3552 2750 3739 2805 luetati-

2425 2830 2520 2895 οἰδ,
2562 2827 2887 2896 inﬁdelibus,
2930 2827 2999 2877 ad
3051 2826 3164 2894 ejus
3225 2841 3517 2878 sertttones.

2245 2922 2445 2978 Omnes
2482 2935 2747 2976 concursu
2804 2933 2999 2987 magno
3046 2917 3111 2970 ad
3161 2916 3324 2970 talem
3365 2924 3627 2971 oratorem
3654 2927 3735 2963 ειυς

2176 3013 2430 3067 diendum
2485 3010 2832 3073 accedebant,
2868 3024 2971 3061 non
3020 3006 3181 3060 modo
3231 3004 3527 3069 Catholici,
3570 3016 3731 3054 verum

2177 3104 2339 3157 etiam
2376 3099 2637 3165 ltzeretici,
2670 3099 2909 3167 cujusvis
2948 3108 3130 3160 sectze,
3164 3098 3276 3151 imo
3319 3098 3495 3151 exteri
3523 3106 3572 3150 et
3596 3108 3620 3143 ιι
3648 3091 3737 3143 fide

2180 3197 2368 3258 alieni;
2407 3196 2498 3249 alii
2525 3194 2643 3262 ejus
2676 3194 2943 3254 doctrina,
2970 3192 3058 3244 alii
3105 3192 3281 3260 ipsius
3321 3189 3616 3259 eloquentia
3640 3186 3731 3239 illc-

2180 3284 2274 3338 cti.
2306 3283 2654 3337 Exsultabant
2687 3283 2896 3352 gaudiis
2932 3296 3075 3335 same
3126 3280 3250 3333 fidei
3290 3288 3602 3338 sectatores,
3630 3288 3733 3327 cum

2184 3386 2469 3431 cernerent
2498 3376 2808 3439 veritatem,
2838 3389 2956 3442 qua:
2992 3383 3068 3425 tot
3096 3373 3258 3426 annis
3293 3373 3429 3425 urbe
3464 3369 3729 3430 exsularat,

2180 3478 2234 3521 et
2275 3468 2541 3522 exstincta
2567 3466 2872 3528 videbatur,
2900 3466 3149 3519 reducem
3182 3473 3237 3517 et
3272 3464 3561 3519 redit-iram
3590 3459 3730 3511 libere

2185 3560 2471 3629 praulicari
2504 3578 2517 3624 ;
2554 3558 2840 3612 litereticos
2885 3566 3099 3619 autem,
3138 3558 3230 3623 qui
3291 3557 3479 3610 tandiu
3533 3547 3728 3621 grassati

2180 3653 2415 3715 fuerant,
2447 3658 2598 3703 tanta
2654 3648 2867 3705 dicendi
2901 3650 3075 3714 capia,
3109 3658 3219 3701 tam
3256 3647 3429 3701 firmis
3466 3636 3728 3712 expugnari

2184 3742 2524 3809 argumentis
2563 3749 2617 3793 et
2639 3740 2816 3803 obrui,
2840 3748 2895 3790 ut
2923 3755 2985 3791 ne
3018 3740 3215 3794 tuntire
3234 3741 3452 3811 quidem
3479 3739 3726 3793 auderem,

2138 3834 2143 3841 '
2181 3839 2235 3882 et
2260 3829 2325 3881 ad
2353 3829 2613 3898 Tlreologi
2648 3828 2810 3884 verba
2854 3843 3011 3883 aures
3046 3843 3172 3883 suas
3216 3831 3299 3883 vel
3341 3818 3723 3899 pervicacissitui

2185 3917 2541 3971 inllcctercnl.

2182 4031 2467 4086 CXXXIII.
2502 4030 2625 4085 Non
2663 4043 2865 4102 tantum
2912 4035 3033 4102 ,ttlei
3078 4036 3327 4102 dogmata
3375 4031 3653 4097 conﬁrmat,
3687 4030 3724 4073 rt

2255 4119 2453 4154 errores
2482 4104 2665 4169 re/eltit
2700 4100 3005 4174 Gregorius,
3027 4106 3116 4158 sed
3152 4100 3364 4158 urorum
3401 4107 3723 4171 quoquepm"

2254 4181 2401 4238 cepta
2438 4174 2621 4225 tradit.

2255 4282 2361 4336 Nec
2419 4299 2548 4338 vero
2602 4294 2806 4339 tantum
2873 4300 3089 4340 errores
3159 4285 3443 4346 refellere,
3504 4284 3721 4348 ρειτετεε

2185 4375 2433 4445 dOquata
2512 4377 2846 4441 convellere,
2884 4378 2972 4445 qui
3034 4378 3249 4444 quidem
3306 4373 3597 4444 pra-cipints
3644 4360 3725 4415 ῐιιὶι

2183 4466 2430 4535 Gregorii
2484 4483 2713 4537 secpus,
2778 4485 2962 4522 verum
3010 4471 3172 4523 etiam
3225 4482 3434 4521 tuorum
3490 4462 3722 4531 pratcf‘lml

511 4574 531 4607 ι
571 4555 773 4623 aliquid
818 4556 1113 4625 juvenilins
1157 4558 1407 4625 adjiciam
1445 4558 1471 4612 ?‘
1500 4556 1777 4611 Videtisne
1828 4560 2081 4613 adversa-
2116 4574 2156 4628 ι)
2189 4559 2406 4623 tradere
2448 4560 2751 4627 satagebat.
2804 4560 2859 4613 In
2900 4575 3007 4627 quo
3035 4560 3247 4613 dicendi
3279 4572 3475 4627 genere
3498 4554 3570 4605 sic
3597 4557 3721 4599 com-

506 4648 619 4699 rias
664 4646 869 4715 linguas
904 4648 1277 4713 tniteseentes,
1322 4658 1376 4702 et
1411 4663 1503 4701 eos
1536 4649 1627 4719 qui
1663 4650 1932 4703 divinitati
1967 4651 2079 4707 bel-

505 4738 616 4790 lum
662 4739 995 4802 indixerunt,
1028 4740 1156 4809 nihil
1184 4739 1296 4807 jam
1322 4740 1477 4795 nobis
1502 4742 1780 4794 turbarum
1810 4742 2079 4796 lacessen-

506 4830 716 4885 tes?ltl
775 4846 989 4900 quoque
1046 4833 1316 4900 Spiritus,
1354 4832 1405 4885 id
1465 4847 1679 4901 quoque
1739 4833 2083 4901 agricultura:

506 4934 707 4975 nostra:
753 4932 854 4975 est.
901 4922 1015 4976 Non
1065 4924 1209 4976 enim
1260 4924 1526 4977 inerudite
1572 4925 1855 4985 docemus,
1904 4940 2077 4992 neque

506 5014 847 5067 adversarios
903 5013 1164 5067 conviviis
1222 5023 1277 5066 et
1324 5014 1667 5069 contumeliis
1729 5016 2079 5078 incessimus.

504 5105 956 5170 quemadmodum
986 5105 1226 5172 pletiquc
1266 5105 1464 5157 faciuttl
1487 5145 1502 5169 ,
1535 5121 1639 5157 ιιοιι
1676 5122 1796 5159 cum
1832 5107 2084 5175 dogmate

505 5198 599 5249 sed
630 5212 751 5250 cum
788 5198 1053 5265 dogmatis
1094 5188 1458 5249 assertori'bus
1498 5196 1868 5263 confligentes,
1910 5214 1974 5250 ac
2008 5213 2087 5250 m-

504 5288 713 5339 tiouum
760 5296 815 5342 et
856 5296 1298 5355 argumentorum
1356 5286 1725 5340 inﬁrmitatem
1788 5288 2086 5342 maledictis

508 5381 774 5435 interdum
814 5390 1207 5449 conte-gentes;
1240 5396 1343 5433 non
1377 5380 1533 5435 aliter
1558 5396 1620 5433 ac
1650 5381 1828 5450 sepius
1864 5392 1989 5435 ante
2029 5398 2087 5435 se

507 5482 869 5527 atramentum
906 5488 1123 5527 vomere
1156 5472 1333 5532 aiunt,
1367 5482 1423 5523 ut
1473 5474 1772 5541 piscatores
1808 5472 2082 5544 ollugiant.

581 5585 657 5658 (tt)
688 5585 876 5658 farm.
919 5585 991 5637 De
1028 5584 1245 5658 Vita,y.
1293 5584 1416 5638 656.

684 5655 903 5718 Ποὶλτιῖς
957 5654 1361 5725 συνηνέχϐημεν
1403 5654 1648 5716 ἐλῡόντες
1698 5660 1905 5719 κακοῖς.

684 5727 906 5795 Πρῶτον
940 5727 1036 5795 μὲν
1064 5727 1279 5791 ἐξέζεσε
1310 5728 1429 5779 καθ’
1456 5727 1611 5796 ἡμῶν
1641 5728 1671 5796 ἡ
1705 5727 1877 5786 πόλις.

701 5797 785 5859 Ὠς
821 5795 1147 5860 εἰσαγόντων
1185 5797 1299 5849 ἀνθ’
1326 5797 1446 5857 'évo:
1480 5795 1699 5859 πλείους
1734 5796 1907 5859 Οεούς.

579 5869 655 5945 (tt)
697 5867 855 5920 Ὥστε
886 5867 976 5917 καὶ
1002 5866 1243 5938 ἀνάθεμα
1274 5862 1407 5918 sine:
1436 5867 1537 5918 ἀπὸ
1563 5866 1816 5939 Χριςτοῦ.
1845 5868 1931 5919 καὶ
1984 5884 2083 5918 πα-

2187 4651 2392 4719 positus
2414 4660 2551 4714 erat,
2584 4661 2638 4703 nt
2662 4667 2779 4720 quae
2808 4652 3137 4718 'prodessent
3161 4648 3517 4707 audientibus,
3540 4641 3718 4720 illorum

2190 4741 2414 4795 auribus
2456 4719 2745 4807 ingereret.
2787 4739 3319 4794 Comnronefaciebat
3356 4748 3411 4789 ιιι
3460 4751 3515 4787 se
3554 4734 3601 4783 in
3641 4719 3719 4776 Dt‘i

2185 4833 2302 4901 lege
2332 4844 2667 4895 exercerent.
2695 4832 2886 4888 alendo
2914 4846 3172 4901 pauperes
3202 4841 3256 4884 et
3294 4814 3718 4895 Ιιοειιίιυδ,ιιιοι-Ιιο

2190 4924 2572 4978 laborantibus
2600 4939 2757 4993 opem
2788 4922 3042 4985 ferentes,
3079 4922 3129 4975 in
3164 4920 3379 4992 hymnis
3409 4919 3562 4969 Deum
3598 4905 3717 5001 ceIc-I

2190 5017 2400 5070 brando
2426 5057 2440 5078 ,
2481 5019 2531 5069 in
2592 5018 2878 5087 precibus,
2921 5015 3231 5083 gemitibus,
3283 5008 3557 5080 laerymiS;
3595 5006 3713 5052 ¹¹υ¹¹¹¹

2182 5109 2450 5174 cubando,
2507 5124 2697 5163 sensus
2750 5109 3083 5171 cohibentlo;
3115 5106 3318 5176 gulam,
3352 5104 3511 5155 risum
3538 5134 3552 5159 ν
3582 5092 3713 5145 Ῐτί³¹ῇθ

2182 5217 2402 5255 carnem
2475 5200 2793 5266 frenando;
2844 5200 3037 5267 linguae
3099 5193 3481 5264 temperando,
3527 5195 3579 5236 ut
3635 5188 3711 5230 "9c

2181 5293 2390 5354 omnia,
2414 5308 2518 5348 nec
2555 5294 2773 5362 ubique,
2800 5308 2901 5347 nec
2928 5290 3065 5360 apud
3092 5288 3331 5358 quosvis,
3354 5285 3445 5339 sed
3464 5284 3709 5349 quantum.

2185 5385 2398 5453 quando
2428 5393 2482 5437 et
2513 5385 2579 5437 ad
2615 5399 2752 5454 quos
2789 5383 2931 5452 loqui
2971 5392 3113 5437 esset
3151 5390 3523 5450 opportunum.
3560 5367 3709 5454 Inth‘

2192 5451 2402 5529 rentur.
2444 5475 2565 5530 llaec
2593 5451 2647 5531 ei
2679 5477 2781 5530 alia
2812 5451 3064 5544 plurima,
3104 5490 3223 5529 non
3245 5473 3311 5525 ad
3337 5462 3524 5537 ingenii
3552 5466 3600 5512 et
3631 5451 3707 5503 άο·

2191 5589 2303 5663 θεῖν
2332 5608 2381 5663 τι
2431 5590 2506 5663 ᾡς
2557 5592 2882 5663 κατάκριτος
2922 5587 3380 5663 δέχομαισ-μργον
3431 5581 3476 5632 εἰ
3525 5567 3708 5634 σταίητε

2193 5662 2312 5731 μεθ’
2340 5660 2619 5785 ὴὸὦνιῖαὶ
2648 5657 2795 5785 κξςιεὶῇ
2830 5663 2927 5731 τὴν
2962 5657 3163 5732 Τριάδα
3189 5657 3521 5723 δοξάσαιμεν.

2262 5744 2332 5785 tet
2422 5749 2463 5783 l'.
2565 5772 2581 5785 .
2616 5749 2667 5785 ιι.
2723 5770 2737 5785 .

2262 5744 2332 5801 te)
2372 5744 2463 5801 ur.
2492 5744 2581 5791 41.
2616 5744 2737 5786 ιλιι.

2263 5804 2339 5868 ta)
2380 5800 2472 5857 0r.
2508 5802 2597 5863 49.,
2626 5820 2676 5854 ιι.
2707 5802 2789 5855 l3.

2265 5874 2333 5941 (ε)
2375 5874 2468 5926 Ur.
2508 5872 2593 5938 42,
2632 5888 2682 5924 ιι.
2725 5872 2809 5927 15.
