3812 6498
98 391 178 445 ιιι

1347 396 1509 455 vrra
1548 399 1606 454 s.
1634 383 1995 456 'curzcouu.

3182 408 3287 465 218

98 508 247 565 ctrina:
278 505 717 571 ostentationem,
747 505 840 561 sed
886 506 952 561 ad
993 506 1247 576 pietatem
1282 513 1618 567 excitandam
1651 518 1696 574 Α
1724 514 2023 579 lacessitus,
2058 530 2239 570 verum
2264 518 2436 573 etiam
2464 520 2530 573 ad
2555 518 2794 587 judicum
2821 522 3051 575 tribunal
3084 520 3321 594 raptus,‘

98 600 366 670 plebemque
407 597 831 665 permovendum
867 600 1131 653 tractabat
1176 601 1397 658 minime
1432 603 1622 658 fucatte

96 689 367 757 eloquentia:
414 689 493 743 vi.
529 685 654 741 Hice
695 696 813 741 erat
864 687 1109 756 Gregorii
1147 690 1288 744 circa
1329 693 1619 747 institutio-

98 798 189 836 nem
217 795 413 834 morum
453 780 594 833 ratio
619 779 830 833 dicendi
873 789 929 834 et
964 782 1190 835 docendi
1223 798 1325 837 :cx
1358 798 1465 853 quo
1512 785 1622 839 col-

97 873 163 942 ligi
191 880 347 937 potest
385 871 691 937 permultas
746 871 901 937 hujus
937 874 1148 942 generis
1177 877 1454 931 orationes
1478 877 1619 933 Cou-

96 961 391 1029 stautinopuli
423 961 640 1016 habitas
663 964 906 1032 periisse.

96 1090 328 1152 CXXXIV,
379 1090 649 1145 CXXXV.
700 1093 782 1144 At!
846 1094 997 1147 verba
1062 1097 1291 1150 oratoris
1349 1099 1621 1152 accedente

144 1164 372 1227 exetnplo.
395 1177 443 1212 et
471 1164 543 1211 ad
582 1163 841 1214 orationes
871 1168 991 1217 ritu:
1016 1168 1315 1227 sanctitate.
1342 1171 1498 1221 miros
1527 1170 1621 1219 Im-

145 1235 221 1306 Abet‘
242 1235 467 1306 [rut-tim.
502 1230 617 1306 Ito:
639 1249 703 1306 se
733 1232 936 1298 fructus
969 1235 1263 1288 habitarunt
1298 1247 1616 1306 speraverat,

142 1303 315 1370 ipsique
341 1299 485 1353 Deut
516 1301 743 1369 forsitun
779 1305 1097 1360 ostenderat.

142 1413 249 1466 Cum
293 1422 470 1463 autem
531 1412 601 1464 ad
648 1412 809 1465 verba
843 1414 1173 1484 exemplum,
1221 1417 1287 1470 ad
1344 1419 1620 1472 orationes
1660 1440 1667 1447 -

94 1502 185 1557 vita:
225 1503 481 1555 sanetitas
538 1503 843 1567 accederet,
868 1505 1135 1573 dictisque
1180 1507 1321 1561 facta
1360 1525 1620 1579 congrue-

92 1605 196 1655 rent,
229 1595 411 1646 mirum
472 1603 712 1661 quantos
765 1609 1046 1650 successus
1101 1598 1346 1652 habuerit
1422 1599 1621 1669 Gri-go-

92 1686 205 1750 rius;
233 1700 383 1753 quam
420 1686 631 1738 multos
654 1700 683 1739 e
722 1685 1013 1741 Catltolicis
1055 1689 1121 1741 ad
1153 1690 1426 1744 meliorem
1460 1694 1617 1745 vitam

95 1788 132 1833 et
155 1778 409 1833 lia-retices
444 1781 516 1832 ab
548 1794 735 1833 errore
776 1781 841 1833 ad
887 1796 1073 1834 sanam
1125 1783 1427 1838 doctrinam
1462 1787 1616 1839 redu-

96 1871 379 1938 xerit;quot
430 1886 567 1925 oves
612 1872 846 1939 perditas
900 1873 966 1925 ad
1020 1874 1163 1928 ovile
1221 1879 1617 1943 reportaverit,
1654 1852 1693 1903 Β

98 1972 190 2029 quot
217 1963 360 2031 lupos
391 1964 649 2031 deposita
680 1964 887 2018 san-ilic
929 1966 1075 2018 inter
1112 1981 1241 2021 oves
1269 1970 1617 2035 recensucrit,

96 2070 212 2124 quam
265 2057 590 2110 immensum
625 2057 857 2124 denique
909 2073 1121 2127 gregem
1151 2075 1217 2113 ex
1262 2061 1458 2129 exiguo
1493 2076 1621 2115 cou-

96 2148 295 2216 tpexerit.
328 2147 382 2201 id
449 2149 698 2217 quidem,
733 2150 1041 2218 priusquam
1081 2152 1377 2212 accideret,
1433 2168 1619 2220 spera-

94 2251 219 2302 terat,
266 2255 380 2295 cum
422 2243 660 2295 Arianos
700 2242 1162 2314 Constantinopoli
1215 2246 1319 2299 late
1353 2246 1615 2301 dominari

96 2345 334 2387 cerneret:
372 2349 566 2388 secum
616 2334 757 2388 enim
807 2336 1067 2405 cogitans,
1121 2337 1203 2391 his
1248 2354 1305 2393 se
1352 2341 1531 2393 verbis
1564 2350 1620 2394 et

93 2441 159 2493 spe
187 2427 408 2481 melioris
440 2431 709 2493 temporis
736 2428 1011 2483 solabatur
1042 2432 1116 2501 (ιι)
1149 2448 1162 2484 :
1197 2451 1215 2483 ι
1254 2432 1445 2487 Domos
1473 2434 1620 2485 Aria-

97 2519 134 2573 ni
163 2519 353 2583 habent,
380 2536 480 2574 nos
509 2521 811 2589 hospitem;
845 2522 897 2575 hi
926 2524 1144 2591 templa,
1182 2540 1277 2576 nos
1319 2524 1505 2585 Deum,
1540 2526 1617 2578 id-

98 2627 171 2678 que
213 2624 453 2681 prmterea
502 2614 649 2682 quod
706 2615 822 2666 viva
858 2613 952 2667 Dei
1010 2615 1114 2667 vivi
1169 2616 1363 2683 templa
1409 2632 1615 2681 sumus,

96 2704 275 2757 victitare
320 2706 489 2759 vivae.
515 2742 531 2756 .
554 2743 568 2757 .
605 2704 666 2757 lli
709 2706 930 2773 populos
964 2707 1185 2773 habent,
1230 2723 1324 2760 nos
1359 2708 1614 2776 angelos;

94 2794 131 2847 hl
153 2797 476 2849 temeritatem
520 2806 578 2849 et
607 2796 910 2858 audaciam,
958 2814 1056 2851 nos
1104 2798 1294 2862 iidem;
1328 2798 1379 2851 hi
1424 2800 1616 2864 minas,

96 2900 165 2940 nos
202 2903 368 2954 preces
417 2897 473 2941 et
508 2888 788 2940 orationes
820 2905 834 2953 ;
873 2888 923 2941 hi
973 2887 1199 2941 feriendi
1254 2890 1618 2954 insolentiam,

96 2992 165 3031 nos
190 2981 522 3046 patientiam;
555 2980 607 3033 Ιιί
641 2996 831 3034 aurum
877 2991 931 3034 et
966 2992 1271 3050 argenturm,
1293 2999 1389 3037 uos
1426 2998 1621 3050 purga-

97 3078 172 3122 tam
206 3071 309 3124 lidei
343 3074 653 3125 doctrinam
676 3111 691 3126 .
714 3110 727 3125 .
748 3108 762 3125 .
794 3073 862 3126 At
899 3073 1028 3127 tuibi
1058 3089 1183 3140 grex
1213 3075 1481 3141 exiguus?
1514 3074 1619 3126 Sed

97 3162 142 3213 ad
183 3164 454 3234 praecipitia
501 3180 612 3218 non
647 3163 836 3218 fertur.
870 3165 939 3218 At
971 3177 1197 3234 angusta
1231 3166 1361 3218 mihi
1413 3166 1564 3219 caula
1591 3164 1613 3217 ?
1641 3182 1683 3238 ο

98 3253 170 3306 Sed
196 3254 313 3322 lupis
358 3257 638 3309 inaccessa
666 3293 717 3310 ..
739 3293 753 3308 .
801 3253 908 3310 Nec
941 3256 1124 3309 dubito
1164 3258 1289 3325 quin
1337 3272 1454 3310 eam
1487 3272 1615 3324 quoe

96 3355 170 3408 que
210 3345 478 3411 aliquando
533 3344 783 3398 latiorem
840 3355 1225 3415 prospecturus
1281 3348 1404 3401 sint.
1464 3347 1612 3403 Multi

97 3434 273 3487 euimex
311 3436 373 3490 iis
417 3437 512 3506 qui
574 3452 716 3491 nunc
759 3436 809 3489 itt
860 3437 1104 3504 luporum
1156 3454 1383 3491 numero
1415 3447 1612 3500 suut,a

99 3537 157 3576 mc
175 3525 293 3579 inter
319 3542 443 3582 Oves
478 3527 932 3590 rccensehuutur,
970 3544 1030 3581 ac
1062 3527 1291 3583 fortasse
1339 3530 1501 3585 etiam
1535 3532 1617 3583 in-

99 3624 158 3669 ter
194 3629 429 3687 pastores.
488 3640 510 3673 »
556 3620 718 3674 Addit
765 3619 1103 3689 Gregorius:
1142 3639 1161 3672 ι
1205 3622 1317 3677 lloc
1348 3622 1476 3676 mihi
1520 3640 1616 3677 an-

100 3712 259 3765 nuntiat
307 3712 539 3768 feliciter
594 3712 766 3767 bonus
815 3712 904 3765 ille
954 3712 1161 3779 Pastor,
1190 3727 1411 3784 pr0pter
1454 3732 1613 3786 quem

98 3813 169 3867 ego
200 3804 411 3858 animam
459 3818 767 3869 meamva
798 3805 990 3858 ovibus
1038 3821 1197 3874 pono.
1236 3826 1256 3861 ι
1298 3808 1501 3874 Quibus
1551 3810 1617 3863 si-

100 3894 297 3959 gniﬁcate
320 3899 534 3953 videtur
571 3912 629 3949 se
662 3896 753 3950 Dci
790 3896 1071 3957 beneﬁcio.
1104 3896 1456 3967 quorumdam
1496 3917 1616 3972 qua:

102 3984 229 4040 futura
260 4000 433 4045 essent
481 3992 750 4046 bonorum
801 3990 1007 4045 visione
1037 4008 1099 4046 ac
1127 3994 1488 4061 promissione
1532 4010 1619 4049 re-

102 4092 279 4135 creatum
313 4084 495 4139 fuisse.

101 4209 325 4270 CXXXVI.
386 4217 454 4270 Ili
512 4214 713 4283 fructus
762 4233 865 4269 non
915 4217 1244 4283 eloquentur,
1290 4228 1615 4285 qua-Jama:

148 4301 335 4337 trionum
362 4298 496 4350 rmt,
529 4288 616 4339 sed
669 4287 894 4340 oratoris
940 4290 1118 4348 pietati
1148 4298 1193 4337 et
1231 4291 1491 4351 ptttt'entin'
1520 4290 1616 4338 Iri-

148 4356 483 4409 baeudnTules
510 4358 713 4421 [ructus
740 4359 897 4409 unius
919 4358 1055 4425 justi
1078 4362 1428 4422 persecutione
1451 4358 1615 4411 rexati

148 4427 343 4489 precibus
372 4429 661 4497 aliquando
693 4425 834 4484 Deus
862 4430 1120 4481 concedit.

150 4534 252 4590 Τιιιι
278 4539 453 4595 felices
479 4542 663 4596 exitus
706 4555 810 4594 non
854 4550 963 4593 tam
987 4540 1309 4609 eloquentia!
1340 4539 1605 4609 Gregorii,
1641 4517 1684 4571 θ

104 4636 414 4690 quatttaxitua
446 4644 589 4699 erat,
625 4650 787 4703 quam
818 4633 985 4701 ipsius
1014 4633 1200 4702 pietati
1244 4646 1298 4688 et
1341 4633 1613 4700 patientia:

104 4724 341 4778 amittendi
377 4737 524 4781 sunt.
570 4725 679 4779 llos
716 4725 1018 4779 uberrimos
1047 4724 1451 4792 praedicationis
1508 4723 1617 4776 fru-

105 4822 189 4865 ctus
224 4810 478 4886 percepit,
512 4818 605 4871 illo
645 4817 808 4869 dante
834 4814 1227 4869 incrementum
1253 4813 1323 4876 ⁷⁸,
1356 4831 1375 4865 t
1421 4812 1494 4885 (ιι)
1526 4814 1613 4882 qtti

104 4917 328 4972 nuntiet-ctu
357 4911 482 4965 facit
504 4920 559 4964 et
584 4910 741 4973 ditat,
772 4908 861 4977 qui
890 4907 1179 4959 mortiﬁcat
1210 4915 1263 4959 et
1297 4906 1615 4969 vivitiCat",

106 4997 169 5061 qui
194 4999 286 5051 sola
319 5002 588 5055 voluntate
615 4999 792 5052 omnia
824 4998 947 5053 facit
979 5008 1031 5052 et
1068 4998 1318 5050 immutat
1342 5034 1356 5048 .
1380 5032 1429 5048 ..
1453 4994 1612 5062 idque

106 5087 357 5159 Plerumque
386 5094 541 5148 unius
579 5092 709 5162 justi
742 5092 991 5144 diuturna
1030 5087 1409 5159 persecutione
1434 5096 1610 5140 vexati

107 5178 301 5238 Precibus
340 5197 630 5251 permotus.
678 5201 697 5233 ι
728 5182 823 5238 Vir
851 5182 941 5235 ille
985 5182 1101 5250 ipse
1141 5179 1242 5234 fuit
1286 5178 1611 5246 Theologus,

111 5267 175 5330 (ιιι
198 5270 417 5327 diuturna
444 5276 768 5329 Arianorum
822 5271 1199 5342 persecutione
1233 5279 1495 5333 vexatus;
1519 5268 1607 5335 qui

110 5370 185 5411 non
201 5364 331 5417 modo
355 5366 612 5429 dicteriis.
630 5365 1034 5425 scommatibus,
1059 5360 1365 5426 calumniis,
1398 5359 1613 5428 injuriis

160 5495 229 5554 "l
256 5502 365 5558 Cor.
394 5507 516 5571 v,6.
590 5506 635 5539 "
672 5504 693 5572 ι
733 5503 863 5583 Reg.
897 5519 973 5571 tt,
1010 5503 1074 5571 7.]
1138 5501 1184 5532 ⁷³
1219 5500 1347 5571 Aet.
1371 5513 1486 5566 vni,
1524 5497 1608 5561 59.

161 5636 219 5707 (α)
256 5641 339 5697 0r.
366 5645 518 5706 33m.
558 5646 643 5700 15.

164 5708 223 5773 ib)
254 5711 336 5766 Or.
360 5715 443 5769 62.
472 5733 524 5768 ιι.
554 5717 608 5771 5.

166 5779 225 5853 (ιτ)
252 5783 382 5853 Apud
411 5786 564 5845 Boll.,
598 5787 630 5841 9
661 5785 805 5848 Maii,
837 5802 887 5853 p.
918 5786 1040 5843 ‘03.

169 5847 231 5917 ίά)
266 5847 412 5921 Epist.
451 5858 511 5910 ad
540 5847 847 5912 Pantiniach

1723 621 1784 659 ac
1813 606 1972 660 veluti
2002 608 2163 661 credis
2199 623 2343 673 rcus,
2367 611 2577 664 demum
2598 610 3055 680 saxisimpctitus,
3086 617 3291 684 patien-

1723 703 1806 748 ter
1846 695 1997 762 tulit,
2034 698 2218 751 diceus
2264 715 2384 753 cum
2440 701 2716 770 Stephano
2752 719 2765 756 :
2800 702 3051 768 Domine,
3088 723 3149 759 ne
3181 717 3292 760 sta-

1722 795 1840 839 tuas
1868 787 1973 839 illis
2011 787 2107 841 hoc
2147 791 2501 856 pertritum",
2535 793 2726 846 uheres
2752 791 3148 849 benedictioues
3193 813 3291 866 pro

1720 878 2021 932 maledictis
2052 882 2312 947 rependit,
2335 898 2431 949 pro
2456 884 2894 949 persecutoribus
2920 902 3103 953 preces
3132 888 3289 943 fudit.

1722 968 1890 1022 Tanta
1952 972 2204 1037 patientia
2291 974 2643 1040 complurium
2702 976 3029 1043 perditorum
3081 978 3291 1034 animos

1721 1063 1825 1115 sibi
1848 1064 2181 1126 conciliavit,
2210 1065 2371 1128 idque
2429 1077 2750 1119 consecutus
2791 1078 2871 1121 est
2906 1080 2960 1120 ut
2993 1071 3165 1123 victos
3195 1072 3291 1124 lto-

1720 1162 1832 1205 διεδ
1862 1153 1927 1203 ad
1958 1152 2277 1206 catholicam
2309 1155 2466 1206 lidt-m
2498 1155 2923 1216 amplectendam
2952 1171 3288 1227 provocarat.

1721 1242 1850 1309 Qua:
1876 1245 2117 1312 profecto
2145 1262 2232 1299 res
2264 1246 2569 1300 hominibus
2600 1249 2797 1299 nostris
2831 1248 3150 1302 documento
3171 1265 3289 1304 esse

1721 1338 1903 1401 debet,
1939 1337 2063 1390 licet
2112 1339 2177 1390 ad
2226 1339 2617 1391 convertendus
2651 1338 2717 1391 ad
2767 1339 3039 1393 Christum
3079 1343 3288 1397 animas

1721 1430 1921 1499 ingenii
1975 1445 2039 1483 ac
2103 1430 2367 1483 dcctrina:
2417 1430 2659 1496 ptwsidia
2716 1432 3288 1498 requiratttur,tamett

1728 1530 2015 1586 conspecta
2065 1522 2186 1574 vita:
2240 1535 2558 1587 mormnque
2598 1521 2905 1577 innocentia
2951 1533 3003 1575 ct
3036 1524 3286 1591 patientia

1720 1612 1838 1681 plus
1869 1613 2036 1667 multo
2074 1628 2234 1683 quam
2265 1613 2463 1667 litteris
2507 1621 2601 1667 aut
2648 1616 3140 1670 concertationibus
3166 1631 3290 1685 pro-

1720 1701 1824 1755 fici.

1722 1810 2035 1884 CX_.\'XV'll_.
2088 1809 2369 1866 Permotus
2402 1813 2642 1883 Gregorii
2681 1814 2822 1881 fama
2862 1813 3238 1884 Hieronymus.
3262 1832 3290 1868 α

1796 1880 1954 2002 εις-ια
1986 1880 2523 1953 (ἱοηδίαιιίὶιιομοίὶηί
2547 1880 2714 1949 venit,
2744 1895 2799 1937 ut
2839 1884 2951 1952 ejus
2991 1880 3083 1952 ﬁat
3126 1889 3288 1939 disci.

1787 1967 1855 2018 pu
1883 1968 1961 2006 us.
2162 1958 2169 1971 '
2866 1963 2873 1969 ’

1793 2063 1895 2119 Τοι
1924 2073 1978 2119 et
2013 2074 2118 2120 tam
2151 2066 2408 2136 prmclare
2450 2067 2642 2139 pieque
2682 2070 2842 2123 rebus
2890 2069 3057 2137 gestis
3085 2068 3290 2140 (ἕνεκοο

1721 2155 1786 2211 rii
1824 2157 1962 2211 fama
1989 2158 2147 2227 longe
2185 2159 2398 2229 lateque
2426 2159 2615 2213 diﬂ'usa
2646 2168 2749 2224 est,
2776 2162 2910 2213 adeo
2932 2171 2989 2212 ut
3031 2160 3291 2231 Hierony-

1721 2262 1844 2301 tnus
1877 2263 1907 2301 e
1937 2247 2115 2317 Syria,
2161 2258 2266 2301 tam
2304 2248 2597 2316 longinquo
2628 2258 2892 2301 terrarum
2932 2250 3127 2315 spatio,
3148 2248 3286 2302 Con:
3366 2308 3383 2321 __

1720 2338 2125 2409 stantiuopulitn
2156 2355 2214 2393 se
2244 2340 2584 2393 contulerim
2610 2339 2716 2393 Res
2745 2340 2901 2407 plane
2935 2339 3293 2395 admiratione

1721 2413 1878 2501 digna
1903 2444 2008 2493 est,
2042 2448 2061 2481 ι
2099 2439 2157 2483 ιιι
2179 2445 2299 2483 cum
2328 2430 2560 2482 Barouio
2599 2430 2790 2498 loquar
2817 2428 2910 2499 (τ),
2942 2446 2960 2479 ι
2995 2428 3290 2493 hominem,

1720 2537 1881 2592 quem
1935 2521 2004 2575 ob
2058 2521 2321 2590 insignem
2353 2521 2716 2574 eruditionem
2758 2519 3104 2574 consulerent
3136 2519 3294 2575 Occi-

1720 2611 1965 2665 dentales
1996 2612 2258 2679 episcopi,
2294 2612 2382 2680 qui
2414 2613 2598 2665 orbem
2632 2612 2871 2675 doceret,
2902 2622 3006 2665 tam
3058 2612 3212 2679 longa
3240 2621 3295 2665 et

1721 2706 1953 2760 dillirilia
2013 2704 2209 2758 itinera
2259 2718 2595 2772 peragrasse,
2635 2713 2691 2755 ut
2721 2703 2964 2770 Gregorii
2996 2712 3295 2756 lllt'l't’l'ellll'

1720 2812 1839 2851 esse
1862 2796 2100 2861 auditor,
2140 2810 2204 2850 ac
2238 2796 2338 2853 sub
2372 2806 2521 2848 tauto
2553 2796 2810 2863 magistro
2842 2805 3018 2861 posset
3054 2792 3294 2863 profiteri

1720 2887 2077 2956 discipulum;
2122 2887 2247 2939 inde
2286 2886 2387 2939 sibi
2445 2902 2713 2939 summum
2761 2886 2943 2953 glorize
2970 2888 3132 2939 decus
3164 2900 3296 2938 eon-

1721 2981 2027 3033 ciliatttrum
2054 2977 2375 3031 existimans
2400 2991 2521 3030 cum
2544 2976 2855 3029 accessione
2877 2978 3157 3029 doctrinm.
3181 2974 3292 3028 luto

1722 3087 1787 3126 co
1828 3070 2065 3132 nomine,
2096 3080 2155 3122 ιιι
2206 3068 2477 3136 regalibus
2524 3067 2843 3136 quibusdam
2894 3068 3193 3135 insignibus
3230 3080 3295 3119 ac

1720 3160 2130 3229 prtctlarissinto
2160 3160 2395 3229 quodam
2429 3169 2749 3212 ornamento
2770 3197 2784 3221 ,
2820 3158 3035 3223 gloriari
3068 3170 3295 3210 consue-

1718 3253 1811 3305 vit.
1832 3270 1849 3301 t
1885 3251 1995 3319 Ego
2021 3265 2086 3304 eo
2109 3251 2367 3317 magistro
2397 3249 2666 3316 glorioret
2695 3249 2931 3313 exsulto,
2965 3267 2983 3298 ι
3008 3250 3192 3314 inquit.
3228 3246 3294 3301 Ει

1717 3344 1783 3396 ad
1816 3340 2218 3394 Pammachium
2250 3339 2495 3392 scribens
2521 3337 2620 3407 (tt).
2669 3352 2729 3391 se
2772 3352 2837 3391 eo
2875 3322 3177 3403 explicante
3200 3352 3286 3390 sa-

1717 3450 1838 3487 cras
1870 3433 2123 3486 didicisse
2176 3432 2489 3499 Scripturas
2541 3430 2773 3483 allirmat
2794 3468 2809 3493 ,
2840 3444 3068 3496 emtique.
3101 3443 3295 3497 prece-

1718 3535 1923 3594 ptoretu
1976 3538 2134 3577 suum
2190 3521 2444 3590 appellat.
2486 3521 2790 3589 l‘rzeccptor
2817 3521 3086 3587 quondam
3115 3535 3290 3582 meus.

1716 3604 2020 3683 Gregorius
2049 3612 2457 3677 Nazianzenus,
2511 3612 2726 3678 inquit,
2761 3620 2977 3678 rogatus
3028 3625 3059 3661 ει
3104 3625 3190 3663 me
3235 3621 3293 3662 ut

1716 3714 2005 3776 exponeret
2032 3705 2158 3773 quid
2199 3704 2299 3756 sibi
2336 3703 2493 3756 vellet
2539 3704 2590 3755 in
2642 3701 2781 3754 Luca
2817 3701 2885 3768 (ε)
2917 3700 3290 3773 δευτερόπρω-

1715 3816 1805 3852 τον
1833 3798 2106 3862 eleganter
2154 3794 2284 3847 lusit
2314 3811 2327 3847 :
2369 3812 2387 3843 ι
2425 3792 2637 3846 Docebo
2670 3801 2742 3859 te,
2773 3812 2791 3842 ι
2835 3790 3105 3859 inquiens,
3136 3808 3153 3841 t
3195 3805 3290 3843 su-

1716 3904 1813 3958 per
1866 3890 1967 3941 hac
2011 3903 2068 3940 re
2116 3886 2167 3939 in
2201 3884 2462 3947 ecclesia,
2507 3884 2559 3938 in
2593 3899 2696 3952 qua
2734 3883 2863 3936 mihi
2912 3882 3055 3936 omni
3098 3881 3292 3951 populo

1715 3981 2069 4041 acclamante,
2113 3978 2321 4046 cogeris
2367 3977 2566 4029 invitus
2601 3976 2742 4029 scire
2770 3973 2911 4043 quod
2950 3974 3160 4037 nescis;
3195 3981 3292 4026 aut

1715 4082 1863 4130 certe
1890 4071 1935 4124 si
1976 4070 2122 4125 solus
2168 4070 2420 4129 tacueris,
2465 4067 2609 4122 solus
2647 4068 2713 4121 ab
2762 4066 3011 4119 omnibus
3051 4063 3292 4117 stultitia:

1716 4162 2177 4217 condemnaberis.
2220 4181 2241 4213 ι
2270 4161 2385 4228 Quo
2420 4172 2656 4227 tempore
2694 4158 2999 4212 adlncrcbat
3031 4155 3292 4225 Gregorio

1719 4254 2101 4325 Hieronymus,
2140 4263 2290 4306 lauto
2311 4252 2445 4306 duce
2477 4266 2539 4302 ac
2569 4249 2822 4316 magistro
2850 4246 3289 4299 obscurissimam

1716 4349 1976 4402 visioaem
2002 4346 2145 4398 illaut
2176 4345 2325 4398 Isaia:
2366 4344 2431 4398 de
2477 4341 2758 4408 Seraphim
2792 4352 3084 4407 exponere.
3114 4344 3289 4390 tenta-

1718 4442 1814 4505 vit,
1840 4448 1898 4492 ttt
1938 4440 1983 4492 is
2030 4438 2144 4508 ipse
2176 4438 2357 4490 verbis
2390 4446 2616 4489 trsmtur
2651 4432 2719 4501 (Γ)
2751 4448 2763 4482 :
2794 4450 2813 4482 ‹
2850 4431 2921 4483 De
2958 4431 3058 4485 hac
3086 4429 3291 4483 visione

1715 4541 1837 4586 ante
1864 4545 2034 4583 annos
2080 4529 2301 4582 circiter
2335 4526 2580 4595 triginta,
2622 4537 2743 4575 cum
2777 4519 3291 4593 essetuCoustanti-

1716 4622 1917 4691 ttopoli,
1949 4630 2002 4675 et
2054 4621 2192 4688 apud
2224 4620 2397 4670 virum
2437 4612 2941 4682 eloquentissimum
2973 4611 3287 4679 Gregorium

1716 4716 2137 4773 Nazianzeuum,
2165 4719 2290 4763 tunc
2321 4707 2437 4774 ejus
2468 4707 2619 4758 urbis
2665 4704 2974 4773 cpiscopqu
3018 4710 3285 4763 sanctum,
3362 4733 3366 4736 ι

1720 4805 2117 4872 Scripturarum
2147 4801 2339 4854 studiis
2380 4798 2648 4859 erudircr,
2682 4795 2793 4847 scio
2832 4807 2915 4844 me
2948 4792 3165 4844 brevem
3212 4790 3290 4844 di-

1723 4909 1899 4953 ctasse
1932 4893 2277 4962 subitumque
2307 4898 2626 4950 tractatum,
2654 4896 2710 4938 ιιι
2743 4883 3172 4951 experimentum
3199 4895 3288 4935 ca-

1717 5004 1899 5059 perent
1951 4984 2206 5053 ingenioli
2254 4982 2395 5045 mei,
2446 4989 2501 5034 et
2534 4977 2724 5032 amicis
2766 4976 3079 5044 jubentihus
3106 4971 3288 5026 obedi-

1720 5097 1853 5135 rcm.
1889 5099 1907 5133 ι
1958 5079 2255 5147 Episcopus
2303 5088 2431 5142 ergo
2479 5083 2604 5126 tunc
2652 5067 3090 5137 eratGrcgorius
3138 5064 3287 5119 Cou-

1718 5172 2119 5241 stantiuopolis,
2160 5186 2281 5225 euut
2333 5183 2397 5221 eo
2429 5169 2687 5233 magistro
2738 5178 2866 5218 usus
2898 5169 2981 5214 est
3021 5158 3287 5226 Ilii-rooy-

1720 5284 1873 5330 mus,
1916 5276 1972 5319 ut
2019 5266 2132 5334 ipse
2185 5262 2382 5316 asserit
2424 5277 2440 5326 ;
2482 5260 2569 5329 qui
2616 5259 2658 5312 si
2708 5258 2760 5309 in
2816 5257 2956 5309 hanc
2992 5250 3179 5304 urbem
3227 5263 3285 5302 se

1720 5359 2012 5414 contulerit
2040 5371 2181 5411 anno
2210 5354 2335 5417 579,
2366 5362 2426 5408 ut
2455 5360 2608 5422 putat
2631 5348 2917 5410 Baronius,
2947 5355 3168 5397 necesse
3200 5349 3285 5394 est

1789 5634 1859 5701 (e)
1903 5634 2141 5688 Primum
2175 5646 2203 5684 a
2249 5631 2349 5701 die
2383 5631 2621 5701 secundo
2674 5642 3025 5701 azymorum;
3074 5624 3142 5701 ab
3180 5624 3282 5679 hoc

1717 5695 1859 5760 enim
1892 5705 1980 5758 die
2000 5714 2201 5772 septem
2226 5700 2484 5764 Sabbata,
2516 5699 2629 5755 sive
2660 5695 2793 5770 sept.
2818 5695 3164 5754 hebdomadas
3183 5711 3281 5749 nu-

1716 5776 1980 5829 morantia!
1998 5779 2169 5827 erant.

1785 5844 1850 5915 (ί)
1890 5844 2094 5917 Comm.
2121 5844 2172 5895 in
2204 5841 2339 5907 Isai.
2370 5855 2415 5893 c.
2452 5840 2509 5901 ϐε
