3824 6394
440 270 546 328 219

1747 267 1907 324 VITA
1952 268 2009 324 S.
2050 269 2395 327 GREGORH.

439 395 501 438 ut
544 383 716 437 tribus
768 382 881 437 fere
925 382 1081 436 annis
1121 380 1175 435 in
1220 382 1322 438 bac
1356 384 1490 439 urbe
1530 392 1803 439 versatum
1849 384 2016 437 fuisse
2043 392 2089 447 Α
2120 395 2343 441 teretur.
2381 386 2565 440 Redux
2619 402 2682 440 ex
2728 386 2958 449 itinere,
2999 386 3380 455 benignissime
3421 386 3615 441 lterum
3645 401 3672 442 ι

444 474 825 543 Hieronymum
886 473 1247 527 concedamus
1297 492 1310 526 :
1356 489 1497 530 anno
1569 474 1833 544 siquidem
1908 474 2005 529 581

440 563 734 635 Gregorius
770 561 925 632 hujus
977 564 1127 616 urbis
1165 564 1420 619 Ecclesize
1466 566 1750 634 pra-fectus
1788 575 1870 619 est
1902 567 2013 633 epi~

443 672 661 728 scopus.
695 657 750 711 ld
780 671 882 709 non
908 672 1050 726 mgre
1092 657 1322 711 Baronio
1355 659 1793 725 concederemus,
1827 658 1869 712 si
1905 673 2016 711 sua:

444 750 719 817 opinionis
765 749 949 804 ﬁrmas
999 748 1218 803 aﬁ'erret
1274 751 1559 815 rationes;
1601 764 1784 803 verum
1843 750 2015 805 nullas

447 840 622 898 aﬁert.

443 972 770 1033 CXXXVIII.
803 974 919 1028 Orti
955 975 1092 1027 inter
1130 976 1446 1029 orthodoxa:
1476 976 1683 1029 diuidii
1722 979 2014 1041 occasione,

512 1046 741 1098 ha-retici
802 1047 953 1116 ipsis
984 1046 1271 1099 iusultandi
1319 1063 1503 1099 arceant
1551 1049 1842 1115 arripiunt,
1889 1064 2015 1116 quos

512 1116 795 1185 Gregorius
827 1115 1039 1184 refellit.

512 1247 722 1303 Interea
764 1250 1043 1303 dissidium
1088 1250 1233 1303 inter
1267 1250 1600 1303 orthodoxos
1638 1250 2022 1305 Constantino-

445 1338 551 1408 poli
579 1350 828 1392 exortum
866 1350 971 1405 est,
1008 1340 1148 1393 unde
1175 1341 1305 1407 ipsis
1345 1339 1637 1393 insultandi
1667 1356 1853 1394 atisam
1880 1342 2019 1394 arri-

444 1432 665 1501 piebant
713 1432 986 1496 lueretici,
1019 1448 1155 1497 quos
1212 1432 1425 1501 gemina
1482 1432 1726 1484 oratione
1769 1431 1847 1485 De
1895 1449 2020 1498 pace

444 1523 637 1577 refellit
672 1521 994 1592 Theologus.
1023 1521 1307 1575 Dissidinm
1366 1522 1491 1574 illud
1534 1537 1637 1574 non
1674 1522 1816 1575 aliud
1860 1523 2016 1577 nobis

444 1616 658 1669 videtur
691 1617 890 1679 fuisse,
935 1632 1093 1684 quam
1148 1615 1342 1669 Meletii
1376 1624 1430 1668 et.
1478 1615 1683 1667 Paulini
1720 1615 1784 1667 de
1824 1616 2017 1669 Antio-

2118 476 2379 547 Gregorio
2442 479 2753 546 suscipitur,
2805 478 2947 533 inter
2995 480 3198 533 amicos
3248 486 3588 538 numeratur,
3626 487 3674 533 et

2114 571 2393 627 beneﬁciis
2434 573 2753 626 cumulatur.
2790 572 3221 639 Falliturtamen
3261 572 3506 642 Gregorii
3566 571 3673 625 tite

2113 664 2361 729 scriptor,
2381 680 2499 727 cuin
2525 665 2600 717 ait
2622 663 2909 719 Maximum
2925 663 2992 718 ab
3013 664 3139 717 eoin
3160 663 3360 718 clerum
3387 663 3672 731 ascriptum

2061 789 2072 811 .
2114 754 2300 809 fuisse.
2328 755 2477 809 Tune
2518 756 2660 809 enim
2705 756 2935 824 primum
2983 754 3242 823 prolixam
3273 769 3483 809 comam
3516 754 3673 822 depo-

2116 847 2247 910 suit,
2285 861 2407 899 cum
2439 846 2723 916 episcopus
2749 862 2778 899 a
2808 848 2919 902 suis
2948 845 3045 901 luit
3075 848 3369 901 ordinatus.

2118 998 2277 1061 CXL,
2298 998 2477 1051 CXLI.
2510 998 2821 1068 Gregorium
2848 1015 2875 1052 e
2904 1016 3000 1068 sua
3031 1015 3151 1052 seae
3171 1000 3445 1052 deturbare
3471 1014 3676 1062 eamque

2187 1070 2429 1122 invadere
2459 1079 2621 1120 teutat
2652 1068 2937 1122 Maximus.
2971 1067 3102 1124 Cum
3134 1086 3283 1121 suum
3320 1071 3486 1120 scelus
3524 1068 3675 1135 perfi-

2192 1150 2323 1190 ceret
2360 1138 2651 1199 Maximus,
2682 1142 2923 1207 operique
2951 1140 3285 1203 incumberet,
3314 1137 3673 1207 deprehensus,

2190 1209 2385 1277 ejectus
2414 1219 2488 1262 es!
2518 1209 2746 1262 civitate.

2188 1341 2392 1408 Quibus
2434 1341 2569 1396 dolis
2611 1352 2665 1397 et
2697 1342 2971 1397 fraudibus
3016 1341 3278 1396 nefarium
3319 1341 3465 1397 istud
3499 1340 3674 1395 consio

2120 1434 2273 1499 lium,
2324 1436 2466 1503 quod
2514 1433 2624 1500 jam
2669 1430 2973 1489 dirimente
3022 1443 3363 1500 conceperat,
3416 1433 3677 1502 perﬁcere

2119 1534 2345 1578 conatus
2373 1524 2441 1577 sit
2482 1525 2641 1577 homo
2676 1525 3065 1593 nequissimus,
3101 1524 3255 1593 longe
3286 1523 3498 1590 lateque
3560 1538 3679 1591 pro-

2119 1615 2369 1684 sequitur
2404 1614 2695 1681 Gregorius
2729 1616 2780 1667 in
2810 1618 3050 1669 carmine
3083 1613 3159 1667 De
3208 1615 3311 1667 vita
3356 1630 3453 1666 sua
3477 1629 3495 1666 :
3532 1615 3680 1669 nobis

445 1708 621 1762 chcno
650 1710 958 1775 episcopatu
1016 1706 1310 1772 contentio,
1348 1707 1499 1775 cujus
1545 1721 1707 1759 causa
1746 1722 1849 1759 non
1892 1709 2020 1760 urbs
2049 1730 2092 1789 Β
2122 1714 2203 1756 sat
2249 1704 2353 1757 erit
2404 1719 2614 1757 summa
2666 1718 2843 1757 rerum
2893 1705 3045 1772 sequi
3101 1704 3335 1773 fastigia.
3389 1703 3677 1773 Postquam

446 1801 613 1852 modo
634 1800 1253 1869 Constantinopolitana,
1286 1813 1468 1851 verum
1515 1799 1675 1851 etiam
1709 1799 1855 1852 orbis
1897 1799 2017 1852 uni-

446 1904 638 1945 versus
672 1891 943 1945 contraria
986 1891 1037 1943 in
1085 1890 1259 1944 studia
1301 1889 1666 1943 scindebatur.
1704 1890 1775 1943 De
1806 1889 1890 1943 his
1925 1890 2007 1941 di-

447 1994 594 2037 ctum
623 1984 755 2037 satis
778 1983 832 2036 in
867 1984 1067 2035 monito
1092 1983 1156 2034 ad
1178 1993 1462 2049 utramque
1490 1982 1817 2043 orationem;
1850 1983 2021 2036 amba:

445 2074 589 2127 enim
624 2082 749 2127 sunt
778 2075 843 2126 de
882 2074 1068 2125 eodem
1104 2080 1444 2141 argumento.
1493 2071 1676 2125 Altera
1706 2070 2013 2139 Theologns

446 2164 512 2218 ad
543 2180 727 2232 pacem
757 2165 1130 2217 dissentientes
1162 2164 1406 2217 bortatur
1427 2202 1443 2227 ,
1474 2162 1642 2215 altera
1668 2162 2017 2232 compositam

446 2270 631 2323 pacem
692 2255 1014 2324 gratulatur.
1064 2256 1213 2308 Alias
1263 2256 1544 2307 orationes
1603 2254 1790 2308 habuit
1830 2255 2018 2308 eodem

444 2361 587 2400 anno
621 2346 725 2400 379
757 2345 1083 2413 Gregorius,
1119 2346 1213 2400 sed
1244 2347 1309 2399 de
1339 2345 1423 2399 his
1453 2345 1787 2399 commodius
1816 2346 1868 2399 in
1914 2360 2023 2399 mo-

447 2435 581 2490 nitis
619 2435 812 2504 cuique
837 2436 1070 2504 praeviis.

444 2566 730 2623 CXXXIX.
755 2600 825 2610 ——-
858 2566 1123 2621 Maximus
1148 2568 1483 2634 pltilosOplms
1511 2566 2019 2635 Constantinopolim

517 2642 667 2692 renit.
733 2639 862 2703 Quis
917 2649 965 2689 et
1002 2640 1173 2706 qualis
1212 2638 1494 2692 Maximus.
1533 2639 1906 2703 Beuiguissime
1933 2656 2022 2690 e1:-

520 2710 711 2772 cipitur
750 2726 780 2759 α
830 2706 1102 2774 Gregorio,
1149 2725 1295 2773 queat
1340 2710 1474 2760 dolis
1524 2720 1568 2761 et
1620 2710 1903 2761 mendaciis
1943 2710 2021 2762 ita

518 2779 724 2845 decipit,
762 2788 814 2829 ut
846 2779 898 2829 in
931 2780 1043 2845 ejus
1074 2778 1281 2830 laudent
1313 2778 1551 2830 habuerit
1612 2780 1926 2831 orationem.

525 2889 665 2943 Acto
696 2898 770 2944 tot
811 2890 1225 2959 tempestatibus
1262 2890 1526 2958 Gregorio
1553 2891 1654 2943 alia
1691 2892 1866 2945 adhuc
1899 2908 2019 2960 gra-

453 2980 575 3034 vior
619 2988 673 3034 et
713 2980 992 3034 moleStior
1026 2982 1379 3048 supervenit:
1410 2983 1475 3034 de
1512 2982 1868 3035 turbamentis
1918 2982 2020 3036 Ec-

2124 1795 2406 1859 Maximus,
2437 1794 2510 1865 (b)
2556 1812 2575 1845 t
2607 1796 2809 1862 peritus
2860 1796 3124 1849 scelerum
3156 1794 3350 1848 artifex
3398 1804 3455 1849 et
3482 1797 3683 1850 machi-

2122 1894 2299 1950 nator,
2328 1903 2347 1936 ι
2394 1886 2507 1938 suis
2557 1885 2851 1939 mendaciis
2902 1886 3261 1939 circumvenit
3307 1884 3677 1953 Tlteulognm,

2122 1980 2294 2030 virum
2354 1978 2673 2043 candidum,
2732 1978 2953 2032 minime
3017 1978 3387 2046 suSpicacem,
3458 1978 3683 2049 aliisque

2122 2069 2277 2138 longe
2327 2069 2533 2122 artibus
2595 2080 2911 2137 occupatum
2958 2079 3013 2123 et
3062 2080 3367 2133 assuetum,
3414 2083 3509 2122 sua
3562 2084 3680 2124 eum

2122 2161 2250 2214 sedc
2298 2159 2610 2221 deturbare,
2641 2167 2695 2213 et
2725 2175 2842 2212 eam
2897 2160 3149 2213 invadere
3183 2161 3516 2227 aggreditur.
3551 2157 3682 2215 Huic

2119 2265 2177 2303 se
2231 2249 2457 2302 facinori
2512 2259 2830 2318 aptaverat,
2877 2252 3170 2303 avertendo
3220 2250 3479 2317 paulatim
3548 2265 3683 2304 non-

2122 2342 2299 2396 nullos
2339 2357 2367 2394 a
2415 2340 2700 2408 Gregorio,
2728 2356 2864 2404 quos
2910 2342 2976 2393 ab
3010 2341 3127 2409 ipso
3165 2340 3370 2395 alienos
3417 2349 3681 2404 noverat;

2122 2434 2443 2487 asciscendo
2473 2434 2574 2488 sibi
2627 2433 2850 2487 sceleris
2896 2444 3204 2486 consortem
3248 2447 3280 2486 e
3310 2432 3554 2503 Gregorii
3598 2448 3686 2487 sa-

2123 2525 2435 2579 cerdotibus
2482 2540 2679 2587 unmn,
2730 2525 2950 2578 natione
2991 2523 3279 2578 barbarum
3312 2532 3367 2578 et
3423 2525 3684 2589 moribus,

2123 2617 2213 2685 qui
2266 2617 2393 2670 licet
2444 2615 2725 2670 beneficiis
2770 2630 2799 2667 a
2846 2613 3112 2683 Gregorio
3145 2614 3472 2679 cumulatus.
3517 2616 3684 2671 veteri

2122 2708 2173 2762 in
2208 2722 2333 2762 eum
2368 2708 2494 2762 odio
2525 2718 2573 2762 et
2614 2706 2812 2761 invidia
2864 2708 3143 2760 urebatur.
3184 2704 3247 2759 Hi
3285 2707 3446 2760 ambo
3490 2706 3686 2776 ingrati

2121 2810 2307 2854 contra
2347 2799 2667 2865 Gregorium
2704 2815 2807 2863 una
2846 2798 3164 2867 conjurant;
3204 2798 3352 2852 viros
3396 2797 3686 2852 seditiosos

2125 2903 2178 2947 et
2208 2894 2272 2945 ad
2331 2893 2608 2961 quodlibet
2656 2892 2832 2945 scelus
2861 2898 3108 2959 paratos,
3138 2898 3435 2957 nautasque
3478 2896 3692 2957 emptos

2121 2984 2346 3052 pecunia
2384 2983 2448 3035 ad
2497 2998 2555 3036 se
2602 2990 2921 3036 convocant.
2980 2979 3269 3034 Pecuniam
3325 2980 3691 3049 suppeditavit

449 3069 629 3124 clesiae
693 3069 1307 3139 Constattlinnpolilattm
1361 3086 1390 3123 a
1460 3070 1696 3125 Maximo
1770 3073 2090 3138 excitatisc
2122 3077 2338 3145 quidam
2396 3075 2698 3146 presbyter,
2743 3075 2832 3142 qui
2884 3086 2947 3127 ex
2985 3072 3133 3133 Naxo
3176 3072 3344 3127 insula
3380 3072 3692 3126 Constanti-

448 3175 591 3214 anno
616 3160 721 3215 580
752 3162 1041 3231 loquimur.
1100 3161 1398 3216 La-tissima
1444 3164 1661 3232 quidem
1702 3163 1860 3233 hujus
1890 3164 2016 3216 anni

404 3291 414 3301 .
449 3255 663 3308 fuerant
694 3255 866 3308 initia.
897 3252 974 3325 (η)
1016 3254 1358 3309 Theodosius
1396 3255 1710 3323 imperator,
1762 3257 1874 3323 jam
1925 3258 2020 3309 de-

448 3348 658 3403 bellatis
710 3350 957 3401 hostibus
1013 3348 1333 3416 ﬁrmatoque
1373 3348 1543 3411 solio,
1596 3349 2021 3423 baptizatus‘ab

445 3439 700 3492 Ascholio
743 3437 1213 3492 Thessalonicensi
1274 3439 1529 3508 episeopo
1572 3440 1863 3500 catholico,
1905 3438 2022 3507 lege

448 3533 569 3583 data
607 3531 676 3585 ‘28
708 3531 1019 3597 Februarii,
1074 3532 1231 3585 Iidem
1288 3546 1449 3599 quam
1506 3530 1766 3584 Damasus
1817 3531 2019 3597 Horum,

384 3632 389 3637 ’
447 3618 641 3674 Petrus
672 3621 1011 3674 Alexandriae
1063 3625 1462 3687 profiterentur,
1494 3622 1777 3673 tenendam
1819 3636 2016 3673 sanxe-

452 3723 555 3767 rat.
603 3712 816 3766 blutatis
861 3713 912 3765 in
953 3712 1146 3765 melius
1187 3710 1590 3765 Catholieorum
1628 3710 1809 3771 rebus,
1840 3710 2017 3778 aliqua

449 3805 712 3872 Gregorio
743 3820 865 3871 spes
901 3815 1019 3857 erat
1053 3819 1110 3855 se
1144 3802 1358 3854 tandem
1394 3816 1525 3871 pace
1559 3801 1871 3863 fruiturum,
1899 3818 2020 3855 cum

452 3896 715 3949 Maximus
753 3912 943 3949 novam
982 3906 1037 3948 et
1082 3894 1531 3964 periculosiorem
1576 3894 1779 3947 excitat
1813 3904 2018 3963 tempe-

449 3998 665 4044 statem.
713 3987 895 4041 Patria
923 3988 968 4042 is
1012 3987 1413 4040 Alexandrinus
1449 3995 1587 4050 erat,
1635 3985 2019 4055 philosophus,

450 4087 599 4131 secta
650 4080 905 4145 cynicus,
958 4078 1335 4148 professione,
1398 4078 1582 4132 habitu
1640 4086 1695 4131 et
1755 4080 2018 4141 moribus.

450 4169 969 4237 Constantinopolim
1009 4178 1255 4230 venerat,
1290 4167 1473 4221 habitu
1503 4168 1769 4237 corporis,
1802 4168 2021 4234 baculo,

452 4260 635 4329 pallio,
677 4260 840 4312 barba
888 4270 942 4313 et
987 4262 1201 4327 prolixa
1244 4275 1395 4314 coma
1448 4271 1730 4315 ostentans
1781 4260 2020 4328 philoso-

452 4352 637 4417 pbnm,
689 4351 865 4405 verbis
916 4360 1093 4403 autem
1153 4350 1570 4417 Christianum;
1618 4362 1912 4422 martyrum
1964 4351 2025 4405 ﬁ-

2126 3167 2357 3237 nopolim
2388 3178 2608 3221 venerat
2639 3166 2705 3219 ad
2735 3166 2991 3219 emendas
3029 3180 3124 3235 pro
3174 3164 3417 3218 ecclesiae
3450 3178 3567 3217 sua:
3597 3178 3689 3217 usu

2126 3260 2410 3313 marmoris
2466 3257 2773 3313 I’roconesii
2826 3256 3056 3314 tabulas.
3106 3256 3322 3309 Petrum
3369 3253 3691 3308 Alexandri-

2124 3367 2249 3405 num
2294 3366 2321 3403 a
2359 3349 2617 3420 Gregorio
2659 3348 2946 3413 divellunt,
2983 3357 3037 3401 et
3076 3347 3127 3400 in
3174 3362 3323 3399 suam
3367 3344 3693 3400 sententiam

2124 3443 2473 3511 pertrahunt;
2512 3440 2750 3502 Petrum,
2810 3438 3067 3506 inquam,
3118 3436 3412 3500 abducunt,
3463 3435 3693 3503 suisque

2127 3532 2405 3585 frainlibns
2467 3530 2788 3598 perﬁciunt,
2841 3540 2896 3581 ut
2953 3527 3041 3597 qui
3102 3542 3196 3596 per
3265 3526 3471 3579 litteras
3524 3540 3696 3592 nuper

2125 3624 2437 3694 Gregorium
2469 3622 2716 3677 Ecclesia:
2749 3619 3352 3686 Constantinopolitanae
3380 3617 3691 3685 episcopum

2124 3716 2460 3786 prml'eccrat,
2494 3713 2619 3767 huic
2668 3712 2919 3766 Ecclesiae
2952 3711 3260 3773 Maximum,
3307 3710 3521 3779 abjeeto
3553 3708 3691 3763 Gre-

2125 3808 2297 3879 gorio,
2333 3808 2605 3874 prmticere
2636 3804 2863 3869 laboret,
2893 3805 3176 3871 mittatqne
3218 3803 3499 3870 episeolios
3529 3799 3698 3871 Egy-

2126 3900 2290 3969 ptios,
2337 3900 2428 3965 qui
2464 3898 2828 3965 episcopatum
2883 3896 2957 3949 illi
3012 3895 3323 3949 decernant.
3359 3892 3451 3946 His
3486 3894 3564 3946 ita
3604 3908 3697 3963 pa-

2131 3990 2281 4053 ratis,
2319 3988 2429 4059 jam
2465 3988 2605 4041 facto
2630 4002 2764 4056 opus
2813 3994 2951 4048 erat,
2988 3993 3043 4036 et
3080 3994 3318 4037 extrema
3351 3982 3568 4043 sceleri,
3606 3995 3697 4035 seu

2132 4080 2329 4148 iniqua.-
2363 4077 2646 4137 molitioni,
2680 4091 2871 4129 manus
2926 4075 3279 4128 admovenda.
3310 4072 3439 4126 Hem
3495 4087 3696 4141 aggre-

2129 4176 2349 4237 diuntur
2397 4188 2490 4240 per
2537 4171 2739 4225 amicas
2792 4169 2966 4223 noctis
3018 4167 3291 4229 tenebras,
3335 4174 3696 4233 opportunam

2128 4263 2267 4317 nacti
2297 4262 2657 4324 occasionem,
2704 4274 2823 4313 cum
2855 4257 3145 4327 Gregorius
3194 4255 3246 4309 in
3283 4256 3529 4307 morbum
3567 4252 3698 4305 inei-

2128 4355 2316 4407 disset.
2368 4352 2660 4406 Ecclesiam
2711 4347 2998 4410 invadunt,
3037 4346 3325 4400 Maximum
3361 4355 3698 4397 consecrare

452 4443 617 4503 lium,
660 4455 825 4509 sitque
875 4454 1164 4512 martyrem
1222 4443 1512 4512 jactitans;
1564 4444 1843 4498 catholirie
1902 4445 2019 4498 ﬁdei
2058 4472 2097 4525 ο
2131 4457 2184 4499 et
2216 4446 2267 4499 in
2301 4444 2489 4499 solimn
2524 4442 2789 4497 collocare
2825 4438 3104 4493 festinant.
3131 4437 3285 4491 Prius
3316 4444 3490 4487 tamen
3530 4448 3696 4504 quam

453 4548 614 4585 causa
655 4534 969 4587 verberibus
1008 4550 1229 4597 czesum,
1278 4544 1437 4601 atque
1486 4534 1537 4587 in
1603 4534 1769 4587 oasitn
1817 4546 2017 4588 vastam

454 4626 599 4679 illam
650 4625 995 4679 solitudinem
1051 4642 1109 4678 se
1166 4627 1459 4694 relegatum
1520 4625 1687 4679 fuisse
1739 4628 2018 4691 mentitus,

452 4732 572 4770 cum
630 4730 818 4769 revera
876 4718 943 4768 ob
1020 4714 1316 4767 t'unltssima
1385 4714 1589 4767 scelera
1650 4714 1706 4768 in
1771 4715 2018 4769 exsilium

453 4805 653 4859 missus
697 4815 873 4867 esset,
918 4816 974 4858 ut
1019 4804 1310 4874 Gregorius
1355 4815 1606 4859 testatur.
1656 4804 1793 4872 Quid
1834 4807 2025 4874 plura?

452 4895 743 4966 Gregorius
791 4898 927 4949 dolis
976 4908 1030 4950 et
1082 4898 1379 4952 mendaciis
1424 4900 1678 4966 deceptus
1727 4899 1869 4953 hunc
1918 4901 2021 4953 hu—

456 4986 772 5039 uiantissiiite
825 4996 1150 5054 exceperat,
1202 5002 1385 5040 mensa
1433 4996 1487 5039 et
1532 4996 1676 5041 tecto
1731 4987 2020 5057 dignatus,

453 5088 744 5131 veneratus
785 5088 841 5131 ut
892 5090 1219 5150 martyrem,
1268 5088 1323 5132 et
1376 5079 1587 5131 demum
1623 5094 1719 5145 pro
1765 5082 2025 5136 concione

456 5168 699 5224 Iandarat
738 5184 754 5224 :
803 5171 939 5224 dixit
986 5173 1130 5225 enim
1188 5174 1240 5225 in
1300 5172 1508 5224 laudem
1565 5172 1679 5239 ejus
1727 5173 2020 5227 orationem

456 5262 625 5327 illam,
663 5264 749 5319 cui
800 5265 983 5319 titulus
1017 5266 1070 5318 in
1116 5264 1327 5317 laudem
1376 5262 1623 5327 Neronis,
1675 5280 1796 5335 quae
1842 5264 2023 5320 forsan

454 5367 682 5409 exeunte
725 5370 866 5409 auirio
897 5357 1002 5412 579
1044 5358 1224 5411 habita
1270 5364 1372 5410 est.
1410 5354 1564 5408 Huric
1594 5355 1702 5409 alio
1748 5357 2023 5422 profestu-

458 5462 575 5503 rum
607 5450 814 5519 rogavit
842 5447 1159 5520 Gregorius,
1186 5458 1242 5503 ut
1272 5447 1798 5518 ConstantinOpolim
1829 5462 2013 5503 rever-

551 5702 605 5772 tr)
646 5699 775 5757 God.
806 5700 996 5755 Theod.
1028 5718 1137 5766 xvi,
1171 5718 1215 5756 c.
1254 5703 1301 5769 l,
1336 5701 1366 5753 1.
1400 5701 1454 5765 Ξ,
1489 5717 1539 5771 p.
1572 5700 1658 5755 ιδ.

2136 4535 2514 4597 absolvissent,
2556 4548 2643 4587 res
2676 4540 2781 4584 tam
2818 4529 3019 4583 nefaria
3071 4529 3323 4591 innotuit,
3369 4538 3695 4593 omnesque,

2132 4643 2234 4680 non
2274 4628 2430 4681 modo
2465 4626 2828 4685 ortltodoxos,
2858 4637 3041 4676 verum
3083 4620 3229 4686 ipsos
3270 4618 3431 4671 etiam
3464 4618 3702 4669 Arianos

2136 4718 2361 4770 horrore
2404 4713 2605 4769 allecit.
2634 4712 2971 4766 Concurrere
3020 4724 3207 4762 omnes
3256 4707 3322 4759 ad
3357 4705 3690 4765 ecclesiam,

2138 4807 2543 4877 deprehendunt
2608 4806 2658 4858 in
2729 4819 2865 4872 opus
2938 4803 3252 4871 peregrinos
3322 4798 3701 4851 incumbentes

2135 4904 2437 4970 episcopos,
2488 4899 2540 4951 in
2582 4912 2678 4951 eos
2720 4895 3077 4950 conclamant.
3106 4892 3309 4958 Quibus
3354 4888 3702 4943 conclaman-

2128 4994 2291 5055 tibus,
2327 4989 2598 5046 Maximns
2626 5003 2746 5041 cum
2786 4989 2899 5041 suis
2924 4985 3109 5053 eﬁ'ugit
3144 4981 3409 5053 Egyptiis
3440 5000 3452 5034 :
3489 4988 3615 5031 tum
3646 4978 3699 5031 iu

2129 5080 2401 5133 sordidam
2432 5070 2713 5130 Choraulze
2758 5074 3134 5129 domunculam
3173 5070 3421 5141 ingressi,
3466 5067 3699 5121 clancu-

2131 5173 2237 5227 Inm
2267 5169 2440 5225 scelus
2487 5168 2794 5221 inchoatum
2832 5168 3131 5220 absolvunt.
3164 5163 3289 5217 Haec
3326 5162 3427 5215 fuit
3468 5159 3701 5213 Maximi

2129 5262 2418 5323 ordinatio,
2445 5261 2534 5328 qui
2573 5260 2781 5313 furente
2824 5258 2996 5328 plebe,
3029 5267 3244 5325 totaque
3287 5256 3336 5308 in
3366 5268 3488 5308 eum
3539 5252 3699 5321 plau-

2129 5362 2237 5403 stra
2288 5348 2649 5401 conviciorum
2686 5345 3018 5407 ell‘undente,
3063 5345 3264 5413 ejectus
3308 5352 3391 5396 est
3449 5341 3699 5394 civitate.

2135 5440 2423 5512 llepulsam
2476 5453 2690 5510 quoque
2731 5452 2759 5491 a
2803 5436 3108 5491 Theodosio
3154 5448 3341 5506 passus
3387 5440 3490 5497 est,
3536 5443 3702 5501 quem

2218 5695 2290 5767 (b)
2330 5692 2607 5765 Carm._l)e
2648 5690 2761 5745 l’ita
2790 5706 2903 5755 tua,
2938 5705 2986 5742 v.
3022 5687 3170 5744 l000.
