  <div class='ocr_page' id='page_1' title='image "/cluster/home/n/w/nwhite01/storage/ocr_20150623/35/hvd.32044024473308/116.png"; bbox 0 0 3824 6394; ppageno 0'>
   <div class='ocr_carea' id='block_1_1' title="bbox 115 310 188 370">
    <p class='ocr_par' dir='ltr' id='par_1_1' title="bbox 115 310 188 370">
     <span class='ocr_line' id='line_1_1' title="bbox 115 310 188 370; baseline -0.014 0"><span class='ocrx_word' id='word_1_1' title='bbox 115 310 188 370; x_wconf 72' lang='grc'><strong>221</strong></span> 
     </span>
    </p>
   </div>
   <div class='ocr_carea' id='block_1_2' title="bbox 1344 351 1990 411">
    <p class='ocr_par' dir='ltr' id='par_1_2' title="bbox 1344 351 1990 411">
     <span class='ocr_line' id='line_1_2' title="bbox 1344 351 1990 411; baseline 0.006 -4"><span class='ocrx_word' id='word_1_2' title='bbox 1344 351 1506 407; x_wconf 68' lang='lat' dir='ltr'><strong>“TA</strong></span> <span class='ocrx_word' id='word_1_3' title='bbox 1544 352 1604 406; x_wconf 86' lang='lat' dir='ltr'><strong>S.</strong></span> <span class='ocrx_word' id='word_1_4' title='bbox 1644 351 1990 411; x_wconf 73' lang='lat' dir='ltr'><strong>GREGORII.</strong></span> 
     </span>
    </p>
   </div>
   <div class='ocr_carea' id='block_1_3' title="bbox 3167 378 3273 434">
    <p class='ocr_par' dir='ltr' id='par_1_3' title="bbox 3167 378 3273 434">
     <span class='ocr_line' id='line_1_3' title="bbox 3167 378 3273 434; baseline 0.028 -3"><span class='ocrx_word' id='word_1_5' title='bbox 3167 378 3273 434; x_wconf 72' lang='lat'><strong>222</strong></span> 
     </span>
    </p>
   </div>
   <div class='ocr_carea' id='block_1_4' title="bbox 105 454 3275 554">
    <p class='ocr_par' dir='ltr' id='par_1_4' title="bbox 105 454 3275 554">
     <span class='ocr_line' id='line_1_4' title="bbox 105 454 3275 554; baseline 0.008 -38"><span class='ocrx_word' id='word_1_6' title='bbox 105 474 197 517; x_wconf 83' lang='lat' dir='ltr'><strong>cum</strong></span> <span class='ocrx_word' id='word_1_7' title='bbox 225 458 321 513; x_wconf 84' lang='lat' dir='ltr'><strong>suis</strong></span> <span class='ocrx_word' id='word_1_8' title='bbox 362 454 627 525; x_wconf 79' lang='lat' dir='ltr'><strong>episcopis</strong></span> <span class='ocrx_word' id='word_1_9' title='bbox 664 457 949 523; x_wconf 77' lang='lat' dir='ltr'><strong>Maximus,</strong></span> <span class='ocrx_word' id='word_1_10' title='bbox 999 475 1155 530; x_wconf 90' lang='lat' dir='ltr'><strong>opem</strong></span> <span class='ocrx_word' id='word_1_11' title='bbox 1193 464 1598 534; x_wconf 85' lang='lat' dir='ltr'><strong>imploraturos,</strong></span> <span class='ocrx_word' id='word_1_12' title='bbox 1628 468 1677 525; x_wconf 76' lang='grc' dir='ltr'><strong>Α</strong></span> <span class='ocrx_word' id='word_1_13' title='bbox 1704 464 1981 524; x_wconf 79' lang='lat' dir='ltr'><strong>Chronico.</strong></span> <span class='ocrx_word' id='word_1_14' title='bbox 2024 469 2144 526; x_wconf 75' lang='lat' dir='ltr'><strong>Mox</strong></span> <span class='ocrx_word' id='word_1_15' title='bbox 2182 473 2475 541; x_wconf 85' lang='lat' dir='ltr'><strong>imperator</strong></span> <span class='ocrx_word' id='word_1_16' title='bbox 2524 494 2628 533; x_wconf 89' lang='lat' dir='ltr'><strong>una</strong></span> <span class='ocrx_word' id='word_1_17' title='bbox 2674 496 2799 536; x_wconf 91' lang='lat' dir='ltr'><strong>cum</strong></span> <span class='ocrx_word' id='word_1_18' title='bbox 2846 484 3108 554; x_wconf 87' lang='lat' dir='ltr'><strong>Gregorio</strong></span> <span class='ocrx_word' id='word_1_19' title='bbox 3153 504 3275 541; x_wconf 88' lang='lat' dir='ltr'><strong>ma-</strong></span> 
     </span>
    </p>
   </div>
   <div class='ocr_carea' id='block_1_5' title="bbox 106 545 1606 625">
    <p class='ocr_par' dir='ltr' id='par_1_5' title="bbox 106 545 1606 625">
     <span class='ocr_line' id='line_1_5' title="bbox 106 545 1606 625; baseline 0.006 -21"><span class='ocrx_word' id='word_1_20' title='bbox 106 550 206 604; x_wconf 85' lang='lat' dir='ltr'><strong>adiit</strong></span> <span class='ocrx_word' id='word_1_21' title='bbox 242 545 611 601; x_wconf 76' lang='lat' dir='ltr'><strong>Thessalonicae</strong></span> <span class='ocrx_word' id='word_1_22' title='bbox 644 548 785 602; x_wconf 88' lang='lat' dir='ltr'><strong>circa</strong></span> <span class='ocrx_word' id='word_1_23' title='bbox 833 565 1068 613; x_wconf 78' lang='lat' dir='ltr'><strong>mensem</strong></span> <span class='ocrx_word' id='word_1_24' title='bbox 1127 556 1427 625; x_wconf 84' lang='lat' dir='ltr'><strong>Augustum</strong></span> <span class='ocrx_word' id='word_1_25' title='bbox 1479 559 1606 613; x_wconf 91' lang='lat' dir='ltr'><strong>anni</strong></span> 
     </span>
    </p>
   </div>
   <div class='ocr_carea' id='block_1_6' title="bbox 101 637 1605 715">
    <p class='ocr_par' dir='ltr' id='par_1_6' title="bbox 101 637 1605 715">
     <span class='ocr_line' id='line_1_6' title="bbox 101 637 1605 715; baseline 0.007 -20"><span class='ocrx_word' id='word_1_26' title='bbox 101 642 195 696; x_wconf 83' lang='lat'><strong>580.</strong></span> <span class='ocrx_word' id='word_1_27' title='bbox 236 638 351 693; x_wconf 83' lang='lat' dir='ltr'><strong>Tum</strong></span> <span class='ocrx_word' id='word_1_28' title='bbox 402 637 783 693; x_wconf 79' lang='lat' dir='ltr'><strong>Alexandriam</strong></span> <span class='ocrx_word' id='word_1_29' title='bbox 840 643 994 712; x_wconf 90' lang='lat' dir='ltr'><strong>petit,</strong></span> <span class='ocrx_word' id='word_1_30' title='bbox 1048 645 1333 715; x_wconf 87' lang='lat' dir='ltr'><strong>ipsumque</strong></span> <span class='ocrx_word' id='word_1_31' title='bbox 1389 648 1605 705; x_wconf 88' lang='lat' dir='ltr'><strong>Petrum</strong></span> 
     </span>
    </p>
   </div>
   <div class='ocr_carea' id='block_1_7' title="bbox 105 729 1604 809">
    <p class='ocr_par' dir='ltr' id='par_1_7' title="bbox 105 729 1604 809">
     <span class='ocr_line' id='line_1_7' title="bbox 105 729 1604 809; baseline 0.003 -21"><span class='ocrx_word' id='word_1_32' title='bbox 105 734 226 801; x_wconf 84' lang='lat' dir='ltr'><strong>hujus</strong></span> <span class='ocrx_word' id='word_1_33' title='bbox 255 729 387 782; x_wconf 85' lang='lat' dir='ltr'><strong>urbis</strong></span> <span class='ocrx_word' id='word_1_34' title='bbox 420 729 723 800; x_wconf 90' lang='lat' dir='ltr'><strong>episcopmn</strong></span> <span class='ocrx_word' id='word_1_35' title='bbox 755 735 1085 801; x_wconf 74' lang='lat' dir='ltr'><strong>aggreditur,</strong></span> <span class='ocrx_word' id='word_1_36' title='bbox 1125 745 1179 792; x_wconf 93' lang='lat' dir='ltr'><strong>et</strong></span> <span class='ocrx_word' id='word_1_37' title='bbox 1222 740 1290 792; x_wconf 90' lang='lat' dir='ltr'><strong>ab</strong></span> <span class='ocrx_word' id='word_1_38' title='bbox 1323 755 1388 794; x_wconf 93' lang='lat' dir='ltr'><strong>eo</strong></span> <span class='ocrx_word' id='word_1_39' title='bbox 1422 749 1604 809; x_wconf 81' lang='lat' dir='ltr'><strong>postu-</strong></span> 
     </span>
    </p>
   </div>
   <div class='ocr_carea' id='block_1_8' title="bbox 103 820 1604 901">
    <p class='ocr_par' dir='ltr' id='par_1_8' title="bbox 103 820 1604 901">
     <span class='ocr_line' id='line_1_8' title="bbox 103 820 1604 901; baseline 0.007 -24"><span class='ocrx_word' id='word_1_40' title='bbox 103 826 183 884; x_wconf 87' lang='lat' dir='ltr'><strong>lat,</strong></span> <span class='ocrx_word' id='word_1_41' title='bbox 225 830 273 874; x_wconf 89' lang='lat' dir='ltr'><strong>ut</strong></span> <span class='ocrx_word' id='word_1_42' title='bbox 320 820 396 873; x_wconf 91' lang='lat' dir='ltr'><strong>vel</strong></span> <span class='ocrx_word' id='word_1_43' title='bbox 445 822 623 875; x_wconf 81' lang='lat' dir='ltr'><strong>sedem</strong></span> <span class='ocrx_word' id='word_1_44' title='bbox 672 822 1322 897; x_wconf 86' lang='lat' dir='ltr'><strong>Constantiuopolitanam</strong></span> <span class='ocrx_word' id='word_1_45' title='bbox 1375 834 1604 901; x_wconf 82' lang='lat' dir='ltr'><strong>adipisci</strong></span> 
     </span>
    </p>
   </div>
   <div class='ocr_carea' id='block_1_9' title="bbox 100 913 1604 993">
    <p class='ocr_par' dir='ltr' id='par_1_9' title="bbox 100 913 1604 993">
     <span class='ocr_line' id='line_1_9' title="bbox 100 913 1604 993; baseline 0.005 -22"><span class='ocrx_word' id='word_1_46' title='bbox 100 916 239 977; x_wconf 86' lang='lat' dir='ltr'><strong>faciat,</strong></span> <span class='ocrx_word' id='word_1_47' title='bbox 275 913 346 966; x_wconf 90' lang='lat' dir='ltr'><strong>vel</strong></span> <span class='ocrx_word' id='word_1_48' title='bbox 389 928 540 967; x_wconf 90' lang='lat' dir='ltr'><strong>suum</strong></span> <span class='ocrx_word' id='word_1_49' title='bbox 589 915 686 984; x_wconf 83' lang='lat' dir='ltr'><strong>ipsi</strong></span> <span class='ocrx_word' id='word_1_50' title='bbox 744 917 937 973; x_wconf 86' lang='lat' dir='ltr'><strong>solium</strong></span> <span class='ocrx_word' id='word_1_51' title='bbox 992 922 1205 990; x_wconf 75' lang='lat' dir='ltr'><strong>tradat;</strong></span> <span class='ocrx_word' id='word_1_52' title='bbox 1258 925 1351 979; x_wconf 88' lang='lat' dir='ltr'><strong>sed</strong></span> <span class='ocrx_word' id='word_1_53' title='bbox 1403 937 1604 993; x_wconf 85' lang='lat' dir='ltr'><strong>praetor</strong></span> 
     </span>
    </p>
   </div>
   <div class='ocr_carea' id='block_1_10' title="bbox 98 1005 1607 1078">
    <p class='ocr_par' dir='ltr' id='par_1_10' title="bbox 98 1005 1607 1078">
     <span class='ocr_line' id='line_1_10' title="bbox 98 1005 1607 1078; baseline 0.007 -18"><span class='ocrx_word' id='word_1_54' title='bbox 98 1022 191 1060; x_wconf 87' lang='lat' dir='ltr'><strong>cum</strong></span> <span class='ocrx_word' id='word_1_55' title='bbox 234 1019 372 1058; x_wconf 86' lang='lat' dir='ltr'><strong>manu</strong></span> <span class='ocrx_word' id='word_1_56' title='bbox 438 1005 658 1060; x_wconf 82' lang='lat' dir='ltr'><strong>militari</strong></span> <span class='ocrx_word' id='word_1_57' title='bbox 717 1010 1102 1078; x_wconf 79' lang='lat' dir='ltr'><strong>superveniens</strong></span> <span class='ocrx_word' id='word_1_58' title='bbox 1157 1012 1449 1070; x_wconf 75' lang='lat' dir='ltr'><strong>Maximum</strong></span> <span class='ocrx_word' id='word_1_59' title='bbox 1504 1031 1607 1070; x_wconf 78' lang='lat' dir='ltr'><strong>ex-</strong></span> 
     </span>
    </p>
   </div>
   <div class='ocr_carea' id='block_1_11' title="bbox 100 1097 217 1165">
    <p class='ocr_par' dir='ltr' id='par_1_11' title="bbox 100 1097 217 1165">
     <span class='ocr_line' id='line_1_11' title="bbox 100 1097 217 1165; baseline 0 -17"><span class='ocrx_word' id='word_1_60' title='bbox 100 1097 217 1165; x_wconf 91' lang='lat' dir='ltr'><strong>pulit.</strong></span> 
     </span>
    </p>
   </div>
   <div class='ocr_carea' id='block_1_12' title="bbox 96 1205 1604 1291">
    <p class='ocr_par' dir='ltr' id='par_1_12' title="bbox 96 1205 1604 1291">
     <span class='ocr_line' id='line_1_12' title="bbox 96 1205 1604 1291; baseline 0.01 -28"><span class='ocrx_word' id='word_1_61' title='bbox 96 1206 251 1263; x_wconf 77' lang='lat' dir='ltr'><strong>CXLII.</strong></span> <span class='ocrx_word' id='word_1_62' title='bbox 291 1205 579 1291; x_wconf 40' lang='lat' dir='ltr'><strong>Perculsus.</strong></span> <span class='ocrx_word' id='word_1_63' title='bbox 613 1210 793 1291; x_wconf 78' lang='lat' dir='ltr'><strong>dolore</strong></span> <span class='ocrx_word' id='word_1_64' title='bbox 837 1208 1141 1283; x_wconf 77' lang='lat' dir='ltr'><strong>Gregorius,</strong></span> <span class='ocrx_word' id='word_1_65' title='bbox 1197 1219 1471 1273; x_wconf 81' lang='lat' dir='ltr'><strong>solabntur</strong></span> <span class='ocrx_word' id='word_1_66' title='bbox 1515 1239 1604 1291; x_wconf 77' lang='lat' dir='ltr'><strong>spe</strong></span> 
     </span>
    </p>
   </div>
   <div class='ocr_carea' id='block_1_13' title="bbox 288 1277 1334 1349">
    <p class='ocr_par' dir='ltr' id='par_1_13' title="bbox 288 1277 1334 1349">
     <span class='ocr_line' id='line_1_13' title="bbox 288 1277 1334 1349; baseline 0.014 -21"><span class='ocrx_word' id='word_1_67' title='bbox 288 1277 579 1331; x_wconf 71' lang='lat' dir='ltr'><strong>discedendi</strong></span> <span class='ocrx_word' id='word_1_68' title='bbox 611 1282 815 1349; x_wconf 81' lang='lat' dir='ltr'><strong>copiam</strong></span> <span class='ocrx_word' id='word_1_69' title='bbox 847 1300 899 1337; x_wconf 86' lang='lat' dir='ltr'><strong>se</strong></span> <span class='ocrx_word' id='word_1_70' title='bbox 934 1277 1334 1343; x_wconf 69' lang='lat' dir='ltr'><strong>consecuturum</strong></span> 
     </span>
    </p>
   </div>
   <div class='ocr_carea' id='block_1_14' title="bbox 147 1367 1601 1445">
    <p class='ocr_par' dir='ltr' id='par_1_14' title="bbox 147 1367 1601 1445">
     <span class='ocr_line' id='line_1_14' title="bbox 147 1367 1601 1445; baseline 0.009 -24"><span class='ocrx_word' id='word_1_71' title='bbox 147 1369 321 1421; x_wconf 89' lang='lat' dir='ltr'><strong>Interea</strong></span> <span class='ocrx_word' id='word_1_72' title='bbox 366 1367 682 1437; x_wconf 83' lang='lat' dir='ltr'><strong>Gregorius,</strong></span> <span class='ocrx_word' id='word_1_73' title='bbox 713 1387 873 1440; x_wconf 88' lang='lat' dir='ltr'><strong>quam</strong></span> <span class='ocrx_word' id='word_1_74' title='bbox 908 1376 1145 1430; x_wconf 72' lang='lat' dir='ltr'><strong>maximo</strong></span> <span class='ocrx_word' id='word_1_75' title='bbox 1188 1382 1468 1445; x_wconf 85' lang='lat' dir='ltr'><strong>perculsus</strong></span> <span class='ocrx_word' id='word_1_76' title='bbox 1500 1383 1601 1437; x_wconf 66' lang='lat' dir='ltr'><strong>da-</strong></span> 
     </span>
    </p>
   </div>
   <div class='ocr_carea' id='block_1_15' title="bbox 93 1455 1600 1539">
    <p class='ocr_par' dir='ltr' id='par_1_15' title="bbox 93 1455 1600 1539">
     <span class='ocr_line' id='line_1_15' title="bbox 93 1455 1600 1539; baseline 0.011 -30"><span class='ocrx_word' id='word_1_77' title='bbox 93 1458 192 1520; x_wconf 87' lang='lat' dir='ltr'><strong>lore,</strong></span> <span class='ocrx_word' id='word_1_78' title='bbox 228 1457 270 1510; x_wconf 91' lang='lat' dir='ltr'><strong>id</strong></span> <span class='ocrx_word' id='word_1_79' title='bbox 306 1465 477 1508; x_wconf 85' lang='lat' dir='ltr'><strong>tamen</strong></span> <span class='ocrx_word' id='word_1_80' title='bbox 515 1457 691 1511; x_wconf 89' lang='lat' dir='ltr'><strong>solatii</strong></span> <span class='ocrx_word' id='word_1_81' title='bbox 739 1455 1009 1526; x_wconf 82' lang='lat' dir='ltr'><strong>liabebat,</strong></span> <span class='ocrx_word' id='word_1_82' title='bbox 1057 1468 1198 1533; x_wconf 89' lang='lat' dir='ltr'><strong>quod</strong></span> <span class='ocrx_word' id='word_1_83' title='bbox 1248 1483 1371 1535; x_wconf 86' lang='lat' dir='ltr'><strong>spes</strong></span> <span class='ocrx_word' id='word_1_84' title='bbox 1423 1470 1600 1539; x_wconf 87' lang='lat' dir='ltr'><strong>aliqua</strong></span> 
     </span>
    </p>
   </div>
   <div class='ocr_carea' id='block_1_16' title="bbox 94 1546 1601 1617">
    <p class='ocr_par' dir='ltr' id='par_1_16' title="bbox 94 1546 1601 1617">
     <span class='ocr_line' id='line_1_16' title="bbox 94 1546 1601 1617; baseline 0.01 -16"><span class='ocrx_word' id='word_1_85' title='bbox 94 1548 326 1616; x_wconf 71' lang='lat' dir='ltr'><strong>all‘clgebat</strong></span> <span class='ocrx_word' id='word_1_86' title='bbox 366 1546 417 1598; x_wconf 92' lang='lat' dir='ltr'><strong>id</strong></span> <span class='ocrx_word' id='word_1_87' title='bbox 473 1562 531 1601; x_wconf 90' lang='lat' dir='ltr'><strong>se</strong></span> <span class='ocrx_word' id='word_1_88' title='bbox 583 1561 993 1605; x_wconf 87' lang='lat' dir='ltr'><strong>consecuturum</strong></span> <span class='ocrx_word' id='word_1_89' title='bbox 1023 1593 1038 1609; x_wconf 91' lang='lat'><strong>.</strong></span> <span class='ocrx_word' id='word_1_90' title='bbox 1091 1567 1148 1609; x_wconf 92' lang='lat' dir='ltr'><strong>ut</strong></span> <span class='ocrx_word' id='word_1_91' title='bbox 1204 1559 1308 1612; x_wconf 90' lang='lat' dir='ltr'><strong>sibi</strong></span> <span class='ocrx_word' id='word_1_92' title='bbox 1356 1560 1424 1613; x_wconf 92' lang='lat' dir='ltr'><strong>ab</strong></span> <span class='ocrx_word' id='word_1_93' title='bbox 1470 1563 1601 1617; x_wconf 89' lang='lat' dir='ltr'><strong>urbe</strong></span> 
     </span>
    </p>
   </div>
   <div class='ocr_carea' id='block_1_17' title="bbox 91 1639 1599 1713">
    <p class='ocr_par' dir='ltr' id='par_1_17' title="bbox 91 1639 1599 1713">
     <span class='ocr_line' id='line_1_17' title="bbox 91 1639 1599 1713; baseline 0.009 -20"><span class='ocrx_word' id='word_1_94' title='bbox 91 1639 341 1693; x_wconf 84' lang='lat' dir='ltr'><strong>discedendi</strong></span> <span class='ocrx_word' id='word_1_95' title='bbox 397 1639 549 1706; x_wconf 76' lang='lat' dir='ltr'><strong>Copia</strong></span> <span class='ocrx_word' id='word_1_96' title='bbox 621 1640 863 1698; x_wconf 84' lang='lat' dir='ltr'><strong>daretur.</strong></span> <span class='ocrx_word' id='word_1_97' title='bbox 910 1643 1074 1713; x_wconf 87' lang='lat' dir='ltr'><strong>Cujus</strong></span> <span class='ocrx_word' id='word_1_98' title='bbox 1146 1650 1427 1704; x_wconf 87' lang='lat' dir='ltr'><strong>consilium</strong></span> <span class='ocrx_word' id='word_1_99' title='bbox 1477 1668 1599 1706; x_wconf 90' lang='lat' dir='ltr'><strong>cum</strong></span> 
     </span>
    </p>
   </div>
   <div class='ocr_carea' id='block_1_18' title="bbox 90 1728 1600 1811">
    <p class='ocr_par' dir='ltr' id='par_1_18' title="bbox 90 1728 1600 1811">
     <span class='ocr_line' id='line_1_18' title="bbox 90 1728 1600 1811; baseline 0.013 -33"><span class='ocrx_word' id='word_1_100' title='bbox 90 1728 269 1798; x_wconf 80' lang='lat' dir='ltr'><strong>populus</strong></span> <span class='ocrx_word' id='word_1_101' title='bbox 320 1729 657 1796; x_wconf 81' lang='lat' dir='ltr'><strong>cognovisset</strong></span> <span class='ocrx_word' id='word_1_102' title='bbox 704 1746 767 1785; x_wconf 85' lang='lat' dir='ltr'><strong>ex</strong></span> <span class='ocrx_word' id='word_1_103' title='bbox 823 1733 1142 1803; x_wconf 82' lang='lat' dir='ltr'><strong>quibusdam</strong></span> <span class='ocrx_word' id='word_1_104' title='bbox 1185 1741 1395 1804; x_wconf 91' lang='lat' dir='ltr'><strong>verbis,</strong></span> <span class='ocrx_word' id='word_1_105' title='bbox 1443 1744 1600 1811; x_wconf 88' lang='lat' dir='ltr'><strong>queis</strong></span> 
     </span>
    </p>
   </div>
   <div class='ocr_carea' id='block_1_19' title="bbox 1704 558 3272 647">
    <p class='ocr_par' dir='ltr' id='par_1_19' title="bbox 1704 558 3272 647">
     <span class='ocr_line' id='line_1_19' title="bbox 1704 558 3272 647; baseline 0.016 -37"><span class='ocrx_word' id='word_1_106' title='bbox 1704 558 1875 625; x_wconf 87' lang='lat' dir='ltr'><strong>joretn</strong></span> <span class='ocrx_word' id='word_1_107' title='bbox 1924 562 2203 618; x_wconf 86' lang='lat' dir='ltr'><strong>basilicam</strong></span> <span class='ocrx_word' id='word_1_108' title='bbox 2240 566 2581 636; x_wconf 82' lang='lat' dir='ltr'><strong>ingreditur:</strong></span> <span class='ocrx_word' id='word_1_109' title='bbox 2614 587 2721 640; x_wconf 89' lang='lat' dir='ltr'><strong>quo</strong></span> <span class='ocrx_word' id='word_1_110' title='bbox 2759 575 2919 628; x_wconf 88' lang='lat' dir='ltr'><strong>simul</strong></span> <span class='ocrx_word' id='word_1_111' title='bbox 2957 588 3014 631; x_wconf 91' lang='lat' dir='ltr'><strong>nt</strong></span> <span class='ocrx_word' id='word_1_112' title='bbox 3043 578 3272 647; x_wconf 84' lang='lat' dir='ltr'><strong>ingressi</strong></span> 
     </span>
    </p>
   </div>
   <div class='ocr_carea' id='block_1_20' title="bbox 1709 648 3269 733">
    <p class='ocr_par' dir='ltr' id='par_1_20' title="bbox 1709 648 3269 733">
     <span class='ocr_line' id='line_1_20' title="bbox 1709 648 3269 733; baseline 0.017 -34"><span class='ocrx_word' id='word_1_113' title='bbox 1709 648 1880 715; x_wconf 84' lang='lat' dir='ltr'><strong>fuere,</strong></span> <span class='ocrx_word' id='word_1_114' title='bbox 1911 651 2009 716; x_wconf 89' lang='lat' dir='ltr'><strong>sol,</strong></span> <span class='ocrx_word' id='word_1_115' title='bbox 2039 654 2127 723; x_wconf 88' lang='lat' dir='ltr'><strong>qui</strong></span> <span class='ocrx_word' id='word_1_116' title='bbox 2162 656 2313 724; x_wconf 90' lang='lat' dir='ltr'><strong>prius</strong></span> <span class='ocrx_word' id='word_1_117' title='bbox 2341 666 2457 712; x_wconf 87' lang='lat' dir='ltr'><strong>erat</strong></span> <span class='ocrx_word' id='word_1_118' title='bbox 2490 658 2541 712; x_wconf 86' lang='lat' dir='ltr'><strong>in</strong></span> <span class='ocrx_word' id='word_1_119' title='bbox 2574 662 2778 728; x_wconf 88' lang='lat' dir='ltr'><strong>nubilo,</strong></span> <span class='ocrx_word' id='word_1_120' title='bbox 2816 665 3041 722; x_wconf 82' lang='lat' dir='ltr'><strong>refulsit.</strong></span> <span class='ocrx_word' id='word_1_121' title='bbox 3076 688 3093 720; x_wconf 83' lang='grc' dir='ltr'><strong>ι</strong></span> <span class='ocrx_word' id='word_1_122' title='bbox 3125 671 3223 733; x_wconf 88' lang='lat' dir='ltr'><strong>lbi,</strong></span> <span class='ocrx_word' id='word_1_123' title='bbox 3247 689 3269 724; x_wconf 73' lang='grc' dir='ltr'><strong>ι</strong></span> 
     </span>
    </p>
   </div>
   <div class='ocr_carea' id='block_1_21' title="bbox 1708 738 3274 821">
    <p class='ocr_par' dir='ltr' id='par_1_21' title="bbox 1708 738 3274 821">
     <span class='ocr_line' id='line_1_21' title="bbox 1708 738 3274 821; baseline 0.015 -29"><span class='ocrx_word' id='word_1_124' title='bbox 1708 738 1881 809; x_wconf 87' lang='lat' dir='ltr'><strong>inquit</strong></span> <span class='ocrx_word' id='word_1_125' title='bbox 1927 743 2243 813; x_wconf 79' lang='lat' dir='ltr'><strong>Gregorius,</strong></span> <span class='ocrx_word' id='word_1_126' title='bbox 2281 766 2298 798; x_wconf 83' lang='grc' dir='ltr'><strong>ι</strong></span> <span class='ocrx_word' id='word_1_127' title='bbox 2329 764 2449 802; x_wconf 85' lang='lat' dir='ltr'><strong>curn</strong></span> <span class='ocrx_word' id='word_1_128' title='bbox 2502 750 2603 805; x_wconf 92' lang='lat' dir='ltr'><strong>hoc</strong></span> <span class='ocrx_word' id='word_1_129' title='bbox 2654 758 2968 821; x_wconf 86' lang='lat' dir='ltr'><strong>spectaculo</strong></span> <span class='ocrx_word' id='word_1_130' title='bbox 3015 760 3274 815; x_wconf 87' lang='lat' dir='ltr'><strong>subiisset</strong></span> 
     </span>
    </p>
   </div>
   <div class='ocr_carea' id='block_1_22' title="bbox 1707 831 3273 913">
    <p class='ocr_par' dir='ltr' id='par_1_22' title="bbox 1707 831 3273 913">
     <span class='ocr_line' id='line_1_22' title="bbox 1707 831 3273 913; baseline 0.015 -32"><span class='ocrx_word' id='word_1_131' title='bbox 1707 831 1916 885; x_wconf 91' lang='lat' dir='ltr'><strong>animos</strong></span> <span class='ocrx_word' id='word_1_132' title='bbox 1949 832 2164 899; x_wconf 86' lang='lat' dir='ltr'><strong>ﬁducia,</strong></span> <span class='ocrx_word' id='word_1_133' title='bbox 2195 852 2312 902; x_wconf 69' lang='lat' dir='ltr'><strong>qum</strong></span> <span class='ocrx_word' id='word_1_134' title='bbox 2348 841 2537 893; x_wconf 89' lang='lat' dir='ltr'><strong>aderat</strong></span> <span class='ocrx_word' id='word_1_135' title='bbox 2570 843 2856 899; x_wconf 85' lang='lat' dir='ltr'><strong>multitudo</strong></span> <span class='ocrx_word' id='word_1_136' title='bbox 2901 847 3131 913; x_wconf 88' lang='lat' dir='ltr'><strong>inﬁnita,</strong></span> <span class='ocrx_word' id='word_1_137' title='bbox 3161 851 3273 905; x_wconf 85' lang='lat' dir='ltr'><strong>cla-</strong></span> 
     </span>
    </p>
   </div>
   <div class='ocr_carea' id='block_1_23' title="bbox 1708 924 3270 1004">
    <p class='ocr_par' dir='ltr' id='par_1_23' title="bbox 1708 924 3270 1004">
     <span class='ocr_line' id='line_1_23' title="bbox 1708 924 3270 1004; baseline 0.015 -31"><span class='ocrx_word' id='word_1_138' title='bbox 1708 937 1857 975; x_wconf 87' lang='lat' dir='ltr'><strong>mare</strong></span> <span class='ocrx_word' id='word_1_139' title='bbox 1892 924 2016 978; x_wconf 90' lang='lat' dir='ltr'><strong>totis</strong></span> <span class='ocrx_word' id='word_1_140' title='bbox 2050 926 2256 981; x_wconf 86' lang='lat' dir='ltr'><strong>viribus</strong></span> <span class='ocrx_word' id='word_1_141' title='bbox 2289 944 2352 984; x_wconf 90' lang='lat' dir='ltr'><strong>ac</strong></span> <span class='ocrx_word' id='word_1_142' title='bbox 2404 931 2695 998; x_wconf 82' lang='lat' dir='ltr'><strong>deposcere</strong></span> <span class='ocrx_word' id='word_1_143' title='bbox 2748 952 2845 991; x_wconf 88' lang='lat' dir='ltr'><strong>nos</strong></span> <span class='ocrx_word' id='word_1_144' title='bbox 2884 939 3270 1004; x_wconf 69' lang='lat' dir='ltr'><strong>impraesentia-</strong></span> 
     </span>
    </p>
   </div>
   <div class='ocr_carea' id='block_1_24' title="bbox 1709 1014 3273 1100">
    <p class='ocr_par' dir='ltr' id='par_1_24' title="bbox 1709 1014 3273 1100">
     <span class='ocr_line' id='line_1_24' title="bbox 1709 1014 3273 1100; baseline 0.017 -39"><span class='ocrx_word' id='word_1_145' title='bbox 1709 1027 1822 1065; x_wconf 89' lang='lat' dir='ltr'><strong>rum</strong></span> <span class='ocrx_word' id='word_1_146' title='bbox 1864 1014 2003 1069; x_wconf 88' lang='lat' dir='ltr'><strong>hattd</strong></span> <span class='ocrx_word' id='word_1_147' title='bbox 2050 1019 2207 1071; x_wconf 87' lang='lat' dir='ltr'><strong>aliter</strong></span> <span class='ocrx_word' id='word_1_148' title='bbox 2249 1036 2310 1073; x_wconf 90' lang='lat' dir='ltr'><strong>ac</strong></span> <span class='ocrx_word' id='word_1_149' title='bbox 2353 1022 2396 1089; x_wconf 79' lang='lat' dir='ltr'><strong>si</strong></span> <span class='ocrx_word' id='word_1_150' title='bbox 2440 1023 2541 1079; x_wconf 85' lang='lat' dir='ltr'><strong>hoc</strong></span> <span class='ocrx_word' id='word_1_151' title='bbox 2589 1042 2751 1079; x_wconf 88' lang='lat' dir='ltr'><strong>unmn</strong></span> <span class='ocrx_word' id='word_1_152' title='bbox 2795 1029 3073 1096; x_wconf 78' lang='lat' dir='ltr'><strong>defuisset,</strong></span> <span class='ocrx_word' id='word_1_153' title='bbox 3120 1036 3273 1100; x_wconf 80' lang='lat' dir='ltr'><strong>prin-</strong></span> 
     </span>
    </p>
   </div>
   <div class='ocr_carea' id='block_1_25' title="bbox 1704 1112 3269 1190">
    <p class='ocr_par' dir='ltr' id='par_1_25' title="bbox 1704 1112 3269 1190">
     <span class='ocr_line' id='line_1_25' title="bbox 1704 1112 3269 1190; baseline 0.017 -35"><span class='ocrx_word' id='word_1_154' title='bbox 1704 1118 1938 1174; x_wconf 84' lang='lat' dir='ltr'><strong>cepsque</strong></span> <span class='ocrx_word' id='word_1_155' title='bbox 1978 1123 2041 1162; x_wconf 88' lang='lat' dir='ltr'><strong>ac</strong></span> <span class='ocrx_word' id='word_1_156' title='bbox 2091 1112 2386 1165; x_wconf 74' lang='lat' dir='ltr'><strong>maximum</strong></span> <span class='ocrx_word' id='word_1_157' title='bbox 2418 1132 2446 1168; x_wconf 72' lang='grc' dir='ltr'>ει</span> <span class='ocrx_word' id='word_1_158' title='bbox 2480 1134 2690 1172; x_wconf 86' lang='lat' dir='ltr'><strong>summo</strong></span> <span class='ocrx_word' id='word_1_159' title='bbox 2735 1122 2974 1190; x_wconf 90' lang='lat' dir='ltr'><strong>principe</strong></span> <span class='ocrx_word' id='word_1_160' title='bbox 3008 1125 3108 1179; x_wconf 88' lang='lat' dir='ltr'><strong>hoc</strong></span> <span class='ocrx_word' id='word_1_161' title='bbox 3136 1126 3269 1181; x_wconf 77' lang='lat' dir='ltr'><strong>civi-</strong></span> 
     </span>
    </p>
   </div>
   <div class='ocr_carea' id='block_1_26' title="bbox 1706 1198 3269 1285">
    <p class='ocr_par' dir='ltr' id='par_1_26' title="bbox 1706 1198 3269 1285">
     <span class='ocr_line' id='line_1_26' title="bbox 1706 1198 3269 1285; baseline 0.015 -35"><span class='ocrx_word' id='word_1_162' title='bbox 1706 1198 1801 1251; x_wconf 89' lang='lat' dir='ltr'><strong>tati</strong></span> <span class='ocrx_word' id='word_1_163' title='bbox 1833 1200 2042 1256; x_wconf 88' lang='lat' dir='ltr'><strong>thronis</strong></span> <span class='ocrx_word' id='word_1_164' title='bbox 2097 1202 2229 1271; x_wconf 82' lang='lat' dir='ltr'><strong>ipsis</strong></span> <span class='ocrx_word' id='word_1_165' title='bbox 2275 1212 2710 1285; x_wconf 87' lang='lat' dir='ltr'><strong>anteponendum</strong></span> <span class='ocrx_word' id='word_1_166' title='bbox 2770 1230 2985 1277; x_wconf 79' lang='lat' dir='ltr'><strong>munus,</strong></span> <span class='ocrx_word' id='word_1_167' title='bbox 3034 1217 3079 1271; x_wconf 89' lang='lat' dir='ltr'><strong>si</strong></span> <span class='ocrx_word' id='word_1_168' title='bbox 3121 1218 3269 1274; x_wconf 82' lang='lat' dir='ltr'><strong>urbis</strong></span> 
     </span>
    </p>
   </div>
   <div class='ocr_carea' id='block_1_27' title="bbox 1702 1288 3270 1365">
    <p class='ocr_par' dir='ltr' id='par_1_27' title="bbox 1702 1288 3270 1365">
     <span class='ocr_line' id='line_1_27' title="bbox 1702 1288 3270 1365; baseline 0.015 -23"><span class='ocrx_word' id='word_1_169' title='bbox 1702 1288 1838 1343; x_wconf 81' lang='lat' dir='ltr'><strong>Solio</strong></span> <span class='ocrx_word' id='word_1_170' title='bbox 1878 1292 2217 1363; x_wconf 79' lang='lat' dir='ltr'><strong>(episcopali)</strong></span> <span class='ocrx_word' id='word_1_171' title='bbox 2254 1297 2322 1350; x_wconf 85' lang='lat' dir='ltr'><strong>ab</strong></span> <span class='ocrx_word' id='word_1_172' title='bbox 2359 1298 2477 1365; x_wconf 72' lang='lat' dir='ltr'><strong>ipso</strong></span> <span class='ocrx_word' id='word_1_173' title='bbox 2512 1301 2859 1357; x_wconf 88' lang='lat' dir='ltr'><strong>donaremur.</strong></span> <span class='ocrx_word' id='word_1_174' title='bbox 2906 1304 3016 1359; x_wconf 85' lang='lat' dir='ltr'><strong>Hoc</strong></span> <span class='ocrx_word' id='word_1_175' title='bbox 3064 1308 3159 1362; x_wconf 89' lang='lat' dir='ltr'><strong>viri</strong></span> <span class='ocrx_word' id='word_1_176' title='bbox 3193 1309 3270 1365; x_wconf 84' lang='lat' dir='ltr'><strong>di-</strong></span> 
     </span>
    </p>
   </div>
   <div class='ocr_carea' id='block_1_28' title="bbox 1701 1380 3249 1465">
    <p class='ocr_par' dir='ltr' id='par_1_28' title="bbox 1701 1380 3249 1465">
     <span class='ocr_line' id='line_1_28' title="bbox 1701 1380 3249 1465; baseline 0.015 -36"><span class='ocrx_word' id='word_1_177' title='bbox 1701 1380 1902 1445; x_wconf 76' lang='lat' dir='ltr'><strong>gnitate</strong></span> <span class='ocrx_word' id='word_1_178' title='bbox 1948 1384 2238 1450; x_wconf 66' lang='lat' dir='ltr'><strong>praecipui,</strong></span> <span class='ocrx_word' id='word_1_179' title='bbox 2295 1386 2397 1440; x_wconf 89' lang='lat' dir='ltr'><strong>hoc</strong></span> <span class='ocrx_word' id='word_1_180' title='bbox 2461 1388 2699 1442; x_wconf 90' lang='lat' dir='ltr'><strong>inﬁmum</strong></span> <span class='ocrx_word' id='word_1_181' title='bbox 2757 1392 2945 1461; x_wconf 76' lang='lat' dir='ltr'><strong>vulgus</strong></span> <span class='ocrx_word' id='word_1_182' title='bbox 2989 1397 3249 1465; x_wconf 79' lang='lat' dir='ltr'><strong>agitabat.</strong></span> 
     </span>
    </p>
   </div>
   <div class='ocr_carea' id='block_1_29' title="bbox 1701 1469 3271 1543">
    <p class='ocr_par' dir='ltr' id='par_1_29' title="bbox 1701 1469 3271 1543">
     <span class='ocr_line' id='line_1_29' title="bbox 1701 1469 3271 1543; baseline 0.013 -20"><span class='ocrx_word' id='word_1_183' title='bbox 1701 1469 1898 1523; x_wconf 85' lang='lat' dir='ltr'><strong>Omnes</strong></span> <span class='ocrx_word' id='word_1_184' title='bbox 1928 1486 1992 1523; x_wconf 86' lang='lat' dir='ltr'><strong>ex</strong></span> <span class='ocrx_word' id='word_1_185' title='bbox 2041 1488 2194 1542; x_wconf 63' lang='lat' dir='ltr'><strong>inquo</strong></span> <span class='ocrx_word' id='word_1_186' title='bbox 2231 1490 2341 1529; x_wconf 88' lang='lat' dir='ltr'><strong>rem</strong></span> <span class='ocrx_word' id='word_1_187' title='bbox 2398 1478 2799 1535; x_wconf 82' lang='lat' dir='ltr'><strong>desiderabant.</strong></span> <span class='ocrx_word' id='word_1_188' title='bbox 2854 1481 2963 1538; x_wconf 91' lang='lat' dir='ltr'><strong>lloc</strong></span> <span class='ocrx_word' id='word_1_189' title='bbox 2998 1486 3105 1537; x_wconf 82' lang='lat' dir='ltr'><strong>alta</strong></span> <span class='ocrx_word' id='word_1_190' title='bbox 3140 1501 3271 1543; x_wconf 82' lang='lat' dir='ltr'><strong>voce</strong></span> 
     </span>
    </p>
   </div>
   <div class='ocr_carea' id='block_1_30' title="bbox 1704 1559 3271 1642">
    <p class='ocr_par' dir='ltr' id='par_1_30' title="bbox 1704 1559 3271 1642">
     <span class='ocr_line' id='line_1_30' title="bbox 1704 1559 3271 1642; baseline 0.014 -32"><span class='ocrx_word' id='word_1_191' title='bbox 1704 1559 1957 1614; x_wconf 88' lang='lat' dir='ltr'><strong>mulieres</strong></span> <span class='ocrx_word' id='word_1_192' title='bbox 1987 1563 2374 1634; x_wconf 80' lang='lat' dir='ltr'><strong>inclamabant,</strong></span> <span class='ocrx_word' id='word_1_193' title='bbox 2408 1584 2543 1636; x_wconf 89' lang='lat' dir='ltr'><strong>pene</strong></span> <span class='ocrx_word' id='word_1_194' title='bbox 2574 1573 2801 1640; x_wconf 84' lang='lat' dir='ltr'><strong>amplius</strong></span> <span class='ocrx_word' id='word_1_195' title='bbox 2826 1589 2985 1642; x_wconf 88' lang='lat' dir='ltr'><strong>quam</strong></span> <span class='ocrx_word' id='word_1_196' title='bbox 3018 1576 3271 1639; x_wconf 73' lang='lat' dir='ltr'><strong>mulieres</strong></span> 
     </span>
    </p>
   </div>
   <div class='ocr_carea' id='block_1_31' title="bbox 1702 1651 3271 1737">
    <p class='ocr_par' dir='ltr' id='par_1_31' title="bbox 1702 1651 3271 1737">
     <span class='ocr_line' id='line_1_31' title="bbox 1702 1651 3271 1737; baseline 0.011 -33"><span class='ocrx_word' id='word_1_197' title='bbox 1702 1653 1937 1704; x_wconf 88' lang='lat' dir='ltr'><strong>deceret.</strong></span> <span class='ocrx_word' id='word_1_198' title='bbox 1984 1651 2308 1711; x_wconf 88' lang='lat' dir='ltr'><strong>Incredibile</strong></span> <span class='ocrx_word' id='word_1_199' title='bbox 2362 1660 2630 1727; x_wconf 86' lang='lat' dir='ltr'><strong>quoddam</strong></span> <span class='ocrx_word' id='word_1_200' title='bbox 2689 1677 3008 1732; x_wconf 89' lang='lat' dir='ltr'><strong>repercusso</strong></span> <span class='ocrx_word' id='word_1_201' title='bbox 3056 1665 3271 1737; x_wconf 80' lang='lat' dir='ltr'><strong>fragore</strong></span> 
     </span>
    </p>
   </div>
   <div class='ocr_carea' id='block_1_32' title="bbox 1705 1743 2324 1801">
    <p class='ocr_par' dir='ltr' id='par_1_32' title="bbox 1705 1743 2324 1801">
     <span class='ocr_line' id='line_1_32' title="bbox 1705 1743 2324 1801; baseline 0.01 -6"><span class='ocrx_word' id='word_1_202' title='bbox 1705 1743 1904 1796; x_wconf 87' lang='lat' dir='ltr'><strong>tonitru</strong></span> <span class='ocrx_word' id='word_1_203' title='bbox 1941 1746 2277 1801; x_wconf 80' lang='lat' dir='ltr'><strong>audiebatur.</strong></span> <span class='ocrx_word' id='word_1_204' title='bbox 2306 1767 2324 1800; x_wconf 84' lang='grc' dir='ltr'><strong>ι</strong></span> 
     </span>
    </p>
   </div>
   <div class='ocr_carea' id='block_1_33' title="bbox 90 1801 3269 1916">
    <p class='ocr_par' dir='ltr' id='par_1_33' title="bbox 90 1801 3269 1916">
     <span class='ocr_line' id='line_1_33' title="bbox 90 1801 3269 1916; baseline 0.009 -44"><span class='ocrx_word' id='word_1_205' title='bbox 90 1832 129 1873; x_wconf 88' lang='grc' dir='ltr'><strong>ιιι</strong></span> <span class='ocrx_word' id='word_1_206' title='bbox 154 1835 339 1872; x_wconf 82' lang='lat' dir='ltr'><strong>suorum</strong></span> <span class='ocrx_word' id='word_1_207' title='bbox 389 1836 660 1877; x_wconf 84' lang='lat' dir='ltr'><strong>memores</strong></span> <span class='ocrx_word' id='word_1_208' title='bbox 711 1834 893 1879; x_wconf 85' lang='lat' dir='ltr'><strong>essent</strong></span> <span class='ocrx_word' id='word_1_209' title='bbox 948 1826 1192 1883; x_wconf 88' lang='lat' dir='ltr'><strong>laborum</strong></span> <span class='ocrx_word' id='word_1_210' title='bbox 1240 1830 1596 1901; x_wconf 78' lang='lat' dir='ltr'><strong>hortabatur;</strong></span> <span class='ocrx_word' id='word_1_211' title='bbox 1629 1801 1675 1858; x_wconf 73' lang='grc' dir='ltr'><strong>Β</strong></span> <span class='ocrx_word' id='word_1_212' title='bbox 1704 1829 1931 1889; x_wconf 71' lang='lat' dir='ltr'><strong>CXLVI.</strong></span> <span class='ocrx_word' id='word_1_213' title='bbox 1957 1833 2205 1913; x_wconf 62' lang='lat' dir='ltr'><strong>CXLVII.</strong></span> <span class='ocrx_word' id='word_1_214' title='bbox 2234 1834 2545 1904; x_wconf 81' lang='lat' dir='ltr'><strong>Episcopnle</strong></span> <span class='ocrx_word' id='word_1_215' title='bbox 2573 1842 2763 1916; x_wconf 79' lang='lat' dir='ltr'><strong>solium</strong></span> <span class='ocrx_word' id='word_1_216' title='bbox 2796 1856 2850 1897; x_wconf 85' lang='lat' dir='ltr'><strong>ut</strong></span> <span class='ocrx_word' id='word_1_217' title='bbox 2881 1849 3269 1916; x_wconf 69' lang='lat' dir='ltr'><strong>conscenderet,</strong></span> 
     </span>
    </p>
   </div>
   <div class='ocr_carea' id='block_1_34' title="bbox 86 1909 1601 1992">
    <p class='ocr_par' dir='ltr' id='par_1_34' title="bbox 86 1909 1601 1992">
     <span class='ocr_line' id='line_1_34' title="bbox 86 1909 1601 1992; baseline 0.013 -31"><span class='ocrx_word' id='word_1_218' title='bbox 86 1911 144 1980; x_wconf 81' lang='grc' dir='ltr'><strong>(α)</strong></span> <span class='ocrx_word' id='word_1_219' title='bbox 171 1920 262 1964; x_wconf 87' lang='grc' dir='ltr'>ιιιιιι</span> <span class='ocrx_word' id='word_1_220' title='bbox 296 1909 436 1964; x_wconf 89' lang='lat' dir='ltr'><strong>facto</strong></span> <span class='ocrx_word' id='word_1_221' title='bbox 471 1914 709 1979; x_wconf 82' lang='lat' dir='ltr'><strong>agmine,</strong></span> <span class='ocrx_word' id='word_1_222' title='bbox 742 1916 865 1982; x_wconf 86' lang='lat' dir='ltr'><strong>viri,</strong></span> <span class='ocrx_word' id='word_1_223' title='bbox 906 1918 1178 1987; x_wconf 86' lang='lat' dir='ltr'><strong>mulieres,</strong></span> <span class='ocrx_word' id='word_1_224' title='bbox 1211 1922 1462 1992; x_wconf 84' lang='lat' dir='ltr'><strong>juvenes,</strong></span> <span class='ocrx_word' id='word_1_225' title='bbox 1490 1928 1601 1981; x_wconf 86' lang='lat' dir='ltr'><strong>vir-</strong></span> 
     </span>
    </p>
   </div>
   <div class='ocr_carea' id='block_1_35' title="bbox 87 2006 1601 2079">
    <p class='ocr_par' dir='ltr' id='par_1_35' title="bbox 87 2006 1601 2079">
     <span class='ocr_line' id='line_1_35' title="bbox 87 2006 1601 2079; baseline 0.013 -24"><span class='ocrx_word' id='word_1_226' title='bbox 87 2006 229 2071; x_wconf 66' lang='lat' dir='ltr'><strong>gines,</strong></span> <span class='ocrx_word' id='word_1_227' title='bbox 275 2019 465 2070; x_wconf 80' lang='lat' dir='ltr'><strong>senes,</strong></span> <span class='ocrx_word' id='word_1_228' title='bbox 529 2006 770 2072; x_wconf 84' lang='lat' dir='ltr'><strong>nobiles,</strong></span> <span class='ocrx_word' id='word_1_229' title='bbox 828 2010 1128 2079; x_wconf 89' lang='lat' dir='ltr'><strong>ignobiles,</strong></span> <span class='ocrx_word' id='word_1_230' title='bbox 1186 2016 1601 2074; x_wconf 79' lang='lat' dir='ltr'><strong>circumstantes</strong></span> 
     </span>
    </p>
   </div>
   <div class='ocr_carea' id='block_1_36' title="bbox 87 2097 1600 2178">
    <p class='ocr_par' dir='ltr' id='par_1_36' title="bbox 87 2097 1600 2178">
     <span class='ocr_line' id='line_1_36' title="bbox 87 2097 1600 2178; baseline 0.011 -29"><span class='ocrx_word' id='word_1_231' title='bbox 87 2107 350 2165; x_wconf 84' lang='lat' dir='ltr'><strong>queruntur,</strong></span> <span class='ocrx_word' id='word_1_232' title='bbox 380 2097 491 2150; x_wconf 87' lang='lat' dir='ltr'><strong>vim</strong></span> <span class='ocrx_word' id='word_1_233' title='bbox 529 2104 662 2166; x_wconf 89' lang='lat' dir='ltr'><strong>pene</strong></span> <span class='ocrx_word' id='word_1_234' title='bbox 699 2099 954 2165; x_wconf 90' lang='lat' dir='ltr'><strong>inferunt,</strong></span> <span class='ocrx_word' id='word_1_235' title='bbox 983 2118 1137 2158; x_wconf 87' lang='lat' dir='ltr'><strong>Stttlm</strong></span> <span class='ocrx_word' id='word_1_236' title='bbox 1183 2106 1436 2174; x_wconf 88' lang='lat' dir='ltr'><strong>ejulando</strong></span> <span class='ocrx_word' id='word_1_237' title='bbox 1471 2126 1600 2178; x_wconf 61' lang='lat' dir='ltr'><strong>pra?-</strong></span> 
     </span>
    </p>
   </div>
   <div class='ocr_carea' id='block_1_37' title="bbox 84 2188 1598 2263">
    <p class='ocr_par' dir='ltr' id='par_1_37' title="bbox 84 2188 1598 2263">
     <span class='ocr_line' id='line_1_37' title="bbox 84 2188 1598 2263; baseline 0.008 -21"><span class='ocrx_word' id='word_1_238' title='bbox 84 2188 214 2242; x_wconf 83' lang='lat' dir='ltr'><strong>sulem</strong></span> <span class='ocrx_word' id='word_1_239' title='bbox 242 2204 266 2239; x_wconf 90' lang='lat' dir='ltr'><strong>a</strong></span> <span class='ocrx_word' id='word_1_240' title='bbox 311 2190 580 2241; x_wconf 81' lang='lat' dir='ltr'><strong>sententia</strong></span> <span class='ocrx_word' id='word_1_241' title='bbox 643 2190 929 2246; x_wconf 79' lang='lat' dir='ltr'><strong>demovere</strong></span> <span class='ocrx_word' id='word_1_242' title='bbox 979 2194 1244 2251; x_wconf 91' lang='lat' dir='ltr'><strong>nituntur.</strong></span> <span class='ocrx_word' id='word_1_243' title='bbox 1289 2198 1437 2263; x_wconf 83' lang='lat' dir='ltr'><strong>Quod</strong></span> <span class='ocrx_word' id='word_1_244' title='bbox 1477 2215 1598 2254; x_wconf 88' lang='lat' dir='ltr'><strong>cum</strong></span> 
     </span>
    </p>
   </div>
   <div class='ocr_carea' id='block_1_38' title="bbox 85 2285 1598 2352">
    <p class='ocr_par' dir='ltr' id='par_1_38' title="bbox 85 2285 1598 2352">
     <span class='ocr_line' id='line_1_38' title="bbox 85 2285 1598 2352; baseline 0.008 -19"><span class='ocrx_word' id='word_1_245' title='bbox 85 2289 343 2333; x_wconf 85' lang='lat' dir='ltr'><strong>constanter</strong></span> <span class='ocrx_word' id='word_1_246' title='bbox 381 2290 692 2347; x_wconf 85' lang='lat' dir='ltr'><strong>recusaret,</strong></span> <span class='ocrx_word' id='word_1_247' title='bbox 736 2285 987 2352; x_wconf 89' lang='lat' dir='ltr'><strong>precibus</strong></span> <span class='ocrx_word' id='word_1_248' title='bbox 1038 2298 1266 2343; x_wconf 84' lang='lat' dir='ltr'><strong>exorant</strong></span> <span class='ocrx_word' id='word_1_249' title='bbox 1301 2300 1357 2344; x_wconf 87' lang='lat' dir='ltr'><strong>ut</strong></span> <span class='ocrx_word' id='word_1_250' title='bbox 1407 2293 1598 2346; x_wconf 88' lang='lat' dir='ltr'><strong>saltem</strong></span> 
     </span>
    </p>
   </div>
   <div class='ocr_carea' id='block_1_39' title="bbox 84 2375 1600 2448">
    <p class='ocr_par' dir='ltr' id='par_1_39' title="bbox 84 2375 1600 2448">
     <span class='ocr_line' id='line_1_39' title="bbox 84 2375 1600 2448; baseline 0.01 -24"><span class='ocrx_word' id='word_1_251' title='bbox 84 2382 272 2433; x_wconf 85' lang='lat' dir='ltr'><strong>maneat,</strong></span> <span class='ocrx_word' id='word_1_252' title='bbox 309 2387 405 2427; x_wconf 90' lang='lat' dir='ltr'><strong>nec</strong></span> <span class='ocrx_word' id='word_1_253' title='bbox 460 2375 697 2429; x_wconf 89' lang='lat' dir='ltr'><strong>trucibus</strong></span> <span class='ocrx_word' id='word_1_254' title='bbox 738 2376 876 2445; x_wconf 87' lang='lat' dir='ltr'><strong>lupis</strong></span> <span class='ocrx_word' id='word_1_255' title='bbox 920 2393 1133 2448; x_wconf 80' lang='lat' dir='ltr'><strong>gregem</strong></span> <span class='ocrx_word' id='word_1_256' title='bbox 1185 2382 1445 2437; x_wconf 87' lang='lat' dir='ltr'><strong>addicat:</strong></span> <span class='ocrx_word' id='word_1_257' title='bbox 1494 2386 1600 2440; x_wconf 90' lang='lat' dir='ltr'><strong>sic-</strong></span> 
     </span>
    </p>
   </div>
   <div class='ocr_carea' id='block_1_40' title="bbox 79 2465 1602 2544">
    <p class='ocr_par' dir='ltr' id='par_1_40' title="bbox 79 2465 1602 2544">
     <span class='ocr_line' id='line_1_40' title="bbox 79 2465 1602 2544; baseline 0.012 -28"><span class='ocrx_word' id='word_1_258' title='bbox 79 2481 160 2534; x_wconf 74' lang='lat' dir='ltr'><strong>que</strong></span> <span class='ocrx_word' id='word_1_259' title='bbox 192 2465 277 2533; x_wconf 89' lang='lat' dir='ltr'><strong>ipsi</strong></span> <span class='ocrx_word' id='word_1_260' title='bbox 324 2480 649 2520; x_wconf 88' lang='lat' dir='ltr'><strong>concessum</strong></span> <span class='ocrx_word' id='word_1_261' title='bbox 696 2479 779 2522; x_wconf 90' lang='lat' dir='ltr'><strong>est</strong></span> <span class='ocrx_word' id='word_1_262' title='bbox 822 2471 954 2524; x_wconf 85' lang='lat' dir='ltr'><strong>urbe</strong></span> <span class='ocrx_word' id='word_1_263' title='bbox 1002 2473 1203 2542; x_wconf 81' lang='lat' dir='ltr'><strong>egredi,</strong></span> <span class='ocrx_word' id='word_1_264' title='bbox 1257 2485 1315 2527; x_wconf 90' lang='lat' dir='ltr'><strong>ut</strong></span> <span class='ocrx_word' id='word_1_265' title='bbox 1360 2479 1602 2544; x_wconf 89' lang='lat' dir='ltr'><strong>corporis</strong></span> 
     </span>
    </p>
   </div>
   <div class='ocr_carea' id='block_1_41' title="bbox 80 2558 1597 2630">
    <p class='ocr_par' dir='ltr' id='par_1_41' title="bbox 80 2558 1597 2630">
     <span class='ocr_line' id='line_1_41' title="bbox 80 2558 1597 2630; baseline 0.011 -23"><span class='ocrx_word' id='word_1_266' title='bbox 80 2558 299 2625; x_wconf 67' lang='lat' dir='ltr'><strong>animique</strong></span> <span class='ocrx_word' id='word_1_267' title='bbox 340 2560 491 2612; x_wconf 85' lang='lat' dir='ltr'><strong>vires</strong></span> <span class='ocrx_word' id='word_1_268' title='bbox 543 2575 604 2613; x_wconf 88' lang='lat' dir='ltr'><strong>ea</strong></span> <span class='ocrx_word' id='word_1_269' title='bbox 664 2570 986 2630; x_wconf 87' lang='lat' dir='ltr'><strong>tempestate</strong></span> <span class='ocrx_word' id='word_1_270' title='bbox 1043 2568 1286 2620; x_wconf 90' lang='lat' dir='ltr'><strong>nonnihil</strong></span> <span class='ocrx_word' id='word_1_271' title='bbox 1342 2567 1499 2622; x_wconf 67' lang='lat' dir='ltr'><strong>laesus</strong></span> <span class='ocrx_word' id='word_1_272' title='bbox 1547 2571 1597 2623; x_wconf 91' lang='lat' dir='ltr'><strong>in</strong></span> 
     </span>
    </p>
   </div>
   <div class='ocr_carea' id='block_1_42' title="bbox 81 2649 1603 2729">
    <p class='ocr_par' dir='ltr' id='par_1_42' title="bbox 81 2649 1603 2729">
     <span class='ocr_line' id='line_1_42' title="bbox 81 2649 1603 2729; baseline 0.011 -32"><span class='ocrx_word' id='word_1_273' title='bbox 81 2649 171 2700; x_wconf 73' lang='lat' dir='ltr'><strong>villa</strong></span> <span class='ocrx_word' id='word_1_274' title='bbox 199 2649 591 2718; x_wconf 83' lang='lat' dir='ltr'><strong>aliquantulum</strong></span> <span class='ocrx_word' id='word_1_275' title='bbox 631 2663 985 2709; x_wconf 90' lang='lat' dir='ltr'><strong>restauraret.</strong></span> <span class='ocrx_word' id='word_1_276' title='bbox 1014 2655 1131 2710; x_wconf 84' lang='lat' dir='ltr'><strong>Non</strong></span> <span class='ocrx_word' id='word_1_277' title='bbox 1176 2658 1245 2711; x_wconf 90' lang='lat' dir='ltr'><strong>ita</strong></span> <span class='ocrx_word' id='word_1_278' title='bbox 1282 2660 1448 2713; x_wconf 89' lang='lat' dir='ltr'><strong>multo</strong></span> <span class='ocrx_word' id='word_1_279' title='bbox 1482 2672 1603 2729; x_wconf 91' lang='lat' dir='ltr'><strong>post</strong></span> 
     </span>
    </p>
   </div>
   <div class='ocr_carea' id='block_1_43' title="bbox 81 2738 1597 2811">
    <p class='ocr_par' dir='ltr' id='par_1_43' title="bbox 81 2738 1597 2811">
     <span class='ocr_line' id='line_1_43' title="bbox 81 2738 1597 2811; baseline 0.009 -21"><span class='ocrx_word' id='word_1_280' title='bbox 81 2738 207 2793; x_wconf 79' lang='lat' dir='ltr'><strong>redux</strong></span> <span class='ocrx_word' id='word_1_281' title='bbox 271 2740 609 2807; x_wconf 88' lang='lat' dir='ltr'><strong>orationem,</strong></span> <span class='ocrx_word' id='word_1_282' title='bbox 656 2742 783 2796; x_wconf 89' lang='lat' dir='ltr'><strong>olim</strong></span> <span class='ocrx_word' id='word_1_283' title='bbox 844 2760 1043 2811; x_wconf 74' lang='lat' dir='ltr'><strong>xxvm,</strong></span> <span class='ocrx_word' id='word_1_284' title='bbox 1092 2764 1233 2801; x_wconf 91' lang='lat' dir='ltr'><strong>nunc</strong></span> <span class='ocrx_word' id='word_1_285' title='bbox 1289 2765 1442 2811; x_wconf 78' lang='lat' dir='ltr'><strong>xxvr,</strong></span> <span class='ocrx_word' id='word_1_286' title='bbox 1501 2751 1597 2803; x_wconf 87' lang='lat' dir='ltr'><strong>ha-</strong></span> 
     </span>
    </p>
   </div>
   <div class='ocr_carea' id='block_1_44' title="bbox 16 2832 1597 2909">
    <p class='ocr_par' dir='ltr' id='par_1_44' title="bbox 16 2832 1597 2909">
     <span class='ocr_line' id='line_1_44' title="bbox 16 2832 1597 2909; baseline 0.007 -24"><span class='ocrx_word' id='word_1_287' title='bbox 16 2880 19 2885; x_wconf 89' lang='lat'><strong>.</strong></span> <span class='ocrx_word' id='word_1_288' title='bbox 80 2832 191 2894; x_wconf 89' lang='lat' dir='ltr'><strong>huit,</strong></span> <span class='ocrx_word' id='word_1_289' title='bbox 230 2848 340 2901; x_wconf 63' lang='lat' dir='ltr'><strong>quae</strong></span> <span class='ocrx_word' id='word_1_290' title='bbox 394 2835 596 2888; x_wconf 86' lang='lat' dir='ltr'><strong>miram</strong></span> <span class='ocrx_word' id='word_1_291' title='bbox 646 2838 879 2905; x_wconf 84' lang='lat' dir='ltr'><strong>pastoris</strong></span> <span class='ocrx_word' id='word_1_292' title='bbox 923 2852 1047 2909; x_wconf 86' lang='lat' dir='ltr'><strong>erga</strong></span> <span class='ocrx_word' id='word_1_293' title='bbox 1099 2856 1227 2895; x_wconf 78' lang='lat' dir='ltr'><strong>oves</strong></span> <span class='ocrx_word' id='word_1_294' title='bbox 1276 2843 1597 2897; x_wconf 82' lang='lat' dir='ltr'><strong>charitatem</strong></span> 
     </span>
    </p>
   </div>
   <div class='ocr_carea' id='block_1_45' title="bbox 79 2923 228 2987">
    <p class='ocr_par' dir='ltr' id='par_1_45' title="bbox 79 2923 228 2987">
     <span class='ocr_line' id='line_1_45' title="bbox 79 2923 228 2987; baseline 0.027 -15"><span class='ocrx_word' id='word_1_295' title='bbox 79 2923 228 2987; x_wconf 84' lang='lat' dir='ltr'><strong>spirat.</strong></span> 
     </span>
    </p>
   </div>
   <div class='ocr_carea' id='block_1_46' title="bbox 80 3035 1597 3109">
    <p class='ocr_par' dir='ltr' id='par_1_46' title="bbox 80 3035 1597 3109">
     <span class='ocr_line' id='line_1_46' title="bbox 80 3035 1597 3109; baseline 0.01 -22"><span class='ocrx_word' id='word_1_296' title='bbox 80 3035 476 3109; x_wconf 48' lang='lat' dir='ltr'><strong>CXLIII-(XLV:</strong></span> <span class='ocrx_word' id='word_1_297' title='bbox 519 3039 837 3096; x_wconf 72' lang='lat' dir='ltr'><strong>Theodosius</strong></span> <span class='ocrx_word' id='word_1_298' title='bbox 891 3042 1395 3109; x_wconf 80' lang='lat' dir='ltr'><strong>Constantinopolim</strong></span> <span class='ocrx_word' id='word_1_299' title='bbox 1441 3050 1597 3103; x_wconf 80' lang='lat' dir='ltr'><strong>venit.</strong></span> 
     </span>
    </p>
   </div>
   <div class='ocr_carea' id='block_1_47' title="bbox 130 3105 1666 3194">
    <p class='ocr_par' dir='ltr' id='par_1_47' title="bbox 130 3105 1666 3194">
     <span class='ocr_line' id='line_1_47' title="bbox 130 3105 1666 3194; baseline 0.01 -36"><span class='ocrx_word' id='word_1_300' title='bbox 130 3105 743 3194; x_wconf 51' lang='lat' dir='ltr'><strong>llonrzriﬁceGregorium</strong></span> <span class='ocrx_word' id='word_1_301' title='bbox 775 3114 961 3194; x_wconf 58' lang='lat' dir='ltr'><strong>accipit</strong></span> <span class='ocrx_word' id='word_1_302' title='bbox 988 3130 1006 3167; x_wconf 91' lang='lat'><strong><em>:</em></strong></span> <span class='ocrx_word' id='word_1_303' title='bbox 1034 3105 1389 3194; x_wconf 65' lang='lat' dir='ltr'><strong>IleinOpIiilnnt</strong></span> <span class='ocrx_word' id='word_1_304' title='bbox 1417 3118 1554 3194; x_wconf 69' lang='lat' dir='ltr'><strong>ejirit</strong></span> <span class='ocrx_word' id='word_1_305' title='bbox 1582 3135 1596 3172; x_wconf 67' lang='grc' dir='ltr'><em>ξ</em></span> <span class='ocrx_word' id='word_1_306' title='bbox 1626 3138 1666 3194; x_wconf 79' lang='lat' dir='ltr'>C</span> 
     </span>
    </p>
   </div>
   <div class='ocr_carea' id='block_1_48' title="bbox 126 3177 1592 3252">
    <p class='ocr_par' dir='ltr' id='par_1_48' title="bbox 126 3177 1592 3252">
     <span class='ocr_line' id='line_1_48' title="bbox 126 3177 1592 3252; baseline 0.009 -25"><span class='ocrx_word' id='word_1_307' title='bbox 126 3177 338 3252; x_wconf 50' lang='lat' dir='ltr'><strong>ecclesias</strong></span> <span class='ocrx_word' id='word_1_308' title='bbox 388 3179 676 3252; x_wconf 55' lang='lat' dir='ltr'><strong>Crit/colicis</strong></span> <span class='ocrx_word' id='word_1_309' title='bbox 714 3186 957 3235; x_wconf 79' lang='lat' dir='ltr'><strong>restituit.</strong></span> <span class='ocrx_word' id='word_1_310' title='bbox 1030 3177 1281 3252; x_wconf 67' lang='lat' dir='ltr'><strong>lllnjorem</strong></span> <span class='ocrx_word' id='word_1_311' title='bbox 1325 3177 1592 3240; x_wconf 76' lang='lat' dir='ltr'><strong>basrlicnm</strong></span> 
     </span>
    </p>
   </div>
   <div class='ocr_carea' id='block_1_49' title="bbox 127 3244 1593 3320">
    <p class='ocr_par' dir='ltr' id='par_1_49' title="bbox 127 3244 1593 3320">
     <span class='ocr_line' id='line_1_49' title="bbox 127 3244 1593 3320; baseline 0.01 -25"><span class='ocrx_word' id='word_1_312' title='bbox 127 3244 389 3313; x_wconf 79' lang='lat' dir='ltr'><strong>ingreditur</strong></span> <span class='ocrx_word' id='word_1_313' title='bbox 424 3247 709 3317; x_wconf 70' lang='lat' dir='ltr'><strong>Gregorius</strong></span> <span class='ocrx_word' id='word_1_314' title='bbox 744 3269 849 3303; x_wconf 83' lang='lat' dir='ltr'><strong>una</strong></span> <span class='ocrx_word' id='word_1_315' title='bbox 883 3270 997 3305; x_wconf 86' lang='lat' dir='ltr'><strong>cum</strong></span> <span class='ocrx_word' id='word_1_316' title='bbox 1030 3244 1322 3307; x_wconf 70' lang='lat' dir='ltr'><strong>Theodosio</strong></span> <span class='ocrx_word' id='word_1_317' title='bbox 1349 3273 1366 3308; x_wconf 89' lang='lat'><strong><em>:</em></strong></span> <span class='ocrx_word' id='word_1_318' title='bbox 1390 3258 1593 3320; x_wconf 71' lang='lat' dir='ltr'><strong>caelum,</strong></span> 
     </span>
    </p>
   </div>
   <div class='ocr_carea' id='block_1_50' title="bbox 124 3319 1595 3395">
    <p class='ocr_par' dir='ltr' id='par_1_50' title="bbox 124 3319 1595 3395">
     <span class='ocr_line' id='line_1_50' title="bbox 124 3319 1595 3395; baseline 0.01 -30"><span class='ocrx_word' id='word_1_319' title='bbox 124 3319 239 3395; x_wconf 56' lang='lat' dir='ltr'><strong>quod</strong></span> <span class='ocrx_word' id='word_1_320' title='bbox 270 3330 423 3372; x_wconf 74' lang='lat' dir='ltr'><strong>antea</strong></span> <span class='ocrx_word' id='word_1_321' title='bbox 465 3320 704 3395; x_wconf 74' lang='lat' dir='ltr'><strong>nubilum</strong></span> <span class='ocrx_word' id='word_1_322' title='bbox 733 3331 871 3386; x_wconf 84' lang='lat' dir='ltr'><strong>erat,</strong></span> <span class='ocrx_word' id='word_1_323' title='bbox 900 3334 1174 3377; x_wconf 83' lang='lat' dir='ltr'><strong>serenatur</strong></span> <span class='ocrx_word' id='word_1_324' title='bbox 1207 3331 1273 3377; x_wconf 81' lang='lat' dir='ltr'><strong>ad</strong></span> <span class='ocrx_word' id='word_1_325' title='bbox 1307 3327 1595 3395; x_wconf 76' lang='lat' dir='ltr'><strong>ingressum</strong></span> 
     </span>
    </p>
   </div>
   <div class='ocr_carea' id='block_1_51' title="bbox 123 3386 724 3455">
    <p class='ocr_par' dir='ltr' id='par_1_51' title="bbox 123 3386 724 3455">
     <span class='ocr_line' id='line_1_51' title="bbox 123 3386 724 3455; baseline 0.008 -17"><span class='ocrx_word' id='word_1_326' title='bbox 123 3386 328 3455; x_wconf 69' lang='lat' dir='ltr'><strong>Gregorii</strong></span> <span class='ocrx_word' id='word_1_327' title='bbox 356 3390 410 3441; x_wconf 83' lang='lat' dir='ltr'><strong>in</strong></span> <span class='ocrx_word' id='word_1_328' title='bbox 450 3401 496 3441; x_wconf 82' lang='lat' dir='ltr'><strong>te</strong></span> <span class='ocrx_word' id='word_1_329' title='bbox 506 3390 724 3455; x_wconf 82' lang='lat' dir='ltr'><strong>mplum.</strong></span> 
     </span>
    </p>
   </div>
   <div class='ocr_carea' id='block_1_52' title="bbox 125 3474 1597 3542">
    <p class='ocr_par' dir='ltr' id='par_1_52' title="bbox 125 3474 1597 3542">
     <span class='ocr_line' id='line_1_52' title="bbox 125 3474 1597 3542; baseline 0.01 -16"><span class='ocrx_word' id='word_1_330' title='bbox 125 3474 204 3529; x_wconf 88' lang='lat' dir='ltr'><strong>llic</strong></span> <span class='ocrx_word' id='word_1_331' title='bbox 232 3488 341 3530; x_wconf 88' lang='lat' dir='ltr'><strong>erat</strong></span> <span class='ocrx_word' id='word_1_332' title='bbox 379 3494 567 3533; x_wconf 85' lang='lat' dir='ltr'><strong>rerum</strong></span> <span class='ocrx_word' id='word_1_333' title='bbox 606 3488 800 3542; x_wconf 83' lang='lat' dir='ltr'><strong>status,</strong></span> <span class='ocrx_word' id='word_1_334' title='bbox 831 3494 950 3533; x_wconf 85' lang='lat' dir='ltr'><strong>cum</strong></span> <span class='ocrx_word' id='word_1_335' title='bbox 985 3480 1322 3539; x_wconf 87' lang='lat' dir='ltr'><strong>Theodosius</strong></span> <span class='ocrx_word' id='word_1_336' title='bbox 1366 3484 1597 3540; x_wconf 86' lang='lat' dir='ltr'><strong>Thessa—</strong></span> 
     </span>
    </p>
   </div>
   <div class='ocr_carea' id='block_1_53' title="bbox 73 3566 1596 3643">
    <p class='ocr_par' dir='ltr' id='par_1_53' title="bbox 73 3566 1596 3643">
     <span class='ocr_line' id='line_1_53' title="bbox 73 3566 1596 3643; baseline 0.009 -26"><span class='ocrx_word' id='word_1_337' title='bbox 73 3566 205 3620; x_wconf 83' lang='lat' dir='ltr'><strong>lonica</strong></span> <span class='ocrx_word' id='word_1_338' title='bbox 250 3569 780 3639; x_wconf 83' lang='lat' dir='ltr'><strong>Constantinopolim</strong></span> <span class='ocrx_word' id='word_1_339' title='bbox 823 3573 971 3627; x_wconf 84' lang='lat' dir='ltr'><strong>venit</strong></span> <span class='ocrx_word' id='word_1_340' title='bbox 1006 3573 1093 3627; x_wconf 89' lang='lat' dir='ltr'><strong>die</strong></span> <span class='ocrx_word' id='word_1_341' title='bbox 1139 3573 1460 3631; x_wconf 78' lang='lat' dir='ltr'><strong>Novembris</strong></span> <span class='ocrx_word' id='word_1_342' title='bbox 1502 3578 1596 3643; x_wconf 74' lang='grc'><strong>24,</strong></span> 
     </span>
    </p>
   </div>
   <div class='ocr_carea' id='block_1_54' title="bbox 72 3661 1597 3735">
    <p class='ocr_par' dir='ltr' id='par_1_54' title="bbox 72 3661 1597 3735">
     <span class='ocr_line' id='line_1_54' title="bbox 72 3661 1597 3735; baseline 0.01 -28"><span class='ocrx_word' id='word_1_343' title='bbox 72 3661 167 3711; x_wconf 83' lang='lat' dir='ltr'><strong>anni</strong></span> <span class='ocrx_word' id='word_1_344' title='bbox 197 3661 309 3714; x_wconf 79' lang='lat'><strong>580.</strong></span> <span class='ocrx_word' id='word_1_345' title='bbox 338 3662 424 3714; x_wconf 80' lang='lat' dir='ltr'><strong>Ab</strong></span> <span class='ocrx_word' id='word_1_346' title='bbox 453 3663 576 3731; x_wconf 88' lang='lat' dir='ltr'><strong>ipso</strong></span> <span class='ocrx_word' id='word_1_347' title='bbox 602 3663 809 3731; x_wconf 90' lang='lat' dir='ltr'><strong>imperii</strong></span> <span class='ocrx_word' id='word_1_348' title='bbox 839 3664 921 3718; x_wconf 89' lang='lat' dir='ltr'><strong>sui</strong></span> <span class='ocrx_word' id='word_1_349' title='bbox 954 3665 1107 3719; x_wconf 90' lang='lat' dir='ltr'><strong>initio</strong></span> <span class='ocrx_word' id='word_1_350' title='bbox 1152 3666 1286 3720; x_wconf 87' lang='lat' dir='ltr'><strong>nihil</strong></span> <span class='ocrx_word' id='word_1_351' title='bbox 1321 3669 1597 3735; x_wconf 85' lang='lat' dir='ltr'><strong>antiquius</strong></span> 
     </span>
    </p>
   </div>
   <div class='ocr_carea' id='block_1_55' title="bbox 71 3749 1591 3821">
    <p class='ocr_par' dir='ltr' id='par_1_55' title="bbox 71 3749 1591 3821">
     <span class='ocr_line' id='line_1_55' title="bbox 71 3749 1591 3821; baseline 0.011 -23"><span class='ocrx_word' id='word_1_352' title='bbox 71 3749 284 3804; x_wconf 83' lang='lat' dir='ltr'><strong>habuerat</strong></span> <span class='ocrx_word' id='word_1_353' title='bbox 330 3768 495 3821; x_wconf 86' lang='lat' dir='ltr'><strong>quam</strong></span> <span class='ocrx_word' id='word_1_354' title='bbox 547 3754 613 3807; x_wconf 90' lang='lat' dir='ltr'><strong>de</strong></span> <span class='ocrx_word' id='word_1_355' title='bbox 661 3753 765 3809; x_wconf 87' lang='lat' dir='ltr'><strong>ﬁde</strong></span> <span class='ocrx_word' id='word_1_356' title='bbox 817 3756 1081 3809; x_wconf 87' lang='lat' dir='ltr'><strong>catholica</strong></span> <span class='ocrx_word' id='word_1_357' title='bbox 1152 3757 1289 3811; x_wconf 89' lang='lat' dir='ltr'><strong>bene</strong></span> <span class='ocrx_word' id='word_1_358' title='bbox 1350 3760 1591 3814; x_wconf 85' lang='lat' dir='ltr'><strong>mereri:</strong></span> 
     </span>
    </p>
   </div>
   <div class='ocr_carea' id='block_1_56' title="bbox 75 3840 1595 3919">
    <p class='ocr_par' dir='ltr' id='par_1_56' title="bbox 75 3840 1595 3919">
     <span class='ocr_line' id='line_1_56' title="bbox 75 3840 1595 3919; baseline 0.007 -26"><span class='ocrx_word' id='word_1_359' title='bbox 75 3840 391 3900; x_wconf 72' lang='lat' dir='ltr'><strong>«iustissimis</strong></span> <span class='ocrx_word' id='word_1_360' title='bbox 430 3856 487 3901; x_wconf 92' lang='lat' dir='ltr'><strong>et</strong></span> <span class='ocrx_word' id='word_1_361' title='bbox 519 3847 1047 3903; x_wconf 85' lang='lat' dir='ltr'><strong>misericordissimis</strong></span> <span class='ocrx_word' id='word_1_362' title='bbox 1083 3850 1312 3919; x_wconf 85' lang='lat' dir='ltr'><strong>legibus,</strong></span> <span class='ocrx_word' id='word_1_363' title='bbox 1337 3871 1357 3904; x_wconf 84' lang='grc'>›</span> <span class='ocrx_word' id='word_1_364' title='bbox 1393 3861 1452 3904; x_wconf 86' lang='grc' dir='ltr'><strong>ιιι</strong></span> <span class='ocrx_word' id='word_1_365' title='bbox 1484 3853 1595 3905; x_wconf 88' lang='lat' dir='ltr'><strong>Au-</strong></span> 
     </span>
    </p>
   </div>
   <div class='ocr_carea' id='block_1_57' title="bbox 70 3934 1591 4011">
    <p class='ocr_par' dir='ltr' id='par_1_57' title="bbox 70 3934 1591 4011">
     <span class='ocr_line' id='line_1_57' title="bbox 70 3934 1591 4011; baseline 0.01 -29"><span class='ocrx_word' id='word_1_366' title='bbox 70 3934 224 3998; x_wconf 76' lang='lat' dir='ltr'><strong>gustini</strong></span> <span class='ocrx_word' id='word_1_367' title='bbox 250 3938 431 3991; x_wconf 87' lang='lat' dir='ltr'><strong>verbis</strong></span> <span class='ocrx_word' id='word_1_368' title='bbox 460 3947 589 3991; x_wconf 90' lang='lat' dir='ltr'><strong>utar</strong></span> <span class='ocrx_word' id='word_1_369' title='bbox 622 3940 721 4007; x_wconf 63' lang='lat' dir='ltr'><strong>(li),</strong></span> <span class='ocrx_word' id='word_1_370' title='bbox 761 3956 780 3989; x_wconf 82' lang='lat'><strong>¢</strong></span> <span class='ocrx_word' id='word_1_371' title='bbox 805 3941 1067 3996; x_wconf 87' lang='lat' dir='ltr'><strong>adversus</strong></span> <span class='ocrx_word' id='word_1_372' title='bbox 1098 3941 1293 4011; x_wconf 85' lang='lat' dir='ltr'><strong>impios</strong></span> <span class='ocrx_word' id='word_1_373' title='bbox 1327 3944 1591 3997; x_wconf 89' lang='lat' dir='ltr'><strong>laboranti</strong></span> 
     </span>
    </p>
   </div>
   <div class='ocr_carea' id='block_1_58' title="bbox 71 4022 1594 4103">
    <p class='ocr_par' dir='ltr' id='par_1_58' title="bbox 71 4022 1594 4103">
     <span class='ocr_line' id='line_1_58' title="bbox 71 4022 1594 4103; baseline 0.011 -30"><span class='ocrx_word' id='word_1_374' title='bbox 71 4022 272 4081; x_wconf 67' lang='lat' dir='ltr'><strong>Ecclesite</strong></span> <span class='ocrx_word' id='word_1_375' title='bbox 299 4028 637 4083; x_wconf 72' lang='lat' dir='ltr'><strong>subvenires</strong></span> <span class='ocrx_word' id='word_1_376' title='bbox 683 4047 787 4084; x_wconf 91' lang='lat' dir='ltr'><strong>non</strong></span> <span class='ocrx_word' id='word_1_377' title='bbox 833 4042 1164 4094; x_wconf 79' lang='lat' dir='ltr'><strong>cess:iverat,</strong></span> <span class='ocrx_word' id='word_1_378' title='bbox 1202 4050 1363 4103; x_wconf 86' lang='lat' dir='ltr'><strong>quam</strong></span> <span class='ocrx_word' id='word_1_379' title='bbox 1403 4033 1594 4089; x_wconf 80' lang='lat' dir='ltr'><strong>Valens</strong></span> 
     </span>
    </p>
   </div>
   <div class='ocr_carea' id='block_1_59' title="bbox 68 4114 1595 4189">
    <p class='ocr_par' dir='ltr' id='par_1_59' title="bbox 68 4114 1595 4189">
     <span class='ocr_line' id='line_1_59' title="bbox 68 4114 1595 4189; baseline 0.009 -26"><span class='ocrx_word' id='word_1_380' title='bbox 68 4114 327 4183; x_wconf 58' lang='lat' dir='ltr'><strong>hereticus,</strong></span> <span class='ocrx_word' id='word_1_381' title='bbox 380 4120 632 4186; x_wconf 88' lang='lat' dir='ltr'><strong>impense</strong></span> <span class='ocrx_word' id='word_1_382' title='bbox 691 4121 878 4175; x_wconf 84' lang='lat' dir='ltr'><strong>favens</strong></span> <span class='ocrx_word' id='word_1_383' title='bbox 935 4123 1187 4189; x_wconf 78' lang='lat' dir='ltr'><strong>Arionis,</strong></span> <span class='ocrx_word' id='word_1_384' title='bbox 1246 4123 1595 4179; x_wconf 83' lang='lat' dir='ltr'><strong>vehementer</strong></span> 
     </span>
    </p>
   </div>
   <div class='ocr_carea' id='block_1_60' title="bbox 66 4205 1597 4286">
    <p class='ocr_par' dir='ltr' id='par_1_60' title="bbox 66 4205 1597 4286">
     <span class='ocr_line' id='line_1_60' title="bbox 66 4205 1597 4286; baseline 0.011 -32"><span class='ocrx_word' id='word_1_385' title='bbox 66 4205 309 4276; x_wconf 72' lang='lat' dir='ltr'><strong>amiserat;</strong></span> <span class='ocrx_word' id='word_1_386' title='bbox 347 4213 510 4280; x_wconf 89' lang='lat' dir='ltr'><strong>cujus</strong></span> <span class='ocrx_word' id='word_1_387' title='bbox 546 4211 802 4267; x_wconf 61' lang='lat' dir='ltr'><strong>Ecclesiae</strong></span> <span class='ocrx_word' id='word_1_388' title='bbox 839 4232 858 4265; x_wconf 80' lang='grc' dir='ltr'><strong>ι</strong></span> <span class='ocrx_word' id='word_1_389' title='bbox 893 4214 1192 4269; x_wconf 89' lang='lat' dir='ltr'><strong>membrum</strong></span> <span class='ocrx_word' id='word_1_390' title='bbox 1236 4230 1377 4281; x_wconf 87' lang='lat' dir='ltr'><strong>esse,</strong></span> <span class='ocrx_word' id='word_1_391' title='bbox 1425 4217 1597 4286; x_wconf 88' lang='lat' dir='ltr'><strong>magis</strong></span> 
     </span>
    </p>
   </div>
   <div class='ocr_carea' id='block_1_61' title="bbox 63 4304 1590 4378">
    <p class='ocr_par' dir='ltr' id='par_1_61' title="bbox 63 4304 1590 4378">
     <span class='ocr_line' id='line_1_61' title="bbox 63 4304 1590 4378; baseline 0.007 -28"><span class='ocrx_word' id='word_1_392' title='bbox 63 4316 183 4367; x_wconf 85' lang='lat' dir='ltr'><strong>quam</strong></span> <span class='ocrx_word' id='word_1_393' title='bbox 229 4304 278 4357; x_wconf 91' lang='lat' dir='ltr'><strong>in</strong></span> <span class='ocrx_word' id='word_1_394' title='bbox 337 4307 507 4363; x_wconf 89' lang='lat' dir='ltr'><strong>terris</strong></span> <span class='ocrx_word' id='word_1_395' title='bbox 579 4321 806 4377; x_wconf 86' lang='lat' dir='ltr'><strong>regnare</strong></span> <span class='ocrx_word' id='word_1_396' title='bbox 861 4308 1204 4377; x_wconf 55' lang='lat' dir='ltr'><strong>gaudebata</strong></span> <span class='ocrx_word' id='word_1_397' title='bbox 1266 4307 1590 4378; x_wconf 81' lang='lat' dir='ltr'><strong>Gregorium</strong></span> 
     </span>
    </p>
   </div>
   <div class='ocr_carea' id='block_1_62' title="bbox 62 4396 1587 4468">
    <p class='ocr_par' dir='ltr' id='par_1_62' title="bbox 62 4396 1587 4468">
     <span class='ocr_line' id='line_1_62' title="bbox 62 4396 1587 4468; baseline 0.007 -27"><span class='ocrx_word' id='word_1_398' title='bbox 62 4403 185 4454; x_wconf 83' lang='lat' dir='ltr'><strong>quam</strong></span> <span class='ocrx_word' id='word_1_399' title='bbox 218 4396 765 4452; x_wconf 86' lang='lat' dir='ltr'><strong>honoriﬁcentissime</strong></span> <span class='ocrx_word' id='word_1_400' title='bbox 801 4398 1134 4455; x_wconf 85' lang='lat' dir='ltr'><strong>Theodosius</strong></span> <span class='ocrx_word' id='word_1_401' title='bbox 1181 4400 1419 4468; x_wconf 83' lang='lat' dir='ltr'><strong>excipit,</strong></span> <span class='ocrx_word' id='word_1_402' title='bbox 1469 4414 1587 4452; x_wconf 87' lang='lat' dir='ltr'><strong>am-</strong></span> 
     </span>
    </p>
   </div>
   <div class='ocr_carea' id='block_1_63' title="bbox 61 4473 2044 4562">
    <p class='ocr_par' dir='ltr' id='par_1_63' title="bbox 61 4473 2044 4562">
     <span class='ocr_line' id='line_1_63' title="bbox 61 4473 2044 4562; baseline 0.008 -34"><span class='ocrx_word' id='word_1_403' title='bbox 61 4478 274 4545; x_wconf 73' lang='lat' dir='ltr'><strong>plexatur,</strong></span> <span class='ocrx_word' id='word_1_404' title='bbox 301 4482 547 4554; x_wconf 75' lang='lat' dir='ltr'><strong>benigne</strong></span> <span class='ocrx_word' id='word_1_405' title='bbox 582 4485 900 4553; x_wconf 74' lang='lat' dir='ltr'><strong>alloipiitur,</strong></span> <span class='ocrx_word' id='word_1_406' title='bbox 933 4488 1261 4557; x_wconf 82' lang='lat' dir='ltr'><strong>praecipuam</strong></span> <span class='ocrx_word' id='word_1_407' title='bbox 1304 4488 1454 4544; x_wconf 89' lang='lat' dir='ltr'><strong>urbis</strong></span> <span class='ocrx_word' id='word_1_408' title='bbox 1501 4505 1591 4544; x_wconf 80' lang='lat' dir='ltr'><strong>ec-</strong></span> <span class='ocrx_word' id='word_1_409' title='bbox 1628 4473 1668 4526; x_wconf 80' lang='grc' dir='ltr'><strong>Ῑ)</strong></span> <span class='ocrx_word' id='word_1_410' title='bbox 1698 4492 1986 4562; x_wconf 78' lang='lat' dir='ltr'><strong>Gregorius</strong></span> <span class='ocrx_word' id='word_1_411' title='bbox 2032 4509 2044 4543; x_wconf 94' lang='lat'>:</span> 
     </span>
    </p>
   </div>
   <div class='ocr_carea' id='block_1_64' title="bbox 60 4567 1590 4648">
    <p class='ocr_par' dir='ltr' id='par_1_64' title="bbox 60 4567 1590 4648">
     <span class='ocr_line' id='line_1_64' title="bbox 60 4567 1590 4648; baseline 0.012 -33"><span class='ocrx_word' id='word_1_412' title='bbox 60 4567 265 4635; x_wconf 68' lang='lat' dir='ltr'><strong>clesiain,</strong></span> <span class='ocrx_word' id='word_1_413' title='bbox 327 4575 596 4629; x_wconf 81' lang='lat' dir='ltr'><strong>nimirum</strong></span> <span class='ocrx_word' id='word_1_414' title='bbox 657 4576 868 4631; x_wconf 69' lang='lat' dir='ltr'><strong>Sancta:</strong></span> <span class='ocrx_word' id='word_1_415' title='bbox 920 4576 1157 4647; x_wconf 69' lang='lat' dir='ltr'><strong>Sophim,</strong></span> <span class='ocrx_word' id='word_1_416' title='bbox 1211 4595 1368 4648; x_wconf 88' lang='lat' dir='ltr'><strong>quam</strong></span> <span class='ocrx_word' id='word_1_417' title='bbox 1437 4581 1590 4634; x_wconf 88' lang='lat' dir='ltr'><strong>annis</strong></span> 
     </span>
    </p>
   </div>
   <div class='ocr_carea' id='block_1_65' title="bbox 58 4662 1589 4733">
    <p class='ocr_par' dir='ltr' id='par_1_65' title="bbox 58 4662 1589 4733">
     <span class='ocr_line' id='line_1_65' title="bbox 58 4662 1589 4733; baseline 0.012 -27"><span class='ocrx_word' id='word_1_418' title='bbox 58 4662 361 4732; x_wconf 75' lang='lat' dir='ltr'><strong>quadraginta</strong></span> <span class='ocrx_word' id='word_1_419' title='bbox 399 4678 809 4733; x_wconf 84' lang='lat' dir='ltr'><strong>occupaverant</strong></span> <span class='ocrx_word' id='word_1_420' title='bbox 840 4670 1047 4733; x_wconf 86' lang='lat' dir='ltr'><strong>Ariani,</strong></span> <span class='ocrx_word' id='word_1_421' title='bbox 1083 4670 1244 4722; x_wconf 89' lang='lat' dir='ltr'><strong>tradit</strong></span> <span class='ocrx_word' id='word_1_422' title='bbox 1281 4672 1363 4723; x_wconf 90' lang='lat' dir='ltr'><strong>his</strong></span> <span class='ocrx_word' id='word_1_423' title='bbox 1411 4671 1589 4724; x_wconf 81' lang='lat' dir='ltr'><strong>verbis</strong></span> 
     </span>
    </p>
   </div>
   <div class='ocr_carea' id='block_1_66' title="bbox 58 4755 1586 4827">
    <p class='ocr_par' dir='ltr' id='par_1_66' title="bbox 58 4755 1586 4827">
     <span class='ocr_line' id='line_1_66' title="bbox 58 4755 1586 4827; baseline 0.014 -33"><span class='ocrx_word' id='word_1_424' title='bbox 58 4760 147 4799; x_wconf 90' lang='lat' dir='ltr'><strong>cum</strong></span> <span class='ocrx_word' id='word_1_425' title='bbox 185 4755 516 4824; x_wconf 81' lang='lat' dir='ltr'><strong>compellans</strong></span> <span class='ocrx_word' id='word_1_426' title='bbox 548 4756 661 4827; x_wconf 76' lang='lat' dir='ltr'><strong>(c):</strong></span> <span class='ocrx_word' id='word_1_427' title='bbox 705 4775 724 4807; x_wconf 82' lang='grc' dir='ltr'><strong>ι</strong></span> <span class='ocrx_word' id='word_1_428' title='bbox 756 4757 855 4810; x_wconf 86' lang='lat' dir='ltr'><strong>Dat</strong></span> <span class='ocrx_word' id='word_1_429' title='bbox 883 4757 975 4811; x_wconf 82' lang='lat' dir='ltr'><strong>tibi</strong></span> <span class='ocrx_word' id='word_1_430' title='bbox 1014 4760 1150 4814; x_wconf 88' lang='lat' dir='ltr'><strong>Deus</strong></span> <span class='ocrx_word' id='word_1_431' title='bbox 1182 4770 1236 4814; x_wconf 82' lang='lat' dir='ltr'><strong>et</strong></span> <span class='ocrx_word' id='word_1_432' title='bbox 1284 4760 1391 4816; x_wconf 90' lang='lat' dir='ltr'><strong>tuis</strong></span> <span class='ocrx_word' id='word_1_433' title='bbox 1435 4761 1586 4815; x_wconf 55' lang='lat' dir='ltr'><strong>Iabo-e</strong></span> 
     </span>
    </p>
   </div>
   <div class='ocr_carea' id='block_1_67' title="bbox 59 4841 1591 4924">
    <p class='ocr_par' dir='ltr' id='par_1_67' title="bbox 59 4841 1591 4924">
     <span class='ocr_line' id='line_1_67' title="bbox 59 4841 1591 4924; baseline 0.012 -32"><span class='ocrx_word' id='word_1_434' title='bbox 59 4841 172 4896; x_wconf 84' lang='lat' dir='ltr'><strong>ribus</strong></span> <span class='ocrx_word' id='word_1_435' title='bbox 202 4860 289 4915; x_wconf 88' lang='lat' dir='ltr'><strong>per</strong></span> <span class='ocrx_word' id='word_1_436' title='bbox 334 4864 436 4903; x_wconf 89' lang='lat' dir='ltr'><strong>nos</strong></span> <span class='ocrx_word' id='word_1_437' title='bbox 482 4848 741 4918; x_wconf 89' lang='lat' dir='ltr'><strong>templum</strong></span> <span class='ocrx_word' id='word_1_438' title='bbox 794 4849 954 4912; x_wconf 87' lang='lat' dir='ltr'><strong>istud,</strong></span> <span class='ocrx_word' id='word_1_439' title='bbox 985 4868 1004 4901; x_wconf 77' lang='grc' dir='ltr'><strong>ι</strong></span> <span class='ocrx_word' id='word_1_440' title='bbox 1041 4862 1147 4906; x_wconf 91' lang='lat' dir='ltr'><strong>etc.</strong></span> <span class='ocrx_word' id='word_1_441' title='bbox 1195 4854 1591 4924; x_wconf 88' lang='lat' dir='ltr'><strong>Detnophilum,</strong></span> 
     </span>
    </p>
   </div>
   <div class='ocr_carea' id='block_1_68' title="bbox 56 4932 1591 5010">
    <p class='ocr_par' dir='ltr' id='par_1_68' title="bbox 56 4932 1591 5010">
     <span class='ocr_line' id='line_1_68' title="bbox 56 4932 1591 5010; baseline 0.014 -28"><span class='ocrx_word' id='word_1_442' title='bbox 56 4932 121 4995; x_wconf 90' lang='lat' dir='ltr'><strong>qui</strong></span> <span class='ocrx_word' id='word_1_443' title='bbox 166 4935 400 4993; x_wconf 78' lang='lat' dir='ltr'><strong>Eudoxio</strong></span> <span class='ocrx_word' id='word_1_444' title='bbox 436 4939 652 4995; x_wconf 79' lang='lat' dir='ltr'><strong>Atiano</strong></span> <span class='ocrx_word' id='word_1_445' title='bbox 699 4942 931 4996; x_wconf 86' lang='lat' dir='ltr'><strong>Ariantts</strong></span> <span class='ocrx_word' id='word_1_446' title='bbox 986 4942 1100 5010; x_wconf 85' lang='lat' dir='ltr'><strong>ipse</strong></span> <span class='ocrx_word' id='word_1_447' title='bbox 1151 4954 1489 4999; x_wconf 88' lang='lat' dir='ltr'><strong>successerat</strong></span> <span class='ocrx_word' id='word_1_448' title='bbox 1534 4948 1591 5002; x_wconf 79' lang='lat' dir='ltr'><strong>in</strong></span> 
     </span>
    </p>
   </div>
   <div class='ocr_carea' id='block_1_69' title="bbox 55 5018 1585 5107">
    <p class='ocr_par' dir='ltr' id='par_1_69' title="bbox 55 5018 1585 5107">
     <span class='ocr_line' id='line_1_69' title="bbox 55 5018 1585 5107; baseline 0.014 -34"><span class='ocrx_word' id='word_1_449' title='bbox 55 5018 616 5100; x_wconf 73' lang='lat' dir='ltr'><strong>Constantinopolitana</strong></span> <span class='ocrx_word' id='word_1_450' title='bbox 697 5034 863 5098; x_wconf 85' lang='lat' dir='ltr'><strong>sede,</strong></span> <span class='ocrx_word' id='word_1_451' title='bbox 940 5036 1170 5090; x_wconf 80' lang='lat' dir='ltr'><strong>accersit</strong></span> <span class='ocrx_word' id='word_1_452' title='bbox 1255 5039 1585 5107; x_wconf 87' lang='lat' dir='ltr'><strong>imperator,</strong></span> 
     </span>
    </p>
   </div>
   <div class='ocr_carea' id='block_1_70' title="bbox 55 5122 1591 5183">
    <p class='ocr_par' dir='ltr' id='par_1_70' title="bbox 55 5122 1591 5183">
     <span class='ocr_line' id='line_1_70' title="bbox 55 5122 1591 5183; baseline 0.014 -22"><span class='ocrx_word' id='word_1_453' title='bbox 55 5127 200 5170; x_wconf 83' lang='lat' dir='ltr'><strong>monet</strong></span> <span class='ocrx_word' id='word_1_454' title='bbox 247 5130 302 5173; x_wconf 90' lang='lat' dir='ltr'><strong>ut</strong></span> <span class='ocrx_word' id='word_1_455' title='bbox 336 5122 599 5177; x_wconf 87' lang='lat' dir='ltr'><strong>abdicata</strong></span> <span class='ocrx_word' id='word_1_456' title='bbox 640 5124 830 5179; x_wconf 69' lang='lat' dir='ltr'><strong>hmresi</strong></span> <span class='ocrx_word' id='word_1_457' title='bbox 887 5126 1045 5180; x_wconf 88' lang='lat' dir='ltr'><strong>Iidem</strong></span> <span class='ocrx_word' id='word_1_458' title='bbox 1101 5127 1423 5182; x_wconf 88' lang='lat' dir='ltr'><strong>catholicam</strong></span> <span class='ocrx_word' id='word_1_459' title='bbox 1469 5142 1591 5183; x_wconf 79' lang='lat' dir='ltr'><strong>cum</strong></span> 
     </span>
    </p>
   </div>
   <div class='ocr_carea' id='block_1_71' title="bbox 55 5206 1583 5287">
    <p class='ocr_par' dir='ltr' id='par_1_71' title="bbox 55 5206 1583 5287">
     <span class='ocr_line' id='line_1_71' title="bbox 55 5206 1583 5287; baseline 0.012 -29"><span class='ocrx_word' id='word_1_460' title='bbox 55 5206 136 5260; x_wconf 73' lang='lat' dir='ltr'><strong>Suis</strong></span> <span class='ocrx_word' id='word_1_461' title='bbox 168 5213 518 5281; x_wconf 86' lang='lat' dir='ltr'><strong>proﬁteatur;</strong></span> <span class='ocrx_word' id='word_1_462' title='bbox 572 5218 711 5284; x_wconf 90' lang='lat' dir='ltr'><strong>quod</strong></span> <span class='ocrx_word' id='word_1_463' title='bbox 746 5234 811 5272; x_wconf 91' lang='lat' dir='ltr'><strong>eo</strong></span> <span class='ocrx_word' id='word_1_464' title='bbox 849 5229 1104 5287; x_wconf 85' lang='lat' dir='ltr'><strong>negante,</strong></span> <span class='ocrx_word' id='word_1_465' title='bbox 1144 5219 1307 5286; x_wconf 85' lang='lat' dir='ltr'><strong>jussit</strong></span> <span class='ocrx_word' id='word_1_466' title='bbox 1342 5220 1583 5276; x_wconf 84' lang='lat' dir='ltr'><strong>Theodo-</strong></span> 
     </span>
    </p>
   </div>
   <div class='ocr_carea' id='block_1_72' title="bbox 54 5297 1583 5382">
    <p class='ocr_par' dir='ltr' id='par_1_72' title="bbox 54 5297 1583 5382">
     <span class='ocr_line' id='line_1_72' title="bbox 54 5297 1583 5382; baseline 0.016 -38"><span class='ocrx_word' id='word_1_467' title='bbox 54 5297 137 5349; x_wconf 80' lang='lat' dir='ltr'><strong>sius</strong></span> <span class='ocrx_word' id='word_1_468' title='bbox 170 5304 443 5361; x_wconf 69' lang='lat' dir='ltr'><strong>haereticos</strong></span> <span class='ocrx_word' id='word_1_469' title='bbox 479 5308 730 5363; x_wconf 87' lang='lat' dir='ltr'><strong>ecclesiis</strong></span> <span class='ocrx_word' id='word_1_470' title='bbox 760 5313 1046 5378; x_wconf 82' lang='lat' dir='ltr'><strong>excedere,</strong></span> <span class='ocrx_word' id='word_1_471' title='bbox 1093 5327 1227 5382; x_wconf 84' lang='lat' dir='ltr'><strong>quas</strong></span> <span class='ocrx_word' id='word_1_472' title='bbox 1264 5313 1583 5368; x_wconf 78' lang='lat' dir='ltr'><strong>orthodoxis</strong></span> 
     </span>
    </p>
   </div>
   <div class='ocr_carea' id='block_1_73' title="bbox 54 5391 1580 5474">
    <p class='ocr_par' dir='ltr' id='par_1_73' title="bbox 54 5391 1580 5474">
     <span class='ocr_line' id='line_1_73' title="bbox 54 5391 1580 5474; baseline 0.012 -35"><span class='ocrx_word' id='word_1_473' title='bbox 54 5391 265 5447; x_wconf 82' lang='lat' dir='ltr'><strong>restituit.</strong></span> <span class='ocrx_word' id='word_1_474' title='bbox 293 5395 419 5453; x_wconf 72' lang='lat' dir='ltr'><strong>llaec</strong></span> <span class='ocrx_word' id='word_1_475' title='bbox 449 5397 527 5452; x_wconf 76' lang='grc'><strong>26</strong></span> <span class='ocrx_word' id='word_1_476' title='bbox 572 5397 893 5456; x_wconf 87' lang='lat' dir='ltr'><strong>Novembris</strong></span> <span class='ocrx_word' id='word_1_477' title='bbox 941 5403 1235 5474; x_wconf 83' lang='lat' dir='ltr'><strong>contigisse</strong></span> <span class='ocrx_word' id='word_1_478' title='bbox 1274 5413 1463 5458; x_wconf 88' lang='lat' dir='ltr'><strong>auctor</strong></span> <span class='ocrx_word' id='word_1_479' title='bbox 1493 5412 1580 5460; x_wconf 86' lang='lat' dir='ltr'><strong>est</strong></span> 
     </span>
    </p>
   </div>
   <div class='ocr_carea' id='block_1_74' title="bbox 53 5480 1582 5553">
    <p class='ocr_par' dir='ltr' id='par_1_74' title="bbox 53 5480 1582 5553">
     <span class='ocr_line' id='line_1_74' title="bbox 53 5480 1582 5553; baseline 0.012 -21"><span class='ocrx_word' id='word_1_480' title='bbox 53 5480 293 5553; x_wconf 82' lang='lat' dir='ltr'><strong>Socrates;</strong></span> <span class='ocrx_word' id='word_1_481' title='bbox 352 5505 553 5545; x_wconf 89' lang='lat' dir='ltr'><strong>mense</strong></span> <span class='ocrx_word' id='word_1_482' title='bbox 606 5507 734 5548; x_wconf 87' lang='lat' dir='ltr'><strong>vero</strong></span> <span class='ocrx_word' id='word_1_483' title='bbox 789 5494 1068 5550; x_wconf 88' lang='lat' dir='ltr'><strong>Decembri</strong></span> <span class='ocrx_word' id='word_1_484' title='bbox 1128 5495 1468 5552; x_wconf 82' lang='lat' dir='ltr'><strong>Marcellinus</strong></span> <span class='ocrx_word' id='word_1_485' title='bbox 1528 5498 1582 5552; x_wconf 88' lang='lat' dir='ltr'><strong>in</strong></span> 
     </span>
    </p>
   </div>
   <div class='ocr_carea' id='block_1_75' title="bbox 104 5639 1580 5724">
    <p class='ocr_par' dir='ltr' id='par_1_75' title="bbox 104 5639 1580 5724">
     <span class='ocr_line' id='line_1_75' title="bbox 104 5639 1580 5724; baseline 0.002 -20"><span class='ocrx_word' id='word_1_486' title='bbox 104 5639 166 5710; x_wconf 83' lang='grc' dir='ltr'><strong>(α)</strong></span> <span class='ocrx_word' id='word_1_487' title='bbox 203 5645 306 5724; x_wconf 56' lang='grc' dir='ltr'><strong>ἰξαὶ</strong></span> <span class='ocrx_word' id='word_1_488' title='bbox 323 5646 474 5724; x_wconf 48' lang='grc' dir='ltr'>-.τῶν</span> <span class='ocrx_word' id='word_1_489' title='bbox 537 5648 1044 5724; x_wconf 34' lang='grc' dir='ltr'><strong>ἐμῶν-μέμνησθε,</strong></span> <span class='ocrx_word' id='word_1_490' title='bbox 1077 5653 1349 5724; x_wconf 79' lang='grc' dir='ltr'><strong>φίλτατοι,</strong></span> <span class='ocrx_word' id='word_1_491' title='bbox 1387 5653 1580 5709; x_wconf 68' lang='grc' dir='ltr'><strong>πόνων.</strong></span> 
     </span>
    </p>
   </div>
   <div class='ocr_carea' id='block_1_76' title="bbox 50 5702 850 5781">
    <p class='ocr_par' dir='ltr' id='par_1_76' title="bbox 50 5702 850 5781">
     <span class='ocr_line' id='line_1_76' title="bbox 50 5702 850 5781; baseline 0.019 -23"><span class='ocrx_word' id='word_1_492' title='bbox 223 5714 292 5769; x_wconf 79' lang='lat' dir='ltr'><strong>De</strong></span> <span class='ocrx_word' id='word_1_493' title='bbox 323 5715 449 5767; x_wconf 82' lang='lat' dir='ltr'><strong>Vita</strong></span> <span class='ocrx_word' id='word_1_494' title='bbox 480 5702 605 5781; x_wconf 67' lang='lat' dir='ltr'><strong>suci,</strong></span> <span class='ocrx_word' id='word_1_495' title='bbox 630 5735 678 5772; x_wconf 92' lang='lat' dir='ltr'><strong>v.</strong></span> 
     </span>
    </p>
   </div>
   <div class='ocr_carea' id='block_1_77' title="bbox 103 5780 854 5857">
    <p class='ocr_par' dir='ltr' id='par_1_77' title="bbox 103 5780 854 5857">
     <span class='ocr_line' id='line_1_77' title="bbox 103 5780 854 5857; baseline 0.016 -23"><span class='ocrx_word' id='word_1_496' title='bbox 103 5780 164 5850; x_wconf 62' lang='grc' dir='ltr'><strong>ιδ)</strong></span> <span class='ocrx_word' id='word_1_497' title='bbox 198 5783 307 5841; x_wconf 85' lang='lat' dir='ltr'><strong>Lib.</strong></span> <span class='ocrx_word' id='word_1_498' title='bbox 338 5802 370 5840; x_wconf 86' lang='lat' dir='ltr'><strong>v</strong></span> <span class='ocrx_word' id='word_1_499' title='bbox 400 5787 478 5843; x_wconf 85' lang='lat' dir='ltr'><strong>De</strong></span> <span class='ocrx_word' id='word_1_500' title='bbox 499 5788 666 5857; x_wconf 64' lang='grc' dir='ltr'><strong>τίιοίι.³</strong></span> <span class='ocrx_word' id='word_1_501' title='bbox 692 5805 740 5845; x_wconf 92' lang='lat' dir='ltr'><strong>c.</strong></span> <span class='ocrx_word' id='word_1_502' title='bbox 765 5791 854 5847; x_wconf 70' lang='grc'><strong>26.</strong></span> 
     </span>
    </p>
   </div>
   <div class='ocr_carea' id='block_1_78' title="bbox 1771 1905 3270 1981">
    <p class='ocr_par' dir='ltr' id='par_1_78' title="bbox 1771 1905 3270 1981">
     <span class='ocr_line' id='line_1_78' title="bbox 1771 1905 3270 1981; baseline 0.015 -29"><span class='ocrx_word' id='word_1_503' title='bbox 1771 1905 2003 1981; x_wconf 71' lang='lat' dir='ltr'><strong>quamvis</strong></span> <span class='ocrx_word' id='word_1_504' title='bbox 2035 1917 2491 1981; x_wconf 56' lang='lat' dir='ltr'><strong>ontnespelerent,</strong></span> <span class='ocrx_word' id='word_1_505' title='bbox 2535 1913 2649 1981; x_wconf 85' lang='lat' dir='ltr'><strong>cogi</strong></span> <span class='ocrx_word' id='word_1_506' title='bbox 2685 1929 2783 1964; x_wconf 88' lang='lat' dir='ltr'><strong>non</strong></span> <span class='ocrx_word' id='word_1_507' title='bbox 2817 1926 3004 1981; x_wconf 77' lang='lat' dir='ltr'><strong>potest.</strong></span> <span class='ocrx_word' id='word_1_508' title='bbox 3034 1916 3100 1971; x_wconf 83' lang='grc' dir='ltr'><em>1η</em></span> <span class='ocrx_word' id='word_1_509' title='bbox 3148 1905 3270 1975; x_wconf 61' lang='grc' dir='ltr'><strong>κάλ</strong></span> 
     </span>
    </p>
   </div>
   <div class='ocr_carea' id='block_1_79' title="bbox 1773 1972 2999 2045">
    <p class='ocr_par' dir='ltr' id='par_1_79' title="bbox 1773 1972 2999 2045">
     <span class='ocr_line' id='line_1_79' title="bbox 1773 1972 2999 2045; baseline 0.011 -20"><span class='ocrx_word' id='word_1_510' title='bbox 1773 1972 2353 2042; x_wconf 78' lang='lat' dir='ltr'><strong>Constantinopolitnna</strong></span> <span class='ocrx_word' id='word_1_511' title='bbox 2383 1972 2665 2045; x_wconf 49' lang='lat' dir='ltr'><strong>Gregorius</strong></span> <span class='ocrx_word' id='word_1_512' title='bbox 2693 1972 2999 2040; x_wconf 78' lang='lat' dir='ltr'><strong>collocatur.</strong></span> 
     </span>
    </p>
   </div>
   <div class='ocr_carea' id='block_1_80' title="bbox 1772 2061 3271 2141">
    <p class='ocr_par' dir='ltr' id='par_1_80' title="bbox 1772 2061 3271 2141">
     <span class='ocr_line' id='line_1_80' title="bbox 1772 2061 3271 2141; baseline 0.014 -26"><span class='ocrx_word' id='word_1_513' title='bbox 1772 2061 1923 2115; x_wconf 88' lang='lat' dir='ltr'><strong>Tunc</strong></span> <span class='ocrx_word' id='word_1_514' title='bbox 1949 2064 2167 2130; x_wconf 86' lang='lat' dir='ltr'><strong>quidem</strong></span> <span class='ocrx_word' id='word_1_515' title='bbox 2202 2067 2398 2121; x_wconf 75' lang='lat' dir='ltr'><strong>victrix</strong></span> <span class='ocrx_word' id='word_1_516' title='bbox 2435 2069 2531 2123; x_wconf 89' lang='lat' dir='ltr'><strong>fuit</strong></span> <span class='ocrx_word' id='word_1_517' title='bbox 2562 2070 2817 2141; x_wconf 84' lang='lat' dir='ltr'><strong>Theologi</strong></span> <span class='ocrx_word' id='word_1_518' title='bbox 2860 2077 3142 2141; x_wconf 87' lang='lat' dir='ltr'><strong>modestia,</strong></span> <span class='ocrx_word' id='word_1_519' title='bbox 3170 2094 3271 2136; x_wconf 83' lang='lat' dir='ltr'><strong>nec</strong></span> 
     </span>
    </p>
   </div>
   <div class='ocr_carea' id='block_1_81' title="bbox 1702 2153 3265 2229">
    <p class='ocr_par' dir='ltr' id='par_1_81' title="bbox 1702 2153 3265 2229">
     <span class='ocr_line' id='line_1_81' title="bbox 1702 2153 3265 2229; baseline 0.015 -26"><span class='ocrx_word' id='word_1_520' title='bbox 1702 2154 1817 2223; x_wconf 81' lang='lat' dir='ltr'><strong>cogi</strong></span> <span class='ocrx_word' id='word_1_521' title='bbox 1872 2153 2046 2222; x_wconf 89' lang='lat' dir='ltr'><strong>potuit</strong></span> <span class='ocrx_word' id='word_1_522' title='bbox 2104 2166 2161 2208; x_wconf 93' lang='lat' dir='ltr'><strong>ut</strong></span> <span class='ocrx_word' id='word_1_523' title='bbox 2217 2160 2522 2229; x_wconf 87' lang='lat' dir='ltr'><strong>episcopale</strong></span> <span class='ocrx_word' id='word_1_524' title='bbox 2579 2164 2774 2217; x_wconf 90' lang='lat' dir='ltr'><strong>solium</strong></span> <span class='ocrx_word' id='word_1_525' title='bbox 2826 2170 3265 2228; x_wconf 86' lang='lat' dir='ltr'><strong>conscenderet:</strong></span> 
     </span>
    </p>
   </div>
   <div class='ocr_carea' id='block_1_82' title="bbox 1702 2252 3270 2326">
    <p class='ocr_par' dir='ltr' id='par_1_82' title="bbox 1702 2252 3270 2326">
     <span class='ocr_line' id='line_1_82' title="bbox 1702 2252 3270 2326; baseline 0.009 -24"><span class='ocrx_word' id='word_1_526' title='bbox 1702 2265 1884 2303; x_wconf 86' lang='lat' dir='ltr'><strong>verum</strong></span> <span class='ocrx_word' id='word_1_527' title='bbox 1931 2252 1996 2303; x_wconf 91' lang='lat' dir='ltr'><strong>ad</strong></span> <span class='ocrx_word' id='word_1_528' title='bbox 2030 2253 2269 2317; x_wconf 83' lang='lat' dir='ltr'><strong>agendas</strong></span> <span class='ocrx_word' id='word_1_529' title='bbox 2315 2254 2420 2309; x_wconf 82' lang='lat' dir='ltr'><strong>Deo</strong></span> <span class='ocrx_word' id='word_1_530' title='bbox 2458 2256 2661 2323; x_wconf 87' lang='lat' dir='ltr'><strong>gratias</strong></span> <span class='ocrx_word' id='word_1_531' title='bbox 2701 2258 2879 2326; x_wconf 84' lang='lat' dir='ltr'><strong>populi</strong></span> <span class='ocrx_word' id='word_1_532' title='bbox 2924 2261 3096 2313; x_wconf 87' lang='lat' dir='ltr'><strong>studia</strong></span> <span class='ocrx_word' id='word_1_533' title='bbox 3138 2280 3156 2312; x_wconf 85' lang='grc' dir='ltr'><strong>ι</strong></span> <span class='ocrx_word' id='word_1_534' title='bbox 3186 2261 3270 2316; x_wconf 90' lang='lat' dir='ltr'><strong>vir</strong></span> 
     </span>
    </p>
   </div>
   <div class='ocr_carea' id='block_1_83' title="bbox 1701 2339 3266 2414">
    <p class='ocr_par' dir='ltr' id='par_1_83' title="bbox 1701 2339 3266 2414">
     <span class='ocr_line' id='line_1_83' title="bbox 1701 2339 3266 2414; baseline 0.009 -26"><span class='ocrx_word' id='word_1_535' title='bbox 1701 2340 1935 2400; x_wconf 84' lang='lat' dir='ltr'><strong>divinus.</strong></span> <span class='ocrx_word' id='word_1_536' title='bbox 1958 2359 1977 2391; x_wconf 75' lang='grc' dir='ltr'><strong>ι</strong></span> <span class='ocrx_word' id='word_1_537' title='bbox 2003 2339 2325 2394; x_wconf 86' lang='lat' dir='ltr'><strong>Theodoreti</strong></span> <span class='ocrx_word' id='word_1_538' title='bbox 2361 2343 2519 2395; x_wconf 91' lang='lat' dir='ltr'><strong>verba</strong></span> <span class='ocrx_word' id='word_1_539' title='bbox 2551 2352 2673 2397; x_wconf 88' lang='lat' dir='ltr'><strong>sunt</strong></span> <span class='ocrx_word' id='word_1_540' title='bbox 2700 2345 2797 2414; x_wconf 85' lang='lat' dir='ltr'><strong>(d),</strong></span> <span class='ocrx_word' id='word_1_541' title='bbox 2832 2348 3050 2414; x_wconf 88' lang='lat' dir='ltr'><strong>provida</strong></span> <span class='ocrx_word' id='word_1_542' title='bbox 3083 2347 3266 2403; x_wconf 80' lang='lat' dir='ltr'><strong>dexte-</strong></span> 
     </span>
    </p>
   </div>
   <div class='ocr_carea' id='block_1_84' title="bbox 1705 2432 3268 2502">
    <p class='ocr_par' dir='ltr' id='par_1_84' title="bbox 1705 2432 3268 2502">
     <span class='ocr_line' id='line_1_84' title="bbox 1705 2432 3268 2502; baseline 0.005 -17"><span class='ocrx_word' id='word_1_543' title='bbox 1705 2433 1860 2485; x_wconf 89' lang='lat' dir='ltr'><strong>ritate</strong></span> <span class='ocrx_word' id='word_1_544' title='bbox 1894 2433 2180 2487; x_wconf 85' lang='lat' dir='ltr'><strong>convertit.</strong></span> <span class='ocrx_word' id='word_1_545' title='bbox 2227 2432 2572 2487; x_wconf 82' lang='lat' dir='ltr'><strong>Frendcbant</strong></span> <span class='ocrx_word' id='word_1_546' title='bbox 2622 2436 2845 2502; x_wconf 84' lang='lat' dir='ltr'><strong>Ariani,</strong></span> <span class='ocrx_word' id='word_1_547' title='bbox 2888 2438 2980 2491; x_wconf 88' lang='lat' dir='ltr'><strong>sed</strong></span> <span class='ocrx_word' id='word_1_548' title='bbox 3029 2437 3268 2492; x_wconf 82' lang='lat' dir='ltr'><strong>circum-</strong></span> 
     </span>
    </p>
   </div>
   <div class='ocr_carea' id='block_1_85' title="bbox 1702 2522 3272 2583">
    <p class='ocr_par' dir='ltr' id='par_1_85' title="bbox 1702 2522 3272 2583">
     <span class='ocr_line' id='line_1_85' title="bbox 1702 2522 3272 2583; baseline 0.006 -9"><span class='ocrx_word' id='word_1_549' title='bbox 1702 2531 1907 2576; x_wconf 82' lang='lat' dir='ltr'><strong>smntes</strong></span> <span class='ocrx_word' id='word_1_550' title='bbox 1948 2522 2148 2576; x_wconf 84' lang='lat' dir='ltr'><strong>milites</strong></span> <span class='ocrx_word' id='word_1_551' title='bbox 2184 2522 2284 2576; x_wconf 92' lang='lat' dir='ltr'><strong>hos</strong></span> <span class='ocrx_word' id='word_1_552' title='bbox 2331 2522 2384 2575; x_wconf 90' lang='lat' dir='ltr'><strong>in</strong></span> <span class='ocrx_word' id='word_1_553' title='bbox 2434 2524 2611 2577; x_wconf 87' lang='lat' dir='ltr'><strong>ollicio</strong></span> <span class='ocrx_word' id='word_1_554' title='bbox 2653 2526 2973 2580; x_wconf 83' lang='lat' dir='ltr'><strong>continuere</strong></span> <span class='ocrx_word' id='word_1_555' title='bbox 3016 2544 3029 2580; x_wconf 87' lang='lat'><strong>:</strong></span> <span class='ocrx_word' id='word_1_556' title='bbox 3070 2546 3086 2577; x_wconf 82' lang='grc' dir='ltr'><strong>ι</strong></span> <span class='ocrx_word' id='word_1_557' title='bbox 3122 2526 3272 2583; x_wconf 86' lang='lat' dir='ltr'><strong>Unus</strong></span> 
     </span>
    </p>
   </div>
   <div class='ocr_carea' id='block_1_86' title="bbox 1704 2610 3269 2683">
    <p class='ocr_par' dir='ltr' id='par_1_86' title="bbox 1704 2610 3269 2683">
     <span class='ocr_line' id='line_1_86' title="bbox 1704 2610 3269 2683; baseline 0.004 -18"><span class='ocrx_word' id='word_1_558' title='bbox 1704 2621 1909 2665; x_wconf 88' lang='lat' dir='ltr'><strong>tantum</strong></span> <span class='ocrx_word' id='word_1_559' title='bbox 1949 2613 2095 2666; x_wconf 87' lang='lat' dir='ltr'><strong>ensis</strong></span> <span class='ocrx_word' id='word_1_560' title='bbox 2148 2615 2381 2666; x_wconf 86' lang='lat' dir='ltr'><strong>nudatus</strong></span> <span class='ocrx_word' id='word_1_561' title='bbox 2440 2610 2539 2666; x_wconf 83' lang='lat' dir='ltr'><strong>fuit</strong></span> <span class='ocrx_word' id='word_1_562' title='bbox 2589 2623 2643 2667; x_wconf 91' lang='lat' dir='ltr'><strong>et</strong></span> <span class='ocrx_word' id='word_1_563' title='bbox 2696 2621 2879 2683; x_wconf 86' lang='lat' dir='ltr'><strong>postea</strong></span> <span class='ocrx_word' id='word_1_564' title='bbox 2937 2616 3269 2680; x_wconf 83' lang='lat' dir='ltr'><strong>reconditus,</strong></span> 
     </span>
    </p>
   </div>
   <div class='ocr_carea' id='block_1_87' title="bbox 1703 2706 3271 2776">
    <p class='ocr_par' dir='ltr' id='par_1_87' title="bbox 1703 2706 3271 2776">
     <span class='ocr_line' id='line_1_87' title="bbox 1703 2706 3271 2776; baseline 0.004 -19"><span class='ocrx_word' id='word_1_565' title='bbox 1703 2706 1983 2773; x_wconf 84' lang='lat' dir='ltr'><strong>fractaque</strong></span> <span class='ocrx_word' id='word_1_566' title='bbox 2021 2706 2194 2774; x_wconf 86' lang='lat' dir='ltr'><strong>plebis</strong></span> <span class='ocrx_word' id='word_1_567' title='bbox 2220 2706 2500 2759; x_wconf 66' lang='lat' dir='ltr'><strong>audacia.»</strong></span> <span class='ocrx_word' id='word_1_568' title='bbox 2534 2706 2824 2774; x_wconf 81' lang='lat' dir='ltr'><strong>Aliquanto</strong></span> <span class='ocrx_word' id='word_1_569' title='bbox 2860 2717 2976 2772; x_wconf 84' lang='lat' dir='ltr'><strong>post</strong></span> <span class='ocrx_word' id='word_1_570' title='bbox 3008 2716 3271 2776; x_wconf 76' lang='lat' dir='ltr'><strong>tempore,</strong></span> 
     </span>
    </p>
   </div>
   <div class='ocr_carea' id='block_1_88' title="bbox 1701 2794 3273 2864">
    <p class='ocr_par' dir='ltr' id='par_1_88' title="bbox 1701 2794 3273 2864">
     <span class='ocr_line' id='line_1_88' title="bbox 1701 2794 3273 2864; baseline 0.003 -16"><span class='ocrx_word' id='word_1_571' title='bbox 1701 2810 1820 2848; x_wconf 90' lang='lat' dir='ltr'><strong>cum</strong></span> <span class='ocrx_word' id='word_1_572' title='bbox 1856 2795 2097 2848; x_wconf 88' lang='lat' dir='ltr'><strong>unanimi</strong></span> <span class='ocrx_word' id='word_1_573' title='bbox 2130 2794 2371 2848; x_wconf 90' lang='lat' dir='ltr'><strong>omnium</strong></span> <span class='ocrx_word' id='word_1_574' title='bbox 2418 2796 2671 2849; x_wconf 90' lang='lat' dir='ltr'><strong>ordinum</strong></span> <span class='ocrx_word' id='word_1_575' title='bbox 2719 2796 3096 2864; x_wconf 83' lang='lat' dir='ltr'><strong>postulationi,</strong></span> <span class='ocrx_word' id='word_1_576' title='bbox 3134 2798 3273 2852; x_wconf 88' lang='lat' dir='ltr'><strong>votis</strong></span> 
     </span>
    </p>
   </div>
   <div class='ocr_carea' id='block_1_89' title="bbox 1700 2886 3270 2958">
    <p class='ocr_par' dir='ltr' id='par_1_89' title="bbox 1700 2886 3270 2958">
     <span class='ocr_line' id='line_1_89' title="bbox 1700 2886 3270 2958; baseline 0.001 -17"><span class='ocrx_word' id='word_1_577' title='bbox 1700 2898 1755 2941; x_wconf 90' lang='lat' dir='ltr'><strong>et</strong></span> <span class='ocrx_word' id='word_1_578' title='bbox 1805 2886 2157 2953; x_wconf 85' lang='lat' dir='ltr'><strong>clamoribus,</strong></span> <span class='ocrx_word' id='word_1_579' title='bbox 2204 2887 2456 2955; x_wconf 67' lang='lat' dir='ltr'><strong>suffragia</strong></span> <span class='ocrx_word' id='word_1_580' title='bbox 2504 2889 2876 2957; x_wconf 85' lang='lat' dir='ltr'><strong>episcoporum</strong></span> <span class='ocrx_word' id='word_1_581' title='bbox 2919 2888 3270 2958; x_wconf 83' lang='lat' dir='ltr'><strong>plenariique,</strong></span> 
     </span>
    </p>
   </div>
   <div class='ocr_carea' id='block_1_90' title="bbox 1703 2977 3274 3046">
    <p class='ocr_par' dir='ltr' id='par_1_90' title="bbox 1703 2977 3274 3046">
     <span class='ocr_line' id='line_1_90' title="bbox 1703 2977 3274 3046; baseline 0.001 -14"><span class='ocrx_word' id='word_1_582' title='bbox 1703 2993 1808 3032; x_wconf 92' lang='lat' dir='ltr'><strong>non</strong></span> <span class='ocrx_word' id='word_1_583' title='bbox 1840 2978 2131 3046; x_wconf 76' lang='lat' dir='ltr'><strong>provincia:</strong></span> <span class='ocrx_word' id='word_1_584' title='bbox 2175 2978 2373 3042; x_wconf 90' lang='lat' dir='ltr'><strong>solum,</strong></span> <span class='ocrx_word' id='word_1_585' title='bbox 2402 2977 2494 3032; x_wconf 84' lang='lat' dir='ltr'><strong>sed</strong></span> <span class='ocrx_word' id='word_1_586' title='bbox 2526 2979 2763 3032; x_wconf 85' lang='lat' dir='ltr'><strong>Orientis</strong></span> <span class='ocrx_word' id='word_1_587' title='bbox 2804 2980 2979 3031; x_wconf 88' lang='lat' dir='ltr'><strong>etiam-</strong></span> <span class='ocrx_word' id='word_1_588' title='bbox 3003 2994 3137 3044; x_wconf 87' lang='lat' dir='ltr'><strong>pene</strong></span> <span class='ocrx_word' id='word_1_589' title='bbox 3190 2988 3274 3033; x_wconf 80' lang='lat' dir='ltr'><strong>to-</strong></span> 
     </span>
    </p>
   </div>
   <div class='ocr_carea' id='block_1_91' title="bbox 1706 3070 3271 3139">
    <p class='ocr_par' dir='ltr' id='par_1_91' title="bbox 1706 3070 3271 3139">
     <span class='ocr_line' id='line_1_91' title="bbox 1706 3070 3271 3139; baseline 0 -16"><span class='ocrx_word' id='word_1_590' title='bbox 1706 3071 1812 3124; x_wconf 91' lang='lat' dir='ltr'><strong>tius</strong></span> <span class='ocrx_word' id='word_1_591' title='bbox 1849 3078 1905 3125; x_wconf 83' lang='lat' dir='ltr'><strong>ct</strong></span> <span class='ocrx_word' id='word_1_592' title='bbox 1952 3070 2273 3124; x_wconf 70' lang='lat' dir='ltr'><strong>meumenici</strong></span> <span class='ocrx_word' id='word_1_593' title='bbox 2317 3070 2530 3123; x_wconf 87' lang='lat' dir='ltr'><strong>concilii</strong></span> <span class='ocrx_word' id='word_1_594' title='bbox 2570 3070 2710 3139; x_wconf 87' lang='lat' dir='ltr'><strong>quod</strong></span> <span class='ocrx_word' id='word_1_595' title='bbox 2747 3070 3086 3125; x_wconf 86' lang='lat' dir='ltr'><strong>Theodosius</strong></span> <span class='ocrx_word' id='word_1_596' title='bbox 3139 3085 3271 3125; x_wconf 87' lang='lat' dir='ltr'><strong>con-</strong></span> 
     </span>
    </p>
   </div>
   <div class='ocr_carea' id='block_1_92' title="bbox 1701 3161 3270 3226">
    <p class='ocr_par' dir='ltr' id='par_1_92' title="bbox 1701 3161 3270 3226">
     <span class='ocr_line' id='line_1_92' title="bbox 1701 3161 3270 3226; baseline 0.001 -12"><span class='ocrx_word' id='word_1_597' title='bbox 1701 3172 1939 3226; x_wconf 79' lang='lat' dir='ltr'><strong>vocarat,</strong></span> <span class='ocrx_word' id='word_1_598' title='bbox 1968 3162 2295 3215; x_wconf 87' lang='lat' dir='ltr'><strong>renuntiatio</strong></span> <span class='ocrx_word' id='word_1_599' title='bbox 2325 3161 2645 3215; x_wconf 84' lang='lat' dir='ltr'><strong>solemnitcr</strong></span> <span class='ocrx_word' id='word_1_600' title='bbox 2681 3162 3029 3225; x_wconf 87' lang='lat' dir='ltr'><strong>accessisset,</strong></span> <span class='ocrx_word' id='word_1_601' title='bbox 3063 3163 3114 3215; x_wconf 90' lang='lat' dir='ltr'><strong>in</strong></span> <span class='ocrx_word' id='word_1_602' title='bbox 3142 3163 3270 3217; x_wconf 86' lang='lat' dir='ltr'><strong>sede</strong></span> 
     </span>
    </p>
   </div>
   <div class='ocr_carea' id='block_1_93' title="bbox 1696 3253 3271 3323">
    <p class='ocr_par' dir='ltr' id='par_1_93' title="bbox 1696 3253 3271 3323">
     <span class='ocr_line' id='line_1_93' title="bbox 1696 3253 3271 3323; baseline -0.003 -13"><span class='ocrx_word' id='word_1_603' title='bbox 1696 3255 2284 3323; x_wconf 88' lang='lat' dir='ltr'><strong>Constantinopolitana</strong></span> <span class='ocrx_word' id='word_1_604' title='bbox 2304 3254 2542 3307; x_wconf 88' lang='lat' dir='ltr'><strong>clamans</strong></span> <span class='ocrx_word' id='word_1_605' title='bbox 2562 3263 2615 3306; x_wconf 91' lang='lat' dir='ltr'><strong>et</strong></span> <span class='ocrx_word' id='word_1_606' title='bbox 2634 3268 2852 3320; x_wconf 73' lang='lat' dir='ltr'><strong>gemens</strong></span> <span class='ocrx_word' id='word_1_607' title='bbox 2871 3253 3162 3307; x_wconf 90' lang='lat' dir='ltr'><strong>collocatus</strong></span> <span class='ocrx_word' id='word_1_608' title='bbox 3188 3264 3271 3308; x_wconf 89' lang='lat' dir='ltr'><strong>est</strong></span> 
     </span>
    </p>
   </div>
   <div class='ocr_carea' id='block_1_94' title="bbox 1697 3341 3271 3416">
    <p class='ocr_par' dir='ltr' id='par_1_94' title="bbox 1697 3341 3271 3416">
     <span class='ocr_line' id='line_1_94' title="bbox 1697 3341 3271 3416; baseline -0.004 -14"><span class='ocrx_word' id='word_1_609' title='bbox 1697 3347 2006 3416; x_wconf 79' lang='lat' dir='ltr'><strong>Gregorius.</strong></span> <span class='ocrx_word' id='word_1_610' title='bbox 2027 3365 2045 3398; x_wconf 83' lang='grc' dir='ltr'><strong>ι</strong></span> <span class='ocrx_word' id='word_1_611' title='bbox 2066 3345 2333 3415; x_wconf 79' lang='lat' dir='ltr'><strong>Quidquid</strong></span> <span class='ocrx_word' id='word_1_612' title='bbox 2365 3342 2608 3407; x_wconf 61' lang='lat' dir='ltr'><strong>Oriens,»</strong></span> <span class='ocrx_word' id='word_1_613' title='bbox 2636 3344 2808 3412; x_wconf 87' lang='lat' dir='ltr'><strong>inquit</strong></span> <span class='ocrx_word' id='word_1_614' title='bbox 2836 3341 2929 3414; x_wconf 74' lang='grc' dir='ltr'><strong>(ρ).</strong></span> <span class='ocrx_word' id='word_1_615' title='bbox 2976 3344 3271 3410; x_wconf 71' lang='lat' dir='ltr'><strong>«habebat,</strong></span> 
     </span>
    </p>
   </div>
   <div class='ocr_carea' id='block_1_95' title="bbox 1697 3434 3269 3507">
    <p class='ocr_par' dir='ltr' id='par_1_95' title="bbox 1697 3434 3269 3507">
     <span class='ocr_line' id='line_1_95' title="bbox 1697 3434 3269 3507; baseline -0.002 -15"><span class='ocrx_word' id='word_1_616' title='bbox 1697 3448 1923 3505; x_wconf 72' lang='lat' dir='ltr'><strong>excepta</strong></span> <span class='ocrx_word' id='word_1_617' title='bbox 1954 3437 2208 3507; x_wconf 67' lang='lat' dir='ltr'><strong>Egypto,</strong></span> <span class='ocrx_word' id='word_1_618' title='bbox 2239 3435 2419 3505; x_wconf 89' lang='lat' dir='ltr'><strong>populi</strong></span> <span class='ocrx_word' id='word_1_619' title='bbox 2458 3435 2760 3488; x_wconf 84' lang='lat' dir='ltr'><strong>antistitum</strong></span> <span class='ocrx_word' id='word_1_620' title='bbox 2794 3436 2861 3489; x_wconf 89' lang='lat' dir='ltr'><strong>ad</strong></span> <span class='ocrx_word' id='word_1_621' title='bbox 2913 3434 3135 3487; x_wconf 76' lang='lat' dir='ltr'><strong>Romam</strong></span> <span class='ocrx_word' id='word_1_622' title='bbox 3181 3450 3269 3489; x_wconf 62' lang='lat' dir='ltr'><strong>uso</strong></span> 
     </span>
    </p>
   </div>
   <div class='ocr_carea' id='block_1_96' title="bbox 1697 3525 3271 3597">
    <p class='ocr_par' dir='ltr' id='par_1_96' title="bbox 1697 3525 3271 3597">
     <span class='ocr_line' id='line_1_96' title="bbox 1697 3525 3271 3597; baseline -0.003 -14"><span class='ocrx_word' id='word_1_623' title='bbox 1697 3544 1800 3597; x_wconf 87' lang='lat' dir='ltr'><strong>que</strong></span> <span class='ocrx_word' id='word_1_624' title='bbox 1844 3530 2153 3594; x_wconf 81' lang='lat' dir='ltr'><strong>secundum,</strong></span> <span class='ocrx_word' id='word_1_625' title='bbox 2211 3537 2368 3580; x_wconf 83' lang='lat' dir='ltr'><strong>terrae</strong></span> <span class='ocrx_word' id='word_1_626' title='bbox 2407 3527 2681 3594; x_wconf 85' lang='lat' dir='ltr'><strong>marisque</strong></span> <span class='ocrx_word' id='word_1_627' title='bbox 2726 3540 2791 3579; x_wconf 80' lang='lat' dir='ltr'><strong>ex</strong></span> <span class='ocrx_word' id='word_1_628' title='bbox 2840 3525 3045 3580; x_wconf 91' lang='lat' dir='ltr'><strong>intimis</strong></span> <span class='ocrx_word' id='word_1_629' title='bbox 3090 3540 3271 3579; x_wconf 78' lang='lat' dir='ltr'><strong>reces-</strong></span> 
     </span>
    </p>
   </div>
   <div class='ocr_carea' id='block_1_97' title="bbox 1697 3617 3271 3687">
    <p class='ocr_par' dir='ltr' id='par_1_97' title="bbox 1697 3617 3271 3687">
     <span class='ocr_line' id='line_1_97' title="bbox 1697 3617 3271 3687; baseline -0.003 -11"><span class='ocrx_word' id='word_1_630' title='bbox 1697 3624 1846 3676; x_wconf 88' lang='lat' dir='ltr'><strong>sibus</strong></span> <span class='ocrx_word' id='word_1_631' title='bbox 1892 3621 2218 3675; x_wconf 89' lang='lat' dir='ltr'><strong>concitatum</strong></span> <span class='ocrx_word' id='word_1_632' title='bbox 2255 3620 2402 3673; x_wconf 92' lang='lat' dir='ltr'><strong>coiit.</strong></span> <span class='ocrx_word' id='word_1_633' title='bbox 2449 3617 2541 3671; x_wconf 86' lang='lat' dir='ltr'><strong>llis</strong></span> <span class='ocrx_word' id='word_1_634' title='bbox 2578 3617 2899 3687; x_wconf 68' lang='lat' dir='ltr'><strong>praesidi-bat</strong></span> <span class='ocrx_word' id='word_1_635' title='bbox 2947 3617 3027 3670; x_wconf 88' lang='lat' dir='ltr'><strong>vir</strong></span> <span class='ocrx_word' id='word_1_636' title='bbox 3071 3617 3271 3685; x_wconf 85' lang='lat' dir='ltr'><strong>pietate</strong></span> 
     </span>
    </p>
   </div>
   <div class='ocr_carea' id='block_1_98' title="bbox 1698 3707 3270 3779">
    <p class='ocr_par' dir='ltr' id='par_1_98' title="bbox 1698 3707 3270 3779">
     <span class='ocr_line' id='line_1_98' title="bbox 1698 3707 3270 3779; baseline -0.003 -12"><span class='ocrx_word' id='word_1_637' title='bbox 1698 3715 1995 3767; x_wconf 77' lang='lat' dir='ltr'><strong>maximus.</strong></span> <span class='ocrx_word' id='word_1_638' title='bbox 2022 3750 2036 3765; x_wconf 92' lang='lat'><strong>.</strong></span> <span class='ocrx_word' id='word_1_639' title='bbox 2057 3749 2074 3765; x_wconf 92' lang='lat'><strong>.</strong></span> <span class='ocrx_word' id='word_1_640' title='bbox 2102 3712 2343 3765; x_wconf 90' lang='lat' dir='ltr'><strong>moribus</strong></span> <span class='ocrx_word' id='word_1_641' title='bbox 2376 3711 2566 3765; x_wconf 85' lang='lat' dir='ltr'><strong>melius</strong></span> <span class='ocrx_word' id='word_1_642' title='bbox 2609 3720 2664 3765; x_wconf 91' lang='lat' dir='ltr'><strong>et</strong></span> <span class='ocrx_word' id='word_1_643' title='bbox 2715 3710 2932 3763; x_wconf 89' lang='lat' dir='ltr'><strong>nomine</strong></span> <span class='ocrx_word' id='word_1_644' title='bbox 2975 3707 3270 3779; x_wconf 73' lang='lat' dir='ltr'><strong>(Meletiam</strong></span> 
     </span>
    </p>
   </div>
   <div class='ocr_carea' id='block_1_99' title="bbox 1696 3800 3266 3874">
    <p class='ocr_par' dir='ltr' id='par_1_99' title="bbox 1696 3800 3266 3874">
     <span class='ocr_line' id='line_1_99' title="bbox 1696 3800 3266 3874; baseline -0.005 -14"><span class='ocrx_word' id='word_1_645' title='bbox 1696 3805 2021 3874; x_wconf 85' lang='lat' dir='ltr'><strong>signiﬁcat).</strong></span> <span class='ocrx_word' id='word_1_646' title='bbox 2080 3802 2144 3857; x_wconf 91' lang='lat' dir='ltr'><strong>lli</strong></span> <span class='ocrx_word' id='word_1_647' title='bbox 2216 3817 2301 3856; x_wconf 90' lang='lat' dir='ltr'><strong>me</strong></span> <span class='ocrx_word' id='word_1_648' title='bbox 2353 3802 2624 3856; x_wconf 89' lang='lat' dir='ltr'><strong>collocant</strong></span> <span class='ocrx_word' id='word_1_649' title='bbox 2676 3802 3001 3870; x_wconf 88' lang='lat' dir='ltr'><strong>ﬁrmantque</strong></span> <span class='ocrx_word' id='word_1_650' title='bbox 3046 3800 3099 3853; x_wconf 91' lang='lat' dir='ltr'><strong>in</strong></span> <span class='ocrx_word' id='word_1_651' title='bbox 3167 3815 3266 3852; x_wconf 88' lang='lat' dir='ltr'><strong>au-</strong></span> 
     </span>
    </p>
   </div>
   <div class='ocr_carea' id='block_1_100' title="bbox 1696 3892 3273 3966">
    <p class='ocr_par' dir='ltr' id='par_1_100' title="bbox 1696 3892 3273 3966">
     <span class='ocr_line' id='line_1_100' title="bbox 1696 3892 3273 3966; baseline -0.003 -18"><span class='ocrx_word' id='word_1_652' title='bbox 1696 3906 1850 3966; x_wconf 88' lang='lat' dir='ltr'><strong>gusta</strong></span> <span class='ocrx_word' id='word_1_653' title='bbox 1876 3895 2002 3951; x_wconf 90' lang='lat' dir='ltr'><strong>sede</strong></span> <span class='ocrx_word' id='word_1_654' title='bbox 2033 3894 2354 3949; x_wconf 89' lang='lat' dir='ltr'><strong>clamantem</strong></span> <span class='ocrx_word' id='word_1_655' title='bbox 2396 3903 2449 3947; x_wconf 89' lang='lat' dir='ltr'><strong>et</strong></span> <span class='ocrx_word' id='word_1_656' title='bbox 2486 3904 2811 3962; x_wconf 84' lang='lat' dir='ltr'><strong>gementem,</strong></span> <span class='ocrx_word' id='word_1_657' title='bbox 2847 3908 2949 3945; x_wconf 86' lang='lat' dir='ltr'><strong>una</strong></span> <span class='ocrx_word' id='word_1_658' title='bbox 2985 3901 3163 3946; x_wconf 90' lang='lat' dir='ltr'><strong>tamen</strong></span> <span class='ocrx_word' id='word_1_659' title='bbox 3204 3892 3273 3944; x_wconf 82' lang='lat' dir='ltr'><strong>de</strong></span> 
     </span>
    </p>
   </div>
   <div class='ocr_carea' id='block_1_101' title="bbox 1695 3986 2623 4054">
    <p class='ocr_par' dir='ltr' id='par_1_101' title="bbox 1695 3986 2623 4054">
     <span class='ocr_line' id='line_1_101' title="bbox 1695 3986 2623 4054; baseline -0.002 -14"><span class='ocrx_word' id='word_1_660' title='bbox 1695 4002 1855 4041; x_wconf 87' lang='lat' dir='ltr'><strong>causa</strong></span> <span class='ocrx_word' id='word_1_661' title='bbox 1892 4002 1993 4040; x_wconf 91' lang='lat' dir='ltr'><strong>non</strong></span> <span class='ocrx_word' id='word_1_662' title='bbox 2024 3986 2179 4053; x_wconf 88' lang='lat' dir='ltr'><strong>plane</strong></span> <span class='ocrx_word' id='word_1_663' title='bbox 2216 3994 2623 4054; x_wconf 83' lang='lat' dir='ltr'><strong>repugnantem.</strong></span> 
     </span>
    </p>
   </div>
   <div class='ocr_carea' id='block_1_102' title="bbox 1695 4072 3267 4144">
    <p class='ocr_par' dir='ltr' id='par_1_102' title="bbox 1695 4072 3267 4144">
     <span class='ocr_line' id='line_1_102' title="bbox 1695 4072 3267 4144; baseline -0.004 -12"><span class='ocrx_word' id='word_1_664' title='bbox 1695 4076 1965 4132; x_wconf 77' lang='lat' dir='ltr'><strong>CXLVIII.</strong></span> <span class='ocrx_word' id='word_1_665' title='bbox 2006 4076 2223 4130; x_wconf 86' lang='lat' dir='ltr'><strong>Summo</strong></span> <span class='ocrx_word' id='word_1_666' title='bbox 2262 4091 2521 4127; x_wconf 82' lang='lat' dir='ltr'><strong>consensu</strong></span> <span class='ocrx_word' id='word_1_667' title='bbox 2558 4074 2843 4144; x_wconf 81' lang='lat' dir='ltr'><strong>Gregorius</strong></span> <span class='ocrx_word' id='word_1_668' title='bbox 2876 4073 2931 4125; x_wconf 87' lang='lat' dir='ltr'><strong>in</strong></span> <span class='ocrx_word' id='word_1_669' title='bbox 2958 4072 3078 4127; x_wconf 85' lang='lat' dir='ltr'><strong>sede</strong></span> <span class='ocrx_word' id='word_1_670' title='bbox 3129 4072 3267 4126; x_wconf 84' lang='lat' dir='ltr'><strong>Con-</strong></span> 
     </span>
    </p>
   </div>
   <div class='ocr_carea' id='block_1_103' title="bbox 1765 4143 3263 4212">
    <p class='ocr_par' dir='ltr' id='par_1_103' title="bbox 1765 4143 3263 4212">
     <span class='ocr_line' id='line_1_103' title="bbox 1765 4143 3263 4212; baseline -0.003 -12"><span class='ocrx_word' id='word_1_671' title='bbox 1765 4146 2238 4212; x_wconf 78' lang='lat' dir='ltr'><strong>stantinopolitano</strong></span> <span class='ocrx_word' id='word_1_672' title='bbox 2289 4144 2602 4210; x_wconf 86' lang='lat' dir='ltr'><strong>collocatus,</strong></span> <span class='ocrx_word' id='word_1_673' title='bbox 2643 4144 2843 4197; x_wconf 85' lang='lat' dir='ltr'><strong>nullius</strong></span> <span class='ocrx_word' id='word_1_674' title='bbox 2894 4160 3020 4210; x_wconf 82' lang='lat' dir='ltr'><strong>pene</strong></span> <span class='ocrx_word' id='word_1_675' title='bbox 3066 4143 3263 4212; x_wconf 70' lang='lat' dir='ltr'><strong>suffra-</strong></span> 
     </span>
    </p>
   </div>
   <div class='ocr_carea' id='block_1_104' title="bbox 1767 4216 2134 4287">
    <p class='ocr_par' dir='ltr' id='par_1_104' title="bbox 1767 4216 2134 4287">
     <span class='ocr_line' id='line_1_104' title="bbox 1767 4216 2134 4287; baseline -0.003 -19"><span class='ocrx_word' id='word_1_676' title='bbox 1767 4219 1912 4287; x_wconf 85' lang='lat' dir='ltr'><strong>gium</strong></span> <span class='ocrx_word' id='word_1_677' title='bbox 1945 4216 2134 4281; x_wconf 74' lang='lat' dir='ltr'><strong>defuit.</strong></span> 
     </span>
    </p>
   </div>
   <div class='ocr_carea' id='block_1_105' title="bbox 1765 4302 3266 4379">
    <p class='ocr_par' dir='ltr' id='par_1_105' title="bbox 1765 4302 3266 4379">
     <span class='ocr_line' id='line_1_105' title="bbox 1765 4302 3266 4379; baseline -0.005 -16"><span class='ocrx_word' id='word_1_678' title='bbox 1765 4309 1840 4363; x_wconf 83' lang='lat' dir='ltr'><strong>Ne</strong></span> <span class='ocrx_word' id='word_1_679' title='bbox 1882 4308 2098 4376; x_wconf 86' lang='lat' dir='ltr'><strong>quidem</strong></span> <span class='ocrx_word' id='word_1_680' title='bbox 2155 4306 2533 4379; x_wconf 57' lang='lat' dir='ltr'><strong>[Egyptiorum</strong></span> <span class='ocrx_word' id='word_1_681' title='bbox 2577 4319 2874 4358; x_wconf 88' lang='lat' dir='ltr'><strong>consensus</strong></span> <span class='ocrx_word' id='word_1_682' title='bbox 2923 4303 3136 4357; x_wconf 90' lang='lat' dir='ltr'><strong>videtur</strong></span> <span class='ocrx_word' id='word_1_683' title='bbox 3174 4302 3266 4356; x_wconf 85' lang='lat' dir='ltr'><strong>de-</strong></span> 
     </span>
    </p>
   </div>
   <div class='ocr_carea' id='block_1_106' title="bbox 1697 4394 3271 4469">
    <p class='ocr_par' dir='ltr' id='par_1_106' title="bbox 1697 4394 3271 4469">
     <span class='ocr_line' id='line_1_106' title="bbox 1697 4394 3271 4469; baseline -0.005 -14"><span class='ocrx_word' id='word_1_684' title='bbox 1697 4403 1896 4469; x_wconf 76' lang='lat' dir='ltr'><strong>fuisse;</strong></span> <span class='ocrx_word' id='word_1_685' title='bbox 1935 4416 2069 4468; x_wconf 87' lang='lat' dir='ltr'><strong>quos</strong></span> <span class='ocrx_word' id='word_1_686' title='bbox 2095 4400 2328 4463; x_wconf 85' lang='lat' dir='ltr'><strong>scilicet,</strong></span> <span class='ocrx_word' id='word_1_687' title='bbox 2362 4399 2597 4453; x_wconf 80' lang='lat' dir='ltr'><strong>maxime</strong></span> <span class='ocrx_word' id='word_1_688' title='bbox 2628 4397 2710 4451; x_wconf 91' lang='lat' dir='ltr'><strong>his</strong></span> <span class='ocrx_word' id='word_1_689' title='bbox 2741 4396 2943 4459; x_wconf 86' lang='lat' dir='ltr'><strong>verbis,</strong></span> <span class='ocrx_word' id='word_1_690' title='bbox 2974 4394 3271 4463; x_wconf 80' lang='lat' dir='ltr'><strong>alloquitur</strong></span> 
     </span>
    </p>
   </div>
   <div class='ocr_carea' id='block_1_107' title="bbox 2083 4486 3262 4553">
    <p class='ocr_par' dir='ltr' id='par_1_107' title="bbox 2083 4486 3262 4553">
     <span class='ocr_line' id='line_1_107' title="bbox 2083 4486 3262 4553; baseline -0.003 -12"><span class='ocrx_word' id='word_1_691' title='bbox 2083 4508 2102 4541; x_wconf 83' lang='grc' dir='ltr'><strong>ι</strong></span> <span class='ocrx_word' id='word_1_692' title='bbox 2135 4490 2258 4543; x_wconf 88' lang='lat' dir='ltr'><strong>lleri</strong></span> <span class='ocrx_word' id='word_1_693' title='bbox 2316 4486 2687 4549; x_wconf 73' lang='lat' dir='ltr'><strong>inthroaistzn,</strong></span> <span class='ocrx_word' id='word_1_694' title='bbox 2743 4486 2897 4539; x_wconf 89' lang='lat' dir='ltr'><strong>hodie</strong></span> <span class='ocrx_word' id='word_1_695' title='bbox 2952 4494 3262 4553; x_wconf 81' lang='lat' dir='ltr'><strong>persecuto-</strong></span> 
     </span>
    </p>
   </div>
   <div class='ocr_carea' id='block_1_108' title="bbox 1684 4568 3267 4647">
    <p class='ocr_par' dir='ltr' id='par_1_108' title="bbox 1684 4568 3267 4647">
     <span class='ocr_line' id='line_1_108' title="bbox 1684 4568 3267 4647; baseline -0.006 -10"><span class='ocrx_word' id='word_1_696' title='bbox 1684 4568 1820 4647; x_wconf 48' lang='lat' dir='ltr'><strong>‘res;</strong></span> <span class='ocrx_word' id='word_1_697' title='bbox 1848 4601 1866 4634; x_wconf 77' lang='grc' dir='ltr'><strong>ι</strong></span> <span class='ocrx_word' id='word_1_698' title='bbox 1902 4599 1931 4636; x_wconf 89' lang='lat' dir='ltr'><strong>e</strong></span> <span class='ocrx_word' id='word_1_699' title='bbox 1966 4582 2161 4634; x_wconf 87' lang='lat' dir='ltr'><strong>throno</strong></span> <span class='ocrx_word' id='word_1_700' title='bbox 2193 4580 2467 4639; x_wconf 85' lang='lat' dir='ltr'><strong>nimirum,</strong></span> <span class='ocrx_word' id='word_1_701' title='bbox 2523 4579 2574 4631; x_wconf 89' lang='lat' dir='ltr'><strong>in</strong></span> <span class='ocrx_word' id='word_1_702' title='bbox 2616 4592 2722 4645; x_wconf 88' lang='lat' dir='ltr'><strong>quo</strong></span> <span class='ocrx_word' id='word_1_703' title='bbox 2761 4590 2856 4630; x_wconf 88' lang='lat' dir='ltr'><strong>vos</strong></span> <span class='ocrx_word' id='word_1_704' title='bbox 2900 4576 2999 4643; x_wconf 85' lang='lat' dir='ltr'><strong>ipsi</strong></span> <span class='ocrx_word' id='word_1_705' title='bbox 3032 4592 3117 4628; x_wconf 86' lang='lat' dir='ltr'><strong>me</strong></span> <span class='ocrx_word' id='word_1_706' title='bbox 3163 4574 3267 4627; x_wconf 63' lang='grc' dir='ltr'><strong>(τοις</strong></span> 
     </span>
    </p>
   </div>
   <div class='ocr_carea' id='block_1_109' title="bbox 1696 4665 3264 4736">
    <p class='ocr_par' dir='ltr' id='par_1_109' title="bbox 1696 4665 3264 4736">
     <span class='ocr_line' id='line_1_109' title="bbox 1696 4665 3264 4736; baseline -0.004 -11"><span class='ocrx_word' id='word_1_707' title='bbox 1696 4675 1913 4727; x_wconf 80' lang='lat' dir='ltr'><strong>locustis</strong></span> <span class='ocrx_word' id='word_1_708' title='bbox 1950 4673 2088 4736; x_wconf 90' lang='lat' dir='ltr'><strong>heri,</strong></span> <span class='ocrx_word' id='word_1_709' title='bbox 2125 4671 2281 4725; x_wconf 89' lang='lat' dir='ltr'><strong>hodie</strong></span> <span class='ocrx_word' id='word_1_710' title='bbox 2308 4670 2639 4734; x_wconf 80' lang='lat' dir='ltr'><strong>dejicientes.</strong></span> <span class='ocrx_word' id='word_1_711' title='bbox 2682 4666 2866 4733; x_wconf 84' lang='lat' dir='ltr'><strong>Itaque</strong></span> <span class='ocrx_word' id='word_1_712' title='bbox 2894 4665 3089 4718; x_wconf 85' lang='lat' dir='ltr'><strong>nullius</strong></span> <span class='ocrx_word' id='word_1_713' title='bbox 3140 4679 3264 4732; x_wconf 88' lang='lat' dir='ltr'><strong>pro—</strong></span> 
     </span>
    </p>
   </div>
   <div class='ocr_carea' id='block_1_110' title="bbox 1696 4754 3264 4833">
    <p class='ocr_par' dir='ltr' id='par_1_110' title="bbox 1696 4754 3264 4833">
     <span class='ocr_line' id='line_1_110' title="bbox 1696 4754 3264 4833; baseline -0.007 -16"><span class='ocrx_word' id='word_1_714' title='bbox 1696 4764 1976 4833; x_wconf 89' lang='lat' dir='ltr'><strong>pemodum</strong></span> <span class='ocrx_word' id='word_1_715' title='bbox 2013 4763 2063 4815; x_wconf 91' lang='lat' dir='ltr'><strong>in</strong></span> <span class='ocrx_word' id='word_1_716' title='bbox 2102 4773 2217 4815; x_wconf 89' lang='lat' dir='ltr'><strong>toto</strong></span> <span class='ocrx_word' id='word_1_717' title='bbox 2268 4761 2495 4815; x_wconf 88' lang='lat' dir='ltr'><strong>concilio</strong></span> <span class='ocrx_word' id='word_1_718' title='bbox 2529 4757 2762 4827; x_wconf 87' lang='lat' dir='ltr'><strong>generali</strong></span> <span class='ocrx_word' id='word_1_719' title='bbox 2815 4770 3117 4810; x_wconf 88' lang='lat' dir='ltr'><strong>consensus</strong></span> <span class='ocrx_word' id='word_1_720' title='bbox 3160 4754 3264 4806; x_wconf 74' lang='lat' dir='ltr'><strong>suf-</strong></span> 
     </span>
    </p>
   </div>
   <div class='ocr_carea' id='block_1_111' title="bbox 1703 4845 3261 4924">
    <p class='ocr_par' dir='ltr' id='par_1_111' title="bbox 1703 4845 3261 4924">
     <span class='ocr_line' id='line_1_111' title="bbox 1703 4845 3261 4924; baseline -0.007 -13"><span class='ocrx_word' id='word_1_721' title='bbox 1703 4856 2005 4924; x_wconf 81' lang='lat' dir='ltr'><strong>fragiumve</strong></span> <span class='ocrx_word' id='word_1_722' title='bbox 2058 4854 2243 4908; x_wconf 85' lang='lat' dir='ltr'><strong>defuit.</strong></span> <span class='ocrx_word' id='word_1_723' title='bbox 2290 4856 2508 4907; x_wconf 81' lang='lat' dir='ltr'><strong>Demnm</strong></span> <span class='ocrx_word' id='word_1_724' title='bbox 2555 4865 2660 4904; x_wconf 75' lang='lat' dir='ltr'><strong>non</strong></span> <span class='ocrx_word' id='word_1_725' title='bbox 2698 4848 2866 4903; x_wconf 88' lang='lat' dir='ltr'><strong>deluit</strong></span> <span class='ocrx_word' id='word_1_726' title='bbox 2915 4846 3083 4914; x_wconf 88' lang='lat' dir='ltr'><strong>ipsius</strong></span> <span class='ocrx_word' id='word_1_727' title='bbox 3126 4845 3261 4901; x_wconf 84' lang='lat' dir='ltr'><strong>Gre-</strong></span> 
     </span>
    </p>
   </div>
   <div class='ocr_carea' id='block_1_112' title="bbox 1695 4944 3261 5016">
    <p class='ocr_par' dir='ltr' id='par_1_112' title="bbox 1695 4944 3261 5016">
     <span class='ocr_line' id='line_1_112' title="bbox 1695 4944 3261 5016; baseline -0.008 -15"><span class='ocrx_word' id='word_1_728' title='bbox 1695 4948 1829 5016; x_wconf 78' lang='lat' dir='ltr'><strong>gorii</strong></span> <span class='ocrx_word' id='word_1_729' title='bbox 1869 4961 2178 5006; x_wconf 87' lang='lat' dir='ltr'><strong>consensus,</strong></span> <span class='ocrx_word' id='word_1_730' title='bbox 2222 4966 2242 4996; x_wconf 77' lang='grc' dir='ltr'><strong>ι</strong></span> <span class='ocrx_word' id='word_1_731' title='bbox 2273 4960 2373 4997; x_wconf 88' lang='lat' dir='ltr'><strong>una</strong></span> <span class='ocrx_word' id='word_1_732' title='bbox 2420 4953 2597 4997; x_wconf 88' lang='lat' dir='ltr'><strong>tamen</strong></span> <span class='ocrx_word' id='word_1_733' title='bbox 2651 4944 2717 4995; x_wconf 88' lang='lat' dir='ltr'><strong>de</strong></span> <span class='ocrx_word' id='word_1_734' title='bbox 2749 4955 2907 4997; x_wconf 81' lang='lat' dir='ltr'><strong>causa</strong></span> <span class='ocrx_word' id='word_1_735' title='bbox 2950 4954 3051 4990; x_wconf 93' lang='lat' dir='ltr'><strong>non</strong></span> <span class='ocrx_word' id='word_1_736' title='bbox 3102 4953 3261 5003; x_wconf 84' lang='lat' dir='ltr'><strong>repu-</strong></span> 
     </span>
    </p>
   </div>
   <div class='ocr_carea' id='block_1_113' title="bbox 1699 5029 3262 5107">
    <p class='ocr_par' dir='ltr' id='par_1_113' title="bbox 1699 5029 3262 5107">
     <span class='ocr_line' id='line_1_113' title="bbox 1699 5029 3262 5107; baseline -0.007 -17"><span class='ocrx_word' id='word_1_737' title='bbox 1699 5040 1965 5107; x_wconf 71' lang='lat' dir='ltr'><strong>gnantiSJ</strong></span> <span class='ocrx_word' id='word_1_738' title='bbox 2009 5034 2143 5090; x_wconf 88' lang='lat' dir='ltr'><strong>Hinc</strong></span> <span class='ocrx_word' id='word_1_739' title='bbox 2171 5042 2394 5104; x_wconf 74' lang='lat' dir='ltr'><strong>apparet</strong></span> <span class='ocrx_word' id='word_1_740' title='bbox 2429 5048 2589 5101; x_wconf 90' lang='lat' dir='ltr'><strong>quam</strong></span> <span class='ocrx_word' id='word_1_741' title='bbox 2624 5031 2859 5101; x_wconf 86' lang='lat' dir='ltr'><strong>legitime</strong></span> <span class='ocrx_word' id='word_1_742' title='bbox 2889 5040 2942 5083; x_wconf 86' lang='lat' dir='ltr'><strong>et</strong></span> <span class='ocrx_word' id='word_1_743' title='bbox 2967 5029 3262 5082; x_wconf 82' lang='lat' dir='ltr'><strong>canonibus</strong></span> 
     </span>
    </p>
   </div>
   <div class='ocr_carea' id='block_1_114' title="bbox 1698 5119 3267 5191">
    <p class='ocr_par' dir='ltr' id='par_1_114' title="bbox 1698 5119 3267 5191">
     <span class='ocr_line' id='line_1_114' title="bbox 1698 5119 3267 5191; baseline -0.008 -8"><span class='ocrx_word' id='word_1_744' title='bbox 1698 5129 2081 5183; x_wconf 82' lang='lat' dir='ltr'><strong>convenienter</strong></span> <span class='ocrx_word' id='word_1_745' title='bbox 2145 5124 2754 5191; x_wconf 69' lang='lat' dir='ltr'><strong>Cmrstantinopolitanzn</strong></span> <span class='ocrx_word' id='word_1_746' title='bbox 2822 5120 3075 5174; x_wconf 69' lang='lat' dir='ltr'><strong>Ecclesiae</strong></span> <span class='ocrx_word' id='word_1_747' title='bbox 3145 5119 3267 5187; x_wconf 55' lang='lat' dir='ltr'><strong>epi-t</strong></span> 
     </span>
    </p>
   </div>
   <div class='ocr_carea' id='block_1_115' title="bbox 1684 5211 3117 5290">
    <p class='ocr_par' dir='ltr' id='par_1_115' title="bbox 1684 5211 3117 5290">
     <span class='ocr_line' id='line_1_115' title="bbox 1684 5211 3117 5290; baseline -0.012 -13"><span class='ocrx_word' id='word_1_748' title='bbox 1684 5233 1882 5290; x_wconf 88' lang='lat' dir='ltr'><strong>scopus</strong></span> <span class='ocrx_word' id='word_1_749' title='bbox 1909 5226 2120 5271; x_wconf 89' lang='lat' dir='ltr'><strong>creatus</strong></span> <span class='ocrx_word' id='word_1_750' title='bbox 2154 5219 2224 5270; x_wconf 85' lang='lat' dir='ltr'><strong>sit</strong></span> <span class='ocrx_word' id='word_1_751' title='bbox 2260 5214 2573 5283; x_wconf 74' lang='lat' dir='ltr'><strong>Gregorius,</strong></span> <span class='ocrx_word' id='word_1_752' title='bbox 2608 5223 2772 5281; x_wconf 87' lang='lat' dir='ltr'><strong>atque</strong></span> <span class='ocrx_word' id='word_1_753' title='bbox 2817 5211 3117 5265; x_wconf 87' lang='lat' dir='ltr'><strong>habendus.</strong></span> 
     </span>
    </p>
   </div>
   <div class='ocr_carea' id='block_1_116' title="bbox 1688 5322 3266 5405">
    <p class='ocr_par' dir='ltr' id='par_1_116' title="bbox 1688 5322 3266 5405">
     <span class='ocr_line' id='line_1_116' title="bbox 1688 5322 3266 5405; baseline -0.011 -15"><span class='ocrx_word' id='word_1_754' title='bbox 1688 5331 1920 5395; x_wconf 84' lang='lat' dir='ltr'><strong>CXLIX.</strong></span> <span class='ocrx_word' id='word_1_755' title='bbox 1964 5330 2185 5386; x_wconf 79' lang='lat' dir='ltr'><strong>Gemens</strong></span> <span class='ocrx_word' id='word_1_756' title='bbox 2220 5340 2265 5383; x_wconf 84' lang='lat' dir='ltr'><strong>et</strong></span> <span class='ocrx_word' id='word_1_757' title='bbox 2302 5330 2560 5405; x_wconf 69' lang='lat' dir='ltr'><strong>clamans,</strong></span> <span class='ocrx_word' id='word_1_758' title='bbox 2612 5345 2711 5405; x_wconf 80' lang='lat' dir='ltr'><strong>n_nn</strong></span> <span class='ocrx_word' id='word_1_759' title='bbox 2761 5336 2932 5405; x_wconf 74' lang='lat' dir='ltr'><strong>tanien</strong></span> <span class='ocrx_word' id='word_1_760' title='bbox 2975 5322 3125 5375; x_wconf 83' lang='lat' dir='ltr'><strong>olane</strong></span> <span class='ocrx_word' id='word_1_761' title='bbox 3184 5339 3266 5375; x_wconf 67' lang='grc' dir='ltr'><strong>τε-</strong></span> 
     </span>
    </p>
   </div>
   <div class='ocr_carea' id='block_1_117' title="bbox 1776 5392 2918 5471">
    <p class='ocr_par' dir='ltr' id='par_1_117' title="bbox 1776 5392 2918 5471">
     <span class='ocr_line' id='line_1_117' title="bbox 1776 5392 2918 5471; baseline -0.005 -17"><span class='ocrx_word' id='word_1_762' title='bbox 1776 5392 1777 5395; x_wconf 0' lang='lat' dir='ltr'><strong>ﬁ</strong></span> <span class='ocrx_word' id='word_1_763' title='bbox 2024 5418 2259 5471; x_wconf 80' lang='lat' dir='ltr'><strong>pugnans</strong></span> <span class='ocrx_word' id='word_1_764' title='bbox 2299 5392 2584 5453; x_wconf 76' lang='lat' dir='ltr'><strong>collocatur</strong></span> <span class='ocrx_word' id='word_1_765' title='bbox 2615 5396 2918 5467; x_wconf 81' lang='lat' dir='ltr'><strong>Gregorius.</strong></span> 
     </span>
    </p>
   </div>
   <div class='ocr_carea' id='block_1_118' title="bbox 1759 5484 3268 5563">
    <p class='ocr_par' dir='ltr' id='par_1_118' title="bbox 1759 5484 3268 5563">
     <span class='ocr_line' id='line_1_118' title="bbox 1759 5484 3268 5563; baseline -0.005 -15"><span class='ocrx_word' id='word_1_766' title='bbox 1759 5496 2014 5563; x_wconf 64' lang='lat' dir='ltr'><strong>Quaenam</strong></span> <span class='ocrx_word' id='word_1_767' title='bbox 2044 5503 2224 5546; x_wconf 88' lang='lat' dir='ltr'><strong>autem</strong></span> <span class='ocrx_word' id='word_1_768' title='bbox 2261 5491 2345 5545; x_wconf 89' lang='lat' dir='ltr'><strong>illa</strong></span> <span class='ocrx_word' id='word_1_769' title='bbox 2400 5508 2503 5544; x_wconf 86' lang='lat' dir='ltr'><strong>uua</strong></span> <span class='ocrx_word' id='word_1_770' title='bbox 2547 5490 2645 5544; x_wconf 79' lang='lat' dir='ltr'><strong>fuit</strong></span> <span class='ocrx_word' id='word_1_771' title='bbox 2678 5503 2863 5556; x_wconf 86' lang='lat' dir='ltr'><strong>causa,</strong></span> <span class='ocrx_word' id='word_1_772' title='bbox 2905 5501 3002 5543; x_wconf 90' lang='lat' dir='ltr'><strong>cur</strong></span> <span class='ocrx_word' id='word_1_773' title='bbox 3040 5484 3126 5540; x_wconf 86' lang='lat' dir='ltr'><strong>vir</strong></span> <span class='ocrx_word' id='word_1_774' title='bbox 3154 5494 3268 5541; x_wconf 80' lang='lat' dir='ltr'><strong>tam</strong></span> 
     </span>
    </p>
   </div>
   <div class='ocr_carea' id='block_1_119' title="bbox 1772 5648 2420 5721">
    <p class='ocr_par' dir='ltr' id='par_1_119' title="bbox 1772 5648 2420 5721">
     <span class='ocr_line' id='line_1_119' title="bbox 1772 5648 2420 5721; baseline -0.009 -15"><span class='ocrx_word' id='word_1_775' title='bbox 1772 5653 1843 5721; x_wconf 85' lang='lat' dir='ltr'><strong>(c)</strong></span> <span class='ocrx_word' id='word_1_776' title='bbox 1884 5653 2066 5705; x_wconf 79' lang='lat' dir='ltr'><strong>Carm.</strong></span> <span class='ocrx_word' id='word_1_777' title='bbox 2101 5652 2151 5712; x_wconf 81' lang='lat' dir='ltr'><strong>I,</strong></span> <span class='ocrx_word' id='word_1_778' title='bbox 2187 5665 2237 5702; x_wconf 77' lang='grc' dir='ltr'><strong>ν.</strong></span> <span class='ocrx_word' id='word_1_779' title='bbox 2268 5648 2420 5721; x_wconf 61' lang='grc' dir='ltr'><strong>Ῑῖι15.</strong></span> 
     </span>
    </p>
   </div>
   <div class='ocr_carea' id='block_1_120' title="bbox 1769 5717 2720 5792">
    <p class='ocr_par' dir='ltr' id='par_1_120' title="bbox 1769 5717 2720 5792">
     <span class='ocr_line' id='line_1_120' title="bbox 1769 5717 2720 5792; baseline -0.004 -19"><span class='ocrx_word' id='word_1_780' title='bbox 1769 5717 1845 5792; x_wconf 68' lang='grc' dir='ltr'><strong>(τι)</strong></span> <span class='ocrx_word' id='word_1_781' title='bbox 1886 5722 2113 5792; x_wconf 79' lang='lat' dir='ltr'><strong>&#39;I‘beod,</strong></span> <span class='ocrx_word' id='word_1_782' title='bbox 2140 5722 2176 5773; x_wconf 92' lang='grc' dir='ltr'><strong>Ι.</strong></span> <span class='ocrx_word' id='word_1_783' title='bbox 2199 5736 2238 5792; x_wconf 80' lang='lat' dir='ltr'><strong>_x_</strong></span> <span class='ocrx_word' id='word_1_784' title='bbox 2265 5718 2441 5792; x_wconf 70' lang='lat' dir='ltr'><strong>liisL,</strong></span> <span class='ocrx_word' id='word_1_785' title='bbox 2461 5734 2509 5792; x_wconf 66' lang='lat' dir='ltr'><strong>c.</strong></span> <span class='ocrx_word' id='word_1_786' title='bbox 2528 5718 2568 5792; x_wconf 83' lang='lat'><strong>_5</strong></span> <span class='ocrx_word' id='word_1_787' title='bbox 2592 5729 2642 5773; x_wconf 88' lang='lat' dir='ltr'><strong>et</strong></span> <span class='ocrx_word' id='word_1_788' title='bbox 2668 5717 2720 5771; x_wconf 86' lang='lat'><strong>6.</strong></span> 
     </span>
    </p>
   </div>
   <div class='ocr_carea' id='block_1_121' title="bbox 1768 5789 2576 5863">
    <p class='ocr_par' dir='ltr' id='par_1_121' title="bbox 1768 5789 2576 5863">
     <span class='ocr_line' id='line_1_121' title="bbox 1768 5789 2576 5863; baseline -0.001 -20"><span class='ocrx_word' id='word_1_789' title='bbox 1768 5789 1836 5863; x_wconf 72' lang='lat' dir='ltr'><strong>(ej</strong></span> <span class='ocrx_word' id='word_1_790' title='bbox 1876 5790 2054 5847; x_wconf 80' lang='lat' dir='ltr'><strong>Carm.</strong></span> <span class='ocrx_word' id='word_1_791' title='bbox 2087 5794 2157 5845; x_wconf 82' lang='lat' dir='ltr'><strong>De</strong></span> <span class='ocrx_word' id='word_1_792' title='bbox 2198 5789 2327 5853; x_wconf 74' lang='grc' dir='ltr'><strong>νει..</strong></span> <span class='ocrx_word' id='word_1_793' title='bbox 2357 5804 2403 5841; x_wconf 87' lang='lat' dir='ltr'><strong>v.</strong></span> <span class='ocrx_word' id='word_1_794' title='bbox 2427 5789 2576 5843; x_wconf 70' lang='grc'><strong>1517.</strong></span> 
     </span>
    </p>
   </div>
  </div>
