3824 6394
461 360 579 425 223

1797 363 1957 419 “TA
2001 365 2055 417 S.
2100 358 2442 418 GRECORII.

3613 362 3702 419 22!

464 488 745 548 modestus
798 483 1046 556 regenda:
1097 482 1355 539 Ecclesia:
1407 497 1631 548 curam,
1694 488 1837 554 quod
1896 481 2267 539 totiesAlloc
2319 478 2502 533 audito
2549 476 2744 532 civitas
2795 478 2971 532 omnis
3014 492 3153 547 qum,
3200 477 3269 531 ob
3302 484 3495 531 tradita
3536 479 3705 534 ortho-

466 584 902 645 detrectaverat,
950 578 1229 646 suscipere
1293 591 1399 631 non
1461 576 1833 629 recusaverit?
1888 574 2041 630 Pacis

472 675 730 728 studium.
762 671 877 737 Quo
905 670 1045 723 enim
1082 668 1446 722 Sasin‘tenscm
1487 669 1720 736 primum
1760 668 1893 737 fugit
1936 668 2059 737 cpi;

463 770 770 830 scopatum,
799 758 992 811 deinde
1024 757 1447 822 Nazianzennm,
1493 756 1597 810 hoc
1647 756 1838 810 eodem
1888 758 2036 825 pacis

463 866 650 905 amore
699 849 1358 916 ConstantinOpolitanum
1427 848 1685 916 suscepit.
1741 847 1875 915 Spes
1925 856 2040 902 erat

468 941 544 995 illi
580 942 777 1009 quippe
809 940 1269 992 conciliamlornm
1299 941 1442 1009 regia
1476 939 1526 990 itt
1554 938 1686 992 urbe
1711 940 2036 1001 animorum,

466 1043 520 1085 et
555 1032 963 1100 CSSIlIIgIlt'IItltL’
997 1031 1301 1091 discordia“,
1345 1046 1463 1096 qua:
1502 1039 1688 1081 exorta
1735 1039 1851 1082 crat
1883 1044 2039 1082 occa-

462 1124 618 1179 sione
652 1124 963 1176 Scltismatis
984 1123 1329 1175 Antiocheam
1360 1120 1629 1173 Ecclesiav.
1659 1120 1792 1186 Quid
1814 1122 2037 1189 gesserit

462 1215 790 1281 Gregorius,
850 1216 976 1281 quid
1034 1214 1348 1281 praestiterit
1409 1213 1908 1278 (lonsutntinopoli,
1968 1228 2032 1266 ex

462 1307 578 1376 ipso
610 1306 760 1372 jnvat
808 1307 997 1358 audire
1049 1304 1124 1374 (α)
1171 1323 1184 1358 :
1249 1326 1266 1357 ι
1303 1305 1606 1368 Laboravi,
1664 1307 1913 1372 populum
1981 1305 2034 1358 in

462 1400 641 1453 medio
676 1398 918 1466 luporum
956 1397 1166 1463 colli-gi,
1201 1398 1346 1465 gregi
1393 1412 1529 1464 aqua
1572 1398 1777 1448 carenti
1809 1397 1875 1447 de
1906 1411 2036 1448 mete

456 1489 720 1544 doctrina:
766 1488 910 1540 fonte
954 1498 1133 1553 potnnt
1186 1490 1406 1554 |ll‘3:lttll,
1445 1487 1543 1541 ieci
1582 1499 1877 1541 sementem
1920 1489 2034 1554 cjns

466 1580 611 1638 ﬁdei.
636 1596 754 1648 qua:
780 1592 861 1635 est
892 1581 943 1632 itt
979 1580 1084 1632 Deo
1128 1579 1371 1636 fundata.
1405 1580 1690 1633 Trinitatis
1721 1581 1895 1631 lumen
1930 1581 2034 1633 illis

468 1672 711 1740 patefeci,
753 1672 841 1739 qni
876 1675 1024 1737 prius
1075 1672 1125 1723 iu
1165 1671 1405 1723 tenebris
1442 1672 1820 1724 versabantur.
1857 1672 2032 1723 Adeo-

460 1781 566 1833 que
605 1765 759 1834 quasi
809 1762 1090 1831 ceagulunt
1131 1764 1402 1831 quoddam
1450 1778 1598 1814 erant
1647 1761 1699 1814 in
1738 1761 1875 1815 lacte
1919 1778 2033 1831 per-

2151 573 2307 626 doxis
2344 569 2537 640 templa
2560 580 2614 623 et
2646 570 2854 637 eiectos
2887 570 3139 635 Arianos,
3171 570 3241 641 (ε)
3268 590 3286 622 ι
3310 571 3706 640 ingemiscebat,

2150 670 2205 714 et
2244 671 2300 713 ut
2330 661 2480 729 gigas
2512 660 2601 713 ille
2634 660 2806 715 fertur
2845 660 2934 729 qui
2994 660 3215 715 fulmine
3262 662 3398 716 ictus
3433 661 3483 715 in
3542 674 3706 717 monte

2153 751 2311 808 IEIna
2342 753 2545 806 finitum
2592 762 2645 806 et
2678 752 2857 820 ignem
2909 768 2940 806 e
2973 754 3239 822 profundo
3277 755 3582 820 emittebat,
3603 765 3705 811 sta-

2153 846 2245 899 tim
2271 844 2505 899 emollita
2540 854 2643 907 est,
2681 855 2739 897 ut
2770 844 2969 898 ferrum
3005 845 3142 912 ignis
3178 844 3449 899 violentia.
3487 863 3511 897 ι

2166 988 2175 997 ,
2218 935 2406 990 Tantm
2442 951 2606 1003 porro
2642 936 2897 989 Ecclesim
2933 936 3128 1005 praesul
3160 936 3456 996 institutus.
3488 950 3706 1001 proven-

2149 1036 2344 1096 tusqne
2404 1039 2455 1082 et
2518 1028 2782 1095 inﬁnitam
2845 1028 3022 1082 ontnis
3080 1028 3289 1097 generis
3351 1028 3706 1095 eximimnqne

2146 1120 2531 1188 supellcctilem
2575 1130 2919 1181 consecutus,
2950 1135 3014 1172 ne
3041 1120 3194 1173 unica
3227 1121 3439 1188 quidem
3458 1120 3703 1179 drachma

2148 1210 2271 1264 hinc
2304 1211 2589 1263 lacullates
2624 1226 2754 1265 suas
2784 1211 2964 1274 anxit;
3015 1226 3133 1263 cum
3186 1221 3359 1264 tamen
3423 1210 3702 1263 maximam

2148 1300 2471 1352 talentorum
2506 1301 2736 1367 copiam,
2787 1301 2829 1351 si
2862 1300 2930 1349 ita
2976 1298 3140 1365 ipsius
3187 1300 3429 1353 voluntas
3484 1300 3702 1365 tulisset,

2142 1393 2395 1462 colligere
2430 1394 2714 1462 potuisset.
2758 1391 2833 1445 Ne
2857 1392 3125 1461 reditpnm
3158 1391 3370 1458 quidem
3402 1402 3453 1446 et
3480 1393 3707 1446 admini-

2142 1483 2419 1535 strationis
2477 1484 2738 1535 rationem
2793 1483 2862 1534 ab
2914 1482 3000 1545 iis,
3060 1483 3148 1551 qui
3189 1483 3441 1536 Ecclesiae
3500 1485 3702 1553 negotia

2142 1584 2541 1640 procurassent,
2581 1573 2866 1642 repetivit;
2914 1574 3051 1625 baud
3098 1584 3274 1626 tamen
3310 1575 3527 1641 ignarus
3552 1577 3607 1629 id
3644 1577 3705 1629 ab

2148 1663 2213 1715 iis
2243 1662 2601 1730 improbatum
2645 1663 2709 1716 iri
2748 1664 2836 1731 qui
2872 1664 3115 1730 pecuniis
3157 1663 3436 1718 inferiores
3465 1677 3612 1727 sunt,
3655 1678 3703 1719 ct

2148 1768 2308 1822 quant
2366 1753 2613 1807 indecora
2650 1753 2719 1807 sit
2773 1754 2822 1807 in
2874 1753 3124 1809 Ecclesiae
3168 1756 3427 1809 ministris
3473 1758 3705 1811 avaritia-

461 1856 735 1909 suasionis
763 1855 812 1906 vi
861 1854 1105 1922 cogentis
1146 1854 1513 1922 pharmacnm.
1545 1852 1611 1907 Et
1662 1853 1793 1906 alios
1821 1856 2034 1922 quidem

2142 1843 2397 1912 suspicio.
2432 1858 2537 1898 non
2586 1844 2909 1913 intelligunt.
2954 1846 3056 1915 Ipsi
3120 1847 3281 1900 etiam
3325 1850 3703 1915 exprobratum

454 1944 566 2014 jam
599 1946 922 1999 constrictos
967 1947 1250 2007 tenebam,
1296 1944 1386 1997 alii
1437 1958 1603 2013 prope
1651 1944 1897 2006 aberant,
1945 1944 2033 1998 alii

458 2037 643 2092 statim
686 2038 824 2090 idem
859 2037 1054 2090 facturi
1102 2045 1257 2089 erant
1288 2058 1299 2091 :
1338 2036 1391 2089 in
1421 2036 1671 2089 omnibus
1708 2045 1885 2089 autem
1928 2036 2037 2091 ira-

459 2128 656 2182 Cnndia
704 2125 1043 2189 ﬂectebatur,
1085 2141 1203 2193 quae
1249 2127 1396 2192 prius
1444 2126 1496 2178 in
1538 2126 1617 2179 eis
1663 2124 1942 2187 fervebat,
1981 2136 2038 2179 et

462 2219 707 2273 doctrina
747 2233 859 2271 mea
906 2217 1015 2287 jam
1051 2217 1419 2270 benevolentia
1469 2217 1855 2285 quadanterat
1901 2226 2039 2271 tent-

457 2300 585 2378 pera
614 2323 663 2362 a.
714 2308 852 2360 Idem
902 2307 969 2360 de
1020 2316 1127 2360 toto
1179 2308 1372 2376 populo
1426 2310 1751 2375 sperandum
1811 2308 2035 2363 videbit.

459 2409 568 2463 tnr,
597 2420 615 2453 ι
650 2412 753 2454 etc.
802 2398 861 2453 lli
915 2402 1062 2453 luere
1111 2400 1355 2470 Gregorii
1410 2415 1698 2455 successus
1732 2401 2037 2454 Constanti-

457 2495 675 2562 nopoli;
730 2496 840 2545 tunc
879 2492 1002 2546 felix
1060 2508 1239 2546 rerum
1292 2494 1515 2547 mutatio
1570 2493 1738 2561 ipsius
1797 2495 1942 2548 curis
1984 2502 2037 2547 et

457 2588 736 2643 laboribus
775 2598 956 2655 parta;
993 2589 1105 2639 Ita-c.
1139 2601 1272 2638 nova
1304 2595 1359 2639 et
1403 2584 1679 2652 splendida
1711 2585 1829 2640 ﬁdei
1860 2595 1915 2639 et
1954 2602 2036 2640 re-

457 2676 673 2749 ligionis
708 2678 895 2741 l'acics,
942 2694 1058 2744 qnze
1097 2678 1311 2730 horrida
1357 2687 1473 2729 erat
1516 2692 1637 2731 cum
1676 2676 1729 2730 in
1763 2678 1945 2729 urbem
1977 2693 2037 2731 se

458 2771 718 2833 contulit,
769 2770 925 2839 cujus
976 2784 1164 2823 (lllllleS
1210 2769 1466 2823 ecclesias
1518 2785 1613 2839 per
1677 2770 2031 2838 quadraginta

459 2879 635 2918 annos
682 2872 1075 2932 occupaverant
1128 2863 1447 2915 Arianorum
1503 2863 1879 2929 antesignani,
1937 2863 2036 2915 imo

456 2968 769 3028 peratornm
811 2957 928 3008 licti
964 2960 1219 3021 potentia.
1262 2955 1383 3009 lltlfc
1429 2970 1553 3008 vero
1587 2972 1708 3007 cum
1743 2966 1890 3009 certa
1930 2954 2037 3009 sint

459 3065 524 3106 ex
571 3050 848 3103 ltistoricis
885 3048 1109 3110 Cra-cis,
1153 3050 1315 3099 υιίιιιιι
1351 3048 1657 3102 tesfimottin
1686 3064 1782 3101 suo
1808 3046 2038 3105 Ambro-

457 3141 577 3195 sius
604 3141 655 3192 in
687 3141 824 3192 libro
852 3138 924 3193 De
956 3137 1153 3203 S,.iritu
1184 3148 1363 3190 sancto
1390 3136 1693 3193 conﬁrmat.

2060 3202 2101 3257 C

458 3250 564 3308 CL.
593 3250 917 3319 Cregarianu
971 3260 1115 3321 gesta
1153 3251 1205 3303 in
1253 3250 1380 3304 urbe
1426 3249 2030 3321 ConstantinOpolitana.

531 3361 660 3428 Qua:
699 3362 957 3431 Gregorio
990 3363 1040 3416 in
1074 3365 1209 3417 urbe
1248 3364 1390 3432 regia
1435 3365 1647 3419 vivendi
1684 3366 1822 3418 ratio
1852 3365 2031 3431 fuerit,

458 3468 580 3519 qua:
634 3453 684 3505 in
736 3468 856 3507 enm
906 3464 1105 3521 parata:
1155 3453 1382 3519 insulizc,
1424 3468 1542 3518 qua:
1597 3454 2030 3508 adversariorum

459 3544 576 3613 cjns
605 3544 670 3597 de
714 3558 778 3595 co
821 3543 1194 3612 querimoniae,
1228 3558 1345 3611 qua!
1378 3544 1589 3596 tlettltttll
1616 3544 1730 3606 eius
1760 3545 2031 3599 defensio-

460 3650 580 3695 nes,
614 3634 907 3705 Gregorius
940 3635 1053 3700 ipse
1081 3645 1189 3685 tmn
1226 3635 1277 3685 iu
1311 3636 1665 3702 Carminibus,
1699 3648 1809 3690 tum
1838 3638 1890 3691 in
1919 3653 2033 3693 ora-

464 3725 701 3780 tiunibns
736 3742 994 3778 enarrare
1027 3726 1335 3790 compulsus
1362 3736 1443 3780 est
1479 3744 1492 3780 :

461 3814 626 3871 Haud
650 3817 781 3881 scio,
818 3816 1009 3885 inquit,
1039 3821 1222 3885 quibus
1251 3816 1413 3869 verbis
1453 3833 1687 3870 enarrem
1710 3835 1826 3887 quae
1858 3828 2033 3871 secuta

1789 3900 1926 3947 sttui.

1789 3900 1926 3947 sttui.

463 3952 596 4008 Cum
644 3955 901 4024 ingentem
952 3972 1124 4009 rerum
1170 3972 1233 4009 ac
1275 3957 1596 4025 negotiarum
1650 3888 1830 4010 molitm
1863 3974 2033 4011 secum

1650 4031 1926 4083 ira/iant...

1650 4031 1793 4081 traha

466 4092 651 4149 Dicam
675 4104 843 4147 tamen
867 4112 1025 4165 quam
1055 4108 1229 4156 potero
1265 4027 1679 4150 moderatissiiiie
1701 4100 1793 4165 (ll).

462 4182 647 4239 Prono
679 4188 817 4254 apud
867 4205 926 4241 se
971 4191 1161 4241 statuit
1201 4189 1271 4259 (ε)
1316 4205 1418 4241 non
1449 4191 1802 4255 eosimitari,
1832 4192 1921 4261 qui
1953 4207 2037 4246 re-

463 4291 588 4345 gum
617 4289 666 4333 et
694 4280 1200 4347 magnatnntjannis
1243 4280 1548 4334 assidebam
1575 4298 1590 4346 ;
1625 4296 1673 4335 et
1708 4285 2033 4347 accusando,

462 4372 548 4423 vel
588 4373 804 4439 pietatis
856 4384 1120 4439 quaestum
1181 4376 1470 4431 ambiendo
1513 4376 1767 4429 indecore
1796 4390 1855 4428 se
1879 4391 2034 4443 gere-

463 4461 627 4525 bant;
687 4462 983 4515 dcsiderari
1022 4464 1199 4531 potius
1233 4480 1392 4533 quam
1442 4467 1566 4519 odio
1598 4466 1780 4519 liabcri
1815 4468 2030 4532 maluit;

463 4568 528 4607 ex
585 4555 805 4608 raritate
847 4557 1247 4609 venerationem
1288 4558 1390 4612 sibi
1435 4567 1705 4611 mercatus
1750 4568 1859 4620 est.
1889 4558 2033 4624 Quos
2052 4541 2108 4594 θ

461 4646 656 4699 anxios
702 4648 836 4700 vidit
890 4648 958 4702 ob
1005 4665 1066 4702 ea
1123 4652 1173 4703 in
1215 4667 1272 4704 se
1306 4651 1620 4713 commissa,
1674 4666 1899 4718 quorum
1932 4652 2031 4704 sibi

462 4738 662 4791 conscii
718 4748 904 4802 erant,
947 4741 1080 4794 alios
1133 4742 1481 4795 lieuetieentia
1549 4754 1865 4812 prosecutus
1908 4753 2028 4807 cst,

462 4827 597 4881 alios
622 4831 863 4897 pecuniis
886 4833 1017 4899 jnvit
1039 4850 1054 4893 ;
1076 4847 1265 4887 omnes
1291 4846 1433 4887 metu
1471 4833 1740 4888 liberavit.
1768 4833 2031 4887 Sicariuni

462 4917 520 4973 in
561 4922 863 4974 cnbicnlnnt
890 4922 1005 4990 ejus
1028 4924 1351 4992 ingressum,
1384 4935 1436 4979 et
1466 4926 1680 4980 consilii
1714 4928 1807 4981 sui-
1828 4927 2029 4982 atroci-

467 5018 581 5064 tate
632 5026 955 5079 permotum,
989 5014 1039 5066 itt
1072 5032 1241 5081 genua
1279 5018 1617 5083 prowlntutn
1649 5026 1702 5071 et
1728 5016 2034 5088 lacryntan-

467 5112 605 5162 tcm,
645 5103 727 5155 bis
754 5104 934 5157 verbis
971 5120 1152 5158 coram
1184 5106 1436 5161 omnibus
1465 5106 1659 5161 allatus
1681 5119 1762 5161 est
1800 5123 1814 5159 :

464 5191 638 5263 Servet
672 5206 719 5245 te
752 5194 922 5261 Deus;
953 5213 1033 5247 me
1069 5209 1241 5249 autem
1271 5202 1359 5263 qni
1391 5213 1620 5251 servatus
1654 5217 1788 5260 sum.

464 5260 651 5337 gruem
687 5266 845 5337 rideri
868 5260 919 5317 in
950 5266 1196 5319 sicarium
1232 5260 1331 5321 non
1366 5286 1552 5337 magna
1584 5287 1661 5323 res
1694 5284 1786 5323 est.

462 5333 637 5402 Meum
669 5345 716 5385 te
739 5335 858 5402 fecit
890 5337 1114 5387 audacia
1157 5350 1174 5387 :
1197 5339 1309 5389 vide

467 5399 748 5463 Quomodo
779 5415 825 5456 et
858 5422 958 5468 me,
992 5415 1039 5457 et
1078 5406 1182 5460 Deo
1211 5408 1398 5476 dignus
1425 5409 1522 5476 [ms
1544 5410 1650 5477 ,(dl.

556 5513 611 5575 α)
650 5513 827 5569 Carm.
860 5515 933 5569 De
957 5518 1112 5575 cuiae.

556 5528 586 5563 α
650 5513 827 5569 Carm.
860 5515 933 5569 De
957 5518 1112 5575 cuiae.

639 5585 832 5708 illizt‘ll‘ttt.
860 5586 932 5639 De
975 5587 1102 5652 γη..
1133 5606 1180 5643 v.
1214 5590 1345 5643 M00
1377 5602 1425 5645 et
1453 5606 1564 5659 seq.

537 5652 770 5723 lc)Hnd.

534 5723 1054 5793 (dituuL.v.ttcs.

543 5792 612 5865 (ε)
647 5792 779 5856 Ibid.

2137 1945 2220 1989 est
2255 1936 2397 2004 quod
2441 1950 2540 1991 nec
2589 1952 2773 1990 mensa
2807 1936 2949 1991 lauta
2992 1949 3044 1992 et
3083 1940 3324 2008 opipara,
3362 1955 3461 1995 nec
3503 1942 3709 2011 magni—

2144 2028 2241 2081 ﬁca
2270 2037 2419 2083 veste
2450 2039 2717 2094 uteretur,
2753 2045 2854 2084 nec
2902 2031 3179 2100 splendide
3209 2032 3261 2085 in
3292 2032 3565 2101 publicum
3591 2050 3706 2101 pru-

2138 2120 2299 2183 diret,
2342 2135 2438 2174 nec
2488 2136 2581 2174 eos
2611 2120 2702 2190 qui
2767 2138 2889 2175 cum
2945 2123 3162 2176 adibant
3219 2126 3450 2193 graviter
3480 2136 3537 2181 et
3591 2142 3704 2181 ctnn

2142 2210 2281 2264 t'astn
2346 2223 2642 2280 exciperet.
2703 2212 2873 2279 Quam
2938 2214 3151 2281 quidem
3208 2216 3609 2271 accusationem
3655 2220 3704 2273 in

2142 2302 2390 2356 oratione
2422 2303 2770 2357 valedictoria
2820 2318 3004 2357 coram
3055 2304 3339 2358 universali
3374 2307 3607 2360 concilio
3640 2309 3706 2363 ita

2136 2391 2291 2445 diluit
2322 2392 2398 2460 (fl
2439 2410 2452 2447 :
2491 2410 2509 2443 ι
2552 2392 2870 2448 Nesciebam
2919 2394 3130 2448 scilicet
3174 2394 3327 2449 nobis
3360 2411 3483 2448 cum
3516 2412 3712 2451 consu-

2138 2482 2297 2547 libus,
2351 2493 2404 2536 et
2469 2482 2760 2552 pra-lectis,
2809 2484 3234 2554 clarissimisque
3283 2486 3406 2540 belli
3460 2488 3705 2551 ducibus,

2136 2575 2224 2645 qui
2263 2584 2339 2626 tot
2369 2576 2559 2643 opibus
2592 2576 2871 2644 Copiisque
2911 2576 3307 2639 circumﬂuunt,
3350 2587 3430 2642 ιιι,
3475 2594 3589 2648 quo
3619 2595 3706 2633 sua

2138 2666 2443 2736 projiciant,
2486 2684 2587 2722 non
2628 2668 2886 2731 habeant,
2919 2670 3313 2722 tl't'nulationem
3341 2682 3395 2723 et
3434 2683 3709 2727 certamen

2135 2774 2291 2821 esse;
2355 2759 2591 2825 illudque
2635 2772 2910 2828 oportere,
2966 2772 3022 2815 ιιι
3073 2772 3127 2815 et
3182 2763 3356 2824 nobis,
3411 2778 3707 2832 pauperum

2137 2850 2293 2903 bonis
2327 2852 2391 2903 ad
2429 2852 2609 2904 luxum
2640 2864 2694 2906 et
2739 2853 2959 2907 delicias
3004 2854 3365 2917 abntentilms,
3406 2866 3598 2908 venter
3626 2870 3709 2907 un-

2139 2942 2301 3009 dique
2330 2944 2744 3011 comprimatur,
2778 2954 2833 2998 et
2859 2944 3161 2997 necessaria
3205 2946 3256 2997 in
3291 2961 3376 2999 res
3410 2948 3709 3013 superﬂuas

2138 3032 2503 3095 etlundantur,
2534 3045 2697 3103 atque
2718 3035 2906 3088 altaria
2937 3034 3048 3102 ipsa
3090 3035 3327 3088 rnetibns
3359 3039 3567 3090 nostris
3593 3055 3690 3091 con

2140 3127 2488 3179 t:nninentnr.
2536 3124 2849 3178 Nesciebam
2882 3141 2977 3179 nos
3021 3127 3174 3192 equis
3210 3127 3518 3194 insignibus
3553 3139 3607 3200 et
3640 3128 3710 3181 la-

2135 3218 2295 3270 scivis
2343 3216 2490 3278 ferri,
2543 3217 2793 3282 sellisqne
2816 3228 2866 3270 et
2898 3219 3147 3272 curribus
3182 3220 3463 3285 magniﬁce
3503 3221 3698 3284 attolli,

2136 3321 2199 3358 ac
2228 3321 2351 3357 cum
2405 3307 2544 3357 l'astn
2590 3315 2643 3356 et
2682 3320 2872 3374 pompa
2933 3308 3150 3371 deduci,
3205 3310 3457 3379 vclutqne
3514 3311 3707 3366 blanda

2137 3412 2297 3449 manu
2329 3396 2622 3451 deuinleeri
2655 3410 2927 3465 oportere,
2969 3411 3128 3465 atque
3155 3415 3342 3453 omnes
3367 3402 3549 3462 nobis,
3588 3417 3713 3469 per-

2136 3486 2260 3540 inde
2291 3504 2352 3540 ac
2378 3487 2589 3549 bellnis,
2614 3488 2677 3539 tle
2715 3487 2798 3538 via
2828 3489 3110 3551 decedere,
3140 3500 3193 3542 et
3219 3507 3268 3543 :n
3292 3501 3579 3561 utramque
3607 3493 3706 3545 vim

2134 3592 2338 3647 partem
2371 3581 2541 3633 scindi
2563 3588 2614 3633 et
2642 3580 2886 3641 distrahi,
2907 3592 2999 3635 aut
3031 3583 3191 3637 etiam
3221 3592 3425 3637 tantam
3456 3600 3708 3653 pra-euu-

2137 3673 2269 3724 tinm
2324 3672 2535 3722 turbam
2577 3686 2719 3737 esse,
2762 3681 2817 3723 ιιι
2854 3673 3035 3741 procul
3085 3674 3326 3728 incessus
3367 3686 3560 3728 noster
3583 3690 3713 3729 eon-

2137 3762 2358 3829 Spicnns
2386 3772 2664 3829 appareat.
2709 3780 2728 3812 ι
2760 3763 2890 3815 (lum
2945 3774 3121 3817 autem
3153 3764 3301 3817 multi
3332 3776 3519 3818 essent
3569 3781 3704 3833 quos

2136 3853 2249 3906 lucc
2271 3853 2511 3921 apologia
2542 3852 2946 3920 perstringeret,
2969 3852 3094 3907 imle
3125 3866 3206 3907 est
3233 3856 3375 3921 quod
3413 3853 3714 3923 Gregorius

2135 3959 2193 3996 se
2244 3958 2272 3996 a
2327 3945 2612 3997 nmltornm
2650 3943 2886 3997 moribus
2925 3943 3159 3997 alienum
3194 3958 3313 3997 esse
3354 3946 3703 4013 proﬁteatur,

2137 4050 2234 4088 nec
2265 4049 2323 4088 se
2353 4036 2692 4099 miratnrnnt,
2723 4036 2766 4087 si
2800 4036 3012 4101 quando
3054 4036 3281 4089 vinculis
3311 4047 3366 4088 ut
3396 4037 3703 4090 incommo-

2136 4128 2231 4178 dus
2258 4135 2312 4177 et
2348 4140 2593 4178 morosus
2646 4126 3002 4193 astringatur,
3040 4135 3129 4176 ant
3173 4124 3333 4177 etiattt
3383 4135 3565 4177 musto
3600 4126 3717 4193 ple-

2137 4232 2236 4268 nus
2270 4225 2576 4280 censeatur,
2609 4225 2664 4266 ιιι
2702 4214 2903 4267 Clll'lsll
2951 4214 3196 4281 discipuli
3230 4231 3348 4267 cum
3392 4214 3596 4281 linguis
3636 4216 3719 4269 lo-

2136 4318 2469 4375 querentur:
2523 4307 2595 4378 (g)
2633 4325 2650 4357 ι
2686 4306 2968 4373 lgnorante
3020 4307 3228 4359 Scilicet.
3280 4308 3628 4360 multitudine
3664 4308 3717 4361 id

2139 4404 2373 4471 Spiritus
2422 4404 2473 4455 vi
2521 4414 2575 4456 et
2616 4402 2872 4456 facultate
2924 4401 3061 4463 ﬁeri,
3108 4418 3211 4453 non
3252 4400 3446 4452 mentis
3497 4399 3720 4452 aberra-

2141 4500 2305 4547 tione.
2344 4513 2362 4545 ι
2416 4494 2644 4549 Aliunde
2682 4494 2925 4546 novimus
2952 4492 3270 4560 quibusnam
3299 4492 3720 4546 oblectamentis

2140 4588 2352 4638 labores
2382 4602 2506 4640 suos
2544 4587 2722 4640 levare
2755 4586 2944 4639 solitus
2980 4594 3121 4638 esset
3163 4602 3177 4638 :
3227 4602 3245 4634 ι
3284 4584 3717 4646 lnambnlabam,

2138 4679 2309 4747 inquit
2354 4678 2453 4749 (Ii),
2495 4695 2592 4748 ego
2639 4679 2809 4741 solus,
2865 4688 3121 4745 vergente
3164 4677 3273 4746 jam
3323 4678 3389 4729 ad
3453 4692 3717 4731 occasum

2143 4774 2276 4824 sole.
2298 4769 2473 4824 Locus
2502 4787 2663 4838 porro
2693 4771 2744 4824 in
2779 4787 2884 4838 quo
2910 4770 3201 4839 Spatiabar,
3236 4769 3399 4821 maris
3433 4770 3546 4835 ripa
3571 4780 3701 4823 erat.

2137 4862 2361 4929 Semper
2398 4865 2541 4915 enim
2583 4862 2731 4917 Soleo
2771 4863 3034 4929 ejusmodi
3064 4862 3469 4915 obieetamentis
3500 4861 3725 4915 labores

2134 4952 2427 5006 dissolvere
2474 4969 2537 5007 ac
2584 4953 2856 5017 relaxare;
2905 4954 3338 5020 quandoquidem
3390 4967 3491 5005 nec
3520 4967 3729 5022 perpe-

2137 5053 2284 5097 tuam
2325 5043 2726 5097 contentionem
2761 5059 2959 5098 nervus
2990 5043 3130 5096 ferre
3162 5051 3360 5110 potest.
3400 5061 3419 5093 ι

2216 5134 2335 5200 an
2363 5144 2515 5203 pacto
2539 5150 2596 5188 se
2627 5135 2902 5187 adhiberet
2934 5150 3059 5203 erga
3091 5148 3181 5186 eos
3199 5133 3287 5200 qui
3321 5134 3731 5201 persecutionis

2139 5236 2381 5295 tempore
2434 5226 2567 5294 lapsi
2619 5235 2792 5291 erant,
2823 5226 2937 5294 ipse
2982 5225 3272 5295 Gregorius
3292 5226 3450 5279 docet
3480 5226 3566 5279 liis
3596 5243 3728 5280 ver-

2135 5320 2219 5372 bis
2249 5321 2310 5385 (ἱ)
2339 5334 2353 5370 :
2390 5337 2407 5368 ι
2447 5317 2523 5371 Ne
2554 5319 2665 5387 ipse
2698 5320 2913 5387 quidem
2946 5334 3040 5373 eos
3058 5318 3280 5386 recipio,
3310 5318 3401 5385 qui
3450 5318 3534 5371 vcl
3569 5322 3732 5373 multo

2140 5410 2318 5474 modo,
2355 5410 2440 5463 vel
2482 5427 2585 5464 non
2628 5411 2761 5465 satis
2789 5410 3182 5480 deprimuntur,
3230 5423 3327 5464 nec
3353 5421 3569 5479 patrato
3612 5414 3731 5466 cri-

2214 5522 2279 5591 ιο
2316 5520 2729 5585 or.42,n.et.

2209 5600 2281 5658 (gn
2311 5592 2463 5653 lliid.,
2492 5612 2543 5645 ιι.
2583 5593 2672 5646 22.

2216 5663 2291 5730 (Ιι)
2331 5665 2424 5722 υτ,
2449 5662 2536 5727 Ξϐ,
2563 5680 2613 5715 ιι.
2644 5663 2697 5715 8.

2216 5734 2387 5801 (ηυγ.
2415 5732 2501 5796 59,
2542 5748 2594 5786 ιι.
2639 5732 2723 5787 19.
