3824 6394
130 421 209 479 ἓέδ

130 533 229 593 mini
255 540 409 600 parem
444 522 567 575 vilic
595 517 1028 575 emendationem
1062 517 1328 580 alterunt;
1391 529 1625 585 cumque
1652 532 1695 589 Α

126 621 303 691 κείρει),
329 611 718 668 convenientem
750 607 881 677 ipsis
912 606 1087 661 locum
1117 607 1359 673 assigno.
1398 624 1417 657 ι

126 752 221 813 ω,
241 745 493 804 Concilium
516 740 754 812 generale
770 749 1017 795 convocat
1041 738 1362 792 Theodosius
1386 754 1474 791 an.
1497 737 1624 791 581.

175 880 404 953 Proposita
435 874 591 943 quasi
633 872 883 927 universa
931 873 1180 943 Gregorii
1224 873 1278 926 in
1317 874 1451 926 urbe
1481 873 1624 926 Con-

124 968 534 1037 stititiiiopolitaiia
579 966 921 1034 episcopatus
968 981 1201 1031 summa,
1232 982 1372 1019 nunc
1414 966 1623 1032 singula

123 1074 453 1126 recenseainus.
496 1056 624 1110 Post
659 1061 938 1111 restitutas
983 1057 1305 1111 orthodoxis
1341 1057 1623 1124 ecclesias,

125 1163 414 1214 convocatuui
454 1163 481 1199 a
518 1146 843 1225 ‘Theodosio
893 1147 1183 1200 concilium
1236 1146 1494 1202 diximus.
1545 1145 1625 1199 Ex

123 1260 202 1303 toto
228 1243 421 1299 Oriente
453 1237 981 1309 tlonstautiuopoliiu
1029 1238 1268 1305 episcopi
1322 1252 1628 1291 convenere

120 1351 295 1395 numero
325 1347 402 1393 CL,
430 1342 484 1382 ιιι
510 1333 666 1383 tidem
701 1329 972 1383 Νἰείυιιιιιιι
997 1329 1411 1391 confirmarent,
1447 1337 1502 1382 et
1534 1345 1625 1382 re-

118 1433 190 1496 gia:
213 1426 309 1479 urbi
336 1424 634 1490 episcopum
666 1426 1027 1490 pr.elicercnt.
1067 1418 1279 1472 Nullum
1308 1420 1448 1473 forte
1476 1420 1621 1472 cirle-

120 1524 280 1573 litatum
300 1529 514 1581 unquam
546 1522 627 1566 est
653 1512 962 1573 concilium,
986 1511 1052 1564 ad
1083 1513 1223 1579 quod
1260 1520 1336 1563 tot
1362 1512 1622 1580 pr'csules

118 1609 341 1663 satietitatc
366 1605 595 1672 insignes
617 1606 985 1657 convenerint.
1014 1602 1119 1656 llos
1144 1604 1286 1658 inter
1311 1608 1626 1659 eminebant

120 1710 286 1755 sanctus
333 1695 569 1747 Meletius
617 1696 1007 1755 Aittioclientis.
1056 1704 1277 1748 sanctus
1328 1693 1627 1765 Gregorius

115 1789 331 1860 Eysseiius
353 1786 572 1854 ejusque
609 1785 777 1838 frater
809 1796 1027 1839 sanctus
1048 1785 1242 1839 Petrus
1260 1787 1616 1852 Sebastenus,

117 1892 284 1936 sanctus
311 1879 727 1963 Amphilochius,
755 1890 861 1931 etc.
892 1880 994 1930 Alii
1031 1894 1159 1932 vero
1192 1894 1295 1931 non
1324 1881 1478 1948 pauci
1507 1882 1628 1934 adeo
1657 1905 1697 1959 Β

115 1982 205 2027 rant
251 1971 386 2037 longe
410 1968 721 2029 dissimiles,
758 1978 813 2022 et
869 1970 1021 2022 Valde
1057 1972 1300 2023 moribus
1347 1972 1617 2038 dispares,

115 2078 214 2133 quos
259 2059 538 2127 Gregorius
588 2071 770 2112 noster
821 2060 1063 2128 asperius
1118 2068 1331 2113 tractat.
1394 2060 1471 2114 Ex
1532 2063 1617 2116 bis

113 2164 227 2208 erant
258 2152 507 2213 nonnulli,
542 2153 629 2219 qui
665 2151 903 2205 Valentis
951 2161 1212 2217 tempore,
1258 2152 1424 2220 pulsis
1464 2152 1517 2204 in
1543 2167 1632 2205 ex-

113 2249 246 2301 silium
302 2246 614 2315 prmsnlibus
666 2245 1006 2307 ortliodoxis,
1068 2246 1390 2297 Arianorum
1447 2243 1634 2300 favore

113 2345 315 2392 vacantes
336 2335 486 2389 sedes
511 2345 933 2404 oecupaverant.
971 2332 1289 2403 Hujnsuiodi
1320 2336 1627 2403 potitilices,

112 2429 632 2497 lt‘ltlthfiSCl‘ViCllleS,
661 2429 759 2481 sub
811 2426 1027 2479 Ariatiis
1072 2427 1402 2496 principibus
1445 2427 1633 2481 Ariani

109 2531 243 2586 erant,
273 2521 362 2574 sub
408 2518 730 2573 orthodoxis
783 2517 942 2571 fidem
994 2516 1350 2571 orthodoxam
1401 2518 1628 2587 profite-

110 2612 279 2664 bantur.

109 2721 222 2777 CLIL
251 2722 309 2776 lii
332 2738 389 2776 eo
408 2721 635 2776 concilio
665 2718 884 2773 Maximi
908 2719 1060 2771 irrita
1094 2717 1361 2771 ordinatio
1388 2718 1634 2772 declara—

164 2803 249 2853 tur.
277 2793 540 2845 Maximus
570 2794 634 2842 ab
668 2789 901 2842 [ecclesia
930 2791 1144 2857 ejectus.
1178 2789 1374 2841 Electio
1396 2788 1633 2857 Gregorii

155 2863 445 2929 conﬁrmant.
488 2862 712 2920 l’rrlfuit
749 2860 989 2927 concilio,
1045 2859 1234 2912 saltem
1283 2868 1401 2927 post
1437 2859 1635 2913 Meteiit'

154 2942 359 2986 mortem.
379 2931 531 2985 Mors
556 2929 779 2984 Meletii.

157 3043 203 3099 ιιι
230 3048 320 3100 hoc
351 3045 601 3105 concilio.
650 3044 791 3112 quod
823 3056 1118 3097 sccunoum
1151 3041 1403 3112 generale
1435 3050 1540 3106 est,
1572 3048 1628 3096 et

108 3139 291 3205 primum
342 3135 805 3204 Constantinopoli
864 3136 1141 3195 habitum,
1193 3149 1354 3187 eausa
1403 3132 1629 3186 Maximi

1368 393 1531 451 VITA
1568 393 1606 447 S
1661 389 2011 450 GREGORII.

3204 387 3315 444 228

1727 513 1921 582 pra-sul
1958 510 2195 588 moriens
2226 509 2493 580 episcopis
2516 503 3014 571 commendaverat,
3045 502 3313 576 Gregorio

1731 613 1905 671 teste;
1970 603 2058 672 qui
2105 612 2159 656 et
2208 601 2322 670 ipse
2374 601 2521 668 paris
2561 598 3019 659 studiosissimus,
3056 598 3155 649 hac
3203 611 3309 649 una

1728 712 1891 750 causa
1927 696 1976 748 in
2031 694 2159 747 sede
2202 692 2801 760 Coustautinopolituna
2842 689 3002 743 locari
3039 703 3095 740 se
3124 702 3312 756 pasms

1727 785 1931 848 fuerat,
1990 796 2047 839 ιιι
2092 785 2395 840 Orientales
2426 794 2478 837 et
2522 780 2915 841 Occidentales,
2957 796 3183 848 quorum
3219 780 3311 835 alii

1728 893 1825 946 pro
1854 877 2089 939 Meletio,
2110 877 2196 930 aTii
2219 893 2313 944 pro
2338 875 2559 929 Paulino
2596 875 2833 938 stabant,
2866 872 2930 925 ad
2962 873 3308 926 Concordiam

1730 978 2033 1031 revocaret,
2082 977 2137 1019 et
2184 967 2485 1019 luctiiosiiiit
2536 966 2794 1029 scliisma,
2853 979 2960 1033 quo
3016 965 3311 1019 eatlioliciis

1727 1061 1875 1112 orbis
1900 1060 2271 1122 scindebatur,
2314 1059 2706 1127 exstingueret.

1728 1196 2059 1252 CLIII-CLV.
2089 1195 2370 1263 Gregorius
2411 1198 2464 1248 iii
2506 1196 2603 1248 liric
2642 1205 2754 1248 erat
2790 1198 3068 1255 sententia,
3103 1206 3158 1248 ut
3197 1194 3310 1250 Me-

1802 1268 1921 1319 leiiu
1945 1284 2212 1320 siicressnr
2234 1285 2334 1318 non
2370 1268 2727 1318 ordinaretur.
2762 1266 2862 1317 Sel
2903 1274 3030 1316 adeo
3056 1283 3155 1318 non
3188 1283 3310 1325 pcr-

1797 1341 1985 1397 suusit,
2018 1347 2069 1388 tit
2091 1353 2318 1388 omnium
2350 1353 2475 1398 pene
2500 1338 2620 1387 odio
2645 1338 2696 1388 in
2717 1351 2768 1387 se
2795 1336 3144 1387 roiicitiiverti.
3186 1333 3309 1387 Viti-

1799 1411 1864 1459 cit
1891 1407 2166 1471 jitiiioriiiu
2201 1408 2360 1472 frictio
2395 1408 2779 1472 episcoporum.
2818 1408 2905 1471 qui
2947 1408 3102 1455 etiam
3138 1407 3308 1457 senio-

1804 1493 1884 1528 res
1932 1480 1984 1527 iii
2012 1493 2163 1527 siinui
2207 1479 2509 1539 perire/titul
2547 1477 2856 1525 sententiain
2887 1490 2905 1528 :
2947 1486 2992 1524 et
3025 1477 3309 1526 ("larinatis

1799 1548 2070 1612 presbyter
2120 1545 2469 1597 Antiochi?th
2531 1544 2729 1596 Melelii
2782 1560 3054 1597 successor
3114 1548 3308 1596 elecuu

1798 1602 1894 1669 est.
1931 1602 2225 1668 Orientales
2261 1627 2307 1665 et
2347 1612 2709 1666 Occidentales
2745 1614 2916 1671 enisi-ii
2956 1616 2994 1676 i,
3041 1615 3198 1666 rariis
3246 1615 3310 1663 ile

1800 1686 1995 1745 mmsis,
2053 1685 2305 1753 tiri-goria
2340 1687 2513 1738 sedem
2563 1700 2715 1736 suum
2765 1684 3054 1751 relinquere
3092 1682 3305 1747 volenti,

1802 1772 1905 1809 non
1928 1756 2296 1808 adversantur.

1802 1868 2024 1922 Sublato
2053 1866 2217 1935 igitur
2249 1879 2280 1919 e
2314 1864 2451 1917 vivis
2486 1862 2724 1918 Meletio.
2755 1862 3003 1931 Gregorii
3030 1861 3303 1916 sententia

1736 1958 1857 2022 fuit,
1896 1970 2050 2027 pacta
2099 1971 2219 2010 esse
2267 1958 2554 2016 servanda,
2586 1970 2681 2007 nec
2710 1954 2920 2007 Melctio
2945 1955 3306 2008 ordinandum

1734 2063 1853 2102 esse
1890 2060 2293 2107 successorem;
2335 2046 2598 2113 siquidem
2637 2056 2792 2097 antea
2841 2054 3190 2106 conticuerat,
3249 2052 3310 2098 ut

1735 2140 1809 2195 illi
1863 2141 1952 2209 qui
1988 2142 2137 2209 prius
2173 2147 2497 2199 moreretur,
2528 2139 2643 2190 sive
2675 2136 2953 2199 Paulinus.
2995 2138 3109 2192 sive
3140 2135 3307 2191 Melc-

1754 2233 1861 2287 tiiis
1902 2232 2061 2296 foret,
2106 2232 2284 2284 nullus
2315 2233 2723 2299 Stlltt'ttgnrelltr,
2761 2240 2815 2282 et
2857 2244 3129 2298 superSIes
3164 2230 3311 2293 alter

1746 2324 2141 2379 Antiochenam
2174 2326 2353 2377 sedem
2384 2332 2690 2391 occuparet.
2737 2320 2880 2385 lliec,
2914 2325 3151 2391 inquam,
3210 2321 3312 2374 fuit

1737 2412 1987 2483 Gregorii
2034 2414 2324 2475 sententia,
2379 2414 2463 2465 cui
2507 2414 2722 2481 quidem
2771 2413 2815 2466 si
2872 2414 3055 2466 caeteri
3096 2414 3311 2480 paruis-

1743 2515 1886 2569 sent,
1936 2521 2125 2575 magna
2188 2504 2277 2558 illa
2328 2504 2393 2557 lis
2462 2504 2757 2572 composita
2812 2502 3019 2557 fuisset.
3071 2504 3312 2558 Suadere

1748 2604 1979 2650 conatus
2018 2605 2124 2657 est,
2166 2605 2221 2647 ut
2253 2597 2525 2649 sineretur
2555 2594 2832 2659 Paulinus,
2863 2594 2971 2662 jam
3004 2594 3155 2647 senio
3178 2610 3310 2647 ron-

1735 2686 1928 2751 fectus,
1976 2686 2167 2754 paucis
2194 2686 2387 2739 diebus
2437 2685 2634 2753 quibus
2687 2686 2793 2737 vita
2841 2695 3114 2752 superstes
3151 2685 3309 2749 l'oret,

1735 2778 1884 2833 solus
1913 2777 2305 2831 Antioclieitatii
2353 2776 2535 2829 sedem
2567 2791 2869 2845 occupare;
2897 2791 3002 2843 quo
3033 2775 3310 2839 defuncto.

1734 2867 1788 2923 in
1822 2868 1937 2937 ejus
1985 2877 2113 2921 tunc
2167 2870 2338 2919 locum
2395 2867 2751 2934 sobrogareiit
2794 2864 3092 2919 Oiieotales
3150 2851 3310 2932 quem

1735 2959 1955 3013 vellent.
1998 2957 2123 3012 llzec
2163 2958 2281 3026 ejus
2310 2959 2461 3010 luere
2506 2956 2667 3009 verba
2701 2959 2770 3009 ad
2800 2956 3013 3011 concilii
3047 2955 3311 3009 Conslaiio

1737 3051 2071 3120 tiu0politaui
2125 3049 2311 3104 Patres
2358 3050 2477 3119 (ii):
2535 3065 2554 3098 ι
2613 3047 2887 3102 Throuuiii
2939 3050 3168 3102 retineat
3218 3048 3309 3118 qui

1737 3144 1906 3197 tenuit
1937 3144 2003 3197 ad
2040 3142 2185 3196 btiiic
2211 3143 2351 3194 diem
2382 3141 2599 3211 (nempe
2650 3140 2927 3209 Paulinus)
2967 3155 2981 3192 :
3032 3142 3159 3209 quid
3206 3142 3309 3197 lioc

109 3231 273 3300 Cynici,
302 3231 388 3300 qui
417 3232 467 3284 ill
490 3228 678 3283 sedem
704 3227 1351 3295 COIISIaltlittopulitaliatlt
1380 3226 1621 3294 irrepere
1659 3255 1702 3312 C
1738 3234 1969 3297 nocebit,
2013 3251 2031 3283 ι
2071 3243 2183 3287 etc,
2212 3232 2354 3285 Nihil
2386 3243 2494 3285 tam
2539 3233 2787 3300 prudenti
2820 3234 3086 3287 sententia
3130 3235 3310 3303 prum-

110 3331 380 3387 teutavcrat,
424 3332 714 3389 tantasque
758 3324 945 3374 turbas
972 3321 1258 3382 eiicitarat,
1287 3320 1487 3388 agitata
1520 3329 1627 3373 est.

108 3411 338 3467 Communi
374 3414 622 3467 omnium
659 3428 925 3467 consensu
953 3413 1103 3465 irrita
1134 3412 1320 3483 Cynici
1352 3413 1628 3468 ordinatio

109 3500 250 3558 habita
275 3505 386 3569 luit,
413 3506 686 3559 sancitum
728 3514 813 3559 est
843 3502 1132 3556 Maximum
1193 3520 1290 3556 nec
1330 3503 1496 3556 fuisse
1533 3517 1631 3556 nec

109 3605 198 3649 esse
232 3596 567 3664 episcopum;
616 3604 671 3648 et
708 3596 797 3663 qui
827 3597 895 3648 ab
934 3597 1046 3663 ipso
1080 3593 1316 3647 ordinati
1349 3604 1530 3647 essent
1580 3594 1632 3647 iu

108 3699 375 3755 quocunque
416 3688 676 3742 Ecclesia:
715 3688 907 3757 gradu,
963 3689 1188 3741 clericos
1247 3702 1351 3739 nou
1388 3702 1507 3741 esse
1536 3687 1633 3740 lia-

107 3772 284 3830 benilos.
316 3777 428 3833 Uno
467 3782 635 3833 verbo
669 3795 1005 3847 quaecunque
1039 3780 1181 3833 circa
1217 3779 1416 3849 ipsum,
1450 3780 1530 3833 vel
1565 3779 1633 3833 ab

109 3862 313 3931 ipsoacta
355 3869 595 3934 fuerant,
625 3886 653 3921 a
690 3871 920 3924 concilio
963 3872 1259 3939 improbata
1304 3888 1367 3927 ac
1406 3872 1633 3926 rescissa

111 3967 221 4021 sunt,
251 3957 555 4031 eiectusque
608 3961 871 4017 Maximus
919 3965 985 4017 ab
1014 3964 1276 4027 Ecclesia,
1332 3976 1387 4019 et
1423 3980 1452 4019 a
1503 3966 1636 4019 lide-

110 4044 206 4101 liittii
238 4055 504 4107 consortio
538 4064 800 4108 remotus.
854 4053 1058 4120 Quibus
1082 4058 1340 4125 peractis,
1376 4057 1417 4112 Τ
1425 4056 1633 4127 hcologi

106 4138 257 4196 electio
284 4146 556 4198 communi
594 4144 817 4199 Patrum
861 4148 1064 4203 ealcqu
1100 4153 1321 4217 probata
1356 4158 1414 4203 et
1448 4154 1639 4202 contir-

110 4240 235 4295 inata,
289 4234 399 4304 ipse
459 4235 516 4289 in
576 4236 705 4289 sede
750 4237 1342 4309 ConstantiiiOpolitaua
1413 4240 1634 4293 multum

110 4322 278 4386 quidem
317 4342 563 4395 gemens,
607 4342 714 4381 non
762 4335 940 4382 tamen
987 4339 1045 4382 ut
1093 4341 1249 4382 antea
1306 4344 1637 4398 repugnans,

111 4413 351 4471 collocatus
395 4427 481 4472 est
532 4435 562 4472 a
613 4426 799 4472 sancto
847 4418 1057 4473 Meletio
1110 4420 1329 4474 concilii
1388 4421 1637 4488 prwside,

108 4504 176 4569 qui
196 4505 292 4574 jam
318 4508 399 4563 vel
440 4516 572 4563 ante
611 4509 900 4563 concilium
942 4511 995 4563 in
1046 4511 1233 4563 urbem
1266 4509 1477 4563 venisse
1515 4525 1637 4563 cre-

1734 3327 1808 3379 cit
1833 3323 2149 3394 Gregorius,
2179 3325 2424 3393 adeoque
2459 3338 2563 3376 iiou
2594 3325 2860 3391 perSuasit
2890 3326 3030 3392 quod
3065 3326 3301 3389 volebat,

1734 3430 1833 3469 nec
1864 3415 2193 3468 dissidentes
2237 3413 2302 3465 ad
2334 3411 2678 3467 concordiam
2716 3412 3006 3474 reviicavit,
3040 3423 3095 3464 ut
3139 3414 3305 3465 etiam

1734 3505 1973 3558 omnium
2027 3506 2078 3557 iii
2114 3520 2171 3558 se
2216 3505 2337 3557 odia
2394 3503 2724 3556 incenderet.
2765 3502 2817 3555 lii
2847 3518 2941 3555 sua
2976 3514 3309 3557 lattlcllsell‘

1736 3598 1926 3658 tentia,
1957 3595 2039 3648 vir
2066 3596 2197 3663 justi
2234 3594 2473 3661 rectique
2504 3604 2686 3658 tenax,
2721 3602 3035 3646 constanter
3060 3608 3311 3660 perseve-

1736 3688 1898 3752 ravit,
1928 3698 2262 3742 contestattis
2303 3701 2362 3741 se
2399 3688 2593 3739 throno
2630 3685 2919 3755 episcopali
2968 3685 3144 3753 potius
3185 3701 3309 3739 ces-

1736 3797 1942 3846 surum,
1976 3796 2135 3849 quatit
2188 3788 2245 3831 tit
2274 3793 2388 3842 eos
2430 3779 2474 3832 si
2504 3793 2663 3844 prava
2706 3781 3081 3843 decernerent,
3110 3789 3303 3844 seque-
3342 3784 3352 3795 ‘

1739 3881 1908 3927 retur.
1943 3871 2071 3937 Qua:
2126 3867 2369 3937 Gregorii
2422 3867 2743 3921 coiitcstatio
2775 3868 3043 3921 iiiileCoris
3083 3876 3309 3935 exiepta

1736 3970 1819 4016 est
1863 3960 2186 4014 clamoribus
2242 3956 2315 4028 (ὁ)
2361 3974 2373 4011 :
2414 3974 2433 4007 ι
2473 3956 2762 4009 Clauiitaitt
2812 3956 2882 4008 illi
2932 3957 3189 4025 undique,
3253 3964 3313 4010 ιιι

1737 4052 2074 4120 graculorum
2110 4049 2286 4110 turba,
2322 4066 2340 4100 i
2381 4058 2489 4102 etc.
2526 4048 2709 4117 itaque
2734 4047 3297 4116 vicitjuiiiorumepi-

1739 4158 2022 4211 scoporum
2072 4141 2255 4205 factio,
2298 4140 2387 4209 qui
2429 4142 2672 4195 seniores
2720 4140 2771 4192 in
2809 4156 2959 4194 suam
2996 4149 3312 4209 pertraxere

1738 4235 2057 4289 sententiam
2083 4250 2097 4298 ;
2121 4242 2283 4300 atque
2336 4231 2523 4293 etiam,
2560 4232 2700 4284 haud
2728 4231 2944 4301 quidem
2979 4246 3073 4299 per
3108 4246 3187 4294 se,
3215 4232 3312 4285 sed

1741 4343 1835 4397 per
1860 4324 2101 4393 Gregorii
2146 4324 2471 4397 laiitiliares,
2502 4324 2671 4392 ipsius
2708 4325 3068 4377 coostaniiaui
3104 4332 3313 4377 tentare

1740 4396 1855 4471 ausi
1881 4427 2027 4481 sunt,
2068 4396 2441 4481 ut‘suaderent
2478 4415 2530 4471 id
2569 4418 2711 4483 quod
2731 4417 2795 4468 de
2823 4414 3079 4468 Flaviano
3113 4415 3167 4467 in
3197 4415 3314 4467 Mes

1742 4509 1851 4563 letii
1899 4508 2072 4562 locum
2100 4506 2477 4561 substituendo
2519 4488 2846 4573 cogitabant.
2890 4505 2994 4558 Sed
3044 4504 3312 4573 repulsam

109 4592 238 4660 ditur,
297 4606 354 4649 ιιι
416 4597 668 4667 Gregorii
735 4598 1053 4653 electionem
1123 4600 1509 4665 contirmaret,
1582 4609 1637 4654 et
1672 4597 1716 4651 D
1745 4602 1883 4669 passi
1919 4609 2066 4655 sunt.
2109 4617 2128 4650 i
2170 4598 2305 4664 Quid
2355 4611 2581 4650 necesse
2619 4605 2701 4650 est
2742 4596 2945 4661 dicere,
2985 4595 3180 4663 quibus
3218 4609 3315 4647 vo-

110 4696 379 4750 ispuiisuni
422 4703 642 4758 simusa‘.
684 4690 855 4755 darei,
894 4708 914 4741 ι
965 4699 1022 4742 ιιι
1061 4690 1298 4760 loquitur
1342 4691 1638 4761 Nysseiius,

107 4775 175 4839 qui
215 4776 305 4830 hac
352 4779 441 4832 die
493 4780 798 4835 orationem
849 4781 1055 4835 habuit.
1108 4778 1403 4850 Gregorius
1456 4790 1641 4837 noster

106 4867 280 4920 concilii
305 4885 507 4938 praises
542 4870 710 4925 fuisse
732 4872 962 4934 videtur,
993 4872 1038 4925 si
1067 4874 1243 4926 minus
1266 4873 1447 4926 statim
1477 4884 1643 4943 atque

110 4952 291 5014 insulto
326 4963 623 5032 episcopali
648 4964 976 5018 constitutus
994 4962 1114 5027 fuit,
1144 4964 1336 5017 saltent
1363 4958 1642 5034 postquam

108 5063 225 5104 mors
257 5056 473 5108 abstulit
532 5054 827 5117 Melctium,
872 5053 1029 5108 bouis
1080 5055 1333 5110 omnibus
1385 5054 1640 5120 ﬂebilem,

112 5142 210 5193 nulli
231 5157 348 5197 vero
380 5146 702 5199 ﬂebillorein
732 5162 890 5214 quam
929 5146 1214 5216 Gregorio.
1264 5146 1495 5213 insignis
1544 5147 1645 5200 but:

109 5236 268 5287 saeculo
296 5239 562 5299 moribus,
599 5238 814 5305 pietate,
852 5238 1077 5291 scientia
1119 5237 1446 5306 priesuttuii
1477 5236 1643 5289 Mele-

112 5323 213 5382 tius.
258 5328 488 5380 maxime
541 5343 669 5381 vero
716 5329 1101 5382 certaminibus
1156 5345 1277 5397 pro.
1307 5327 1646 5382 defendenda

110 5413 300 5467 reiitate
323 5416 591 5469 adversus
621 5416 903 5469 luereticos
952 5418 1240 5484 susceptis,
1283 5418 1385 5470 sub
1421 5417 1651 5485 impera-

112 5504 283 5559 toribus
317 5506 659 5574 Constantio,
692 5504 923 5567 Juliaiio.
959 5507 1209 5575 Valente,
1235 5525 1261 5561 ιι
1292 5510 1490 5577 quibus
1511 5521 1652 5576 Siepe

112 5590 155 5644 iri
199 5596 435 5652 exsilium
497 5599 688 5669 pulsus
733 5600 853 5654 fuit.
898 5599 1154 5655 Ecclesiae
1200 5615 1386 5669 pacein
1432 5609 1655 5655 sanctus

164 5816 233 5889 (α)
252 5819 425 5877 Carm.
459 5822 537 5875 De
580 5820 693 5880 Vita
716 5839 833 5891 sita,
856 5836 994 5906 vers.
1028 5820 1181 5889 1627,
1219 5831 1323 5877 etc.

1746 4694 1899 4750 cibus
1928 4692 1995 4746 ab
2024 4691 2106 4744 bis
2136 4690 2326 4744 amicis
2379 4698 2564 4744 nostra
2611 4688 2837 4742 Canities
2878 4689 2978 4740 fuit
3014 4687 3261 4740 tentata?
3287 4702 3309 4738 ι

1748 4785 1872 4840 ΙΙωο
1920 4792 1974 4837 et
2014 4783 2117 4835 alia
2165 4781 2319 4851 plura
2369 4782 2686 4849 Gregorius,
2728 4780 2819 4846 qui
2882 4778 3315 4847 indignabundus

1753 4888 1772 4922 i
1820 4888 1850 4925 e
1917 4871 2094 4925 medio
2157 4873 2345 4940 pedem
2412 4869 2574 4937 cospit
2626 4868 2897 4934 eximere;
2958 4884 2977 4920 ι
3044 4870 3151 4921 into
3193 4876 3316 4922 ete

1750 4964 1910 5018 domo
1957 4978 2054 5017 sua
2105 4963 2157 5017 in
2212 4962 2374 5016 aliam
2417 4962 2688 5028 migravit,
2726 4960 3020 5014 extrahens
3073 4960 3307 5027 seipsuiti

1755 5074 1775 5108 ι
1815 5073 1842 5108 a
1878 5055 2143 5124 profundo
2173 5055 2447 5116 ecclesia},
2491 5072 2510 5105 ι
2545 5053 2631 5106 tibi
2659 5055 2849 5105 domus
2883 5063 3001 5106 erat
3035 5054 3318 5118 cpisc0pa~

1746 5145 1833 5209 lis,
1854 5158 1914 5199 ut
1941 5146 2122 5214 procul
2149 5156 2291 5198 esset
2317 5161 2336 5195 ι
2379 5162 2407 5195 a
2443 5144 2598 5195 malis
2625 5144 2967 5195 sermonibus
2984 5149 3039 5193 et
3069 5155 3309 5192 conven-

1742 5238 1903 5292 tibus.
1936 5255 1956 5289 i
1994 5234 2285 5289 Utaiidivit
2308 5237 2535 5305 populiis
2570 5235 2784 5289 domum
2810 5249 2839 5285 a
2868 5232 3137 5301 Gregorio
3168 5244 3318 5284 coni-

1746 5338 2006 5383 tnutatam
2043 5342 2180 5391 esse,
2214 5343 2349 5394 pene
2401 5325 2716 5380 incredibile
2761 5333 2847 5378 est
2881 5324 3075 5393 quibus
3100 5321 3319 5392 gvntitio

1746 5417 1869 5480 bus,
1900 5428 2032 5486 quot
2064 5428 2117 5471 et
2155 5417 2370 5483 quantis
2414 5416 2670 5485 lacrymis
2705 5426 2973 5484 pastorem
3009 5430 3162 5468 suum
3192 5429 3314 5468 om-

1748 5522 1844 5562 nes
1864 5506 2125 5561 Catholici
2152 5507 2433 5571 dellereiit,
2452 5506 2645 5575 quibus
2669 5507 3026 5571 orationibus,
3050 5515 3107 5559 ut
3130 5522 3157 5559 a
3187 5519 3312 5575 pre-

1751 5599 1925 5669 posito
1963 5599 2271 5666 desisteret,
2304 5613 2426 5654 cum
2449 5613 2514 5654 eo
2538 5597 2945 5655 contenderent.
2966 5598 3062 5673 liis
3087 5598 3309 5668 quidem

1805 5820 1881 5892 (ti)
1912 5819 2068 5888 Ibid.,
2097 5836 2235 5879 vers.
2270 5819 2425 5877 £685.
