3812 6526
482 402 588 459 ΩΞἸ

1798 399 1955 456 VITA
1998 401 2056 455 S.
2098 397 2445 456 GREGORll.

3664 407 3786 464 εεε

488 522 800 576 movebatur
845 517 1155 588 Gregorius,
1199 518 1291 574 sed
1326 527 1505 573 tamen
1541 518 1779 572 nondum
1820 534 1847 572 a
1879 520 2054 588 prima
2086 523 2131 579 Α
2158 518 2275 586 ejus
2311 518 2449 571 votis
2472 517 2669 582 cessit,
2695 518 2856 572 cessit
2886 526 3085 573 tamen.
3115 538 3133 572 ι
3174 520 3287 575 Νοη
3328 521 3495 576 solum
3557 534 3786 579 autem

487 614 757 670 sententia
807 611 1073 667 desistere
1118 612 1310 681 putuit.
1356 610 1490 665 Cum
1543 620 1719 665 autem
1754 625 1782 664 a
1824 611 2056 665 concilio

486 705 846 767 discessisset,
884 712 994 757 tum
1030 702 1320 757 Flavianus
1349 702 1633 773 presbyter
1663 703 2053 768 Antiochenns,

491 792 689 849 Melctii
726 808 1007 849 successor
1065 794 1272 849 electus
1315 804 1396 849 est
1440 795 1819 848 communibus
1868 810 2055 849 eorum

487 890 727 943 onmium
779 890 868 958 qui
921 896 1293 941 remanserant
1349 888 1514 950 votis;
1570 887 1758 955 sicque
1788 887 2053 941 discordia

488 980 789 1035 Orientales
836 981 977 1033 inter
1011 990 1062 1034 ct
1094 980 1462 1035 Occidentales
1488 979 1883 1046 perseveravit:
1916 980 2057 1045 quod

490 1081 699 1124 tantum
734 1069 993 1138 Gregorio
1022 1086 1308 1126 maerorem
1342 1071 1586 1136 incussit,
1618 1081 1677 1125 ut
1711 1071 1889 1125 sedem
1914 1069 2054 1124 Con-

501 1162 1034 1231 stantinopolitanam
1067 1163 1315 1215 deserere
1334 1164 1519 1215 firmus
1544 1161 1812 1215 statuerit.
1839 1159 2057 1213 Assensi

499 1266 625 1309 sunt
652 1269 840 1308 oumcs
868 1252 1083 1307 concilii
1118 1232 1335 1318 Patres;
1375 1263 1483 1305 tum
1503 1252 1827 1316 Orientales,
1853 1251 2054 1319 Grego-

490 1347 573 1400 rio
605 1346 801 1399 infensi
832 1345 899 1400 ob
919 1346 1235 1413 denegatum
1264 1343 1520 1397 Flaviano
1545 1341 1855 1411 suffragium
1883 1359 1897 1407 ;
1944 1352 2055 1397 tum

488 1437 878 1500 Occidentales,
907 1436 1145 1507 Aigyptii
1174 1450 1365 1504 nempe
1392 1445 1445 1489 et
1492 1436 1831 1499 Macedones,
1866 1448 2057 1488 recens

487 1527 1010 1597 ConstantinOpolim
1044 1527 1273 1588 advecti,
1303 1527 1391 1595 qui
1421 1542 1519 1595 pro
1552 1542 1646 1580 sua
1680 1526 1731 1579 in
1752 1524 2058 1580 Orientales

452 1598 847 1681 \amulatione,
898 1618 1235 1687 Gregorium,
1270 1618 1394 1670 licet
1440 1617 1644 1671 Paulini
1690 1632 1907 1671 causam
1942 1624 2057 1668 tue-

490 1724 657 1775 retur,
695 1712 929 1781 ipsisque
996 1711 1129 1763 adeo
1184 1710 1409 1770 faveret,
1466 1726 1570 1763 non
1624 1708 1693 1763 ob
1748 1708 1892 1761 aliud
1935 1710 2056 1760 eum

494 1805 693 1858 throno
724 1802 1013 1871 episcopali
1045 1803 1239 1855 cedere
1273 1802 1416 1869 passi
1450 1810 1595 1863 sunt,
1629 1815 1790 1869 quam
1820 1800 1959 1867 quod
1991 1799 2056 1853 ab

486 1895 851 1952 Orientalibus
896 1896 946 1947 in
994 1909 1060 1947 eo
1120 1892 1309 1947 fuisset
1348 1892 1661 1952 collocatus,
1704 1906 1767 1945 ac
1800 1890 2055 1960 quidquid
2090 1873 2129 1928 Β

488 1988 706 2059 sbipsis
736 1997 912 2041 actum
943 1986 1117 2040 fuerat
1168 2000 1382 2039 cassum
1427 1984 1750 2052 irritamque
1796 1996 1917 2037 esse
1944 1982 2056 2037 vel-

486 2079 621 2137 ient.

558 2171 693 2225 llinc
739 2171 948 2224 illorum
986 2183 1218 2235 querene
1252 2167 1511 2220 adversus
1556 2163 1803 2233 Gregorii
1837 2179 2057 2231 promo-

486 2266 705 2329 tionem,
761 2279 779 2313 ι
832 2277 935 2315 non
993 2270 1100 2313 tam
1144 2260 1313 2326 ipsius
1364 2258 1513 2319 odio,
1558 2255 1740 2309 velut
1781 2255 1945 2307 alium
2001 2254 2053 2307 in

484 2352 682 2406 throno
726 2350 1075 2412 collocarent,
1129 2364 1290 2417 quam
1340 2357 1398 2400 ut
1453 2344 1759 2399 molestiam
1822 2345 2054 2413 aliquam

487 2444 591 2505 his,
620 2444 709 2511 qui
754 2458 877 2495 eum
916 2441 967 2493 iu
1012 2441 1104 2494 illo
1130 2440 1557 2499 collocaveram,
1596 2446 1867 2505 parerent,
1904 2454 1922 2487 ι
1964 2450 2059 2489 μοι

484 2535 797 2607 gotiumqoe
830 2533 1178 2587 facesserent.
1212 2549 1230 2581 ι
1274 2529 1478 2583 Saltem
1524 2528 1745 2582 remotis
1766 2526 2002 2590 arbitris,
2031 2544 2051 2579 ι

485 2628 657 2698 inquit
692 2626 986 2693 Gregorius
1026 2624 1128 2693 (a),
1170 2642 1188 2674 ε
1242 2623 1345 2676 hoc
1376 2623 1504 2676 mihi
1538 2622 1802 2675 interdum
1839 2636 2050 2675 assere-

484 2717 636 2774 baut.
671 2736 689 2768 ι
717 2719 873 2771 Certe
896 2714 1131 2785 [Egyptii
1180 2728 1244 2767 ac
1276 2711 1619 2774 Macedones,
1664 2710 1756 2779 qui
1793 2710 2058 2765 Occiden—

485 2809 672 2865 talium
733 2816 912 2875 partes
970 2807 1279 2867 tuebantur,
1325 2818 1427 2858 non
1474 2810 1724 2875 poterant
1751 2800 1853 2854 nisi
1918 2800 2056 2855 bene

484 2901 622 2956 \elle
652 2898 931 2965 Gregorio,
985 2897 1075 2965 qui
1134 2905 1241 2949 tam
1289 2905 1507 2949 strenue
1543 2908 1641 2962 pro
1676 2893 2050 2961 componenda

486 3008 619 3063 pace
680 2993 939 3045 adversus
982 2988 1283 3043 Orientales
1315 2988 1624 3050 decertans,
1674 2986 2055 3053 episcoporum

486 3083 908 3140 Occidentalium
938 3080 1296 3150 patrocinium
1319 3087 1645 3146 susceperat.
1664 3075 2060 3146 ltaqueOrien-

492 3180 691 3235 talibus
722 3176 991 3248 episcopis
1018 3175 1142 3228 odio
1175 3183 1291 3227 erat
1318 3173 1633 3243 Gregorius,
1662 3186 1727 3226 eo
1752 3171 1895 3239 quod
1924 3184 2057 3223 ean-

490 3289 604 3327 sam
631 3268 1055 3326 Occidentalium
1088 3265 1448 3330 defendisset;
1495 3263 1873 3319 Occidentales
1901 3278 2050 3327 vero,

490 3365 547 3420 in
580 3363 761 3418 odium
808 3359 1188 3437 Orientalium,
1224 3358 1290 3411 de
1316 3356 1443 3411 sede
1474 3355 1527 3410 in
1562 3371 1665 3425 qua
1700 3357 1767 3409 ab
1801 3355 2058 3410 Orienta-

488 3454 633 3509 libus
664 3454 959 3508 collocatus
984 3451 1178 3513 fuerat,
1216 3464 1278 3502 ac
1303 3449 1464 3502 veluti
1490 3464 1596 3502 non
1631 3447 1870 3516 legitime
1896 3463 2061 3502 occu-

485 3557 635 3619 pata,
681 3545 941 3615 Gregorio
976 3543 1254 3612 negotium
1284 3539 1611 3595 conflabant.

2084 3245 2129 3307 (ἶ

485 3676 889 3735 CLVI-CLVIII.
927 3675 1207 3746 Gregorius
1250 3677 1457 3728 abdicat
1491 3691 1544 3727 se
1576 3674 1911 3746 episcopatu.
1942 3672 2046 3726 Fa-

561 3758 806 3805 cultatum
856 3745 1151 3801 discedendi
1187 3766 1217 3799 ιι
1262 3746 1551 3798 Theodosio
1604 3746 1814 3811 facilius
1862 3745 2061 3795 obtinet

559 3818 858 3887 Gregorius.
921 3817 1042 3869 Non
1093 3819 1203 3869 sine
1250 3816 1498 3883 lacryutis
1536 3816 1814 3887 quisquam
1874 3816 2056 3887 legerit

559 3884 843 3944 curvatum
897 3888 1027 3942 rule.
1060 3888 1196 3955 quod
1243 3900 1379 3952 gregi
1427 3900 1522 3935 suo
1570 3884 1817 3951 lacrymis
1843 3884 2055 3955 perfuso

559 3962 689 4012 dixit
712 3957 993 4025 Gregorius
1028 3951 1082 4007 iii
1120 3966 1255 4007 orat.
1286 3951 1464 4006 eorum
1488 3955 1765 4021 episcopis,
1798 3969 1932 4004 nunc
1961 3951 2052 4004 4‘2.

557 4070 681 4125 llaec
711 4071 797 4124 ubi
824 4068 1021 4122 moveri
1050 4067 1312 4120 intellexit
1335 4062 1629 4132 Gregorius
1649 4103 1664 4127 ,
1701 4072 1916 4132 arrepta
1965 4078 2058 4115 oc-

488 4160 707 4216 casione
745 4178 763 4210 ι
801 4158 1040 4226 effringit
1096 4157 1327 4210 vincula.
1370 4173 1389 4206 ι
1428 4153 1483 4207 In
1521 4154 1755 4208 medimn
1808 4168 2058 4223 progres-

489 4268 601 4316 sus,
633 4252 917 4320 episcopos
942 4250 1255 4317 alloquitur,
1287 4247 1353 4299 ad
1400 4261 1591 4315 pacem
1627 4255 1681 4298 et
1709 4246 2056 4298 concordiam

490 4345 761 4401 hortatur.
792 4341 927 4395 Tum
953 4340 1229 4409 subjungit
1254 4341 1330 4409 (lt)
1361 4357 1375 4391 :
1411 4356 1429 4389 ι
1466 4337 1597 4404 Quae
1623 4338 1842 4407 quidem
1873 4338 1938 4391 ad
1973 4351 2059 4390 me

488 4410 736 4506 spectant
773 4432 920 4502 parvi
965 4432 1251 4501 pendite...
1304 4429 1411 4505 [figo
1452 4428 1616 4483 Jonas
1646 4424 1907 4509 prppheta
1941 4442 2054 4482 ero.

490 4522 668 4581 Tradn
704 4538 787 4577 me
816 4522 927 4592 ipse
958 4523 1023 4574 ad
1058 4520 1288 4574 salutem
1318 4519 1469 4574 navis
1490 4561 1508 4585 ,
1531 4520 1777 4588 quamvis
1809 4517 2057 4588 procellae

490 4620 634 4675 nulla
670 4619 722 4671 in
768 4630 853 4671 me
890 4630 1051 4670 causa
1103 4614 1358 4669 resideat.
1407 4612 1689 4666 Sublatum
1743 4626 1828 4666 me
1887 4610 2054 4665 sortis

488 4714 637 4769 exitu
669 4708 928 4781 projicite.
958 4706 1229 4775 llospitale
1270 4721 1355 4759 me
1396 4720 1460 4759 ex
1510 4704 1781 4775 profundo
1815 4716 1932 4760 cete
1958 4721 2053 4760 ex-

488 4806 670 4875 cipiet.
709 4822 728 4855 ι
770 4803 861 4856 Sic
908 4801 1157 4856 mirando
1197 4798 1549 4868 inauditoque
1583 4798 1849 4851 honorum
1882 4811 1946 4851 ac
1970 4796 2052 4851 sui

489 4898 663 4967 ipsius
692 4902 1024 4962 contemptu,
1072 4906 1172 4945 nec
1204 4906 1309 4945 non
1352 4906 1475 4945 raro
1512 4901 1567 4946 et
1594 4890 1857 4960 singulari
1902 4890 2054 4957 pacis

491 4986 898 5053 eoneordique
930 4984 1108 5037 studio
1136 5021 1152 5045 ,
1196 4981 1490 5049 Gregorius
1545 4981 1855 5048 episcopatu
1908 4978 2055 5033 Con-

488 5076 965 5146 stantinopolitano
994 5088 1116 5128 sese
1171 5074 1404 5128 abdicat.
1443 5072 1699 5126 Protinus
1729 5088 1760 5126 e
1783 5080 2049 5126 conventu

490 5185 741 5239 egressus
768 5168 878 5221 adit
924 5164 1286 5219 Theodosium
1315 5204 1329 5228 ,
1384 5180 1414 5216 a
1460 5177 1568 5232 quo
1600 5163 1776 5218 enixis
1800 5164 2057 5233 impetrat

491 5257 737 5325 precibus
791 5264 850 5308 ut
892 5251 1221 5308 abdicationi
1266 5252 1598 5320 acquiescat.
1650 5250 1780 5307 Pius
1840 5254 2059 5322 quidem

493 5347 807 5414 imperator,
834 5344 926 5414 qui
971 5342 1287 5410 Gregorium
1318 5340 1388 5395 ob
1413 5341 1747 5411 singularem
1795 5344 2060 5413 eloquen-

494 5437 623 5489 tiam
654 5438 870 5490 maximi
899 5434 1167 5497 faciebat,
1195 5443 1248 5488 et
1273 5434 1343 5488 ob
1385 5434 1641 5488 eximiam
1676 5433 1934 5504 pietatem
1965 5435 2061 5489 im-

494 5542 658 5598 pense
683 5530 1061 5595 veuerabatur,
1090 5527 1161 5599 (c)
1216 5545 1235 5579 ι
1272 5528 1413 5583 haud
1458 5528 1709 5594 libenter,
1754 5537 1812 5583 ut
1849 5525 2055 5593 ferunt,

586 5754 645 5824 α)
672 5751 853 5807 Carm.
892 5752 963 5805 De
985 5751 1115 5824 Vit.,
1149 5768 1200 5805 v.
1232 5751 1388 5824 1810.

564 5822 639 5897 υ»)
670 5824 825 5889 una,
864 5822 1069 5878 v.1817
1097 5834 1150 5880 et
1179 5822 1334 5877 tsu.

2161 611 2309 680 pacis
2340 626 2494 665 amor
2544 620 2598 665 et
2630 610 2933 664 concordize
2958 650 2974 675 ,
3005 612 3098 665 sed
3128 614 3230 666 alia
3274 614 3412 668 bene
3445 614 3653 668 multa
3726 616 3786 669 in

2159 718 2320 758 causa
2346 703 2519 765 fuere,
2556 718 2656 759 cur
2680 702 3049 770 episcopatum
3083 705 3371 773 deponeret
3400 706 3787 775 Gregorius.

2160 793 2213 847 ld
2239 809 2463 849 cernere
2484 802 2566 847 est
2596 794 2647 847 iu
2681 794 2848 847 variis
2877 790 3136 862 Theologi
3180 795 3506 852 carminibus
3542 804 3619 849 et
3652 799 3787 865 epi-

2160 886 2353 948 stolis,
2399 886 2492 940 sed
2530 885 2869 955 potissimum
2920 886 2972 939 in
3029 887 3245 956 egregia
3301 886 3388 940 illa
3434 891 3787 953 oratione,

2160 994 2343 1048 quam,
2370 987 2587 1046 accepta
2621 995 2649 1032 a
2672 977 2932 1033 Patribus
2962 978 3172 1033 concilii
3214 988 3268 1032 et
3301 980 3367 1033 ab
3402 980 3787 1047 imperatore

2158 1068 2462 1123 discedendi
2495 1069 2752 1124 facultate
2778 1111 2792 1131 ,
2829 1069 2881 1122 in
2914 1070 3173 1139 primario
3213 1068 3363 1123 urbis
3420 1071 3649 1139 templo
3681 1088 3787 1125 co-

2163 1176 2275 1215 ram
2311 1172 2521 1214 centum
2546 1163 2931 1230 quinquaginta
2964 1162 3232 1230 episcopis
3260 1161 3577 1231 populoque
3618 1164 3783 1218 Con-

2160 1253 2635 1321 stantiuopolitano
2659 1255 2858 1317 habuit,
2899 1256 3210 1322 priusquam
3235 1255 3568 1308 discederet-
3600 1255 3781 1309 lianc

2159 1341 2247 1410 qui
2286 1343 2524 1412 legerit,
2556 1344 2641 1397 vix
2672 1355 2936 1412 temperet
2979 1360 3008 1397 a
3059 1345 3313 1414 lacrymis
3354 1365 3363 1398 :
3402 1345 3538 1398 nihil
3606 1348 3774 1400 etiim

2162 1432 2261 1486 hac
2291 1434 2535 1486 oratione
2588 1434 2925 1501 eloquentius
2952 1474 2968 1499 ,
3004 1433 3136 1486 nihil
3190 1433 3254 1485 ad
3302 1436 3773 1500 permovendum

2161 1526 2372 1594 aptius;
2404 1526 2637 1579 maxime
2669 1540 2797 1578 vero
2828 1540 2948 1579 cum
2980 1536 3282 1577 extremum
3328 1524 3444 1578 vale
3493 1528 3771 1591 gementi

2160 1617 2523 1688 lacrymisque
2549 1616 2769 1685 perfuso
2795 1617 2938 1686 gregi
2972 1616 3100 1669 dicit
3128 1626 3182 1669 et
3213 1614 3594 1669 dilectissimus
3619 1620 3773 1669 Ana-

2159 1711 2360 1775 stasite,
2394 1725 2513 1778 qua:
2537 1711 2589 1762 in
2621 1710 2869 1764 medullis
2901 1708 3001 1778 ipsi
3032 1709 3292 1771 haerebat,
3322 1718 3374 1762 et
3406 1710 3570 1762 haesit
3601 1724 3769 1762 scm-

2158 1816 2290 1869 per;
2326 1801 2460 1856 adeo
2491 1811 2548 1855 ut
2583 1816 2797 1871 semper
2833 1802 2883 1855 in
2932 1801 3048 1869 cjus
3098 1808 3278 1853 mente
3312 1810 3489 1863 esset,
3532 1802 3595 1854 in
3664 1817 3767 1855 ore

2160 1906 2493 1958 versaretur,
2527 1904 2691 1962 atque
2718 1893 2883 1946 etiam
2917 1892 3206 1946 dormienti
3253 1909 3349 1964 per
3395 1896 3627 1947 somnia
3677 1909 3765 1947 re-

2160 1995 2599 2055 przescutaretur.
2633 1984 2804 2038 Tanta
2832 1985 2883 2038 vi
2915 2000 3104 2039 omnes
3138 1985 3589 2039 adversariorum
3621 2001 3766 2052 qne-

2160 2076 2299 2128 relas
2330 2076 2484 2129 diluit
2511 2115 2527 2140 ,
2572 2085 2682 2128 tam
2730 2075 2932 2130 diserte
2963 2086 3017 2129 et
3049 2077 3339 2130 manifesto
3372 2091 3530 2130 suam
3575 2078 3765 2146 ipsius

2160 2166 2547 2230 innocentiam,
2582 2167 2930 2231 charitatem,
2960 2167 3288 2235 pastoralem
3314 2168 3757 2221 sollicitudinem

2158 2259 2330 2313 oculis
2362 2258 2602 2312 omnium
2637 2259 2883 2312 exhibuit
2912 2297 2928 2322 ,
2958 2270 3015 2311 ut
3070 2260 3264 2313 mirum
3297 2259 3340 2312 si
3380 2256 3498 2325 ejus
3558 2257 3761 2311 detra-

2157 2362 2344 2405 CIores
2395 2350 2604 2419 pudore
2633 2366 2737 2402 non
2766 2348 3223 2413 suffundercntur,
3264 2360 3317 2403 et
3355 2351 3587 2419 singuli,
3631 2350 3754 2416 ejus

2158 2441 2462 2495 discessum
2516 2438 2899 2503 lamentantes,
2932 2453 3058 2494 eum
3090 2453 3119 2491 a
3154 2438 3431 2507 proposito
3454 2436 3758 2491 deterrere

2158 2546 2266 2586 non
2298 2541 2653 2585 conarentur.

2156 2681 2352 2747 CLIX,
2381 2682 2535 2736 CLX.
2556 2687 2707 2736 Anno
2736 2681 2860 2742 381,
2882 2682 3085 2735 labente
3099 2698 3267 2735 mense
3280 2680 3449 2743 Julia,
3472 2682 3753 2734 Constan-

2227 2754 2493 2817 tinopolim
2551 2755 2775 2821 reliquit.
2816 2751 2984 2805 Fuere
3013 2754 3235 2820 episcopi
3272 2756 3359 2819 qui
3392 2753 3445 2803 id
3485 2768 3638 2820 (egre
3663 2764 3747 2801 tu-

2220 2822 2433 2883 lerunt,
2484 2838 2737 2889 auresque
2788 2823 3149 2875 obstruxerunt
3180 2861 3194 2882 ,
3245 2833 3291 2873 et
3328 2822 3635 2888 e/fugerunt
3689 2838 3749 2872 ne

2228 2890 2389 2944 alium
2415 2892 2467 2944 in
2492 2893 2676 2944 tlirouo
2706 2890 2943 2961 Gregorii
2976 2894 3233 2944 sedentem
3263 2900 3556 2946 cernerent.

2228 3024 2319 3079 Sic
2378 3022 2675 3093 Gregorius
2734 3023 3253 3093 Constantinopolim
3311 3022 3538 3092 reliquit
3590 3039 3734 3076 anno

2158 3116 2284 3180 58l,
2322 3115 2535 3170 labente
2563 3114 2705 3168 Julio
2734 3155 2747 3180 ,
2781 3125 2899 3182 post
2928 3115 3143 3169 triennii
3178 3115 3229 3168 in
3265 3116 3397 3168 urbe
3425 3129 3743 3169 common-

2161 3211 2390 3274 tionem;
2426 3208 2578 3276 cujus
2608 3207 2789 3261 sedem
2817 3224 2919 3261 non
2941 3208 3041 3261 nisi
3073 3222 3166 3276 per
3196 3206 3402 3277 aliquot
3435 3206 3742 3261 hebdoma-

2163 3300 2256 3354 das
2283 3310 2528 3354 tenuerat
2552 3338 2566 3363 ,
2593 3314 2657 3353 ex
2687 3314 2793 3369 quo
2820 3298 3026 3353 scilicet
3063 3299 3113 3352 in
3142 3314 3203 3352 ea
3230 3314 3260 3351 a
3287 3299 3519 3353 concilio
3570 3314 3735 3368 gene-

2164 3393 2280 3454 rali,
2311 3393 2379 3445 ab
2415 3391 2762 3462 imperatore,
2794 3400 2906 3446 toto
2940 3400 3218 3459 spectante
3240 3401 3293 3445 et
3326 3391 3626 3460 plaudente
3647 3408 3740 3461 ρο·

2161 3488 2301 3556 pulo,
2329 3486 2503 3539 fuerat
2542 3486 2861 3540 collocatus.
2905 3485 3037 3540 lliuc
3076 3486 3370 3555 Gregorius
3405 3489 3483 3541 sic
3506 3490 3735 3558 episco'

2162 3594 2255 3646 pos
2288 3578 2573 3645 alloquitur
2604 3577 2682 3647 (ιι)
2715 3596 2729 3630 :
2774 3595 2792 3627 ι
2835 3575 2959 3629 lleri
2988 3576 3208 3631 locustis
3241 3578 3291 3629 in
3330 3578 3551 3643 throno,
3573 3580 3729 3632 hodie

2159 3667 2412 3734 dejicitis.
2447 3684 2465 3717 ι
2491 3667 2748 3731 Quamvis
2772 3678 2950 3721 autem
2998 3667 3224 3720 nimium
3262 3666 3447 3721 faciles
3478 3667 3725 3736 episcopi

2158 3758 2274 3823 ejus
2310 3757 2448 3811 votis
2490 3758 2815 3820 annuerint,
2855 3757 3139 3810 nonnullos
3164 3769 3339 3811 tamen
3372 3760 3421 3810 id
3471 3772 3623 3827 :egre
3651 3768 3733 3812 tu-

2161 3848 2307 3907 lisse,
2342 3863 2608 3916 auresque
2633 3848 2972 3902 obstruxisse
2997 3888 3010 3908 ,
3039 3861 3200 3916 atque
3246 3850 3416 3902 etiam
3476 3850 3737 3919 eﬂugisse

2162 3956 2226 3994 ne
2262 3940 2423 3992 alium
2454 3941 2503 3993 in
2538 3940 2706 4007 ipsius
2755 3940 2948 3993 throno
2991 3943 3269 3994 sedentem
3321 3944 3730 4008 conspicerent,

2159 4049 2221 4085 ex
2249 4031 2509 4098 Gregorio
2538 4030 2794 4085 discimus
2818 4050 2831 4084 :
2855 4046 3084 4101 quorum
3113 4036 3348 4096 noiiiina,
3371 4036 3496 4088 licet
3528 4044 3729 4097 taceat,

2161 4123 2258 4176 hos
2288 4123 2573 4191 episcopos
2609 4121 2773 4177 fuisse
2810 4124 3079 4175 credimus
3118 4125 3728 4192 Amphilochium,Gre-

2158 4214 2365 4280 gorium
2418 4210 2720 4282 Nyssenum
2748 4253 2763 4277 ,
2798 4210 3016 4265 Petrum
3058 4212 3410 4267 Sebastenum
3445 4214 3566 4281 ejus
3614 4230 3729 4284 ger-

2160 4319 2399 4367 manum,
2427 4303 2724 4356 llclladinm
2753 4341 2770 4367 ,
2804 4313 3138 4372 czeterosque
3170 4304 3424 4372 praesules
3467 4304 3726 4375 singulari

2162 4394 2360 4461 pietate
2394 4404 2447 4446 et
2475 4394 2698 4446 scientia
2725 4393 3182 4447 commendandos
3208 4435 3223 4458 ,
3252 4394 3339 4462 qui
3378 4410 3496 4447 eum
3521 4392 3727 4462 Grego-

2162 4482 2241 4534 rio
2268 4481 2635 4545 familiaritate
2653 4480 2969 4549 jamdudum
2993 4481 3264 4549 conjuncti
3287 4493 3463 4547 erant,
3504 4483 3725 4552 ejusque

2091 4586 2133 4639 ι)
2161 4576 2413 4628 virtutem
2446 4584 2661 4628 norant.

2358 4684 2536 4741 CLXI.
2568 4684 2953 4741 Testamentum
2983 4688 3157 4741 condit
3191 4687 3493 4759 Gregorius.

2234 4799 2411 4855 Nostri
2460 4815 2563 4855 non
2595 4810 2677 4855 est
2722 4801 2951 4856 instituti
2980 4814 3171 4858 caetera
3201 4845 3217 4868 ,
3251 4820 3370 4873 quae
3401 4796 3454 4859 in
3486 4807 3713 4862 concilio

2164 4892 2758 4962 Constantinopolitano
2795 4903 2944 4962 gesta
2978 4906 3104 4949 sunt
3164 4907 3287 4965 post
3339 4896 3588 4966 Gregorii
3631 4900 3709 4952 di-

2163 4999 2428 5047 scessum,
2464 4984 2752 5053 prosequi;
2785 4999 2907 5054 qua:
2938 4985 3061 5039 licet
3090 4986 3265 5055 magni
3305 4988 3415 5039 sint
3440 4990 3708 5048 momenti,

2165 5091 2195 5130 a
2234 5077 2511 5146 preposito
2545 5085 2754 5140 nostro,
2802 5077 2867 5129 ad
2904 5077 3046 5146 quod
3098 5074 3285 5131 etiam'
3319 5094 3425 5132 non
3475 5080 3715 5134 videntur

2166 5167 2459 5237 pertinere,
2494 5182 2591 5221 nos
2617 5166 2827 5237 longius
2852 5168 3203 5221 abducerent.
3238 5168 3560 5238 Gregorium
3591 5172 3717 5224 urbe

2159 5258 2530 5313 discedentem
2556 5267 2611 5313 et
2656 5259 2885 5328 patriam
2917 5270 3243 5328 repetentem
3275 5276 3580 5330 sequamur.
3608 5260 3714 5328 Quo

2161 5359 2402 5419 tempore
2425 5350 2891 5419 Constantinopoli
2910 5350 3187 5421 digr’essus
3217 5353 3286 5406 sit
3318 5369 3424 5408 non
3454 5365 3634 5422 patet;
3664 5359 3713 5404 at

2160 5438 2421 5493 credibile
2450 5448 2535 5492 est
2570 5454 2715 5503 eum,
2740 5455 2898 5507 quam
2926 5440 3155 5509 primum
3185 5446 3389 5512 potuit,
3417 5445 3704 5513 profectum

2159 5543 2300 5594 esse,
2324 5545 2423 5584 nec
2450 5542 2790 5599 exspectasse
2809 5534 2977 5587 donec
2997 5534 3133 5589 alter
3163 5538 3218 5589 in
3247 5536 3363 5605 ejus
3388 5537 3561 5593 locum
3588 5533 3710 5592 sub-

2248 5757 2321 5828 (ε)
2352 5756 2529 5828 Carm.
2572 5758 2645 5813 De
2685 5758 2797 5813 Vita
2820 5778 2933 5828 sua,
2960 5778 3008 5820 v.
3041 5762 3194 5818 i901.

2249 5826 2324 5898 (ii)
2348 5826 2500 5894 lbid.,
2538 5844 2587 5885 ν.
2616 5830 2773 5885 1956.
