3812 6494
96 388 179 443 eeo
837 376 845 384 ’
1264 470 1267 473 ῠ
1371 389 1530 445 vna
1566 390 1622 448 s.
1665 390 2013 455 cnsconu.

95 514 347 579 rogaretur.
406 505 731 579 Priusquam
794 508 1142 573 discederet,
1241 518 1622 567 testamentum
1658 520 1702 575 Α

94 601 305 663 rendidit,
332 601 479 669 quod
508 601 797 653 etiamnum
824 607 1038 665 exstat,
1077 603 1336 671 appositis
1388 604 1619 673 pluri-um

92 693 418 760 episcoporum
458 691 773 744 nominibus
799 731 814 755 ,
847 692 937 760 qui
972 703 1100 747 tunc
1153 692 1620 765 Constantinopoli

94 782 423 836 versabantur.
470 799 490 832 ‹
538 779 678 834 Sane
730 790 1116 837 testamentum
1169 785 1268 838 hoc
1299 826 1314 851 ,
1372 804 1390 837 ι
1452 788 1623 855 inquit

90 876 365 930 Passerinus
420 874 501 946 (a)
526 915 541 938 ,
598 892 617 927 ι
650 876 1021 943 dignissimum
1074 890 1155 935 est
1184 921 1200 945 ,
1237 881 1287 936 in
1334 886 1473 952 quod
1509 885 1621 951 cpi-

90 969 224 1038 senpi,
254 969 453 1035 quique
491 969 796 1022 sacerdotia
838 970 1054 1038 pinguia
1090 982 1315 1040 tenent,
1364 976 1506 1028 serio
1534 977 1619 1027 iu-

91 1060 280 1128 spicisut
314 1096 330 1119 ,
395 1073 643 1126 eumque
703 1059 1005 1125 imitentur,
1056 1064 1100 1117 si
1149 1065 1315 1118 velint
1350 1068 1533 1135 procul
1587 1086 1615 1121 a

89 1163 214 1203 carne
239 1158 289 1203 et
314 1148 582 1219 sanguine
606 1148 706 1204 sibi
727 1159 780 1204 et
806 1151 1109 1206 animarum
1136 1154 1295 1212 saluti
1324 1157 1467 1212 serio
1495 1174 1617 1213 con-

86 1240 240 1293 tulere.

219 1326 410 1382 CLXII.
443 1325 789 1384 Nazianzum
821 1335 1099 1388 revertitur
1130 1334 1436 1406 Gregorius.

134 1420 395 1486 Gregorius
423 1460 439 1482 ,
470 1430 555 1476 tot
602 1422 853 1491 gloriosis
904 1425 1162 1481 adversus
1191 1428 1475 1484 haereticos
1520 1431 1609 1485 dc-

89 1512 253 1565 lunctus
278 1512 504 1581 prmliis,
553 1522 630 1567 tot
652 1514 941 1569 exanllatis
966 1515 1242 1573 laboribus
1271 1520 1335 1572 ad
1363 1537 1611 1591 reparan-

86 1609 173 1655 dam
196 1602 338 1655 fidem
363 1605 676 1673 antiquam,
716 1621 834 1675 qua:
866 1623 1001 1676 pene
1028 1610 1267 1678 collapsa
1305 1623 1425 1668 erat
1469 1615 1609 1669 Con-

86 1694 410 1764 stantinopoli,
439 1697 684 1766 denique
746 1709 824 1753 tot
871 1699 1031 1755 rebus
1079 1704 1341 1771 prmclare
1400 1708 1607 1775 gestis,

86 1786 232 1853 gaudio
254 1791 488 1854 gestiens
536 1790 770 1856 patriam
806 1793 1036 1860 repetit,
1069 1793 1121 1846 in
1161 1810 1263 1863 qua
1294 1810 1355 1851 se
1394 1799 1503 1852 otio
1538 1814 1600 1853 ac

85 1875 220 1943 quiete
259 1887 554 1949 optataque
619 1880 906 1935 solitudine
963 1882 1251 1939 fruiturum
1327 1890 1597 1957 sperabat.

87 1964 243 2020 Gaudio
272 1977 447 2023 tamen
495 1971 798 2039 permistus
828 1982 945 2026 erat
978 1973 1131 2028 dolor
1163 1994 1176 2029 :
1208 1993 1310 2031 non
1347 1980 1607 2035 enimsic-

88 2056 142 2110 cis
161 2058 309 2114 oculis
331 2060 528 2115 dulces
566 2072 727 2117 natos
752 2104 767 2128 ,
793 2080 929 2133 quos
972 2065 1024 2119 in
1072 2068 1338 2123 catholica
1369 2073 1471 2125 fide
1514 2088 1606 2139 ge-

89 2159 226 2203 nueral
251 2190 265 2215 ,
287 2160 338 2206 et
370 2157 602 2223 cbaram
636 2153 789 2223 liquit
829 2156 1196 2213 Anastasiam.
1232 2159 1286 2213 lu
1312 2164 1487 2218 natale
1516 2180 1605 2219 so-

88 2239 160 2291 lum
184 2257 307 2311 :eger
340 2244 575 2297 advenit
602 2282 618 2307 ,
651 2261 748 2299 nec
789 2247 990 2304 idcirco
1020 2263 1170 2303 suam
1203 2251 1596 2311 abdicationem

89 2333 269 2398 pluribus
291 2344 414 2389 tunc
450 2336 779 2404 approbavit
808 2378 822 2402 ,
850 2339 975 2394 licet
1022 2343 1342 2409 praeclarum
1390 2346 1601 2404 facinus

88 2432 189 2475 tanta
226 2427 297 2478 sui
326 2426 609 2481 oblivione
640 2414 915 2483 decretum
945 2469 961 2496 ,
993 2439 1139 2486 tanta
1170 2436 1339 2489 animi
1365 2438 1597 2498 elatione

90 2530 495 2584 consummatum,
524 2534 718 2574 omnes
747 2524 969 2590 posthac
1003 2525 1179 2578 mirati
1216 2528 1343 2581 sint.
1383 2530 1598 2587 Amico-

88 2620 172 2661 nun
198 2610 338 2663 varia:
366 2611 431 2663 de
473 2626 582 2665 nae
621 2626 678 2665 re
715 2613 994 2682 opiniones
1023 2613 1339 2686 Gregorium
1374 2635 1478 2675 non
1516 2622 1598 2677 la-

92 2706 269 2753 tuerunt.
290 2700 597 2772 Philagrio,
626 2702 743 2757 viro
766 2704 1069 2772 spectabili,
1094 2708 1447 2779 semetipsum
1499 2728 1597 2783 per

89 2784 241 2841 litteras
282 2790 569 2843 excusanti
611 2792 751 2859 quod
793 2807 915 2847 cum
956 2809 1062 2848 non
1101 2796 1400 2867 inviseret,
1433 2817 1494 2855 ac
1533 2804 1599 2857 ti-

94 2892 194 2931 mere
221 2894 271 2933 se
300 2880 633 2949 signiticauti
684 2896 752 2935 ne
789 2882 947 2938 nimis
993 2885 1391 2945 inconsiderate
1439 2908 1594 2948 suam

90 2966 166 3031 ipse
188 2969 453 3041 Gregorius
509 2971 807 3027 Ecclesium
855 2976 1221 3043 deseruisset,
1264 2979 1337 3033 ita
1374 2997 1595 3049 respon-

90 3056 142 3112 tlu
162 3059 219 3131 (θ)
250 3076 264 3115 :
302 3082 318 3115 ι
362 3063 429 3117 Ει
468 3079 561 3119 me
591 3065 729 3119 scito
768 3065 1054 3122 admodum
1084 3069 1279 3126 amicta
1307 3087 1428 3128 esse
1458 3076 1595 3132 vale-

91 3152 275 3207 tudine...
313 3155 475 3211 Nobis
519 3157 939 3227 haudquaquam
995 3177 1163 3233 parva
1197 3164 1442 3236 levisque
1476 3184 1592 3223 mo-

90 3246 207 3298 menti
240 3260 352 3301 sunt
376 3263 438 3302 ea
469 3290 484 3310 ,
516 3250 587 3303 de
622 3249 817 3318 quibus
859 3254 1124 3323 scripsisti
1158 3272 1172 3310 :
1216 3259 1444 3326 proinde
1488 3276 1590 3316 nec

91 3335 514 3405 ipsipetfttnclorie
559 3349 614 3395 et
660 3342 1014 3413 negligenter,
1058 3348 1152 3402 sed
1187 3363 1448 3419 perquam
1507 3369 1591 3408 ac-

90 3440 238 3497 curate,
275 3435 617 3489 considerata
648 3432 713 3490 re
744 3446 903 3502 atque
932 3452 1217 3508 perpensa,
1250 3443 1316 3495 ad
1359 3444 1462 3498 hoc
1502 3443 1591 3512 ju-

92 3516 233 3574 dicium
285 3526 554 3586 venimus.
598 3527 746 3581 Fessi
776 3544 838 3582 ac
869 3528 1025 3583 fracti
1057 3546 1263 3598 sumus,
1296 3549 1416 3589 cum
1450 3536 1589 3590 invi-

89 3604 337 3669 dia.etcum
377 3618 554 3672 sacris
587 3618 852 3688 episcopis
873 3634 1210 3676 communem
1242 3627 1584 3682 concordiam

93 3697 408 3774 dirimentibus,
446 3710 687 3778 fideique
720 3725 937 3764 causam
972 3714 1193 3781 privatis
1225 3720 1586 3773 contentioni-

91 3786 157 3843 bus
172 3800 482 3859 posteriorem
517 3801 869 3866 habentibus,
898 3815 1296 3864 concertantes.
1320 3808 1584 3876 Quocirca

94 3881 233 3950 navigii
259 3901 483 3955 proram,
521 3900 579 3943 ut
609 3891 712 3945 dici
743 3892 901 3959 solet,
940 3906 1280 3966 convertere,
1308 3915 1581 3970 nosque...

92 3967 125 4020 in
145 3990 215 4030 nos
238 3981 362 4048 ipsos
390 3986 646 4056 colligere
678 3990 1018 4044 decrevimus
1059 4010 1072 4046 :
1106 4002 1268 4064 atque
1294 3996 1430 4052 alios
1463 3999 1584 4068 qui-

94 4061 169 4117 dem
191 4072 367 4129 ciuiuus
399 4090 651 4146 spectare
688 4094 874 4136 mutuo
896 4098 953 4137 se
988 4086 1328 4152 impeteutes.
1366 4106 1385 4138 ι

126 4178 295 4242 CLXIII.
324 4189 630 4264 Episcopum
665 4193 934 4251 Nazianzi
961 4200 1275 4255 constituere
1306 4201 1512 4270 [rustra

678 4278 915 4321 conatur.

134 4344 329 4406 Attamen
370 4354 421 4410 in
471 4357 703 4426 patriam
736 4373 957 4415 reverso
995 4375 1057 4415 ea
1089 4361 1193 4416 frui
1226 4363 1411 4433 requie
1436 4405 1451 4428 ,
1490 4367 1575 4421 cui

95 4442 298 4507 tantopere
343 4448 636 4514 studebat,
686 4466 783 4506 nec
835 4448 1137 4507 domesu’co
1183 4455 1368 4508 statim
1422 4456 1574 4510 licuit

92 4528 214 4588 Otiari.
240 4533 450 4595 Vacabat
481 4557 580 4612 per
618 4543 668 4597 id
711 4545 964 4614 temporis
992 4545 1248 4601 Ecclesiae
1280 4545 1576 4602 Nazianze-

93 4627 302 4689 Itzscdes,
328 4634 675 4702 nequicquam
704 4633 1008 4689 Sozomeno
1049 4636 1380 4691 contrarium
1436 4641 1574 4692 scri-

92 4706 215 4767 bente.
238 4715 365 4775 llauc
391 4726 533 4779 enim
563 4723 666 4780 sibi
704 4725 1084 4781 charissimam
1125 4727 1445 4793 Ecclesium,
1474 4746 1570 4782 na-

93 4799 147 4853 ‘is
204 4805 349 4865 instar
388 4815 610 4871 ductore
661 4819 933 4884 carentis,
985 4820 1173 4874 mediis
1218 4820 1269 4874 in
1319 4818 1580 4878 ﬂuctibus

92 4903 327 4967 ετηηιειη,
385 4910 631 4977 procellis
695 4920 874 4965 actam
936 4921 993 4966 et
1054 4911 1569 4980 Apollinaristarum

94 4977 318 5049 incursibus
371 5010 676 5067 patentem,
732 5016 762 5055 a
822 5016 882 5057 se
934 5002 1208 5056 inventam
1270 5002 1567 5074 Gregorius

96 5066 170 5134 ipse
208 5066 399 5143 testatur
443 5092 675 5148 iambico
720 5095 959 5150 carmine
1002 5094 1131 5149 olim
1180 5112 1315 5150 mn
1354 5138 1370 5163 ,
1420 5115 1563 5153 nunc

94 5170 159 5215 αι
181 5166 256 5239 (cl:

269 5260 379 5347 ςιιηι
404 5274 533 5325 enim
566 5274 834 5347 venissem,
861 5278 1145 5347 peregrinis

270 5330 503 5411 {aequem
530 5346 703 5396 sedem
737 5330 890 5399 terra:
908 5387 923 5411 ,

269 5400 558 5480 Quicunque
587 5413 781 5478 plebem

270 5466 329 5543 lit
350 5466 673 5543 vidi,'staiint
698 5488 852 5539 menti
875 5490 1104 5543 occurrit

268 5538 547 5624 ἐξεμάνη
567 5557 680 5606 sola

267 5605 898 5686 lilium/inundationem"
909 5668 922 5681 .
1284 5680 1291 5685 κ
1498 5648 1529 5665 ’

216 5760 374 5847 guttur.
392 5788 516 5847 sae"
550 5791 602 5847 p.
629 5776 751 5831 671.

141 5820 195 5889 (ll
218 5820 548 5900 Ephesios.

1619 3208 1662 3267 (ἒ

1983 517 2138 595 [iane
2166 522 2324 587 enim,
2356 540 2472 577 eum
2503 526 2771 595 defecisset

1979 588 2115 661 l_’ene
2138 607 2254 643 rera
2277 595 2540 661 doctrina,

1975 659 2209 729 Servavit
2239 662 2379 729 ligno

1975 727 2200 797 Magnus
2224 727 2372 797 pater
2408 749 2570 797 meus,

1974 796 2152 850 Totins
2189 812 2348 852 totum
2386 796 2659 858 Trinitatis

1969 866 2246 920 (.‘ullricem
2286 872 2527 926 reddens.

1968 934 2120 1011 I_I_unc
2154 939 2396 1008 nﬂliclmn
2428 944 2615 1007 absque
2640 947 2882 1011 pra'sule,

1971 1003 2121 1076 {eiut
2152 1003 2329 1061 nucem
2364 1016 2414 1062 in
2446 1003 2576 1076 ulto,

1967 1073 2234 1145 (furentem
2262 1073 2605 1145 gubernatore

1965 1141 2234 1197 Jm‘mtnm
2263 1141 2562 1211 iempestute

1964 1212 2315 1268 Maximorum
2343 1220 2599 1273 mulorum
2626 1261 2640 1279 .

1963 1281 2257 1339 Extra/tere
2284 1304 2310 1339 e
2331 1294 2533 1356 gurgite
2559 1293 2810 1348 volebam.

1793 1372 1925 1428 Cum
1966 1389 2096 1429 vero
2137 1377 2289 1431 navis
2321 1394 2454 1448 pene
2484 1385 2774 1441 contractae
2817 1390 3026 1446 clavum
3069 1411 3166 1453 nec
3197 1406 3279 1453 te-

1720 1478 1847 1519 nere
1877 1464 1975 1533 ipsi
1997 1467 2210 1521 animus
2234 1479 2404 1537 esset,
2424 1487 2519 1525 nec
2544 1491 2640 1542 per
2663 1478 3025 1539 valetudinem
3056 1488 3279 1558 liceret;

1710 1569 1918 1609 memor
1953 1566 2130 1610 tamen
2159 1558 2227 1626 pii
2257 1562 2495 1628 parentis
2520 1564 2570 1617 in
2613 1567 2713 1622 hac
2740 1572 3087 1638 gubernanda
3117 1589 3171 1632 et
3199 1581 3281 1632 in-

1709 1646 1994 1699 stauranda
2048 1645 2333 1713 laborum,
2365 1665 2483 1704 eam
2519 1657 2731 1722 penitus
2780 1661 3066 1733 naufragio
3100 1670 3278 1735 perire

1708 1748 1815 1787 non
1850 1735 2078 1790 ferebat.
2122 1736 2309 1805 Itaque
2344 1741 2519 1795 virum
2568 1744 2883 1816 frangendis
2929 1761 3274 1814 :estuantium

1710 1827 1973 1879 undarum
2016 1827 2323 1884 incursibus
2362 1833 2612 1889 idoneum
2653 1840 2701 1892 ei
2740 1844 3012 1908 praeﬁcere
3035 1853 3269 1915 curavit,

1710 1914 1879 1968 virum
1914 1916 2128 1985 quidem
2180 1920 2360 1975 adhuc
2389 1921 2581 1977 laieum
2616 1936 2775 1996 atque
2808 1935 2985 1989 aerarii
3022 1938 3269 1995 ecclesia:

1688 2001 1981 2061 custodem
2036 2024 2225 2064 recens
2280 2015 2672 2079 constitutum,
2715 2033 2907 2078 cetera
2969 2030 3279 2097 virtutibus,

1705 2097 1890 2164 quales
1919 2097 1969 2150 in
1993 2101 2244 2169 episcopo
2285 2105 2526 2172 requiras
2552 2146 2567 2171 ,
2604 2110 2885 2179 insigniter
2912 2128 3166 2175 ornatum
3217 2136 3274 2177 et

1704 2185 1915 2243 abunde
1944 2188 2286 2249 instructum.
2316 2194 2512 2249 Verum
2541 2215 2688 2267 spem
2731 2207 2985 2261 mentitus
3020 2221 3104 2265 est
3145 2215 3264 2268 exi.

1707 2283 1814 2339 tus,
1842 2278 2100 2345 ﬂagrante
2129 2281 2325 2337 invidia
2353 2287 2785 2358 presbyterorum
2813 2295 3066 2354 Eccle~iae
3090 2319 3105 2369 ;
3136 2319 3271 2371 qua.

1704 2379 1820 2417 rum
1857 2382 1982 2435 pars
2012 2384 2040 2421 a
2069 2368 2334 2439 Gregorio
2370 2374 2798 2435 Sarcolatrarum
2832 2389 3093 2454 appellata
3126 2368 3272 2463 (ΤΗ-

1701 2453 1990 2512 lemontius
2016 2459 2426 2528 Apollinaristas
2479 2453 2878 2544 interpretatur)
2904 2453 3084 2547 palam
3118 2453 3272 2549 aper-

1702 2552 1861 2615 teque
1886 2552 2254 2620 repugnabat;
2293 2570 2418 2623 pars
2439 2557 2857 2620 obsecundantis
2894 2572 3074 2637 specie
3113 2576 3258 2628 clan-

1700 2636 1878 2688 culum
1908 2639 2295 2697 atl’versabatur
2325 2662 2338 2698 :
2369 2649 2618 2716 quodque
2648 2655 2819 2722 magis
2866 2660 3083 2727 mirere,
3121 2665 3267 2718 auti-

1698 2725 1856 2779 stites
1906 2727 1997 2796 qui
2048 2744 2107 2785 se
2160 2730 2403 2803 Gregorii
2455 2742 2660 2793 amicos
2712 2725 3127 2813 promebantur,
3174 2755 3271 2822 qui

1698 2829 1849 2869 suam
1886 2818 1958 2872 illi
2005 2818 2107 2875 hac
2162 2822 2215 2876 in
2270 2838 2330 2878 re
2382 2840 2539 2894 opem
2593 2842 2748 2885 erant
2779 2834 3050 2902 professi,
3098 2818 3260 2899 fidem

1699 2908 1877 2963 datam
1931 2909 2256 2968 fefellerunt.
2298 2915 2469 2984 Quam
2520 2936 2682 2990 porro
2736 2928 2973 2996 graviter
3023 2930 3073 2985 id
3122 2935 3262 2990 tule-

1696 3000 1790 3065 rit,
1823 3001 1909 3058 his
1948 3013 2112 3074 atque
2157 3005 2278 3062 aliis
2312 3010 2491 3066 Verbis
2526 3011 2578 3065 iu
2608 3014 2795 3069 eodem
2820 3021 3062 3076 carmine
3087 3026 3259 3093 signi-

1697 3090 1862 3148 ﬂeat:

1912 3183 2280 3265 Verumtamen
2310 3191 2552 3265 deceptus
2572 3213 2709 3265 sum,
2738 3214 2768 3251 o
2794 3197 3023 3257 Trinitas

1908 3256 1947 3324 ᾼ
1973 3273 2051 3309 me
2077 3260 2366 3324 pra'dicatu
2392 3262 2415 3314 .'

1904 3322 2087 3397 Periit
2100 3327 2231 3394 ﬁdes
2263 3332 2315 3381 in
2347 3329 2532 3397 Deum,

1905 3392 2071 3447 I’eriit
2101 3392 2166 3449 ex
2191 3400 2507 3454 hominibus.

1903 3463 2019 3543 Quo
2057 3468 2171 3533 quis
2200 3483 2254 3519 se
2283 3471 2560 3543 conferat?
2579 3481 2629 3525 et
2650 3476 2833 3543 quibus

1899 3532 2096 3602 Jungat
2124 3552 2176 3589 se
2204 3532 2401 3591 socium
2427 3541 2452 3592 ?

1760 3639 1988 3698 CLXIV.
2011 3644 2299 3700 Arianzum
2331 3664 2384 3701 se
2411 3652 2611 3731 recipit,
2640 3664 2687 3707 et
2718 3656 2839 3710 inde
2877 3656 3175 3718 Caesaream

2320 3735 2375 3771 se
2412 3727 2629 3789 confert.

1761 3800 1898 3856 Tum
1926 3820 2051 3859 vero
2073 3805 2387 3877 Gregorius,
2421 3814 2705 3868 commissa
2733 3814 2988 3875 Cledouio
3026 3825 3250 3897 presby-

1687 3899 1802 3947 tero
1824 3891 2180 3950 Naziauzente
2226 3898 2478 3955 Ecclesia:
2506 3918 2659 3968 cura,
2694 3908 2986 3964 Arianzum
3014 3951 3031 3978 ,
3068 3916 3119 3969 in
3153 3919 3251 3971 do-

1685 3997 1831 4035 mum
1890 3992 2171 4052 paternam
2204 4026 2217 4050 ,
2254 3989 2577 4047 valetudinis
2629 4010 2791 4050 causa
2847 4009 2900 4052 et
2950 4002 3253 4063 solitudinis

1684 4089 1868 4129 amore
1902 4092 1959 4129 se
1983 4078 2187 4146 recepit
2213 4118 2228 4142 ,
2262 4095 2360 4133 nec
2386 4094 2512 4138 ante
2547 4088 2779 4140 medium
2806 4090 3021 4145 circiter
3047 4111 3248 4152 annum

1683 4166 1787 4221 582
1830 4167 2164 4222 Nazianzum
2220 4187 2470 4228 reversus
2495 4186 2595 4231 est.
2622 4179 2922 4234 Caesaream
2954 4184 3155 4241 interea
3194 4203 3255 4244 se

1682 4260 1927 4324 contulit,
1964 4270 2020 4314 ut
2047 4261 2247 4316 Basilio
2280 4265 2491 4334 Magno,
2530 4270 2701 4324 tribus
2730 4273 2925 4327 abhinc
2955 4292 3120 4346 prope
3148 4296 3251 4334 au-

1683 4351 1766 4405 nis
1821 4354 1887 4405 ad
1936 4368 2158 4422 superos
2211 4369 2435 4412 evocato
2462 4399 2476 4423 ,
2516 4358 2658 4427 justu
2694 4368 3025 4432 persolveret
3064 4373 3254 4440 :quod

1680 4442 1895 4509 quidem
1932 4443 1985 4496 in
2017 4446 2262 4501 oratione
2312 4466 2455 4504 nunc
2488 4466 2596 4506 ιιιιι
2629 4455 2706 4509 sic
2740 4469 3029 4514 exsecutus
3060 4473 3163 4528 est,
3198 4474 3256 4518 ut

1682 4537 1736 4590 in
1794 4537 2068 4607 praeclaris
2102 4541 2261 4596 amici
2299 4541 2633 4600 facinoribus
2688 4551 3006 4606 enarrandis
3060 4569 3253 4611 omnes

1680 4624 1995 4695 eloquentiae
2021 4629 2341 4687 Christianum
2376 4649 2504 4704 Opes
2533 4636 2888 4706 profunderet
2914 4682 2930 4708 ,
2972 4652 3130 4711 atque
3158 4645 3253 4700 ob-

1678 4720 2057 4777 trectatoribus
2092 4724 2183 4793 qui
2214 4724 2396 4779 Basilii
2429 4725 2664 4782 indolem
2694 4745 2975 4799 accusare,
3009 4745 3103 4788 aut
3134 4737 3250 4803 eius

1676 4808 1743 4862 de
1790 4809 1993 4881 Spiritu
2046 4824 2235 4870 sancto
2295 4818 2622 4884 doctrinam,
2647 4831 2699 4875 et
2737 4823 2787 4875 in
2816 4839 2876 4877 ea
2910 4828 3248 4895 prmdicauda

1674 4915 1877 4954 morem
1904 4917 2127 4975 carpere
2157 4906 2273 4962 ausi
2312 4907 2530 4965 fuerant
2557 4949 2573 4976 ,
2604 4928 2666 4968 os
2709 4914 2762 4968 in
2791 4930 3108 4987 perpetuum
3156 4936 3247 4977 oc-

1674 4993 1934 5050 cluderet.

1960 5090 2165 5148 CLXV.
2198 5093 2340 5159 Quid
2368 5094 2421 5148 in
2452 5096 2735 5153 solitudine
2761 5110 2956 5169 ageret.

1746 5178 1801 5233 in
1850 5181 2140 5236 solitudine
2183 5200 2289 5254 quo
2337 5198 2497 5257 pacto
2542 5205 2601 5244 se
2648 5192 2873 5246 haberet
2904 5192 3199 5262 Gregorius
3226 5234 3242 5258 ,

1672 5270 1870 5340 quibus
1900 5274 2061 5329 rebus
2090 5287 2328 5339 vacaret,
2360 5294 2467 5349 quo
2494 5296 2655 5336 sensu
2686 5284 2910 5348 amicos,
2943 5301 3051 5354 quo
3077 5288 3241 5341 etiam

1672 5360 1923 5419 inimicos
1974 5380 2428 5436 prosequeretur,
2478 5373 2719 5429 scribens
2773 5375 2839 5428 ad
2885 5377 3239 5432 Amazonium

1670 5451 1893 5523 ipsemet
1921 5456 2158 5511 declarat
2201 5459 2283 5513 his
2311 5460 2491 5514 verbis
2522 5464 2602 5533 (Δ)
2633 5481 2646 5517 :
2682 5482 2701 5515 ι
2738 5464 2793 5519 Si
2838 5466 2959 5535 quis
2998 5484 3243 5523 commu—

1600 5560 1611 5575 ε
1668 5543 1815 5596 nium
1849 5546 2146 5601 arnicorutn
2175 5580 2191 5610 ,
2222 5565 2357 5618 quos
2391 5552 2686 5620 permultos
2723 5568 2845 5608 esse
2890 5556 3104 5611 conﬁdo
3130 5599 3146 5623 ,
3172 5573 3239 5614 ex

1671 5643 1720 5689 te
1740 5650 2109 5704 percontetur,
2138 5640 2227 5694 ubi
2261 5656 2403 5697 nunc
2444 5641 2740 5715 Gregorius
2768 5687 2783 5713 ,
2821 5657 2876 5703 et
2900 5651 3028 5720 quid
3056 5668 3235 5708 rerum

1739 5788 1808 5859 (c)
1838 5787 1955 5861 Lib.
1988 5806 2081 5855 vn,
2107 5808 2224 5861 cap.
2252 5794 2306 5851 7.

1736 5860 1815 5929 (tt)
1845 5860 2013 5929 Epist.
2047 5864 2113 5917 al.
2152 5860 2244 5919 75.
