3812 6502
448 369 575 444 εει

1777 345 1936 404 VITA
1977 350 2032 404 S.
2077 343 2424 404 GREGORII.
3593 356 3596 358 -
3631 325 3745 380 233

477 491 640 554 agat,
693 477 873 531 dicere
915 488 982 527 ne
1027 470 1239 526 dubites
1280 482 1402 521 eum
1447 467 1630 536 quiete
1661 480 1724 520 ac
1757 463 2048 532 tranquille
2079 469 2121 522 Α
2151 461 2496 514 Theodorum
2529 453 2837 522 episcopum
2869 449 3207 522 Tyanensem
3231 449 3491 503 scribens.
3539 462 3562 496 ι
3619 443 3740 498 Vo-

478 567 839 645 philosophari
868 606 882 629 ,
910 580 1014 617 non
1052 563 1222 627 magis
1262 575 1356 614 eos
1385 600 1399 624 ,
1433 574 1461 610 a
1492 557 1688 626 quibus
1717 555 1918 624 injuria
1946 554 2050 622 ipsi

480 663 587 716 lata
619 669 719 722 cst,
754 665 1057 713 etii-autem,
1089 668 1250 721 quant
1281 665 1398 710 eos,
1425 650 1490 701 tle
1526 648 1743 716 quibus,
1771 648 1821 697 in
1857 645 2057 697 lucem-

485 769 550 805 ue
585 761 638 804 et
690 749 852 799 vitam
883 743 1176 811 prodierint
1208 781 1221 805 ,
1274 742 1513 806 ignotum
1564 749 1726 805 atque
1758 736 2055 789 obscurum

485 853 606 898 est:
651 841 782 892 adeo
819 838 1018 890 invicto
1044 846 1119 886 est
1161 833 1324 885 animi
1355 833 1564 884 robore.
1600 831 1748 894 Quod
1781 829 1822 880 si
1862 837 1913 878 te
1948 843 2059 878 rur-

486 951 579 989 sus
607 934 744 985 idem
779 939 926 996 roget
955 966 970 987 ,
1009 927 1280 992 quomodo
1303 923 1604 974 amicorum
1645 920 2060 987 tlisjuut'tioneut

489 1029 763 1085 ferat,uon
799 1023 903 1090 jam
938 1021 1167 1071 fidenter
1201 1014 1526 1083 respondeas
1556 1028 1678 1064 eum
1715 1011 2063 1077 pliilosoltha-
2109 1060 2112 1063 .

491 1122 535 1174 ri
571 1158 586 1179 ,
632 1132 813 1168 verum
852 1113 1032 1163 animo
1061 1124 1182 1161 esse
1216 1121 1476 1175 perquam
1513 1103 1698 1156 humili
1739 1112 1794 1154 et
1830 1101 2060 1168 :ibjccto.

490 1212 593 1268 Alii
623 1211 764 1262 enim
803 1206 853 1257 iu
887 1204 1007 1255 aliis
1042 1205 1201 1254 rebus
1240 1198 1513 1251 molliores
1540 1204 1700 1260 sunt,
1745 1207 1846 1262 ego
1883 1202 2062 1245 autem

491 1305 550 1357 in
585 1299 818 1356 amicitia
857 1307 905 1347 et
941 1294 1154 1346 amicis.
1197 1309 1215 1342 ι

626 1408 854 1465 CLXVI.
893 1405 1233 1461 Culmuiloles
1283 1400 1467 1469 quibus
1525 1409 1648 1450 tunc
1689 1395 1934 1466 temporis

952 1475 1297 1546 (tﬂitt'mbttlttl'
1339 1471 1598 1522 Ecclesia.

572 1573 694 1628 llgrc
731 1571 855 1623 dum
902 1577 1082 1633 ageret
1117 1566 1205 1617 ille
1237 1602 1252 1624 ,
1286 1571 1578 1629 tqitatoque
1612 1559 1882 1611 frueretur
1928 1555 2063 1616 otio,

503 1661 906 1716 vehementibus
956 1656 1193 1709 Ecclesia
1254 1652 1504 1722 procellis
1559 1652 1902 1717 agitabatur,
1945 1648 2071 1700 hinc

501 1755 837 1808 Aulim-lieno
872 1751 1166 1803 schismate
1217 1746 1537 1803 dilacerata,
1574 1741 1720 1792 illinc
1746 1739 2074 1805 Apollinari-

2154 551 2289 606 cas?
2320 549 2492 618 inquit
2523 546 2614 616 (ε).
2646 545 2749 598 Nos
2783 558 2910 596 vero
2958 555 3329 610 properamus.
3367 537 3747 606 Properainus

2160 653 2338 696 autem
2368 682 2381 706 ,
2414 649 2470 693 ιιι
2508 638 2606 692 soli
2656 652 2774 689 cum
2827 634 2941 687 solo
2993 634 3420 701 congrediamur.
3464 629 3746 698 Synodos

2156 736 2300 787 enim
2354 743 2514 798 atque
2567 725 2835 794 colloquia
2878 723 3064 791 procul
3123 721 3448 783 salutamus;
3508 735 3586 771 ex
3635 733 3748 786 quo

2161 825 2363 878 scilicet
2395 831 2635 888 tempore
2671 819 2834 870 multa
2871 830 3079 876 eorum,
3115 821 3171 864 ut
3206 828 3367 880 parce
3398 813 3630 880 loquar,
3664 813 3751 863 im-

2159 915 2323 985 proba
2357 924 2409 966 et
2435 910 2694 980 flagitiosa
2730 923 2847 961 esse
2891 905 3152 973 comperi.
3191 919 3212 954 ι

2233 1028 2488 1095 Quamvis
2531 1025 2766 1095 synodos
2803 1023 2994 1075 vitaret
3027 1019 3337 1088 Gregorius,
3367 1030 3484 1069 eum
3522 1027 3750 1078 tamen,

2165 1134 2269 1173 non
2306 1131 2460 1170 secus
2510 1130 2572 1168 ac
2609 1105 2740 1167 orbi‘
2768 1121 3041 1181 prmesscl,
3092 1110 3332 1163 oumium
3379 1108 3755 1161 Ecclesiarmn

2169 1195 2385 1263 tenebat
2423 1207 2754 1269 sollicitudo,
2790 1219 3002 1270 semper
3034 1204 3271 1254 intentus
3300 1201 3362 1252 iis
3389 1215 3507 1266 qum
3537 1199 3611 1250 ad
3653 1201 3757 1249 bre-

2168 1303 2327 1356 rcsioi
2365 1299 2778 1354 exslinctiouent
2807 1307 2896 1347 aut
2928 1295 3362 1363 propagationcm
3388 1290 3510 1343 fidei
3545 1301 3759 1358 specta-

2171 1411 2226 1447 t‘e
2266 1392 2623 1458 conspiceret.
2674 1408 2690 1439 ι
2731 1387 2945 1448 Omnia,
2993 1386 3162 1452 inquit
3202 1385 3301 1452 ((1),
3350 1385 3488 1450 apud
3522 1397 3634 1435 nos
3671 1381 3757 1434 Dei

2171 1484 2432 1537 beneficio
2469 1492 2615 1534 recte
2650 1497 2705 1533 se
2734 1479 2955 1538 habent,
2986 1478 3084 1529 hoc
3111 1492 3214 1526 uno
3238 1487 3484 1543 exet-pio,
3520 1476 3676 1543 quod
3702 1478 3761 1525 de

2173 1573 2433 1626 Ecclesiis
2480 1571 2624 1623 anxii
2659 1581 2709 1622 et
2745 1569 2960 1624 solliciti
3001 1584 3183 1620 smnus
3217 1577 3321 1619 tattt
3354 1565 3494 1619 [ωδε
3547 1580 3761 1632 pertur-

2175 1665 2332 1717 batis.
2369 1682 2388 1714 ι
2455 1660 2563 1714 Sua
2627 1677 2747 1713 eum
2806 1660 3050 1726 inprimis
3102 1658 3330 1725 angebat
3385 1657 3759 1714 Nazianzena,

2180 1768 2341 1822 quam
2375 1766 2477 1803 non
2507 1751 2663 1802 modo
2692 1763 3060 1814 corrumpere,
3091 1748 3184 1799 sed
3222 1755 3274 1797 et
3304 1747 3562 1796 invadere
3590 1754 3761 1794 tenta-

505 1861 708 1900 Μίιιίιιιι
743 1842 951 1896 11111³³1³1
1005 1837 1328 1898 “millibus;
1360 1835 1448 1900 ‘1'”
1486 1832 1612 1884 “uel
1645 1831 1712 1881 πί)
1743 1829 1971 1882 Οτίθυιθ
2021 1839 2075 1879 ει
2107 1823 2146 1879 Β
2179 1847 2304 1897 bant
2335 1841 2751 1910 Apollinaristae.
2788 1839 2916 1890 Dum
2945 1839 3086 1890 enim
3125 1839 3189 1889 ad
3219 1835 3566 1888 Xaltvaridas
3630 1835 3761 1884 thei-

506 1935 796 1992 Occidente
835 1930 1041 1999 I'ejeeti,
1073 1925 1492 1979 disseminamlis
1523 1937 1663 1974 nunc
1707 1922 1905 1988 palam,
1935 1934 2077 1970 nunc

507 2029 714 2084 occulte
747 2025 858 2078 suis
893 2022 1171 2074 erroribus
1219 2017 1391 2069 nihilo
1426 2014 1645 2081 segnius
1681 2010 2075 2064 allaborabant.

506 2119 588 2176 Ad
623 2119 734 2170 ha'c
754 2117 971 2184 cynicus
1002 2113 1110 2172 ille,
1145 2111 1233 2176 qui
1263 2108 1490 2173 turpiter
1543 2120 1572 2158 c
1605 2104 1733 2157 sede
1765 2101 2075 2155 Constanti-

510 2208 810 2277 nopolitana
843 2202 1126 2277 depulsus,
1154 2202 1202 2250 iii
1235 2196 1526 2266 Egyptnin
1560 2195 1734 2262 primo
1763 2208 1821 2246 se
1867 2206 2083 2257 recepe-

513 2309 616 2360 rat,
644 2311 868 2363 eamque
898 2291 1273 2345 talumuiando
1333 2304 1424 2340 sus
1456 2288 1631 2353 deque
1671 2293 1931 2346 verterat,
1980 2281 2085 2335 lla-

513 2391 641 2444 liatu
669 2389 972 2441 concitabat
1015 2384 1202 2434 iisdctn
1233 2380 1461 2432 artibus.
1502 2378 1708 2441 Quibus
1733 2377 1890 2430 titulis
1914 2389 2085 2442 quan-

515 2491 687 2535 tocius
717 2476 1103 2530 occurrendum
1137 2485 1284 2524 ratus
1340 2471 1576 2538 pontifex
1614 2468 1893 2527 Damasus,
1926 2479 2087 2534 gene-

515 2572 628 2624 rale
659 2569 945 2621 concilium
985 2565 1161 2614 linum:
1192 2562 1376 2614 ltabcri
1420 2560 1680 2611 decrevit.
1713 2559 1809 2609 Ast
1843 2557 2077 2623 impera-

519 2671 602 2716 tor
629 2674 738 2711 rem
769 2658 819 2708 in
859 2655 1074 2708 Oriente
1105 2653 1282 2719 peragi
1323 2651 1494 2702 satius
1522 2649 1743 2710 ducens,
1773 2647 2084 2698 Constanti-

519 2749 697 2818 nopoli
732 2747 994 2816 synodum
1033 2745 1220 2795 induxit
1251 2781 1264 2802 ,
1295 2741 1379 2792 cui
1430 2739 1748 2808 Gregorium
1784 2739 2086 2806 prtesertim

521 2843 778 2896 interesse
803 2851 1138 2900 summopere
1169 2835 1436 2898 cupiebat.
1467 2831 1630 2896 Cujus
1661 2830 1766 2882 Voti
1822 2845 1917 2896 per
1962 2829 2092 2881 Pro-

521 2933 732 2996 cupiunt
764 2929 963 2982 certior
1001 2927 1175 2978 factus
1225 2924 1523 2992 Gregorius
1551 2962 1564 2986 ,
1599 2922 1800 2974 infelici
1852 2922 2091 2974 omnium

522 3026 716 3094 quibus
759 3021 1004 3074 adfuerat
1034 3019 1360 3087 synodorum
1394 3016 1538 3066 exitu
1573 3017 1636 3088 ad
1669 3015 1983 3066 memoriam
2011 3027 2095 3064 re-

2184 1947 2297 1984 tnas
2323 1929 2531 1997 longius
2558 1928 2876 1994 Gregorium
2923 1927 3140 1978 morbus
3170 1925 3504 1984 abduxisset,
3538 1938 3655 1976 suae
3689 1925 3758 1970 la-

2181 2024 2372 2077 ctionis
2400 2021 2722 2080 hominibus,
2759 2034 2891 2086 quos
2940 2017 3192 2070 Nazianzi
3243 2016 3534 2076 habebant,
3575 2023 3760 2065 contra

2177 2114 2266 2181 jus
2319 2113 2506 2180 fasque
2552 2111 2864 2179 episcopum
2898 2111 3231 2164 constituere
3281 2113 3756 2175 prresmnpscrunt.

2185 2205 2293 2259 llos
2326 2205 2543 2258 leuitate
2576 2218 2670 2256 sua
2714 2211 3019 2255 mansuetos
3051 2200 3393 2270 placttlo-tptc
3423 2200 3655 2248 reddi-re
3688 2210 3762 2246 vo-

2185 2297 2358 2350 luerat
2397 2305 2451 2348 et
2480 2294 2736 2361 paulatim
2766 2291 3043 2353 emollire;
3082 2300 3136 2343 at
3173 2290 3380 2358 pejores
3417 2303 3513 2340 eos
3545 2285 3758 2339 effecit:

2192 2405 2209 2438 t
2245 2385 2358 2437 Non
2388 2385 2550 2445 enim,
2587 2382 2758 2450 inquit
2791 2381 2881 2450 (c),
2930 2394 3122 2448 pravos
3166 2379 3407 2430 homines
3443 2376 3647 2429 lenitas
3677 2375 3761 2424 iii-

2187 2477 2370 2531 flectit.
2411 2495 2425 2524 ι
2471 2475 2606 2528 Cum
2642 2485 2820 2526 autem
2859 2473 3053 2525 absens
3086 2470 3223 2522 tnan
3255 2470 3452 2522 mederi
3491 2484 3602 2520 non
3631 2467 3762 2516 valc-

2190 2580 2289 2630 rct,
2323 2569 2528 2619 litteras
2563 2565 2662 2617 sibi
2705 2563 2937 2616 vicarias
2966 2562 3261 2623 substituit,
3294 2561 3543 2613 scribens
3585 2560 3759 2624 Olym-

2192 2664 2277 2730 pio
2303 2659 2552 2727 praefecto
2591 2658 2672 2710 his
2702 2656 2878 2708 verbis
2904 2654 2972 2721 (Γ)
3005 2670 3016 2704 :
3057 2671 3075 2704 ι
3115 2652 3232 2704 Mali
3265 2653 3531 2711 homines,
3559 2653 3762 2717 episco-

2193 2767 2289 2822 pos
2320 2751 2604 2820 quodam,
2649 2748 2842 2814 quibus
2887 2747 3118 2812 dignitas
3161 2745 3228 2796 ab
3259 2743 3549 2796 universali
3596 2740 3762 2793 cmuci-

2193 2846 2264 2899 lio
2297 2848 2553 2910 abrogata
2597 2841 2795 2903 fuerat,
2835 2849 3192 2902 accersentcs,
3237 2846 3325 2888 attt
3361 2836 3763 2888 transeuntibus

2195 2937 2497 2997 abutentes,
2560 2931 2926 2997 imperialibus
2990 2927 3239 2979 omnibus
3298 2927 3763 2978 constitutionibus

2196 3033 2360 3091 atque
2401 3022 2650 3073 omnibus
2686 3019 2876 3072 vestris
2915 3018 3108 3072 edictis
3137 3018 3367 3081 violatis,
3408 3017 3628 3068 cuidam
3674 3018 3764 3066 itii-

526 3126 741 3177 vocato,
768 3128 894 3166 suas
922 3113 1210 3180 quominus
1234 3109 1476 3176 Augusto
1512 3117 1724 3174 pareret
1751 3106 2090 3157 iulirtuilates

2206 3115 2268 3180 pii
2297 3123 2349 3167 et
2377 3112 2663 3166 adulleriui
2700 3111 2780 3164 sui
2813 3111 2991 3178 gregis
3016 3109 3247 3176 episc0pi
3283 3123 3472 3160 nomen
3507 3109 3764 3174 imposue-

524 3209 782 3262 obtendit.
816 3223 833 3253 t
877 3205 1004 3272 Ego,
1033 3203 1204 3269 inquit
1242 3201 1340 3269 (tt),
1367 3200 1409 3250 si
1438 3214 1559 3251 vera
1593 3199 1828 3250 scribere
1856 3205 2087 3263 oportet,

527 3301 626 3356 lioc
662 3300 839 3351 animo
868 3311 1008 3355 sum,
1038 3304 1096 3346 ut
1120 3308 1332 3345 onmem
1362 3291 1736 3359 episcoporum
1767 3297 2092 3343 conventum

531 3392 732 3457 fugiant
769 3389 1066 3456 :quouiattt
1106 3385 1301 3436 nullius
1349 3383 1562 3435 concilii
1628 3383 1788 3433 liuent
1821 3382 1998 3434 ltetunt
2041 3388 2096 3432 et

531 3487 762 3539 faustum
797 3484 924 3546 vidi,
961 3498 1055 3533 nec
1091 3481 1231 3549 quod
1281 3478 1646 3545 depulsionem
1693 3477 1956 3529 malorum
2006 3491 2097 3543 po-

533 3579 842 3644 tius.quam
866 3575 1228 3626 accessionem
1261 3583 1311 3624 ct
1355 3573 1745 3623 incrementum
1783 3572 2096 3623 habuerit...

533 3669 668 3721 linit:
699 3683 911 3735 quoque
940 3679 1056 3718 meo
1092 3664 1297 3732 judicio
1334 3675 1591 3732 patronus
1625 3664 1845 3714 morbus
1869 3663 2098 3724 accedit,

534 3764 727 3830 quippe
751 3760 837 3826 qui
866 3774 949 3809 me
986 3759 1053 3808 ita
1084 3757 1423 3821 distorquimt
1452 3794 1467 3819 ,
1504 3766 1554 3804 ιιι
1595 3753 1834 3820 quotidie
1866 3753 1976 3805 fere
2007 3767 2100 3804 ex-

535 3861 737 3904 tremos
799 3850 1018 3916 spiritus
1060 3848 1277 3913 elllem,
1335 3861 1433 3897 nec
1471 3845 1575 3895 ulla
1630 3859 1688 3895 re
1753 3844 1957 3910 tneipso
2025 3842 2102 3894 uti

535 3956 753 4011 queant.
782 3958 800 3990 ι
844 3939 1281 3997 Exeusatiouetn,
1312 3950 1474 4003 quant
1505 3934 1683 3986 ficta'u
1717 3933 2100 3998 arbitrabatur,

537 4035 672 4085 adeo
707 4047 808 4082 non
843 4030 1059 4080 admisit
1099 4029 1420 4094 imperator,
1461 4035 1517 4077 ιιι
1557 4025 1709 4076 novis
1740 4039 1832 4092 per
1876 4022 2102 4075 Icarium

539 4123 711 4175 virum
739 4121 997 4173 illustrem
1027 4130 1082 4170 et
1113 4117 1415 4188 Olympium
1445 4115 1798 4183 Cappadocia:
1836 4125 2102 4168 rectorem

538 4211 799 4280 Gregorio
869 4209 1123 4261 institerit
1199 4207 1532 4259 mandatis:
1592 4207 1788 4272 quibus
1867 4205 2108 4272 acceptis

543 4303 791 4372 Olympio
833 4303 910 4354 sic
968 4298 1243 4364 rescripsit
1293 4298 1375 4348 vir
1431 4297 1644 4348 mentiri
1697 4296 1908 4348 nescius
1964 4295 2036 4362 (ὁ)
2091 4313 2105 4349 :

549 4413 569 4445 ι
607 4395 717 4446 lloe
749 4392 874 4443 mihi
910 4395 1094 4443 morbo
1131 4391 1244 4456 ipso
1273 4391 1494 4456 gravius
1518 4397 1621 4448 est,
1644 4389 1787 4455 quod
1816 4401 1938 4440 cuin
1967 4402 2110 4454 aeger

2204 3215 2345 3267 runt,
2381 3204 2522 3256 nulla
2551 3217 2627 3265 re,
2660 3211 2717 3254 ιιι
2749 3203 2958 3268 opinor,
2994 3200 3215 3268 perinde
3244 3198 3386 3263 freti,
3420 3207 3591 3265 atque
3632 3213 3766 3250 smn-

2205 3314 2289 3352 ma
2355 3313 2471 3350 mea
2537 3294 2928 3348 imbecillitate.
2986 3312 3004 3345 ι
3083 3292 3280 3345 Deinde
3339 3290 3565 3344 sceleris
3627 3289 3767 3356 hujus

2206 3392 2460 3446 ultionem
2505 3392 2656 3460 petit,
2684 3388 2950 3443 mitiorem
2983 3396 3159 3441 tamen
3188 3400 3348 3454 quam
3378 3394 3521 3438 tanta
3558 3383 3767 3439 audacia

2208 3495 2531 3539 IllCl'Cl‘Clllf‘.

2342 3571 2590 3627 CLXV".
2635 3570 2888 3624 Ecclesia:
2917 3568 3273 3621 Nazianzenm
3299 3585 3476 3621 curant
3500 3572 3657 3637 gerit.

2278 3668 2437 3722 Auno
2478 3667 2582 3719 58').
2612 3665 2834 3718 circiter
2872 3673 3125 3726 exeunte,
3166 3663 3474 3731 rogantibus
3508 3661 3766 3730 episcopis

2208 3766 2261 3810 et
2285 3757 2532 3808 universo
2565 3754 2777 3822 popttlo,
2806 3753 3012 3821 pusillis
3035 3769 3096 3805 ac
3123 3753 3328 3820 magnis
3360 3751 3767 3804 vociferantibus

2209 3859 2264 3901 et
2294 3848 2724 3910 obsecrantibus,
2757 3854 2814 3897 ut
2843 3853 3122 3916 assumpto
3145 3843 3392 3896 Ecclesim
3429 3843 3768 3896 Naz'anzcna:

2211 3939 2360 3992 clavo
2391 3954 2508 3991 eam
2543 3938 2606 3990 ab
2643 3937 2937 3990 imminenti
2975 3947 3214 3989 servaret
3260 3935 3559 4002 naufragio,
3604 3937 3766 3988 Cessit.

2218 4049 2237 4082 ι
2280 4030 2406 4084 Tua:
2469 4029 2677 4099 pietati,
2734 4047 2751 4079 ι
2811 4028 2984 4095 inquit
3036 4027 3328 4095 Gregorius
3375 4029 3471 4095 (g),
3521 4028 3664 4080 datis
3718 4027 3770 4077 tul

2213 4121 2564 4190 Bosphorimn
2604 4120 2982 4172 tioluniensem
3034 4119 3252 4182 litteris,
3297 4138 3315 4171 ι
3366 4121 3465 4171 hoc
3505 4118 3769 4174 denuntio.

2214 4229 2313 4268 nos
2360 4228 2549 4266 manus
2595 4213 2721 4264 dare
2758 4221 2810 4264 et
2858 4211 3070 4272 cedere,
3106 4221 3266 4278 atque
3298 4209 3550 4263 Ecclesia:
3585 4224 3768 4271 curam,

2216 4306 2327 4359 Deo
2378 4307 2553 4367 (laute,
2608 4314 2955 4371 suscepturus
3002 4317 3143 4366 esse,
3196 4303 3637 4371 quandoquidem
3689 4303 3771 4353 huc

2217 4399 2562 4461 contenditis,
2613 4412 2675 4450 ac
2721 4397 3024 4464 prrL-sertim
3060 4406 3283 4462 urgente
3315 4396 3414 4447 bac
3445 4404 3770 4462 tempesuite.

544 4487 669 4545 sim,
708 4495 965 4552 aegrotare
999 4492 1174 4534 tamen
1208 4496 1312 4533 non
1342 4481 1557 4543 credar,
1585 4495 1770 4533 verum
1806 4478 2113 4546 percgrina-
2145 4515 2189 4572 υ
2219 4501 2435 4559 propter
2460 4487 2851 4551 inminentem,
2887 4499 2943 4544 ut
2968 4490 3083 4556 ipse
3113 4486 3325 4550 scribis,
3359 4487 3770 4539 adversariorum

546 4579 748 4627 tionem
776 4575 843 4626 ita
881 4574 1090 4639 longam
1124 4572 1280 4632 inire,
1323 4581 1483 4638 atque
1525 4570 1575 4622 in
1619 4570 1823 4623 medios
1852 4569 2112 4622 tumultus

551 4670 807 4737 tueipsuin
845 4665 1117 4733 impellere
1139 4663 1328 4729 jubear
1355 4681 1369 4717 :
1403 4679 1430 4714 a
1455 4663 1655 4731 quibus
1682 4660 1974 4715 secessisse
2005 4671 2111 4714 tant

551 4761 680 4812 inibi
714 4770 923 4827 gratum
957 4756 1093 4818 fuit,
1137 4770 1193 4807 ιιι
1228 4755 1329 4808 hoc
1363 4756 1580 4808 nomine
1625 4753 1857 4822 gratiam
1897 4767 2115 4821 quoque

551 4850 792 4917 corporis
818 4846 1088 4900 alllietioni
1126 4847 1512 4914 propemodum
1563 4845 1855 4898 habeam...
1909 4846 2018 4898 lloc
2061 4853 2116 4896 et

552 4937 916 4992 illustrissinto
944 4950 1155 5003 quoque
1192 4927 1360 4986 Icario
1398 4950 1503 4986 non
1537 4933 1608 4986 ita
1644 4935 1852 5001 pridem
1897 4935 2114 5003 scripsi,

553 5045 675 5081 eum
708 5029 847 5082 idem
869 5028 936 5079 ab
966 5041 1030 5078 eo
1070 5027 1276 5094 jussum
1306 5027 1669 5092 accepissem;
1698 5035 1752 5078 ct
1790 5042 1932 5078 nuuc
1962 5043 1989 5077 a
2021 5037 2109 5078 tua

554 5125 717 5177 animi
771 5122 1136 5192 magnitudine
1187 5131 1344 5185 pcto,
1377 5131 1432 5171 ut
1481 5136 1577 5187 pro
1613 5122 1766 5173 nobis
1802 5136 2016 5188 quoque
2067 5120 2116 5172 id

555 5216 794 5269 scribere
825 5230 926 5263 non
957 5223 1225 5280 gravetur.
1263 5229 1280 5259 ι
1321 5210 1454 5262 Vicit
1483 5211 1693 5262 uiridem
1727 5211 1970 5279 Gregorii
2007 5225 2117 5263 mo-

558 5308 708 5360 desta
741 5304 1026 5368 recusatio,
1057 5303 1147 5370 qui
1182 5301 1292 5368 jam
1352 5313 1511 5354 antea
1547 5310 1809 5354 statuerat
1845 5319 2117 5370 nunquam

559 5397 822 5450 interche
861 5397 1234 5464 episcoporum
1269 5393 1542 5449 conciliis.
1574 5404 1630 5447 ut
1657 5393 1771 5448 inse
1803 5393 2002 5448 fatetur
2052 5394 2118 5448 ad

633 5573 709 5638 (α)
740 5572 912 5640 Epist.
943 5573 1010 5626 al.
1037 5573 1126 5626 55.

633 5643 706 5711 (bi
741 5642 908 5709 Epist.
934 5643 1002 5695 :il.
1035 5645 1120 5696 76.

635 5715 705 5782 (ε)
747 5711 914 5782 Epist.
943 5714 1011 5766 al.
1043 5714 1129 5764 8i.

635 5779 717 5853 (α)
754 5779 922 5850 Epist.
951 5783 1020 5837 al.
1048 5781 1114 5835 79.

2220 4581 2608 4642 incursionem,
2640 4579 2948 4646 humileque
2978 4579 3078 4631 hoc
3113 4592 3306 4646 corpus
3336 4575 3444 4631 Deo
3483 4577 3772 4630 commoda-

2223 4683 2367 4724 turos
2409 4685 2572 4735 esse,
2618 4670 2852 4737 quandiu
2904 4669 3137 4733 durabit,
3176 4671 3426 4738 viresque
3470 4682 3668 4724 nostra:
3709 4666 3773 4718 fe-

2206 4771 2357 4827 .reut,
2397 4779 2416 4814 ι
2443 4771 2546 4815 etc.
2585 4759 2708 4814 llaec
2731 4761 2913 4823 verba,
2941 4776 2964 4813 ι
3000 4761 3233 4827 quandiu
3281 4762 3511 4827 durabit,
3539 4763 3772 4826 viresque

2222 4847 2416 4910 ferent,
2449 4868 2466 4900 ι
2498 4849 2631 4902 satis
2656 4848 2902 4902 evincent
2929 4849 3207 4917 epistolam
3233 4865 3334 4902 non
3359 4851 3424 4903 ad
3449 4848 3769 4908 annuui575,

2221 4951 2278 4992 ut
2313 4940 2424 4992 vult
2451 4939 2844 5002 'l'illetnoutius,
2884 4954 3004 4993 esse
3050 4941 3406 5003 referendam,
3451 4957 3555 5009 quo
3587 4942 3770 5008 Grego-

2222 5033 2333 5084 rius
2397 5029 2650 5082 defuncto
2711 5043 2863 5099 patre
2920 5030 3169 5084 Ecclesite
3226 5031 3575 5086 Nazianzeute
3633 5049 3650 5081 t
3691 5046 3769 5082 cu-

2219 5135 2334 5174 rant
2373 5119 2603 5186 aliquant
2641 5119 2830 5188 gessit;
2871 5140 2889 5171 ι
2932 5123 3193 5189 siquidem
3223 5131 3348 5174 tunc
3391 5127 3644 5192 temporis
3674 5134 3762 5171 non

2223 5211 2487 5279 pollicitus
2542 5211 2712 5263 fuerat
2763 5210 3014 5264 Naziattzi
3077 5225 3135 5264 se
3188 5228 3494 5266 mansurum
3546 5213 3761 5280 tpiainltu

2227 5302 2368 5354 vires
2399 5302 2622 5367 ferrent,
2665 5303 2758 5356 sed
2798 5312 3001 5357 tantum
3027 5304 3196 5361 donec
3218 5306 3497 5376 cpiscopus
3531 5306 3662 5359 alter
3687 5301 3768 5355 eli-

2230 5404 2466 5464 geretur.

2301 5572 2369 5638 (ε)
2409 5570 2578 5636 Epist.
2607 5570 2675 5624 al.
2707 5571 2794 5626 77.

2309 5641 2375 5708 tn
2407 5641 2537 5694 iltitl.

2306 5712 2381 5778 (9)
2417 5710 2581 5779 Epist.
2618 5710 2736 5777 158,
2775 5710 2842 5764 al.
2873 5711 2959 5778 14,
2983 5710 3250 5780 Bosporio.
