3824 6394
104 366 183 422 335

151 466 382 530 CLXVIII.
428 463 661 516 Patriam
702 460 764 530 ob
821 458 1015 523 ingenti
1075 452 1304 525 periculo
1344 450 1544 504 .liberat

670 529 973 597 Gregorius.

150 652 277 708 Circa
296 644 421 707 idem
450 653 656 709 tempus
679 638 1048 709 Nazianzeth
1064 637 1211 705 cives
1232 637 1299 705 ab
1317 635 1513 706 ingenti
1535 650 1621 705 pc-

101 743 248 802 riculo,
265 747 407 805 atque
430 734 613 799 urbem
650 734 815 803 ipsam
842 731 909 785 ab
934 731 1146 801 excidio
1169 728 1434 793 liberavit,
1458 742 1619 798 quam

99 837 186 894 solo
209 848 259 885 se
281 836 603 898 aequaturum
634 824 939 893 minabatur
963 823 1313 894 Cappadocia:
1336 820 1620 889 prtefectus

102 922 369 979 iuultionem
392 915 696 985 gravissimi
725 915 1005 971 facinoris.
1029 932 1047 964 ί
1078 913 1265 968 Audax
1291 911 1517 973 facinus,
1549 909 1622 961 la-

101 1027 213 1070 tetur
254 1008 544 1079 Gregorius
567 1006 669 1077 (rt),
716 1022 901 1061 verum
957 1020 1295 1075 nequaquam
1326 1018 1618 1075 acommu-

102 1107 140 1162 ni
175 1101 389 1166 consilio,
415 1100 509 1167 sed
541 1114 569 1152 a
598 1099 889 1154 temerario
917 1098 1282 1167 quorumdam
1312 1095 1621 1150 adolescen-

100 1189 184 1254 tuui
212 1196 393 1264 impetu
424 1191 746 1261 proiectum.
791 1208 809 1241 ι
844 1190 924 1246 0b
948 1192 1245 1260 irrogatum
1284 1187 1464 1247 forsan
1496 1203 1621 1258 gra-

101 1289 190 1342 vius
211 1283 456 1354 quoddam
482 1283 761 1343 tributum,
786 1291 1001 1337 ventum
1034 1291 1152 1347 erat
1178 1281 1244 1343 ad
1266 1281 1616 1344 seditionem;

100 1376 289 1449 protervi
320 1375 534 1445 quidam
568 1374 815 1443 juvenes,
865 1374 1065 1443 violato
1104 1373 1335 1428 Cresaris
1377 1373 1619 1443 decreto,

98 1478 224 1530 etiam
246 1471 505 1543 hominem
529 1470 859 1527 occiderant.
887 1470 1092 1531 interea
1118 1468 1413 1540 Gregorius
1438 1468 1624 1533 morbo

98 1568 321 1629 laborans,
357 1578 479 1618 cum
511 1563 663 1620 adire
688 1562 1001 1634 praefectum
1045 1578 1149 1617 non
1184 1570 1387 1632 posset,
1417 1561 1624 1627 litteras

98 1658 291 1727 scripsit,
322 1664 378 1710 ut
402 1670 526 1710 eum
551 1656 617 1711 ad
637 1655 1058 1710 misericordiam
1082 1654 1336 1711 ﬂecteret.
1368 1655 1462 1709 llis
1484 1655 1627 1708 litte-

101 1753 155 1805 ris
174 1760 315 1818 atque
336 1748 588 1817 precibus
637 1748 882 1818 Gregorii
922 1748 1145 1805 liberata
1177 1758 1260 1805 est
1288 1748 1499 1803 civitas.
1549 1748 1622 1803 Ea

98 1846 335 1899 occasione
358 1840 601 1897 habitam
633 1839 800 1894 fuisse
822 1840 1124 1895 orationem
1151 1855 1261 1895 xv"
1282 1854 1466 1894 coram
1495 1855 1629 1909 prae-

100 1936 208 1987 ferto
226 1934 287 2002 (is
316 1942 437 1986 erat
465 1930 790 2000 Olympius),
825 1946 946 2001 quae
989 1929 1323 1994 inscribitur,
1370 1930 1452 1983 Ad
1497 1933 1628 1985 cives

102 2023 419 2078 Nazianzeuos
452 2022 769 2091 trepidantes
815 2029 864 2079 et
893 2022 1166 2091 prresidem
1196 2021 1411 2083 iratum,
1442 2019 1629 2077 existi—

101 2116 228 2171 mavit
250 2113 509 2169 Baronius
528 2112 640 2183 (b);
668 2113 761 2168 sed
792 2112 899 2166 falli
926 2113 1157 2168 videtur.
1190 2112 1311 2175 Hzec
1338 2112 1480 2168 enim
1505 2127 1630 2165 ora-

98 2210 169 2269 tio,
189 2222 292 2260 cum
330 2204 515 2259 adhuc
542 2204 787 2275 Gregorii
836 2212 990 2273 pater
1040 2214 1318 2273 superstes
1345 2213 1508 2265 esset,
1537 2203 1631 2256 Ita-

98 2299 178 2352 ltita
200 2304 277 2351 est
314 2310 330 2349 :
364 2304 630 2365 praeterea
656 2295 807 2365 culpa
840 2293 1323 2353 Nazianzenorum.
1349 2293 1418 2349 de
1447 2309 1549 2364 qua
1581 2296 1631 2348 in

95 2391 295 2443 oratione
331 2389 535 2457 agitur,
582 2402 687 2447 non
734 2388 955 2458 perinde
984 2388 1167 2459 gravis
1198 2397 1280 2442 est
1316 2404 1379 2442 ac
1424 2388 1536 2454 illa,
1570 2390 1635 2443 de

96 2496 175 2551 qua
202 2481 245 2533 in
276 2478 503 2549 epistola
538 2480 604 2536 ad
629 2479 956 2549 Olympium.

147 2569 347 2626 CLXIX.
396 2570 678 2627 Eulalium
725 2570 991 2694 Nazialnzi
1029 2573 1325 2642 episcopum
1366 2574 1563 2641 prae/iri

763 2658 887 2694 cura
917 2680 932 2694 .

763 2658 932 2695 curat.

151 2730 443 2802 Gregorium
481 2732 667 2787 tandiu
703 2731 955 2787 Nazianzi
994 2733 1046 2805 in
1073 2735 1206 2790 urbe
1248 2738 1633 2807 permansisse,

99 2825 234 2881 donec
262 2826 330 2880 illi
369 2826 530 2880 ﬁrma
558 2826 821 2881 securitas
848 2826 1186 2891 redderetur,
1226 2837 1281 2883 et
1312 2832 1547 2903 optimus
1570 2830 1635 2883 il-

102 2918 154 2971 lic
198 2919 558 2988 praaiiceretur
629 2919 877 2987 antiSIes,
946 2921 1134 2977 scribit
1198 2920 1464 2989 Baronius
1518 2922 1634 2996 (c);

102 3009 325 3080 simulque
348 3011 531 3080 egisse
559 3011 697 3079 apud
728 3010 1031 3067 ilelladium
1056 3012 1319 3068 Ctesaretc
1351 3013 1639 3085 Cappado-

103 3101 176 3154 cia:
198 3102 497 3171 episcopum
540 3101 1031 3170 metropolitanum,
1064 3112 1121 3154 ttt
1158 3101 1422 3157 Eulalium
1465 3103 1637 3156 virum

1354 333 1517 388 VITA
1561 333 1616 387 ὃ.
1659 325 2011 387 GRECOltlI.

1647 457 1689 511 Α
1721 454 1822 501 est.
1857 442 2035 510 Quare
2059 438 2229 492 coacti
2253 444 2377 489 sunt
2408 434 2643 503 episcopi
2676 429 2928 485 Ecclesiae
2952 426 3304 487 Nazianzenus

3194 314 3298 366 erit

1722 547 1995 604 pastorem
2027 534 2178 598 dare,
2204 540 2258 583 ct
2284 529 2542 584 Eulalius.
2576 527 2657 579 vir
2690 522 2919 592 insignis
2952 520 3304 591 pietatc,cpi-

1722 642 1917 694 scopus
1942 632 2157 679 creatus
2182 631 2263 677 est
2304 620 2421 687 Quo
2437 618 2707 679 ordinato,
2731 615 2898 669 l‘alsus
2924 629 3107 668 rumor
3125 614 3307 667 incre-

1724 715 1837 768 buit
1862 712 2182 784 Gregorium
2212 709 2551 765 Nazianzeua
2596 708 2723 760 sede
2755 704 3019 773 privatum
3047 703 3213 758 fuisse
3239 704 3308 758 ab

1723 806 1961 861 Helladio
1988 802 2346 867 Caesariensi;
2379 817 2483 871 qua
2520 798 2785 854 calumnia
2808 797 3130 865 llelladium,
3149 806 3309 853 czete-

1725 913 1922 968 rosque
1933 897 2211 967 episcopos
2228 895 2318 963 qui
2338 891 2600 957 Eulalium
2616 890 3020 955 ordinaverunt,
3037 888 3305 954 liberavit,

1723 1004 1817 1043 eos
1837 989 1888 1041 in
1910 986 2137 1055 epistola
2166 986 2231 1039 ad
2256 983 2577 1051 Gregorium
2604 978 2905 1050 Nyssenum
2926 993 3193 1032 excusans
3212 978 3305 1049 (ε),

1726 1079 1993 1148 simulque
2023 1077 2393 1133 denuntiando
2420 1090 2479 1130 se
2500 1088 2772 1142 nunquam
2798 1070 3052 1125 Ecclesiae
3083 1068 3288 1125 Nazian

1728 1187 1872 1226 zenae
1902 1183 2143 1226 creatum
2172 1170 2339 1224 fuisse
2372 1168 2705 1238 episcopum.
2760 1174 2761 1177 “

1972 1258 2179 1315 CLXX.
2233 1259 2349 1312 Vim
2380 1258 2627 1330 Gregorii
2667 1260 2720 1312 in
2756 1260 3058 1315 solitudine.

1797 1355 1873 1408 Ex
1905 1369 1971 1410 eo
2017 1363 2259 1422 tempore
2305 1352 2599 1422 Gregorius
2648 1353 2700 1406 in
2754 1367 2878 1407 rure
2915 1363 3163 1423 paterno,
3200 1353 3308 1407 voti

1726 1461 1949 1515 compos
1971 1445 2332 1509 lactus,la_tuit
2362 1445 2603 1509 abditus,
2630 1454 2901 1513 totosque,
2928 1453 3195 1514 qtmtquot
3217 1460 3307 1499 su-

1726 1537 2041 1607 perfuerunt
2063 1536 2184 1590 vitae
2205 1534 2339 1599 dies,
2373 1534 2637 1597 traduxit;
2664 1542 2848 1604 atque,
2888 1545 2946 1587 ut
2971 1550 3091 1588 cum
3124 1533 3312 1591 Hiero-

1726 1643 1889 1701 nymo
1918 1629 2131 1697 loquar,
2155 1644 2174 1678 ι
2198 1626 2445 1683 monachi
2466 1627 2627 1683 vitam
2645 1626 2904 1687 exercuit.
2926 1645 2945 1679 ο
2968 1626 3009 1679 A
3032 1626 3311 1682 mulierum

1727 1720 2118 1781 consuetudine
2135 1719 2215 1775 sic
2233 1719 2460 1781 alienus,
2486 1727 2544 1773 ut
2564 1733 2683 1773 cum
2702 1718 3033 1790 pr0pinquus
3053 1716 3170 1788 ejus
3187 1720 3313 1789 qui-

1668 1810 1708 1864 B
1736 1813 1878 1878 dam,
1898 1811 2303 1877 Valentinianus
2319 1811 2556 1877 nomine,
2579 1810 2763 1865 sedem
2783 1810 2835 1864 in
2850 1800 3045 1865 vicinia
3064 1827 3184 1867 cum
3203 1827 3317 1865 mu-

1732 1904 1949 1961 lieribus
1974 1903 2264 1975 posuisset,
2292 1904 2463 1959 locum
2485 1903 2599 1972 ipse
2625 1904 2934 1967 mutaverit,
2959 1902 3157 1969 scripta
3180 1901 3311 1969 sub-

1733 1998 1855 2052 inde
1883 1997 1947 2051 ad
1977 2009 2096 2050 eum
2120 1995 2344 2064 epistola
2367 2005 2693 2064 conquestus
2723 1995 2807 2050 his
2825 1995 3004 2050 verbis
3023 1995 3092 2065 (ι’)
3119 2013 3132 2049 :
3164 2013 3182 2046 ι
3209 1995 3314 2049 Per

1731 2101 1997 2141 summum
2024 2085 2204 2142 scelus
2230 2085 2542 2155 ejicitnur...
2572 2084 2736 2140 Multo
2765 2085 2955 2140 melius
2970 2096 3109 2153 erat,
3133 2087 3310 2140 tabula

1733 2179 1942 2248 publice
1968 2178 2265 2250 proposita,
2296 2166 2453 2235 nobis
2475 2180 2838 2234 secessionem
2863 2178 3127 2247 indicere,
3153 2194 3313 2248 quam

1734 2287 1829 2341 per
1852 2272 2127 2337 mulieres,
2153 2288 2287 2344 quas
2312 2288 2342 2327 e
2370 2273 2586 2340 regione
2611 2280 2793 2329 nostra
2824 2272 3171 2329 collocasti...
3198 2273 3312 2327 Nisi

1737 2365 1834 2418 hoc
1858 2363 2002 2418 dictu
2020 2364 2193 2418 audax
2218 2374 2321 2429 est,
2348 2378 2444 2418 nos
2468 2378 2683 2434 quoque
2712 2378 2809 2434 per
2844 2364 3007 2418 Evam
3033 2380 3067 2420 e
3098 2364 3316 2435 paradi-

1735 2471 1794 2509 so
1823 2457 2094 2526 expulisti.
2145 2475 2162 2508 ι
2206 2456 2295 2511 Sic
2333 2456 2435 2511 sibi
2467 2458 2586 2527 luga
2626 2458 2942 2529 consulebat
2996 2458 3312 2529 Gregorius.

1737 2565 1841 2607 non
1878 2559 2083 2604 tantum
2131 2560 2186 2604 ut
2214 2551 2282 2605 ab
2318 2550 2488 2606 oculis
2511 2562 2814 2605 removeret
2846 2532 3196 2617 scandalum;
3227 2564 3319 2604 ve-

1736 2656 1856 2694 rum
1896 2641 2059 2694 etiam
2096 2657 2162 2697 ne
2189 2642 2437 2696 stimulus
2476 2646 2677 2708 carnis,
2712 2643 2935 2712 angelus
2966 2642 3183 2699 Satanae
3224 2647 3316 2715 qui

1739 2732 1837 2801 ipsi
1869 2736 2024 2787 datus
2053 2733 2231 2790 fuerat
2262 2734 2327 2801 ⁷⁵,
2360 2736 2520 2791 letale
2572 2735 2762 2805 vulnus
2801 2734 3088 2805 inﬂigeret.
3126 2735 3316 2791 Mirum

1741 2841 1877 2895 sane
1908 2824 2057 2896 quod
2098 2828 2261 2881 homo
2310 2829 2647 2897 gravissimis
2688 2828 2944 2903 fatigatus
2977 2830 3240 2900 angustiis
3268 2841 3322 2883 et

1739 2919 2019 2986 aerumnis,
2051 2920 2206 2975 senio
2231 2919 2536 2987 confectus,
2566 2920 2755 2978 morbo
2796 2920 3070 2989 laborans,
3114 2922 3168 2977 in
3200 2937 3319 2979 ere-

1740 3027 1829 3066 mo
1862 3012 2186 3077 consistens,
2236 3028 2461 3069 carnem
2505 3014 2780 3069 continuis
2824 3015 3053 3070 domans
3101 3014 3322 3085 ieiuniis

1744 3122 1807 3159 ac
1839 3104 2057 3175 vigiliis,
2092 3121 2213 3160 cum
2249 3107 2439 3175 spiritu
2476 3106 2853 3163 fornicationis
2899 3123 3089 3163 manus
3126 3123 3320 3164 conse-

103 3168 501 3259 proba'tissimum
574 3168 870 3263 praeﬁceret
932 3192 1184 3249 Ecclesiae
1245 3193 1599 3250 Nazianzeua:
1622 3235 1637 3258 ,
1667 3168 1710 3226 (ἶ
1746 3210 1866 3249 rere
1894 3168 2057 3251 fuerit
2093 3168 2344 3277 coactus;
2379 3197 2479 3267 ip~i
2512 3207 2692 3253 tamen
2739 3198 2868 3268 ﬁdes
2903 3197 3171 3267 habenda,
3198 3214 3323 3257 cum

102 3284 199 3334 dum
220 3282 327 3352 ipse
353 3283 573 3337 interim
595 3298 865 3339 secessum
892 3283 943 3337 in
974 3285 1318 3339 solitudinem
1346 3285 1642 3361 meditaba-

103 3384 184 3426 tur.
214 3375 334 3429 Rem
381 3376 551 3445 paulo
593 3376 751 3431 aliter
789 3377 1078 3447 contigisse
1120 3376 1188 3430 ab
1222 3378 1338 3446 ipso
1382 3378 1644 3448 Gregorio

102 3464 340 3524 discimus.
392 3467 694 3523 Ecclesiam
744 3469 957 3539 quidem
1015 3470 1409 3526 Nazianzenam
1456 3486 1644 3542 regen-

102 3562 197 3615 dam
224 3571 557 3632 susceperat,
593 3563 829 3632 quandiu
861 3564 1000 3618 vires
1028 3562 1265 3625 ferrent;
1305 3572 1359 3618 et
1391 3578 1511 3633 eam
1541 3563 1643 3617 ali-

102 3654 298 3723 quandiu
337 3656 506 3711 rexit.
547 3654 679 3710 Cum
723 3665 903 3712 autem
945 3657 1098 3727 gravi
1133 3655 1320 3713 morbo
1349 3655 1640 3717 laboraret,

102 3744 211 3798 dalis
234 3744 423 3801 litteris
463 3747 536 3801 ad
565 3746 905 3801 Theodorum
944 3746 1279 3817 Tyanensem
1322 3747 1647 3823 significavit

103 3851 144 3887 se
167 3836 329 3892 morbo
355 3837 425 3892 ab
451 3837 713 3893 Ecclesiae
741 3838 1119 3909 gubernaculis
1144 3839 1434 3907 abductum
1456 3837 1643 3901 fuisse,

104 3928 274 3997 ipsique
301 3927 595 3985 Theodoro
622 3930 761 3984 hanc
796 3946 980 3984 curam
1015 3931 1328 3986 incumbere
1371 3947 1386 3984 :
1422 3934 1565 4002 quod
1601 3933 1646 3986 si

102 4036 183 4075 non
210 4023 479 4097 audiatur,
523 4025 676 4079 addit
710 4038 768 4079 se
802 4028 1053 4080 erunibus
1085 4026 1297 4097 publice
1327 4025 1648 4094 praedicatu-

103 4131 215 4180 rtun,
239 4119 538 4174 Ecclesiam
574 4119 713 4187 hanc
736 4129 951 4189 pastore
980 4119 1222 4188 indigere
1254 4118 1355 4189 (ιι).
1386 4136 1405 4169 ‹
1434 4117 1649 4181 Testili-

101 4222 175 4261 cor
191 4226 357 4266 coram
391 4211 508 4266 Deo
529 4220 584 4266 et
602 4212 788 4266 electis
810 4210 1036 4279 angelis,
1065 4210 1158 4266 Dei
1186 4224 1400 4282 gregem
1432 4210 1647 4280 indigna

102 4303 205 4367 pali,
232 4313 287 4357 ut
306 4304 398 4373 qui
420 4308 496 4358 ob
519 4303 789 4372 perditam
826 4303 1190 4359 valetudinem
1220 4317 1395 4357 meam
1426 4317 1525 4357 nec
1554 4317 1649 4374 pa-

100 4403 269 4460 Scatur,
308 4411 407 4469 nec
440 4394 761 4450 visitetur...
791 4395 923 4459 Cum
954 4406 1133 4451 autem
1166 4396 1336 4465 pietas
1372 4403 1458 4449 tua
1490 4409 1650 4462 supe-

1748 3286 1850 3341 hoc
1886 3287 2077 3341 iterum
2113 3298 2275 3357 atque
2320 3291 2513 3359 iterum
2556 3290 2746 3361 lugens
2778 3290 3115 3364 proﬁteatur.
3157 3311 3176 3349 ί
3218 3292 3326 3351 Fu-

1748 3377 1973 3432 ribundo
2027 3379 2220 3433 robore
2282 3383 2434 3435 saevit
2478 3396 2643 3449 caro,
2702 3380 2875 3453 inquit
2922 3383 3020 3451 (g),
3073 3399 3171 3439 nec
3226 3401 3324 3439 un-

1747 3486 1908 3540 quam
1952 3486 1981 3526 a
2035 3471 2177 3527 bello
2228 3472 2527 3543 quiescit...
2564 3473 2929 3549 Quamobrem
2971 3475 3025 3529 in
3071 3476 3219 3537 luctu
3270 3489 3327 3533 ct

1749 3563 2004 3633 squalore
2081 3579 2292 3628 versor,
2351 3564 2737 3634 caelestemque
2776 3565 2925 3622 illum
2969 3567 3188 3640 Regem,
3233 3570 3327 3639 qui

1747 3653 1927 3709 omnia
1960 3655 2195 3726 imperio
2234 3665 2398 3721 tenet,
2437 3656 2668 3725 supplex
2697 3656 2967 3729 obtestor,
3001 3667 3056 3711 ut
3083 3661 3327 3729 corporis

1747 3745 2047 3817 animmque
2071 3746 2496 3809 controversiam
2523 3746 2809 3817 disceptet,
2840 3745 3146 3816 bellumque
3175 3764 3326 3803 com-

1749 3838 1965 3904 primat.
1998 3856 2016 3887 ι
2056 3835 2188 3890 Dum
2228 3836 2348 3892 belli
2391 3835 2554 3907 hujus
2590 3839 2796 3890 exitum
2834 3850 3052 3905 semper
3090 3837 3328 3895 timeret.

1750 3943 1852 3981 non
1910 3927 2041 3983 solis
2086 3929 2376 4001 gemitibus
2413 3929 2616 3983 amoris
2658 3927 2955 3995 Christum,
3010 3937 3068 3982 ut
3115 3930 3332 3995 sedaret

1751 4028 2124 4091 tempestatem
2161 4022 2477 4090 hostemque
2504 4020 2817 4088 depelleret,
2843 4020 3107 4089 urgebat:
3142 4039 3161 4073 ι
3198 4022 3328 4077 Per-

1750 4111 2007 4181 niciosos,
2033 4110 2230 4181 inquit,
2263 4112 2460 4169 ﬂuctus
2478 4115 2865 4180 extimescens,
2891 4116 3065 4183 ventri
3093 4116 3327 4188 claustra

1752 4202 1991 4273 impono,
2024 4205 2267 4260 animum
2292 4219 2526 4261 maerore
2547 4207 2796 4275 conﬁcio,
2829 4208 3192 4279 lacryrnarum
3220 4211 3328 4266 vim

1750 4294 1990 4361 ell‘uudo,
2022 4302 2358 4368 sempiterno
2386 4298 2519 4369 Regi
2548 4299 2827 4357 debilitata
2859 4318 3033 4372 genua
3058 4301 3239 4371 .llecto,
3274 4313 3330 4371 et

1750 4389 2060 4444 sordidatus
2116 4390 2327 4445 incedo.
2367 4392 2624 4473 iondetn
2674 4391 2841 4459 animi
2891 4394 3087 4467 ardore
3136 4394 3329 4465 beatus

98 4482 213 4537 riore
233 4485 347 4543 loco
379 4488 490 4544 sita
514 4485 609 4549 sit,
638 4486 705 4540 ad
741 4496 792 4541 te
826 4486 1011 4541 oculos
1034 4486 1304 4553 conjectos
1332 4486 1527 4540 habere
1560 4500 1651 4539 ue-
1682 4511 1725 4566 ι)
1755 4497 1943 4546 senex,
1988 4482 2122 4553 nihil
2170 4484 2349 4545 sciens
2401 4484 2503 4541 nisi
2532 4483 2832 4547 Christum,
2862 4493 2917 4540 et
2948 4488 3089 4555 hunc
3110 4486 3330 4542 crucilio

99 4589 224 4633 cessa
254 4589 351 4635 est.
387 4579 694 4635 Ecclesiam
719 4586 888 4641 tuam,
921 4592 1027 4647 quo
1050 4588 1205 4647 pacto
1234 4576 1327 4643 tibi
1356 4576 1646 4644 videbitur,

98 4684 266 4727 cura...
299 4675 457 4741 Quod
481 4673 531 4728 si
566 4672 681 4727 hate
714 4671 904 4735 dicens
937 4685 1000 4725 ac
1023 4668 1266 4733 scribens
1300 4666 1521 4735 minime
1551 4682 1649 4725 auo

97 4761 253 4819 diar...
292 4765 646 4834 perspicuum
682 4764 900 4832 reddam
931 4762 1073 4831 quod
1112 4757 1349 4827 Ecclesia
1395 4760 1648 4831 episcOpo

97 4852 320 4925 indigeat.
349 4875 371 4910 ι
401 4855 566 4922 Quod
616 4853 926 4908 minabatur
982 4866 1042 4907 se
1087 4850 1353 4917 iacturum
1393 4848 1647 4919 praestitit

96 4943 378 5014 Gregorius,
392 4945 764 5016 gubernacula
794 4943 1049 4999 Ecclesiae
1065 4942 1419 5009 Nazianzente
1437 4942 1648 4997 abdica-

98 5037 172 5101 vit,
205 5052 296 5095 nec
325 5040 448 5109 cogi
478 5038 620 5093 ultra
661 5039 832 5108 potuit
877 5048 935 5090 ut
955 5050 1017 5091 ea
1050 5036 1365 5103 susciperet.
1409 5031 1648 5103 Nequid-

97 5143 229 5194 quam
271 5130 572 5202 Bostmrius
612 5130 970 5196 Coloniensis,
998 5129 1087 5183 cui
1120 5128 1354 5198 primum
1384 5132 1646 5189 cesserat,

101 5228 261 5275 Iterum
307 5223 561 5289 hortatus
599 5230 683 5275 est
727 5230 786 5274 ut
815 5228 1122 5275 remaneret
1152 5218 1437 5289 tantisper,
1478 5216 1650 5287 donec

96 5322 191 5375 ctus
212 5312 322 5369 loco
338 5316 658 5385 episcopum
687 5311 1135 5368 constituissent:
1158 5310 1427 5379 repulsam
1451 5323 1644 5379 passus

150 5447 193 5480 "
218 5447 252 5500 ll
280 5451 405 5506 Cor.
444 5467 549 5514 xtl,
582 5449 634 5503 7.
730 5451 775 5484 ⁷⁸
808 5448 976 5503 lGor.
1005 5464 1064 5509 tt,
1095 5446 1150 5499 ἓ.

155 5567 220 5639 (α)
262 5567 357 5635 Ep.
387 5568 461 5622 al.
492 5568 587 5621 to.

152 5639 219 5708 ib)
257 5642 407 5707 Apud
434 5639 573 5692 Boil.
608 5639 665 5693 Η
703 5638 845 5705 Maii,
875 5655 928 5709 ρ.
958 5638 1081 5690 421.

156 5716 217 5776 ιε)
259 5711 387 5762 Ibid.
417 5728 471 5778 p.
512 5711 639 5765 4'32.

155 5779 226 5847 (ά)
267 5779 436 5849 Epist.
472 5784 549 5833 al.
572 5783 659 5837 ss.

384 5879 664 5934 l’n‘noc.
714 5876 829 5935 Gtt.
884 5872 1059 5933 ΧΧΧ
1075 5872 1141 5932 ν.

1756 4590 1883 4635 xum
1910 4574 1978 4641 ⁷⁸,
2024 4590 2222 4629 novum
2258 4576 2358 4637 sibi
2403 4576 2833 4642 mortiﬁcationis
2889 4593 3060 4648 genus
3103 4579 3325 4634 invenit.

1754 4663 1940 4721 Etate
1993 4666 2176 4737 gravis
2228 4666 2543 4736 tractusque
2586 4670 2795 4733 morbo,
2831 4670 3034 4739 aliquid
3087 4670 3154 4727 de
3209 4670 3329 4729 vitae

1756 4757 2077 4823 auSteritate
2108 4759 2393 4821 remiserat
2422 4759 2547 4819 licet
2570 4759 2769 4821 invitus
2803 4776 2815 4812 :
2856 4771 2913 4814 ut
2934 4770 3114 4829 autem
3140 4766 3331 4831 mysti-

1755 4865 1876 4905 cum
1908 4865 2122 4921 semper
2160 4866 2283 4905 cum
2316 4850 2532 4915 Christo
2560 4850 2888 4923 sacriﬁcium
2914 4861 3105 4923 ageret,
3125 4860 3179 4908 et
3205 4852 3329 4907 huic

1755 4942 1951 4995 mundo
1977 4939 2178 5011 jugiter
2203 4952 2542 5007 moreretur;
2576 4952 2635 4997 ut
2658 4943 2771 5009 oris
2801 4943 2995 4998 delicta
3029 4958 3328 5014 senumque

1752 5031 2020 5113 peculiare
2061 5033 2270 5095 vitium,
2329 5038 2418 5102 qui
2464 5035 2787 5104 quandoque
2844 5033 3066 5111 nimium
3099 5034 3332 5111 loquun-

1756 5133 1860 5183 tur,
1891 5132 2164 5190 purgaret,
2198 5125 2515 5185 coutinuum
2543 5124 2816 5189 silentium
2858 5133 2969 5180 loto
3012 5124 3330 5203 Quadrgogen

1754 5214 1903 5267 simae
1943 5224 2183 5282 tempore
2211 5215 2313 5283 sibi
2355 5215 2658 5285 imperavit.
2693 5234 2711 5267 ι
2749 5216 2841 5292 $ic
2871 5231 2989 5286 ego.
3020 5216 3191 5288 inquit
3226 5222 3326 5293 (Ii),

1750 5306 2044 5377 praecipitis
2089 5308 2358 5377 sermonis
2401 5311 2659 5383 impetum
2700 5310 3039 5383 conspiciens
3063 5311 3328 5373 ext-edcta

1832 5564 1905 5635 (ε)
1948 5565 2041 5634 Ep.
2071 5566 2139 5629 al.
2168 5565 2255 5620 ﬁ.

1829 5635 1895 5702 (f)
1938 5636 2032 5702 lip.
2070 5636 2139 5688 al.
2180 5635 2307 5689 196.

1827 5709 1903 5772 (ῃ)
1944 5707 2123 5759 Carm.
2168 5707 2240 5758 De
2264 5707 2649 5761 calamitatibus
2678 5709 2807 5764 suis.

1828 5783 1906 5845 tu)
1935 5778 2108 5830 (artu.
