3824 6394
495 354 561 407 35
1760 348 1922 405 VITA
1963 348 2020 404 S.
2062 345 2407 406 GREGORII.
3599 358 3688 414 επ

458 470 672 524 modum
715 477 766 522 et
812 466 1118 537 regulam...
1158 462 1335 519 inveni
1383 465 1646 535 optimum
1691 468 2024 534 remedium;
2056 476 2101 530 Α
2131 469 2286 523 [idem
2316 468 2576 535 adversus
2603 467 2884 523 haereticos
2906 467 3255 525 autdefendit
3279 470 3414 541 ipse,
3438 481 3529 528 aut
3554 476 3685 545 alios,

457 562 664 616 scilicet
689 560 1053 630 comprimens
1082 565 1251 611 totum
1276 571 1581 611 sermonem
1610 559 1825 613 excelso
1856 569 2032 629 pecto-

459 669 538 720 re,
563 665 619 707 ut
649 654 819 707 discat
848 651 1029 721 lingua
1056 664 1176 719 quae
1200 649 1424 704 dicenda
1450 659 1503 704 et
1527 665 1646 719 quae
1668 667 1772 706 non
1803 653 2026 707 dicenda

455 748 565 804 sint
594 747 919 801 discernere.
954 762 973 795 ο

458 835 687 891 CLXXI.
748 832 997 888 Nectario
1062 832 1241 887 scribit
1288 832 1534 887 adversus
1594 833 2029 901 Apollinarium.

530 926 640 979 Iloc
683 924 939 993 temporis
988 932 1184 987 tractu,
1232 924 1469 978 haeretici
1517 936 1679 994 caput
1722 926 2033 982 extulerunt

459 1014 512 1068 in
542 1013 673 1068 urbe
708 1013 874 1081 regia,
911 1011 1047 1065 adeo
1083 1021 1141 1065 ut
1171 1010 1341 1065 libere
1368 1022 1667 1069 conventus
1692 1023 1935 1082 agerent,
1977 1025 2033 1068 et

457 1108 707 1175 dogmata
736 1120 831 1159 sua
864 1104 1241 1175 praedicarent.
1284 1103 1387 1158 Alii
1424 1103 1640 1173 quidem
1670 1103 1783 1157 sola
1815 1105 2030 1173 episco.

458 1212 645 1265 porum
707 1204 798 1249 aut
854 1194 1231 1265 praefectorum
1296 1195 1579 1249 tolerantia
1644 1195 1695 1248 id
1762 1196 2027 1264 agebant;

457 1288 850 1358 Apollinarista:
885 1302 1033 1353 vero,
1071 1289 1231 1343 tacita
1267 1287 1352 1342 vel
1396 1302 1651 1357 expressa
1678 1288 1914 1356 licentia,
1948 1303 2032 1342 se-

459 1381 602 1447 ipsos
633 1380 950 1435 orthodoxis
995 1382 1351 1449 aequiparare,
1406 1388 1460 1434 et
1507 1382 1693 1435 eadem
1739 1396 1860 1434 cum
1902 1381 2033 1450 ipsis

458 1470 709 1526 libertate
742 1471 843 1525 frui
872 1471 1205 1526 sinebantur.
1239 1472 1444 1537 Quibus
1490 1472 1689 1527 auditis
1716 1470 2030 1543 Gregorius,

456 1564 724 1627 Nectario,
754 1578 912 1633 quem
941 1566 1001 1619 in
1032 1580 1089 1620 se
1118 1565 1435 1619 benevolum
1465 1562 1575 1631 jam
1614 1574 1868 1635 expertus
1895 1574 2030 1631 erat,

457 1656 738 1726 epistolam
765 1656 1000 1725 scripsit,
1034 1672 1153 1726 quae
1180 1656 1323 1710 inter
1346 1655 1621 1710 orationes
1651 1671 1878 1710 numero
1909 1671 2028 1709 XLVI

458 1749 871 1810 censebatur,et
906 1750 969 1802 de
998 1763 1255 1804 concessa
1279 1747 1675 1817 Apollinaristis
1702 1747 1917 1802 licentia
1946 1762 2029 1801 ve-

2137 570 2194 615 ut
2226 558 2536 624 defendant,
2576 560 2842 614 hortatur.
2875 558 3005 626 Quae
3040 560 3255 629 quidem
3289 576 3479 617 omnes
3507 566 3690 635 episto-

2134 652 2197 706 la:
2225 661 2543 722 argumento
2572 660 2719 718 sunt,
2773 662 3035 722 quantum
3086 652 3137 704 in
3186 666 3252 706 eo
3292 653 3414 706 lidei
3472 656 3688 711 studium

2134 742 2317 808 fuerit,
2347 750 2545 811 quanta
2574 742 2880 797 sollicitudo
2911 742 3055 796 circa
3091 756 3181 796 res
3226 741 3503 810 Ecclesiae,
3541 762 3692 816 quan-

2134 845 2221 890 tus
2254 849 2405 889 amor
2434 833 2693 903 proximi,
2723 844 2981 903 quantum
3013 834 3157 903 pacis
3192 835 3449 901 studium,
3476 846 3585 891 etc.

2204 926 2447 996 Longum
2474 933 2616 979 esset
2645 924 2759 978 hanc
2789 940 2882 994 per
2905 924 3111 993 singula
3160 940 3456 991 enarrare;
3503 927 3595 979 sed
3633 929 3694 979 si-

2134 1016 2297 1072 lentio
2348 1015 2758 1085 praetermittere
2806 1015 2956 1069 nefas
3015 1015 3155 1083 quod
3212 1027 3431 1069 sanctus
3472 1018 3690 1083 pontifex

2131 1109 2261 1179 egit,
2292 1107 2449 1164 saluti
2474 1107 2773 1160 animarum
2797 1121 3013 1176 semper
3039 1107 3297 1170 intentus,
3324 1119 3379 1159 ut
3402 1105 3692 1163 Nemesium

2132 1204 2198 1257 ad
2228 1200 2502 1256 Christum
2533 1198 2789 1254 alliceret.
2814 1196 2913 1251 Vir
2943 1208 3057 1253 erat
3086 1198 3230 1252 omni
3259 1197 3465 1251 liberali
3492 1200 3690 1253 doctri-

2133 1310 2199 1349 na
2233 1292 2605 1362 politissimus,
2636 1306 2860 1345 summae
2898 1290 3243 1359 eloquentiae,
3276 1300 3329 1345 et
3372 1290 3426 1345 in
3477 1291 3594 1344 foro
3629 1307 3697 1345 re-

2133 1384 2402 1439 leberrimi
2446 1384 2697 1437 nominis.
2739 1382 2857 1437 Mox
2916 1382 3140 1438 illustris
3193 1383 3387 1447 factus,
3431 1384 3697 1453 Cappado-

2132 1478 2229 1532 ciae
2259 1477 2635 1546 praefecturam
2666 1476 2897 1545 primum
2921 1475 3174 1542 obtinuit,
3198 1485 3253 1529 et
3288 1476 3495 1545 integra
3526 1488 3694 1529 mente

2134 1582 2431 1638 magnaque
2471 1567 2770 1620 reverentia
2832 1581 2916 1619 res
2949 1566 3237 1634 provincia:
3273 1566 3696 1629 administravit;

2132 1661 2226 1714 sed
2252 1659 2617 1728 quaintumvis
2647 1670 2700 1712 et
2736 1659 2979 1713 eruditus
3006 1670 3059 1712 et
3085 1659 3346 1727 prudens,
3387 1660 3568 1713 adhuc
3594 1659 3696 1711 ido-

2133 1751 2303 1806 lorum
2336 1750 2502 1805 cultui
2543 1750 2787 1803 addictus
2836 1761 2974 1803 erat.
3022 1748 3249 1815 Interea,
3294 1752 3376 1803 vir
3404 1750 3696 1804 litterarum

458 1839 864 1895 hementissime
901 1851 1224 1910 conquestus
1262 1849 1345 1894 est
1389 1856 1404 1892 :
1447 1856 1466 1889 ι
1508 1837 1659 1903 Quod
1705 1847 1909 1901 autem,
1946 1837 2029 1890 in-
2064 1835 2106 1889 Β
2134 1854 2343 1905 amans,
2378 1841 2651 1894 doctorem
2690 1840 2979 1892 maximum
3016 1839 3273 1909 singulari
3323 1840 3531 1893 honore
3582 1856 3698 1908 pro-

457 1934 601 2003 quit,
632 1949 698 1988 ex
732 1932 981 1987 omnibus
1023 1930 1405 1986 ecclesiasticis
1452 1928 1849 1983 calamitatibus
1880 1942 2031 1981 acer-

457 2025 763 2089 bissimum,
795 2023 1294 2093 Apollinaristarum
1318 2021 1532 2075 licentia
1564 2027 1666 2083 est,
1708 2019 1850 2088 quod
1887 2019 2027 2073 haud

456 2117 574 2171 scio
604 2117 871 2184 quomodo
905 2114 1073 2184 pietas
1108 2122 1196 2168 tua
1242 2120 1601 2168 conventuum
1642 2125 1795 2179 aeque
1831 2126 1894 2164 ac
1933 2125 2030 2164 nos

458 2206 823 2261 habendorum
851 2205 1224 2258 auctoritatem
1253 2204 1354 2257 sibi
1380 2215 1667 2271 arrogasse
1692 2210 1854 2269 atque
1874 2214 2030 2252 usur-

457 2313 614 2370 passe
645 2313 801 2369 passa
836 2298 1015 2350 fuerit.
1052 2314 1071 2348 ι
1102 2295 1392 2350 Haeretieos
1424 2294 1565 2360 illos,
1600 2306 1838 2346 errorem
1873 2304 2027 2345 suum

456 2391 795 2453 occultando,
828 2388 1077 2444 Nectario
1109 2388 1284 2441 fucum
1311 2387 1503 2441 fecisse
1533 2385 1849 2453 conjicimus
1876 2399 1939 2437 ex
1965 2397 2029 2436 eo

456 2483 598 2551 quod
632 2481 921 2548 Gregorius
969 2479 1172 2535 claram
1217 2480 1525 2547 dogmatnm
1562 2478 1773 2530 illorum
1812 2475 2027 2543 exposi-

460 2580 659 2632 tionem
712 2574 953 2645 epistolae
991 2589 1102 2628 sua:
1150 2571 1491 2626 inserendam
1551 2567 1874 2633 crediderit;
1941 2564 2026 2619 cui

458 2669 780 2739 expositioni
824 2668 926 2721 ista
962 2666 1234 2734 subjunxit
1265 2678 1278 2716 :
1312 2681 1331 2714 ι
1374 2663 1428 2716 Si
1458 2662 1585 2725 illis,
1631 2670 1689 2714 ut
1711 2673 1764 2715 et
1794 2662 1879 2727 pie
1912 2673 2029 2712 sen-

461 2762 715 2816 tientibus
736 2759 1035 2830 (nimirum,
1062 2766 1245 2826 utpote
1278 2756 1365 2824 qui
1400 2752 1485 2822 pie
1510 2752 1788 2822 sentiant),
1822 2766 1882 2804 ea
1910 2765 2027 2818 quae

459 2852 700 2907 sentiunt
740 2851 935 2903 docere
975 2846 1247 2912 libereque
1285 2842 1627 2913 promulgare
1673 2840 2023 2911 permittitur,

456 2943 582 3014 quis
606 2956 710 2997 non
738 2940 881 2995 videt
905 2937 1159 2993 Ecclesiae
1188 2936 1487 2991 doctrinam
1517 2934 1883 2995 condemnari,
1914 2946 2029 3000 per-

459 3037 586 3091 inde
618 3049 681 3088 ac
706 3032 931 3086 veritate
964 3030 1033 3085 ab
1063 3029 1270 3084 illorum
1317 3026 1559 3097 partibus
1592 3024 1799 3079 stante?
1842 3022 2027 3093 Neque

460 3129 603 3185 enim
638 3140 818 3180 rerum
852 3132 1048 3177 natura
1087 3120 1189 3174 fert
1240 3118 1376 3173 duas
1405 3118 1473 3173 de
1501 3118 1688 3172 eadem
1719 3131 1778 3171 re
1807 3126 2025 3170 contra-

458 3221 572 3275 rias
604 3216 877 3273 doctrinas
899 3228 1054 3269 veras
1077 3228 1216 3269 esse.
1257 3231 1276 3264 ι
1302 3209 1419 3265 Νοη
1455 3226 1520 3265 ex
1550 3224 1616 3265 eo
1650 3216 1858 3264 tantum
1887 3206 2025 3277 quod
2053 3195 2099 3257 C

459 3313 776 3374 tolerentur,
802 3312 895 3363 sed
928 3323 993 3363 ex
1025 3321 1091 3362 eo
1110 3307 1251 3375 quod
1285 3305 1371 3373 pie
1393 3302 1693 3357 sentientes
1716 3299 2026 3370 judicentur

458 3405 879 3477 Apollinarlstae,
905 3399 1175 3457 concludit
1206 3396 1498 3467 Gregorius
1542 3392 1795 3449 Ecclesiae
1827 3392 2027 3446 doctri-

459 3516 587 3555 nam
638 3492 1007 3553 condemnari.
1063 3491 1175 3557 Qua
1208 3488 1424 3559 quidem
1487 3485 1863 3541 observatione
1908 3482 2025 3537 falsi

458 3590 815 3652 convincitur,
850 3587 993 3655 quod
1027 3582 1380 3636 Barbeiracus
1410 3580 1462 3633 in
1504 3580 1606 3633 hoc
1640 3576 1812 3631 sancti
1845 3575 2029 3630 docto-

458 3685 535 3740 ris
560 3680 899 3737 ratiocinium
926 3674 1167 3745 protulit.

529 3775 679 3829 Alias
727 3771 792 3823 ad
831 3766 1137 3822 Nectarium
1171 3763 1375 3817 litteras
1419 3759 1564 3815 dedit
1599 3758 1888 3830 Gregorius
1932 3772 2029 3826 pro

459 3865 718 3936 Bosporio
748 3862 998 3929 episcopo
1021 3854 1349 3918 Coloniensi,
1374 3854 1439 3905 de
1470 3851 1744 3905 erroribus
1782 3850 1926 3904 circa
1968 3849 2030 3901 ll-

460 3962 605 4025 dem,
628 3972 691 4010 ac
710 3955 774 4007 de
800 3950 1040 4006 infractis
1060 3950 1356 4003 canonibus
1375 3944 1698 3999 insimulato.
1725 3940 2027 3998 Verendum

460 4060 600 4114 erat,
630 4063 693 4102 ne
724 4042 1025 4114 huiusmodi
1052 4055 1211 4094 causa
1235 4040 1287 4093 in
1322 4036 1532 4106 publico
1560 4033 1809 4103 praetorio
1840 4047 2027 4103 agere-

461 4146 588 4199 tnr;
616 4135 754 4203 quod
778 4148 844 4186 ne
870 4131 1037 4193 fieret,
1065 4128 1259 4182 obnixe
1294 4125 1501 4194 rogavit
1530 4123 1822 4193 Gregorius
1859 4140 1873 4176 :
1915 4141 1933 4173 ι
1962 4119 2029 4175 ll-

461 4229 551 4282 lnd
585 4236 785 4287 autem,
824 4221 997 4290 inquit
1022 4220 1123 4291 (α),
1165 4217 1386 4272 minime
1423 4214 1703 4270 ferendum
1738 4225 1841 4269 tuae
1877 4229 2030 4269 reve-

462 4320 649 4377 rentiae
710 4318 978 4377 videatur,
1038 4311 1178 4381 quod
1227 4318 1409 4363 nostra
1476 4307 1701 4377 publicis
1763 4306 2029 4377 praetoriis

466 4414 841 4468 traducantur.
871 4404 1003 4459 Nam
1035 4400 1247 4456 tametsi
1284 4409 1406 4453 sunt
1443 4397 1761 4461 Christiani,
1801 4407 1858 4449 ut
1882 4406 2030 4451 certe

2130 1930 2281 1998 sequi
2334 1944 2438 1983 non
2483 1929 2712 1992 destitit,
2760 1927 2968 1997 ipsique
3000 1928 3302 1982 necessaria
3346 1928 3592 1981 levandae
3621 1944 3699 1982 se-

2133 2022 2333 2077 nectuti
2383 2033 2438 2076 et
2492 2022 2790 2075 infirmitati
2835 2020 3087 2089 iuvandae
3138 2021 3372 2076 subsidia
3444 2037 3699 2091 generose

2131 2116 2512 2185 suppeditavit.
2543 2113 2857 2185 Gregorius,
2890 2125 2947 2167 ut
2979 2116 3287 2183 episcopum
3326 2116 3574 2179 decebat,
3606 2133 3698 2169 non

2132 2208 2314 2261 Iaudes
2348 2206 2745 2275 amplificando,
2796 2204 2889 2261 sed
2926 2205 3127 2259 monita
3172 2206 3358 2259 salutis
3402 2207 3699 2265 tribuendo,

2131 2299 2511 2353 beneficiorum
2558 2312 2848 2351 memorem
2896 2314 2955 2353 se
2990 2298 3147 2368 digne
3182 2298 3576 2366 comprobavit.
3631 2296 3699 2350 In-

2130 2391 2287 2458 genio
2314 2389 2546 2445 hominis
2591 2391 2874 2458 exquisitae
2908 2389 3222 2444 litteratura:
3263 2392 3570 2459 obsequens
3614 2390 3702 2459 ipsi

2128 2482 2399 2552 egregium
2430 2495 2616 2549 poema
2642 2480 2925 2547 dedicavit,
2950 2496 3058 2549 quo
3082 2481 3131 2536 ei
3160 2480 3579 2535 simulacrorum
3621 2496 3704 2532 va-

2130 2575 2354 2627 nitatem
2412 2582 2469 2625 et
2531 2572 2868 2625 mendacium
2918 2571 3291 2642 exprobraret,
3341 2582 3398 2626 et
3447 2573 3516 2626 ad
3552 2572 3705 2625 unius

2129 2660 2223 2715 Dei
2257 2660 2457 2714 cultum
2486 2660 2766 2726 praesident
2800 2669 2876 2713 tot
2912 2661 3185 2730 praeclaris
3219 2661 3435 2715 dotibus
3457 2672 3703 2715 ornatum

2132 2754 2452 2808 traduceret.
2485 2751 2762 2806 Nemesius
2803 2754 2932 2806 tanti
2978 2754 3219 2824 magistri
3256 2764 3526 2825 praecepta
3556 2771 3707 2825 aquo

2129 2845 2310 2900 animo
2367 2845 2598 2914 excepit,
2656 2844 2722 2898 ad
2768 2854 3011 2899 sanctum
3050 2846 3323 2899 doctorem
3364 2862 3423 2900 se
3454 2848 3705 2912 contulit,

2126 2953 2247 2992 cum
2300 2951 2365 2991 eo
2404 2934 2469 2990 de
2506 2935 2760 3006 religione
2792 2936 3077 3001 disseruit;
3126 2938 3365 3006 Satisque
3414 2938 3708 2993 verisimile

2126 3040 2233 3096 est,
2269 3030 2536 3099 pontificis
2566 3027 2904 3083 sermonibus
2928 3028 3175 3082 edoctum
3203 3038 3255 3083 et
3287 3030 3582 3086 sanctitate
3604 3048 3710 3100 per-

2128 3122 2361 3187 culsum,
2391 3120 2529 3175 idola
2558 3120 2821 3190 ejurasse,
2856 3121 3138 3191 ipsumque
3160 3121 3541 3192 philosophum
3568 3126 3708 3178 hunc

2130 3228 2250 3269 esse
2298 3212 2684 3277 Christianum,
2732 3212 2963 3268 Nemesii
3014 3216 3249 3282 nomine,
3288 3216 3376 3284 qui
3416 3215 3495 3269 De
3526 3217 3707 3269 anima

2128 3319 2263 3375 opus
2293 3304 2478 3367 edidit,
2502 3302 2642 3373 quod
2670 3302 2812 3357 inter
2847 3317 3011 3371 opera
3040 3303 3287 3372 Gregorii
3315 3302 3543 3374 Nysseni
3591 3306 3709 3358 vul-

2128 3407 2310 3464 gatum
2332 3404 2435 3449 est.

2198 3486 2417 3543 Talibus
2452 3488 2682 3557 negotiis
2707 3487 2760 3541 in
2788 3486 3079 3543 solitudine
3115 3488 3377 3544 distentus
3410 3499 3529 3545 erat
3577 3489 3711 3545 Gre-

2129 3580 2311 3649 gorius
2359 3589 2414 3635 et
2457 3580 2751 3635 condendis
2804 3580 3177 3645 carminibus,
3237 3596 3355 3651 quae
3418 3581 3555 3635 nihil
3609 3582 3709 3635 nisi

2129 3672 2405 3726 Christum
2428 3672 2791 3742 pietatemque
2813 3672 3043 3740 spirant,
3067 3673 3440 3741 tutissimaque
3455 3677 3710 3744 dogmata

2129 3775 2184 3819 et
2206 3779 2415 3818 morum
2442 3774 2708 3834 praecepta
2735 3764 3184 3832 complectuntur.
3210 3763 3303 3819 Pia
3333 3766 3532 3834 ubique
3557 3780 3715 3834 argu-

2131 3867 2333 3921 menta,
2386 3858 2471 3911 vel
2508 3858 2700 3911 anima:
2733 3868 2787 3910 et
2816 3858 3060 3927 corporis
3090 3858 3364 3928 purgatio,
3407 3858 3491 3912 vel
3553 3860 3713 3913 theo-

2130 3949 2291 4019 logia,
2321 3949 2404 4002 vel
2432 3950 2770 4018 precationes
2816 3951 2881 4004 ad
2928 3949 3320 4020 implorandam
3363 3966 3520 4017 opem
3573 3950 3712 4005 divi-

2132 4057 2255 4096 nam
2318 4041 2576 4096 adversus
2629 4057 2849 4096 carnem
2900 4053 2955 4098 et
3011 4042 3207 4096 malum
3270 4043 3577 4097 daemonem
3650 4042 3714 4096 ad

2130 4133 2311 4186 scelus
2340 4132 2723 4187 sollicitantem
2750 4151 2767 4199 ;
2793 4132 2876 4187 vel
2908 4132 3144 4202 gemitus
3178 4134 3277 4185 viri
3310 4132 3405 4203 pii,
3438 4149 3718 4187 aerumnas

2130 4238 2258 4277 suas
2288 4223 2518 4294 lugentis
2563 4223 2949 4292 Christumque
3002 4224 3230 4287 orantis,
3283 4232 3339 4276 ut
3386 4225 3511 4277 vitae
3548 4223 3715 4276 [intem

2131 4311 2336 4369 aderat.
2388 4313 2622 4368 Cantare
2661 4330 2764 4367 non
2821 4315 3057 4369 cessavit
3117 4325 3269 4370 vates
3317 4314 3607 4383 piissimus
3652 4314 3718 4367 ad

2130 4417 2430 4459 matremnm
2478 4420 2647 4475 usque
2698 4406 2821 4459 vitae
2885 4405 3161 4475 spiritum,
3223 4407 3396 4461 morbi
3456 4422 3719 4475 quaerens

462 4504 556 4559 Dei
586 4499 916 4568 benignitate
943 4503 1088 4559 sunt,
1120 4490 1387 4562 ejusmodi
1424 4486 2025 4555 negotiorumjudiees:
2062 4538 2108 4597 υ
2135 4496 2362 4562 solatia;
2427 4512 2534 4565 quo
2585 4498 2803 4567 quidem
2862 4498 2912 4552 ει,
2967 4500 3084 4554 dies
3152 4499 3568 4568 ingravescente
3593 4538 3613 4564 θ
3667 4509 3723 4553 ει

460 4595 589 4666 quid
622 4603 904 4647 commune
952 4585 1127 4658 gladio
1175 4593 1230 4639 et
1278 4581 1526 4651 spiritui?
1572 4580 1725 4646 Quod
1779 4580 1824 4633 si
1867 4581 2029 4634 etiam

459 4683 908 4745 concesserimus,
940 4676 1208 4748 quomodo
1234 4684 1327 4729 aut
1348 4674 1563 4729 ubinam
1589 4672 1816 4742 justum,
1846 4672 2032 4741 dispu-

460 4782 717 4834 tationem
750 4778 815 4830 de
846 4773 950 4828 fide
969 4786 1089 4826 cum
1121 4769 1240 4823 aliis
1262 4765 1642 4822 controversiis
1668 4763 1976 4834 implicari?
2005 4782 2025 4817 ι

456 4892 715 4950 CLXXII.
767 4888 1064 4944 Scribendis
1114 4884 1343 4953 epistolis
1388 4892 1435 4935 et
1466 4880 1751 4935 condendis
1797 4878 2028 4933 uersibus

1091 4963 1395 5022 occupatur.

458 5061 472 5076 ‘
514 5058 625 5111 Sic
657 5053 971 5123 Gregorius,
1015 5057 1134 5117 post
1171 5046 1472 5100 abdicatam
1506 5040 1764 5097 Ecclesiae
1801 5040 2033 5095 Nazian-

462 5169 608 5211 zena:
631 5164 838 5214 curam,
886 5144 960 5200 nil
995 5143 1177 5197 minus
1210 5140 1419 5195 decoris
1447 5139 1639 5193 domus
1673 5138 1762 5191 Dei
1800 5136 2034 5204 ﬂagrans

460 5246 749 5311 desiderio,
781 5238 1061 5297 catholicis
1098 5232 1418 5289 utilitatibus
1468 5242 1607 5285 totus
1646 5230 2031 5293 incumbebat;

459 5356 560 5396 nec
601 5338 833 5391 inertem
887 5333 940 5386 in
985 5325 1275 5384 solitudine
1322 5325 1487 5377 vitam
1533 5322 1675 5377 illius
1710 5321 1875 5375 fuisse
1900 5320 2034 5375 satis

458 5438 729 5487 testantur
765 5434 846 5481 tot
874 5420 1141 5484 carmina,
1175 5428 1403 5487 quorum
1434 5428 1562 5485 pars
1590 5413 1824 5467 maxima
1857 5414 1924 5467 ab
1968 5426 2033 5466 eo

460 5536 589 5578 tunc
618 5521 828 5576 condita
865 5525 1024 5581 sunt;
1065 5520 1145 5568 tot
1176 5507 1437 5581 epistolae,
1483 5505 1678 5577 quibus
1714 5504 2033 5559 innocentiae

462 5617 719 5671 adversus
749 5620 1099 5680 oppressores
1140 5600 1501 5673 patrocinium
1536 5596 1800 5667 suscipit;
1834 5596 2031 5666 quibus

531 5810 607 5865 la)
650 5806 746 5865 Εο.
781 5804 854 5861 al.
882 5802 1004 5857 227.

2138 4590 2603 4658 appropinquante
2658 4602 2870 4656 morte,
2914 4589 3101 4645 ludere
3151 4590 3417 4653 versibus,
3476 4600 3533 4644 et
3593 4605 3720 4645 ear-

2138 4680 2281 4734 tnina
2314 4693 2434 4748 quae
2467 4693 2670 4750 cycnea
2699 4688 2915 4744 vocant,
2947 4693 3268 4748 componere
3294 4680 3576 4747 pergebat.

2486 4769 2759 4825 CLXXIII.
2796 4769 3022 4824 Moritur
3049 4768 3355 4839 Gregorius.

2207 4862 2462 4930 Quamvis
2486 4874 2664 4918 autem
2703 4878 2948 4933 asperam
2981 4878 3220 4932 semper,
3251 4863 3509 4931 victuque
3534 4863 3722 4917 borri-

2136 4955 2258 5009 dam
2306 4955 2549 5009 duxisset
2599 4954 2789 5017 vitam,
2842 4955 3068 5008 saeviens
3121 4953 3174 5007 in
3226 4968 3442 5021 corpus,
3491 4969 3723 5008 carnem

2136 5046 2380 5117 vigiliis,
2448 5044 2673 5115 jejuniis
2740 5046 2971 5115 aliisque
3034 5046 3367 5115 paenitentiae
3438 5045 3726 5099 laboribus

2139 5139 2423 5202 aliiictans,
2472 5146 2727 5191 extremm
2759 5139 2882 5191 vitae
2922 5148 3196 5192 certamen
3248 5138 3539 5191 imminere
3590 5152 3724 5189 scn-

2139 5232 2311 5292 tiens,
2386 5227 2608 5297 jamjam
2675 5236 2976 5283 «tartarum
3034 5229 3265 5296 caligine
3337 5231 3720 5283 horrendum»

2140 5320 2325 5374 videre
2353 5321 2453 5374 sibi
2487 5321 2791 5381 videbatur.
2833 5332 2886 5375 et
2934 5340 2954 5371 ι
2984 5322 3121 5390 ignis
3162 5322 3458 5384 lIatnmam,
3511 5322 3726 5375 altissi-

2141 5426 2392 5482 mamque
2418 5421 2654 5468 noctem.
2690 5430 2710 5463 ι
2765 5413 2901 5467 Tum
2939 5412 3161 5482 supplex
3202 5413 3269 5466 ad
3299 5412 3478 5466 sidera
3509 5412 3728 5482 palmas

2141 5505 2420 5571 tendebat,
2457 5503 2754 5560 inclamans
2787 5505 3069 5560 beatorum
3098 5505 3281 5559 choris
3320 5512 3379 5557 ut
3422 5519 3583 5573 opem
3618 5504 3727 5557 sibi

2140 5595 2364 5664 ferrent,
2394 5606 2609 5670 totoque
2634 5599 2794 5655 corde
2836 5598 2902 5656 ad
2934 5598 3098 5655 Deum
3134 5600 3405 5669 aspirans,
3436 5597 3729 5653 Christum
