  <div class='ocr_page' id='page_1' title='image "/cluster/home/n/w/nwhite01/storage/ocr_20150623/35/hvd.32044024473308/124.png"; bbox 0 0 3812 6522; ppageno 0'>
   <div class='ocr_carea' id='block_1_1' title="bbox 84 462 1966 541">
    <p class='ocr_par' dir='ltr' id='par_1_1' title="bbox 84 462 1966 541">
     <span class='ocr_line' id='line_1_1' title="bbox 84 462 1966 541; baseline 0.001 -17"><span class='ocrx_word' id='word_1_1' title='bbox 84 489 156 541; x_wconf 68' lang='grc' dir='ltr'>εῃ</span> <span class='ocrx_word' id='word_1_2' title='bbox 1306 469 1467 527; x_wconf 74' lang='lat' dir='ltr'><strong>vm</strong></span> <span class='ocrx_word' id='word_1_3' title='bbox 1511 470 1565 525; x_wconf 89' lang='lat' dir='ltr'><strong>s.</strong></span> <span class='ocrx_word' id='word_1_4' title='bbox 1612 462 1966 525; x_wconf 74' lang='lat' dir='ltr'><strong>cnsconu.</strong></span> 
     </span>
    </p>
   </div>
   <div class='ocr_carea' id='block_1_2' title="bbox 3142 455 3248 514">
    <p class='ocr_par' dir='ltr' id='par_1_2' title="bbox 3142 455 3248 514">
     <span class='ocr_line' id='line_1_2' title="bbox 3142 455 3248 514; baseline 0 -1"><span class='ocrx_word' id='word_1_5' title='bbox 3142 455 3248 514; x_wconf 62' lang='grc' dir='ltr'><strong>εδδ</strong></span> 
     </span>
    </p>
   </div>
   <div class='ocr_carea' id='block_1_3' title="bbox 83 574 3249 667">
    <p class='ocr_par' dir='ltr' id='par_1_3' title="bbox 83 574 3249 667">
     <span class='ocr_line' id='line_1_3' title="bbox 83 574 3249 667; baseline -0.008 -14"><span class='ocrx_word' id='word_1_6' title='bbox 83 605 195 659; x_wconf 72' lang='lat' dir='ltr'><strong>enixo</strong></span> <span class='ocrx_word' id='word_1_7' title='bbox 221 598 428 667; x_wconf 90' lang='lat' dir='ltr'><strong>rogabat</strong></span> <span class='ocrx_word' id='word_1_8' title='bbox 472 606 535 649; x_wconf 93' lang='lat' dir='ltr'><strong>ut</strong></span> <span class='ocrx_word' id='word_1_9' title='bbox 566 609 623 648; x_wconf 84' lang='lat' dir='ltr'><strong>se</strong></span> <span class='ocrx_word' id='word_1_10' title='bbox 668 583 956 665; x_wconf 65' lang='lat' dir='ltr'><strong>exciperet,</strong></span> <span class='ocrx_word' id='word_1_11' title='bbox 1009 602 1062 646; x_wconf 83' lang='lat' dir='ltr'><strong>et</strong></span> <span class='ocrx_word' id='word_1_12' title='bbox 1099 593 1386 662; x_wconf 76' lang='lat' dir='ltr'><strong>imaginem</strong></span> <span class='ocrx_word' id='word_1_13' title='bbox 1433 607 1582 645; x_wconf 91' lang='lat' dir='ltr'><strong>suam</strong></span> <span class='ocrx_word' id='word_1_14' title='bbox 1615 597 1660 650; x_wconf 80' lang='grc' dir='ltr'>Α</span> <span class='ocrx_word' id='word_1_15' title='bbox 1689 600 1813 645; x_wconf 91' lang='lat' dir='ltr'><strong>runt</strong></span> <span class='ocrx_word' id='word_1_16' title='bbox 1848 608 1861 643; x_wconf 88' lang='lat'><strong>:</strong></span> <span class='ocrx_word' id='word_1_17' title='bbox 1889 588 2073 643; x_wconf 80' lang='lat' dir='ltr'><strong>sedeat</strong></span> <span class='ocrx_word' id='word_1_18' title='bbox 2103 600 2231 656; x_wconf 86' lang='lat' dir='ltr'><strong>ergo</strong></span> <span class='ocrx_word' id='word_1_19' title='bbox 2260 600 2380 641; x_wconf 92' lang='lat' dir='ltr'><strong>cum</strong></span> <span class='ocrx_word' id='word_1_20' title='bbox 2413 574 2543 639; x_wconf 76' lang='lat' dir='ltr'><strong>istis</strong></span> <span class='ocrx_word' id='word_1_21' title='bbox 2562 581 2811 637; x_wconf 82' lang='lat' dir='ltr'><strong>Patrlbus</strong></span> <span class='ocrx_word' id='word_1_22' title='bbox 2835 582 2993 634; x_wconf 86' lang='lat' dir='ltr'><strong>etiam</strong></span> <span class='ocrx_word' id='word_1_23' title='bbox 3030 589 3249 634; x_wconf 83' lang='lat' dir='ltr'><strong>sanctus</strong></span> 
     </span>
    </p>
   </div>
   <div class='ocr_carea' id='block_1_4' title="bbox 82 683 1588 754">
    <p class='ocr_par' dir='ltr' id='par_1_4' title="bbox 82 683 1588 754">
     <span class='ocr_line' id='line_1_4' title="bbox 82 683 1588 754; baseline -0.005 -11"><span class='ocrx_word' id='word_1_24' title='bbox 82 708 155 749; x_wconf 79' lang='lat' dir='ltr'><strong>non</strong></span> <span class='ocrx_word' id='word_1_25' title='bbox 174 692 437 743; x_wconf 82' lang='lat' dir='ltr'><strong>desereret.</strong></span> <span class='ocrx_word' id='word_1_26' title='bbox 486 685 562 740; x_wconf 84' lang='lat' dir='ltr'><strong>lta</strong></span> <span class='ocrx_word' id='word_1_27' title='bbox 599 686 943 741; x_wconf 86' lang='lat' dir='ltr'><strong>beatissimus</strong></span> <span class='ocrx_word' id='word_1_28' title='bbox 976 697 1141 738; x_wconf 82' lang='lat' dir='ltr'><strong>senex</strong></span> <span class='ocrx_word' id='word_1_29' title='bbox 1193 702 1210 733; x_wconf 74' lang='grc' dir='ltr'>ι</span> <span class='ocrx_word' id='word_1_30' title='bbox 1242 683 1316 754; x_wconf 88' lang='lat' dir='ltr'><strong>(a)</strong></span> <span class='ocrx_word' id='word_1_31' title='bbox 1345 683 1588 751; x_wconf 84' lang='lat' dir='ltr'><strong>proxime</strong></span> 
     </span>
    </p>
   </div>
   <div class='ocr_carea' id='block_1_5' title="bbox 82 776 1585 851">
    <p class='ocr_par' dir='ltr' id='par_1_5' title="bbox 82 776 1585 851">
     <span class='ocr_line' id='line_1_5' title="bbox 82 776 1585 851; baseline -0.007 -13"><span class='ocrx_word' id='word_1_32' title='bbox 82 785 330 846; x_wconf 85' lang='lat' dir='ltr'><strong>moriturus,</strong></span> <span class='ocrx_word' id='word_1_33' title='bbox 360 795 568 851; x_wconf 82' lang='lat' dir='ltr'><strong>cycneo</strong></span> <span class='ocrx_word' id='word_1_34' title='bbox 612 787 770 833; x_wconf 88' lang='lat' dir='ltr'><strong>cantu</strong></span> <span class='ocrx_word' id='word_1_35' title='bbox 815 777 1042 832; x_wconf 89' lang='lat' dir='ltr'><strong>Domino</strong></span> <span class='ocrx_word' id='word_1_36' title='bbox 1069 785 1315 840; x_wconf 88' lang='lat' dir='ltr'><strong>cantans,</strong></span> <span class='ocrx_word' id='word_1_37' title='bbox 1352 776 1585 845; x_wconf 87' lang='lat' dir='ltr'><strong>purissi-</strong></span> 
     </span>
    </p>
   </div>
   <div class='ocr_carea' id='block_1_6' title="bbox 82 866 1587 939">
    <p class='ocr_par' dir='ltr' id='par_1_6' title="bbox 82 866 1587 939">
     <span class='ocr_line' id='line_1_6' title="bbox 82 866 1587 939; baseline -0.006 -9"><span class='ocrx_word' id='word_1_38' title='bbox 82 892 183 931; x_wconf 83' lang='lat' dir='ltr'><strong>mum</strong></span> <span class='ocrx_word' id='word_1_39' title='bbox 210 874 307 926; x_wconf 87' lang='lat' dir='ltr'><strong>Deo</strong></span> <span class='ocrx_word' id='word_1_40' title='bbox 333 872 584 939; x_wconf 77' lang='lat' dir='ltr'><strong>spiritum</strong></span> <span class='ocrx_word' id='word_1_41' title='bbox 612 889 628 921; x_wconf 82' lang='grc' dir='ltr'><strong>ι</strong></span> <span class='ocrx_word' id='word_1_42' title='bbox 672 869 923 931; x_wconf 84' lang='lat' dir='ltr'><strong>reddidit,</strong></span> <span class='ocrx_word' id='word_1_43' title='bbox 958 884 1021 923; x_wconf 89' lang='lat' dir='ltr'><strong>ac</strong></span> <span class='ocrx_word' id='word_1_44' title='bbox 1060 866 1305 936; x_wconf 84' lang='lat' dir='ltr'><strong>Optatam</strong></span> <span class='ocrx_word' id='word_1_45' title='bbox 1351 871 1587 934; x_wconf 87' lang='lat' dir='ltr'><strong>quietem</strong></span> 
     </span>
    </p>
   </div>
   <div class='ocr_carea' id='block_1_7' title="bbox 86 956 1586 1033">
    <p class='ocr_par' dir='ltr' id='par_1_7' title="bbox 86 956 1586 1033">
     <span class='ocr_line' id='line_1_7' title="bbox 86 956 1586 1033; baseline -0.006 -15"><span class='ocrx_word' id='word_1_46' title='bbox 86 981 171 1018; x_wconf 79' lang='lat' dir='ltr'><strong>eum</strong></span> <span class='ocrx_word' id='word_1_47' title='bbox 209 960 497 1033; x_wconf 78' lang='lat' dir='ltr'><strong>agminibus</strong></span> <span class='ocrx_word' id='word_1_48' title='bbox 545 960 826 1015; x_wconf 83' lang='lat' dir='ltr'><strong>beatorum</strong></span> <span class='ocrx_word' id='word_1_49' title='bbox 891 960 1119 1025; x_wconf 89' lang='lat' dir='ltr'><strong>adeptus</strong></span> <span class='ocrx_word' id='word_1_50' title='bbox 1160 966 1268 1011; x_wconf 88' lang='lat' dir='ltr'><strong>est.</strong></span> <span class='ocrx_word' id='word_1_51' title='bbox 1317 956 1586 1011; x_wconf 78' lang='lat' dir='ltr'><strong>Morinum</strong></span> 
     </span>
    </p>
   </div>
   <div class='ocr_carea' id='block_1_8' title="bbox 84 1049 1589 1119">
    <p class='ocr_par' dir='ltr' id='par_1_8' title="bbox 84 1049 1589 1119">
     <span class='ocr_line' id='line_1_8' title="bbox 84 1049 1589 1119; baseline -0.004 -10"><span class='ocrx_word' id='word_1_52' title='bbox 84 1062 185 1109; x_wconf 83' lang='lat' dir='ltr'><strong>hunc</strong></span> <span class='ocrx_word' id='word_1_53' title='bbox 221 1070 328 1109; x_wconf 89' lang='lat' dir='ltr'><strong>esse</strong></span> <span class='ocrx_word' id='word_1_54' title='bbox 370 1069 516 1107; x_wconf 86' lang='lat' dir='ltr'><strong>anno</strong></span> <span class='ocrx_word' id='word_1_55' title='bbox 550 1052 834 1107; x_wconf 91' lang='lat' dir='ltr'><strong>undecimo</strong></span> <span class='ocrx_word' id='word_1_56' title='bbox 888 1051 1174 1105; x_wconf 87' lang='lat' dir='ltr'><strong>Theodosii</strong></span> <span class='ocrx_word' id='word_1_57' title='bbox 1225 1049 1589 1119; x_wconf 78' lang='lat' dir='ltr'><strong>imperatoris,</strong></span> 
     </span>
    </p>
   </div>
   <div class='ocr_carea' id='block_1_9' title="bbox 85 1143 1592 1214">
    <p class='ocr_par' dir='ltr' id='par_1_9' title="bbox 85 1143 1592 1214">
     <span class='ocr_line' id='line_1_9' title="bbox 85 1143 1592 1214; baseline 0.003 -19"><span class='ocrx_word' id='word_1_58' title='bbox 85 1153 161 1202; x_wconf 56' lang='lat' dir='ltr'><strong>sive</strong></span> <span class='ocrx_word' id='word_1_59' title='bbox 182 1162 301 1201; x_wconf 81' lang='lat' dir='ltr'><strong>anno</strong></span> <span class='ocrx_word' id='word_1_60' title='bbox 333 1144 457 1209; x_wconf 79' lang='lat'><strong>589,</strong></span> <span class='ocrx_word' id='word_1_61' title='bbox 488 1161 556 1199; x_wconf 87' lang='lat' dir='ltr'><strong>ex</strong></span> <span class='ocrx_word' id='word_1_62' title='bbox 585 1143 916 1214; x_wconf 81' lang='lat' dir='ltr'><strong>Hieronymo</strong></span> <span class='ocrx_word' id='word_1_63' title='bbox 942 1143 1224 1207; x_wconf 84' lang='lat' dir='ltr'><strong>discimus,</strong></span> <span class='ocrx_word' id='word_1_64' title='bbox 1251 1143 1340 1210; x_wconf 89' lang='lat' dir='ltr'><strong>qui</strong></span> <span class='ocrx_word' id='word_1_65' title='bbox 1372 1143 1424 1197; x_wconf 93' lang='lat' dir='ltr'><strong>in</strong></span> <span class='ocrx_word' id='word_1_66' title='bbox 1458 1143 1592 1199; x_wconf 89' lang='lat' dir='ltr'><strong>libro</strong></span> 
     </span>
    </p>
   </div>
   <div class='ocr_carea' id='block_1_10' title="bbox 84 1234 1590 1306">
    <p class='ocr_par' dir='ltr' id='par_1_10' title="bbox 84 1234 1590 1306">
     <span class='ocr_line' id='line_1_10' title="bbox 84 1234 1590 1306; baseline -0.002 -12"><span class='ocrx_word' id='word_1_67' title='bbox 84 1244 135 1294; x_wconf 78' lang='lat' dir='ltr'><strong>Dr</strong></span> <span class='ocrx_word' id='word_1_68' title='bbox 166 1239 479 1305; x_wconf 74' lang='lat' dir='ltr'><strong>scriptoribus</strong></span> <span class='ocrx_word' id='word_1_69' title='bbox 534 1236 897 1291; x_wconf 75' lang='lat' dir='ltr'><strong>ecclesiasticis</strong></span> <span class='ocrx_word' id='word_1_70' title='bbox 932 1237 996 1290; x_wconf 82' lang='lat' dir='ltr'><strong>de</strong></span> <span class='ocrx_word' id='word_1_71' title='bbox 1053 1234 1313 1306; x_wconf 81' lang='lat' dir='ltr'><strong>Gregorio</strong></span> <span class='ocrx_word' id='word_1_72' title='bbox 1354 1236 1541 1290; x_wconf 81' lang='lat' dir='ltr'><strong>scribit</strong></span> <span class='ocrx_word' id='word_1_73' title='bbox 1577 1257 1590 1291; x_wconf 89' lang='lat'>:</span> 
     </span>
    </p>
   </div>
   <div class='ocr_carea' id='block_1_11' title="bbox 87 1327 1594 1386">
    <p class='ocr_par' dir='ltr' id='par_1_11' title="bbox 87 1327 1594 1386">
     <span class='ocr_line' id='line_1_11' title="bbox 87 1327 1594 1386; baseline 0.001 -4"><span class='ocrx_word' id='word_1_74' title='bbox 87 1332 305 1386; x_wconf 69' lang='lat' dir='ltr'><strong>tDECCSSII</strong></span> <span class='ocrx_word' id='word_1_75' title='bbox 340 1340 466 1383; x_wconf 88' lang='lat' dir='ltr'><strong>ante</strong></span> <span class='ocrx_word' id='word_1_76' title='bbox 498 1330 604 1383; x_wconf 86' lang='lat' dir='ltr'><strong>hoc</strong></span> <span class='ocrx_word' id='word_1_77' title='bbox 636 1329 807 1383; x_wconf 81' lang='lat' dir='ltr'><strong>ferme</strong></span> <span class='ocrx_word' id='word_1_78' title='bbox 834 1328 1125 1382; x_wconf 87' lang='lat' dir='ltr'><strong>triennium</strong></span> <span class='ocrx_word' id='word_1_79' title='bbox 1152 1329 1252 1382; x_wconf 86' lang='lat' dir='ltr'><strong>sub</strong></span> <span class='ocrx_word' id='word_1_80' title='bbox 1284 1327 1594 1383; x_wconf 83' lang='lat' dir='ltr'><strong>Theodosio</strong></span> 
     </span>
    </p>
   </div>
   <div class='ocr_carea' id='block_1_12' title="bbox 84 1419 1591 1491">
    <p class='ocr_par' dir='ltr' id='par_1_12' title="bbox 84 1419 1591 1491">
     <span class='ocr_line' id='line_1_12' title="bbox 84 1419 1591 1491; baseline 0.001 -18"><span class='ocrx_word' id='word_1_81' title='bbox 84 1426 403 1491; x_wconf 65' lang='lat' dir='ltr'><strong>imperatore.»</strong></span> <span class='ocrx_word' id='word_1_82' title='bbox 465 1419 640 1474; x_wconf 86' lang='lat' dir='ltr'><strong>Porro</strong></span> <span class='ocrx_word' id='word_1_83' title='bbox 681 1419 1038 1489; x_wconf 83' lang='lat' dir='ltr'><strong>Hieronymus</strong></span> <span class='ocrx_word' id='word_1_84' title='bbox 1090 1428 1323 1474; x_wconf 87' lang='lat' dir='ltr'><strong>testatur</strong></span> <span class='ocrx_word' id='word_1_85' title='bbox 1380 1434 1437 1474; x_wconf 89' lang='lat' dir='ltr'><strong>se</strong></span> <span class='ocrx_word' id='word_1_86' title='bbox 1486 1421 1591 1474; x_wconf 89' lang='lat' dir='ltr'><strong>hoc</strong></span> 
     </span>
    </p>
   </div>
   <div class='ocr_carea' id='block_1_13' title="bbox 82 1508 1595 1582">
    <p class='ocr_par' dir='ltr' id='par_1_13' title="bbox 82 1508 1595 1582">
     <span class='ocr_line' id='line_1_13' title="bbox 82 1508 1595 1582; baseline -0.002 -16"><span class='ocrx_word' id='word_1_87' title='bbox 82 1529 176 1582; x_wconf 83' lang='lat' dir='ltr'><strong>opus</strong></span> <span class='ocrx_word' id='word_1_88' title='bbox 199 1511 464 1581; x_wconf 85' lang='lat' dir='ltr'><strong>scripsisse</strong></span> <span class='ocrx_word' id='word_1_89' title='bbox 514 1524 659 1565; x_wconf 90' lang='lat' dir='ltr'><strong>anno</strong></span> <span class='ocrx_word' id='word_1_90' title='bbox 704 1508 945 1578; x_wconf 85' lang='lat' dir='ltr'><strong>ejusdem</strong></span> <span class='ocrx_word' id='word_1_91' title='bbox 994 1509 1335 1577; x_wconf 83' lang='lat' dir='ltr'><strong>imperatoris</strong></span> <span class='ocrx_word' id='word_1_92' title='bbox 1387 1509 1595 1564; x_wconf 81' lang='lat' dir='ltr'><strong>decimo</strong></span> 
     </span>
    </p>
   </div>
   <div class='ocr_carea' id='block_1_14' title="bbox 84 1599 1595 1671">
    <p class='ocr_par' dir='ltr' id='par_1_14' title="bbox 84 1599 1595 1671">
     <span class='ocr_line' id='line_1_14' title="bbox 84 1599 1595 1671; baseline -0.001 -15"><span class='ocrx_word' id='word_1_93' title='bbox 84 1616 239 1671; x_wconf 80' lang='lat' dir='ltr'><strong>quarto,</strong></span> <span class='ocrx_word' id='word_1_94' title='bbox 282 1618 344 1656; x_wconf 87' lang='lat' dir='ltr'><strong>ex</strong></span> <span class='ocrx_word' id='word_1_95' title='bbox 375 1617 483 1671; x_wconf 91' lang='lat' dir='ltr'><strong>quo</strong></span> <span class='ocrx_word' id='word_1_96' title='bbox 527 1600 776 1669; x_wconf 84' lang='lat' dir='ltr'><strong>sequitur</strong></span> <span class='ocrx_word' id='word_1_97' title='bbox 820 1599 1175 1670; x_wconf 87' lang='lat' dir='ltr'><strong>Gregorium,</strong></span> <span class='ocrx_word' id='word_1_98' title='bbox 1219 1600 1310 1669; x_wconf 86' lang='lat' dir='ltr'><strong>qui</strong></span> <span class='ocrx_word' id='word_1_99' title='bbox 1360 1600 1595 1655; x_wconf 91' lang='lat' dir='ltr'><strong>triennio</strong></span> 
     </span>
    </p>
   </div>
   <div class='ocr_carea' id='block_1_15' title="bbox 84 1690 1592 1760">
    <p class='ocr_par' dir='ltr' id='par_1_15' title="bbox 84 1690 1592 1760">
     <span class='ocr_line' id='line_1_15' title="bbox 84 1690 1592 1760; baseline 0 -15"><span class='ocrx_word' id='word_1_100' title='bbox 84 1706 167 1749; x_wconf 77' lang='lat' dir='ltr'><strong>ante</strong></span> <span class='ocrx_word' id='word_1_101' title='bbox 192 1696 502 1760; x_wconf 83' lang='lat' dir='ltr'><strong>decesserat,</strong></span> <span class='ocrx_word' id='word_1_102' title='bbox 533 1692 736 1749; x_wconf 87' lang='lat' dir='ltr'><strong>obiisse</strong></span> <span class='ocrx_word' id='word_1_103' title='bbox 768 1706 912 1746; x_wconf 89' lang='lat' dir='ltr'><strong>anno</strong></span> <span class='ocrx_word' id='word_1_104' title='bbox 954 1692 1240 1747; x_wconf 89' lang='lat' dir='ltr'><strong>undecimo</strong></span> <span class='ocrx_word' id='word_1_105' title='bbox 1267 1690 1550 1747; x_wconf 81' lang='lat' dir='ltr'><strong>Theodosii</strong></span> <span class='ocrx_word' id='word_1_106' title='bbox 1575 1730 1592 1758; x_wconf 90' lang='lat'><strong>,</strong></span> 
     </span>
    </p>
   </div>
   <div class='ocr_carea' id='block_1_16' title="bbox 86 1786 593 1857">
    <p class='ocr_par' dir='ltr' id='par_1_16' title="bbox 86 1786 593 1857">
     <span class='ocr_line' id='line_1_16' title="bbox 86 1786 593 1857; baseline 0.002 -19"><span class='ocrx_word' id='word_1_107' title='bbox 86 1790 265 1857; x_wconf 80' lang='lat' dir='ltr'><strong>adeoque</strong></span> <span class='ocrx_word' id='word_1_108' title='bbox 296 1802 432 1842; x_wconf 91' lang='lat' dir='ltr'><strong>anno</strong></span> <span class='ocrx_word' id='word_1_109' title='bbox 458 1786 593 1841; x_wconf 77' lang='lat'><strong>589.</strong></span> 
     </span>
    </p>
   </div>
   <div class='ocr_carea' id='block_1_17' title="bbox 86 1898 1585 1969">
    <p class='ocr_par' dir='ltr' id='par_1_17' title="bbox 86 1898 1585 1969">
     <span class='ocr_line' id='line_1_17' title="bbox 86 1898 1585 1969; baseline 0.001 -15"><span class='ocrx_word' id='word_1_110' title='bbox 86 1899 296 1966; x_wconf 65' lang='lat' dir='ltr'><strong>CLXXIV,</strong></span> <span class='ocrx_word' id='word_1_111' title='bbox 319 1898 583 1955; x_wconf 66' lang='lat' dir='ltr'><strong>CLXXV.</strong></span> <span class='ocrx_word' id='word_1_112' title='bbox 628 1898 743 1963; x_wconf 80' lang='lat' dir='ltr'><strong>Qua</strong></span> <span class='ocrx_word' id='word_1_113' title='bbox 764 1908 965 1952; x_wconf 80' lang='lat' dir='ltr'><strong>statura</strong></span> <span class='ocrx_word' id='word_1_114' title='bbox 994 1900 1232 1969; x_wconf 66' lang='lat' dir='ltr'><strong>corporis</strong></span> <span class='ocrx_word' id='word_1_115' title='bbox 1266 1900 1423 1969; x_wconf 77' lang='lat' dir='ltr'><strong>fuerit</strong></span> <span class='ocrx_word' id='word_1_116' title='bbox 1457 1900 1585 1956; x_wconf 83' lang='lat' dir='ltr'><strong>Gre-</strong></span> 
     </span>
    </p>
   </div>
   <div class='ocr_carea' id='block_1_18' title="bbox 369 1967 1237 2039">
    <p class='ocr_par' dir='ltr' id='par_1_18' title="bbox 369 1967 1237 2039">
     <span class='ocr_line' id='line_1_18' title="bbox 369 1967 1237 2039; baseline -0.001 -16"><span class='ocrx_word' id='word_1_117' title='bbox 369 1972 578 2037; x_wconf 82' lang='lat' dir='ltr'><strong>gorius.</strong></span> <span class='ocrx_word' id='word_1_118' title='bbox 629 1969 751 2022; x_wconf 83' lang='lat' dir='ltr'><strong>Dies</strong></span> <span class='ocrx_word' id='word_1_119' title='bbox 788 1969 949 2037; x_wconf 80' lang='lat' dir='ltr'><strong>festus</strong></span> <span class='ocrx_word' id='word_1_120' title='bbox 980 1967 1237 2039; x_wconf 77' lang='lat' dir='ltr'><strong>Gregorii.</strong></span> 
     </span>
    </p>
   </div>
   <div class='ocr_carea' id='block_1_19' title="bbox 130 2058 1592 2131">
    <p class='ocr_par' dir='ltr' id='par_1_19' title="bbox 130 2058 1592 2131">
     <span class='ocr_line' id='line_1_19' title="bbox 130 2058 1592 2131; baseline 0 -17"><span class='ocrx_word' id='word_1_121' title='bbox 130 2060 327 2128; x_wconf 86' lang='lat' dir='ltr'><strong>Corpore</strong></span> <span class='ocrx_word' id='word_1_122' title='bbox 376 2063 607 2115; x_wconf 90' lang='lat' dir='ltr'><strong>robusto</strong></span> <span class='ocrx_word' id='word_1_123' title='bbox 664 2058 766 2113; x_wconf 91' lang='lat' dir='ltr'><strong>fuit</strong></span> <span class='ocrx_word' id='word_1_124' title='bbox 820 2059 1150 2128; x_wconf 78' lang='lat' dir='ltr'><strong>Gregorius,</strong></span> <span class='ocrx_word' id='word_1_125' title='bbox 1202 2060 1296 2115; x_wconf 88' lang='lat' dir='ltr'><strong>sed</strong></span> <span class='ocrx_word' id='word_1_126' title='bbox 1362 2059 1592 2131; x_wconf 74' lang='lat' dir='ltr'><strong>assiduis</strong></span> 
     </span>
    </p>
   </div>
   <div class='ocr_carea' id='block_1_20' title="bbox 89 2150 1589 2222">
    <p class='ocr_par' dir='ltr' id='par_1_20' title="bbox 89 2150 1589 2222">
     <span class='ocr_line' id='line_1_20' title="bbox 89 2150 1589 2222; baseline 0.001 -18"><span class='ocrx_word' id='word_1_127' title='bbox 89 2153 233 2207; x_wconf 84' lang='lat' dir='ltr'><strong>morbis</strong></span> <span class='ocrx_word' id='word_1_128' title='bbox 274 2153 502 2222; x_wconf 73' lang='lat' dir='ltr'><strong>vitaeque</strong></span> <span class='ocrx_word' id='word_1_129' title='bbox 560 2151 861 2217; x_wconf 88' lang='lat' dir='ltr'><strong>molestiis,</strong></span> <span class='ocrx_word' id='word_1_130' title='bbox 908 2159 1276 2221; x_wconf 69' lang='lat' dir='ltr'><strong>praetereaque</strong></span> <span class='ocrx_word' id='word_1_131' title='bbox 1327 2150 1546 2221; x_wconf 85' lang='lat' dir='ltr'><strong>jejuniis</strong></span> <span class='ocrx_word' id='word_1_132' title='bbox 1575 2193 1589 2216; x_wconf 95' lang='lat'><strong>,</strong></span> 
     </span>
    </p>
   </div>
   <div class='ocr_carea' id='block_1_21' title="bbox 88 2241 1592 2312">
    <p class='ocr_par' dir='ltr' id='par_1_21' title="bbox 88 2241 1592 2312">
     <span class='ocr_line' id='line_1_21' title="bbox 88 2241 1592 2312; baseline 0.002 -19"><span class='ocrx_word' id='word_1_133' title='bbox 88 2245 245 2312; x_wconf 74' lang='lat' dir='ltr'><strong>tigiliis,</strong></span> <span class='ocrx_word' id='word_1_134' title='bbox 265 2243 608 2299; x_wconf 83' lang='lat' dir='ltr'><strong>chameuuiis</strong></span> <span class='ocrx_word' id='word_1_135' title='bbox 631 2244 704 2297; x_wconf 85' lang='lat' dir='ltr'><strong>ita</strong></span> <span class='ocrx_word' id='word_1_136' title='bbox 738 2241 913 2296; x_wconf 89' lang='lat' dir='ltr'><strong>fracto</strong></span> <span class='ocrx_word' id='word_1_137' title='bbox 940 2257 1003 2295; x_wconf 81' lang='lat' dir='ltr'><strong>ac</strong></span> <span class='ocrx_word' id='word_1_138' title='bbox 1034 2241 1347 2308; x_wconf 81' lang='lat' dir='ltr'><strong>debilitate,</strong></span> <span class='ocrx_word' id='word_1_139' title='bbox 1403 2252 1461 2295; x_wconf 91' lang='lat' dir='ltr'><strong>ut</strong></span> <span class='ocrx_word' id='word_1_140' title='bbox 1490 2244 1592 2296; x_wconf 90' lang='lat' dir='ltr'><strong>sibi</strong></span> 
     </span>
    </p>
   </div>
   <div class='ocr_carea' id='block_1_22' title="bbox 92 2333 1591 2404">
    <p class='ocr_par' dir='ltr' id='par_1_22' title="bbox 92 2333 1591 2404">
     <span class='ocr_line' id='line_1_22' title="bbox 92 2333 1591 2404; baseline -0.001 -15"><span class='ocrx_word' id='word_1_141' title='bbox 92 2344 388 2400; x_wconf 77' lang='lat' dir='ltr'><strong>senectutem,</strong></span> <span class='ocrx_word' id='word_1_142' title='bbox 430 2335 582 2404; x_wconf 89' lang='lat' dir='ltr'><strong>quod</strong></span> <span class='ocrx_word' id='word_1_143' title='bbox 623 2333 850 2402; x_wconf 91' lang='lat' dir='ltr'><strong>ipsemet</strong></span> <span class='ocrx_word' id='word_1_144' title='bbox 884 2341 1138 2396; x_wconf 86' lang='lat' dir='ltr'><strong>testatur,</strong></span> <span class='ocrx_word' id='word_1_145' title='bbox 1186 2333 1591 2388; x_wconf 88' lang='lat' dir='ltr'><strong>acceleraverit.</strong></span> 
     </span>
    </p>
   </div>
   <div class='ocr_carea' id='block_1_23' title="bbox 91 2423 1593 2496">
    <p class='ocr_par' dir='ltr' id='par_1_23' title="bbox 91 2423 1593 2496">
     <span class='ocr_line' id='line_1_23' title="bbox 91 2423 1593 2496; baseline 0 -19"><span class='ocrx_word' id='word_1_146' title='bbox 91 2429 335 2496; x_wconf 78' lang='lat' dir='ltr'><strong>Anonymus</strong></span> <span class='ocrx_word' id='word_1_147' title='bbox 385 2425 642 2485; x_wconf 65' lang='lat' dir='ltr'><strong>Grmcus,</strong></span> <span class='ocrx_word' id='word_1_148' title='bbox 687 2440 714 2477; x_wconf 91' lang='lat' dir='ltr'><strong>a</strong></span> <span class='ocrx_word' id='word_1_149' title='bbox 772 2423 1007 2486; x_wconf 79' lang='lat' dir='ltr'><strong>Baronio</strong></span> <span class='ocrx_word' id='word_1_150' title='bbox 1045 2423 1292 2478; x_wconf 87' lang='lat' dir='ltr'><strong>laudatus</strong></span> <span class='ocrx_word' id='word_1_151' title='bbox 1346 2424 1445 2495; x_wconf 87' lang='lat' dir='ltr'><strong>(b),</strong></span> <span class='ocrx_word' id='word_1_152' title='bbox 1490 2440 1593 2492; x_wconf 87' lang='lat' dir='ltr'><strong>qua</strong></span> 
     </span>
    </p>
   </div>
   <div class='ocr_carea' id='block_1_24' title="bbox 92 2512 1597 2582">
    <p class='ocr_par' dir='ltr' id='par_1_24' title="bbox 92 2512 1597 2582">
     <span class='ocr_line' id='line_1_24' title="bbox 92 2512 1597 2582; baseline -0.001 -15"><span class='ocrx_word' id='word_1_153' title='bbox 92 2526 237 2569; x_wconf 77' lang='lat' dir='ltr'><strong>statura</strong></span> <span class='ocrx_word' id='word_1_154' title='bbox 281 2515 441 2569; x_wconf 86' lang='lat' dir='ltr'><strong>fuerit</strong></span> <span class='ocrx_word' id='word_1_155' title='bbox 491 2513 584 2568; x_wconf 88' lang='lat' dir='ltr'><strong>his</strong></span> <span class='ocrx_word' id='word_1_156' title='bbox 631 2514 812 2567; x_wconf 80' lang='lat' dir='ltr'><strong>verbis</strong></span> <span class='ocrx_word' id='word_1_157' title='bbox 851 2513 1107 2582; x_wconf 82' lang='lat' dir='ltr'><strong>exprimit</strong></span> <span class='ocrx_word' id='word_1_158' title='bbox 1154 2513 1205 2567; x_wconf 92' lang='lat' dir='ltr'><strong>in</strong></span> <span class='ocrx_word' id='word_1_159' title='bbox 1251 2512 1438 2568; x_wconf 87' lang='lat' dir='ltr'><strong>codice</strong></span> <span class='ocrx_word' id='word_1_160' title='bbox 1491 2513 1597 2568; x_wconf 64' lang='lat'><strong>540</strong></span> 
     </span>
    </p>
   </div>
   <div class='ocr_carea' id='block_1_25' title="bbox 92 2605 1595 2675">
    <p class='ocr_par' dir='ltr' id='par_1_25' title="bbox 92 2605 1595 2675">
     <span class='ocr_line' id='line_1_25' title="bbox 92 2605 1595 2675; baseline 0 -15"><span class='ocrx_word' id='word_1_161' title='bbox 92 2609 183 2664; x_wconf 87' lang='lat' dir='ltr'><strong>Bibl.</strong></span> <span class='ocrx_word' id='word_1_162' title='bbox 221 2608 329 2663; x_wconf 80' lang='lat' dir='ltr'><strong>Vat.</strong></span> <span class='ocrx_word' id='word_1_163' title='bbox 363 2627 378 2662; x_wconf 87' lang='lat'>:</span> <span class='ocrx_word' id='word_1_164' title='bbox 417 2627 437 2659; x_wconf 83' lang='grc'><strong>‹</strong></span> <span class='ocrx_word' id='word_1_165' title='bbox 462 2606 687 2661; x_wconf 81' lang='lat' dir='ltr'><strong>Statura</strong></span> <span class='ocrx_word' id='word_1_166' title='bbox 739 2605 994 2660; x_wconf 89' lang='lat' dir='ltr'><strong>mediocri</strong></span> <span class='ocrx_word' id='word_1_167' title='bbox 1034 2615 1171 2669; x_wconf 86' lang='lat' dir='ltr'><strong>erat,</strong></span> <span class='ocrx_word' id='word_1_168' title='bbox 1214 2605 1443 2675; x_wconf 89' lang='lat' dir='ltr'><strong>pallidus</strong></span> <span class='ocrx_word' id='word_1_169' title='bbox 1494 2605 1595 2660; x_wconf 87' lang='lat' dir='ltr'><strong>ali-</strong></span> 
     </span>
    </p>
   </div>
   <div class='ocr_carea' id='block_1_26' title="bbox 92 2680 1600 2767">
    <p class='ocr_par' dir='ltr' id='par_1_26' title="bbox 92 2680 1600 2767">
     <span class='ocr_line' id='line_1_26' title="bbox 92 2680 1600 2767; baseline -0.001 -16"><span class='ocrx_word' id='word_1_170' title='bbox 92 2701 361 2767; x_wconf 80' lang='lat' dir='ltr'><strong>quantulum,</strong></span> <span class='ocrx_word' id='word_1_171' title='bbox 405 2712 517 2753; x_wconf 92' lang='lat' dir='ltr'><strong>non</strong></span> <span class='ocrx_word' id='word_1_172' title='bbox 551 2680 896 2751; x_wconf 23' lang='lat' dir='ltr'><strong>tamen‘citra</strong></span> <span class='ocrx_word' id='word_1_173' title='bbox 930 2703 1265 2750; x_wconf 88' lang='lat' dir='ltr'><strong>venustatem</strong></span> <span class='ocrx_word' id='word_1_174' title='bbox 1298 2696 1600 2765; x_wconf 85' lang='lat' dir='ltr'><strong>:depresso</strong></span> 
     </span>
    </p>
   </div>
   <div class='ocr_carea' id='block_1_27' title="bbox 94 2786 1600 2860">
    <p class='ocr_par' dir='ltr' id='par_1_27' title="bbox 94 2786 1600 2860">
     <span class='ocr_line' id='line_1_27' title="bbox 94 2786 1600 2860; baseline 0.001 -20"><span class='ocrx_word' id='word_1_175' title='bbox 94 2804 196 2853; x_wconf 75' lang='lat' dir='ltr'><strong>naso,</strong></span> <span class='ocrx_word' id='word_1_176' title='bbox 240 2790 538 2860; x_wconf 83' lang='lat' dir='ltr'><strong>superciliis</strong></span> <span class='ocrx_word' id='word_1_177' title='bbox 607 2789 659 2842; x_wconf 91' lang='lat' dir='ltr'><strong>in</strong></span> <span class='ocrx_word' id='word_1_178' title='bbox 724 2796 926 2841; x_wconf 89' lang='lat' dir='ltr'><strong>rectum</strong></span> <span class='ocrx_word' id='word_1_179' title='bbox 996 2786 1307 2855; x_wconf 86' lang='lat' dir='ltr'><strong>protensis,</strong></span> <span class='ocrx_word' id='word_1_180' title='bbox 1377 2797 1600 2857; x_wconf 88' lang='lat' dir='ltr'><strong>aspectu</strong></span> 
     </span>
    </p>
   </div>
   <div class='ocr_carea' id='block_1_28' title="bbox 94 2879 1601 2950">
    <p class='ocr_par' dir='ltr' id='par_1_28' title="bbox 94 2879 1601 2950">
     <span class='ocr_line' id='line_1_28' title="bbox 94 2879 1601 2950; baseline 0.003 -19"><span class='ocrx_word' id='word_1_181' title='bbox 94 2882 230 2936; x_wconf 78' lang='lat' dir='ltr'><strong>blando</strong></span> <span class='ocrx_word' id='word_1_182' title='bbox 261 2892 311 2936; x_wconf 89' lang='lat' dir='ltr'><strong>et</strong></span> <span class='ocrx_word' id='word_1_183' title='bbox 356 2883 533 2947; x_wconf 85' lang='lat' dir='ltr'><strong>suavi,</strong></span> <span class='ocrx_word' id='word_1_184' title='bbox 590 2880 758 2934; x_wconf 88' lang='lat' dir='ltr'><strong>altero</strong></span> <span class='ocrx_word' id='word_1_185' title='bbox 800 2879 955 2934; x_wconf 88' lang='lat' dir='ltr'><strong>oculo</strong></span> <span class='ocrx_word' id='word_1_186' title='bbox 1002 2895 1194 2950; x_wconf 88' lang='lat' dir='ltr'><strong>nempe</strong></span> <span class='ocrx_word' id='word_1_187' title='bbox 1240 2880 1430 2935; x_wconf 83' lang='lat' dir='ltr'><strong>dextro</strong></span> <span class='ocrx_word' id='word_1_188' title='bbox 1466 2881 1601 2935; x_wconf 87' lang='lat' dir='ltr'><strong>sub-</strong></span> 
     </span>
    </p>
   </div>
   <div class='ocr_carea' id='block_1_29' title="bbox 98 2970 1601 3041">
    <p class='ocr_par' dir='ltr' id='par_1_29' title="bbox 98 2970 1601 3041">
     <span class='ocr_line' id='line_1_29' title="bbox 98 2970 1601 3041; baseline 0.004 -21"><span class='ocrx_word' id='word_1_189' title='bbox 98 2973 231 3035; x_wconf 82' lang='lat' dir='ltr'><strong>tristis,</strong></span> <span class='ocrx_word' id='word_1_190' title='bbox 255 2987 402 3040; x_wconf 90' lang='lat' dir='ltr'><strong>quem</strong></span> <span class='ocrx_word' id='word_1_191' title='bbox 439 2971 677 3026; x_wconf 80' lang='lat' dir='ltr'><strong>cicatrix</strong></span> <span class='ocrx_word' id='word_1_192' title='bbox 704 2970 947 3041; x_wconf 66' lang='lat' dir='ltr'><strong>quaedam</strong></span> <span class='ocrx_word' id='word_1_193' title='bbox 988 2972 1379 3035; x_wconf 81' lang='lat' dir='ltr'><strong>contrahebat,</strong></span> <span class='ocrx_word' id='word_1_194' title='bbox 1434 2972 1601 3026; x_wconf 84' lang='lat' dir='ltr'><strong>barba</strong></span> 
     </span>
    </p>
   </div>
   <div class='ocr_carea' id='block_1_30' title="bbox 96 3060 1603 3131">
    <p class='ocr_par' dir='ltr' id='par_1_30' title="bbox 96 3060 1603 3131">
     <span class='ocr_line' id='line_1_30' title="bbox 96 3060 1603 3131; baseline 0.001 -16"><span class='ocrx_word' id='word_1_195' title='bbox 96 3078 166 3115; x_wconf 76' lang='lat' dir='ltr'><strong>mn</strong></span> <span class='ocrx_word' id='word_1_196' title='bbox 194 3064 454 3131; x_wconf 82' lang='lat' dir='ltr'><strong>promissa,</strong></span> <span class='ocrx_word' id='word_1_197' title='bbox 492 3062 591 3117; x_wconf 89' lang='lat' dir='ltr'><strong>sed</strong></span> <span class='ocrx_word' id='word_1_198' title='bbox 618 3062 780 3116; x_wconf 89' lang='lat' dir='ltr'><strong>densa</strong></span> <span class='ocrx_word' id='word_1_199' title='bbox 813 3069 1014 3116; x_wconf 90' lang='lat' dir='ltr'><strong>tamen.</strong></span> <span class='ocrx_word' id='word_1_200' title='bbox 1064 3060 1177 3127; x_wconf 87' lang='lat' dir='ltr'><strong>Qua</strong></span> <span class='ocrx_word' id='word_1_201' title='bbox 1220 3070 1373 3130; x_wconf 90' lang='lat' dir='ltr'><strong>parte</strong></span> <span class='ocrx_word' id='word_1_202' title='bbox 1419 3061 1603 3117; x_wconf 82' lang='lat' dir='ltr'><strong>calvus</strong></span> 
     </span>
    </p>
   </div>
   <div class='ocr_carea' id='block_1_31' title="bbox 99 3144 1600 3220">
    <p class='ocr_par' dir='ltr' id='par_1_31' title="bbox 99 3144 1600 3220">
     <span class='ocr_line' id='line_1_31' title="bbox 99 3144 1600 3220; baseline 0.001 -13"><span class='ocrx_word' id='word_1_203' title='bbox 99 3171 165 3208; x_wconf 84' lang='lat' dir='ltr'><strong>non</strong></span> <span class='ocrx_word' id='word_1_204' title='bbox 188 3166 303 3220; x_wconf 87' lang='lat' dir='ltr'><strong>erat,</strong></span> <span class='ocrx_word' id='word_1_205' title='bbox 327 3172 447 3210; x_wconf 88' lang='lat' dir='ltr'><strong>nam</strong></span> <span class='ocrx_word' id='word_1_206' title='bbox 472 3154 769 3210; x_wconf 84' lang='lat' dir='ltr'><strong>subcalvus</strong></span> <span class='ocrx_word' id='word_1_207' title='bbox 792 3161 931 3219; x_wconf 88' lang='lat' dir='ltr'><strong>erat,</strong></span> <span class='ocrx_word' id='word_1_208' title='bbox 955 3152 1108 3208; x_wconf 90' lang='lat' dir='ltr'><strong>albos</strong></span> <span class='ocrx_word' id='word_1_209' title='bbox 1131 3144 1316 3209; x_wconf 81' lang='lat' dir='ltr'><strong>crines</strong></span> <span class='ocrx_word' id='word_1_210' title='bbox 1344 3154 1600 3218; x_wconf 81' lang='lat' dir='ltr'><strong>habebat,</strong></span> 
     </span>
    </p>
   </div>
   <div class='ocr_carea' id='block_1_32' title="bbox 98 3244 1603 3315">
    <p class='ocr_par' dir='ltr' id='par_1_32' title="bbox 98 3244 1603 3315">
     <span class='ocr_line' id='line_1_32' title="bbox 98 3244 1603 3315; baseline -0.001 -15"><span class='ocrx_word' id='word_1_211' title='bbox 98 3264 278 3304; x_wconf 80' lang='lat' dir='ltr'><strong>summas</strong></span> <span class='ocrx_word' id='word_1_212' title='bbox 332 3250 460 3305; x_wconf 88' lang='lat' dir='ltr'><strong>item</strong></span> <span class='ocrx_word' id='word_1_213' title='bbox 518 3249 705 3302; x_wconf 61' lang='lat' dir='ltr'><strong>barbae</strong></span> <span class='ocrx_word' id='word_1_214' title='bbox 762 3256 946 3315; x_wconf 87' lang='lat' dir='ltr'><strong>partes</strong></span> <span class='ocrx_word' id='word_1_215' title='bbox 1002 3244 1149 3299; x_wconf 88' lang='lat' dir='ltr'><strong>velut</strong></span> <span class='ocrx_word' id='word_1_216' title='bbox 1201 3244 1349 3299; x_wconf 93' lang='lat' dir='ltr'><strong>fumo</strong></span> <span class='ocrx_word' id='word_1_217' title='bbox 1397 3246 1603 3300; x_wconf 89' lang='lat' dir='ltr'><strong>obsitas</strong></span> 
     </span>
    </p>
   </div>
   <div class='ocr_carea' id='block_1_33' title="bbox 98 3335 1599 3409">
    <p class='ocr_par' dir='ltr' id='par_1_33' title="bbox 98 3335 1599 3409">
     <span class='ocr_line' id='line_1_33' title="bbox 98 3335 1599 3409; baseline -0.005 -14"><span class='ocrx_word' id='word_1_218' title='bbox 98 3344 360 3399; x_wconf 77' lang='lat' dir='ltr'><strong>ostendebat.</strong></span> <span class='ocrx_word' id='word_1_219' title='bbox 394 3364 412 3395; x_wconf 76' lang='grc' dir='ltr'><strong><em>ι</em></strong></span> <span class='ocrx_word' id='word_1_220' title='bbox 482 3340 736 3409; x_wconf 72' lang='lat' dir='ltr'><strong>Gregorii</strong></span> <span class='ocrx_word' id='word_1_221' title='bbox 804 3348 982 3393; x_wconf 89' lang='lat' dir='ltr'><strong>autem</strong></span> <span class='ocrx_word' id='word_1_222' title='bbox 1055 3338 1218 3393; x_wconf 86' lang='lat' dir='ltr'><strong>animi</strong></span> <span class='ocrx_word' id='word_1_223' title='bbox 1278 3335 1480 3408; x_wconf 76' lang='lat' dir='ltr'><strong>eliigies</strong></span> <span class='ocrx_word' id='word_1_224' title='bbox 1534 3352 1599 3389; x_wconf 78' lang='lat' dir='ltr'><strong>ex</strong></span> 
     </span>
    </p>
   </div>
   <div class='ocr_carea' id='block_1_34' title="bbox 99 3428 1593 3505">
    <p class='ocr_par' dir='ltr' id='par_1_34' title="bbox 99 3428 1593 3505">
     <span class='ocr_line' id='line_1_34' title="bbox 99 3428 1593 3505; baseline -0.002 -19"><span class='ocrx_word' id='word_1_225' title='bbox 99 3434 209 3488; x_wconf 80' lang='lat' dir='ltr'><strong>rebus</strong></span> <span class='ocrx_word' id='word_1_226' title='bbox 226 3436 395 3505; x_wconf 87' lang='lat' dir='ltr'><strong>gestis,</strong></span> <span class='ocrx_word' id='word_1_227' title='bbox 430 3448 576 3502; x_wconf 87' lang='lat' dir='ltr'><strong>quas</strong></span> <span class='ocrx_word' id='word_1_228' title='bbox 604 3433 1001 3494; x_wconf 87' lang='lat' dir='ltr'><strong>enarravimus,</strong></span> <span class='ocrx_word' id='word_1_229' title='bbox 1050 3446 1257 3486; x_wconf 90' lang='lat' dir='ltr'><strong>necnon</strong></span> <span class='ocrx_word' id='word_1_230' title='bbox 1292 3443 1358 3483; x_wconf 87' lang='lat' dir='ltr'><strong>ex</strong></span> <span class='ocrx_word' id='word_1_231' title='bbox 1424 3428 1593 3499; x_wconf 86' lang='lat' dir='ltr'><strong>ipsius</strong></span> 
     </span>
    </p>
   </div>
   <div class='ocr_carea' id='block_1_35' title="bbox 99 3522 1602 3598">
    <p class='ocr_par' dir='ltr' id='par_1_35' title="bbox 99 3522 1602 3598">
     <span class='ocr_line' id='line_1_35' title="bbox 99 3522 1602 3598; baseline -0.002 -21"><span class='ocrx_word' id='word_1_232' title='bbox 99 3527 275 3595; x_wconf 81' lang='lat' dir='ltr'><strong>scriptis,</strong></span> <span class='ocrx_word' id='word_1_233' title='bbox 303 3528 350 3581; x_wconf 90' lang='lat' dir='ltr'><strong>in</strong></span> <span class='ocrx_word' id='word_1_234' title='bbox 377 3527 584 3598; x_wconf 83' lang='lat' dir='ltr'><strong>quibus</strong></span> <span class='ocrx_word' id='word_1_235' title='bbox 614 3524 732 3594; x_wconf 91' lang='lat' dir='ltr'><strong>ipse</strong></span> <span class='ocrx_word' id='word_1_236' title='bbox 764 3538 884 3578; x_wconf 81' lang='lat' dir='ltr'><strong>sese</strong></span> <span class='ocrx_word' id='word_1_237' title='bbox 925 3522 1185 3595; x_wconf 81' lang='lat' dir='ltr'><strong>depingit,</strong></span> <span class='ocrx_word' id='word_1_238' title='bbox 1232 3522 1367 3576; x_wconf 86' lang='lat' dir='ltr'><strong>satis</strong></span> <span class='ocrx_word' id='word_1_239' title='bbox 1397 3523 1602 3592; x_wconf 90' lang='lat' dir='ltr'><strong>perspi-</strong></span> 
     </span>
    </p>
   </div>
   <div class='ocr_carea' id='block_1_36' title="bbox 100 3615 1600 3688">
    <p class='ocr_par' dir='ltr' id='par_1_36' title="bbox 100 3615 1600 3688">
     <span class='ocr_line' id='line_1_36' title="bbox 100 3615 1600 3688; baseline -0.003 -17"><span class='ocrx_word' id='word_1_240' title='bbox 100 3619 213 3672; x_wconf 87' lang='lat' dir='ltr'><strong>citur.</strong></span> <span class='ocrx_word' id='word_1_241' title='bbox 237 3618 388 3673; x_wconf 89' lang='lat' dir='ltr'><strong>Suum</strong></span> <span class='ocrx_word' id='word_1_242' title='bbox 426 3622 554 3688; x_wconf 79' lang='lat' dir='ltr'><strong>ipse</strong></span> <span class='ocrx_word' id='word_1_243' title='bbox 579 3619 683 3673; x_wconf 90' lang='lat' dir='ltr'><strong>sibi</strong></span> <span class='ocrx_word' id='word_1_244' title='bbox 718 3618 1053 3687; x_wconf 86' lang='lat' dir='ltr'><strong>epitaphium</strong></span> <span class='ocrx_word' id='word_1_245' title='bbox 1096 3623 1409 3683; x_wconf 89' lang='lat' dir='ltr'><strong>paraverat,</strong></span> <span class='ocrx_word' id='word_1_246' title='bbox 1458 3615 1600 3683; x_wconf 90' lang='lat' dir='ltr'><strong>quod</strong></span> 
     </span>
    </p>
   </div>
   <div class='ocr_carea' id='block_1_37' title="bbox 102 3707 1601 3782">
    <p class='ocr_par' dir='ltr' id='par_1_37' title="bbox 102 3707 1601 3782">
     <span class='ocr_line' id='line_1_37' title="bbox 102 3707 1601 3782; baseline -0.005 -16"><span class='ocrx_word' id='word_1_247' title='bbox 102 3714 327 3782; x_wconf 65' lang='lat' dir='ltr'><strong>pracipuos</strong></span> <span class='ocrx_word' id='word_1_248' title='bbox 372 3714 498 3769; x_wconf 76' lang='lat' dir='ltr'><strong>vita:</strong></span> <span class='ocrx_word' id='word_1_249' title='bbox 548 3712 718 3781; x_wconf 89' lang='lat' dir='ltr'><strong>ipsius</strong></span> <span class='ocrx_word' id='word_1_250' title='bbox 761 3721 983 3765; x_wconf 82' lang='lat' dir='ltr'><strong>eventus</strong></span> <span class='ocrx_word' id='word_1_251' title='bbox 1021 3708 1304 3763; x_wconf 86' lang='lat' dir='ltr'><strong>duodecim</strong></span> <span class='ocrx_word' id='word_1_252' title='bbox 1354 3707 1601 3763; x_wconf 85' lang='lat' dir='ltr'><strong>versibus</strong></span> 
     </span>
    </p>
   </div>
   <div class='ocr_carea' id='block_1_38' title="bbox 101 3797 1602 3874">
    <p class='ocr_par' dir='ltr' id='par_1_38' title="bbox 101 3797 1602 3874">
     <span class='ocr_line' id='line_1_38' title="bbox 101 3797 1602 3874; baseline -0.003 -20"><span class='ocrx_word' id='word_1_253' title='bbox 101 3802 283 3872; x_wconf 74' lang='lat' dir='ltr'><strong>elegiacis</strong></span> <span class='ocrx_word' id='word_1_254' title='bbox 305 3802 703 3874; x_wconf 85' lang='lat' dir='ltr'><strong>complectitur.</strong></span> <span class='ocrx_word' id='word_1_255' title='bbox 758 3801 880 3855; x_wconf 89' lang='lat' dir='ltr'><strong>Dies</strong></span> <span class='ocrx_word' id='word_1_256' title='bbox 918 3799 1092 3855; x_wconf 86' lang='lat' dir='ltr'><strong>festus</strong></span> <span class='ocrx_word' id='word_1_257' title='bbox 1140 3797 1389 3867; x_wconf 81' lang='lat' dir='ltr'><strong>Gregorii</strong></span> <span class='ocrx_word' id='word_1_258' title='bbox 1419 3798 1602 3868; x_wconf 87' lang='lat' dir='ltr'><strong>agitur</strong></span> 
     </span>
    </p>
   </div>
   <div class='ocr_carea' id='block_1_39' title="bbox 104 3888 1601 3965">
    <p class='ocr_par' dir='ltr' id='par_1_39' title="bbox 104 3888 1601 3965">
     <span class='ocr_line' id='line_1_39' title="bbox 104 3888 1601 3965; baseline 0 -22"><span class='ocrx_word' id='word_1_259' title='bbox 104 3908 200 3944; x_wconf 72' lang='lat' dir='ltr'><strong>nono</strong></span> <span class='ocrx_word' id='word_1_260' title='bbox 224 3893 326 3947; x_wconf 75' lang='lat' dir='ltr'><strong>Maii</strong></span> <span class='ocrx_word' id='word_1_261' title='bbox 362 3895 501 3965; x_wconf 89' lang='lat' dir='ltr'><strong>apud</strong></span> <span class='ocrx_word' id='word_1_262' title='bbox 550 3891 805 3962; x_wconf 85' lang='lat' dir='ltr'><strong>Latinos;</strong></span> <span class='ocrx_word' id='word_1_263' title='bbox 841 3890 980 3959; x_wconf 87' lang='lat' dir='ltr'><strong>apud</strong></span> <span class='ocrx_word' id='word_1_264' title='bbox 1014 3888 1231 3945; x_wconf 67' lang='lat' dir='ltr'><strong>Griecos</strong></span> <span class='ocrx_word' id='word_1_265' title='bbox 1280 3899 1463 3943; x_wconf 89' lang='lat' dir='ltr'><strong>autem</strong></span> <span class='ocrx_word' id='word_1_266' title='bbox 1508 3888 1601 3943; x_wconf 83' lang='lat' dir='ltr'><strong>Ja-</strong></span> 
     </span>
    </p>
   </div>
   <div class='ocr_carea' id='block_1_40' title="bbox 106 3980 1602 4049">
    <p class='ocr_par' dir='ltr' id='par_1_40' title="bbox 106 3980 1602 4049">
     <span class='ocr_line' id='line_1_40' title="bbox 106 3980 1602 4049; baseline 0.001 -16"><span class='ocrx_word' id='word_1_267' title='bbox 106 3986 226 4039; x_wconf 81' lang='lat' dir='ltr'><strong>nuarii</strong></span> <span class='ocrx_word' id='word_1_268' title='bbox 259 3988 546 4049; x_wconf 87' lang='lat' dir='ltr'><strong>tricesimo,</strong></span> <span class='ocrx_word' id='word_1_269' title='bbox 585 4000 688 4038; x_wconf 89' lang='lat' dir='ltr'><strong>una</strong></span> <span class='ocrx_word' id='word_1_270' title='bbox 718 3998 839 4038; x_wconf 91' lang='lat' dir='ltr'><strong>cum</strong></span> <span class='ocrx_word' id='word_1_271' title='bbox 876 3991 1062 4038; x_wconf 87' lang='lat' dir='ltr'><strong>sancto</strong></span> <span class='ocrx_word' id='word_1_272' title='bbox 1107 3980 1303 4035; x_wconf 89' lang='lat' dir='ltr'><strong>Basilio</strong></span> <span class='ocrx_word' id='word_1_273' title='bbox 1334 3990 1388 4036; x_wconf 91' lang='lat' dir='ltr'><strong>et</strong></span> <span class='ocrx_word' id='word_1_274' title='bbox 1413 3992 1602 4035; x_wconf 87' lang='lat' dir='ltr'><strong>sancto</strong></span> 
     </span>
    </p>
   </div>
   <div class='ocr_carea' id='block_1_41' title="bbox 106 4069 1604 4147">
    <p class='ocr_par' dir='ltr' id='par_1_41' title="bbox 106 4069 1604 4147">
     <span class='ocr_line' id='line_1_41' title="bbox 106 4069 1604 4147; baseline -0.003 -19"><span class='ocrx_word' id='word_1_275' title='bbox 106 4072 432 4147; x_wconf 73' lang='lat' dir='ltr'><strong>Chrysostomo.</strong></span> <span class='ocrx_word' id='word_1_276' title='bbox 466 4075 581 4130; x_wconf 87' lang='lat' dir='ltr'><strong>Sed</strong></span> <span class='ocrx_word' id='word_1_277' title='bbox 611 4072 902 4144; x_wconf 89' lang='lat' dir='ltr'><strong>peculiaris</strong></span> <span class='ocrx_word' id='word_1_278' title='bbox 932 4070 1192 4140; x_wconf 80' lang='lat' dir='ltr'><strong>Gregorio</strong></span> <span class='ocrx_word' id='word_1_279' title='bbox 1217 4069 1319 4125; x_wconf 89' lang='lat' dir='ltr'><strong>soli</strong></span> <span class='ocrx_word' id='word_1_280' title='bbox 1364 4086 1519 4125; x_wconf 84' lang='lat' dir='ltr'><strong>sacer</strong></span> <span class='ocrx_word' id='word_1_281' title='bbox 1551 4080 1604 4125; x_wconf 91' lang='lat' dir='ltr'><strong>et</strong></span> 
     </span>
    </p>
   </div>
   <div class='ocr_carea' id='block_1_42' title="bbox 106 4161 1599 4243">
    <p class='ocr_par' dir='ltr' id='par_1_42' title="bbox 106 4161 1599 4243">
     <span class='ocr_line' id='line_1_42' title="bbox 106 4161 1599 4243; baseline -0.005 -21"><span class='ocrx_word' id='word_1_282' title='bbox 106 4169 293 4227; x_wconf 77' lang='lat' dir='ltr'><strong>suleumis</strong></span> <span class='ocrx_word' id='word_1_283' title='bbox 314 4173 451 4243; x_wconf 88' lang='lat' dir='ltr'><strong>apud</strong></span> <span class='ocrx_word' id='word_1_284' title='bbox 478 4170 710 4239; x_wconf 72' lang='lat' dir='ltr'><strong>eosdem</strong></span> <span class='ocrx_word' id='word_1_285' title='bbox 738 4165 955 4221; x_wconf 69' lang='lat' dir='ltr'><strong>Graecos</strong></span> <span class='ocrx_word' id='word_1_286' title='bbox 1001 4172 1085 4217; x_wconf 92' lang='lat' dir='ltr'><strong>est</strong></span> <span class='ocrx_word' id='word_1_287' title='bbox 1128 4162 1328 4216; x_wconf 89' lang='lat' dir='ltr'><strong>mensis</strong></span> <span class='ocrx_word' id='word_1_288' title='bbox 1358 4161 1599 4215; x_wconf 77' lang='lat' dir='ltr'><strong>Januarii</strong></span> 
     </span>
    </p>
   </div>
   <div class='ocr_carea' id='block_1_43' title="bbox 108 4262 753 4335">
    <p class='ocr_par' dir='ltr' id='par_1_43' title="bbox 108 4262 753 4335">
     <span class='ocr_line' id='line_1_43' title="bbox 108 4262 753 4335; baseline 0.006 -23"><span class='ocrx_word' id='word_1_289' title='bbox 108 4263 327 4321; x_wconf 66' lang='lat' dir='ltr'><strong>vicesimus</strong></span> <span class='ocrx_word' id='word_1_290' title='bbox 354 4266 583 4335; x_wconf 80' lang='lat' dir='ltr'><strong>quintus</strong></span> <span class='ocrx_word' id='word_1_291' title='bbox 614 4262 753 4317; x_wconf 78' lang='lat' dir='ltr'><strong>dies.</strong></span> 
     </span>
    </p>
   </div>
   <div class='ocr_carea' id='block_1_44' title="bbox 107 4342 1598 4421">
    <p class='ocr_par' dir='ltr' id='par_1_44' title="bbox 107 4342 1598 4421">
     <span class='ocr_line' id='line_1_44' title="bbox 107 4342 1598 4421; baseline -0.003 -20"><span class='ocrx_word' id='word_1_292' title='bbox 107 4350 314 4407; x_wconf 70' lang='lat' dir='ltr'><strong>CLXXVI.</strong></span> <span class='ocrx_word' id='word_1_293' title='bbox 356 4356 574 4421; x_wconf 80' lang='lat' dir='ltr'><strong>Quanta</strong></span> <span class='ocrx_word' id='word_1_294' title='bbox 605 4350 745 4419; x_wconf 85' lang='lat' dir='ltr'><strong>apud</strong></span> <span class='ocrx_word' id='word_1_295' title='bbox 772 4363 947 4402; x_wconf 84' lang='lat' dir='ltr'><strong>omnes</strong></span> <span class='ocrx_word' id='word_1_296' title='bbox 984 4342 1225 4415; x_wconf 83' lang='lat' dir='ltr'><strong>Gregorii</strong></span> <span class='ocrx_word' id='word_1_297' title='bbox 1259 4344 1598 4397; x_wconf 73' lang='lat' dir='ltr'><strong>existimatio.</strong></span> 
     </span>
    </p>
   </div>
   <div class='ocr_carea' id='block_1_45' title="bbox 153 4437 1606 4517">
    <p class='ocr_par' dir='ltr' id='par_1_45' title="bbox 153 4437 1606 4517">
     <span class='ocr_line' id='line_1_45' title="bbox 153 4437 1606 4517; baseline -0.002 -21"><span class='ocrx_word' id='word_1_298' title='bbox 153 4444 318 4508; x_wconf 79' lang='lat' dir='ltr'><strong>Quanta</strong></span> <span class='ocrx_word' id='word_1_299' title='bbox 344 4448 502 4502; x_wconf 92' lang='lat' dir='ltr'><strong>fuerit</strong></span> <span class='ocrx_word' id='word_1_300' title='bbox 540 4444 688 4517; x_wconf 28' lang='lat' dir='ltr'><strong>olim‘</strong></span> <span class='ocrx_word' id='word_1_301' title='bbox 706 4441 846 4509; x_wconf 89' lang='lat' dir='ltr'><strong>apud</strong></span> <span class='ocrx_word' id='word_1_302' title='bbox 868 4446 1104 4502; x_wconf 87' lang='lat' dir='ltr'><strong>veteres,</strong></span> <span class='ocrx_word' id='word_1_303' title='bbox 1135 4437 1398 4506; x_wconf 86' lang='lat' dir='ltr'><strong>hodieque</strong></span> <span class='ocrx_word' id='word_1_304' title='bbox 1415 4437 1606 4493; x_wconf 81' lang='lat' dir='ltr'><strong>etiarn-</strong></span> 
     </span>
    </p>
   </div>
   <div class='ocr_carea' id='block_1_46' title="bbox 107 4528 1603 4610">
    <p class='ocr_par' dir='ltr' id='par_1_46' title="bbox 107 4528 1603 4610">
     <span class='ocr_line' id='line_1_46' title="bbox 107 4528 1603 4610; baseline -0.002 -24"><span class='ocrx_word' id='word_1_305' title='bbox 107 4549 193 4589; x_wconf 87' lang='lat' dir='ltr'><strong>num</strong></span> <span class='ocrx_word' id='word_1_306' title='bbox 213 4540 269 4592; x_wconf 87' lang='lat' dir='ltr'><strong>sit</strong></span> <span class='ocrx_word' id='word_1_307' title='bbox 287 4542 414 4610; x_wconf 84' lang='lat' dir='ltr'><strong>apud</strong></span> <span class='ocrx_word' id='word_1_308' title='bbox 452 4528 810 4598; x_wconf 73' lang='lat' dir='ltr'><strong>recentiores,</strong></span> <span class='ocrx_word' id='word_1_309' title='bbox 837 4532 1084 4604; x_wconf 80' lang='lat' dir='ltr'><strong>Gregorii</strong></span> <span class='ocrx_word' id='word_1_310' title='bbox 1128 4531 1353 4600; x_wconf 84' lang='lat' dir='ltr'><strong>ejusque</strong></span> <span class='ocrx_word' id='word_1_311' title='bbox 1380 4545 1603 4598; x_wconf 77' lang='lat' dir='ltr'><strong>operum</strong></span> 
     </span>
    </p>
   </div>
   <div class='ocr_carea' id='block_1_47' title="bbox 1690 672 3249 751">
    <p class='ocr_par' dir='ltr' id='par_1_47' title="bbox 1690 672 3249 751">
     <span class='ocr_line' id='line_1_47' title="bbox 1690 672 3249 751; baseline -0.009 -15"><span class='ocrx_word' id='word_1_312' title='bbox 1690 681 2004 751; x_wconf 88' lang='lat' dir='ltr'><strong>Gregorius.</strong></span> <span class='ocrx_word' id='word_1_313' title='bbox 2048 689 2102 733; x_wconf 90' lang='lat' dir='ltr'><strong>et</strong></span> <span class='ocrx_word' id='word_1_314' title='bbox 2149 694 2271 733; x_wconf 89' lang='lat' dir='ltr'><strong>cum</strong></span> <span class='ocrx_word' id='word_1_315' title='bbox 2323 677 2403 732; x_wconf 88' lang='lat' dir='ltr'><strong>eis</strong></span> <span class='ocrx_word' id='word_1_316' title='bbox 2445 689 2545 731; x_wconf 82' lang='lat' dir='ltr'><strong>tuae</strong></span> <span class='ocrx_word' id='word_1_317' title='bbox 2590 673 2983 728; x_wconf 87' lang='lat' dir='ltr'><strong>criminationis</strong></span> <span class='ocrx_word' id='word_1_318' title='bbox 3032 672 3249 726; x_wconf 89' lang='lat' dir='ltr'><strong>inanem</strong></span> 
     </span>
    </p>
   </div>
   <div class='ocr_carea' id='block_1_48' title="bbox 1690 764 3250 843">
    <p class='ocr_par' dir='ltr' id='par_1_48' title="bbox 1690 764 3250 843">
     <span class='ocr_line' id='line_1_48' title="bbox 1690 764 3250 843; baseline -0.008 -18"><span class='ocrx_word' id='word_1_319' title='bbox 1690 776 1923 843; x_wconf 84' lang='lat' dir='ltr'><strong>patiatur</strong></span> <span class='ocrx_word' id='word_1_320' title='bbox 1976 771 2291 826; x_wconf 86' lang='lat' dir='ltr'><strong>invidiam:</strong></span> <span class='ocrx_word' id='word_1_321' title='bbox 2339 769 2465 823; x_wconf 86' lang='lat' dir='ltr'><strong>dum</strong></span> <span class='ocrx_word' id='word_1_322' title='bbox 2520 779 2698 822; x_wconf 88' lang='lat' dir='ltr'><strong>tamen</strong></span> <span class='ocrx_word' id='word_1_323' title='bbox 2749 780 2871 819; x_wconf 91' lang='lat' dir='ltr'><strong>cum</strong></span> <span class='ocrx_word' id='word_1_324' title='bbox 2923 764 3004 819; x_wconf 86' lang='lat' dir='ltr'><strong>eis</strong></span> <span class='ocrx_word' id='word_1_325' title='bbox 3059 770 3250 816; x_wconf 84' lang='lat' dir='ltr'><strong>contra</strong></span> 
     </span>
    </p>
   </div>
   <div class='ocr_carea' id='block_1_49' title="bbox 1690 856 3256 937">
    <p class='ocr_par' dir='ltr' id='par_1_49' title="bbox 1690 856 3256 937">
     <span class='ocr_line' id='line_1_49' title="bbox 1690 856 3256 937; baseline -0.009 -14"><span class='ocrx_word' id='word_1_326' title='bbox 1690 869 1946 925; x_wconf 88' lang='lat' dir='ltr'><strong>novitiam</strong></span> <span class='ocrx_word' id='word_1_327' title='bbox 1975 856 2180 937; x_wconf 80' lang='lat' dir='ltr'><strong>pestem</strong></span> <span class='ocrx_word' id='word_1_328' title='bbox 2215 875 2486 929; x_wconf 89' lang='lat' dir='ltr'><strong>vestram,</strong></span> <span class='ocrx_word' id='word_1_329' title='bbox 2525 860 2896 917; x_wconf 89' lang='lat' dir='ltr'><strong>medicinalem</strong></span> <span class='ocrx_word' id='word_1_330' title='bbox 2935 857 3177 928; x_wconf 88' lang='lat' dir='ltr'><strong>proferat</strong></span> <span class='ocrx_word' id='word_1_331' title='bbox 3201 866 3256 911; x_wconf 91' lang='lat' dir='ltr'><strong>et</strong></span> 
     </span>
    </p>
   </div>
   <div class='ocr_carea' id='block_1_50' title="bbox 1692 951 3255 1031">
    <p class='ocr_par' dir='ltr' id='par_1_50' title="bbox 1692 951 3255 1031">
     <span class='ocr_line' id='line_1_50' title="bbox 1692 951 3255 1031; baseline -0.009 -17"><span class='ocrx_word' id='word_1_332' title='bbox 1692 965 1807 1031; x_wconf 84' lang='lat' dir='ltr'><strong>ipse</strong></span> <span class='ocrx_word' id='word_1_333' title='bbox 1844 959 2188 1016; x_wconf 89' lang='lat' dir='ltr'><strong>sententiam.</strong></span> <span class='ocrx_word' id='word_1_334' title='bbox 2215 977 2234 1008; x_wconf 74' lang='grc' dir='ltr'><strong>ι</strong></span> <span class='ocrx_word' id='word_1_335' title='bbox 2279 957 2408 1013; x_wconf 65' lang='lat' dir='ltr'><strong>Haec</strong></span> <span class='ocrx_word' id='word_1_336' title='bbox 2450 958 2516 1012; x_wconf 90' lang='lat' dir='ltr'><strong>de</strong></span> <span class='ocrx_word' id='word_1_337' title='bbox 2550 954 2809 1025; x_wconf 82' lang='lat' dir='ltr'><strong>Gregorio</strong></span> <span class='ocrx_word' id='word_1_338' title='bbox 2851 961 3037 1007; x_wconf 88' lang='lat' dir='ltr'><strong>nostro</strong></span> <span class='ocrx_word' id='word_1_339' title='bbox 3076 951 3255 1019; x_wconf 86' lang='lat' dir='ltr'><strong>Augu-</strong></span> 
     </span>
    </p>
   </div>
   <div class='ocr_carea' id='block_1_51' title="bbox 1691 1041 3250 1122">
    <p class='ocr_par' dir='ltr' id='par_1_51' title="bbox 1691 1041 3250 1122">
     <span class='ocr_line' id='line_1_51' title="bbox 1691 1041 3250 1122; baseline -0.007 -14"><span class='ocrx_word' id='word_1_340' title='bbox 1691 1056 1902 1117; x_wconf 91' lang='lat' dir='ltr'><strong>stinus;</strong></span> <span class='ocrx_word' id='word_1_341' title='bbox 1936 1053 2051 1122; x_wconf 89' lang='lat' dir='ltr'><strong>qui,</strong></span> <span class='ocrx_word' id='word_1_342' title='bbox 2087 1050 2315 1119; x_wconf 87' lang='lat' dir='ltr'><strong>prolatis</strong></span> <span class='ocrx_word' id='word_1_343' title='bbox 2345 1048 2591 1117; x_wconf 89' lang='lat' dir='ltr'><strong>pluribus</strong></span> <span class='ocrx_word' id='word_1_344' title='bbox 2627 1045 2871 1115; x_wconf 79' lang='lat' dir='ltr'><strong>Gregorii</strong></span> <span class='ocrx_word' id='word_1_345' title='bbox 2911 1041 3250 1099; x_wconf 84' lang='lat' dir='ltr'><strong>testimoniis.</strong></span> 
     </span>
    </p>
   </div>
   <div class='ocr_carea' id='block_1_52' title="bbox 1693 1132 3256 1215">
    <p class='ocr_par' dir='ltr' id='par_1_52' title="bbox 1693 1132 3256 1215">
     <span class='ocr_line' id='line_1_52' title="bbox 1693 1132 3256 1215; baseline -0.01 -16"><span class='ocrx_word' id='word_1_346' title='bbox 1693 1147 1763 1199; x_wconf 89' lang='lat' dir='ltr'><strong>ita</strong></span> <span class='ocrx_word' id='word_1_347' title='bbox 1793 1146 2136 1215; x_wconf 89' lang='lat' dir='ltr'><strong>prosequitur</strong></span> <span class='ocrx_word' id='word_1_348' title='bbox 2162 1143 2276 1214; x_wconf 80' lang='lat' dir='ltr'><strong>(d):</strong></span> <span class='ocrx_word' id='word_1_349' title='bbox 2304 1160 2322 1192; x_wconf 85' lang='grc'><strong><em>‹</em></strong></span> <span class='ocrx_word' id='word_1_350' title='bbox 2357 1143 2436 1195; x_wconf 80' lang='lat' dir='ltr'><strong>An</strong></span> <span class='ocrx_word' id='word_1_351' title='bbox 2462 1140 2554 1194; x_wconf 89' lang='lat' dir='ltr'><strong>tibi</strong></span> <span class='ocrx_word' id='word_1_352' title='bbox 2585 1155 2745 1209; x_wconf 85' lang='lat' dir='ltr'><strong>parva</strong></span> <span class='ocrx_word' id='word_1_353' title='bbox 2779 1139 2832 1192; x_wconf 93' lang='lat' dir='ltr'><strong>in</strong></span> <span class='ocrx_word' id='word_1_354' title='bbox 2858 1152 2963 1191; x_wconf 91' lang='lat' dir='ltr'><strong>uno</strong></span> <span class='ocrx_word' id='word_1_355' title='bbox 2990 1132 3256 1203; x_wconf 85' lang='lat' dir='ltr'><strong>Gregorio</strong></span> 
     </span>
    </p>
   </div>
   <div class='ocr_carea' id='block_1_53' title="bbox 1692 1223 3258 1304">
    <p class='ocr_par' dir='ltr' id='par_1_53' title="bbox 1692 1223 3258 1304">
     <span class='ocr_line' id='line_1_53' title="bbox 1692 1223 3258 1304; baseline -0.009 -17"><span class='ocrx_word' id='word_1_356' title='bbox 1692 1234 2065 1304; x_wconf 78' lang='lat' dir='ltr'><strong>episcoporum</strong></span> <span class='ocrx_word' id='word_1_357' title='bbox 2111 1230 2469 1288; x_wconf 85' lang='lat' dir='ltr'><strong>Orientalium</strong></span> <span class='ocrx_word' id='word_1_358' title='bbox 2513 1228 2724 1283; x_wconf 84' lang='lat' dir='ltr'><strong>videtur</strong></span> <span class='ocrx_word' id='word_1_359' title='bbox 2772 1223 3106 1280; x_wconf 85' lang='lat' dir='ltr'><strong>auctoritas?</strong></span> <span class='ocrx_word' id='word_1_360' title='bbox 3164 1223 3258 1275; x_wconf 73' lang='lat' dir='ltr'><strong>Est</strong></span> 
     </span>
    </p>
   </div>
   <div class='ocr_carea' id='block_1_54' title="bbox 1695 1313 3256 1398">
    <p class='ocr_par' dir='ltr' id='par_1_54' title="bbox 1695 1313 3256 1398">
     <span class='ocr_line' id='line_1_54' title="bbox 1695 1313 3256 1398; baseline -0.01 -15"><span class='ocrx_word' id='word_1_361' title='bbox 1695 1329 1908 1398; x_wconf 89' lang='lat' dir='ltr'><strong>quidem</strong></span> <span class='ocrx_word' id='word_1_362' title='bbox 1951 1336 2099 1382; x_wconf 89' lang='lat' dir='ltr'><strong>tanta</strong></span> <span class='ocrx_word' id='word_1_363' title='bbox 2129 1338 2382 1393; x_wconf 89' lang='lat' dir='ltr'><strong>persona,</strong></span> <span class='ocrx_word' id='word_1_364' title='bbox 2409 1330 2466 1377; x_wconf 92' lang='lat' dir='ltr'><strong>ut</strong></span> <span class='ocrx_word' id='word_1_365' title='bbox 2496 1335 2670 1390; x_wconf 90' lang='lat' dir='ltr'><strong>neque</strong></span> <span class='ocrx_word' id='word_1_366' title='bbox 2699 1318 2787 1374; x_wconf 89' lang='lat' dir='ltr'><strong>ille</strong></span> <span class='ocrx_word' id='word_1_367' title='bbox 2811 1316 2913 1373; x_wconf 90' lang='lat' dir='ltr'><strong>hoc</strong></span> <span class='ocrx_word' id='word_1_368' title='bbox 2938 1315 3036 1371; x_wconf 91' lang='lat' dir='ltr'><strong>nisi</strong></span> <span class='ocrx_word' id='word_1_369' title='bbox 3067 1330 3133 1370; x_wconf 81' lang='lat' dir='ltr'><strong>ex</strong></span> <span class='ocrx_word' id='word_1_370' title='bbox 3147 1313 3256 1385; x_wconf 75' lang='lat' dir='ltr'><strong>ﬁde</strong></span> 
     </span>
    </p>
   </div>
   <div class='ocr_carea' id='block_1_55' title="bbox 1696 1404 3253 1477">
    <p class='ocr_par' dir='ltr' id='par_1_55' title="bbox 1696 1404 3253 1477">
     <span class='ocr_line' id='line_1_55' title="bbox 1696 1404 3253 1477; baseline -0.014 -1"><span class='ocrx_word' id='word_1_371' title='bbox 1696 1419 2003 1477; x_wconf 90' lang='lat' dir='ltr'><strong>Christiana</strong></span> <span class='ocrx_word' id='word_1_372' title='bbox 2028 1417 2283 1473; x_wconf 91' lang='lat' dir='ltr'><strong>omnibus</strong></span> <span class='ocrx_word' id='word_1_373' title='bbox 2316 1410 2602 1469; x_wconf 87' lang='lat' dir='ltr'><strong>notissima</strong></span> <span class='ocrx_word' id='word_1_374' title='bbox 2628 1411 2868 1471; x_wconf 85' lang='lat' dir='ltr'><strong>diceret;</strong></span> <span class='ocrx_word' id='word_1_375' title='bbox 2908 1421 3006 1461; x_wconf 91' lang='lat' dir='ltr'><strong>nec</strong></span> <span class='ocrx_word' id='word_1_376' title='bbox 3031 1404 3104 1459; x_wconf 86' lang='lat' dir='ltr'><strong>illi</strong></span> <span class='ocrx_word' id='word_1_377' title='bbox 3133 1419 3253 1457; x_wconf 90' lang='lat' dir='ltr'><strong>eum</strong></span> 
     </span>
    </p>
   </div>
   <div class='ocr_carea' id='block_1_56' title="bbox 1693 1494 3258 1571">
    <p class='ocr_par' dir='ltr' id='par_1_56' title="bbox 1693 1494 3258 1571">
     <span class='ocr_line' id='line_1_56' title="bbox 1693 1494 3258 1571; baseline -0.012 -6"><span class='ocrx_word' id='word_1_378' title='bbox 1693 1520 1803 1565; x_wconf 86' lang='lat' dir='ltr'><strong>tam</strong></span> <span class='ocrx_word' id='word_1_379' title='bbox 1841 1510 2045 1564; x_wconf 86' lang='lat' dir='ltr'><strong>clarum</strong></span> <span class='ocrx_word' id='word_1_380' title='bbox 2084 1507 2344 1561; x_wconf 88' lang='lat' dir='ltr'><strong>haberent</strong></span> <span class='ocrx_word' id='word_1_381' title='bbox 2374 1512 2535 1571; x_wconf 89' lang='lat' dir='ltr'><strong>atque</strong></span> <span class='ocrx_word' id='word_1_382' title='bbox 2558 1500 2953 1561; x_wconf 88' lang='lat' dir='ltr'><strong>venerandum,</strong></span> <span class='ocrx_word' id='word_1_383' title='bbox 3008 1494 3108 1550; x_wconf 91' lang='lat' dir='ltr'><strong>nisi</strong></span> <span class='ocrx_word' id='word_1_384' title='bbox 3144 1495 3258 1547; x_wconf 60' lang='lat' dir='ltr'><strong>hac</strong></span> 
     </span>
    </p>
   </div>
   <div class='ocr_carea' id='block_1_57' title="bbox 1697 1588 3258 1669">
    <p class='ocr_par' dir='ltr' id='par_1_57' title="bbox 1697 1588 3258 1669">
     <span class='ocr_line' id='line_1_57' title="bbox 1697 1588 3258 1669; baseline -0.012 -11"><span class='ocrx_word' id='word_1_385' title='bbox 1697 1606 1765 1658; x_wconf 91' lang='lat' dir='ltr'><strong>ab</strong></span> <span class='ocrx_word' id='word_1_386' title='bbox 1813 1602 1903 1656; x_wconf 91' lang='lat' dir='ltr'><strong>illo</strong></span> <span class='ocrx_word' id='word_1_387' title='bbox 1953 1602 2092 1654; x_wconf 86' lang='lat' dir='ltr'><strong>dicta</strong></span> <span class='ocrx_word' id='word_1_388' title='bbox 2132 1615 2198 1656; x_wconf 86' lang='lat' dir='ltr'><strong>ex</strong></span> <span class='ocrx_word' id='word_1_389' title='bbox 2249 1597 2429 1669; x_wconf 87' lang='lat' dir='ltr'><strong>regula</strong></span> <span class='ocrx_word' id='word_1_390' title='bbox 2467 1593 2765 1652; x_wconf 76' lang='lat' dir='ltr'><strong>notissimre</strong></span> <span class='ocrx_word' id='word_1_391' title='bbox 2807 1588 3051 1645; x_wconf 85' lang='lat' dir='ltr'><strong>veritatis</strong></span> <span class='ocrx_word' id='word_1_392' title='bbox 3088 1600 3258 1659; x_wconf 89' lang='lat' dir='ltr'><strong>agno-</strong></span> 
     </span>
    </p>
   </div>
   <div class='ocr_carea' id='block_1_58' title="bbox 1694 1706 1977 1750">
    <p class='ocr_par' dir='ltr' id='par_1_58' title="bbox 1694 1706 1977 1750">
     <span class='ocr_line' id='line_1_58' title="bbox 1694 1706 1977 1750; baseline -0.014 -2"><span class='ocrx_word' id='word_1_393' title='bbox 1694 1706 1930 1750; x_wconf 83' lang='lat' dir='ltr'><strong>scerent.</strong></span> <span class='ocrx_word' id='word_1_394' title='bbox 1956 1714 1977 1745; x_wconf 67' lang='grc' dir='ltr'><strong>ι</strong></span> 
     </span>
    </p>
   </div>
   <div class='ocr_carea' id='block_1_59' title="bbox 2134 1777 2805 1837">
    <p class='ocr_par' dir='ltr' id='par_1_59' title="bbox 2134 1777 2805 1837">
     <span class='ocr_line' id='line_1_59' title="bbox 2134 1777 2805 1837; baseline -0.012 0"><span class='ocrx_word' id='word_1_395' title='bbox 2134 1779 2438 1837; x_wconf 80' lang='lat' dir='ltr'><strong>CLXXVII.</strong></span> <span class='ocrx_word' id='word_1_396' title='bbox 2481 1777 2805 1833; x_wconf 79' lang='lat' dir='ltr'><strong>Translatio.</strong></span> 
     </span>
    </p>
   </div>
   <div class='ocr_carea' id='block_1_60' title="bbox 1766 1866 3263 1945">
    <p class='ocr_par' dir='ltr' id='par_1_60' title="bbox 1766 1866 3263 1945">
     <span class='ocr_line' id='line_1_60' title="bbox 1766 1866 3263 1945; baseline -0.011 -14"><span class='ocrx_word' id='word_1_397' title='bbox 1766 1875 1947 1931; x_wconf 72' lang='lat' dir='ltr'><strong>Sacrae</strong></span> <span class='ocrx_word' id='word_1_398' title='bbox 1984 1876 2231 1945; x_wconf 81' lang='lat' dir='ltr'><strong>Gregorii</strong></span> <span class='ocrx_word' id='word_1_399' title='bbox 2268 1873 2509 1942; x_wconf 65' lang='lat' dir='ltr'><strong>reliquias</strong></span> <span class='ocrx_word' id='word_1_400' title='bbox 2545 1886 2577 1927; x_wconf 90' lang='lat' dir='ltr'><strong>e</strong></span> <span class='ocrx_word' id='word_1_401' title='bbox 2618 1867 2952 1945; x_wconf 81' lang='lat' dir='ltr'><strong>Cappadocia</strong></span> <span class='ocrx_word' id='word_1_402' title='bbox 2992 1866 3263 1920; x_wconf 84' lang='lat' dir='ltr'><strong>Constan—</strong></span> 
     </span>
    </p>
   </div>
   <div class='ocr_carea' id='block_1_61' title="bbox 1622 1953 3261 2030">
    <p class='ocr_par' dir='ltr' id='par_1_61' title="bbox 1622 1953 3261 2030">
     <span class='ocr_line' id='line_1_61' title="bbox 1622 1953 3261 2030; baseline -0.005 -18"><span class='ocrx_word' id='word_1_403' title='bbox 1622 1954 1663 2008; x_wconf 85' lang='lat' dir='ltr'><strong>B</strong></span> <span class='ocrx_word' id='word_1_404' title='bbox 1696 1961 1971 2030; x_wconf 89' lang='lat' dir='ltr'><strong>tinopolim</strong></span> <span class='ocrx_word' id='word_1_405' title='bbox 2024 1962 2302 2016; x_wconf 74' lang='lat' dir='ltr'><strong>translatae</strong></span> <span class='ocrx_word' id='word_1_406' title='bbox 2349 1969 2495 2024; x_wconf 87' lang='lat' dir='ltr'><strong>sunt,</strong></span> <span class='ocrx_word' id='word_1_407' title='bbox 2552 1959 2853 2028; x_wconf 88' lang='lat' dir='ltr'><strong>imperante</strong></span> <span class='ocrx_word' id='word_1_408' title='bbox 2906 1953 3261 2010; x_wconf 89' lang='lat' dir='ltr'><strong>Constantino</strong></span> 
     </span>
    </p>
   </div>
   <div class='ocr_carea' id='block_1_62' title="bbox 1693 2039 3259 2123">
    <p class='ocr_par' dir='ltr' id='par_1_62' title="bbox 1693 2039 3259 2123">
     <span class='ocr_line' id='line_1_62' title="bbox 1693 2039 3259 2123; baseline -0.009 -12"><span class='ocrx_word' id='word_1_409' title='bbox 1693 2052 2177 2123; x_wconf 83' lang='lat' dir='ltr'><strong>Porphyrogeuito,</strong></span> <span class='ocrx_word' id='word_1_410' title='bbox 2233 2052 2324 2121; x_wconf 91' lang='lat' dir='ltr'><strong>qui</strong></span> <span class='ocrx_word' id='word_1_411' title='bbox 2368 2039 2653 2120; x_wconf 81' lang='lat' dir='ltr'><strong>epistolam</strong></span> <span class='ocrx_word' id='word_1_412' title='bbox 2683 2064 2716 2103; x_wconf 89' lang='lat' dir='ltr'><strong>a</strong></span> <span class='ocrx_word' id='word_1_413' title='bbox 2750 2063 2810 2103; x_wconf 90' lang='lat' dir='ltr'><strong>se</strong></span> <span class='ocrx_word' id='word_1_414' title='bbox 2854 2046 3116 2115; x_wconf 82' lang='lat' dir='ltr'><strong>Gregorio</strong></span> <span class='ocrx_word' id='word_1_415' title='bbox 3151 2044 3259 2098; x_wconf 85' lang='lat' dir='ltr'><strong>Na-</strong></span> 
     </span>
    </p>
   </div>
   <div class='ocr_carea' id='block_1_63' title="bbox 1695 2139 3261 2214">
    <p class='ocr_par' dir='ltr' id='par_1_63' title="bbox 1695 2139 3261 2214">
     <span class='ocr_line' id='line_1_63' title="bbox 1695 2139 3261 2214; baseline -0.006 -15"><span class='ocrx_word' id='word_1_416' title='bbox 1695 2146 1951 2201; x_wconf 87' lang='lat' dir='ltr'><strong>zianzeno</strong></span> <span class='ocrx_word' id='word_1_417' title='bbox 2001 2146 2256 2214; x_wconf 88' lang='lat' dir='ltr'><strong>scriptam</strong></span> <span class='ocrx_word' id='word_1_418' title='bbox 2290 2146 2357 2199; x_wconf 87' lang='lat' dir='ltr'><strong>iis</strong></span> <span class='ocrx_word' id='word_1_419' title='bbox 2393 2142 2647 2207; x_wconf 91' lang='lat' dir='ltr'><strong>tradidit,</strong></span> <span class='ocrx_word' id='word_1_420' title='bbox 2690 2142 2887 2212; x_wconf 87' lang='lat' dir='ltr'><strong>quibus</strong></span> <span class='ocrx_word' id='word_1_421' title='bbox 2945 2140 3087 2197; x_wconf 86' lang='lat' dir='ltr'><strong>sacri</strong></span> <span class='ocrx_word' id='word_1_422' title='bbox 3139 2139 3261 2192; x_wconf 88' lang='lat' dir='ltr'><strong>the-</strong></span> 
     </span>
    </p>
   </div>
   <div class='ocr_carea' id='block_1_64' title="bbox 1696 2234 3262 2307">
    <p class='ocr_par' dir='ltr' id='par_1_64' title="bbox 1696 2234 3262 2307">
     <span class='ocr_line' id='line_1_64' title="bbox 1696 2234 3262 2307; baseline -0.006 -16"><span class='ocrx_word' id='word_1_423' title='bbox 1696 2236 1841 2291; x_wconf 88' lang='lat' dir='ltr'><strong>sauri</strong></span> <span class='ocrx_word' id='word_1_424' title='bbox 1873 2237 2388 2307; x_wconf 89' lang='lat' dir='ltr'><strong>Constantinopolim</strong></span> <span class='ocrx_word' id='word_1_425' title='bbox 2413 2236 2711 2292; x_wconf 88' lang='lat' dir='ltr'><strong>devehendi</strong></span> <span class='ocrx_word' id='word_1_426' title='bbox 2741 2250 2868 2290; x_wconf 92' lang='lat' dir='ltr'><strong>cura</strong></span> <span class='ocrx_word' id='word_1_427' title='bbox 2914 2234 3089 2286; x_wconf 84' lang='lat' dir='ltr'><strong>fuerat</strong></span> <span class='ocrx_word' id='word_1_428' title='bbox 3113 2245 3262 2284; x_wconf 81' lang='lat' dir='ltr'><strong>corn-</strong></span> 
     </span>
    </p>
   </div>
   <div class='ocr_carea' id='block_1_65' title="bbox 1698 2326 3262 2401">
    <p class='ocr_par' dir='ltr' id='par_1_65' title="bbox 1698 2326 3262 2401">
     <span class='ocr_line' id='line_1_65' title="bbox 1698 2326 3262 2401; baseline -0.003 -16"><span class='ocrx_word' id='word_1_429' title='bbox 1698 2331 1966 2385; x_wconf 86' lang='lat' dir='ltr'><strong>meadata.</strong></span> <span class='ocrx_word' id='word_1_430' title='bbox 1998 2330 2109 2385; x_wconf 88' lang='lat' dir='ltr'><strong>Hac</strong></span> <span class='ocrx_word' id='word_1_431' title='bbox 2139 2339 2317 2385; x_wconf 89' lang='lat' dir='ltr'><strong>autem</strong></span> <span class='ocrx_word' id='word_1_432' title='bbox 2339 2329 2562 2401; x_wconf 86' lang='lat' dir='ltr'><strong>epistola</strong></span> <span class='ocrx_word' id='word_1_433' title='bbox 2586 2327 2906 2399; x_wconf 80' lang='lat' dir='ltr'><strong>Gregorium</strong></span> <span class='ocrx_word' id='word_1_434' title='bbox 2937 2326 3179 2397; x_wconf 83' lang='lat' dir='ltr'><strong>rogabat,</strong></span> <span class='ocrx_word' id='word_1_435' title='bbox 3200 2327 3262 2380; x_wconf 76' lang='lat' dir='ltr'><strong>ut</strong></span> 
     </span>
    </p>
   </div>
   <div class='ocr_carea' id='block_1_66' title="bbox 1699 2420 3263 2493">
    <p class='ocr_par' dir='ltr' id='par_1_66' title="bbox 1699 2420 3263 2493">
     <span class='ocr_line' id='line_1_66' title="bbox 1699 2420 3263 2493; baseline -0.001 -16"><span class='ocrx_word' id='word_1_436' title='bbox 1699 2439 1767 2478; x_wconf 92' lang='lat' dir='ltr'><strong>ne</strong></span> <span class='ocrx_word' id='word_1_437' title='bbox 1791 2422 2307 2493; x_wconf 74' lang='lat' dir='ltr'><strong>ConsmntinOpolim</strong></span> <span class='ocrx_word' id='word_1_438' title='bbox 2334 2423 2520 2478; x_wconf 89' lang='lat' dir='ltr'><strong>venire</strong></span> <span class='ocrx_word' id='word_1_439' title='bbox 2542 2428 2882 2493; x_wconf 88' lang='lat' dir='ltr'><strong>gravaretur.</strong></span> <span class='ocrx_word' id='word_1_440' title='bbox 2916 2438 2935 2473; x_wconf 74' lang='grc' dir='ltr'>ί</span> <span class='ocrx_word' id='word_1_441' title='bbox 2957 2420 3035 2473; x_wconf 90' lang='lat' dir='ltr'><strong>Tu</strong></span> <span class='ocrx_word' id='word_1_442' title='bbox 3064 2421 3131 2475; x_wconf 88' lang='lat' dir='ltr'><strong>ad</strong></span> <span class='ocrx_word' id='word_1_443' title='bbox 3161 2436 3263 2475; x_wconf 74' lang='lat' dir='ltr'><strong>nos</strong></span> 
     </span>
    </p>
   </div>
   <div class='ocr_carea' id='block_1_67' title="bbox 1698 2512 3262 2585">
    <p class='ocr_par' dir='ltr' id='par_1_67' title="bbox 1698 2512 3262 2585">
     <span class='ocr_line' id='line_1_67' title="bbox 1698 2512 3262 2585; baseline -0.001 -16"><span class='ocrx_word' id='word_1_444' title='bbox 1698 2516 1955 2571; x_wconf 70' lang='lat' dir='ltr'><strong>acc-edere</strong></span> <span class='ocrx_word' id='word_1_445' title='bbox 1980 2530 2047 2571; x_wconf 92' lang='lat' dir='ltr'><strong>ne</strong></span> <span class='ocrx_word' id='word_1_446' title='bbox 2080 2516 2299 2580; x_wconf 89' lang='lat' dir='ltr'><strong>dubita,</strong></span> <span class='ocrx_word' id='word_1_447' title='bbox 2332 2530 2360 2569; x_wconf 89' lang='lat' dir='ltr'><strong>a</strong></span> <span class='ocrx_word' id='word_1_448' title='bbox 2392 2516 2587 2585; x_wconf 89' lang='lat' dir='ltr'><strong>quibus</strong></span> <span class='ocrx_word' id='word_1_449' title='bbox 2628 2515 2819 2585; x_wconf 89' lang='lat' dir='ltr'><strong>spiritu</strong></span> <span class='ocrx_word' id='word_1_450' title='bbox 2854 2528 2916 2568; x_wconf 89' lang='lat' dir='ltr'><strong>ac</strong></span> <span class='ocrx_word' id='word_1_451' title='bbox 2952 2512 3133 2569; x_wconf 82' lang='lat' dir='ltr'><strong>favore</strong></span> <span class='ocrx_word' id='word_1_452' title='bbox 3171 2524 3262 2567; x_wconf 71' lang='lat' dir='ltr'><strong>tuo</strong></span> 
     </span>
    </p>
   </div>
   <div class='ocr_carea' id='block_1_68' title="bbox 1700 2606 3261 2677">
    <p class='ocr_par' dir='ltr' id='par_1_68' title="bbox 1700 2606 3261 2677">
     <span class='ocr_line' id='line_1_68' title="bbox 1700 2606 3261 2677; baseline -0.001 -16"><span class='ocrx_word' id='word_1_453' title='bbox 1700 2621 1971 2677; x_wconf 90' lang='lat' dir='ltr'><strong>nunquam</strong></span> <span class='ocrx_word' id='word_1_454' title='bbox 2001 2606 2168 2673; x_wconf 89' lang='lat' dir='ltr'><strong>absis,</strong></span> <span class='ocrx_word' id='word_1_455' title='bbox 2197 2609 2289 2676; x_wconf 92' lang='lat' dir='ltr'><strong>qui</strong></span> <span class='ocrx_word' id='word_1_456' title='bbox 2323 2606 2482 2675; x_wconf 84' lang='lat' dir='ltr'><strong>plane</strong></span> <span class='ocrx_word' id='word_1_457' title='bbox 2531 2606 2763 2675; x_wconf 87' lang='lat' dir='ltr'><strong>orphani</strong></span> <span class='ocrx_word' id='word_1_458' title='bbox 2797 2614 2853 2660; x_wconf 89' lang='lat' dir='ltr'><strong>ut</strong></span> <span class='ocrx_word' id='word_1_459' title='bbox 2881 2619 3121 2661; x_wconf 89' lang='lat' dir='ltr'><strong>essemus</strong></span> <span class='ocrx_word' id='word_1_460' title='bbox 3155 2620 3261 2660; x_wconf 91' lang='lat' dir='ltr'><strong>nou</strong></span> 
     </span>
    </p>
   </div>
   <div class='ocr_carea' id='block_1_69' title="bbox 1700 2698 3266 2769">
    <p class='ocr_par' dir='ltr' id='par_1_69' title="bbox 1700 2698 3266 2769">
     <span class='ocr_line' id='line_1_69' title="bbox 1700 2698 3266 2769; baseline -0.003 -14"><span class='ocrx_word' id='word_1_461' title='bbox 1700 2716 1760 2756; x_wconf 90' lang='lat' dir='ltr'><strong>es</strong></span> <span class='ocrx_word' id='word_1_462' title='bbox 1811 2714 2075 2769; x_wconf 89' lang='lat' dir='ltr'><strong>passus...</strong></span> <span class='ocrx_word' id='word_1_463' title='bbox 2128 2698 2279 2754; x_wconf 84' lang='lat' dir='ltr'><strong>Votis</strong></span> <span class='ocrx_word' id='word_1_464' title='bbox 2334 2700 2498 2768; x_wconf 86' lang='lat' dir='ltr'><strong>igitur</strong></span> <span class='ocrx_word' id='word_1_465' title='bbox 2550 2700 2654 2768; x_wconf 89' lang='lat' dir='ltr'><strong>piis</strong></span> <span class='ocrx_word' id='word_1_466' title='bbox 2710 2713 2907 2762; x_wconf 89' lang='lat' dir='ltr'><strong>annue,</strong></span> <span class='ocrx_word' id='word_1_467' title='bbox 2966 2699 3032 2752; x_wconf 89' lang='lat' dir='ltr'><strong>ad</strong></span> <span class='ocrx_word' id='word_1_468' title='bbox 3074 2712 3176 2754; x_wconf 88' lang='lat' dir='ltr'><strong>nos</strong></span> <span class='ocrx_word' id='word_1_469' title='bbox 3215 2709 3266 2751; x_wconf 89' lang='lat' dir='ltr'><strong>te</strong></span> 
     </span>
    </p>
   </div>
   <div class='ocr_carea' id='block_1_70' title="bbox 1700 2788 3267 2860">
    <p class='ocr_par' dir='ltr' id='par_1_70' title="bbox 1700 2788 3267 2860">
     <span class='ocr_line' id='line_1_70' title="bbox 1700 2788 3267 2860; baseline -0.003 -14"><span class='ocrx_word' id='word_1_470' title='bbox 1700 2792 1924 2857; x_wconf 88' lang='lat' dir='ltr'><strong>inclina,</strong></span> <span class='ocrx_word' id='word_1_471' title='bbox 1967 2802 2243 2845; x_wconf 86' lang='lat' dir='ltr'><strong>revertere</strong></span> <span class='ocrx_word' id='word_1_472' title='bbox 2288 2793 2354 2845; x_wconf 86' lang='lat' dir='ltr'><strong>ad</strong></span> <span class='ocrx_word' id='word_1_473' title='bbox 2391 2806 2514 2846; x_wconf 90' lang='lat' dir='ltr'><strong>eum</strong></span> <span class='ocrx_word' id='word_1_474' title='bbox 2556 2791 2647 2860; x_wconf 91' lang='lat' dir='ltr'><strong>qui</strong></span> <span class='ocrx_word' id='word_1_475' title='bbox 2686 2799 2839 2846; x_wconf 88' lang='lat' dir='ltr'><strong>tanto</strong></span> <span class='ocrx_word' id='word_1_476' title='bbox 2875 2791 2949 2845; x_wconf 93' lang='lat' dir='ltr'><strong>tui</strong></span> <span class='ocrx_word' id='word_1_477' title='bbox 2999 2788 3267 2845; x_wconf 85' lang='lat' dir='ltr'><strong>desiderio</strong></span> 
     </span>
    </p>
   </div>
   <div class='ocr_carea' id='block_1_71' title="bbox 1704 2883 3267 2954">
    <p class='ocr_par' dir='ltr' id='par_1_71' title="bbox 1704 2883 3267 2954">
     <span class='ocr_line' id='line_1_71' title="bbox 1704 2883 3267 2954; baseline -0.001 -17"><span class='ocrx_word' id='word_1_478' title='bbox 1704 2893 1916 2939; x_wconf 85' lang='lat' dir='ltr'><strong>tenetur</strong></span> <span class='ocrx_word' id='word_1_479' title='bbox 1953 2898 2190 2953; x_wconf 87' lang='lat' dir='ltr'><strong>gregem,</strong></span> <span class='ocrx_word' id='word_1_480' title='bbox 2217 2883 2477 2953; x_wconf 83' lang='lat' dir='ltr'><strong>populum</strong></span> <span class='ocrx_word' id='word_1_481' title='bbox 2507 2893 2655 2938; x_wconf 91' lang='lat' dir='ltr'><strong>tuum</strong></span> <span class='ocrx_word' id='word_1_482' title='bbox 2693 2883 2958 2954; x_wconf 90' lang='lat' dir='ltr'><strong>benignus</strong></span> <span class='ocrx_word' id='word_1_483' title='bbox 2988 2883 3180 2945; x_wconf 88' lang='lat' dir='ltr'><strong>revise,</strong></span> <span class='ocrx_word' id='word_1_484' title='bbox 3212 2883 3267 2937; x_wconf 91' lang='lat' dir='ltr'><strong>in</strong></span> 
     </span>
    </p>
   </div>
   <div class='ocr_carea' id='block_1_72' title="bbox 1702 2974 3271 3046">
    <p class='ocr_par' dir='ltr' id='par_1_72' title="bbox 1702 2974 3271 3046">
     <span class='ocr_line' id='line_1_72' title="bbox 1702 2974 3271 3046; baseline -0.001 -15"><span class='ocrx_word' id='word_1_485' title='bbox 1702 2978 1891 3032; x_wconf 87' lang='lat' dir='ltr'><strong>urbem</strong></span> <span class='ocrx_word' id='word_1_486' title='bbox 1922 2991 2041 3031; x_wconf 88' lang='lat' dir='ltr'><strong>eam</strong></span> <span class='ocrx_word' id='word_1_487' title='bbox 2067 2976 2371 3046; x_wconf 84' lang='lat' dir='ltr'><strong>ingredere,</strong></span> <span class='ocrx_word' id='word_1_488' title='bbox 2401 2976 2452 3031; x_wconf 91' lang='lat' dir='ltr'><strong>in</strong></span> <span class='ocrx_word' id='word_1_489' title='bbox 2480 2991 2584 3046; x_wconf 89' lang='lat' dir='ltr'><strong>qua</strong></span> <span class='ocrx_word' id='word_1_490' title='bbox 2616 2976 3017 3046; x_wconf 87' lang='lat' dir='ltr'><strong>periclitantem</strong></span> <span class='ocrx_word' id='word_1_491' title='bbox 3057 2974 3271 3046; x_wconf 64' lang='lat' dir='ltr'><strong>religio«</strong></span> 
     </span>
    </p>
   </div>
   <div class='ocr_carea' id='block_1_73' title="bbox 1705 3067 3271 3138">
    <p class='ocr_par' dir='ltr' id='par_1_73' title="bbox 1705 3067 3271 3138">
     <span class='ocr_line' id='line_1_73' title="bbox 1705 3067 3271 3138; baseline -0.001 -16"><span class='ocrx_word' id='word_1_492' title='bbox 1705 3068 1789 3123; x_wconf 82' lang='lat' dir='ltr'><strong>nis</strong></span> <span class='ocrx_word' id='word_1_493' title='bbox 1832 3068 2153 3123; x_wconf 70' lang='lat' dir='ltr'><strong>orthodoxa:</strong></span> <span class='ocrx_word' id='word_1_494' title='bbox 2204 3082 2421 3122; x_wconf 83' lang='lat' dir='ltr'><strong>causam</strong></span> <span class='ocrx_word' id='word_1_495' title='bbox 2481 3067 2697 3138; x_wconf 86' lang='lat' dir='ltr'><strong>egregie</strong></span> <span class='ocrx_word' id='word_1_496' title='bbox 2753 3069 3025 3138; x_wconf 86' lang='lat' dir='ltr'><strong>quondam</strong></span> <span class='ocrx_word' id='word_1_497' title='bbox 3081 3067 3271 3123; x_wconf 63' lang='lat' dir='ltr'><strong>coulir«</strong></span> 
     </span>
    </p>
   </div>
   <div class='ocr_carea' id='block_1_74' title="bbox 1704 3156 3283 3227">
    <p class='ocr_par' dir='ltr' id='par_1_74' title="bbox 1704 3156 3283 3227">
     <span class='ocr_line' id='line_1_74' title="bbox 1704 3156 3283 3227; baseline 0 -14"><span class='ocrx_word' id='word_1_498' title='bbox 1704 3159 1884 3213; x_wconf 84' lang='lat' dir='ltr'><strong>masti.</strong></span> <span class='ocrx_word' id='word_1_499' title='bbox 1916 3176 1935 3209; x_wconf 72' lang='grc' dir='ltr'><strong>ι</strong></span> <span class='ocrx_word' id='word_1_500' title='bbox 1971 3156 2159 3213; x_wconf 82' lang='lat' dir='ltr'><strong>Exstat</strong></span> <span class='ocrx_word' id='word_1_501' title='bbox 2197 3159 2306 3213; x_wconf 78' lang='lat' dir='ltr'><strong>hzec</strong></span> <span class='ocrx_word' id='word_1_502' title='bbox 2350 3158 2572 3227; x_wconf 87' lang='lat' dir='ltr'><strong>epistola</strong></span> <span class='ocrx_word' id='word_1_503' title='bbox 2628 3159 2680 3213; x_wconf 90' lang='lat' dir='ltr'><strong>in</strong></span> <span class='ocrx_word' id='word_1_504' title='bbox 2712 3159 2957 3215; x_wconf 89' lang='lat' dir='ltr'><strong>oratione</strong></span> <span class='ocrx_word' id='word_1_505' title='bbox 2994 3160 3176 3214; x_wconf 76' lang='lat' dir='ltr'><strong>habita</strong></span> <span class='ocrx_word' id='word_1_506' title='bbox 3205 3158 3283 3213; x_wconf 79' lang='lat' dir='ltr'><strong>de</strong></span> 
     </span>
    </p>
   </div>
   <div class='ocr_carea' id='block_1_75' title="bbox 1629 3236 3275 3343">
    <p class='ocr_par' dir='ltr' id='par_1_75' title="bbox 1629 3236 3275 3343">
     <span class='ocr_line' id='line_1_75' title="bbox 1629 3236 3275 3343; baseline 0 -39"><span class='ocrx_word' id='word_1_507' title='bbox 1629 3286 1671 3343; x_wconf 63' lang='grc' dir='ltr'>ϐ</span> <span class='ocrx_word' id='word_1_508' title='bbox 1708 3250 2078 3312; x_wconf 88' lang='lat' dir='ltr'><strong>translatione,</strong></span> <span class='ocrx_word' id='word_1_509' title='bbox 2124 3236 2281 3319; x_wconf 81' lang='lat' dir='ltr'><strong>quam</strong></span> <span class='ocrx_word' id='word_1_510' title='bbox 2311 3251 2611 3305; x_wconf 89' lang='lat' dir='ltr'><strong>orationem</strong></span> <span class='ocrx_word' id='word_1_511' title='bbox 2651 3265 2717 3304; x_wconf 84' lang='lat' dir='ltr'><strong>ex</strong></span> <span class='ocrx_word' id='word_1_512' title='bbox 2747 3266 2850 3306; x_wconf 89' lang='lat' dir='ltr'><strong>ms.</strong></span> <span class='ocrx_word' id='word_1_513' title='bbox 2890 3252 3082 3307; x_wconf 71' lang='lat' dir='ltr'><strong>Grmco</strong></span> <span class='ocrx_word' id='word_1_514' title='bbox 3130 3254 3275 3319; x_wconf 83' lang='lat' dir='ltr'><strong>regis</strong></span> 
     </span>
    </p>
   </div>
   <div class='ocr_carea' id='block_1_76' title="bbox 1710 3342 3267 3415">
    <p class='ocr_par' dir='ltr' id='par_1_76' title="bbox 1710 3342 3267 3415">
     <span class='ocr_line' id='line_1_76' title="bbox 1710 3342 3267 3415; baseline -0.001 -18"><span class='ocrx_word' id='word_1_515' title='bbox 1710 3344 1969 3398; x_wconf 62' lang='lat' dir='ltr'><strong>Sardinia:</strong></span> <span class='ocrx_word' id='word_1_516' title='bbox 1988 3342 2178 3398; x_wconf 87' lang='lat' dir='ltr'><strong>Latine</strong></span> <span class='ocrx_word' id='word_1_517' title='bbox 2198 3344 2481 3413; x_wconf 86' lang='lat' dir='ltr'><strong>vulgarunt</strong></span> <span class='ocrx_word' id='word_1_518' title='bbox 2500 3344 2865 3404; x_wconf 73' lang='lat' dir='ltr'><strong>Bollandistre.</strong></span> <span class='ocrx_word' id='word_1_519' title='bbox 2899 3361 2951 3415; x_wconf 91' lang='lat' dir='ltr'><strong>p.</strong></span> <span class='ocrx_word' id='word_1_520' title='bbox 2988 3344 3116 3408; x_wconf 71' lang='grc'><strong>448,</strong></span> <span class='ocrx_word' id='word_1_521' title='bbox 3135 3356 3267 3409; x_wconf 90' lang='lat' dir='ltr'><strong>etc.,</strong></span> 
     </span>
    </p>
   </div>
   <div class='ocr_carea' id='block_1_77' title="bbox 1661 3432 3274 3503">
    <p class='ocr_par' dir='ltr' id='par_1_77' title="bbox 1661 3432 3274 3503">
     <span class='ocr_line' id='line_1_77' title="bbox 1661 3432 3274 3503; baseline -0.001 -15"><span class='ocrx_word' id='word_1_522' title='bbox 1661 3433 1669 3442; x_wconf 92' lang='grc'><em>’</em></span> <span class='ocrx_word' id='word_1_523' title='bbox 1707 3432 1893 3488; x_wconf 70' lang='lat' dir='ltr'><strong>Graece</strong></span> <span class='ocrx_word' id='word_1_524' title='bbox 1927 3448 2173 3502; x_wconf 79' lang='lat' dir='ltr'><strong>quoque,</strong></span> <span class='ocrx_word' id='word_1_525' title='bbox 2208 3449 2259 3503; x_wconf 90' lang='lat' dir='ltr'><strong>p.</strong></span> <span class='ocrx_word' id='word_1_526' title='bbox 2299 3433 2422 3498; x_wconf 86' lang='lat'><strong>769,</strong></span> <span class='ocrx_word' id='word_1_527' title='bbox 2461 3442 2565 3490; x_wconf 89' lang='lat' dir='ltr'><strong>etc.</strong></span> <span class='ocrx_word' id='word_1_528' title='bbox 2606 3432 2643 3487; x_wconf 89' lang='lat' dir='ltr'><strong>li</strong></span> <span class='ocrx_word' id='word_1_529' title='bbox 2679 3449 2807 3487; x_wconf 90' lang='lat' dir='ltr'><strong>vero</strong></span> <span class='ocrx_word' id='word_1_530' title='bbox 2839 3433 2930 3502; x_wconf 90' lang='lat' dir='ltr'><strong>qui</strong></span> <span class='ocrx_word' id='word_1_531' title='bbox 2972 3434 3122 3489; x_wconf 90' lang='lat' dir='ltr'><strong>missi</strong></span> <span class='ocrx_word' id='word_1_532' title='bbox 3157 3432 3274 3487; x_wconf 86' lang='lat' dir='ltr'><strong>fue-</strong></span> 
     </span>
    </p>
   </div>
   <div class='ocr_carea' id='block_1_78' title="bbox 1711 3518 3287 3595">
    <p class='ocr_par' dir='ltr' id='par_1_78' title="bbox 1711 3518 3287 3595">
     <span class='ocr_line' id='line_1_78' title="bbox 1711 3518 3287 3595; baseline -0.001 -15"><span class='ocrx_word' id='word_1_533' title='bbox 1711 3536 1850 3593; x_wconf 89' lang='lat' dir='ltr'><strong>rant,</strong></span> <span class='ocrx_word' id='word_1_534' title='bbox 1880 3526 2126 3595; x_wconf 84' lang='lat' dir='ltr'><strong>Gregorii</strong></span> <span class='ocrx_word' id='word_1_535' title='bbox 2154 3540 2277 3580; x_wconf 90' lang='lat' dir='ltr'><strong>ossa</strong></span> <span class='ocrx_word' id='word_1_536' title='bbox 2319 3525 2479 3595; x_wconf 88' lang='lat' dir='ltr'><strong>plane</strong></span> <span class='ocrx_word' id='word_1_537' title='bbox 2513 3525 2717 3595; x_wconf 84' lang='lat' dir='ltr'><strong>integra</strong></span> <span class='ocrx_word' id='word_1_538' title='bbox 2762 3535 3100 3594; x_wconf 91' lang='lat' dir='ltr'><strong>repererunt,</strong></span> <span class='ocrx_word' id='word_1_539' title='bbox 3132 3518 3287 3579; x_wconf 42' lang='lat' dir='ltr'><strong>inso-&#39;</strong></span> 
     </span>
    </p>
   </div>
   <div class='ocr_carea' id='block_1_79' title="bbox 1710 3616 3278 3686">
    <p class='ocr_par' dir='ltr' id='par_1_79' title="bbox 1710 3616 3278 3686">
     <span class='ocr_line' id='line_1_79' title="bbox 1710 3616 3278 3686; baseline -0.001 -15"><span class='ocrx_word' id='word_1_540' title='bbox 1710 3617 1857 3672; x_wconf 80' lang='lat' dir='ltr'><strong>litant</strong></span> <span class='ocrx_word' id='word_1_541' title='bbox 1884 3628 1938 3671; x_wconf 90' lang='lat' dir='ltr'><strong>et</strong></span> <span class='ocrx_word' id='word_1_542' title='bbox 1962 3616 2394 3686; x_wconf 88' lang='lat' dir='ltr'><strong>inexplicabilem</strong></span> <span class='ocrx_word' id='word_1_543' title='bbox 2415 3617 2597 3672; x_wconf 88' lang='lat' dir='ltr'><strong>odoris</strong></span> <span class='ocrx_word' id='word_1_544' title='bbox 2614 3616 2964 3686; x_wconf 84' lang='lat' dir='ltr'><strong>fragrantiam</strong></span> <span class='ocrx_word' id='word_1_545' title='bbox 2988 3616 3278 3686; x_wconf 64' lang='lat' dir='ltr'><strong>spirantia,</strong></span> 
     </span>
    </p>
   </div>
   <div class='ocr_carea' id='block_1_80' title="bbox 1710 3707 3273 3779">
    <p class='ocr_par' dir='ltr' id='par_1_80' title="bbox 1710 3707 3273 3779">
     <span class='ocr_line' id='line_1_80' title="bbox 1710 3707 3273 3779; baseline -0.001 -15"><span class='ocrx_word' id='word_1_546' title='bbox 1710 3724 1879 3779; x_wconf 88' lang='lat' dir='ltr'><strong>eaque</strong></span> <span class='ocrx_word' id='word_1_547' title='bbox 1910 3710 2082 3764; x_wconf 89' lang='lat' dir='ltr'><strong>loculo</strong></span> <span class='ocrx_word' id='word_1_548' title='bbox 2118 3710 2185 3763; x_wconf 90' lang='lat' dir='ltr'><strong>ad</strong></span> <span class='ocrx_word' id='word_1_549' title='bbox 2215 3710 2263 3765; x_wconf 88' lang='lat' dir='ltr'><strong>id</strong></span> <span class='ocrx_word' id='word_1_550' title='bbox 2288 3719 2475 3778; x_wconf 87' lang='lat' dir='ltr'><strong>parato</strong></span> <span class='ocrx_word' id='word_1_551' title='bbox 2518 3709 2768 3778; x_wconf 88' lang='lat' dir='ltr'><strong>imposita</strong></span> <span class='ocrx_word' id='word_1_552' title='bbox 2806 3707 2908 3762; x_wconf 71' lang='lat' dir='ltr'><strong>lurti</strong></span> <span class='ocrx_word' id='word_1_553' title='bbox 2944 3708 3273 3764; x_wconf 91' lang='lat' dir='ltr'><strong>detulerunt.</strong></span> 
     </span>
    </p>
   </div>
   <div class='ocr_carea' id='block_1_81' title="bbox 1712 3799 3348 3876">
    <p class='ocr_par' dir='ltr' id='par_1_81' title="bbox 1712 3799 3348 3876">
     <span class='ocr_line' id='line_1_81' title="bbox 1712 3799 3348 3876; baseline -0.001 -23"><span class='ocrx_word' id='word_1_554' title='bbox 1712 3799 2006 3867; x_wconf 83' lang='lat' dir='ltr'><strong>Imperator</strong></span> <span class='ocrx_word' id='word_1_555' title='bbox 2053 3814 2176 3855; x_wconf 89' lang='lat' dir='ltr'><strong>cum</strong></span> <span class='ocrx_word' id='word_1_556' title='bbox 2228 3800 2633 3865; x_wconf 88' lang='lat' dir='ltr'><strong>sacerdotibus,</strong></span> <span class='ocrx_word' id='word_1_557' title='bbox 2669 3799 3032 3869; x_wconf 90' lang='lat' dir='ltr'><strong>omnibusque</strong></span> <span class='ocrx_word' id='word_1_558' title='bbox 3066 3814 3289 3876; x_wconf 48' lang='lat' dir='ltr'><strong>magna;</strong></span> <span class='ocrx_word' id='word_1_559' title='bbox 3342 3819 3348 3833; x_wconf 76' lang='grc' dir='ltr'>ι</span> 
     </span>
    </p>
   </div>
   <div class='ocr_carea' id='block_1_82' title="bbox 1713 3890 3278 3961">
    <p class='ocr_par' dir='ltr' id='par_1_82' title="bbox 1713 3890 3278 3961">
     <span class='ocr_line' id='line_1_82' title="bbox 1713 3890 3278 3961; baseline -0.003 -16"><span class='ocrx_word' id='word_1_560' title='bbox 1713 3893 1859 3947; x_wconf 89' lang='lat' dir='ltr'><strong>urbis</strong></span> <span class='ocrx_word' id='word_1_561' title='bbox 1880 3891 2090 3958; x_wconf 88' lang='lat' dir='ltr'><strong>incolis,</strong></span> <span class='ocrx_word' id='word_1_562' title='bbox 2126 3891 2421 3946; x_wconf 81' lang='lat' dir='ltr'><strong>honorifice</strong></span> <span class='ocrx_word' id='word_1_563' title='bbox 2451 3892 2664 3947; x_wconf 89' lang='lat' dir='ltr'><strong>obviam</strong></span> <span class='ocrx_word' id='word_1_564' title='bbox 2693 3890 2918 3961; x_wconf 86' lang='lat' dir='ltr'><strong>profecti</strong></span> <span class='ocrx_word' id='word_1_565' title='bbox 2952 3900 3077 3945; x_wconf 89' lang='lat' dir='ltr'><strong>sunt</strong></span> <span class='ocrx_word' id='word_1_566' title='bbox 3108 3893 3278 3944; x_wconf 83' lang='lat' dir='ltr'><strong>sacris</strong></span> 
     </span>
    </p>
   </div>
   <div class='ocr_carea' id='block_1_83' title="bbox 1714 3980 3275 4052">
    <p class='ocr_par' dir='ltr' id='par_1_83' title="bbox 1714 3980 3275 4052">
     <span class='ocr_line' id='line_1_83' title="bbox 1714 3980 3275 4052; baseline 0 -18"><span class='ocrx_word' id='word_1_567' title='bbox 1714 3981 1979 4052; x_wconf 84' lang='lat' dir='ltr'><strong>reliquiis,</strong></span> <span class='ocrx_word' id='word_1_568' title='bbox 2016 3996 2136 4051; x_wconf 83' lang='lat' dir='ltr'><strong>quae</strong></span> <span class='ocrx_word' id='word_1_569' title='bbox 2159 3982 2391 4051; x_wconf 91' lang='lat' dir='ltr'><strong>primum</strong></span> <span class='ocrx_word' id='word_1_570' title='bbox 2428 3980 2569 4035; x_wconf 91' lang='lat' dir='ltr'><strong>intra</strong></span> <span class='ocrx_word' id='word_1_571' title='bbox 2602 3981 2779 4051; x_wconf 88' lang='lat' dir='ltr'><strong>regias</strong></span> <span class='ocrx_word' id='word_1_572' title='bbox 2813 3981 2975 4045; x_wconf 71' lang='lat' dir='ltr'><strong>aedes,</strong></span> <span class='ocrx_word' id='word_1_573' title='bbox 3012 3980 3064 4034; x_wconf 91' lang='lat' dir='ltr'><strong>in</strong></span> <span class='ocrx_word' id='word_1_574' title='bbox 3092 3980 3275 4050; x_wconf 85' lang='lat' dir='ltr'><strong>palatii</strong></span> 
     </span>
    </p>
   </div>
   <div class='ocr_carea' id='block_1_84' title="bbox 1712 4073 3281 4144">
    <p class='ocr_par' dir='ltr' id='par_1_84' title="bbox 1712 4073 3281 4144">
     <span class='ocr_line' id='line_1_84' title="bbox 1712 4073 3281 4144; baseline -0.001 -16"><span class='ocrx_word' id='word_1_575' title='bbox 1712 4075 1960 4139; x_wconf 89' lang='lat' dir='ltr'><strong>ecclesia,</strong></span> <span class='ocrx_word' id='word_1_576' title='bbox 1988 4089 2083 4130; x_wconf 90' lang='lat' dir='ltr'><strong>seu</strong></span> <span class='ocrx_word' id='word_1_577' title='bbox 2121 4074 2377 4140; x_wconf 88' lang='lat' dir='ltr'><strong>oratorio,</strong></span> <span class='ocrx_word' id='word_1_578' title='bbox 2410 4073 2689 4142; x_wconf 81' lang='lat' dir='ltr'><strong>depositae,</strong></span> <span class='ocrx_word' id='word_1_579' title='bbox 2730 4083 3024 4144; x_wconf 87' lang='lat' dir='ltr'><strong>posteaque</strong></span> <span class='ocrx_word' id='word_1_580' title='bbox 3051 4074 3103 4128; x_wconf 92' lang='lat' dir='ltr'><strong>in</strong></span> <span class='ocrx_word' id='word_1_581' title='bbox 3137 4074 3281 4143; x_wconf 77' lang='lat' dir='ltr'><strong>Apo-</strong></span> 
     </span>
    </p>
   </div>
   <div class='ocr_carea' id='block_1_85' title="bbox 1711 4152 3291 4236">
    <p class='ocr_par' dir='ltr' id='par_1_85' title="bbox 1711 4152 3291 4236">
     <span class='ocr_line' id='line_1_85' title="bbox 1711 4152 3291 4236; baseline -0.003 -16"><span class='ocrx_word' id='word_1_582' title='bbox 1711 4166 1972 4221; x_wconf 90' lang='lat' dir='ltr'><strong>stolorum</strong></span> <span class='ocrx_word' id='word_1_583' title='bbox 2011 4165 2207 4236; x_wconf 91' lang='lat' dir='ltr'><strong>templo</strong></span> <span class='ocrx_word' id='word_1_584' title='bbox 2252 4165 2403 4233; x_wconf 86' lang='lat' dir='ltr'><strong>juxta</strong></span> <span class='ocrx_word' id='word_1_585' title='bbox 2444 4164 2617 4220; x_wconf 90' lang='lat' dir='ltr'><strong>sancti</strong></span> <span class='ocrx_word' id='word_1_586' title='bbox 2661 4164 3034 4235; x_wconf 81' lang='lat' dir='ltr'><strong>Chrysostomi</strong></span> <span class='ocrx_word' id='word_1_587' title='bbox 3081 4152 3291 4233; x_wconf 52' lang='lat' dir='ltr'><strong>corpus?</strong></span> 
     </span>
    </p>
   </div>
   <div class='ocr_carea' id='block_1_86' title="bbox 1714 4256 2133 4325">
    <p class='ocr_par' dir='ltr' id='par_1_86' title="bbox 1714 4256 2133 4325">
     <span class='ocr_line' id='line_1_86' title="bbox 1714 4256 2133 4325; baseline -0.005 -14"><span class='ocrx_word' id='word_1_588' title='bbox 1714 4256 1960 4325; x_wconf 65' lang='lat' dir='ltr'><strong>reposita:</strong></span> <span class='ocrx_word' id='word_1_589' title='bbox 1989 4265 2133 4311; x_wconf 89' lang='lat' dir='ltr'><strong>sunt.</strong></span> 
     </span>
    </p>
   </div>
   <div class='ocr_carea' id='block_1_87' title="bbox 1712 4367 3277 4494">
    <p class='ocr_par' dir='ltr' id='par_1_87' title="bbox 1712 4367 3277 4494">
     <span class='ocr_line' id='line_1_87' title="bbox 1712 4367 3277 4439; baseline -0.002 -15"><span class='ocrx_word' id='word_1_590' title='bbox 1712 4369 2037 4426; x_wconf 76' lang='lat' dir='ltr'><strong>CLXXVIII.</strong></span> <span class='ocrx_word' id='word_1_591' title='bbox 2124 4369 2303 4424; x_wconf 78' lang='lat' dir='ltr'><strong>Altera</strong></span> <span class='ocrx_word' id='word_1_592' title='bbox 2377 4370 2656 4423; x_wconf 75' lang='lat' dir='ltr'><strong>translatio</strong></span> <span class='ocrx_word' id='word_1_593' title='bbox 2729 4371 2966 4438; x_wconf 84' lang='lat' dir='ltr'><strong>corporis</strong></span> <span class='ocrx_word' id='word_1_594' title='bbox 3036 4367 3277 4439; x_wconf 81' lang='lat' dir='ltr'><strong>Gregorii</strong></span> 
     </span>
     <span class='ocr_line' id='line_1_88' title="bbox 2310 4437 2681 4494; baseline 0 0"><span class='ocrx_word' id='word_1_595' title='bbox 2310 4437 2421 4494; x_wconf 81' lang='lat' dir='ltr'><strong>CP.</strong></span> <span class='ocrx_word' id='word_1_596' title='bbox 2448 4439 2681 4494; x_wconf 82' lang='lat' dir='ltr'><strong>Romam.</strong></span> 
     </span>
    </p>
   </div>
   <div class='ocr_carea' id='block_1_88' title="bbox 2407 4455 2681 4495">
    <p class='ocr_par' dir='ltr' id='par_1_88' title="bbox 2407 4455 2681 4495">
     <span class='ocr_line' id='line_1_89' title="bbox 2407 4455 2681 4495; baseline 0.007 -2"><span class='ocrx_word' id='word_1_597' title='bbox 2407 4480 2421 4493; x_wconf 86' lang='lat'><strong>.</strong></span> <span class='ocrx_word' id='word_1_598' title='bbox 2448 4455 2681 4495; x_wconf 67' lang='lat' dir='ltr'><strong>“omam.</strong></span> 
     </span>
    </p>
   </div>
   <div class='ocr_carea' id='block_1_89' title="bbox 1781 4532 3276 4602">
    <p class='ocr_par' dir='ltr' id='par_1_89' title="bbox 1781 4532 3276 4602">
     <span class='ocr_line' id='line_1_90' title="bbox 1781 4532 3276 4602; baseline -0.001 -16"><span class='ocrx_word' id='word_1_599' title='bbox 1781 4533 2016 4588; x_wconf 85' lang='lat' dir='ltr'><strong>Alteram</strong></span> <span class='ocrx_word' id='word_1_600' title='bbox 2050 4534 2292 4602; x_wconf 77' lang='lat' dir='ltr'><strong>corporis</strong></span> <span class='ocrx_word' id='word_1_601' title='bbox 2329 4534 2502 4589; x_wconf 88' lang='lat' dir='ltr'><strong>sancti</strong></span> <span class='ocrx_word' id='word_1_602' title='bbox 2540 4532 2786 4602; x_wconf 87' lang='lat' dir='ltr'><strong>Gregorii</strong></span> <span class='ocrx_word' id='word_1_603' title='bbox 2826 4551 2844 4583; x_wconf 69' lang='grc' dir='ltr'>ι</span> <span class='ocrx_word' id='word_1_604' title='bbox 2872 4534 3276 4588; x_wconf 87' lang='lat' dir='ltr'><strong>translationem</strong></span> 
     </span>
    </p>
   </div>
   <div class='ocr_carea' id='block_1_90' title="bbox 108 4622 3282 4697">
    <p class='ocr_par' dir='ltr' id='par_1_90' title="bbox 108 4622 3282 4697">
     <span class='ocr_line' id='line_1_91' title="bbox 108 4622 3282 4697; baseline -0.001 -17"><span class='ocrx_word' id='word_1_605' title='bbox 108 4627 383 4696; x_wconf 73' lang='lat' dir='ltr'><strong>existimatio,</strong></span> <span class='ocrx_word' id='word_1_606' title='bbox 418 4633 547 4687; x_wconf 88' lang='lat' dir='ltr'><strong>inde</strong></span> <span class='ocrx_word' id='word_1_607' title='bbox 586 4636 820 4689; x_wconf 84' lang='lat' dir='ltr'><strong>constat,</strong></span> <span class='ocrx_word' id='word_1_608' title='bbox 855 4629 995 4694; x_wconf 90' lang='lat' dir='ltr'><strong>quod</strong></span> <span class='ocrx_word' id='word_1_609' title='bbox 1033 4622 1219 4679; x_wconf 84' lang='lat' dir='ltr'><strong>Patres</strong></span> <span class='ocrx_word' id='word_1_610' title='bbox 1254 4637 1443 4677; x_wconf 87' lang='lat' dir='ltr'><strong>omnes</strong></span> <span class='ocrx_word' id='word_1_611' title='bbox 1497 4634 1600 4675; x_wconf 92' lang='lat' dir='ltr'><strong>non</strong></span> <span class='ocrx_word' id='word_1_612' title='bbox 1640 4646 1683 4697; x_wconf 69' lang='grc' dir='ltr'><strong>υ</strong></span> <span class='ocrx_word' id='word_1_613' title='bbox 1712 4623 2172 4694; x_wconf 89' lang='lat' dir='ltr'><strong>Constantinopoli</strong></span> <span class='ocrx_word' id='word_1_614' title='bbox 2214 4624 2439 4679; x_wconf 78' lang='lat' dir='ltr'><strong>Romam</strong></span> <span class='ocrx_word' id='word_1_615' title='bbox 2500 4623 2732 4687; x_wconf 88' lang='lat' dir='ltr'><strong>factam,</strong></span> <span class='ocrx_word' id='word_1_616' title='bbox 2804 4623 2959 4677; x_wconf 84' lang='lat' dir='ltr'><strong>firma</strong></span> <span class='ocrx_word' id='word_1_617' title='bbox 3023 4633 3282 4692; x_wconf 85' lang='lat' dir='ltr'><strong>certaque</strong></span> 
     </span>
    </p>
   </div>
   <div class='ocr_carea' id='block_1_91' title="bbox 110 4713 1605 4789">
    <p class='ocr_par' dir='ltr' id='par_1_91' title="bbox 110 4713 1605 4789">
     <span class='ocr_line' id='line_1_92' title="bbox 110 4713 1605 4789; baseline 0 -23"><span class='ocrx_word' id='word_1_618' title='bbox 110 4724 258 4773; x_wconf 75' lang='lat' dir='ltr'><strong>tantum</strong></span> <span class='ocrx_word' id='word_1_619' title='bbox 284 4722 464 4789; x_wconf 69' lang='lat' dir='ltr'><strong>Graeci,</strong></span> <span class='ocrx_word' id='word_1_620' title='bbox 496 4735 685 4776; x_wconf 84' lang='lat' dir='ltr'><strong>verum</strong></span> <span class='ocrx_word' id='word_1_621' title='bbox 703 4720 861 4774; x_wconf 88' lang='lat' dir='ltr'><strong>etiam</strong></span> <span class='ocrx_word' id='word_1_622' title='bbox 887 4716 1085 4780; x_wconf 89' lang='lat' dir='ltr'><strong>Latini,</strong></span> <span class='ocrx_word' id='word_1_623' title='bbox 1115 4731 1177 4769; x_wconf 89' lang='lat' dir='ltr'><strong>ac</strong></span> <span class='ocrx_word' id='word_1_624' title='bbox 1201 4713 1452 4784; x_wconf 87' lang='lat' dir='ltr'><strong>theologi,</strong></span> <span class='ocrx_word' id='word_1_625' title='bbox 1489 4729 1605 4767; x_wconf 88' lang='lat' dir='ltr'><strong>nec-</strong></span> 
     </span>
    </p>
   </div>
   <div class='ocr_carea' id='block_1_92' title="bbox 110 4804 1607 4882">
    <p class='ocr_par' dir='ltr' id='par_1_92' title="bbox 110 4804 1607 4882">
     <span class='ocr_line' id='line_1_93' title="bbox 110 4804 1607 4882; baseline 0 -26"><span class='ocrx_word' id='word_1_626' title='bbox 110 4822 180 4861; x_wconf 78' lang='lat' dir='ltr'><strong>non</strong></span> <span class='ocrx_word' id='word_1_627' title='bbox 211 4812 585 4882; x_wconf 81' lang='lat' dir='ltr'><strong>Scripturarum</strong></span> <span class='ocrx_word' id='word_1_628' title='bbox 631 4811 977 4880; x_wconf 89' lang='lat' dir='ltr'><strong>interpretes,</strong></span> <span class='ocrx_word' id='word_1_629' title='bbox 1015 4808 1068 4860; x_wconf 92' lang='lat' dir='ltr'><strong>iu</strong></span> <span class='ocrx_word' id='word_1_630' title='bbox 1128 4805 1434 4860; x_wconf 74' lang='lat' dir='ltr'><strong>aSLruendis</strong></span> <span class='ocrx_word' id='word_1_631' title='bbox 1489 4804 1607 4857; x_wconf 86' lang='lat' dir='ltr'><strong>lidei</strong></span> 
     </span>
    </p>
   </div>
   <div class='ocr_carea' id='block_1_93' title="bbox 110 4893 1624 4974">
    <p class='ocr_par' dir='ltr' id='par_1_93' title="bbox 110 4893 1624 4974">
     <span class='ocr_line' id='line_1_94' title="bbox 110 4893 1624 4974; baseline -0.007 -20"><span class='ocrx_word' id='word_1_632' title='bbox 110 4899 396 4972; x_wconf 75' lang='lat' dir='ltr'><strong>dogmatibus,</strong></span> <span class='ocrx_word' id='word_1_633' title='bbox 440 4902 817 4974; x_wconf 88' lang='lat' dir='ltr'><strong>oppugnandis</strong></span> <span class='ocrx_word' id='word_1_634' title='bbox 846 4899 1127 4955; x_wconf 89' lang='lat' dir='ltr'><strong>erroribus</strong></span> <span class='ocrx_word' id='word_1_635' title='bbox 1177 4905 1234 4951; x_wconf 92' lang='lat' dir='ltr'><strong>et</strong></span> <span class='ocrx_word' id='word_1_636' title='bbox 1270 4893 1624 4963; x_wconf 71' lang='lat' dir='ltr'><strong>exponendis</strong></span> 
     </span>
    </p>
   </div>
   <div class='ocr_carea' id='block_1_94' title="bbox 110 4988 1602 5068">
    <p class='ocr_par' dir='ltr' id='par_1_94' title="bbox 110 4988 1602 5068">
     <span class='ocr_line' id='line_1_95' title="bbox 110 4988 1602 5068; baseline -0.003 -22"><span class='ocrx_word' id='word_1_637' title='bbox 110 4990 355 5063; x_wconf 81' lang='lat' dir='ltr'><strong>Scripturis,</strong></span> <span class='ocrx_word' id='word_1_638' title='bbox 399 4999 568 5068; x_wconf 88' lang='lat' dir='ltr'><strong>ipsius</strong></span> <span class='ocrx_word' id='word_1_639' title='bbox 614 4994 992 5049; x_wconf 83' lang='lat' dir='ltr'><strong>auctoritatem</strong></span> <span class='ocrx_word' id='word_1_640' title='bbox 1040 4989 1242 5058; x_wconf 89' lang='lat' dir='ltr'><strong>passim</strong></span> <span class='ocrx_word' id='word_1_641' title='bbox 1289 4988 1602 5042; x_wconf 86' lang='lat' dir='ltr'><strong>adhibeant.</strong></span> 
     </span>
    </p>
   </div>
   <div class='ocr_carea' id='block_1_95' title="bbox 112 5078 1607 5156">
    <p class='ocr_par' dir='ltr' id='par_1_95' title="bbox 112 5078 1607 5156">
     <span class='ocr_line' id='line_1_96' title="bbox 112 5078 1607 5156; baseline -0.002 -22"><span class='ocrx_word' id='word_1_642' title='bbox 112 5079 305 5156; x_wconf 71' lang='lat' dir='ltr'><strong>Exemplo</strong></span> <span class='ocrx_word' id='word_1_643' title='bbox 329 5102 441 5142; x_wconf 87' lang='lat' dir='ltr'><strong>esse</strong></span> <span class='ocrx_word' id='word_1_644' title='bbox 474 5096 655 5156; x_wconf 88' lang='lat' dir='ltr'><strong>potest</strong></span> <span class='ocrx_word' id='word_1_645' title='bbox 686 5125 703 5149; x_wconf 92' lang='lat'><strong>,</strong></span> <span class='ocrx_word' id='word_1_646' title='bbox 739 5094 794 5138; x_wconf 91' lang='lat' dir='ltr'><strong>ct</strong></span> <span class='ocrx_word' id='word_1_647' title='bbox 834 5083 1004 5137; x_wconf 87' lang='lat' dir='ltr'><strong>instar</strong></span> <span class='ocrx_word' id='word_1_648' title='bbox 1036 5079 1276 5135; x_wconf 88' lang='lat' dir='ltr'><strong>omnium</strong></span> <span class='ocrx_word' id='word_1_649' title='bbox 1312 5078 1383 5132; x_wconf 89' lang='lat' dir='ltr'><strong>sit</strong></span> <span class='ocrx_word' id='word_1_650' title='bbox 1424 5079 1607 5144; x_wconf 87' lang='lat' dir='ltr'><strong>Augu-</strong></span> 
     </span>
    </p>
   </div>
   <div class='ocr_carea' id='block_1_96' title="bbox 110 5156 1601 5248">
    <p class='ocr_par' dir='ltr' id='par_1_96' title="bbox 110 5156 1601 5248">
     <span class='ocr_line' id='line_1_97' title="bbox 110 5156 1601 5248; baseline -0.001 -26"><span class='ocrx_word' id='word_1_651' title='bbox 110 5173 250 5242; x_wconf 79' lang='lat' dir='ltr'><strong>Stinus,</strong></span> <span class='ocrx_word' id='word_1_652' title='bbox 295 5180 377 5248; x_wconf 89' lang='lat' dir='ltr'><strong>qui</strong></span> <span class='ocrx_word' id='word_1_653' title='bbox 422 5179 565 5233; x_wconf 85' lang='lat' dir='ltr'><strong>lib.t</strong></span> <span class='ocrx_word' id='word_1_654' title='bbox 608 5176 807 5231; x_wconf 86' lang='lat' dir='ltr'><strong>Contra</strong></span> <span class='ocrx_word' id='word_1_655' title='bbox 859 5173 1136 5229; x_wconf 79' lang='lat' dir='ltr'><strong>lulianum</strong></span> <span class='ocrx_word' id='word_1_656' title='bbox 1186 5169 1282 5240; x_wconf 89' lang='lat' dir='ltr'><strong>(c),</strong></span> <span class='ocrx_word' id='word_1_657' title='bbox 1325 5156 1601 5238; x_wconf 88' lang='lat' dir='ltr'><strong>peccatum</strong></span> 
     </span>
    </p>
   </div>
   <div class='ocr_carea' id='block_1_97' title="bbox 112 5262 1605 5338">
    <p class='ocr_par' dir='ltr' id='par_1_97' title="bbox 112 5262 1605 5338">
     <span class='ocr_line' id='line_1_98' title="bbox 112 5262 1605 5338; baseline -0.009 -14"><span class='ocrx_word' id='word_1_658' title='bbox 112 5266 309 5334; x_wconf 67' lang='lat' dir='ltr'><strong>originale</strong></span> <span class='ocrx_word' id='word_1_659' title='bbox 344 5272 595 5327; x_wconf 86' lang='lat' dir='ltr'><strong>adversus</strong></span> <span class='ocrx_word' id='word_1_660' title='bbox 640 5268 964 5338; x_wconf 84' lang='lat' dir='ltr'><strong>Pelagianos</strong></span> <span class='ocrx_word' id='word_1_661' title='bbox 1002 5264 1255 5334; x_wconf 90' lang='lat' dir='ltr'><strong>Gregorii</strong></span> <span class='ocrx_word' id='word_1_662' title='bbox 1284 5262 1605 5316; x_wconf 86' lang='lat' dir='ltr'><strong>auctoritate</strong></span> 
     </span>
    </p>
   </div>
   <div class='ocr_carea' id='block_1_98' title="bbox 113 5351 1606 5425">
    <p class='ocr_par' dir='ltr' id='par_1_98' title="bbox 113 5351 1606 5425">
     <span class='ocr_line' id='line_1_99' title="bbox 113 5351 1606 5425; baseline -0.001 -23"><span class='ocrx_word' id='word_1_663' title='bbox 113 5356 251 5409; x_wconf 75' lang='lat' dir='ltr'><strong>astruit</strong></span> <span class='ocrx_word' id='word_1_664' title='bbox 279 5378 291 5412; x_wconf 86' lang='lat'><strong>:</strong></span> <span class='ocrx_word' id='word_1_665' title='bbox 330 5379 347 5412; x_wconf 75' lang='grc' dir='ltr'>ι</span> <span class='ocrx_word' id='word_1_666' title='bbox 371 5361 470 5415; x_wconf 87' lang='lat' dir='ltr'><strong>Sed</strong></span> <span class='ocrx_word' id='word_1_667' title='bbox 496 5376 600 5414; x_wconf 91' lang='lat' dir='ltr'><strong>non</strong></span> <span class='ocrx_word' id='word_1_668' title='bbox 634 5359 727 5413; x_wconf 89' lang='lat' dir='ltr'><strong>tibi</strong></span> <span class='ocrx_word' id='word_1_669' title='bbox 748 5354 1111 5425; x_wconf 87' lang='lat' dir='ltr'><strong>deeritmagni</strong></span> <span class='ocrx_word' id='word_1_670' title='bbox 1146 5353 1381 5408; x_wconf 89' lang='lat' dir='ltr'><strong>nominis</strong></span> <span class='ocrx_word' id='word_1_671' title='bbox 1399 5361 1452 5405; x_wconf 92' lang='lat' dir='ltr'><strong>et</strong></span> <span class='ocrx_word' id='word_1_672' title='bbox 1470 5351 1606 5402; x_wconf 86' lang='lat' dir='ltr'><strong>fama</strong></span> 
     </span>
    </p>
   </div>
   <div class='ocr_carea' id='block_1_99' title="bbox 114 5443 1611 5519">
    <p class='ocr_par' dir='ltr' id='par_1_99' title="bbox 114 5443 1611 5519">
     <span class='ocr_line' id='line_1_100' title="bbox 114 5443 1611 5519; baseline 0.002 -25"><span class='ocrx_word' id='word_1_673' title='bbox 114 5445 390 5506; x_wconf 82' lang='lat' dir='ltr'><strong>celeberrima</strong></span> <span class='ocrx_word' id='word_1_674' title='bbox 441 5451 663 5505; x_wconf 87' lang='lat' dir='ltr'><strong>illustris</strong></span> <span class='ocrx_word' id='word_1_675' title='bbox 701 5451 989 5519; x_wconf 84' lang='lat' dir='ltr'><strong>episcopus</strong></span> <span class='ocrx_word' id='word_1_676' title='bbox 1033 5447 1194 5502; x_wconf 85' lang='lat' dir='ltr'><strong>etiam</strong></span> <span class='ocrx_word' id='word_1_677' title='bbox 1245 5446 1311 5498; x_wconf 88' lang='lat' dir='ltr'><strong>de</strong></span> <span class='ocrx_word' id='word_1_678' title='bbox 1368 5443 1611 5513; x_wconf 90' lang='lat' dir='ltr'><strong>partibus</strong></span> 
     </span>
    </p>
   </div>
   <div class='ocr_carea' id='block_1_100' title="bbox 114 5531 1607 5612">
    <p class='ocr_par' dir='ltr' id='par_1_100' title="bbox 114 5531 1607 5612">
     <span class='ocr_line' id='line_1_101' title="bbox 114 5531 1607 5612; baseline 0.002 -28"><span class='ocrx_word' id='word_1_679' title='bbox 114 5531 309 5605; x_wconf 85' lang='lat' dir='ltr'><strong>Orientis,</strong></span> <span class='ocrx_word' id='word_1_680' title='bbox 325 5544 469 5609; x_wconf 88' lang='lat' dir='ltr'><strong>cujus</strong></span> <span class='ocrx_word' id='word_1_681' title='bbox 491 5544 704 5612; x_wconf 87' lang='lat' dir='ltr'><strong>eloquia</strong></span> <span class='ocrx_word' id='word_1_682' title='bbox 731 5540 964 5611; x_wconf 89' lang='lat' dir='ltr'><strong>ingentis</strong></span> <span class='ocrx_word' id='word_1_683' title='bbox 990 5539 1186 5593; x_wconf 90' lang='lat' dir='ltr'><strong>merito</strong></span> <span class='ocrx_word' id='word_1_684' title='bbox 1210 5538 1417 5609; x_wconf 72' lang='lat' dir='ltr'><strong>gratiae,</strong></span> <span class='ocrx_word' id='word_1_685' title='bbox 1446 5536 1607 5589; x_wconf 90' lang='lat' dir='ltr'><strong>etiam</strong></span> 
     </span>
    </p>
   </div>
   <div class='ocr_carea' id='block_1_101' title="bbox 116 5624 1610 5704">
    <p class='ocr_par' dir='ltr' id='par_1_101' title="bbox 116 5624 1610 5704">
     <span class='ocr_line' id='line_1_102' title="bbox 116 5624 1610 5704; baseline 0.003 -25"><span class='ocrx_word' id='word_1_686' title='bbox 116 5624 152 5679; x_wconf 85' lang='lat' dir='ltr'><strong>in</strong></span> <span class='ocrx_word' id='word_1_687' title='bbox 178 5629 371 5702; x_wconf 83' lang='lat' dir='ltr'><strong>linguam</strong></span> <span class='ocrx_word' id='word_1_688' title='bbox 395 5635 637 5691; x_wconf 81' lang='lat' dir='ltr'><strong>Latinam</strong></span> <span class='ocrx_word' id='word_1_689' title='bbox 679 5633 937 5689; x_wconf 81' lang='lat' dir='ltr'><strong>translata</strong></span> <span class='ocrx_word' id='word_1_690' title='bbox 970 5644 1358 5704; x_wconf 85' lang='lat' dir='ltr'><strong>usquequaque</strong></span> <span class='ocrx_word' id='word_1_691' title='bbox 1398 5628 1610 5687; x_wconf 80' lang='lat' dir='ltr'><strong>clarue-</strong></span> 
     </span>
    </p>
   </div>
   <div class='ocr_carea' id='block_1_102' title="bbox 164 5762 1022 5841">
    <p class='ocr_par' dir='ltr' id='par_1_102' title="bbox 164 5762 1022 5841">
     <span class='ocr_line' id='line_1_103' title="bbox 164 5762 1022 5841; baseline -0.002 -18"><span class='ocrx_word' id='word_1_692' title='bbox 164 5762 221 5841; x_wconf 56' lang='grc' dir='ltr'><strong>(ξι)</strong></span> <span class='ocrx_word' id='word_1_693' title='bbox 240 5768 369 5841; x_wconf 73' lang='lat' dir='ltr'><strong>Apud</strong></span> <span class='ocrx_word' id='word_1_694' title='bbox 392 5770 545 5834; x_wconf 88' lang='lat' dir='ltr'><strong>Boll.,</strong></span> <span class='ocrx_word' id='word_1_695' title='bbox 576 5771 610 5827; x_wconf 87' lang='lat'><strong>9</strong></span> <span class='ocrx_word' id='word_1_696' title='bbox 636 5769 783 5838; x_wconf 79' lang='lat' dir='ltr'><strong>Maii,</strong></span> <span class='ocrx_word' id='word_1_697' title='bbox 814 5786 869 5841; x_wconf 94' lang='lat' dir='ltr'><strong>p.</strong></span> <span class='ocrx_word' id='word_1_698' title='bbox 896 5768 1022 5823; x_wconf 72' lang='grc'><strong>427.</strong></span> 
     </span>
    </p>
   </div>
   <div class='ocr_carea' id='block_1_103' title="bbox 168 5838 1297 5911">
    <p class='ocr_par' dir='ltr' id='par_1_103' title="bbox 168 5838 1297 5911">
     <span class='ocr_line' id='line_1_104' title="bbox 168 5838 1297 5911; baseline 0.009 -22"><span class='ocrx_word' id='word_1_699' title='bbox 168 5838 221 5905; x_wconf 69' lang='lat' dir='ltr'><strong>Ib)</strong></span> <span class='ocrx_word' id='word_1_700' title='bbox 256 5840 390 5911; x_wconf 77' lang='lat' dir='ltr'><strong>Ibitl.,</strong></span> <span class='ocrx_word' id='word_1_701' title='bbox 418 5860 465 5911; x_wconf 89' lang='lat' dir='ltr'><strong>p.</strong></span> <span class='ocrx_word' id='word_1_702' title='bbox 489 5843 610 5897; x_wconf 65' lang='lat'><strong>428.</strong></span> <span class='ocrx_word' id='word_1_703' title='bbox 817 5838 876 5911; x_wconf 31' lang='grc' dir='ltr'><em>Ἀ</em></span> <span class='ocrx_word' id='word_1_704' title='bbox 1107 5909 1117 5911; x_wconf 30' lang='grc' dir='ltr'><strong>Α</strong></span> <span class='ocrx_word' id='word_1_705' title='bbox 1226 5906 1232 5911; x_wconf 31' lang='grc' dir='ltr'><strong><em>η</em></strong></span> <span class='ocrx_word' id='word_1_706' title='bbox 1296 5906 1297 5909; x_wconf 24' lang='grc' dir='ltr'><strong>η</strong></span> 
     </span>
    </p>
   </div>
   <div class='ocr_carea' id='block_1_104' title="bbox 167 5908 1141 5981">
    <p class='ocr_par' dir='ltr' id='par_1_104' title="bbox 167 5908 1141 5981">
     <span class='ocr_line' id='line_1_105' title="bbox 167 5908 1141 5981; baseline -0.007 -12"><span class='ocrx_word' id='word_1_707' title='bbox 167 5919 219 5969; x_wconf 66' lang='lat' dir='ltr'><strong>icl</strong></span> <span class='ocrx_word' id='word_1_708' title='bbox 252 5909 359 5977; x_wconf 68' lang='lat' dir='ltr'><strong>Cap.</strong></span> <span class='ocrx_word' id='word_1_709' title='bbox 389 5908 439 5977; x_wconf 72' lang='lat'><strong>5,</strong></span> <span class='ocrx_word' id='word_1_710' title='bbox 469 5930 519 5969; x_wconf 91' lang='lat' dir='ltr'><strong>u.</strong></span> <span class='ocrx_word' id='word_1_711' title='bbox 546 5912 633 5979; x_wconf 78' lang='grc'><strong>15,</strong></span> <span class='ocrx_word' id='word_1_712' title='bbox 674 5923 806 5966; x_wconf 87' lang='lat' dir='ltr'><strong>torn.</strong></span> <span class='ocrx_word' id='word_1_713' title='bbox 835 5908 905 5976; x_wconf 83' lang='lat' dir='ltr'><strong>X,</strong></span> <span class='ocrx_word' id='word_1_714' title='bbox 934 5926 986 5981; x_wconf 93' lang='lat' dir='ltr'><strong>p.</strong></span> <span class='ocrx_word' id='word_1_715' title='bbox 1025 5909 1141 5964; x_wconf 73' lang='grc' dir='ltr'><strong>δοι.</strong></span> 
     </span>
    </p>
   </div>
   <div class='ocr_carea' id='block_1_105' title="bbox 1716 4714 3279 4786">
    <p class='ocr_par' dir='ltr' id='par_1_105' title="bbox 1716 4714 3279 4786">
     <span class='ocr_line' id='line_1_106' title="bbox 1716 4714 3279 4786; baseline -0.002 -16"><span class='ocrx_word' id='word_1_716' title='bbox 1716 4715 2000 4772; x_wconf 88' lang='lat' dir='ltr'><strong>traditione</strong></span> <span class='ocrx_word' id='word_1_717' title='bbox 2065 4716 2384 4782; x_wconf 89' lang='lat' dir='ltr'><strong>didicimus,</strong></span> <span class='ocrx_word' id='word_1_718' title='bbox 2444 4717 2618 4786; x_wconf 91' lang='lat' dir='ltr'><strong>inquit</strong></span> <span class='ocrx_word' id='word_1_719' title='bbox 2670 4714 2936 4770; x_wconf 85' lang='lat' dir='ltr'><strong>Baronius</strong></span> <span class='ocrx_word' id='word_1_720' title='bbox 2987 4714 3100 4786; x_wconf 82' lang='lat' dir='ltr'><strong>(c),</strong></span> <span class='ocrx_word' id='word_1_721' title='bbox 3161 4730 3279 4767; x_wconf 81' lang='lat' dir='ltr'><strong>eam</strong></span> 
     </span>
    </p>
   </div>
   <div class='ocr_carea' id='block_1_106' title="bbox 1713 4791 3283 4879">
    <p class='ocr_par' dir='ltr' id='par_1_106' title="bbox 1713 4791 3283 4879">
     <span class='ocr_line' id='line_1_107' title="bbox 1713 4791 3283 4879; baseline -0.001 -17"><span class='ocrx_word' id='word_1_722' title='bbox 1713 4810 1782 4863; x_wconf 90' lang='lat' dir='ltr'><strong>ob</strong></span> <span class='ocrx_word' id='word_1_723' title='bbox 1833 4822 2084 4872; x_wconf 88' lang='lat' dir='ltr'><strong>causam,</strong></span> <span class='ocrx_word' id='word_1_724' title='bbox 2139 4808 2282 4879; x_wconf 78' lang='lat' dir='ltr'><strong>quod</strong></span> <span class='ocrx_word' id='word_1_725' title='bbox 2333 4808 2702 4879; x_wconf 88' lang='lat' dir='ltr'><strong>grassantibus</strong></span> <span class='ocrx_word' id='word_1_726' title='bbox 2765 4807 3013 4861; x_wconf 89' lang='lat' dir='ltr'><strong>barbaris</strong></span> <span class='ocrx_word' id='word_1_727' title='bbox 3070 4791 3123 4861; x_wconf 76' lang='lat' dir='ltr'><strong>in</strong></span> <span class='ocrx_word' id='word_1_728' title='bbox 3189 4820 3283 4861; x_wconf 89' lang='lat' dir='ltr'><strong>eas</strong></span> 
     </span>
    </p>
   </div>
   <div class='ocr_carea' id='block_1_107' title="bbox 1714 4897 3335 4970">
    <p class='ocr_par' dir='ltr' id='par_1_107' title="bbox 1714 4897 3335 4970">
     <span class='ocr_line' id='line_1_108' title="bbox 1714 4897 3335 4970; baseline -0.001 -17"><span class='ocrx_word' id='word_1_729' title='bbox 1714 4902 1980 4966; x_wconf 85' lang='lat' dir='ltr'><strong>regiones,</strong></span> <span class='ocrx_word' id='word_1_730' title='bbox 2016 4898 2453 4954; x_wconf 85' lang='lat' dir='ltr'><strong>sanctimoniales</strong></span> <span class='ocrx_word' id='word_1_731' title='bbox 2483 4897 2720 4963; x_wconf 80' lang='lat' dir='ltr'><strong>feminae,</strong></span> <span class='ocrx_word' id='word_1_732' title='bbox 2763 4900 2815 4954; x_wconf 93' lang='lat' dir='ltr'><strong>in</strong></span> <span class='ocrx_word' id='word_1_733' title='bbox 2840 4915 3071 4970; x_wconf 89' lang='lat' dir='ltr'><strong>quarum</strong></span> <span class='ocrx_word' id='word_1_734' title='bbox 3105 4898 3282 4954; x_wconf 86' lang='lat' dir='ltr'><strong>ecclc-</strong></span> <span class='ocrx_word' id='word_1_735' title='bbox 3330 4948 3335 4959; x_wconf 93' lang='grc'><em>,</em></span> 
     </span>
    </p>
   </div>
   <div class='ocr_carea' id='block_1_108' title="bbox 1711 4982 3284 5063">
    <p class='ocr_par' dir='ltr' id='par_1_108' title="bbox 1711 4982 3284 5063">
     <span class='ocr_line' id='line_1_109' title="bbox 1711 4982 3284 5063; baseline -0.002 -16"><span class='ocrx_word' id='word_1_736' title='bbox 1711 4994 1792 5047; x_wconf 88' lang='lat' dir='ltr'><strong>sia</strong></span> <span class='ocrx_word' id='word_1_737' title='bbox 1824 5001 2005 5047; x_wconf 88' lang='lat' dir='ltr'><strong>tantus</strong></span> <span class='ocrx_word' id='word_1_738' title='bbox 2029 4992 2315 5046; x_wconf 85' lang='lat' dir='ltr'><strong>thesaurus</strong></span> <span class='ocrx_word' id='word_1_739' title='bbox 2342 4999 2458 5045; x_wconf 89' lang='lat' dir='ltr'><strong>erat</strong></span> <span class='ocrx_word' id='word_1_740' title='bbox 2490 4982 2759 5059; x_wconf 85' lang='lat' dir='ltr'><strong>conditus,</strong></span> <span class='ocrx_word' id='word_1_741' title='bbox 2792 4992 2915 5063; x_wconf 88' lang='lat' dir='ltr'><strong>fuga</strong></span> <span class='ocrx_word' id='word_1_742' title='bbox 2941 5006 3051 5046; x_wconf 79' lang='lat' dir='ltr'><strong>sua:</strong></span> <span class='ocrx_word' id='word_1_743' title='bbox 3076 4991 3284 5061; x_wconf 87' lang='lat' dir='ltr'><strong>pudici-</strong></span> 
     </span>
    </p>
   </div>
   <div class='ocr_carea' id='block_1_109' title="bbox 1716 5083 3283 5152">
    <p class='ocr_par' dir='ltr' id='par_1_109' title="bbox 1716 5083 3283 5152">
     <span class='ocr_line' id='line_1_110' title="bbox 1716 5083 3283 5152; baseline -0.001 -16"><span class='ocrx_word' id='word_1_744' title='bbox 1716 5086 1800 5138; x_wconf 65' lang='lat' dir='ltr'><strong>tiae</strong></span> <span class='ocrx_word' id='word_1_745' title='bbox 1828 5083 2190 5147; x_wconf 90' lang='lat' dir='ltr'><strong>consulentes,</strong></span> <span class='ocrx_word' id='word_1_746' title='bbox 2226 5091 2504 5152; x_wconf 86' lang='lat' dir='ltr'><strong>acceptum</strong></span> <span class='ocrx_word' id='word_1_747' title='bbox 2546 5084 2908 5138; x_wconf 89' lang='lat' dir='ltr'><strong>venerandum</strong></span> <span class='ocrx_word' id='word_1_748' title='bbox 2936 5098 3152 5152; x_wconf 88' lang='lat' dir='ltr'><strong>corpus,</strong></span> <span class='ocrx_word' id='word_1_749' title='bbox 3183 5084 3283 5136; x_wconf 79' lang='lat' dir='ltr'><strong>im-</strong></span> 
     </span>
    </p>
   </div>
   <div class='ocr_carea' id='block_1_110' title="bbox 1714 5175 3282 5247">
    <p class='ocr_par' dir='ltr' id='par_1_110' title="bbox 1714 5175 3282 5247">
     <span class='ocr_line' id='line_1_111' title="bbox 1714 5175 3282 5247; baseline 0.002 -20"><span class='ocrx_word' id='word_1_750' title='bbox 1714 5177 2052 5245; x_wconf 85' lang='lat' dir='ltr'><strong>positumque</strong></span> <span class='ocrx_word' id='word_1_751' title='bbox 2089 5177 2323 5246; x_wconf 84' lang='lat' dir='ltr'><strong>navigio,</strong></span> <span class='ocrx_word' id='word_1_752' title='bbox 2359 5176 2426 5230; x_wconf 87' lang='lat' dir='ltr'><strong>ad</strong></span> <span class='ocrx_word' id='word_1_753' title='bbox 2462 5185 2633 5230; x_wconf 90' lang='lat' dir='ltr'><strong>tutum</strong></span> <span class='ocrx_word' id='word_1_754' title='bbox 2668 5177 2882 5247; x_wconf 77' lang='lat' dir='ltr'><strong>pietatis</strong></span> <span class='ocrx_word' id='word_1_755' title='bbox 2926 5176 3132 5245; x_wconf 88' lang='lat' dir='ltr'><strong>asylum</strong></span> <span class='ocrx_word' id='word_1_756' title='bbox 3169 5175 3282 5230; x_wconf 80' lang='lat' dir='ltr'><strong>Ro-</strong></span> 
     </span>
    </p>
   </div>
   <div class='ocr_carea' id='block_1_111' title="bbox 1714 5263 3378 5339">
    <p class='ocr_par' dir='ltr' id='par_1_111' title="bbox 1714 5263 3378 5339">
     <span class='ocr_line' id='line_1_112' title="bbox 1714 5263 3378 5339; baseline -0.002 -20"><span class='ocrx_word' id='word_1_757' title='bbox 1714 5282 1853 5320; x_wconf 88' lang='lat' dir='ltr'><strong>mam</strong></span> <span class='ocrx_word' id='word_1_758' title='bbox 1908 5264 2304 5335; x_wconf 78' lang='lat' dir='ltr'><strong>:onfugientes,</strong></span> <span class='ocrx_word' id='word_1_759' title='bbox 2359 5265 2695 5324; x_wconf 84' lang='lat' dir='ltr'><strong>detulerunt;</strong></span> <span class='ocrx_word' id='word_1_760' title='bbox 2753 5274 2916 5332; x_wconf 87' lang='lat' dir='ltr'><strong>atque</strong></span> <span class='ocrx_word' id='word_1_761' title='bbox 2970 5264 3020 5317; x_wconf 92' lang='lat' dir='ltr'><strong>in</strong></span> <span class='ocrx_word' id='word_1_762' title='bbox 3085 5263 3284 5329; x_wconf 87' lang='lat' dir='ltr'><strong>templo</strong></span> <span class='ocrx_word' id='word_1_763' title='bbox 3372 5333 3378 5339; x_wconf 23' lang='lat'><em>‘</em></span> 
     </span>
    </p>
   </div>
   <div class='ocr_carea' id='block_1_112' title="bbox 1714 5352 3280 5423">
    <p class='ocr_par' dir='ltr' id='par_1_112' title="bbox 1714 5352 3280 5423">
     <span class='ocr_line' id='line_1_113' title="bbox 1714 5352 3280 5423; baseline 0 -16"><span class='ocrx_word' id='word_1_764' title='bbox 1714 5354 1924 5408; x_wconf 65' lang='lat' dir='ltr'><strong>Sanctae</strong></span> <span class='ocrx_word' id='word_1_765' title='bbox 1955 5352 2136 5407; x_wconf 74' lang='lat' dir='ltr'><strong>Mariae</strong></span> <span class='ocrx_word' id='word_1_766' title='bbox 2174 5355 2224 5408; x_wconf 91' lang='lat' dir='ltr'><strong>in</strong></span> <span class='ocrx_word' id='word_1_767' title='bbox 2258 5353 2458 5423; x_wconf 89' lang='lat' dir='ltr'><strong>Campo</strong></span> <span class='ocrx_word' id='word_1_768' title='bbox 2490 5353 2703 5418; x_wconf 83' lang='lat' dir='ltr'><strong>Martio,</strong></span> <span class='ocrx_word' id='word_1_769' title='bbox 2747 5355 2849 5408; x_wconf 91' lang='lat' dir='ltr'><strong>sibi</strong></span> <span class='ocrx_word' id='word_1_770' title='bbox 2880 5354 2947 5407; x_wconf 88' lang='lat' dir='ltr'><strong>ab</strong></span> <span class='ocrx_word' id='word_1_771' title='bbox 2982 5352 3280 5423; x_wconf 88' lang='lat' dir='ltr'><strong>apostolica</strong></span> 
     </span>
    </p>
   </div>
   <div class='ocr_carea' id='block_1_113' title="bbox 1714 5446 3285 5516">
    <p class='ocr_par' dir='ltr' id='par_1_113' title="bbox 1714 5446 3285 5516">
     <span class='ocr_line' id='line_1_114' title="bbox 1714 5446 3285 5516; baseline 0 -16"><span class='ocrx_word' id='word_1_772' title='bbox 1714 5448 1839 5501; x_wconf 87' lang='lat' dir='ltr'><strong>sede</strong></span> <span class='ocrx_word' id='word_1_773' title='bbox 1884 5461 2160 5506; x_wconf 88' lang='lat' dir='ltr'><strong>concesso.</strong></span> <span class='ocrx_word' id='word_1_774' title='bbox 2221 5447 2620 5511; x_wconf 88' lang='lat' dir='ltr'><strong>condiderunt;</strong></span> <span class='ocrx_word' id='word_1_775' title='bbox 2675 5447 2859 5516; x_wconf 88' lang='lat' dir='ltr'><strong>ibique</strong></span> <span class='ocrx_word' id='word_1_776' title='bbox 2912 5446 2963 5501; x_wconf 91' lang='lat' dir='ltr'><strong>in</strong></span> <span class='ocrx_word' id='word_1_777' title='bbox 3006 5447 3285 5515; x_wconf 88' lang='lat' dir='ltr'><strong>adjacente</strong></span> 
     </span>
    </p>
   </div>
   <div class='ocr_carea' id='block_1_114' title="bbox 1714 5539 3284 5611">
    <p class='ocr_par' dir='ltr' id='par_1_114' title="bbox 1714 5539 3284 5611">
     <span class='ocr_line' id='line_1_115' title="bbox 1714 5539 3284 5611; baseline 0.001 -20"><span class='ocrx_word' id='word_1_778' title='bbox 1714 5540 1891 5605; x_wconf 89' lang='lat' dir='ltr'><strong>domo,</strong></span> <span class='ocrx_word' id='word_1_779' title='bbox 1927 5540 1978 5593; x_wconf 92' lang='lat' dir='ltr'><strong>in</strong></span> <span class='ocrx_word' id='word_1_780' title='bbox 1996 5556 2097 5609; x_wconf 87' lang='lat' dir='ltr'><strong>qua</strong></span> <span class='ocrx_word' id='word_1_781' title='bbox 2124 5540 2460 5602; x_wconf 89' lang='lat' dir='ltr'><strong>habitabant,</strong></span> <span class='ocrx_word' id='word_1_782' title='bbox 2487 5556 2634 5596; x_wconf 85' lang='lat' dir='ltr'><strong>more</strong></span> <span class='ocrx_word' id='word_1_783' title='bbox 2663 5541 2839 5611; x_wconf 88' lang='lat' dir='ltr'><strong>patrio</strong></span> <span class='ocrx_word' id='word_1_784' title='bbox 2864 5539 3075 5595; x_wconf 84' lang='lat' dir='ltr'><strong>divinas</strong></span> <span class='ocrx_word' id='word_1_785' title='bbox 3094 5540 3284 5595; x_wconf 86' lang='lat' dir='ltr'><strong>laudes</strong></span> 
     </span>
    </p>
   </div>
   <div class='ocr_carea' id='block_1_115' title="bbox 1714 5629 3286 5699">
    <p class='ocr_par' dir='ltr' id='par_1_115' title="bbox 1714 5629 3286 5699">
     <span class='ocr_line' id='line_1_116' title="bbox 1714 5629 3286 5699; baseline 0.002 -17"><span class='ocrx_word' id='word_1_786' title='bbox 1714 5643 1811 5698; x_wconf 89' lang='lat' dir='ltr'><strong>per</strong></span> <span class='ocrx_word' id='word_1_787' title='bbox 1856 5629 1971 5684; x_wconf 88' lang='lat' dir='ltr'><strong>dies</strong></span> <span class='ocrx_word' id='word_1_788' title='bbox 2024 5629 2265 5698; x_wconf 85' lang='lat' dir='ltr'><strong>singulos</strong></span> <span class='ocrx_word' id='word_1_789' title='bbox 2316 5631 2710 5699; x_wconf 88' lang='lat' dir='ltr'><strong>persolvebant.</strong></span> <span class='ocrx_word' id='word_1_790' title='bbox 2760 5630 2964 5696; x_wconf 87' lang='lat' dir='ltr'><strong>Quibus</strong></span> <span class='ocrx_word' id='word_1_791' title='bbox 3007 5629 3123 5699; x_wconf 88' lang='lat' dir='ltr'><strong>jam</strong></span> <span class='ocrx_word' id='word_1_792' title='bbox 3172 5630 3286 5685; x_wconf 72' lang='lat' dir='ltr'><strong>vita</strong></span> 
     </span>
    </p>
   </div>
   <div class='ocr_carea' id='block_1_116' title="bbox 1776 5760 2263 5830">
    <p class='ocr_par' dir='ltr' id='par_1_116' title="bbox 1776 5760 2263 5830">
     <span class='ocr_line' id='line_1_117' title="bbox 1776 5760 2263 5830; baseline 0 -15"><span class='ocrx_word' id='word_1_793' title='bbox 1776 5760 1855 5830; x_wconf 74' lang='grc' dir='ltr'><strong>(ά)</strong></span> <span class='ocrx_word' id='word_1_794' title='bbox 1896 5760 2053 5825; x_wconf 84' lang='lat' dir='ltr'><strong>Ibid.,</strong></span> <span class='ocrx_word' id='word_1_795' title='bbox 2084 5780 2137 5817; x_wconf 86' lang='grc' dir='ltr'><strong>η.</strong></span> <span class='ocrx_word' id='word_1_796' title='bbox 2178 5763 2263 5815; x_wconf 76' lang='lat' dir='ltr'><strong>I6.</strong></span> 
     </span>
    </p>
   </div>
   <div class='ocr_carea' id='block_1_117' title="bbox 1750 5832 2535 5913">
    <p class='ocr_par' dir='ltr' id='par_1_117' title="bbox 1750 5832 2535 5913">
     <span class='ocr_line' id='line_1_118' title="bbox 1750 5832 2535 5913; baseline -0.001 -29"><span class='ocrx_word' id='word_1_797' title='bbox 1750 5832 1845 5903; x_wconf 17' lang='lat' dir='ltr'><strong>,(c)</strong></span> <span class='ocrx_word' id='word_1_798' title='bbox 1892 5832 2045 5913; x_wconf 66' lang='lat' dir='ltr'><strong>Boll.,</strong></span> <span class='ocrx_word' id='word_1_799' title='bbox 2083 5832 2298 5913; x_wconf 58' lang='lat' dir='ltr'><strong>9_Maii,</strong></span> <span class='ocrx_word' id='word_1_800' title='bbox 2330 5848 2378 5903; x_wconf 90' lang='lat' dir='ltr'><strong>p.</strong></span> <span class='ocrx_word' id='word_1_801' title='bbox 2413 5832 2535 5887; x_wconf 66' lang='grc'><strong>454.</strong></span> 
     </span>
    </p>
   </div>
  </div>
