3824 6394
540 385 647 442 239

1838 384 1995 444 VITA
2038 384 2095 441 S.
2138 384 2488 443 GREGORII.
3620 395 3701 453 2h)

541 506 774 573 functis,
832 504 998 562 cessit
1044 504 1193 560 locus
1263 504 1524 563 Romanis
1579 505 1878 576 virginibus
1901 545 1923 570 ,
1978 520 2099 575 qua:
2126 510 2175 575 Α
2201 506 2363 559 etiam
2397 503 2685 575 adjiciebat
2721 501 2987 567 animum,
3023 509 3078 557 et
3115 502 3266 571 quasi
3302 501 3351 556 in
3401 516 3539 573 parte
3578 508 3702 571 ofﬁcii

542 598 737 654 Ibidem
771 611 875 652 non
906 596 1006 652 sub
1057 595 1259 668 Regula
1298 600 1469 655 sancti
1500 599 1705 664 Basilii,
1737 609 1794 653 ut
1821 599 1924 655 illa:
1958 600 2108 665 olim,

2208 598 2438 667 ponebat
2456 596 2769 669 Gregorius,
2792 606 2851 653 ut
2872 610 3024 652 suam
3054 594 3252 664 alioqui
3281 595 3701 663 splendidissimam

538 690 632 745 sed
675 689 773 744 sub
812 688 1074 745 institutis
1115 691 1287 746 sancti
1322 689 1601 746 Benedicti
1639 691 1900 751 hactenus
1934 706 2113 761 perse-
2207 698 2475 745 exereret.

540 792 747 838 verant.
775 800 795 833 ι
837 781 959 837 Hrec
990 782 1269 845 Baronius,
1313 782 1405 853 qui
1435 783 1585 837 addit
1618 783 1757 839 hanc
1799 781 2109 843 translatio‘

541 888 661 930 nam
698 890 719 925 ο
748 874 1134 928 subobscuram
1170 893 1189 927 ι
1211 873 1395 931 fuisse.
1423 875 1761 945 Sgubobscura
1784 890 1943 943 sane;
1984 891 2105 931 nam

538 974 645 1018 tam
666 963 848 1019 densis
876 965 1112 1020 tenebris
1130 952 1413 1030 involuta,
1449 975 1556 1020 tam
1583 965 1837 1037 gravibus
1858 966 2106 1021 intricata

536 1054 962 1123 ditiicultatibus,
1001 1066 1060 1111 ut
1099 1072 1192 1113 eas
1231 1058 1498 1128 depellere
1526 1068 1582 1113 et
1622 1058 1831 1114 solvere
1861 1058 2103 1113 dimcilli-

536 1161 680 1201 mum
717 1146 807 1200 sit.

568 1255 874 1330 CLXXIX._
907 1257 1206 1330 Translaﬁtio
1253 1265 1488 1329 corporis
1547 1260 1790 1330 Gregorii
1843 1262 1987 1330 facta
2036 1280 2068 1315 a

832 1328 1050 1398 (ἕτερον.
1110 1329 1265 1384 XIII
1307 1328 1506 1384 summa
1549 1328 1808 1399 ponii/ire.

604 1418 843 1490 Denique
867 1418 972 1472 alia
992 1428 1163 1483 est,et
1184 1419 1533 1475 celeberrima
1553 1424 1769 1490 quidem
1787 1420 1906 1486 illa,
1937 1431 2106 1477 trans-

536 1511 665 1566 latio
694 1509 939 1580 corporis
981 1511 1252 1582 Gregorii,
1290 1515 1430 1580 quod
1461 1511 1754 1582 Gregorius
1789 1512 1927 1579 Xlll,
1962 1528 2107 1568 sum-

534 1618 654 1657 mus
679 1602 941 1672 pontifex,
967 1617 1033 1658 ex
1060 1602 1288 1658 ecclesia
1316 1603 1409 1657 Dei
1438 1602 1730 1659 Genitricis
1752 1606 1817 1657 ad
1838 1603 2101 1673 Campum

533 1694 812 1760 Martium,
839 1695 889 1749 in
913 1696 1172 1765 capellam
1210 1712 1237 1751 a
1273 1712 1332 1755 se
1387 1697 1439 1753 in
1468 1697 1689 1755 basilica
1734 1698 1917 1753 Sancti
1959 1697 2101 1753 Petri

534 1786 1065 1856 magniﬁcentissime
1128 1798 1469 1855 exornatam,
1529 1806 1737 1846 summa
1792 1791 2102 1847 celebritate

2278 777 2369 833 llle
2400 779 2452 834 in
2484 778 2766 850 exigendis
2799 776 2867 832 ad
2913 776 3236 832 Christiana!
3287 776 3559 846 disciplina:
3590 784 3705 852 riga.

2210 884 2321 924 rem
2370 870 2611 925 moribus
2654 870 2790 925 adeo
2835 870 3121 938 religiosus
3166 868 3283 933 fuit,
3329 880 3385 923 ut
3414 871 3487 925 vel
3514 877 3705 931 severior

2207 962 2504 1017 videretur.
2556 960 2657 1018 llic
2719 977 2846 1018 vero
2893 975 3160 1015 summam
3218 960 3337 1015 vita:
3390 964 3702 1021 austeritatem

2206 1052 2386 1107 divino
2432 1052 2708 1108 delibutus
2767 1053 2962 1125 gaudio
3022 1052 3157 1106 adeo
3222 1050 3464 1116 colebat,
3521 1069 3619 1111 eam
3664 1068 3705 1111 ut

2205 1146 2455 1201 omnibus
2482 1160 2602 1201 esse
2630 1145 2712 1201 vel
2755 1145 2990 1199 maxime
3014 1142 3299 1197 amabilem
3330 1143 3622 1201 insinuaret.

2274 1234 2610 1307 Majestatem
2661 1237 2901 1308 spirabat
2951 1236 3222 1313 moderata
3275 1233 3506 1303 leuisque
3559 1236 3701 1293 Basilii

2205 1328 2409 1385 indoles
2444 1347 2457 1383 :
2491 1339 2679 1385 contra
2713 1329 2947 1385 micabat
2974 1328 3027 1383 in
3053 1326 3309 1398 Gregorio
3333 1326 3479 1397 ignea
3510 1336 3703 1398 quaedam

2204 1419 2399 1487 ingenii
2432 1421 2531 1486 vis,
2574 1430 2628 1476 et
2656 1422 2810 1476 vivax
2841 1420 3195 1492 perspicacia.
3224 1420 3505 1476 Gravitatis
3533 1421 3644 1476 alter
3668 1435 3705 1478 et

2205 1512 2481 1568 modestia:
2504 1515 2637 1568 adeo
2677 1515 2900 1584 diligens
2920 1512 3041 1579 fuit,
3070 1522 3129 1567 ut
3162 1514 3403 1582 quamvis
3437 1514 3525 1583 ipsi
3550 1530 3705 1583 suppe-

2210 1614 2347 1660 teret
2408 1606 2787 1677 argutissitnus
2818 1607 2870 1665 in
2895 1605 3125 1674 iocando
3178 1606 3344 1676 lepos,
3369 1606 3432 1660 ah
3481 1606 3540 1661 iis
3570 1616 3706 1661 tamen

2202 1711 2424 1766 prorsus
2478 1700 2818 1753 abhorruerit
2869 1715 2988 1769 qua:
3019 1698 3101 1753 vel
3137 1698 3457 1754 levissimam
3501 1698 3706 1767 jocispe-

2202 1784 2337 1840 ciem
2364 1801 2471 1855 prae
2508 1802 2567 1841 se
2596 1787 2823 1861 ferrent.
2866 1785 3025 1842 Jocos
3071 1788 3207 1842 alter
3259 1802 3322 1841 eo
3354 1787 3549 1856 pietatis
3587 1801 3709 1840 sueto

535 1876 808 1931 transtulit
838 1893 892 1932 tx
923 1879 1120 1935 mensis
1141 1877 1282 1934 Junii
1323 1882 1449 1934 anui
1478 1881 1632 1936 l578.
1665 1879 1839 1950 llujes
1865 1882 2096 1939 transla-
2131 1865 2171 1919 Β
2200 1878 2477 1947 respersit,
2506 1887 2562 1934 ut
2588 1880 2729 1935 sales
2763 1881 2905 1935 inter
2942 1891 2995 1933 et
3024 1878 3246 1933 facetias
3288 1878 3526 1932 virtutem
3556 1877 3705 1929 animis

534 1968 697 2022 tionis
733 1969 1015 2023 historiam
1050 1986 1115 2024 ex
1148 1986 1249 2026 ms.
1294 1970 1434 2026 libro
1470 1972 1807 2028 bibliotheca:
1832 1973 2103 2029 Vaticana:

531 2058 815 2123 vulgarunt
836 2058 1179 2125 Bollandista:
1212 2062 1278 2117 ad
1297 2062 1435 2118 diem
1462 2078 1657 2120 nonam
1684 2062 1833 2133 Maii,
1872 2081 1928 2136 p.
1969 2066 2097 2121 457.

532 2147 719 2230 Veneti
746 2160 920 2203 tamen
952 2164 1146 2221 corpus
1170 2150 1418 2224 (Gregorii
1466 2152 1791 2211 Nazianzeni
1831 2156 2100 2227 integrum

528 2238 988 2309 Constantinopoli
1057 2244 1338 2300 devectum
1410 2243 1665 2303 Venetias
1730 2249 1871 2317 apud
1934 2264 1993 2303 se
2046 2248 2098 2303 in

527 2330 755 2387 ecclesia
803 2330 987 2387 Sancti
1030 2333 1309 2391 Zacharim
1340 2340 1609 2393 asservari
1646 2337 1964 2407 gloriantur.
2016 2339 2101 2393 Al-

531 2430 797 2477 terutrum
827 2440 892 2478 ex
944 2424 1029 2480 his
1056 2429 1375 2497 corporibus
1438 2430 1620 2485 forsan
1678 2445 1800 2487 esse
1848 2432 2094 2502 Gregorii

529 2515 700 2581 patris
724 2528 919 2583 corpus
946 2530 1068 2571 cum
1102 2516 1451 2574 Bollandistis
1473 2519 1658 2577 dicere
1683 2521 1766 2579 fas
1791 2531 1894 2576 est.

526 2626 785 2683 CLXXX.
838 2627 1156 2684 Sanctorum
1195 2631 1383 2705 Basilii
1401 2642 1452 2688 et
1482 2633 1723 2705 Gregorii
1770 2637 2098 2690 characteres

1107 2704 1511 2760 adumbrantur.

598 2786 677 2841 Ad
702 2788 860 2858 hujus
888 2790 1127 2847 historiae
1153 2794 1463 2849 coronidem
1498 2805 1922 2851 consentaneum
1956 2795 2094 2854 forte

529 2877 846 2945 quibusdam
882 2880 1169 2948 videbitur,
1218 2892 1271 2937 ut
1310 2898 1430 2938 cum
1484 2886 1537 2939 in
1576 2902 1637 2941 ea
1676 2887 1929 2957 frequens
1963 2889 2095 2943 adeo

528 2965 709 3023 Basilii
744 2972 943 3027 mentio
979 2971 1176 3041 injecta
1222 2973 1419 3041 fuerit,
1463 2978 1878 3048 arctissimoque
1909 2978 2095 3035 doctor

527 3062 758 3117 eximius
793 3064 1067 3120 societatis
1109 3065 1326 3121 vinculo
1351 3108 1366 3133 ,
1414 3070 1659 3124 veritatis
1687 3085 1874 3125 amore
1903 3086 1966 3127 ac
1992 3072 2097 3126 vir—

527 3158 702 3206 tutum
764 3152 921 3224 digna
976 3154 1321 3211 aemulatione
1374 3156 1637 3229 Gregorio
1686 3158 2089 3228 conglutinatus

529 3241 714 3307 fuerit,
759 3243 1003 3298 diversos
1058 3245 1357 3314 utriusque,
1407 3248 1811 3317 comparatione
1854 3250 2087 3318 quadam

525 3332 668 3389 inter
688 3347 782 3388 eos
814 3334 1081 3398 instituta,
1117 3335 1468 3393 characteres
1506 3338 1915 3406 adumbremus;
1941 3339 2091 3407 utsic

524 3423 747 3501 singulis
789 3440 975 3481 eorum
1014 3426 1159 3481 velut
1211 3426 1448 3483 collectis
1490 3429 1861 3497 lineamentis,
1903 3432 2089 3487 ambo-

525 3531 642 3571 rum
678 3518 975 3587 perlectam
1004 3519 1309 3589 imaginem,
1356 3531 1613 3590 quantum
1659 3525 1803 3578 tenui
1839 3524 2089 3593 penicillo

524 3608 606 3660 {as
623 3618 725 3671 est,
751 3611 1136 3678 exprimamus.

592 3696 725 3752 lllud
776 3700 991 3768 quidem
1046 3700 1281 3769 patiatur
1336 3702 1661 3771 scriptorum
1742 3703 2085 3773 profanorum

522 3790 781 3857 conditio,
818 3799 875 3843 ut
901 3806 1131 3859 quorum
1168 3792 1394 3846 virtutes
1430 3794 1562 3847 nihil
1597 3797 1864 3850 excedunt
1894 3798 2085 3851 buma-

523 3895 606 3936 nar
627 3891 831 3936 natura!
867 3884 1027 3947 vires,
1062 3898 1154 3937 eos
1184 3888 1318 3937 ratio
1353 3884 1492 3938 inter
1532 3900 1592 3940 se
1624 3897 1808 3942 mutuo
1841 3886 2088 3942 conferre

521 3979 794 4041 utcunque
844 3972 1028 4040 possit.
1091 3971 1196 4027 Sed
1253 3973 1409 4044 longe
1454 3971 1627 4043 major
1671 3985 1753 4030 est
1800 3991 1919 4029 mea
1958 3990 2085 4047 erga

522 4062 897 4118 sanctissimos
940 4062 1059 4117 illos
1098 4064 1356 4132 praesules
1393 4067 1667 4121 veneratio
1707 4078 1761 4122 et
1797 4068 2088 4122 observan-

524 4154 617 4217 tia,
652 4168 813 4223 quam
862 4162 920 4206 ιιι
968 4154 1019 4207 id
1060 4155 1241 4209 oneris
1284 4155 1338 4209 in
1392 4171 1475 4211 me
1530 4158 1839 4227 suscipiam.
1879 4160 2080 4225 Quibus

518 4243 663 4297 enim
692 4243 833 4297 inter
860 4258 919 4299 se
947 4246 1272 4299 conveniant
1293 4247 1554 4314 quibusve
1571 4248 1819 4303 dill‘erant
1846 4250 2081 4316 dotibus,

517 4333 667 4388 solus
699 4335 785 4389 hic
824 4334 971 4392 novit
1010 4336 1099 4404 qui
1141 4349 1254 4399 eos,
1287 4336 1483 4404 quibus
1512 4336 1698 4401 voluit,
1733 4352 1829 4407 pro
1873 4353 2082 4393 summa

520 4443 618 4482 sua
649 4427 908 4497 sapientia
938 4425 1186 4482 distinxit
1221 4428 1395 4493 donis,
1432 4430 1510 4483 ve!
1540 4444 1696 4499 pares
1726 4429 1869 4484 fecit.
2056 4416 2061 4425 ’

2206 1968 2510 2026 instillaret.
2546 1970 2775 2027 Basilius
2803 1971 3035 2042 denique
3068 1970 3342 2033 hominum
3367 1968 3705 2033 observantiam

2204 2058 2306 2113 sibi
2337 2062 2507 2130 magis
2543 2063 2891 2126 conciliabat,
2921 2077 2985 2116 ac
3030 2076 3164 2132 pene
3202 2059 3439 2123 cultum;
3472 2057 3707 2129 Gregorius

2201 2165 2328 2205 vero
2357 2153 2507 2207 suavi
2540 2168 2747 2208 morum
2777 2154 3093 2209 amoenitate
3120 2151 3358 2208 omnium
3387 2164 3603 2204 amorem
3632 2149 3707 2203 sibi

2200 2255 2255 2301 et
2282 2246 2455 2301 studia
2488 2246 2655 2317 magis
2675 2246 3097 2317 promerehatur.

2269 2357 2452 2413 Elucet
2480 2357 2658 2412 divina
2680 2356 2921 2426 quaedam
2944 2356 2997 2411 in
3014 2356 3261 2426 Gregorii
3285 2356 3598 2411 orationibus
3621 2370 3708 2410 tua-

2192 2447 2386 2517 jestas,
2418 2448 2550 2504 nihil
2579 2458 2639 2504 ut
2664 2449 2878 2503 videam
2933 2457 3026 2502 aut
3071 2449 3317 2503 ornatius
3359 2458 3448 2502 aut
3477 2446 3710 2502 sublimius

2197 2542 2337 2610 quod
2368 2540 2484 2595 ﬂeri
2530 2555 2765 2610 unquam
2801 2541 3055 2609 potuerit,
3105 2555 3214 2610 quo
3245 2555 3340 2595 sua
3368 2539 3614 2609 mysteriis
3638 2554 3711 2592 ιιοο

2196 2632 2321 2687 stris
2351 2632 2653 2687 vindicetur
2687 2631 3001 2698 auctoritas,
3044 2647 3140 2686 sua
3168 2641 3412 2687 servetur
3444 2630 3709 2693 reverentia,

2196 2740 2353 2778 suum
2386 2724 2551 2779 decus
2579 2732 2878 2778 asseratur.
2912 2723 3149 2789 Quarum
3189 2723 3271 2777 vis
3296 2732 3348 2777 et
3378 2722 3532 2776 robur
3551 2734 3709 2789 quanta

2196 2814 2327 2879 sint,
2356 2813 2441 2869 vel
2488 2827 2557 2869 ex
2590 2814 2691 2869 hoc
2723 2814 2944 2885 intelligi
2978 2815 3212 2869 maxime
3239 2823 3435 2884 potest,
3464 2814 3591 2881 quod
3618 2812 3711 2865 inde

2196 2905 2523 2977 Theologus,
2549 2907 2701 2975 quasi
2735 2908 2974 2962 omnium
3016 2907 3336 2977 exceptione
3373 2905 3552 2973 major,
3588 2900 3710 2957 fuerit

2192 2998 2508 3068 appellatus.
2534 2998 2709 3068 Atque
2743 2997 2877 3053 adeo
2910 2996 3050 3052 male
3070 2999 3192 3067 quis
3216 3012 3283 3052 ex
3303 2986 3537 3067 Gregorii
3558 2992 3711 3048 litteris

2193 3090 2430 3145 nativum
2448 3089 2568 3158 ejus
2595 3091 2962 3146 characterem
2996 3090 3235 3145 duxerit.

2117 3204 2159 3262 C
2264 3202 2432 3259 Secus
2463 3218 2590 3258 vero
2620 3202 2876 3258 Basilium
2906 3217 3016 3258 sua:
3058 3211 3228 3257 totum
3267 3200 3503 3255 referunt
3540 3198 3707 3256 littera.

2191 3309 2309 3363 qua:
2351 3304 2455 3350 tam
2513 3309 2708 3351 suaves
2761 3294 3044 3350 illecebras
3079 3293 3307 3356 habent,
3363 3307 3457 3347 eas
3486 3300 3538 3345 ut
3564 3301 3716 3342 omnes

2188 3386 2406 3442 vincant
2430 3401 2563 3455 quas
2611 3384 2795 3442 Graeca
2826 3397 2974 3441 retro
3008 3385 3183 3441 omnis
3232 3386 3520 3454 antiquitas
3549 3382 3606 3435 ad
3637 3395 3712 3433 nos

2190 3493 2360 3548 usque
2396 3478 2718 3533 transmisit.
3456 3479 3460 3483 ’

2260 3590 2398 3646 Nihil
2436 3592 2521 3646 hic
2552 3593 2737 3647 stricta
2771 3592 3016 3647 oratione
3071 3591 3335 3654 condidit,
3366 3589 3457 3645 sed
3496 3584 3710 3658 quidquid

2188 3682 2452 3752 politioris
2480 3683 2829 3739 humanitatis
2876 3684 3041 3739 hocce
3078 3683 3349 3738 scribendi
3394 3694 3577 3752 genere
3601 3686 3714 3731 reto-

2191 3789 2277 3828 res
2303 3775 2711 3845 consignarunt,
2779 3775 2959 3845 sagaci
2990 3790 3109 3830 cum
3136 3774 3350 3845 judicio
3397 3784 3448 3828 et
3489 3768 3713 3840 exquisito

2187 3866 2393 3920 delectu
2436 3867 2708 3933 lustravit,
2767 3866 3027 3937 pluraque
3075 3866 3337 3922 disseruit
3391 3860 3715 3921 saluberrimis

2187 3957 2467 4027 praeceptis
2496 3957 2713 4024 referta,
2742 3958 2936 4029 quibus
2988 3966 3156 4011 tutam
3198 3958 3252 4014 in
3313 3954 3545 4027 legendis
3569 3952 3713 4021 hujus-

2189 4048 2330 4102 modi
2380 4048 2534 4104 libris
2578 4048 2866 4116 juvenibus
2903 4048 3047 4103 viam
3093 4059 3402 4115 sterneret;
3452 4060 3516 4101 tte
3555 4044 3714 4109 vel.ut

2186 4151 2327 4207 s:epe
2359 4139 2436 4203 tit,
2478 4139 2763 4193 latentibus
2807 4139 3162 4208 undequaque
3211 4137 3451 4210 scapulis
3500 4136 3714 4206 impinge-

2188 4239 2325 4293 rent,
2359 4229 2440 4285 vel
2490 4229 2623 4285 nihil
2680 4230 2803 4287 inde
2862 4231 3204 4301 perciperent
3249 4229 3521 4285 utilitatis.
3563 4228 3712 4295 Neque

2186 4321 2288 4376 hoc
2317 4322 2472 4377 satis.

2255 4431 2438 4502 Lange
2466 4433 2627 4487 etiam
2660 4432 2860 4502 majora
2902 4433 3057 4490 nobis
3104 4433 3404 4508 Gregorius
3447 4434 3713 4505 adjutuenta

589 4518 758 4576 Nemo
784 4527 961 4573 tamen
998 4534 1102 4572 non
1130 4521 1412 4574 mirabitur
1434 4535 1598 4587 queat
1624 4521 1792 4589 spiret
1817 4526 1867 4575 in
1894 4538 2077 4578 eorum
2113 4556 2157 4611 Β
2190 4523 2435 4577 contulit.
2486 4523 2631 4581 Utile
2660 4524 2802 4579 enim
2838 4524 2979 4580 dulci
3008 4525 3245 4589 miscuit,
3303 4539 3360 4579 ut
3387 4524 3715 4580 sanctissimas

517 4610 673 4666 libris
716 4611 946 4666 solidum
1001 4611 1317 4681 eloquentiae
1370 4614 1553 4678 robur,
1605 4627 1766 4679 quam
1807 4614 2080 4683 ingeniose

517 4701 790 4770 politeque
834 4702 1104 4756 scribendi
1147 4703 1299 4772 copia
1324 4742 1339 4768 ,
1380 4719 1543 4774 quam
1584 4711 1741 4757 acuta
1786 4704 2081 4759 sententia-

516 4808 636 4847 rum
666 4801 940 4858 veuustas,
983 4809 1100 4848 eam
1143 4804 1199 4847 ut
1247 4794 1480 4849 solitudo
1530 4811 1636 4849 non
1681 4795 2076 4862 obscuraverit,

514 4901 620 4938 non
653 4885 967 4939 exstinxerit
1019 4884 1340 4940 austerioris
1396 4886 1516 4940 vita:
1558 4889 1843 4956 asperitas.
1896 4889 2080 4955 Quan-

513 4989 675 5045 quam
714 4976 817 5031 hoc
843 4976 1059 5046 quidem
1115 4978 1252 5030 inter
1280 4987 1564 5049 utrumque
1591 4980 1879 5035 discrimen
1925 4995 2079 5048 repe-

514 5067 709 5135 riatur,
740 5068 879 5137 quod
912 5068 1030 5135 plus
1059 5070 1343 5122 admodum
1384 5072 1522 5124 seria
1560 5071 1631 5126 sit
1666 5071 1850 5125 Basilii
1879 5073 2075 5137 oratio,

513 5157 759 5229 Gregorii
797 5174 925 5213 vero
957 5160 1075 5230 plus
1122 5160 1314 5215 habeat
1344 5161 1505 5215 vividi
1540 5163 1688 5227 salis,
1719 5164 1836 5231 plus
1865 5163 2071 5233 gratiae.

586 5250 639 5301 Id
687 5248 790 5303 sibi
830 5249 1000 5316 magis
1047 5249 1295 5303 sumebat
1337 5247 1443 5311 ille,
1489 5259 1547 5302 ut
1593 5252 1799 5305 animos
1836 5258 2075 5305 moveret

513 5336 894 5410 ﬂecteretque;
949 5341 1035 5395 hic
1086 5356 1212 5396 vero
1264 5344 1434 5412 magis
1460 5342 1623 5396 etiam
1668 5354 1723 5396 ut
1762 5343 2071 5398 delectaret.

511 5428 826 5485 Orationem
864 5432 951 5485 ille
998 5431 1169 5498 magis
1215 5436 1508 5501 copiosam,
1546 5432 1904 5502 uberibusque
1951 5446 2077 5486 sen-

514 5521 699 5575 tentiis
728 5520 1024 5590 pleniorcm
1053 5520 1399 5588 elluudebat;
1449 5522 1535 5576 hic
1579 5538 1705 5577 vero
1747 5524 1863 5593 plus
1907 5524 2076 5577 abun-

513 5612 675 5667 dabat
701 5612 898 5681 lepore.
929 5613 1047 5681 plus
1075 5615 1317 5684 argtttiis.
1354 5612 1548 5669 Suavis
1586 5614 1801 5684 quidem
1825 5623 1878 5668 et
1897 5613 2074 5679 fortis,

510 5705 605 5761 sed
637 5706 816 5758 nativa
850 5704 1028 5772 plane,
1059 5716 1113 5757 et
1132 5705 1263 5758 nihil
1293 5707 1360 5759 ab
1384 5714 1501 5759 arte
1532 5712 1773 5758 mutuata
1805 5704 2072 5773 prmsidii,

510 5810 631 5852 sese
673 5795 815 5851 ultro
858 5795 1039 5852 Basilii
1084 5797 1342 5867 prodebat
1390 5797 1721 5867 eloquentia.
1756 5795 1899 5868 _lluc
1942 5811 2073 5852 vero

2186 4613 2400 4667 virtutis
2432 4616 2839 4685 praeceptiones,
2891 4613 3031 4670 dulci
3063 4620 3296 4685 quodam
3333 4616 3613 4688 voluptatis
3646 4628 3714 4667 sa-

2182 4721 2310 4775 pore
2344 4707 2585 4763 conditas
2639 4707 2889 4763 libentius
2920 4709 3371 4780 degustaremus;
3415 4721 3569 4779 atque
3609 4710 3716 4762 adeo

2182 4801 2327 4853 varia
2361 4799 2475 4871 ipse
2496 4815 2670 4869 eaque
2690 4800 3054 4855 excultissima
3089 4802 3309 4872 scripsit
3338 4810 3600 4872 poemata,
3618 4812 3721 4868 quo-

2182 4906 2297 4945 rum
2328 4894 2370 4945 si
2392 4892 2457 4944 ad
2493 4900 2863 4960 argumentum
2896 4902 3131 4961 spectas,
3163 4896 3351 4947 omnia
3405 4906 3614 4963 prorsus
3650 4903 3715 4942 se-

2179 4981 2281 5043 ria.
2318 4981 2391 5035 nil
2425 4982 2525 5036 nisi
2553 4982 2823 5035 Christum
2880 4982 3241 5055 pietatemque
3291 4984 3502 5054 spirant
3548 4999 3561 5037 ;
3599 4980 3635 5034 si
3663 4976 3715 5030 ad

2179 5071 2395 5143 stylum,
2433 5072 2565 5125 nihil
2620 5071 2934 5126 concinnius
2994 5071 3291 5136 l'aciliusve,
3353 5084 3409 5126 ut
3464 5073 3713 5125 llmuerutn

2180 5160 2353 5229 possis
2383 5174 2692 5229 agnoscere.
2744 5159 3001 5215 Carmina
3032 5174 3155 5213 vero
3197 5160 3447 5230 Gregorii
3504 5175 3614 5213 eum
3640 5172 3713 5225 ap-

2178 5250 2336 5319 pello,
2369 5267 2431 5305 ea
2463 5266 2566 5305 non
2599 5252 2827 5318 appello,
2864 5267 2987 5320 qua:
3007 5253 3211 5305 micant
3243 5253 3439 5306 tictitio
3470 5264 3714 5322 poetarum

2176 5338 2320 5404 fuco,
2375 5340 2828 5408 mcndacibusqtte
2885 5340 3186 5394 fabularum
3241 5343 3537 5412 pigmentis
3588 5340 3712 5397 illita.

2178 5430 2269 5483 sed
2308 5444 2427 5498 qua:
2482 5430 2695 5484 sincera
2727 5431 2972 5485 veritatis
3035 5432 3152 5485 luce
3180 5433 3719 5501 splendescunt;qua:

2177 5517 2389 5581 miram,
2429 5518 2670 5588 simplice
2696 5521 2795 5574 sub
2827 5520 2991 5587 cultu,
3018 5533 3273 5590 proruunt
3312 5521 3715 5576 artiﬁcisinven—

2179 5610 2377 5663 tionem
2422 5624 2541 5663 cum
2590 5609 2846 5679 singulari
2902 5613 3167 5667 sermonis
3216 5614 3492 5680 elegantia
3528 5612 3720 5681 COItjllll‘

2176 5712 2345 5767 ctam;
2392 5715 2509 5770 qua:
2544 5703 2754 5756 demum
2789 5704 3023 5758 nativam
3079 5706 3297 5775 sapiunt
3357 5706 3532 5761 felicis
3564 5702 3720 5770 cujus.

2176 5794 2298 5849 datu
2330 5793 2529 5863 ingenii
2577 5796 2967 5861 autmnitatem,
3006 5796 3399 5871 nemiuilacile
3431 5798 3722 5869 parabilem.
