  <div class='ocr_page' id='page_1' title='image "/cluster/home/n/w/nwhite01/storage/ocr_20150623/35/hvd.32044024473308/126.png"; bbox 0 0 3812 6500; ppageno 0'>
   <div class='ocr_carea' id='block_1_1' title="bbox 71 369 3300 454">
    <p class='ocr_par' dir='ltr' id='par_1_1' title="bbox 71 369 3300 454">
     <span class='ocr_line' id='line_1_1' title="bbox 71 369 3300 454; baseline 0.01 -33"><span class='ocrx_word' id='word_1_1' title='bbox 71 369 146 424; x_wconf 71' lang='lat'><strong>‘3“</strong></span> <span class='ocrx_word' id='word_1_2' title='bbox 1501 380 1834 442; x_wconf 81' lang='lat' dir='ltr'><strong>MONITUM.</strong></span> <span class='ocrx_word' id='word_1_3' title='bbox 3194 400 3300 454; x_wconf 59' lang='lat'><strong>212</strong></span> 
     </span>
    </p>
   </div>
   <div class='ocr_carea' id='block_1_2' title="bbox 68 483 3296 581">
    <p class='ocr_par' dir='ltr' id='par_1_2' title="bbox 68 483 3296 581">
     <span class='ocr_line' id='line_1_2' title="bbox 68 483 3296 581; baseline 0.012 -53"><span class='ocrx_word' id='word_1_4' title='bbox 68 499 162 548; x_wconf 53' lang='lat' dir='ltr'><strong>qua</strong></span> <span class='ocrx_word' id='word_1_5' title='bbox 208 490 376 536; x_wconf 75' lang='lat' dir='ltr'><strong>tamen</strong></span> <span class='ocrx_word' id='word_1_6' title='bbox 413 483 471 537; x_wconf 93' lang='lat' dir='ltr'><strong>in</strong></span> <span class='ocrx_word' id='word_1_7' title='bbox 522 485 782 555; x_wconf 83' lang='lat' dir='ltr'><strong>Gregorio</strong></span> <span class='ocrx_word' id='word_1_8' title='bbox 839 503 941 544; x_wconf 89' lang='lat' dir='ltr'><strong>non</strong></span> <span class='ocrx_word' id='word_1_9' title='bbox 989 489 1173 547; x_wconf 82' lang='lat' dir='ltr'><strong>labore</strong></span> <span class='ocrx_word' id='word_1_10' title='bbox 1208 495 1453 562; x_wconf 67' lang='lat' dir='ltr'><strong>quaesita,</strong></span> <span class='ocrx_word' id='word_1_11' title='bbox 1517 498 1613 553; x_wconf 81' lang='lat' dir='ltr'><strong>sed</strong></span> <span class='ocrx_word' id='word_1_12' title='bbox 1643 508 1686 562; x_wconf 78' lang='grc' dir='ltr'>Α</span> <span class='ocrx_word' id='word_1_13' title='bbox 1720 516 1824 569; x_wconf 88' lang='lat' dir='ltr'><strong>que</strong></span> <span class='ocrx_word' id='word_1_14' title='bbox 1863 501 2238 570; x_wconf 80' lang='lat' dir='ltr'><strong>ampliﬁcanda</strong></span> <span class='ocrx_word' id='word_1_15' title='bbox 2296 519 2570 568; x_wconf 62' lang='lat' dir='ltr'><strong>aerumna,</strong></span> <span class='ocrx_word' id='word_1_16' title='bbox 2624 517 2866 577; x_wconf 80' lang='lat' dir='ltr'><strong>spectata</strong></span> <span class='ocrx_word' id='word_1_17' title='bbox 2901 510 3130 581; x_wconf 80' lang='lat' dir='ltr'><strong>denique</strong></span> <span class='ocrx_word' id='word_1_18' title='bbox 3179 514 3296 568; x_wconf 86' lang='lat' dir='ltr'><strong>orbi</strong></span> 
     </span>
    </p>
   </div>
   <div class='ocr_carea' id='block_1_3' title="bbox 71 577 3294 657">
    <p class='ocr_par' dir='ltr' id='par_1_3' title="bbox 71 577 3294 657">
     <span class='ocr_line' id='line_1_3' title="bbox 71 577 3294 657; baseline 0.009 -29"><span class='ocrx_word' id='word_1_19' title='bbox 71 579 405 644; x_wconf 75' lang='lat' dir='ltr'><strong>inmutatque</strong></span> <span class='ocrx_word' id='word_1_20' title='bbox 441 577 604 630; x_wconf 87' lang='lat' dir='ltr'><strong>insita</strong></span> <span class='ocrx_word' id='word_1_21' title='bbox 644 579 910 636; x_wconf 83' lang='lat' dir='ltr'><strong>videatur.</strong></span> <span class='ocrx_word' id='word_1_22' title='bbox 1721 591 2031 648; x_wconf 85' lang='lat' dir='ltr'><strong>Christiano</strong></span> <span class='ocrx_word' id='word_1_23' title='bbox 2086 593 2392 649; x_wconf 89' lang='lat' dir='ltr'><strong>sanctitatis</strong></span> <span class='ocrx_word' id='word_1_24' title='bbox 2441 596 2582 651; x_wconf 73' lang='lat' dir='ltr'><strong>fatua</strong></span> <span class='ocrx_word' id='word_1_25' title='bbox 2641 599 2953 656; x_wconf 80' lang='lat' dir='ltr'><strong>felicissime</strong></span> <span class='ocrx_word' id='word_1_26' title='bbox 3017 604 3294 657; x_wconf 60' lang='lat' dir='ltr'><strong>consocia.</strong></span> 
     </span>
    </p>
   </div>
   <div class='ocr_carea' id='block_1_4' title="bbox 120 664 3297 758">
    <p class='ocr_par' dir='ltr' id='par_1_4' title="bbox 120 664 3297 758">
     <span class='ocr_line' id='line_1_4' title="bbox 120 664 3297 758; baseline 0.009 -40"><span class='ocrx_word' id='word_1_27' title='bbox 120 666 235 718; x_wconf 84' lang='lat' dir='ltr'><strong>llinc</strong></span> <span class='ocrx_word' id='word_1_28' title='bbox 267 664 402 720; x_wconf 85' lang='lat' dir='ltr'><strong>adeo</strong></span> <span class='ocrx_word' id='word_1_29' title='bbox 435 669 789 726; x_wconf 87' lang='lat' dir='ltr'><strong>doctissimos</strong></span> <span class='ocrx_word' id='word_1_30' title='bbox 820 672 942 727; x_wconf 90' lang='lat' dir='ltr'><strong>illos</strong></span> <span class='ocrx_word' id='word_1_31' title='bbox 976 672 1230 731; x_wconf 77' lang='lat' dir='ltr'><strong>Ecclesia:</strong></span> <span class='ocrx_word' id='word_1_32' title='bbox 1261 675 1448 732; x_wconf 80' lang='lat' dir='ltr'><strong>Patres</strong></span> <span class='ocrx_word' id='word_1_33' title='bbox 1482 693 1617 747; x_wconf 87' lang='lat' dir='ltr'><strong>quos</strong></span> <span class='ocrx_word' id='word_1_34' title='bbox 1721 693 1884 749; x_wconf 87' lang='lat' dir='ltr'><strong>runt;</strong></span> <span class='ocrx_word' id='word_1_35' title='bbox 1921 685 1971 739; x_wconf 93' lang='lat' dir='ltr'><strong>in</strong></span> <span class='ocrx_word' id='word_1_36' title='bbox 2001 686 2049 739; x_wconf 87' lang='lat' dir='ltr'><strong>id</strong></span> <span class='ocrx_word' id='word_1_37' title='bbox 2087 686 2250 741; x_wconf 87' lang='lat' dir='ltr'><strong>etiam</strong></span> <span class='ocrx_word' id='word_1_38' title='bbox 2271 691 2424 758; x_wconf 86' lang='lat' dir='ltr'><strong>quasi</strong></span> <span class='ocrx_word' id='word_1_39' title='bbox 2454 699 2637 746; x_wconf 88' lang='lat' dir='ltr'><strong>mutuo</strong></span> <span class='ocrx_word' id='word_1_40' title='bbox 2661 692 2803 748; x_wconf 90' lang='lat' dir='ltr'><strong>inter</strong></span> <span class='ocrx_word' id='word_1_41' title='bbox 2833 709 2892 749; x_wconf 92' lang='lat' dir='ltr'><strong>se</strong></span> <span class='ocrx_word' id='word_1_42' title='bbox 2936 694 3116 750; x_wconf 90' lang='lat' dir='ltr'><strong>animo</strong></span> <span class='ocrx_word' id='word_1_43' title='bbox 3148 697 3297 749; x_wconf 83' lang='lat' dir='ltr'><strong>dice-</strong></span> 
     </span>
    </p>
   </div>
   <div class='ocr_carea' id='block_1_5' title="bbox 67 759 3294 856">
    <p class='ocr_par' dir='ltr' id='par_1_5' title="bbox 67 759 3294 856">
     <span class='ocr_line' id='line_1_5' title="bbox 67 759 3294 856; baseline 0.009 -44"><span class='ocrx_word' id='word_1_44' title='bbox 67 774 237 812; x_wconf 78' lang='lat' dir='ltr'><strong>tuorum</strong></span> <span class='ocrx_word' id='word_1_45' title='bbox 265 759 636 815; x_wconf 79' lang='lat' dir='ltr'><strong>sanctimonia</strong></span> <span class='ocrx_word' id='word_1_46' title='bbox 674 772 839 831; x_wconf 88' lang='lat' dir='ltr'><strong>atque</strong></span> <span class='ocrx_word' id='word_1_47' title='bbox 869 764 1153 835; x_wconf 78' lang='lat' dir='ltr'><strong>integritas</strong></span> <span class='ocrx_word' id='word_1_48' title='bbox 1197 770 1338 835; x_wconf 68' lang='lat' dir='ltr'><strong>vitm,</strong></span> <span class='ocrx_word' id='word_1_49' title='bbox 1371 772 1616 827; x_wconf 82' lang='lat' dir='ltr'><strong>solitudi-</strong></span> <span class='ocrx_word' id='word_1_50' title='bbox 1725 793 1808 831; x_wconf 88' lang='lat' dir='ltr'><strong>res</strong></span> <span class='ocrx_word' id='word_1_51' title='bbox 1831 779 2190 847; x_wconf 82' lang='lat' dir='ltr'><strong>conspirasse,</strong></span> <span class='ocrx_word' id='word_1_52' title='bbox 2225 791 2280 833; x_wconf 91' lang='lat' dir='ltr'><strong>ut</strong></span> <span class='ocrx_word' id='word_1_53' title='bbox 2313 797 2378 835; x_wconf 87' lang='lat' dir='ltr'><strong>ne</strong></span> <span class='ocrx_word' id='word_1_54' title='bbox 2418 783 2544 852; x_wconf 90' lang='lat' dir='ltr'><strong>quid</strong></span> <span class='ocrx_word' id='word_1_55' title='bbox 2573 784 2622 837; x_wconf 89' lang='lat' dir='ltr'><strong>in</strong></span> <span class='ocrx_word' id='word_1_56' title='bbox 2658 786 2853 841; x_wconf 87' lang='lat' dir='ltr'><strong>studiis</strong></span> <span class='ocrx_word' id='word_1_57' title='bbox 2884 801 3188 856; x_wconf 86' lang='lat' dir='ltr'><strong>peccemus,</strong></span> <span class='ocrx_word' id='word_1_58' title='bbox 3216 787 3294 840; x_wconf 87' lang='lat' dir='ltr'><strong>le-</strong></span> 
     </span>
    </p>
   </div>
   <div class='ocr_carea' id='block_1_6' title="bbox 67 846 3289 945">
    <p class='ocr_par' dir='ltr' id='par_1_6' title="bbox 67 846 3289 945">
     <span class='ocr_line' id='line_1_6' title="bbox 67 846 3289 945; baseline 0.01 -46"><span class='ocrx_word' id='word_1_59' title='bbox 67 848 128 899; x_wconf 82' lang='lat' dir='ltr'><strong>nis</strong></span> <span class='ocrx_word' id='word_1_60' title='bbox 155 846 568 917; x_wconf 85' lang='lat' dir='ltr'><strong>litterarumque</strong></span> <span class='ocrx_word' id='word_1_61' title='bbox 594 867 768 915; x_wconf 87' lang='lat' dir='ltr'><strong>amor,</strong></span> <span class='ocrx_word' id='word_1_62' title='bbox 797 854 1042 909; x_wconf 81' lang='lat' dir='ltr'><strong>veritatis</strong></span> <span class='ocrx_word' id='word_1_63' title='bbox 1071 858 1329 924; x_wconf 86' lang='lat' dir='ltr'><strong>studium,</strong></span> <span class='ocrx_word' id='word_1_64' title='bbox 1362 860 1618 930; x_wconf 83' lang='lat' dir='ltr'><strong>eloquen-</strong></span> <span class='ocrx_word' id='word_1_65' title='bbox 1721 881 1815 935; x_wconf 85' lang='lat' dir='ltr'><strong>ges</strong></span> <span class='ocrx_word' id='word_1_66' title='bbox 1866 846 2008 921; x_wconf 81' lang='lat' dir='ltr'><strong>alter</strong></span> <span class='ocrx_word' id='word_1_67' title='bbox 2038 869 2194 922; x_wconf 89' lang='lat' dir='ltr'><strong>nobis</strong></span> <span class='ocrx_word' id='word_1_68' title='bbox 2241 878 2506 926; x_wconf 78' lang='lat' dir='ltr'><strong>statueret</strong></span> <span class='ocrx_word' id='word_1_69' title='bbox 2555 888 2690 942; x_wconf 83' lang='lat' dir='ltr'><strong>quas</strong></span> <span class='ocrx_word' id='word_1_70' title='bbox 2740 883 2856 929; x_wconf 91' lang='lat' dir='ltr'><strong>tuto</strong></span> <span class='ocrx_word' id='word_1_71' title='bbox 2905 891 3289 945; x_wconf 85' lang='lat' dir='ltr'><strong>sequeremur;</strong></span> 
     </span>
    </p>
   </div>
   <div class='ocr_carea' id='block_1_7' title="bbox 68 936 3292 1030">
    <p class='ocr_par' dir='ltr' id='par_1_7' title="bbox 68 936 3292 1030">
     <span class='ocr_line' id='line_1_7' title="bbox 68 936 3292 1030; baseline 0.009 -41"><span class='ocrx_word' id='word_1_72' title='bbox 68 950 131 990; x_wconf 68' lang='lat' dir='ltr'><strong>na:</strong></span> <span class='ocrx_word' id='word_1_73' title='bbox 149 936 248 990; x_wconf 81' lang='lat' dir='ltr'><strong>laus</strong></span> <span class='ocrx_word' id='word_1_74' title='bbox 285 937 518 1004; x_wconf 78' lang='lat' dir='ltr'><strong>eximia,</strong></span> <span class='ocrx_word' id='word_1_75' title='bbox 569 944 745 998; x_wconf 82' lang='lat' dir='ltr'><strong>sudati</strong></span> <span class='ocrx_word' id='word_1_76' title='bbox 804 960 901 1010; x_wconf 85' lang='lat' dir='ltr'><strong>pro</strong></span> <span class='ocrx_word' id='word_1_77' title='bbox 954 945 1174 1002; x_wconf 84' lang='lat' dir='ltr'><strong>Christo</strong></span> <span class='ocrx_word' id='word_1_78' title='bbox 1226 949 1276 1003; x_wconf 90' lang='lat' dir='ltr'><strong>in</strong></span> <span class='ocrx_word' id='word_1_79' title='bbox 1327 951 1616 1022; x_wconf 81' lang='lat' dir='ltr'><strong>cpiscOpali</strong></span> <span class='ocrx_word' id='word_1_80' title='bbox 1723 957 1879 1013; x_wconf 88' lang='lat' dir='ltr'><strong>nobis</strong></span> <span class='ocrx_word' id='word_1_81' title='bbox 1912 958 2050 1012; x_wconf 83' lang='lat' dir='ltr'><strong>alter</strong></span> <span class='ocrx_word' id='word_1_82' title='bbox 2077 961 2295 1028; x_wconf 87' lang='lat' dir='ltr'><strong>pietatis</strong></span> <span class='ocrx_word' id='word_1_83' title='bbox 2328 963 2537 1030; x_wconf 86' lang='lat' dir='ltr'><strong>plenam</strong></span> <span class='ocrx_word' id='word_1_84' title='bbox 2573 936 2831 1020; x_wconf 42' lang='lat' dir='ltr'><strong>-studendi</strong></span> <span class='ocrx_word' id='word_1_85' title='bbox 2863 936 3142 1023; x_wconf 74' lang='lat' dir='ltr'><strong>materiem</strong></span> <span class='ocrx_word' id='word_1_86' title='bbox 3164 965 3292 1022; x_wconf 83' lang='lat' dir='ltr'><strong>sub-</strong></span> 
     </span>
    </p>
   </div>
   <div class='ocr_carea' id='block_1_8' title="bbox 64 1028 2074 1109">
    <p class='ocr_par' dir='ltr' id='par_1_8' title="bbox 64 1028 2074 1109">
     <span class='ocr_line' id='line_1_8' title="bbox 64 1028 2074 1109; baseline 0.011 -31"><span class='ocrx_word' id='word_1_87' title='bbox 64 1042 246 1082; x_wconf 77' lang='lat' dir='ltr'><strong>manere</strong></span> <span class='ocrx_word' id='word_1_88' title='bbox 277 1028 522 1094; x_wconf 82' lang='lat' dir='ltr'><strong>labores,</strong></span> <span class='ocrx_word' id='word_1_89' title='bbox 583 1035 792 1090; x_wconf 83' lang='lat' dir='ltr'><strong>hausta.-</strong></span> <span class='ocrx_word' id='word_1_90' title='bbox 840 1052 938 1106; x_wconf 90' lang='lat' dir='ltr'><strong>pro</strong></span> <span class='ocrx_word' id='word_1_91' title='bbox 976 1039 1234 1109; x_wconf 80' lang='lat' dir='ltr'><strong>religione</strong></span> <span class='ocrx_word' id='word_1_92' title='bbox 1284 1045 1505 1099; x_wconf 80' lang='lat' dir='ltr'><strong>tutanda</strong></span> <span class='ocrx_word' id='word_1_93' title='bbox 1536 1056 1616 1100; x_wconf 85' lang='lat' dir='ltr'><strong>at-</strong></span> <span class='ocrx_word' id='word_1_94' title='bbox 1724 1047 2074 1107; x_wconf 84' lang='lat' dir='ltr'><strong>ministraret.</strong></span> 
     </span>
    </p>
   </div>
   <div class='ocr_carea' id='block_1_9' title="bbox 76 1181 3257 1238">
    <p class='ocr_par' dir='ltr' id='par_1_9' title="bbox 76 1181 3257 1238">
     <span class='ocr_line' id='line_1_9' title="bbox 76 1181 3257 1238; baseline 0.005 -30"><span class='ocrx_word' id='word_1_95' title='bbox 76 1181 3257 1238; x_wconf 52' lang='grc' dir='ltr'><strong>Ἢ,</strong></span> 
     </span>
    </p>
   </div>
   <div class='ocr_carea' id='block_1_10' title="bbox 669 1395 2702 1520">
    <p class='ocr_par' dir='ltr' id='par_1_10' title="bbox 669 1395 2702 1520">
     <span class='ocr_line' id='line_1_10' title="bbox 669 1395 2702 1520; baseline 0.01 -36"><span class='ocrx_word' id='word_1_96' title='bbox 669 1395 1246 1491; x_wconf 85' lang='lat' dir='ltr'><strong>MONITUM</strong></span> <span class='ocrx_word' id='word_1_97' title='bbox 1329 1405 1448 1492; x_wconf 87' lang='lat' dir='ltr'><strong>IN</strong></span> <span class='ocrx_word' id='word_1_98' title='bbox 1515 1406 1892 1496; x_wconf 89' lang='lat' dir='ltr'><strong>VITAM</strong></span> <span class='ocrx_word' id='word_1_99' title='bbox 1966 1410 2702 1520; x_wconf 84' lang='lat' dir='ltr'><strong>SEQUENTEM</strong></span> 
     </span>
    </p>
   </div>
   <div class='ocr_carea' id='block_1_11' title="bbox 1102 1618 2224 1708">
    <p class='ocr_par' dir='ltr' id='par_1_11' title="bbox 1102 1618 2224 1708">
     <span class='ocr_line' id='line_1_11' title="bbox 1102 1618 2224 1708; baseline 0.008 -28"><span class='ocrx_word' id='word_1_100' title='bbox 1102 1620 1150 1680; x_wconf 74' lang='grc' dir='ltr'><strong>Α</strong></span> <span class='ocrx_word' id='word_1_101' title='bbox 1178 1618 1478 1698; x_wconf 82' lang='lat' dir='ltr'><strong>Gregorio</strong></span> <span class='ocrx_word' id='word_1_102' title='bbox 1503 1621 1870 1703; x_wconf 83' lang='lat' dir='ltr'><strong>presbytero</strong></span> <span class='ocrx_word' id='word_1_103' title='bbox 1902 1625 2224 1708; x_wconf 79' lang='lat' dir='ltr'><strong>scriptam.</strong></span> 
     </span>
    </p>
   </div>
   <div class='ocr_carea' id='block_1_12' title="bbox 119 1985 3273 2073">
    <p class='ocr_par' dir='ltr' id='par_1_12' title="bbox 119 1985 3273 2073">
     <span class='ocr_line' id='line_1_12' title="bbox 119 1985 3273 2073; baseline 0.005 -29"><span class='ocrx_word' id='word_1_104' title='bbox 119 1986 254 2058; x_wconf 80' lang='lat' dir='ltr'><strong>Quis</strong></span> <span class='ocrx_word' id='word_1_105' title='bbox 300 1986 385 2046; x_wconf 91' lang='lat' dir='ltr'><strong>sit</strong></span> <span class='ocrx_word' id='word_1_106' title='bbox 462 1985 578 2048; x_wconf 90' lang='lat' dir='ltr'><strong>ille</strong></span> <span class='ocrx_word' id='word_1_107' title='bbox 614 1986 985 2064; x_wconf 82' lang='lat' dir='ltr'><strong>Gregorius.</strong></span> <span class='ocrx_word' id='word_1_108' title='bbox 1021 1987 1237 2066; x_wconf 90' lang='lat' dir='ltr'><strong>plures</strong></span> <span class='ocrx_word' id='word_1_109' title='bbox 1284 1987 1730 2066; x_wconf 82' lang='lat' dir='ltr'><strong>exquisierunt</strong></span> <span class='ocrx_word' id='word_1_110' title='bbox 1775 1994 1835 2050; x_wconf 93' lang='lat' dir='ltr'><strong>et</strong></span> <span class='ocrx_word' id='word_1_111' title='bbox 1872 1987 2321 2065; x_wconf 78' lang='lat' dir='ltr'><strong>disputarunt;</strong></span> <span class='ocrx_word' id='word_1_112' title='bbox 2354 1991 2462 2052; x_wconf 87' lang='lat' dir='ltr'><strong>sed</strong></span> <span class='ocrx_word' id='word_1_113' title='bbox 2512 1993 2664 2054; x_wconf 89' lang='lat' dir='ltr'><strong>nihil</strong></span> <span class='ocrx_word' id='word_1_114' title='bbox 2704 1995 2855 2056; x_wconf 86' lang='lat' dir='ltr'><strong>certi</strong></span> <span class='ocrx_word' id='word_1_115' title='bbox 2885 2006 2990 2058; x_wconf 89' lang='lat' dir='ltr'><strong>aut</strong></span> <span class='ocrx_word' id='word_1_116' title='bbox 3022 1998 3099 2058; x_wconf 93' lang='lat' dir='ltr'><strong>de</strong></span> <span class='ocrx_word' id='word_1_117' title='bbox 3133 2017 3273 2073; x_wconf 82' lang='lat' dir='ltr'><strong>per-</strong></span> 
     </span>
    </p>
   </div>
   <div class='ocr_carea' id='block_1_13' title="bbox 67 2087 3282 2173">
    <p class='ocr_par' dir='ltr' id='par_1_13' title="bbox 67 2087 3282 2173">
     <span class='ocr_line' id='line_1_13' title="bbox 67 2087 3282 2173; baseline 0.006 -28"><span class='ocrx_word' id='word_1_118' title='bbox 67 2105 180 2146; x_wconf 80' lang='lat' dir='ltr'><strong>sena</strong></span> <span class='ocrx_word' id='word_1_119' title='bbox 212 2095 314 2148; x_wconf 89' lang='lat' dir='ltr'><strong>aut</strong></span> <span class='ocrx_word' id='word_1_120' title='bbox 347 2087 434 2148; x_wconf 90' lang='lat' dir='ltr'><strong>de</strong></span> <span class='ocrx_word' id='word_1_121' title='bbox 463 2087 613 2166; x_wconf 87' lang='lat' dir='ltr'><strong>ejus</strong></span> <span class='ocrx_word' id='word_1_122' title='bbox 642 2094 822 2148; x_wconf 66' lang='lat' dir='ltr'><strong>aetate</strong></span> <span class='ocrx_word' id='word_1_123' title='bbox 853 2089 1172 2167; x_wconf 90' lang='lat' dir='ltr'><strong>proditum</strong></span> <span class='ocrx_word' id='word_1_124' title='bbox 1210 2093 1326 2149; x_wconf 92' lang='lat' dir='ltr'><strong>est.</strong></span> <span class='ocrx_word' id='word_1_125' title='bbox 1374 2087 1719 2151; x_wconf 90' lang='lat' dir='ltr'><strong>Bollandus</strong></span> <span class='ocrx_word' id='word_1_126' title='bbox 1762 2089 1867 2169; x_wconf 81' lang='grc' dir='ltr'><strong>(α),</strong></span> <span class='ocrx_word' id='word_1_127' title='bbox 1920 2090 2195 2151; x_wconf 82' lang='lat' dir='ltr'><strong>Vossius</strong></span> <span class='ocrx_word' id='word_1_128' title='bbox 2262 2096 2324 2152; x_wconf 91' lang='lat' dir='ltr'><strong>et</strong></span> <span class='ocrx_word' id='word_1_129' title='bbox 2358 2091 2463 2173; x_wconf 84' lang='lat' dir='ltr'><strong>alii</strong></span> <span class='ocrx_word' id='word_1_130' title='bbox 2503 2093 2708 2156; x_wconf 90' lang='lat' dir='ltr'><strong>Vitam</strong></span> <span class='ocrx_word' id='word_1_131' title='bbox 2769 2095 2929 2160; x_wconf 87' lang='lat' dir='ltr'><strong>hanc</strong></span> <span class='ocrx_word' id='word_1_132' title='bbox 2955 2101 3282 2165; x_wconf 83' lang='lat' dir='ltr'><strong>ascribunt</strong></span> 
     </span>
    </p>
   </div>
   <div class='ocr_carea' id='block_1_14' title="bbox 69 2187 3280 2270">
    <p class='ocr_par' dir='ltr' id='par_1_14' title="bbox 69 2187 3280 2270">
     <span class='ocr_line' id='line_1_14' title="bbox 69 2187 3280 2270; baseline 0.005 -25"><span class='ocrx_word' id='word_1_133' title='bbox 69 2188 290 2265; x_wconf 81' lang='lat' dir='ltr'><strong>Georgio</strong></span> <span class='ocrx_word' id='word_1_134' title='bbox 316 2187 638 2251; x_wconf 61' lang='lat' dir='ltr'><strong>Caesareae</strong></span> <span class='ocrx_word' id='word_1_135' title='bbox 668 2189 1080 2270; x_wconf 68' lang='lat' dir='ltr'><strong>Cappadocia:</strong></span> <span class='ocrx_word' id='word_1_136' title='bbox 1113 2190 1509 2269; x_wconf 82' lang='lat' dir='ltr'><strong>presbytero,</strong></span> <span class='ocrx_word' id='word_1_137' title='bbox 1551 2190 1662 2269; x_wconf 90' lang='lat' dir='ltr'><strong>qui</strong></span> <span class='ocrx_word' id='word_1_138' title='bbox 1699 2190 1763 2250; x_wconf 83' lang='lat' dir='ltr'><strong>in</strong></span> <span class='ocrx_word' id='word_1_139' title='bbox 1802 2189 2041 2250; x_wconf 84' lang='lat' dir='ltr'><strong>Iaudem</strong></span> <span class='ocrx_word' id='word_1_140' title='bbox 2064 2189 2328 2252; x_wconf 81' lang='lat' dir='ltr'><strong>Patrum</strong></span> <span class='ocrx_word' id='word_1_141' title='bbox 2354 2191 2750 2256; x_wconf 70' lang='lat' dir='ltr'><strong>Nicanorum</strong></span> <span class='ocrx_word' id='word_1_142' title='bbox 2779 2198 3132 2264; x_wconf 87' lang='lat' dir='ltr'><strong>orationem</strong></span> <span class='ocrx_word' id='word_1_143' title='bbox 3167 2200 3280 2262; x_wconf 86' lang='lat' dir='ltr'><strong>ha-</strong></span> 
     </span>
    </p>
   </div>
   <div class='ocr_carea' id='block_1_15' title="bbox 69 2289 3281 2369">
    <p class='ocr_par' dir='ltr' id='par_1_15' title="bbox 69 2289 3281 2369">
     <span class='ocr_line' id='line_1_15' title="bbox 69 2289 3281 2369; baseline 0.005 -23"><span class='ocrx_word' id='word_1_144' title='bbox 69 2289 187 2348; x_wconf 79' lang='lat' dir='ltr'><strong>buit.</strong></span> <span class='ocrx_word' id='word_1_145' title='bbox 219 2289 292 2349; x_wconf 77' lang='lat' dir='ltr'><strong>At</strong></span> <span class='ocrx_word' id='word_1_146' title='bbox 319 2306 456 2368; x_wconf 89' lang='lat' dir='ltr'><strong>quo</strong></span> <span class='ocrx_word' id='word_1_147' title='bbox 494 2296 785 2369; x_wconf 89' lang='lat' dir='ltr'><strong>tempore</strong></span> <span class='ocrx_word' id='word_1_148' title='bbox 819 2289 1049 2351; x_wconf 79' lang='lat' dir='ltr'><strong>vixerit</strong></span> <span class='ocrx_word' id='word_1_149' title='bbox 1101 2289 1417 2368; x_wconf 82' lang='lat' dir='ltr'><strong>Georgius</strong></span> <span class='ocrx_word' id='word_1_150' title='bbox 1474 2291 1617 2364; x_wconf 88' lang='lat' dir='ltr'><strong>iste,</strong></span> <span class='ocrx_word' id='word_1_151' title='bbox 1676 2299 1968 2352; x_wconf 88' lang='lat' dir='ltr'><strong>auctores</strong></span> <span class='ocrx_word' id='word_1_152' title='bbox 2028 2291 2197 2354; x_wconf 91' lang='lat' dir='ltr'><strong>inter</strong></span> <span class='ocrx_word' id='word_1_153' title='bbox 2265 2307 2334 2354; x_wconf 91' lang='lat' dir='ltr'><strong>se</strong></span> <span class='ocrx_word' id='word_1_154' title='bbox 2393 2309 2520 2355; x_wconf 89' lang='lat' dir='ltr'><strong>non</strong></span> <span class='ocrx_word' id='word_1_155' title='bbox 2565 2299 3000 2363; x_wconf 89' lang='lat' dir='ltr'><strong>consentiunt.</strong></span> <span class='ocrx_word' id='word_1_156' title='bbox 3030 2301 3281 2364; x_wconf 84' lang='lat' dir='ltr'><strong>Bollan-</strong></span> 
     </span>
    </p>
   </div>
   <div class='ocr_carea' id='block_1_16' title="bbox 69 2393 3280 2478">
    <p class='ocr_par' dir='ltr' id='par_1_16' title="bbox 69 2393 3280 2478">
     <span class='ocr_line' id='line_1_16' title="bbox 69 2393 3280 2478; baseline 0.004 -29"><span class='ocrx_word' id='word_1_157' title='bbox 69 2397 153 2450; x_wconf 78' lang='lat' dir='ltr'><strong>dus</strong></span> <span class='ocrx_word' id='word_1_158' title='bbox 181 2393 478 2471; x_wconf 86' lang='lat' dir='ltr'><strong>quidem,</strong></span> <span class='ocrx_word' id='word_1_159' title='bbox 554 2394 815 2456; x_wconf 90' lang='lat' dir='ltr'><strong>ineunte</strong></span> <span class='ocrx_word' id='word_1_160' title='bbox 872 2396 1146 2475; x_wconf 89' lang='lat' dir='ltr'><strong>septimo</strong></span> <span class='ocrx_word' id='word_1_161' title='bbox 1183 2395 1423 2458; x_wconf 80' lang='lat' dir='ltr'><strong>vixisse</strong></span> <span class='ocrx_word' id='word_1_162' title='bbox 1479 2403 1692 2476; x_wconf 87' lang='lat' dir='ltr'><strong>putat;</strong></span> <span class='ocrx_word' id='word_1_163' title='bbox 1723 2395 1996 2456; x_wconf 89' lang='lat' dir='ltr'><strong>Vossius</strong></span> <span class='ocrx_word' id='word_1_164' title='bbox 2038 2411 2187 2458; x_wconf 88' lang='lat' dir='ltr'><strong>vero</strong></span> <span class='ocrx_word' id='word_1_165' title='bbox 2217 2395 2325 2478; x_wconf 79' lang='grc' dir='ltr'><strong>(ὁ),</strong></span> <span class='ocrx_word' id='word_1_166' title='bbox 2363 2396 2466 2459; x_wconf 92' lang='lat' dir='ltr'><strong>cui</strong></span> <span class='ocrx_word' id='word_1_167' title='bbox 2499 2393 2710 2459; x_wconf 83' lang='lat' dir='ltr'><strong>favent</strong></span> <span class='ocrx_word' id='word_1_168' title='bbox 2739 2398 3186 2464; x_wconf 83' lang='lat' dir='ltr'><strong>Henschenius</strong></span> <span class='ocrx_word' id='word_1_169' title='bbox 3218 2407 3280 2464; x_wconf 92' lang='lat' dir='ltr'><strong>et</strong></span> 
     </span>
    </p>
   </div>
   <div class='ocr_carea' id='block_1_17' title="bbox 70 2493 3280 2576">
    <p class='ocr_par' dir='ltr' id='par_1_17' title="bbox 70 2493 3280 2576">
     <span class='ocr_line' id='line_1_17' title="bbox 70 2493 3280 2576; baseline 0.004 -25"><span class='ocrx_word' id='word_1_170' title='bbox 70 2493 488 2567; x_wconf 81' lang='lat' dir='ltr'><strong>Papebrochius</strong></span> <span class='ocrx_word' id='word_1_171' title='bbox 515 2495 623 2573; x_wconf 91' lang='lat' dir='ltr'><strong>(c),</strong></span> <span class='ocrx_word' id='word_1_172' title='bbox 661 2494 868 2556; x_wconf 87' lang='lat' dir='ltr'><strong>medio</strong></span> <span class='ocrx_word' id='word_1_173' title='bbox 894 2496 1147 2558; x_wconf 88' lang='lat' dir='ltr'><strong>circiter</strong></span> <span class='ocrx_word' id='word_1_174' title='bbox 1180 2501 1413 2560; x_wconf 71' lang='lat' dir='ltr'><strong>smculo</strong></span> <span class='ocrx_word' id='word_1_175' title='bbox 1446 2496 1697 2561; x_wconf 90' lang='lat' dir='ltr'><strong>decimo</strong></span> <span class='ocrx_word' id='word_1_176' title='bbox 1722 2495 2016 2559; x_wconf 85' lang='lat' dir='ltr'><strong>ﬂoruisse</strong></span> <span class='ocrx_word' id='word_1_177' title='bbox 2040 2497 2308 2576; x_wconf 89' lang='lat' dir='ltr'><strong>probare</strong></span> <span class='ocrx_word' id='word_1_178' title='bbox 2337 2498 2586 2572; x_wconf 90' lang='lat' dir='ltr'><strong>nititur,</strong></span> <span class='ocrx_word' id='word_1_179' title='bbox 2609 2498 2721 2561; x_wconf 89' lang='lat' dir='ltr'><strong>sed</strong></span> <span class='ocrx_word' id='word_1_180' title='bbox 2750 2497 3020 2576; x_wconf 85' lang='lat' dir='ltr'><strong>frustra;</strong></span> <span class='ocrx_word' id='word_1_181' title='bbox 3055 2519 3170 2565; x_wconf 91' lang='lat' dir='ltr'><strong>nec</strong></span> <span class='ocrx_word' id='word_1_182' title='bbox 3201 2502 3280 2564; x_wconf 78' lang='lat' dir='ltr'><strong>ad</strong></span> 
     </span>
    </p>
   </div>
   <div class='ocr_carea' id='block_1_18' title="bbox 70 2597 3276 2690">
    <p class='ocr_par' dir='ltr' id='par_1_18' title="bbox 70 2597 3276 2690">
     <span class='ocr_line' id='line_1_18' title="bbox 70 2597 3276 2690; baseline 0.005 -38"><span class='ocrx_word' id='word_1_183' title='bbox 70 2612 150 2655; x_wconf 90' lang='lat' dir='ltr'><strong>nos</strong></span> <span class='ocrx_word' id='word_1_184' title='bbox 177 2605 406 2673; x_wconf 84' lang='lat' dir='ltr'><strong>spectat</strong></span> <span class='ocrx_word' id='word_1_185' title='bbox 451 2598 591 2661; x_wconf 68' lang='lat' dir='ltr'><strong>haec</strong></span> <span class='ocrx_word' id='word_1_186' title='bbox 615 2597 1017 2688; x_wconf 80' lang='lat' dir='ltr'><strong>disceptatio,</strong></span> <span class='ocrx_word' id='word_1_187' title='bbox 1046 2619 1190 2662; x_wconf 89' lang='lat' dir='ltr'><strong>cum</strong></span> <span class='ocrx_word' id='word_1_188' title='bbox 1225 2601 1398 2664; x_wconf 89' lang='lat' dir='ltr'><strong>nulla</strong></span> <span class='ocrx_word' id='word_1_189' title='bbox 1449 2602 1670 2663; x_wconf 83' lang='lat' dir='ltr'><strong>saltem</strong></span> <span class='ocrx_word' id='word_1_190' title='bbox 1704 2601 2015 2690; x_wconf 84' lang='lat' dir='ltr'><strong>probabili</strong></span> <span class='ocrx_word' id='word_1_191' title='bbox 2053 2601 2297 2665; x_wconf 86' lang='lat' dir='ltr'><strong>ratione</strong></span> <span class='ocrx_word' id='word_1_192' title='bbox 2342 2602 2639 2666; x_wconf 89' lang='lat' dir='ltr'><strong>concludi</strong></span> <span class='ocrx_word' id='word_1_193' title='bbox 2682 2605 2881 2682; x_wconf 83' lang='lat' dir='ltr'><strong>possit</strong></span> <span class='ocrx_word' id='word_1_194' title='bbox 2930 2606 3276 2685; x_wconf 88' lang='lat' dir='ltr'><strong>Georgium</strong></span> 
     </span>
    </p>
   </div>
   <div class='ocr_carea' id='block_1_19' title="bbox 74 2681 3278 2788">
    <p class='ocr_par' dir='ltr' id='par_1_19' title="bbox 74 2681 3278 2788">
     <span class='ocr_line' id='line_1_19' title="bbox 74 2681 3278 2788; baseline 0.007 -38"><span class='ocrx_word' id='word_1_195' title='bbox 74 2696 194 2757; x_wconf 82' lang='lat' dir='ltr'><strong>hunc</strong></span> <span class='ocrx_word' id='word_1_196' title='bbox 220 2706 510 2758; x_wconf 86' lang='lat' dir='ltr'><strong>nostrum</strong></span> <span class='ocrx_word' id='word_1_197' title='bbox 556 2681 698 2758; x_wconf 79' lang='lat' dir='ltr'><strong>esse</strong></span> <span class='ocrx_word' id='word_1_198' title='bbox 756 2697 1132 2775; x_wconf 82' lang='lat' dir='ltr'><strong>Gregorium</strong></span> <span class='ocrx_word' id='word_1_199' title='bbox 1171 2699 1476 2778; x_wconf 85' lang='lat' dir='ltr'><strong>Theologi</strong></span> <span class='ocrx_word' id='word_1_200' title='bbox 1523 2687 1978 2778; x_wconf 85' lang='lat' dir='ltr'><strong>biographum.</strong></span> <span class='ocrx_word' id='word_1_201' title='bbox 2033 2701 2284 2764; x_wconf 84' lang='lat' dir='ltr'><strong>Interea</strong></span> <span class='ocrx_word' id='word_1_202' title='bbox 2322 2701 2470 2766; x_wconf 92' lang='lat' dir='ltr'><strong>licet</strong></span> <span class='ocrx_word' id='word_1_203' title='bbox 2535 2710 2986 2785; x_wconf 88' lang='lat' dir='ltr'><strong>quotempore</strong></span> <span class='ocrx_word' id='word_1_204' title='bbox 3049 2681 3278 2788; x_wconf 60' lang='lat' dir='ltr'><strong>scripta</strong></span> 
     </span>
    </p>
   </div>
   <div class='ocr_carea' id='block_1_20' title="bbox 72 2797 3280 2884">
    <p class='ocr_par' dir='ltr' id='par_1_20' title="bbox 72 2797 3280 2884">
     <span class='ocr_line' id='line_1_20' title="bbox 72 2797 3280 2884; baseline 0.007 -29"><span class='ocrx_word' id='word_1_205' title='bbox 72 2797 216 2858; x_wconf 79' lang='lat' dir='ltr'><strong>fuerit</strong></span> <span class='ocrx_word' id='word_1_206' title='bbox 241 2800 375 2878; x_wconf 80' lang='lat' dir='ltr'><strong>ejus</strong></span> <span class='ocrx_word' id='word_1_207' title='bbox 413 2801 550 2861; x_wconf 90' lang='lat' dir='ltr'><strong>vita</strong></span> <span class='ocrx_word' id='word_1_208' title='bbox 587 2815 715 2861; x_wconf 91' lang='lat' dir='ltr'><strong>non</strong></span> <span class='ocrx_word' id='word_1_209' title='bbox 772 2807 1000 2876; x_wconf 89' lang='lat' dir='ltr'><strong>pateat,</strong></span> <span class='ocrx_word' id='word_1_210' title='bbox 1039 2807 1282 2861; x_wconf 88' lang='lat' dir='ltr'><strong>constat</strong></span> <span class='ocrx_word' id='word_1_211' title='bbox 1315 2807 1524 2862; x_wconf 88' lang='lat' dir='ltr'><strong>tamen</strong></span> <span class='ocrx_word' id='word_1_212' title='bbox 1555 2801 1790 2863; x_wconf 69' lang='lat' dir='ltr'><strong>saeculo</strong></span> <span class='ocrx_word' id='word_1_213' title='bbox 1822 2800 2072 2863; x_wconf 89' lang='lat' dir='ltr'><strong>decimo</strong></span> <span class='ocrx_word' id='word_1_214' title='bbox 2100 2802 2370 2864; x_wconf 92' lang='lat' dir='ltr'><strong>eruditis</strong></span> <span class='ocrx_word' id='word_1_215' title='bbox 2402 2805 2643 2883; x_wconf 84' lang='lat' dir='ltr'><strong>Optime</strong></span> <span class='ocrx_word' id='word_1_216' title='bbox 2689 2813 2901 2868; x_wconf 89' lang='lat' dir='ltr'><strong>notam</strong></span> <span class='ocrx_word' id='word_1_217' title='bbox 2946 2807 3172 2884; x_wconf 80' lang='lat' dir='ltr'><strong>fuisse,</strong></span> <span class='ocrx_word' id='word_1_218' title='bbox 3207 2817 3280 2877; x_wconf 89' lang='lat' dir='ltr'><strong>ut</strong></span> 
     </span>
    </p>
   </div>
   <div class='ocr_carea' id='block_1_21' title="bbox 79 2903 3277 2986">
    <p class='ocr_par' dir='ltr' id='par_1_21' title="bbox 79 2903 3277 2986">
     <span class='ocr_line' id='line_1_21' title="bbox 79 2903 3277 2986; baseline 0.005 -26"><span class='ocrx_word' id='word_1_219' title='bbox 79 2903 188 2963; x_wconf 86' lang='lat' dir='ltr'><strong>satis</strong></span> <span class='ocrx_word' id='word_1_220' title='bbox 213 2907 502 2968; x_wconf 86' lang='lat' dir='ltr'><strong>enuntiat</strong></span> <span class='ocrx_word' id='word_1_221' title='bbox 541 2905 772 2976; x_wconf 86' lang='lat' dir='ltr'><strong>oratio,</strong></span> <span class='ocrx_word' id='word_1_222' title='bbox 806 2906 925 2967; x_wconf 90' lang='lat' dir='ltr'><strong>sub</strong></span> <span class='ocrx_word' id='word_1_223' title='bbox 962 2905 1218 2967; x_wconf 89' lang='lat' dir='ltr'><strong>initium</strong></span> <span class='ocrx_word' id='word_1_224' title='bbox 1266 2905 1458 2985; x_wconf 87' lang='lat' dir='ltr'><strong>hujus</strong></span> <span class='ocrx_word' id='word_1_225' title='bbox 1490 2906 1728 2979; x_wconf 74' lang='lat' dir='ltr'><strong>saeculi,</strong></span> <span class='ocrx_word' id='word_1_226' title='bbox 1765 2906 1830 2968; x_wconf 91' lang='lat' dir='ltr'><strong>in</strong></span> <span class='ocrx_word' id='word_1_227' title='bbox 1884 2908 2085 2986; x_wconf 90' lang='lat' dir='ltr'><strong>prima</strong></span> <span class='ocrx_word' id='word_1_228' title='bbox 2115 2907 2320 2971; x_wconf 90' lang='lat' dir='ltr'><strong>sancti</strong></span> <span class='ocrx_word' id='word_1_229' title='bbox 2365 2908 2642 2971; x_wconf 87' lang='lat' dir='ltr'><strong>doctoris</strong></span> <span class='ocrx_word' id='word_1_230' title='bbox 2675 2910 3087 2974; x_wconf 85' lang='lat' dir='ltr'><strong>translatione</strong></span> <span class='ocrx_word' id='word_1_231' title='bbox 3118 2916 3277 2976; x_wconf 88' lang='lat' dir='ltr'><strong>reci-</strong></span> 
     </span>
    </p>
   </div>
   <div class='ocr_carea' id='block_1_22' title="bbox 74 3009 3276 3095">
    <p class='ocr_par' dir='ltr' id='par_1_22' title="bbox 74 3009 3276 3095">
     <span class='ocr_line' id='line_1_22' title="bbox 74 3009 3276 3095; baseline 0.005 -32"><span class='ocrx_word' id='word_1_232' title='bbox 74 3015 178 3079; x_wconf 83' lang='lat' dir='ltr'><strong>tata,</strong></span> <span class='ocrx_word' id='word_1_233' title='bbox 205 3028 336 3088; x_wconf 69' lang='lat' dir='ltr'><strong>qua:</strong></span> <span class='ocrx_word' id='word_1_234' title='bbox 369 3011 543 3074; x_wconf 88' lang='lat' dir='ltr'><strong>hanc</strong></span> <span class='ocrx_word' id='word_1_235' title='bbox 576 3011 783 3090; x_wconf 91' lang='lat' dir='ltr'><strong>ipsius</strong></span> <span class='ocrx_word' id='word_1_236' title='bbox 822 3011 1011 3074; x_wconf 90' lang='lat' dir='ltr'><strong>vitam</strong></span> <span class='ocrx_word' id='word_1_237' title='bbox 1075 3009 1168 3074; x_wconf 91' lang='lat' dir='ltr'><strong>sic</strong></span> <span class='ocrx_word' id='word_1_238' title='bbox 1202 3012 1602 3074; x_wconf 89' lang='lat' dir='ltr'><strong>commendat</strong></span> <span class='ocrx_word' id='word_1_239' title='bbox 1636 3033 1651 3072; x_wconf 91' lang='lat'><strong>:</strong></span> <span class='ocrx_word' id='word_1_240' title='bbox 1689 3035 1717 3068; x_wconf 80' lang='grc' dir='ltr'><strong><em>α</em></strong></span> <span class='ocrx_word' id='word_1_241' title='bbox 1745 3013 1862 3073; x_wconf 84' lang='lat' dir='ltr'><strong>Hic</strong></span> <span class='ocrx_word' id='word_1_242' title='bbox 1890 3012 2088 3089; x_wconf 86' lang='lat' dir='ltr'><strong>igitur</strong></span> <span class='ocrx_word' id='word_1_243' title='bbox 2132 3011 2237 3090; x_wconf 87' lang='lat' dir='ltr'><strong>(de</strong></span> <span class='ocrx_word' id='word_1_244' title='bbox 2287 3013 2616 3092; x_wconf 89' lang='lat' dir='ltr'><strong>Theologo</strong></span> <span class='ocrx_word' id='word_1_245' title='bbox 2672 3014 2959 3095; x_wconf 86' lang='lat' dir='ltr'><strong>loquitur</strong></span> <span class='ocrx_word' id='word_1_246' title='bbox 3009 3015 3148 3094; x_wconf 84' lang='lat' dir='ltr'><strong>[d]),</strong></span> <span class='ocrx_word' id='word_1_247' title='bbox 3205 3026 3276 3080; x_wconf 91' lang='lat' dir='ltr'><strong>ut</strong></span> 
     </span>
    </p>
   </div>
   <div class='ocr_carea' id='block_1_23' title="bbox 75 3115 3276 3200">
    <p class='ocr_par' dir='ltr' id='par_1_23' title="bbox 75 3115 3276 3200">
     <span class='ocr_line' id='line_1_23' title="bbox 75 3115 3276 3200; baseline 0.004 -32"><span class='ocrx_word' id='word_1_248' title='bbox 75 3115 367 3194; x_wconf 84' lang='lat' dir='ltr'><strong>conscripta</strong></span> <span class='ocrx_word' id='word_1_249' title='bbox 409 3119 490 3180; x_wconf 91' lang='lat' dir='ltr'><strong>de</strong></span> <span class='ocrx_word' id='word_1_250' title='bbox 525 3117 670 3196; x_wconf 88' lang='lat' dir='ltr'><strong>ipso</strong></span> <span class='ocrx_word' id='word_1_251' title='bbox 701 3117 842 3179; x_wconf 85' lang='lat' dir='ltr'><strong>Vita</strong></span> <span class='ocrx_word' id='word_1_252' title='bbox 889 3117 1138 3179; x_wconf 90' lang='lat' dir='ltr'><strong>discere</strong></span> <span class='ocrx_word' id='word_1_253' title='bbox 1171 3117 1584 3197; x_wconf 89' lang='lat' dir='ltr'><strong>cupientibus</strong></span> <span class='ocrx_word' id='word_1_254' title='bbox 1629 3117 2042 3181; x_wconf 88' lang='lat' dir='ltr'><strong>manifestum</strong></span> <span class='ocrx_word' id='word_1_255' title='bbox 2079 3117 2254 3192; x_wconf 81' lang='lat' dir='ltr'><strong>facit,</strong></span> <span class='ocrx_word' id='word_1_256' title='bbox 2287 3118 2493 3182; x_wconf 87' lang='lat' dir='ltr'><strong>natale</strong></span> <span class='ocrx_word' id='word_1_257' title='bbox 2520 3119 2730 3181; x_wconf 88' lang='lat' dir='ltr'><strong>solum</strong></span> <span class='ocrx_word' id='word_1_258' title='bbox 2778 3127 3000 3183; x_wconf 90' lang='lat' dir='ltr'><strong>nactus</strong></span> <span class='ocrx_word' id='word_1_259' title='bbox 3036 3121 3276 3200; x_wconf 89' lang='lat' dir='ltr'><strong>Cappa-</strong></span> 
     </span>
    </p>
   </div>
   <div class='ocr_carea' id='block_1_24' title="bbox 73 3213 3276 3301">
    <p class='ocr_par' dir='ltr' id='par_1_24' title="bbox 73 3213 3276 3301">
     <span class='ocr_line' id='line_1_24' title="bbox 73 3213 3276 3301; baseline 0.004 -30"><span class='ocrx_word' id='word_1_260' title='bbox 73 3213 284 3278; x_wconf 82' lang='lat' dir='ltr'><strong>dociam.</strong></span> <span class='ocrx_word' id='word_1_261' title='bbox 323 3220 617 3299; x_wconf 70' lang='lat' dir='ltr'><strong>)Liquel</strong></span> <span class='ocrx_word' id='word_1_262' title='bbox 649 3219 797 3282; x_wconf 88' lang='lat' dir='ltr'><strong>hinc</strong></span> <span class='ocrx_word' id='word_1_263' title='bbox 822 3220 1200 3298; x_wconf 87' lang='lat' dir='ltr'><strong>jamdudum</strong></span> <span class='ocrx_word' id='word_1_264' title='bbox 1236 3220 1466 3282; x_wconf 89' lang='lat' dir='ltr'><strong>editam</strong></span> <span class='ocrx_word' id='word_1_265' title='bbox 1517 3218 1720 3283; x_wconf 85' lang='lat' dir='ltr'><strong>fuisse</strong></span> <span class='ocrx_word' id='word_1_266' title='bbox 1769 3217 1929 3282; x_wconf 88' lang='lat' dir='ltr'><strong>hanc</strong></span> <span class='ocrx_word' id='word_1_267' title='bbox 1960 3219 2194 3294; x_wconf 89' lang='lat' dir='ltr'><strong>Vitam,</strong></span> <span class='ocrx_word' id='word_1_268' title='bbox 2233 3219 2485 3300; x_wconf 90' lang='lat' dir='ltr'><strong>lateque</strong></span> <span class='ocrx_word' id='word_1_269' title='bbox 2516 3219 2812 3283; x_wconf 84' lang='lat' dir='ltr'><strong>diffusam</strong></span> <span class='ocrx_word' id='word_1_270' title='bbox 2850 3227 3001 3284; x_wconf 89' lang='lat' dir='ltr'><strong>tunc</strong></span> <span class='ocrx_word' id='word_1_271' title='bbox 3034 3229 3276 3301; x_wconf 85' lang='lat' dir='ltr'><strong>tempo-</strong></span> 
     </span>
    </p>
   </div>
   <div class='ocr_carea' id='block_1_25' title="bbox 78 3318 3271 3404">
    <p class='ocr_par' dir='ltr' id='par_1_25' title="bbox 78 3318 3271 3404">
     <span class='ocr_line' id='line_1_25' title="bbox 78 3318 3271 3404; baseline 0.002 -26"><span class='ocrx_word' id='word_1_272' title='bbox 78 3318 152 3380; x_wconf 88' lang='lat' dir='ltr'><strong>ris.</strong></span> <span class='ocrx_word' id='word_1_273' title='bbox 179 3320 238 3382; x_wconf 92' lang='lat' dir='ltr'><strong>ln</strong></span> <span class='ocrx_word' id='word_1_274' title='bbox 291 3341 533 3401; x_wconf 83' lang='lat' dir='ltr'><strong>magno</strong></span> <span class='ocrx_word' id='word_1_275' title='bbox 572 3323 878 3386; x_wconf 62' lang='lat' dir='ltr'><strong>Ecclesia)</strong></span> <span class='ocrx_word' id='word_1_276' title='bbox 908 3341 1243 3397; x_wconf 89' lang='lat' dir='ltr'><strong>consessu,</strong></span> <span class='ocrx_word' id='word_1_277' title='bbox 1275 3323 1550 3387; x_wconf 86' lang='lat' dir='ltr'><strong>encomii</strong></span> <span class='ocrx_word' id='word_1_278' title='bbox 1612 3324 1775 3396; x_wconf 88' lang='lat' dir='ltr'><strong>vice,</strong></span> <span class='ocrx_word' id='word_1_279' title='bbox 1802 3324 2072 3402; x_wconf 87' lang='lat' dir='ltr'><strong>jubente</strong></span> <span class='ocrx_word' id='word_1_280' title='bbox 2127 3321 2432 3403; x_wconf 90' lang='lat' dir='ltr'><strong>episcopo</strong></span> <span class='ocrx_word' id='word_1_281' title='bbox 2474 3324 2634 3386; x_wconf 88' lang='lat' dir='ltr'><strong>lecta</strong></span> <span class='ocrx_word' id='word_1_282' title='bbox 2668 3332 2786 3397; x_wconf 91' lang='lat' dir='ltr'><strong>est,</strong></span> <span class='ocrx_word' id='word_1_283' title='bbox 2818 3324 2990 3404; x_wconf 89' lang='lat' dir='ltr'><strong>quod</strong></span> <span class='ocrx_word' id='word_1_284' title='bbox 3027 3326 3271 3388; x_wconf 81' lang='lat' dir='ltr'><strong>exordii</strong></span> 
     </span>
    </p>
   </div>
   <div class='ocr_carea' id='block_1_26' title="bbox 79 3426 3272 3510">
    <p class='ocr_par' dir='ltr' id='par_1_26' title="bbox 79 3426 3272 3510">
     <span class='ocr_line' id='line_1_26' title="bbox 79 3426 3272 3510; baseline 0.003 -31"><span class='ocrx_word' id='word_1_285' title='bbox 79 3426 215 3487; x_wconf 78' lang='lat' dir='ltr'><strong>verba</strong></span> <span class='ocrx_word' id='word_1_286' title='bbox 244 3431 552 3492; x_wconf 75' lang='lat' dir='ltr'><strong>referunt.</strong></span> <span class='ocrx_word' id='word_1_287' title='bbox 603 3430 766 3493; x_wconf 87' lang='lat' dir='ltr'><strong>Male</strong></span> <span class='ocrx_word' id='word_1_288' title='bbox 801 3431 1162 3510; x_wconf 89' lang='lat' dir='ltr'><strong>suspicatur</strong></span> <span class='ocrx_word' id='word_1_289' title='bbox 1189 3431 1511 3492; x_wconf 85' lang='lat' dir='ltr'><strong>Adrianus</strong></span> <span class='ocrx_word' id='word_1_290' title='bbox 1568 3430 1788 3494; x_wconf 86' lang='lat' dir='ltr'><strong>Baillet</strong></span> <span class='ocrx_word' id='word_1_291' title='bbox 1845 3430 1912 3491; x_wconf 90' lang='lat' dir='ltr'><strong>in</strong></span> <span class='ocrx_word' id='word_1_292' title='bbox 1965 3426 2400 3491; x_wconf 87' lang='lat' dir='ltr'><strong>translationis</strong></span> <span class='ocrx_word' id='word_1_293' title='bbox 2443 3428 2704 3506; x_wconf 87' lang='lat' dir='ltr'><strong>gratiam</strong></span> <span class='ocrx_word' id='word_1_294' title='bbox 2762 3429 3009 3491; x_wconf 88' lang='lat' dir='ltr'><strong>decimo</strong></span> <span class='ocrx_word' id='word_1_295' title='bbox 3040 3429 3272 3490; x_wconf 76' lang='lat' dir='ltr'><strong>eterulo</strong></span> 
     </span>
    </p>
   </div>
   <div class='ocr_carea' id='block_1_27' title="bbox 79 3529 3272 3613">
    <p class='ocr_par' dir='ltr' id='par_1_27' title="bbox 79 3529 3272 3613">
     <span class='ocr_line' id='line_1_27' title="bbox 79 3529 3272 3613; baseline 0.003 -31"><span class='ocrx_word' id='word_1_296' title='bbox 79 3539 286 3594; x_wconf 67' lang='lat' dir='ltr'><strong>peractis</strong></span> <span class='ocrx_word' id='word_1_297' title='bbox 333 3531 712 3594; x_wconf 86' lang='lat' dir='ltr'><strong>adornatam</strong></span> <span class='ocrx_word' id='word_1_298' title='bbox 769 3531 996 3605; x_wconf 79' lang='lat' dir='ltr'><strong>fuisse,</strong></span> <span class='ocrx_word' id='word_1_299' title='bbox 1035 3551 1178 3595; x_wconf 92' lang='lat' dir='ltr'><strong>cum</strong></span> <span class='ocrx_word' id='word_1_300' title='bbox 1214 3551 1292 3594; x_wconf 92' lang='lat' dir='ltr'><strong>ne</strong></span> <span class='ocrx_word' id='word_1_301' title='bbox 1327 3533 1610 3594; x_wconf 86' lang='lat' dir='ltr'><strong>minimis</strong></span> <span class='ocrx_word' id='word_1_302' title='bbox 1642 3533 1905 3613; x_wconf 78' lang='lat' dir='ltr'><strong>quidem</strong></span> <span class='ocrx_word' id='word_1_303' title='bbox 1961 3531 2298 3593; x_wconf 91' lang='lat' dir='ltr'><strong>momentis</strong></span> <span class='ocrx_word' id='word_1_304' title='bbox 2332 3530 2452 3594; x_wconf 88' lang='lat' dir='ltr'><strong>hoc</strong></span> <span class='ocrx_word' id='word_1_305' title='bbox 2493 3529 2706 3608; x_wconf 85' lang='lat' dir='ltr'><strong>colligi</strong></span> <span class='ocrx_word' id='word_1_306' title='bbox 2756 3531 2983 3611; x_wconf 87' lang='lat' dir='ltr'><strong>possit.</strong></span> <span class='ocrx_word' id='word_1_307' title='bbox 3021 3531 3164 3592; x_wconf 79' lang='lat' dir='ltr'><strong>Mox</strong></span> <span class='ocrx_word' id='word_1_308' title='bbox 3204 3540 3272 3592; x_wconf 90' lang='lat' dir='ltr'><strong>ut</strong></span> 
     </span>
    </p>
   </div>
   <div class='ocr_carea' id='block_1_28' title="bbox 81 3629 3274 3712">
    <p class='ocr_par' dir='ltr' id='par_1_28' title="bbox 81 3629 3274 3712">
     <span class='ocr_line' id='line_1_28' title="bbox 81 3629 3274 3712; baseline 0.003 -31"><span class='ocrx_word' id='word_1_309' title='bbox 81 3629 294 3708; x_wconf 79' lang='lat' dir='ltr'><strong>vulgata,</strong></span> <span class='ocrx_word' id='word_1_310' title='bbox 326 3635 452 3695; x_wconf 92' lang='lat' dir='ltr'><strong>cito</strong></span> <span class='ocrx_word' id='word_1_311' title='bbox 485 3652 528 3696; x_wconf 87' lang='lat' dir='ltr'><strong>e</strong></span> <span class='ocrx_word' id='word_1_312' title='bbox 561 3634 777 3696; x_wconf 70' lang='lat' dir='ltr'><strong>Graeco</strong></span> <span class='ocrx_word' id='word_1_313' title='bbox 809 3635 874 3695; x_wconf 90' lang='lat' dir='ltr'><strong>in</strong></span> <span class='ocrx_word' id='word_1_314' title='bbox 917 3637 1210 3697; x_wconf 87' lang='lat' dir='ltr'><strong>Latinum</strong></span> <span class='ocrx_word' id='word_1_315' title='bbox 1247 3652 1424 3696; x_wconf 82' lang='lat' dir='ltr'><strong>versa</strong></span> <span class='ocrx_word' id='word_1_316' title='bbox 1458 3641 1554 3696; x_wconf 85' lang='lat' dir='ltr'><strong>est</strong></span> <span class='ocrx_word' id='word_1_317' title='bbox 1585 3657 1603 3706; x_wconf 85' lang='lat'><strong>;</strong></span> <span class='ocrx_word' id='word_1_318' title='bbox 1644 3634 1752 3697; x_wconf 91' lang='lat' dir='ltr'><strong>sed</strong></span> <span class='ocrx_word' id='word_1_319' title='bbox 1790 3635 1867 3698; x_wconf 88' lang='lat' dir='ltr'><strong>ad</strong></span> <span class='ocrx_word' id='word_1_320' title='bbox 1898 3650 2015 3697; x_wconf 91' lang='lat' dir='ltr'><strong>nos</strong></span> <span class='ocrx_word' id='word_1_321' title='bbox 2051 3649 2258 3712; x_wconf 89' lang='lat' dir='ltr'><strong>usque</strong></span> <span class='ocrx_word' id='word_1_322' title='bbox 2295 3649 2422 3694; x_wconf 87' lang='lat' dir='ltr'><strong>non</strong></span> <span class='ocrx_word' id='word_1_323' title='bbox 2468 3631 2755 3710; x_wconf 86' lang='lat' dir='ltr'><strong>pervenit</strong></span> <span class='ocrx_word' id='word_1_324' title='bbox 2785 3631 2924 3708; x_wconf 90' lang='lat' dir='ltr'><strong>ejus</strong></span> <span class='ocrx_word' id='word_1_325' title='bbox 2963 3629 3274 3708; x_wconf 82' lang='lat' dir='ltr'><strong>interpre’</strong></span> 
     </span>
    </p>
   </div>
   <div class='ocr_carea' id='block_1_29' title="bbox 82 3728 3271 3812">
    <p class='ocr_par' dir='ltr' id='par_1_29' title="bbox 82 3728 3271 3812">
     <span class='ocr_line' id='line_1_29' title="bbox 82 3728 3271 3812; baseline 0.004 -34"><span class='ocrx_word' id='word_1_326' title='bbox 82 3728 305 3801; x_wconf 83' lang='lat' dir='ltr'><strong>tatio,de</strong></span> <span class='ocrx_word' id='word_1_327' title='bbox 353 3750 478 3812; x_wconf 89' lang='lat' dir='ltr'><strong>qua</strong></span> <span class='ocrx_word' id='word_1_328' title='bbox 517 3733 740 3794; x_wconf 92' lang='lat' dir='ltr'><strong>Billius</strong></span> <span class='ocrx_word' id='word_1_329' title='bbox 773 3734 903 3794; x_wconf 79' lang='lat' dir='ltr'><strong>htec</strong></span> <span class='ocrx_word' id='word_1_330' title='bbox 939 3733 1136 3795; x_wconf 85' lang='lat' dir='ltr'><strong>edidit</strong></span> <span class='ocrx_word' id='word_1_331' title='bbox 1170 3755 1184 3793; x_wconf 89' lang='lat'><strong>:</strong></span> <span class='ocrx_word' id='word_1_332' title='bbox 1216 3755 1247 3791; x_wconf 73' lang='lat' dir='ltr'><strong>at</strong></span> <span class='ocrx_word' id='word_1_333' title='bbox 1278 3733 1458 3796; x_wconf 79' lang='lat' dir='ltr'><strong>Hanc</strong></span> <span class='ocrx_word' id='word_1_334' title='bbox 1496 3734 1786 3812; x_wconf 83' lang='lat' dir='ltr'><strong>Gregorii</strong></span> <span class='ocrx_word' id='word_1_335' title='bbox 1831 3733 2040 3795; x_wconf 84' lang='lat' dir='ltr'><strong>Vitam</strong></span> <span class='ocrx_word' id='word_1_336' title='bbox 2088 3732 2416 3811; x_wconf 80' lang='lat' dir='ltr'><strong>sexaginta</strong></span> <span class='ocrx_word' id='word_1_337' title='bbox 2456 3731 2600 3809; x_wconf 93' lang='lat' dir='ltr'><strong>plus</strong></span> <span class='ocrx_word' id='word_1_338' title='bbox 2639 3733 2852 3792; x_wconf 91' lang='lat' dir='ltr'><strong>minus</strong></span> <span class='ocrx_word' id='word_1_339' title='bbox 2902 3732 3089 3792; x_wconf 90' lang='lat' dir='ltr'><strong>annis</strong></span> <span class='ocrx_word' id='word_1_340' title='bbox 3133 3738 3271 3808; x_wconf 86' lang='lat' dir='ltr'><strong>post</strong></span> 
     </span>
    </p>
   </div>
   <div class='ocr_carea' id='block_1_30' title="bbox 88 3832 3272 3915">
    <p class='ocr_par' dir='ltr' id='par_1_30' title="bbox 88 3832 3272 3915">
     <span class='ocr_line' id='line_1_30' title="bbox 88 3832 3272 3915; baseline 0.003 -33"><span class='ocrx_word' id='word_1_341' title='bbox 88 3834 594 3906; x_wconf 87' lang='lat' dir='ltr'><strong>nongentesimum</strong></span> <span class='ocrx_word' id='word_1_342' title='bbox 627 3853 658 3897; x_wconf 93' lang='lat' dir='ltr'><strong>a</strong></span> <span class='ocrx_word' id='word_1_343' title='bbox 693 3834 946 3897; x_wconf 86' lang='lat' dir='ltr'><strong>Christo</strong></span> <span class='ocrx_word' id='word_1_344' title='bbox 985 3844 1132 3896; x_wconf 87' lang='lat' dir='ltr'><strong>nato</strong></span> <span class='ocrx_word' id='word_1_345' title='bbox 1161 3853 1395 3896; x_wconf 86' lang='lat' dir='ltr'><strong>annum</strong></span> <span class='ocrx_word' id='word_1_346' title='bbox 1436 3836 1705 3915; x_wconf 90' lang='lat' dir='ltr'><strong>primus,</strong></span> <span class='ocrx_word' id='word_1_347' title='bbox 1738 3852 2102 3914; x_wconf 88' lang='lat' dir='ltr'><strong>quanquam</strong></span> <span class='ocrx_word' id='word_1_348' title='bbox 2137 3850 2398 3912; x_wconf 89' lang='lat' dir='ltr'><strong>prorsus</strong></span> <span class='ocrx_word' id='word_1_349' title='bbox 2429 3832 2714 3905; x_wconf 87' lang='lat' dir='ltr'><strong>barbare,</strong></span> <span class='ocrx_word' id='word_1_350' title='bbox 2749 3833 3069 3894; x_wconf 88' lang='lat' dir='ltr'><strong>transtulit</strong></span> <span class='ocrx_word' id='word_1_351' title='bbox 3107 3835 3272 3893; x_wconf 84' lang='lat' dir='ltr'><strong>Ana-</strong></span> 
     </span>
    </p>
   </div>
   <div class='ocr_carea' id='block_1_31' title="bbox 84 3929 3268 4014">
    <p class='ocr_par' dir='ltr' id='par_1_31' title="bbox 84 3929 3268 4014">
     <span class='ocr_line' id='line_1_31' title="bbox 84 3929 3268 4014; baseline 0.003 -34"><span class='ocrx_word' id='word_1_352' title='bbox 84 3929 258 3990; x_wconf 84' lang='lat' dir='ltr'><strong>stasius</strong></span> <span class='ocrx_word' id='word_1_353' title='bbox 288 3934 581 4011; x_wconf 86' lang='lat' dir='ltr'><strong>quidam,</strong></span> <span class='ocrx_word' id='word_1_354' title='bbox 619 3940 686 3995; x_wconf 92' lang='lat' dir='ltr'><strong>nt</strong></span> <span class='ocrx_word' id='word_1_355' title='bbox 721 3943 1089 3997; x_wconf 90' lang='lat' dir='ltr'><strong>annotatum</strong></span> <span class='ocrx_word' id='word_1_356' title='bbox 1128 3936 1253 3996; x_wconf 89' lang='lat' dir='ltr'><strong>vidi</strong></span> <span class='ocrx_word' id='word_1_357' title='bbox 1290 3937 1353 3998; x_wconf 92' lang='lat' dir='ltr'><strong>in</strong></span> <span class='ocrx_word' id='word_1_358' title='bbox 1394 3936 1556 3998; x_wconf 91' lang='lat' dir='ltr'><strong>libro</strong></span> <span class='ocrx_word' id='word_1_359' title='bbox 1587 3939 1858 4014; x_wconf 88' lang='lat' dir='ltr'><strong>quodam</strong></span> <span class='ocrx_word' id='word_1_360' title='bbox 1895 3935 2326 4013; x_wconf 87' lang='lat' dir='ltr'><strong>manuscripto</strong></span> <span class='ocrx_word' id='word_1_361' title='bbox 2353 3932 2768 4010; x_wconf 76' lang='lat' dir='ltr'><strong>Dionysianre</strong></span> <span class='ocrx_word' id='word_1_362' title='bbox 2802 3930 3268 3995; x_wconf 64' lang='lat' dir='ltr'><strong>bibliothecae.»</strong></span> 
     </span>
    </p>
   </div>
   <div class='ocr_carea' id='block_1_32' title="bbox 86 4023 3272 4111">
    <p class='ocr_par' dir='ltr' id='par_1_32' title="bbox 86 4023 3272 4111">
     <span class='ocr_line' id='line_1_32' title="bbox 86 4023 3272 4111; baseline 0.003 -26"><span class='ocrx_word' id='word_1_363' title='bbox 86 4023 242 4091; x_wconf 68' lang='lat' dir='ltr'><strong>P&#39;ttuit</strong></span> <span class='ocrx_word' id='word_1_364' title='bbox 284 4040 488 4098; x_wconf 88' lang='lat' dir='ltr'><strong>tamen</strong></span> <span class='ocrx_word' id='word_1_365' title='bbox 544 4037 870 4097; x_wconf 83' lang='lat' dir='ltr'><strong>advertere</strong></span> <span class='ocrx_word' id='word_1_366' title='bbox 924 4033 1178 4111; x_wconf 92' lang='lat' dir='ltr'><strong>Billius,</strong></span> <span class='ocrx_word' id='word_1_367' title='bbox 1240 4045 1310 4098; x_wconf 91' lang='lat' dir='ltr'><strong>ut</strong></span> <span class='ocrx_word' id='word_1_368' title='bbox 1343 4039 1636 4100; x_wconf 86' lang='lat' dir='ltr'><strong>observat</strong></span> <span class='ocrx_word' id='word_1_369' title='bbox 1675 4036 2120 4110; x_wconf 82' lang='lat' dir='ltr'><strong>Combeﬁsius,</strong></span> <span class='ocrx_word' id='word_1_370' title='bbox 2157 4034 2564 4097; x_wconf 80' lang='lat' dir='ltr'><strong>Anastasium</strong></span> <span class='ocrx_word' id='word_1_371' title='bbox 2634 4034 2802 4096; x_wconf 90' lang='lat' dir='ltr'><strong>hunc</strong></span> <span class='ocrx_word' id='word_1_372' title='bbox 2842 4034 3272 4096; x_wconf 84' lang='lat' dir='ltr'><strong>Bibliotheca-</strong></span> 
     </span>
    </p>
   </div>
   <div class='ocr_carea' id='block_1_33' title="bbox 92 4125 3269 4218">
    <p class='ocr_par' dir='ltr' id='par_1_33' title="bbox 92 4125 3269 4218">
     <span class='ocr_line' id='line_1_33' title="bbox 92 4125 3269 4218; baseline 0.004 -35"><span class='ocrx_word' id='word_1_373' title='bbox 92 4128 205 4191; x_wconf 71' lang='lat' dir='ltr'><strong>rium</strong></span> <span class='ocrx_word' id='word_1_374' title='bbox 239 4151 392 4211; x_wconf 73' lang='lat' dir='ltr'><strong>esse,</strong></span> <span class='ocrx_word' id='word_1_375' title='bbox 449 4139 574 4218; x_wconf 86' lang='lat' dir='ltr'><strong>qui</strong></span> <span class='ocrx_word' id='word_1_376' title='bbox 615 4139 809 4200; x_wconf 87' lang='lat' dir='ltr'><strong>multa</strong></span> <span class='ocrx_word' id='word_1_377' title='bbox 845 4139 961 4201; x_wconf 88' lang='lat' dir='ltr'><strong>alia</strong></span> <span class='ocrx_word' id='word_1_378' title='bbox 994 4141 1216 4201; x_wconf 88' lang='lat' dir='ltr'><strong>Latine</strong></span> <span class='ocrx_word' id='word_1_379' title='bbox 1247 4140 1522 4202; x_wconf 76' lang='lat' dir='ltr'><strong>reddidit</strong></span> <span class='ocrx_word' id='word_1_380' title='bbox 1553 4141 1762 4202; x_wconf 77' lang='lat' dir='ltr'><strong>Grteca</strong></span> <span class='ocrx_word' id='word_1_381' title='bbox 1800 4149 2238 4210; x_wconf 88' lang='lat' dir='ltr'><strong>monumenta,</strong></span> <span class='ocrx_word' id='word_1_382' title='bbox 2272 4155 2389 4201; x_wconf 88' lang='lat' dir='ltr'><strong>nec</strong></span> <span class='ocrx_word' id='word_1_383' title='bbox 2421 4153 2684 4217; x_wconf 89' lang='lat' dir='ltr'><strong>prorsus</strong></span> <span class='ocrx_word' id='word_1_384' title='bbox 2739 4136 2822 4198; x_wconf 92' lang='lat' dir='ltr'><strong>ita</strong></span> <span class='ocrx_word' id='word_1_385' title='bbox 2873 4136 3161 4208; x_wconf 89' lang='lat' dir='ltr'><strong>barbare,</strong></span> <span class='ocrx_word' id='word_1_386' title='bbox 3199 4125 3269 4195; x_wconf 72' lang='lat' dir='ltr'><strong>ut</strong></span> 
     </span>
    </p>
   </div>
   <div class='ocr_carea' id='block_1_34' title="bbox 93 4228 3270 4313">
    <p class='ocr_par' dir='ltr' id='par_1_34' title="bbox 93 4228 3270 4313">
     <span class='ocr_line' id='line_1_34' title="bbox 93 4228 3270 4313; baseline -0.002 -8"><span class='ocrx_word' id='word_1_387' title='bbox 93 4228 243 4304; x_wconf 65' lang='grc' dir='ltr'><strong>ἱμείιις</strong></span> <span class='ocrx_word' id='word_1_388' title='bbox 273 4237 437 4300; x_wconf 88' lang='lat' dir='ltr'><strong>labor</strong></span> <span class='ocrx_word' id='word_1_389' title='bbox 471 4255 605 4300; x_wconf 88' lang='lat' dir='ltr'><strong>non</strong></span> <span class='ocrx_word' id='word_1_390' title='bbox 640 4240 1044 4303; x_wconf 85' lang='lat' dir='ltr'><strong>desideretur</strong></span> <span class='ocrx_word' id='word_1_391' title='bbox 1076 4250 1182 4302; x_wconf 85' lang='lat' dir='ltr'><strong>aut</strong></span> <span class='ocrx_word' id='word_1_392' title='bbox 1214 4240 1297 4302; x_wconf 87' lang='lat' dir='ltr'><strong>sit</strong></span> <span class='ocrx_word' id='word_1_393' title='bbox 1342 4241 1616 4303; x_wconf 90' lang='lat' dir='ltr'><strong>inutilis.</strong></span> <span class='ocrx_word' id='word_1_394' title='bbox 1640 4241 1818 4303; x_wconf 82' lang='lat' dir='ltr'><strong>Vixit</strong></span> <span class='ocrx_word' id='word_1_395' title='bbox 1847 4240 2220 4304; x_wconf 86' lang='lat' dir='ltr'><strong>Anastasius</strong></span> <span class='ocrx_word' id='word_1_396' title='bbox 2255 4241 2359 4302; x_wconf 91' lang='lat' dir='ltr'><strong>ille</strong></span> <span class='ocrx_word' id='word_1_397' title='bbox 2398 4239 2631 4302; x_wconf 62' lang='lat' dir='ltr'><strong>sreculo</strong></span> <span class='ocrx_word' id='word_1_398' title='bbox 2671 4253 2888 4313; x_wconf 88' lang='lat' dir='ltr'><strong>nono;</strong></span> <span class='ocrx_word' id='word_1_399' title='bbox 2923 4237 3073 4298; x_wconf 90' lang='lat' dir='ltr'><strong>hinc</strong></span> <span class='ocrx_word' id='word_1_400' title='bbox 3105 4243 3270 4298; x_wconf 89' lang='lat' dir='ltr'><strong>recte</strong></span> 
     </span>
    </p>
   </div>
   <div class='ocr_carea' id='block_1_35' title="bbox 88 4332 3276 4421">
    <p class='ocr_par' dir='ltr' id='par_1_35' title="bbox 88 4332 3276 4421">
     <span class='ocr_line' id='line_1_35' title="bbox 88 4332 3276 4421; baseline 0.002 -27"><span class='ocrx_word' id='word_1_401' title='bbox 88 4332 381 4413; x_wconf 70' lang='lat' dir='ltr'><strong>conjicitur,</strong></span> <span class='ocrx_word' id='word_1_402' title='bbox 418 4357 570 4402; x_wconf 76' lang='lat' dir='ltr'><strong>cum</strong></span> <span class='ocrx_word' id='word_1_403' title='bbox 607 4341 1152 4419; x_wconf 80' lang='lat' dir='ltr'><strong>interpretationis</strong></span> <span class='ocrx_word' id='word_1_404' title='bbox 1187 4342 1266 4404; x_wconf 88' lang='lat' dir='ltr'><strong>sit</strong></span> <span class='ocrx_word' id='word_1_405' title='bbox 1299 4348 1542 4418; x_wconf 88' lang='lat' dir='ltr'><strong>auctor,</strong></span> <span class='ocrx_word' id='word_1_406' title='bbox 1577 4342 1862 4421; x_wconf 89' lang='lat' dir='ltr'><strong>Gregorii</strong></span> <span class='ocrx_word' id='word_1_407' title='bbox 1888 4343 2096 4405; x_wconf 87' lang='lat' dir='ltr'><strong>Vitam</strong></span> <span class='ocrx_word' id='word_1_408' title='bbox 2130 4341 2350 4404; x_wconf 89' lang='lat' dir='ltr'><strong>saltem</strong></span> <span class='ocrx_word' id='word_1_409' title='bbox 2383 4339 2614 4404; x_wconf 64' lang='lat' dir='ltr'><strong>saeculo</strong></span> <span class='ocrx_word' id='word_1_410' title='bbox 2647 4346 2868 4403; x_wconf 85' lang='lat' dir='ltr'><strong>octavo</strong></span> <span class='ocrx_word' id='word_1_411' title='bbox 2901 4338 3099 4402; x_wconf 82' lang='lat' dir='ltr'><strong>fuisse</strong></span> <span class='ocrx_word' id='word_1_412' title='bbox 3131 4357 3276 4401; x_wconf 80' lang='lat' dir='ltr'><strong>con-</strong></span> 
     </span>
    </p>
   </div>
   <div class='ocr_carea' id='block_1_36' title="bbox 89 4434 340 4513">
    <p class='ocr_par' dir='ltr' id='par_1_36' title="bbox 89 4434 340 4513">
     <span class='ocr_line' id='line_1_36' title="bbox 89 4434 340 4513; baseline 0.052 -24"><span class='ocrx_word' id='word_1_413' title='bbox 89 4434 340 4513; x_wconf 50' lang='lat' dir='ltr'><strong>scriptam.</strong></span> 
     </span>
    </p>
   </div>
   <div class='ocr_carea' id='block_1_37' title="bbox 136 4627 1641 4721">
    <p class='ocr_par' dir='ltr' id='par_1_37' title="bbox 136 4627 959 4721">
     <span class='ocr_line' id='line_1_37' title="bbox 136 4627 959 4721; baseline 0 0"><span class='ocrx_word' id='word_1_414' title='bbox 136 4627 191 4721; x_wconf 54' lang='grc' dir='ltr'><strong>ξαρ</strong></span> <span class='ocrx_word' id='word_1_415' title='bbox 216 4633 530 4721; x_wconf 48' lang='lat' dir='ltr'><strong>Pirene»</strong></span> <span class='ocrx_word' id='word_1_416' title='bbox 565 4655 619 4721; x_wconf 71' lang='grc' dir='ltr'><strong>ηε</strong></span> <span class='ocrx_word' id='word_1_417' title='bbox 654 4639 775 4692; x_wconf 71' lang='grc' dir='ltr'><strong>τειο</strong></span> <span class='ocrx_word' id='word_1_418' title='bbox 855 4709 873 4721; x_wconf 95' lang='grc'><em>.</em></span> <span class='ocrx_word' id='word_1_419' title='bbox 949 4711 959 4721; x_wconf 94' lang='grc'><strong>.</strong></span> 
     </span>
    </p>
   </div>
   <div class='ocr_carea' id='block_1_38' title="bbox 834 4627 2339 4721">
    <p class='ocr_par' dir='ltr' id='par_1_38' title="bbox 855 4638 2339 4721">
     <span class='ocr_line' id='line_1_38' title="bbox 855 4638 2339 4721; baseline 0 0"><span class='ocrx_word' id='word_1_420' title='bbox 855 4709 873 4721; x_wconf 95' lang='grc'><em>.</em></span> <span class='ocrx_word' id='word_1_421' title='bbox 1749 4639 1819 4721; x_wconf 56' lang='lat' dir='ltr'><strong>(et</strong></span> <span class='ocrx_word' id='word_1_422' title='bbox 1843 4638 2048 4721; x_wconf 49' lang='lat' dir='ltr'><strong>93bit.</strong></span> <span class='ocrx_word' id='word_1_423' title='bbox 2069 4653 2131 4721; x_wconf 78' lang='grc' dir='ltr'><strong>,ρ-</strong></span> <span class='ocrx_word' id='word_1_424' title='bbox 2309 4709 2339 4721; x_wconf 92' lang='grc'><strong>..</strong></span> 
     </span>
    </p>
   </div>
   <div class='ocr_carea' id='block_1_39' title="bbox 133 4703 1638 4778">
    <p class='ocr_par' dir='ltr' id='par_1_39' title="bbox 133 4703 1016 4768">
     <span class='ocr_line' id='line_1_39' title="bbox 133 4703 1016 4768; baseline 0.01 -13"><span class='ocrx_word' id='word_1_425' title='bbox 133 4703 192 4768; x_wconf 67' lang='grc' dir='ltr'><strong>(ὁ)</strong></span> <span class='ocrx_word' id='word_1_426' title='bbox 212 4703 273 4755; x_wconf 72' lang='lat' dir='ltr'><strong>De</strong></span> <span class='ocrx_word' id='word_1_427' title='bbox 294 4708 530 4763; x_wconf 69' lang='lat' dir='ltr'><strong>historic.</strong></span> <span class='ocrx_word' id='word_1_428' title='bbox 571 4703 748 4764; x_wconf 43' lang='lat' dir='ltr'><strong>&#39;Gra&#39;c.</strong></span> <span class='ocrx_word' id='word_1_429' title='bbox 773 4721 819 4764; x_wconf 81' lang='lat' dir='ltr'><strong>et</strong></span> <span class='ocrx_word' id='word_1_430' title='bbox 844 4709 1016 4764; x_wconf 79' lang='lat' dir='ltr'><strong>Latin.</strong></span> 
     </span>
    </p>
   </div>
   <div class='ocr_carea' id='block_1_40' title="bbox 1092 4703 2597 4778">
    <p class='ocr_par' dir='ltr' id='par_1_40' title="bbox 1747 4703 2597 4778">
     <span class='ocr_line' id='line_1_40' title="bbox 1747 4703 2597 4778; baseline 0.007 -18"><span class='ocrx_word' id='word_1_431' title='bbox 1747 4711 1826 4778; x_wconf 81' lang='grc' dir='ltr'><strong>(ιι)</strong></span> <span class='ocrx_word' id='word_1_432' title='bbox 1865 4703 2124 4774; x_wconf 61' lang='grc' dir='ltr'><strong>Βυιιςιηιιζ,</strong></span> <span class='ocrx_word' id='word_1_433' title='bbox 2153 4710 2186 4762; x_wconf 74' lang='lat'><strong>9</strong></span> <span class='ocrx_word' id='word_1_434' title='bbox 2222 4707 2363 4772; x_wconf 76' lang='lat' dir='ltr'><strong>Maii,</strong></span> <span class='ocrx_word' id='word_1_435' title='bbox 2394 4726 2446 4778; x_wconf 93' lang='lat' dir='ltr'><strong>p.</strong></span> <span class='ocrx_word' id='word_1_436' title='bbox 2472 4710 2597 4767; x_wconf 76' lang='grc'><strong>450.</strong></span> 
     </span>
    </p>
   </div>
  </div>
