3824 6394
114 362 196 421 335

113 482 225 552 ἡμᾶς
255 473 426 547 ἀρετῆς
454 471 741 543 ἀλοτῆσαιν
762 471 819 543 ἢν
850 470 926 540 τῷ
963 472 1059 542 βίῳ
1091 473 1476 545 προτιθεμένη,
1501 474 1630 527 πολ-
1656 481 1698 536 Α

112 576 206 635 iob;
229 568 283 622 ἂν
324 564 664 636 προτρέψειεν
691 566 773 628 είς
820 565 918 635 τὴν
949 565 1202 636 μίμησιν,
1230 568 1324 621 καὶ
1348 568 1447 620 οὐκ
1475 568 1625 621 ἐάσει

111 668 156 719 τὸ
190 661 322 718 καλὸν
355 656 588 726 ἐξίτηλον
630 655 744 727 (ίῖ)
794 655 1067 725 γενέσθαι,
1109 656 1290 724 λόγοις
1342 661 1455 723 τοῖς
1505 657 1625 711 καθ.

111 760 277 829 ἡμέραν
302 750 783 819 καινοποιούμενον.

1026 352 1357 409 AUCTORE
1397 351 1760 411 CREGORIO
1799 353 2274 413 PRESBYTERO.

3193 354 3297 410 246

1732 474 1955 543 urgendi
1992 477 2151 529 linem
2192 476 2455 531 facturum
2498 473 2824 536 minabatur,
2857 480 3017 541 atque
3048 469 3185 524 banc
3216 470 3301 523 in-

1732 569 1895 622 dultae
1929 569 2059 623 mibi
2115 571 2349 639 originis
2383 567 2829 635 educationisque
2870 562 3171 619 mercedem
3224 562 3304 614 ef-

1733 659 2026 731 ﬂagitabat.
2089 663 2311 729 Deinde,
2350 676 2417 716 ne
2463 661 2609 730 pium
2652 659 2869 729 quidem
2922 666 2978 712 et
3035 655 3117 709 fas
3171 652 3301 707 mihi

1735 768 1855 807 esse
1881 754 2115 818 videtur,
2154 754 2352 808 nullam
2383 761 2547 807 tanta:
2572 750 2787 805 virtutis
2835 748 3097 803 rationem
3133 746 3301 799 habe-

114 869 172 915 re,
198 859 314 918 qua,
346 843 386 896 si
443 841 564 893 vita:
630 841 880 896 humanae
943 851 1356 910 proponeretur,
1428 842 1627 897 multus
1653 841 1880 898 fortasse
1933 844 1998 897 ad
2057 844 2453 899 aemulationem
2513 851 2848 914 provocaret,
2901 854 3003 894 nec
3048 840 3302 892 virtutem

112 947 245 1013 ipsam
274 931 417 991 dilabi
452 940 615 1002 atque
650 945 981 986 evanescere
1026 932 1253 995 sineret,
1284 932 1615 1003 quotidianis
1652 932 1912 987 nimirum
1955 934 2308 990 sermonibus
2348 934 2583 988 subinde
2608 931 3054 986 cmoreseentem.

160 1034 271 1105 Φέρε
305 1028 363 1100 δὴ
390 1021 499 1090 οὖν,
544 1027 645 1097 τὴν
685 1025 952 1096 ἀναϐολὴν
991 1027 1351 1098 ἀποθέμενος,
1401 1028 1621 1099 ἁπαρχῇ

111 1128 191 1182 τῶν
229 1120 356 1188 ἐμῶν
401 1117 591 1186 λόγων,
638 1112 752 1170 οἷον
786 1135 897 1170 τισι
954 1118 1295 1190 νεοδρέπτοις
1322 1121 1625 1190 γεννήμασι

111 1212 383 1284 meum
408 1210 496 1262 τὸν
527 1209 807 1277 Θεολόγον,
834 1212 882 1263 εί
916 1212 1135 1280 καὶτῆς
1167 1212 1323 1277 ἀξίας
1368 1211 1629 1265 καταδεέ-

111 1324 257 1379 στερον
289 1304 409 1375 (i5),
440 1301 575 1354 ἀλλὰ
604 1302 701 1372 τῆς
728 1302 1037 1373 προθυμίας
1068 1303 1218 1356 οὐδὲν
1244 1303 1507 1358 ἐλλεῖπον.
1533 1300 1626 1357 Οἷ-

112 1417 185 1470 μίιι
221 1396 288 1456 δὲ,
321 1393 391 1457 ὡς
419 1394 475 1445 ὲν
510 1394 644 1445 πᾶσι
691 1392 896 1455 τέλειος
948 1394 978 1445 ὁ
1018 1392 1180 1463 ἀνὴρ,
1230 1392 1508 1447 καὶτοῦτο
1536 1410 1630 1465 με-

110 1488 277 1558 τριάσει
302 1484 382 1536 τὸν
416 1482 545 1551 παρ’
570 1481 703 1552 ὲμοῦ
750 1482 991 1551 ἔπαινον·
1025 1483 1212 1553 ἐπειδὴ
1254 1484 1347 1535 καὶ
1373 1483 1501 1553 φίλα
1528 1503 1630 1537 πα-

110 1579 231 1651 τράσι
246 1576 302 1628 τὰ
318 1573 418 1627 τῶν
437 1574 646 1644 νηπίων
670 1573 1033 1643 ψελλὶσματα,
1070 1574 1129 1639 ἐξ
1150 1575 1375 1645 ἀτέχνου
1399 1576 1632 1646 μάλιστα

110 1670 317 1740 προϊόντα
339 1666 432 1735 τῆς
461 1664 723 1728 διανοίας,
754 1665 789 1735 ἢ
818 1665 924 1717 τῶν
946 1665 1165 1717 τελείων
1197 1666 1246 1717 oi
1279 1664 1631 1736 ἐμϐριθέστε-

111 1780 174 1834 po:
199 1759 293 1831 (Μ)
326 1756 468 1825 λόγοι
500 1757 595 1811 καὶ
623 1757 691 1810 τὰ
724 1756 933 1827 σοϐαρὰ
955 1756 1397 1827 λαρυγγίσματα.
1440 1758 1632 1810 Ἔσται

109 1857 149 1907 δὲ
160 1852 281 1922 αὐτῷ
295 1852 381 1905 καὶ
394 1850 697 1919 οίκειοτάτη
720 1848 833 1918 (15)
855 1851 888 1919 ἡ
910 1848 1001 1901 διὰ.
1014 1848 1122 1901 τῶν
1138 1848 1311 1916 λόγων
1344 1850 1479 1920 τιμή
1498 1848 1629 1918 (l6).

110 1940 182 2008 Οἷς
208 1944 297 2013 γὰρ
336 1942 561 2004 ἕκαστος
590 1940 797 2010 ἥδεται,
822 1940 1029 2003 τούτοις
1060 1939 1232 2011 δήπου
1259 1942 1353 1993 καὶ
1385 1940 1630 2012 τιμώμεο

108 2037 424 2104 νοςγάννυται
477 2032 611 2103 (17).
643 2034 752 2085 Καὶ
804 2034 852 2084 εί
901 2030 1008 2096 ζῶν
1044 2031 1123 2083 ἔτι
1164 2032 1277 2101 (l8)
1308 2034 1633 2102 σωματικῶς
1666 2077 1705 2131 Β

111 2129 280 2181 πάντων
326 2124 621 2194 κτημάτων
674 2124 799 2187 τοὺς
827 2123 1017 2191 λόγους
1055 2123 1339 2193 ἠλλάξατο,
1373 2125 1471 2176 καὶ
1520 2123 1633 2191 τὴν

110 2220 286 2286 σοφίαν
307 2217 638 2284 περιλαϐὼν
672 2215 769 2267 καὶ
794 2212 1071 2281 ἐρασθεὶς
1094 2212 1300 2280 αὐτῆς,
1326 2215 1423 2267 καὶ
1454 2232 1632 2282 τηρη-

111 2311 201 2375 θεὶς
224 2304 531 2372 ὑπἀὐτῆς,
566 2303 948 2376 παροιμιακῶς
979 2306 1171 2358 εἰπεῖν’
1198 2303 1317 2367 πῶς
1344 2306 1485 2375 οὐχὶ,
1540 2304 1633 2357 καὶ¹

109 2401 188 2453 τῶν
208 2399 317 2469 τῇδε
366 2395 736 2464 ἀπολειφθεὶς,
783 2395 878 2449 καὶ
926 2393 1063 2466 πρὸς
1092 2395 1192 2466 τὴν
1236 2394 1481 2465 καθαρὰν
1541 2397 1635 2449 καὶ

110 2490 317 2561 φρονήσει
352 2486 761 2557 πλησιάζουσαν
809 2484 955 2556 ζωὴν
1001 2484 1368 2555 μεταθέμενος
1399 2486 1470 2539 τὰ
1497 2504 1637 2558 παρ-

107 2583 221 2643 όντα,
248 2578 441 2642 τούτοις
474 2576 776 2648 γαυροῦται
796 2594 859 2629 τε
890 2577 1051 2630 πλέον
1081 2576 1187 2647 (l9)
1214 2580 1306 2631 mi.
1321 2578 1632 2647 ἀγάλλεταις

117 2676 255 2743 Ὑμᾶς
296 2674 348 2726 δὲ
402 2672 687 2742 αἰτοῦμαι,
738 2666 783 2724 ὧ
831 2671 948 2742 ἱερὰ
999 2673 1323 2742 πανήγυρις,
1376 2671 1451 2743 μὴ
1501 2673 1635 2743 πρὸς

108 2766 343 2836 ἀκρίϐειαν
366 2765 424 2818 τὺ
471 2764 683 2835 πλῆθος
738 2764 846 2817 τῶν
877 2764 1069 2833 ἐκείνῳ
1093 2763 1538 2835 κατωρθωμένων
1561 2765 1637 2817 δι-

107 2857 395 2927 ερευνὸἰσθαι⁸
430 2856 651 2929 πρῶτον
685 2857 802 2927 μὲν,
832 2855 915 2908 ὅτι
952 2855 1024 2925 μὴ
1042 2856 1159 2908 κατ’
1186 2857 1325 2925 ἐμὴν
1349 2855 1577 2926 δύναμιν
1602 2856 1641 2927 ἢ

109 2949 390 3020 ὑποσχέσθαι
440 2949 624 3011 τοῦτο,
660 2948 693 3019 ἢ
744 2947 1116 3001 ἀπαιτεῖσθαιο
1154 2947 1365 3011 ἔπειτα,
1392 2949 1471 3001 ὅτι
1504 2947 1637 3017 μηδὲ

109 3059 167 3103 τις
192 3041 249 3094 τὰ
277 3042 386 3095 κατ’
402 3042 569 3095 αὑτὸν
599 3043 728 3113 ἡμῖν
760 3040 1053 3112 γεγραφὼς
1078 3040 1484 3095 καταλέλοιπεψ
1502 3041 1641 3096 ἀλλὰ

108 3133 333 3203 σποράδην
358 3136 419 3187 ἐκ
449 3134 564 3188 τῶν
599 3133 765 3188 αὐτοῦ
792 3132 1047 3197 συλλέξας
1086 3132 1260 3202 λόγων
1292 3133 1357 3186 τὰ
1386 3134 1505 3186 κατ’
1538 3134 1639 3186 αύ-

109 3226 193 3286 τὺν,
236 3227 494 3297 μιμοῦμαι
530 3230 654 3290 τοὺς
680 3226 1009 3296 λιθολόγους,
1037 3228 1106 3292 οἳ,
1126 3228 1497 3298 κατασμικρὸν
1540 3226 1641 3291 τὰς

109 3318 299 3387 timida;
326 3320 761 3391 συνηθροικότες,
810 3322 890 3383 εἰς
917 3320 1046 3391 μίαν
1071 3319 1221 3372 οἴκου
1250 3320 1639 3391 συμπλήρωσιν

111 3411 308 3474 ἅπαντας
340 3412 447 3481 (20)
483 3413 935 3483 συναρμόζουσιν.

1802 1032 1919 1101 Age
1950 1031 2140 1102 igitur,
2181 1030 2528 1085 cunctatione
2568 1028 2712 1082 omni
2766 1028 2960 1096 posita,
2993 1038 3300 1079 sermonum

1733 1138 1978 1178 meorum
2018 1122 2291 1193 primitiis,
2338 1122 2491 1191 quasi
2546 1118 2809 1174 lructibus
2858 1118 3176 1186 quibusdam
3217 1128 3303 1168 re—

1730 1230 1857 1270 cens
1880 1214 2174 1283 decerptis,
2212 1227 2463 1267 coronam
2505 1209 2778 1279 Tbeologo
2816 1216 3050 1271 nectam,
3084 1206 3128 1261 si
3168 1205 3304 1276 qui-

1730 1310 1851 1363 dem
1893 1307 2034 1361 i!lius
2092 1305 2288 1361 merito
2340 1320 2401 1359 ac
2440 1302 2689 1373 dignitati
2736 1302 3018 1369 imparem,
3048 1307 3105 1353 at
3156 1308 3304 1352 certe

1734 1399 1943 1454 viribus
1970 1398 2197 1460 nostris,
2236 1396 2513 1465 animique
2547 1393 2848 1457 alacritate,
2891 1390 3302 1460 haudquaquam

1732 1491 2069 1546 inferiorem.
2104 1489 2181 1543 Ac
2230 1490 2466 1542 futurum
2499 1486 2709 1555 opinor,
2758 1493 2815 1537 ut
2842 1483 2926 1537 vir
2970 1481 3078 1547 ille,
3112 1496 3305 1549 quem-

1734 1583 2021 1639 admodum
2055 1583 2107 1635 in
2133 1579 2386 1635 omnibus
2414 1577 2685 1650 perfectus
2709 1586 2814 1639 est,
2844 1576 2915 1628 ita
2943 1588 3155 1645 quoque
3185 1573 3305 1626 lau-

1734 1675 2005 1730 dationem
2068 1673 2210 1727 hanc
2280 1681 2519 1725 nostram
2575 1683 2729 1737 :equo
2781 1668 2964 1720 animo
3014 1662 3302 1733 accipiat:

1737 1763 2177 1836 quandoquidem
2212 1772 2268 1817 et
2300 1762 2711 1817 balbutientium
2751 1758 3034 1812 infantium
3061 1771 3307 1810 sermun-

1733 1854 1862 1921 culi,
1908 1870 1937 1908 a
1977 1853 2208 1924 simplici
2240 1852 2474 1907 maxime
2505 1851 2687 1905 animo
2716 1850 3064 1920 prodeuntes,
3110 1860 3306 1915 paren-

1736 1947 1875 2002 tibus
1924 1946 2271 2013 jucundiores
2326 1959 2450 2000 esse
2500 1943 2706 2009 solent,
2755 1956 2913 2011 quam
2972 1937 3307 1993 robustiores

1735 2041 2039 2095 adulterum
2076 2051 2377 2102 sermones,
2421 2045 2473 2091 et
2505 2049 2697 2105 graves
2753 2049 2815 2087 ac
2861 2030 3150 2102 pbaleratm
3185 2044 3311 2081 ora—

1736 2134 1927 2187 tiones.
1968 2131 2105 2197 Quin
2135 2138 2191 2183 et
2226 2130 2339 2199 ipse
2372 2142 2684 2182 sermonum
2706 2126 2876 2180 bonor
2897 2123 2970 2177 illi
3003 2136 3162 2191 quam
3192 2119 3309 2189 pul-

1739 2223 2016 2278 clterrime
2052 2230 2336 2291 congruel.
2366 2220 2576 2285 Quibus
2608 2218 2749 2272 enim
2786 2216 2948 2270 rebus
2969 2215 3193 2283 quisque
3214 2212 3310 2264 de-

1740 2313 2220 2375 lectatur,‘iisdem
2264 2327 2477 2382 quoque
2517 2310 2761 2380 profecto
2793 2305 3046 2362 honorari
3080 2303 3310 2358 miriﬁco

1735 2408 1953 2478 gaudet.
1998 2406 2265 2473 Cumque,
2313 2417 2627 2471 corpoream
2686 2400 2860 2455 adhuc
2896 2399 3059 2452 vitam
3123 2408 3307 2465 agens,

1735 2499 1996 2553 doctrina:
2038 2506 2093 2551 et
2135 2496 2460 2565 eloquentiae
2492 2494 2668 2548 studia
2708 2492 2958 2547 omnibus
2982 2489 3174 2560 Opibus
3227 2488 3309 2542 ln-

1735 2591 2145 2658 cultatibnsque
2193 2586 2514 2657 prmtulerit,
2549 2585 2965 2653 sapientiamque
3013 2581 3311 2648 complexus

1736 2692 1889 2751 atque
1931 2696 2110 2734 amore
2170 2688 2500 2747 prosecutus,
2544 2675 2608 2727 ab
2658 2690 2840 2742 eaque,
2872 2684 2928 2726 ut
2956 2681 3039 2727 est
3089 2672 3140 2724 in
3178 2669 3312 2723 Pro-

1738 2774 1938 2827 verbiis
1971 2774 2037 2837 7‘,
2112 2779 2449 2825 conservatus
2506 2768 2710 2837 fuerit:
2754 2768 2903 2821 eccui
2961 2765 3174 2818 tandem
3218 2762 3316 2815 du-

1738 2865 1884 2920 bium
1934 2879 2055 2919 esse
2085 2862 2271 2934 possit,
2307 2861 2435 2931 quin
2491 2876 2631 2913 nunc
2660 2873 2892 2928 quoque,
2925 2872 3047 2911 cum
3094 2869 3181 2907 res
3217 2853 3315 2906 bu-

1740 2972 1925 3010 manas
1964 2955 2266 3025 reliquerit,
2323 2970 2387 3008 ac
2419 2961 2739 3023 praesentem
2779 2951 2946 3004 vitam
3000 2963 3124 3003 cum
3179 2960 3313 3016 pura

1742 3049 1830 3101 illa
1860 3062 1925 3102 ac
1957 3046 2332 3116 intelligentia
2371 3046 2671 3115 propinqua
2706 3042 3077 3101 commutarit,
3115 3036 3316 3091 oratio-

1702 3141 1900 3195 ‘nibus
1940 3149 1993 3194 et
2047 3140 2347 3208 impensius
2398 3140 2591 3207 gestiat
2642 3147 2698 3191 et
2758 3133 3028 3189 exsultet?
3084 3132 3128 3184 A
3162 3128 3317 3183 vobis

1742 3241 1918 3287 autem
1981 3242 2138 3302 peto,
2182 3241 2524 3287 sacrosancte
2563 3240 2757 3296 coetus,
2805 3242 2873 3283 ne
2895 3228 3147 3281 virtutum
3178 3222 3317 3277 illius

1744 3325 2148 3379 multitudinem
2208 3325 2518 3378 accuratius
2578 3321 2929 3388 exactiusque
2967 3324 3316 3386 perscrutan-

1668 3410 1711 3468 C
1746 3419 1865 3470 dam
1906 3428 2071 3487 atque
2107 3416 2466 3487 indagandam
2496 3415 2713 3485 putetis.
2754 3412 3014 3471 Primum,
3053 3408 3176 3477 quia
3210 3421 3317 3458 non

110 3512 166 3599 ea:
188 3518 303 3599 meae
324 3504 462 3599 vires
482 3512 637 3566 sunt,
659 3514 715 3555 ut
746 3503 828 3556 vel
863 3506 963 3558 hoc
996 3502 1113 3572 ipse
1152 3501 1397 3571 polliceri
1431 3517 1646 3571 queam,
1678 3508 1759 3561 vel
1791 3523 1885 3563 vos
1919 3524 1949 3563 a
1982 3523 2067 3563 me
2092 3509 2310 3579 exigere
2377 3508 2638 3563 debeatis.
2687 3505 2932 3570 .Deinde,
2966 3503 3089 3573 quia
3121 3518 3221 3556 nec
3255 3502 3318 3555 il-

112 3591 341 3647 liusvitam
359 3595 657 3663 quisquam
688 3594 880 3649 litteris
905 3593 1278 3663 conslgnatam
1314 3593 1468 3648 nobis
1494 3595 1745 3665 reliquit;
1779 3615 1963 3655 verum
1985 3601 2153 3670 ipsius
2188 3602 2295 3654 vita
2325 3616 2387 3655 es
2426 3600 2544 3669 ejus
2570 3599 2790 3667 scriptis
2813 3597 3043 3667 sparsim
3066 3594 3316 3659 collecta,

112 3685 298 3743 latomos
336 3690 546 3753 imitor,
606 3690 697 3759 qui
744 3699 1094 3759 posteaquam
1151 3688 1353 3758 lapides
1401 3690 1657 3758 paulatim
1697 3706 2070 3763 aggesserunt,
2140 3696 2211 3751 ita
2275 3696 2489 3750 demum
2520 3694 2585 3747 ad
2622 3707 2784 3747 unam
2832 3689 3184 3759 eamdemque
3221 3686 3319 3742 do-

112 3796 221 3834 mum
245 3784 657 3837 cunstruendam
690 3791 745 3837 et
784 3782 1166 3836 absolvendam
1194 3796 1289 3835 eas
1315 3797 1503 3839 omnes
1530 3791 1956 3845 accommodant.

182 3874 322 3945 Ἀρχὴ
348 3875 403 3928 δὲ
438 3875 516 3946 τῷ
556 3874 700 3946 λόγῳ
731 3874 865 3944 (ΞΙ),
892 3873 1013 3927 ὅθεν
1061 3874 1323 3945 ἄρχεσθαι
1366 3876 1637 3946 πρεπωδέ-

114 3979 262 4017 στατον
300 3966 427 4035 (22).
462 3968 677 4036 Πατρὶς
715 3966 813 4037 μὲν
854 3965 1003 4036 αὐτῷ
1036 3966 1319 4039 ὴδευτέρα
1358 3966 1466 4019 τῶν
1491 3968 1646 4020 Καπ-

114 4056 333 4120 παδοκῶν,
359 4059 515 4121 πόλις
545 4058 603 4110 δὲ
634 4056 937 4121 Ναζιανζός
967 4056 1101 4127 (25)·
1134 4057 1257 4126 ἥτις
1288 4055 1528 4127 τοσούτῳ
1552 4074 1647 4109 πε-

114 4151 427 4223 ριφανεστέρα
483 4151 715 4219 γέγονεν
736 4150 792 4217 ἐξ
818 4151 1050 4211 ἐκείνου,
1073 4150 1148 4213 ὡς
1176 4150 1337 4221 μέχρι
1360 4150 1645 4219 τερμάτων

112 4241 184 4308 τῆς
202 4244 509 4315 οἰκουμένης
529 4244 600 4296 δι’
628 4245 834 4296 ἐκεῖνον
858 4242 1239 4315 γνωρίζεσθαι.
1272 4243 1346 4296 Οὐ
1382 4242 1489 4316 γὰρ
1517 4242 1649 4313 μᾶλο

113 4350 177 4383 ,εν
216 4334 274 4387 δι’
326 4335 679 4407 Ἀλέξανδρον
734 4336 1093 4406 εὐκλεεστάτη
1137 4334 1400 4405 Πέλλη,ἢ
1443 4334 1647 4406 Πέρσαι

111 4424 177 4479 διὰ
203 4426 366 4500 Κῦρον
414 4431 555 4500 πρὸς
579 4430 736 4496 δόξαν
772 4429 1023 4483 τοσοῦτον
1052 4429 1322 4501 ήρθησαν,
1346 4430 1469 4482 ὅσον
1501 4428 1643 4500 αὕτη

110 4515 173 4569 διὰ
190 4518 266 4571 τὸν
303 4521 474 4591 μέγαν
504 4521 823 4594 Γρηγόριον.
856 4522 1015 4573 Ὥστε
1057 4539 1145 4592 μοι
1170 4520 1345 4574 δοκεῖν
1378 4520 1490 4592 (24)
1553 4521 1646 4573 καὶ

111 4610 291 4680 ἀπέχειν
319 4614 488 4684 αὐτὴν
531 4615 601 4667 τὰ
633 4617 861 4686 τροφεῖα
893 4614 980 4668 διὰ
1008 4614 1104 4686 τὴν
1136 4613 1336 4686 ἀρετὴν
1379 4613 1474 4667 τοῦ
1500 4614 1647 4668 ὁσίου

161 4786 197 4815 ’⁸
222 4786 367 4845 Prov.
394 4808 470 4856 tv,
498 4792 557 4847 6.

112 4966 253 5083 pug?)
297 4968 425 5023 Cod.
476 4972 545 5024 Ρ.
602 4970 655 5023 in
699 4978 810 5024 not.
873 4985 1045 5039 marg.
1104 4970 1164 5022 τὸ
1226 4970 1390 5037 ἐγγὺς
1452 4970 1647 5037 ἀφανι-

114 5051 232 5088 σμου.

280 5107 410 5181 _Cotl.
443 5109 543 5181 Or.
574 5092 979 5181 ὑποδεέστερον.

165 5175 238 5241 (Η
271 5178 397 5233 Cod.
446 5180 509 5232 ι’.
533 5183 616 5252 fin
643 5191 769 5252 not.
808 5175 975 5248 marg.
1015 5178 1387 5252 στερεώτεροι.
1429 5180 1548 5234 Mox
1582 5183 1645 5252 ad

112 5240 411 5333 [lfttc‘vocem
447 5250 680 5333 σοϐαρά,
716 5240 1125 5333 ἰ‹1.,οοι1;’θιίθιιί
1157 5252 1209 5306 in
1243 5240 1354 5306 not.
1381 5267 1549 5322 marg.
1579 5251 1647 5303 τὰ

111 5314 251 5391 ὑᾷῃλᾲ
271 5319 358 5391 καὶ
384 5314 731 5391 ,ἐπαιρόμενα
751 5319 929 5391 λόγια.

163 5384 253 5461 (
288 5386 411 5461 Cod.
446 5384 864 5461 Ρ.’τιμιωτάτή.

162 5454 254 5532 (tu)
279 5455 345 5532 _ln
371 5462 511 5532 edit.
538 5454 658 5513 mox
692 5454 1058 5532 sequebantur
1087 5459 1202 5532 llaec
1231 5461 1391 5532 verba
1415 5478 1427 5512 :
1448 5461 1509 5513 El
1536 5459 1645 5532 γὰρ

179 5520 355 5578 οἰκεῖον
376 5529 583 5607 ⁸πιέζει
621 5532 749 5595 πᾶν,
774 5520 933 5583 ’κατὰ
955 5530 1276 5607 ἘΙ-ἔνδαρον.
1332 5531 1453 5584 Haec
1484 5520 1643 5585 verba

112 5604 203 5670 liful:
230 5600 565 5664 reperiuntur
596 5611 733 5654 orat.
762 5616 836 5661 tv,
867 5616 919 5669 p.
949 5600 1071 5665 13‘2,
1102 5600 1323 5670 co'njicit
1354 5602 1536 5655 Billius
1580 5618 1642 5655 ex

113 5660 391 5739 glossemate
418 5669 471 5722 in
498 5678 704 5723 textum
735 5660 1019 5739 irrepsisse
1043 5660 1415 5724 {cum'autem
1442 5672 1646 5726 illanec
1726 5722 1729 5727 .

115 5728 267 5815 legerit
294 5736 343 5815 in
368 5740 534 5815 variis
552 5739 720 5815 codd.
747 5728 921 5815 nec'in
955 5741 1202 5815 versione
1227 5756 1321 5815 sua
1346 5740 1643 5815 admiserit,

114 5798 299 5860 delenda
326 5805 715 5878 indicavimus,
743 5808 1011 5880 siquidem
1047 5811 1239 5868 desunt
1274 5812 1326 5868 in
1355 5811 1485 5883 ipsis
1515 5798 1647 5881 quos

1831 3882 2107 3938 Orationis
2136 3895 2299 3954 porro
2326 3880 2538 3935 initium
2577 3880 2703 3933 binc
2727 3878 3005 3940 ducemus,
3038 3874 3176 3929 unde
3201 3888 3318 3928 eam

1749 3975 2016 4044 auspicari
2062 3974 2296 4028 maxime
2324 3974 2559 4027 deceret.
2607 3969 2845 4024 Patriam
2885 3968 3048 4037 igitur
3077 3966 3190 4037 ipse
3229 3982 3320 4021 se-
3416 4002 3419 4003 ν

1744 4067 1973 4120 cundam
1990 4065 2382 4135 Cappadociam
2401 4063 2809 4127 babuit,urbem
2832 4059 3157 4113 Nazianzum
3173 4058 3317 4129 (25):

1749 4173 1867 4226 quae
1893 4158 2108 4225 quidem
2132 4156 2198 4211 ab
2213 4157 2442 4210 eo-adeo
2454 4151 2730 4207 nobilitata
2750 4158 2851 4212 est,
2883 4159 2937 4201 ut
2962 4158 3181 4217 propter
3197 4165 3321 4202 eum

1751 4249 1817 4302 ad
1857 4256 2129 4302 extremos
2157 4262 2325 4316 usque
2375 4243 2525 4300 orbis
2559 4252 2824 4297 terrarum
2858 4239 2991 4292 llnes
3020 4238 3319 4293 claritatem

1752 4355 1904 4394 suam
1946 4337 2251 4408 protulerit.
2298 4334 2483 4404 Neque
2506 4335 2651 4389 enim
2686 4331 2829 4386 Pella
2861 4330 2932 4384 ob
2956 4329 3322 4384 Alexandrum

1752 4428 2018 4483 celebrior
2051 4436 2155 4491 est,
2191 4435 2281 4480 aut
2321 4425 2497 4479 Persa:
2525 4432 2740 4493 propter
2770 4422 2968 4491 Cyrum
3020 4421 3087 4473 ad
3121 4428 3323 4472 tantam

1754 4519 1937 4590 glorise
2000 4516 2414 4589 splendorisque
2469 4513 2892 4583 magnitudinem
2951 4510 3124 4565 evecti
3174 4522 3323 4570 sunt,

1759 4625 2017 4683 quantam
2054 4612 2166 4667 bzec
2198 4618 2419 4683 propter
2444 4622 2697 4679 magnum
2721 4605 3041 4673 Gregorium
3075 4613 3325 4658 assecuta

1758 4966 1989 5021 vidimus
2013 4965 2287 5021 codicibus
2317 4961 2718 5030 manuscriptis.

1829 5038 1941 5106 (l7)
1970 5036 2100 5090 Cod.
2133 5036 2194 5090 P.
2223 5035 2273 5087 in
2301 5044 2411 5106 nul.
2444 5029 2612 5106 marg.
2643 5029 3042 5103 λαμπρύνεται.

1826 5104 1937 5173 (⁷18)
1981 5107 2101 5159 Ἔτι
2131 5107 2281 5158 deest
2310 5104 2360 5156 iu
2389 5106 2506 5157 cod.
2535 5104 2629 5157 Or.

1826 5170 1937 5249 (l9)
1978 5173 2314 5249 ltaACombel’.
2340 5174 2472 5229 Cod.
2512 5174 2572 5228 P.
2596 5174 2805 5237 τούτοις
2838 5170 2948 5244 γὰρ
2985 5173 3033 5226 εί
3059 5171 3111 5225 τὶ
3142 5170 3301 5227 πλέον

1754 5251 1808 5305 In
1832 5246 1961 5301 edit.
2001 5246 2061 5299 τέ
2089 5248 2264 5299 deest.

1827 5318 1939 5383 (90)
1980 5316 2055 5369 Ita
2080 5317 2202 5371 cod.
2233 5315 2291 5371 P.
2319 5315 2375 5370 In
2402 5316 2531 5370 edit.
2557 5314 2790 5369 ἅπαντα.

1826 5388 1936 5458 (2|)
1979 5387 2110 5459 Cod.
2150 5388 2209 5441 P.
2264 5385 2429 5459 Ἀρχὴ
2452 5387 2507 5439 δὲ
2544 5386 2637 5438 τοῦ
2672 5385 2849 5459 λόγου..

1820 5452 1933 5530 (22)
1965 5457 2057 5511 Sic
2100 5457 2283 5530 legunt
2316 5452 2490 5530 codd.
2519 5459 2611 5530 υτ.
2650 5467 2703 5509 et
2820 5453 2974 5530 Culb.
3011 5452 3048 5530 ,Ι
3090 5463 3142 5510 et
3182 5458 3235 5510 2.
3269 5453 3319 5530 in

1748 5524 1877 5639 ergit.
1897 5524 2362 5600 πρεπωδέστερον.
2382 5527 2532 5581 Colb.
2559 5527 2581 5579 ι
2607 5541 2725 5579 mox
2751 5527 2908 5579 habet
2930 5524 3106 5595 τούτῳ
3131 5526 3320 5597 πατρὶς

1756 5619 1785 5639 ..
1824 5620 1850 5639 υ

1796 5620 1870 5653 εν.

1754 5619 1934 5737 “iis,
1972 5669 2104 5723 alia.
2132 5665 2192 5721 P.
2223 5666 2376 5731 πόλις
2404 5666 2461 5719 δὲ
2492 5663 2659 5735 αὐτῷ.

1824 5735 1935 5809 (2i)
1976 5738 2126 5809 Colb.
2164 5738 2185 5791 l
2218 5747 2272 5791 et
2302 5737 2513 5809 cod._P.
2542 5737 2704 5809 ’Ὥστε
2744 5735 3028 5809 μοιδοκεῐ.

1833 5805 1946 5881 (ἳὸ)
1995 5807 2123 5866 Vide
2153 5809 2383 5866 oration.
2419 5807 2495 5861 De
2526 5808 2631 5862 vita
2658 5805 2868 5861 Basilii.
