3824 6394
153 300 179 352 2
191 296 243 350 ω’

1082 287 1409 345 AUCTORE
1446 287 1807 343 GREGORIU
1850 285 2326 342 PRESBYTE’RO.

3244 280 3351 334 250

212 407 462 470 Πλέοντιδ¹
489 402 578 460 οὖν
602 407 794 477 (δυτὺ
822 408 1121 479 Παρθένιον
1148 385 1381 477 πέλαγος
1412 411 1469 461 ὲν
1505 408 1671 479 καιρῷ

1855 408 2040 477 Itaque
2062 406 2412 462 Parthenium
2451 418 2603 458 mare
2631 402 2938 458 turbulento
2961 411 3123 469 atque
3148 400 3352 455 incom-

152 499 411 575 ταραχὼδει
460 513 517 550 τε
579 499 671 551 καὶ
718 498 816 552 οὐκ
863 498 1037 569 ἔχοντι
1093 498 1368 565 εὕπλοιαν,
1416 498 1676 571 ἐξαίφνης

154 592 347 651 ὑπελθὺν
372 589 577 659 πνεῦμα
611 589 865 653 ἐξαίσιον,
899 590 990 644 τὸν
1020 590 1147 662 περὶ
1166 589 1342 662 ψυχῆς
1370 590 1532 661 ἔφερε
1559 592 1676 644 κίν-

152 687 295 739 δυνον.
334 681 519 743 Σκότος
546 680 603 733 δὲ
639 680 829 735 πόντον
862 681 1055 754 αἰθέρα
1085 698 1143 735 τε
1177 685 1269 737 καὶ
1296 683 1521 754 οὐρανὸν
1558 700 1679 735 συν-

153 777 434 833 εκάλυπτεν,
469 771 614 824 οὐδὲν
652 774 751 841 τῆς
794 772 1020 843 ὲννάτης
1062 773 1171 827 τῶν
1206 774 1516 842 Αἰγυπτίων
1541 774 1679 844 πληο-

152 869 243 937 γῶν
272 864 373 934 (35)
413 863 780 934 ἀνεκτότερον.
826 864 1050 917 Πάντων
1090 860 1184 918 οὖν
1227 865 1318 918 τὸν
1370 866 1679 935 σωματικὸν

150 957 452 1030 ὀδυρομένων
507 955 757 1020 θάνατον,
798 956 959 1019 αὐτὸς
988 956 1087 1026 τὴν
1123 958 1221 1027 τῆς
1271 957 1449 1028 ψυχῆς
1490 958 1678 1012 ἐδεδίει

151 1048 479 1118 πανολεθρίαν.
517 1045 741 1100 Οὐδέπω
778 1046 886 1118 γὰρ
907 1041 975 1118 ἦν
1004 1048 1357 1119 σφραγισθεὶς
1379 1048 1455 1116 τῷ
1485 1048 1677 1119 βαπτί-

152 1157 305 1211 spur
356 1140 445 1193 καὶ
489 1138 688 1207 ἔφθανε
742 1138 841 1210 τὴν
887 1139 944 1206 ἐξ
1001 1139 1194 1204 ὓδατος
1251 1142 1523 1211 σωτηρίαν
1560 1143 1588 1195 ὁ
1620 1144 1678 1194 ὲν

149 1234 275 1285 ὕδασι
320 1230 560 1294 θάνατος.
606 1231 671 1283 Τί
712 1226 805 1284 οὖν
838 1232 987 1283 ποιεῖ
1022 1232 1049 1283 ὁ
1088 1232 1259 1301 μέγας
1305 1232 1531 1295 ἐκεῖνος.
1585 1233 1679 1285 καὶ

147 1326 230 1396 πρὸ
247 1324 334 1393 τῆς
358 1324 762 1393 ἀναγεννήσεως
790 1324 978 1376 ἑαυτὸν
1021 1324 1315 1395 μορφώσας
1343 1327 1408 1395 τῇ
1422 1322 1675 1395 άληθείᾳ;

148 1418 235 1487 Τὴν
250 1416 435 1485 ἐσθῆτα
471 1414 963 1487 περιρρηξάμενος,
999 1416 1366 1489 καταπλήσσει
1395 1417 1502 1485 (56)
1530 1416 1679 1487 βοαῖς

145 1527 189 1561 τε
212 1509 289 1561 καὶ
301 1507 544 1577 ὀδυρμοῖς
566 1510 690 1571 τοὺς
709 1509 1100 1578 συμπλέοντας,
1124 1510 1200 1572 ὡς
1220 1510 1430 1573 πάντας
1444 1509 1552 1564 τῶν
1565 1509 1675 1583 (57)

145 1598 239 1653 καθ’
270 1599 483 1660 ἑαυτοὺς
542 1597 938 1668 ἀλογήσαντας,
980 1599 1070 1652 τὸν
1102 1600 1293 1653 τούτου
1330 1600 1521 1672 θρῆνον
1555 1616 1679 1652 συν-

144 1688 449 1759 εργάζεσθαι.
499 1688 559 1741 ’0
595 1688 672 1753 δὲ,
711 1690 1032 1760 ὑπομνήσας
1071 1692 1202 1744 Θεὸν
1224 1692 1331 1745 τῶν
1356 1691 1519 1745 αὐτοῦ
1549 1691 1677 1745 θαυ-

1782 502 1940 556 modo
1970 511 2211 569 tempore
2244 496 2538 566 naviganti,
2571 506 2790 551 coortus
2836 502 3058 562 repente
3099 494 3349 563 gravissi-

1781 605 1901 647 mus
1944 601 2141 645 ventus
2204 605 2474 646 summum
2518 589 2641 642 vitae
2679 586 2975 657 periculum
3010 586 3188 641 intulit
3224 604 3237 640 :
3271 598 3352 639 at-

1779 695 1883 749 que
1908 690 1960 734 ct
2002 695 2171 741 mare,
2206 688 2259 732 et
2286 679 2512 742 a'tbera,
2540 686 2590 733 et
2629 677 2825 733 coelum
2875 677 3144 730 obducere
3172 691 3352 743 coepe-

1782 781 1907 825 runt
1946 787 2083 825 noua
2144 772 2231 824 illa
2275 769 2654 841 Egyptiorum
2703 768 2857 839 plaga
2901 768 3065 824 nihilo
3122 769 3351 823 leniores

1782 863 2019 918 tenebrae
2049 864 2117 916 ⁷³.
2171 860 2435 917 Omnibus
2498 862 2660 931 igitur
2708 861 2952 929 corporis
2998 871 3226 915 mortem
3254 862 3349 914 tle-
3419 886 3433 896 κ

1777 955 2050 1019 ﬂentibus,
2082 956 2195 1025 ipse
2244 956 2436 1027 animm
2479 954 2703 1008 exitium
2756 954 3159 1009 extimescebat.
3206 952 3351 1007 Non-

1780 1046 1907 1099 dum
1938 1046 2081 1099 enim
2124 1044 2393 1110 baptismo
2426 1045 2739 1115 obsignatus
2792 1054 2902 1099 erat
2936 1063 2950 1100 :
2983 1060 3047 1100 ac
3095 1060 3241 1099 mors
3295 1046 3348 1100 in

1778 1138 1933 1206 aquis
1980 1136 2207 1192 salutem
2247 1152 2313 1192 ex
2359 1137 2517 1207 aquis
2550 1139 2943 1192 antevertebat.
2995 1138 3132 1205 Quid
3186 1138 3340 1206 igitut

1783 1228 1916 1283 facit
1944 1244 2170 1298 magnus
2200 1229 2284 1282 illc
2314 1229 2417 1295 vir,
2449 1229 2671 1298 quique,
2702 1229 2864 1283 etiam
2893 1236 3020 1283 ante
3066 1243 3350 1298 regenera-

1782 1320 2002 1384 tionem,
2032 1334 2154 1375 sese
2179 1321 2246 1373 ad
2280 1321 2562 1373 veritatem
2592 1319 2951 1374 informarat?
2996 1319 3213 1374 Vestem
3279 1320 3351 1373 la-

1781 1426 1978 1467 cerans
2014 1411 2347 1467 clamoribus
2386 1410 2728 1481 querelisque
2762 1421 3008 1465 vectores
3041 1426 3230 1464 omnes
3262 1426 3351 1464 ex-

1782 1512 1971 1568 terret,
2017 1502 2153 1557 adeo
2191 1512 2250 1556 ut
2308 1518 2468 1557 nemo
2512 1512 2678 1565 esset,
2731 1504 2821 1572 qni
2887 1519 3015 1568 non,
3071 1505 3217 1557 ontni
3267 1505 3347 1557 sui

1793 1594 1962 1664 ipsius
1989 1606 2119 1649 cura
2158 1592 2486 1663 posthabita,
2508 1593 2653 1648 illius
2675 1593 2837 1649 luctui
2867 1595 3073 1649 socium
3101 1610 3220 1649 sese
3258 1593 3351 1646 ad-

1783 1685 2057 1758 iungeret.
2088 1684 2206 1756 lpse
2233 1697 2409 1741 autem
2455 1686 2562 1740 Deo
2597 1688 2855 1741 miracula
2884 1702 2950 1741 ea
2977 1689 3160 1741 omnia
3194 1703 3345 1742 com-

147 1780 336 1852 μασίων,
364 1782 459 1833 ὅσα
490 1796 549 1833 τε
579 1780 637 1833 ὲν
676 1782 935 1850 Αἰγύπτῳ
975 1783 1069 1835 καὶ
1099 1782 1199 1836 ὅσα
1231 1783 1370 1837 κατὰ
1420 1784 1518 1856 τὴν
1548 1783 1671 1855 ἔρη-

1779 1793 2106 1842 memorans,
2136 1793 2277 1847 quae,
2320 1788 2427 1833 tam
2489 1779 2541 1832 in
2575 1777 2810 1849 Egypto
2838 1794 2999 1849 quam
3031 1779 3082 1832 in
3112 1778 3345 1841 deserto,

146 1890 222 1942 μον
245 1872 393 1941 (58)ῆ
431 1872 701 1942 πολλαχοῦ
732 1874 834 1944 γῆς
862 1875 895 1944 ἢ
928 1874 1204 1946 θαλάσσης
1234 1875 1479 1946 ἔδρασεν⁸
1516 1869 1668 1945 (οἷον,

152 1964 377 2036 Ἐρυθρᾶς
403 1965 512 2033 (59)
562 1966 860 2031 διάστασιν,
893 1969 987 2022 καὶ
1014 1966 1172 2031 αὖθις
1200 1968 1502 2021 ἐπίκλυσιψ
1525 1969 1671 2031 ὅπως

142 2075 185 2110 τε
213 2058 266 2110 ὲκ
294 2057 488 2127 πέτρας
524 2057 669 2129 ὕδωρ
702 2056 944 2129 ὲπήγασε
975 2058 1108 2129 (40),
1135 2061 1227 2112 καὶ
1261 2059 1485 2131 Μερῤἁν
1522 2059 1673 2127 ὲγλύο

143 2163 270 2200 κανεν
294 2163 306 2176 υ
363 2145 613 2216 Ἀμαλὴκ
682 2145 988 2199 ἐθανάτωσε
1052 2149 1239 2217 χερσὶν
1306 2146 1526 2209 ἀόπλοις
1582 2146 1672 2199 τὸν

145 2237 333 2308 σταυρὸν
359 2235 712 2307 μηνυούσαιςο
731 2236 884 2307 τείχη
911 2237 1160 2290 καθεῖλεν
1207 2237 1551 2308 Ἰεριχούντια
1580 2238 1674 2291 καὶ

140 2331 236 2382 ἄνευ
262 2328 687 2398 μηχανημάτων·
714 2329 1000 2398 προφήτην
1028 2328 1230 2382 ἔσωσεν
1253 2330 1315 2381 ὲκ
1350 2328 1672 2398 σπλάγχνων

144 2420 319 2489 κήτουςσ
352 2420 441 2472 καὶ
474 2419 647 2472 τᾶλλα
690 2419 792 2472 ὅσα
842 2435 950 2489 περ
1000 2421 1143 2492 ἱεραὶ
1176 2419 1345 2489 βίϐλοι
1375 2420 1670 2490 φέρουσιν,)

142 2512 463 2581 ὑποσχόμενος
496 2510 636 2581 ἅμα,
674 2513 722 2563 εί
757 2510 1085 2583 περισωθείη
1119 2511 1212 2564 τοῦ
1248 2511 1536 2581 πελάγους,
1577 2512 1672 2564 καὶ

140 2602 257 2671 τύχοι
274 2603 364 2672 τῆς
383 2603 625 2670 ἐφέσεως
647 2601 740 2654 τοῦ
782 2601 1174 2672 βαπτίσματος,
1193 2602 1268 2674 τῷ
1291 2601 1523 2656 σώσαντι
1559 2603 1670 2673 (41)

139 2694 266 2745 αὐτὸν
294 2692 608 2762 ἀναθήσειν*
639 2693 880 2762 κάμπτει
905 2695 1026 2756 ταῖς
1062 2694 1288 2757 ἱκεσίαις
1316 2694 1495 2759 αὑτὸν,
1515 2694 1671 2748 nam

138 2801 181 2835 τε
205 2785 331 2847 ὄντα,
369 2786 461 2837 καὶ
495 2784 602 2847 τὰς
630 2785 871 2853 αἰτήσεις
909 2784 1175 2853 φθάνοντα
1198 2784 1276 2855 τῷ
1299 2786 1546 2857 μειλιχίῳ
1574 2787 1671 2856 τῆς

138 2878 328 2945 φύσεως.
373 2880 482 2932 Καὶ
517 2881 551 2932 ὁ
586 2878 683 2950 μὲν
716 2878 922 2932 κλύδων
955 2878 1153 2931 αὐτίκα
1186 2878 1480 2950 ἐλώφησεν·
1530 2880 1563 2950 ἡ
1615 2879 1673 2932 δὲ

138 2973 336 3038 καταιγὶς
371 2973 447 3033 εἰς
490 2966 666 3041 αὔραν
721 2968 1048 3041 μετεποιήθη
1101 2970 1238 3040 (42),
1290 2971 1384 3023 καὶ
1450 2972 1482 3040 ή
1535 2971 1672 3034 τέως

137 3063 266 3131 ἀγρία
279 3062 669 3133 κατεστορέσθη
688 3062 947 3116 θάλασσα.
967 3064 1023 3115 Ὁ
1042 3063 1139 3133 μὲν
1158 3064 1214 3116 ὲν
1231 3062 1438 3126 τούτοις
1452 3059 1518 3134 ἦν
1536 3063 1667 3134 (45).

1774 1885 1839 1925 ac
1867 1869 2138 1940 plerisque
2176 1869 2299 1924 aliis
2327 1880 2471 1925 terra
2506 1873 2749 1941 marique
2775 1871 2908 1926 locis
2923 1870 3170 1926 ediderat
3198 1870 3342 1941 (vel-

1774 1971 1833 2015 ttt
1891 1961 2057 2015 Rubri
2088 1960 2255 2015 maris
2306 1961 2617 2017 divisionem
2647 1965 2711 2025 ⁸ο,
2762 1963 3108 2031 ejusdemque
3158 1978 3346 2015 rursus

1774 2051 2044 2113 eluviem;
2086 2066 2192 2120 quo
2215 2051 2343 2106 item
2387 2054 2545 2107 modo
2572 2070 2767 2124 aquam
2799 2071 2868 2109 ex
2910 2063 3061 2124 petra
3111 2056 3345 2107 vclutex

1773 2144 1921 2200 fonte
1956 2145 2199 2199 duxisset
2230 2145 2299 2209 ⁸⁸,
2351 2154 2403 2199 et
2440 2145 2639 2200 Maraut
2668 2146 2976 2200 edulcasset
3003 2146 3079 2211 ⁸²;
3130 2144 3346 2197 Amale-

1772 2238 1909 2291 citas
1941 2236 2236 2294 inermibus
2269 2240 2539 2303 manibus,
2572 2253 2787 2294 erucem
2828 2238 3211 2302 indicantibus,
3245 2252 3337 2306 op-

1772 2327 2059 2397 pressisset
2080 2326 2166 2392 ⁸³;
2203 2315 2406 2382 muros
2431 2327 2672 2391 Jericbo,
2712 2327 2871 2383 nullis
2900 2328 3062 2382 etiam
3114 2326 3345 2380 admotis

1772 2418 2074 2480 tormentis,
2103 2419 2384 2474 evertisset
2412 2421 2489 2487 ἐς
2545 2420 2859 2489 prophetam
2908 2435 2972 2475 ex
3018 2420 3119 2474 ceti
3164 2419 3342 2473 visce-

1774 2512 1928 2567 ribus
1985 2511 2192 2566 salvum
2238 2522 2294 2567 et
2334 2512 2652 2567 incolumem
2704 2513 3029 2567 extraxisset
3056 2512 3130 2575 ‘5;
3180 2520 3340 2566 caue-

1771 2619 1939 2674 raque
1972 2607 2152 2660 omnia
2191 2620 2312 2674 quae
2363 2606 2725 2661 sacrosanctis
2760 2605 2911 2659 libris
2956 2601 3342 2670 continentur),

1775 2697 2043 2766 simulque
2069 2712 2126 2752 se
2153 2696 2422 2751 facturum
2468 2698 2754 2768 recipiens,
2784 2708 2862 2763 ut,
2894 2696 2939 2751 si
2992 2696 3157 2750 maris
3204 2695 3345 2765 peri-

1772 2787 1893 2842 culo
1933 2788 2280 2850 liberaretur,
2335 2799 2497 2856 atque
2535 2789 2774 2856 expetito
2830 2787 3099 2856 baptismo
3139 2785 3345 2838 fruere-

1774 2890 1883 2941 tur,
1919 2878 1967 2934 ei
1997 2894 2027 2932 a
2067 2896 2173 2949 quo
2230 2880 2459 2936 salutem
2515 2882 2835 2951 accepisset,
2868 2880 3103 2948 seipsum
3155 2892 3345 2931 consc—

1773 2979 1954 3024 craret
1984 2989 1997 3024 :
2036 2971 2288 3038 precibus
2318 2970 2493 3039 ipsum
2531 2970 2719 3033 flectit,
2749 2970 2838 3038 qui
2866 2972 2978 3039 ipse
3010 2968 3249 3036 placidus
3281 2982 3344 3018 ac

1773 3064 2039 3133 propitius
2074 3072 2176 3127 est,
2200 3073 2255 3117 et
2290 3074 2493 3117 natura:
2537 3079 2644 3117 suae
2674 3064 2940 3119 suavitate
2990 3072 3200 3116 nostras
3231 3061 3345 3127 ipse

137 3167 282 3219 preces
313 3154 620 3207 antevertit.
664 3153 734 3207 lta
771 3162 1062 3222 tempestas
1113 3154 1293 3207 statim
1329 3156 1511 3208 sedata
1549 3165 1652 3219 est,
1677 3169 1743 3210 ac
1792 3154 2025 3225 procella
2076 3156 2129 3209 in
2184 3170 2369 3209 auram
2407 3164 2610 3210 nauata
2638 3155 2715 3223 8°;
2763 3169 3017 3224 mareque
3078 3154 3228 3223 prius
3264 3153 3344 3208 fe-

139 3260 224 3296 runt
257 3254 305 3297 et
363 3243 730 3297 truculentum
794 3244 1122 3311 consopitur.
1156 3242 1331 3311 Atque
1368 3244 1455 3297 hic
1491 3258 1557 3298 eo
1588 3258 1769 3298 rerum
1817 3254 1959 3299 statu
2001 3257 2138 3301 erat.

187 3340 238 3391 0i
252 3339 301 3392 δὲ
318 3338 475 3392 αὑτοῦ
493 3342 675 3407 γονεῖς
688 3339 756 3391 δι’
772 3338 982 3410 ὀνείρου
1011 3356 1141 3392 κατε
1150 3338 1413 3409 μηνύοντο
1428 3340 1495 3394 τὰ
1514 3358 1577 3393 συ
1585 3358 1652 3411 μ-

1828 3342 2084 3397 Parentes
2121 3352 2298 3397 autem
2335 3342 2520 3412 ipsius,
2556 3357 2713 3411 quem
2762 3342 2814 3396 in
2844 3357 3027 3397 casum
3074 3342 3341 3397 adductus

135 3427 337 3482 ϐαίνοντα
353 3427 430 3499 τῷ
457 3428 634 3481 παιδί’
672 3428 766 3480 καὶ
785 3423 873 3481 οἷα
896 3428 1131 3498 πατέρες
1168 3428 1241 3493 (τί
1266 3427 1374 3499 γὰρ
1396 3429 1476 3482 δεῖ
1506 3428 1670 3483 πλέον

135 3523 270 3573 εἰπεῖν
286 3522 319 3592 ;)
334 3521 511 3591 εὐχαῖς
530 3538 592 3573 τε
610 3521 706 3574 καὶ
730 3520 957 3592 δάκρυσι
981 3521 1072 3573 τὸν
1087 3520 1219 3573 Θεὸν
1247 3521 1536 3593 ὲλιπάρουν
1554 3522 1673 3594 βοη-

135 3609 258 3680 Θῆται
280 3612 350 3682 τῷ
366 3613 506 3666 κατὰ
536 3611 811 3666 θάλασσαν
827 3610 1207 3664 κινδυνεύοντι.
1227 3611 1399 3675 Εὐθὺς
1426 3609 1516 3664 οὖν
1532 3613 1669 3682 μετὰ

137 3702 207 3771 τὴν
221 3705 408 3757 ἱκεσίαν
418 3704 547 3757 καθ’
565 3703 730 3756 ὕπνον
754 3702 939 3773 ἑώρων
956 3701 1046 3755 τὸν
1069 3701 1180 3756 υἱὸν
1197 3703 1407 3774 ὲριννύν
1420 3721 1538 3757 τινα
1553 3703 1663 3774 (44)

135 3792 317 3864 δαίμονα
360 3796 720 3866 κολαστήριον
747 3795 1169 3866 χειρωσάμενον,
1204 3796 1351 3858 ὅστις
1375 3795 1522 3866 αὐτῷ
1550 3795 1663 3866 (45)

137 3884 459 3939 ὲπανετείνετο
502 3886 749 3957 ὄλεθρον.
778 3885 962 3940 Ταῦτα
998 3886 1054 3938 δὲ
1089 3886 1225 3957 μετὰ
1253 3886 1351 3957 τὴν
1388 3887 1524 3958 πρὸς
1570 3888 1668 3941 αὑ-

126 3976 229 4039 ,τιὺς
276 3976 622 4047 ὑποστροφὴν
672 3974 819 4045 αὐτῷ
878 3975 1246 4047 διηγουμένων
1304 3976 1410 4028 τῶν
1466 3977 1666 4045 γονέων

137 4066 346 4131 ἀκοίτας,
365 4068 798 4139 ἀνθωμολογεῖτο
826 4066 903 4137 τῷ
937 4066 1190 4119 σώσαντι.
1214 4067 1321 4119 Καὶ
1370 4067 1540 4120 ταῦτα
1568 4068 1666 4137 μὲν

137 4157 333 4229 ὕστερον.
377 4159 501 4212 Τῶν
546 4159 605 4212 δὲ
650 4157 1034 4227 συμπλεόντων
1079 4174 1163 4220 τις
1200 4158 1435 4221 νεανίας,
1484 4158 1543 4220 ὃς
1596 4154 1663 4228 ἦν

137 4252 247 4320 αὐτῷ
270 4252 695 4323 θυμηρέστατος,
724 4249 869 4320 ἑώρα
902 4248 1095 4310 νυκτὸς
1119 4250 1175 4301 ὲν
1203 4250 1354 4321 ἀκμῇ
1382 4248 1476 4302 τοῦ
1498 4250 1667 4303 κινδύ-
1702 4274 1717 4291 ο

136 4356 202 4393 νον
218 4342 303 4411 τὴν
330 4342 539 4413 μητέρα
561 4340 655 4393 τοῦ
684 4339 949 4410 μακαρίου
964 4339 1062 4409 τῆς
1086 4337 1358 4408 θαλάσσης
1375 4339 1657 4406 ἐπιϐᾶσαν,

136 4436 295 4504 καὶτῆς
322 4436 445 4504 νηὸς
470 4432 780 4504 λαϐομένην
829 4430 962 4502 (46),
989 4429 1229 4496 ἐξέλκειν
1253 4431 1346 4483 ἐπὶ
1374 4430 1470 4502 τήν
1502 4433 1687 4502 ῆπεικ

139 4538 220 4591 ρον.
272 4524 478 4594 Ταύτης
536 4523 593 4575 δὲ
640 4521 941 4592 δειχθείσης
992 4519 1086 4573 καὶ
1150 4517 1505 4590 ἐξηγηθείσης
1561 4522 1660 4591 τῆς

1776 3441 1921 3485 esset
1947 3431 2106 3495 filius,
2143 3446 2237 3500 per
2264 3446 2510 3485 somnum
2543 3432 2846 3486 didicerunt
2898 3446 2914 3485 :
2946 3443 3125 3501 atque,
3157 3441 3214 3483 ut
3246 3446 3341 3500 pa-

1783 3533 1962 3576 rentes
2000 3523 2149 3591 (quid
2174 3522 2318 3575 enim
2353 3521 2596 3591 pluribus
2641 3523 2820 3577 verbis
2848 3537 2981 3590 opus
3015 3521 3177 3592 est?),
3199 3522 3340 3576 votis

1775 3620 1827 3665 et
1872 3612 2123 3682 lacrymis
2163 3611 2327 3666 Deum
2373 3614 2747 3680 obsecrabaut,
2773 3622 2829 3667 ut
2858 3613 2967 3667 ﬁlin
2998 3613 3050 3667 iu
3086 3613 3219 3666 mari
3247 3627 3339 3681 pe-

1772 3702 2029 3758 riclitanti
2063 3718 2220 3774 Opem
2251 3704 2436 3759 ferret.
2468 3704 2761 3759 Confestim
2788 3704 2965 3773 itaque
2991 3712 3108 3771 post
3137 3703 3339 3758 oratio-

1768 3809 1890 3849 nem
1920 3795 2086 3848 lilinm
2128 3795 2182 3849 in
2216 3797 2423 3850 somnis
2460 3796 2664 3859 vident,
2717 3794 2911 3849 furiata
2952 3794 3238 3863 quamdam
3271 3810 3336 3848 ac

1770 3885 2052 3954 suppliciis
2083 3885 2431 3955 praepositum
2461 3886 2779 3950 daemonem,
2800 3885 2890 3954 qui
2913 3885 3011 3953 ipsi
3040 3883 3332 3954 perniciem

1768 3974 2090 4039 intentabat,
2126 3975 2409 4031 subactum
2439 3984 2731 4030 tenentem.
2764 3974 2893 4041 Quae
2936 3989 3056 4028 cum
3087 3973 3200 4042 ipse
3236 3973 3303 4027 do

1768 4082 1915 4121 mum
1949 4081 2199 4123 reversus
2229 4083 2293 4122 ex
2323 4082 2511 4121 eorum
2540 4068 2850 4121 narratione
2873 4064 3190 4134 accepisset,
3214 4067 3299 4117 lau
3322 4091 3335 4104 -

1768 4161 1863 4214 des
1914 4170 1968 4212 et
2023 4158 2226 4227 gratias
2266 4157 2539 4213 Ser'vatori
2590 4158 2803 4227 agebat.
2841 4155 2947 4212 Sed
2998 4157 3113 4212 haec
3153 4165 3334 4226 poste-

1766 4250 1901 4304 rius.
1960 4250 2036 4303 Ex
2068 4250 2134 4305 iis
2174 4260 2352 4304 autem
2415 4250 2504 4319 qui
2564 4252 2750 4304 eadem
2802 4250 2923 4303 navi
2979 4249 3331 4310 vehebantur,

1766 4341 2084 4396 adolescens
2131 4341 2372 4409 quidam,
2401 4341 2499 4411 ipsi
2536 4341 2909 4405 cbarissimus,
2964 4341 3017 4394 in
3051 4340 3162 4410 ipsa
3192 4340 3334 4408 peri-

1768 4435 1872 4488 culi
1906 4434 2146 4498 flamma,
2172 4433 2315 4489 beati
2354 4435 2455 4488 viri
2496 4443 2723 4489 matrem
2769 4432 3152 4503 conspiciebat,
3203 4446 3333 4486 con-

1765 4539 1957 4580 scenso
1994 4524 2152 4588 mari,
2202 4530 2471 4592 arreptam
2526 4539 2713 4577 navem
2766 4522 2818 4575 in
2881 4532 3079 4575 terram
3121 4529 3328 4590 pertra-

134 4615 289 4683 ὂψεως,
334 4617 492 4680 εὐθὺς
539 4614 779 4685 γαλήνην
816 4630 875 4666 τε
908 4611 1291 4682 ἀκολουθῆσαι,
1326 4613 1420 4665 καὶ
1455 4613 1657 4674 πάντας

1776 4616 2004 4701 lientetn.
2040 4613 2154 4680 Qua
2182 4613 2387 4668 visione
2413 4621 2690 4683 perspecta
2721 4620 2775 4666 et
2801 4622 3040 4674 narrata,
3073 4608 3335 4677 tranquil-

185 4771 221 4801 ”
245 4771 398 4826 Exod.
432 4788 488 4835 ι,
535 4770 625 4823 2|.

134 4838 274 4909 ὅθεν).
341 4843 388 4873 ⁸⁸
416 4840 539 4895 Jon.
577 4838 746 4904 tt,l|.
821 4838 867 4867 ⁸⁸
908 4836 1048 4890 l’sal.
1091 4850 1197 4901 cu,
1226 4834 1316 4889 25.

186 4953 277 5022 (3i)
314 4954 457 5009 Colb.
494 4953 544 5006 1.
584 4951 805 5004 Πλέοντι
828 4949 873 5002 δ’
892 4945 984 5022 οξν
1009 4948 1176 5019 αὐτῷ.

188 5017 279 5092 (55)
316 5024 457 5077 Colb.
493 5022 547 5083 1,
572 5022 885 5092 επηορ-ηοω
922 5020 1012 5073 0r.
1042 5028 1097 5092 et
1128 5017 1184 5074 l’.
1209 5017 1442 5088 πληγῆς.

186 5090 277 5158 (3b)
307 5092 453 5147 Colb.
486 5092 523 5145 2
555 5103 604 5144 et
630 5090 815 5144 Cmnb.
848 5090 1240 5158 καταπτήσσει.

187 5095 258 5156 (3b
307 5095 453 5147 Colb.
486 5095 523 5145 2
555 5103 604 5144 et
630 5095 815 5144 Cmnb.
848 5095 1240 5158 καταπτήσσει.

187 5095 281 5229 (37)
317 5163 459 5216 Colb.
494 5164 548 5224 ‘l,
573 5169 625 5213 et
656 5158 747 5213 0r.
776 5158 871 5229 cui}
899 5157 1019 5229 καθῗ
1050 5157 1291 5229 ἑαυτούς.
1322 5156 1479 5229 Colb.
1511 5158 1557 5209 9..
1589 5157 1662 5220 ὡς

136 5226 310 5347 tivum:
355 5233 461 5285 τῶν
512 5230 631 5283 καθ’
688 5228 931 5292 ἑαυτούς.
987 5228 1119 5283 Cod.
1157 5228 1216 5282 P.
1250 5228 1343 5281 τοῦ
1381 5226 1500 5281 καθ’
1535 5229 1660 5279 ὲαυ-

136 5313 157 5347 τ
207 5339 218 5347 .

134 5313 280 5439 τωίθδ)
307 5372 449 5424 Colb.
490 5372 543 5427 1.
579 5378 634 5422 et
671 5368 763 5425 0r.
790 5368 998 5451 .Ep'qjtov
1043 5368 1310 5439 πολλαχοῦ
1343 5371 1465 5438 γῆς.
1504 5366 1652 5423 Colb.

134 5433 233 5485 iet
264 5440 491 5485 Cnmlmf,
529 5441 560 5485 ’Β
587 5440 817 5485 ἁλλανου
848 5456 968 5485 γης-

165 5450 233 5493 .Pl
264 5440 493 5493 Cnndtef.
529 5441 562 5512 ἢ
587 5440 817 5510 ἀλλαχοῦ
848 5440 969 5508 γῆς.

186 5507 279 5576 (59)
314 5512 467 5564 Addit
500 5511 625 5564 rod.
654 5511 709 5563 1).
734 5510 835 5576 τῆς
858 5508 1153 5577 θαλάσσης.

185 5577 262 5645 (40
315 5580 459 5634 Colb.
490 5583 543 5637 1.
579 5580 729 5634 codd.
765 5581 821 5632 Ρ.
850 5590 903 5630 et
929 5580 1019 5630 0r.
1059 5578 1258 5648 πέτραν
1284 5579 1547 5647 ὲπὴγτσε.

187 5592 281 5715 tu;
317 5650 386 5704 Ita
424 5652 577 5707 Coll).
622 5649 657 5702 Ξ
724 5650 876 5704 codd.
934 5649 992 5704 I’.
1051 5660 1104 5702 et
1152 5654 1244 5703 Ur.
1285 5648 1338 5702 lt.
1385 5648 1511 5703 ellt.

187 5645 279 5707 (11)
317 5650 386 5704 Ita
424 5652 577 5707 Colb.
622 5649 657 5702 Ξ
724 5650 876 5704 codd.
934 5649 992 5704 l’.
1051 5660 1104 5702 et
1152 5645 1244 5703 Or.
1285 5648 1338 5702 Ιι.
1379 5645 1511 5703 ὐᾶιῑ.
1552 5645 1652 5698 σώ-

136 5729 266 5773 causa.

703 4767 749 4855 ςθ
777 4766 947 4855 Exul;
980 4782 1089 4855 ην,
1129 4765 1195 4819 16
1226 4766 1331 4855 mf"
1374 4766 1539 4820 Exod.
1582 4784 1666 4822 xw

1776 4796 1800 4822 ι.
1872 4767 1917 4799 ⁸¹
1958 4767 2125 4821 Exod.
2159 4781 2250 4831 xv,
2291 4765 2381 4820 2’5.
2455 4766 2501 4798 ⁸³
2529 4765 2699 4821 Exod.
2727 4781 2857 4855 xvu‘
2893 4767 2978 4820 ll.
3050 4760 3216 4817 "Jos.
3252 4779 3327 4829 vr,

1838 4944 2119 5013 (42)(3οι1.
2170 4942 2230 4996 Ρ.
2268 4943 2320 4996 in
2357 4951 2466 4996 not.
2498 4958 2666 5011 marg.
2715 4943 2951 4997 ἔπαυσεν
3005 4948 3084 5009 είς
3134 4946 3333 5000 λεπτὸν

1768 5012 1933 5088 πνοή.
1957 5012 2076 5066 Mox
2108 5014 2253 5067 idem
2282 5013 2399 5066 cod.
2437 5014 2871 5088 QlI‘IIUC‘VQI‘bUlll
2907 5017 3327 5088 κατεστορέσθη,

1767 5086 1819 5139 in
1850 5082 1956 5157 not.
1986 5099 2155 5157 marg.
2176 5082 2597 5157 ριατεστορέσθη,
2633 5084 2666 5157 ἢ
2696 5083 3062 5157 ὑπεστρῴθη.

1837 5155 1948 5239 (45)
1986 5153 2135 5207 Colb.
2173 5152 2225 5215 1,
2252 5153 2309 5215 ‘2,
2350 5148 2499 5207 et'P.
2543 5148 2721 5221 legunt
2755 5170 2768 5207 :
2810 5148 3129 5223 ’θ’μὲνὀὖν
3174 5151 3241 5226 ἦν
3270 5158 3335 5208 ἐν

1766 5241 2120 5368 magnifici
2161 5290 2217 5344 Ρ.
2249 5293 2300 5346 in
2334 5301 2448 5345 not.
2475 5306 2644 5360 margo
2681 5292 3046 5363 καταχθονίων
3083 5312 3331 5368 τιμωρη-

1760 5366 1939 5503 τωξῗὲ.)
1971 5435 2179 5503 Ὅστις
2206 5430 2381 5495 αὐτῷ.
2420 5431 2568 5487 Colb.
2596 5432 2830 5503 2,7cotld.
2860 5432 2980 5486 P.et
3004 5437 3095 5490 0r.
3131 5436 3325 5490 habent

1757 5505 1877 5574 ἥτις
1901 5502 2067 5573 αυτῷ.
2117 5502 2362 5574 Verterat
2392 5503 2574 5574 Billlus
2603 5518 2617 5553 :
2642 5502 2909 5574 Eriunym
2937 5508 3218 5565 quamdam
3262 5523 3333 5557 ac

1756 5572 2042 5657 dwmonem
2068 5572 2386 5640 pestiferum.
2421 5573 2663 5627 Contbet'.
2694 5573 3192 5640 interpretationem
3241 5591 3338 5629 so~

1756 5656 1862 5699 cutt
1896 5658 2099 5698 sumus.
2338 5672 2346 5683 ι

1827 5714 1937 5783 (46)
1976 5710 2339 5781 Λαϐομέίιοην.
2372 5711 2522 5766 Colb.
2553 5712 2603 5775 1,
2624 5710 3043 5782 ἐπιλαϐομένην
