3824 6394
484 312 580 367 251

1617 311 1770 368 VlTA
1815 314 1871 371 S.
1913 311 2250 370 GBEGOBII
2284 311 2627 368 THEOLOGI
3615 312 3700 367 253

488 430 615 484 litas
652 428 835 481 statim
883 436 1169 481 consecuta
1210 437 1315 492 est,
1362 438 1713 499 vectoresque
1757 446 1947 485 omnes
1994 431 2061 484 ad

2174 434 2291 496 τοὺς
2320 430 2725 502 συμπλωτῆρας
2765 432 2831 502 τῇ
2884 429 3064 483 πίστει
3117 429 3483 502 προσδραμεῖν
3524 431 3599 501 τῷ
3626 434 3699 486 τοῦ

487 521 652 576 Deum
687 520 931 589 Gregorii
958 520 1061 572 ﬁde
1104 528 1478 582 accurreruut,
1525 522 1747 589 periculi
1783 523 1911 576 tanti
1962 522 2058 576 de-

492 612 760 680 pulsorem
799 626 918 663 eum
962 618 1316 679 agnoscentes
1341 620 1500 680 atque
1552 612 1892 668 conﬁtentes.
1945 612 2058 668 Hoc

487 708 615 758 vero
651 704 777 773 quid
831 686 1008 770 magni
1070 701 1236 765 illius,
1264 702 1392 756 Elim
1434 703 1696 758 miraculo
1730 705 1921 758 cedit?
1964 707 2056 772 qui

490 797 724 850 Sidoniae
784 796 1001 863 regium,
1053 806 1266 849 vesana:
1317 795 1578 849 idolorum
1633 796 1861 860 cultrici,
1914 796 2060 851 obsi-

488 900 659 951 stens,
690 887 954 941 sacriﬁcio
983 886 1196 941 insolita
1226 896 1281 941 et
1320 884 1526 940 caelesti
1558 885 1770 940 flamma
1802 902 2054 941 consum-

488 994 598 1050 plo,
632 979 902 1034 lsraelitas
954 980 1019 1032 ad
1055 978 1168 1032 veri
1220 978 1310 1032 Dei
1369 978 1525 1032 ﬁdem
1577 978 1832 1035 induxit:
1875 978 1948 1033 ita
2002 986 2061 1033 ut

487 1068 847 1122 admiratione
880 1076 1160 1134 correptus
1194 1064 1420 1136 pepulus
1472 1066 1677 1120 diceret
1712 1084 1725 1119 :
1774 1063 1901 1119 Vere
1956 1066 2061 1119 Do-

487 1161 657 1213 minus
689 1158 850 1223 Deus,
891 1159 975 1211 hic
1022 1167 1099 1211 est
1157 1157 1291 1211 Deus
1326 1157 1393 1212 ⁸⁷.
1436 1157 1581 1211 Talis
1621 1158 1732 1211 fere
1768 1155 2062 1226 Gregorius

487 1260 626 1318 erat,
659 1265 753 1320 per
782 1251 1108 1317 insperatam
1131 1265 1197 1302 ex
1228 1258 1545 1316 tempestate
1572 1249 1820 1310 salutem,
1847 1262 1943 1303 eos
1965 1249 2054 1317 qui

490 1343 657 1396 variis
689 1354 740 1396 et
776 1341 1058 1395 multiﬁdis
1103 1342 1381 1396 erroribus
1422 1342 1765 1405 tenebantur,
1795 1343 1863 1396 ad
1899 1357 2061 1396 unam

490 1431 610 1486 ﬁdei
643 1433 889 1486 semitam
920 1433 1142 1487 ducens.

561 1525 915 1593 Posteaquam
947 1535 1123 1577 autem
1156 1524 1208 1577 in
1258 1523 1545 1589 Grzeciam,
1592 1538 1656 1578 ac
1696 1524 1932 1579 nobilem
1967 1523 2065 1577 ﬂo-

497 1628 812 1685 rentemque
853 1616 1181 1669 Athenarum
1223 1617 1410 1668 urbem
1445 1630 1504 1669 se
1537 1615 1789 1682 contulit,
1820 1616 1948 1683 quid
1980 1632 2065 1670 re-

494 1711 635 1762 ferre
683 1721 903 1761 necesse
951 1716 1033 1761 est
1085 1721 1189 1774 qua
1244 1706 1521 1759 hominum
1581 1706 1764 1761 laetitia
1809 1718 2065 1776 exceptus

2162 523 2459 594 Γρηγορίου
2512 521 2653 592 Θεῷ,
2684 521 2778 574 καὶ
2801 522 2991 575 ἑαυτὸν
3028 521 3137 590 (47)
3179 517 3314 575 εἶναι
3343 521 3700 592 ὁμολογοῦνται

2159 614 2473 685 ἐπίκουρον.
2494 613 2733 668 Τίτοῦτο
2757 613 2852 669 τοῦ
2886 615 3028 668 κατὰ
3058 614 3150 667 τὸν
3187 614 3358 685 μέγαν
3394 614 3575 668 Ἠλίαν
3601 617 3688 670 θαύ

2162 721 2326 774 ματος
2362 704 2718 776 ἁτιμότερον;
2758 704 2837 770 ὃς,
2877 708 2943 775 τῇ
2968 704 3325 775 είδωλομανίᾳ
3344 705 3443 775 τῆς
3481 705 3703 766 Σιδωνίας

2158 797 2635 869 ἀντιτασσόμενος,
2689 796 2825 867 ξένῳ
2854 798 2986 868 πυρὶ
3014 797 3107 850 καὶ
3148 797 3380 867 οὐρανίῳ
3407 798 3506 867 τὴν
3544 797 3697 851 θυσίαι

2159 889 2431 959 ὲκδαπανή
2442 907 2563 952 σας,
2588 890 2669 952 είς
2689 889 2870 943 πίστιν
2898 888 2992 941 τοῦ
3019 886 3273 959 ἀληθινοῦ
3300 887 3434 940 Θεοῦ
3457 888 3613 957 ἐνῆγε
3636 891 3705 943 rb»

2171 980 2401 1052 Ἰσραήλ·
2453 980 2592 1034 ὥστε
2619 980 2974 1051 θαυμάσαντα
2995 979 3086 1032 τὸν
3113 979 3241 1032 λαὸν
3260 981 3452 1032 εἰπεῖν·
3484 980 3705 1047 Ἀληθῶς

2160 1069 2374 1136 Κύριος
2398 1072 2431 1123 ό
2456 1068 2745 1139 Cedd-£8),
2770 1065 2945 1135 οὗτός
2961 1070 3129 1124 ἐστιν
3151 1072 3183 1123 ὀ
3197 1071 3357 1135 Θεός.
3379 1069 3624 1133 Τοιοῦτός
3642 1087 3706 1126 τιι

2158 1152 2228 1226 ἦν
2261 1157 2625 1228 όΓρηγόριος,
2656 1161 2722 1229 τῇ
2748 1160 3106 1230 έκτρικυμίας
3139 1159 3251 1231 (49)
3282 1160 3532 1230 ἀδοκήτῳ
3562 1177 3703 1230 σωτη-

2164 1249 2259 1321 ρίᾳ,
2305 1251 2431 1313 τοὺς
2481 1249 2790 1320 πολυσχιδεῖ
2830 1250 2944 1319 (50)
2990 1250 3164 1323 πλάνῃ
3209 1252 3605 1321 κατεχομένους
3649 1254 3708 1317 εἰς

2163 1339 2294 1411 μίαν
2316 1340 2463 1408 ἄγων
2484 1341 2669 1413 τρίϐον
2691 1341 2785 1394 καὶ
2813 1342 3037 1411 ὁδηγίαν
3062 1342 3161 1411 τῆς
3200 1343 3455 1405 πίστεως.

2247 1525 2397 1578 Ἐπεὶ
2427 1525 2482 1578 δὲ
2514 1524 2728 1595 αὐτὸνή
2757 1523 2949 1588 Ἑλλὰς
2971 1519 3088 1594 εἶχε
3111 1524 3205 1577 καὶ
3232 1524 3293 1577 τὸ
3320 1523 3544 1585 εὐκλεὲς
3583 1524 3717 1594 ’Δθηο

2164 1610 2269 1663 νῶν
2297 1611 2487 1682 ὄνομα,
2513 1610 2565 1663 τί
2592 1611 2673 1663 δεῖ
2722 1611 2902 1679 λέγειν
2937 1611 3054 1681 μεθ’
3080 1613 3211 1681 ὅσης
3263 1610 3595 1682 προσεδέχθη
3632 1612 3717 1680 τῆς

2166 1702 2467 1774 θυμηδίας;
2509 1703 2799 1773 κράτιστος
2826 1702 2987 1765 εὐθὺς
3018 1705 3073 1756 ἐν
3101 1701 3305 1770 λόγοις,
3334 1700 3645 1765 παιδευταῖς
3668 1720 3715 1754 τε

494 1800 691 1861 fuerit,
726 1798 1206 1867 pra'stantissimus
1241 1801 1422 1853 statim
1447 1796 1499 1849 in
1533 1796 1730 1851 litteris
1769 1808 1821 1851 et
1850 1815 1879 1850 a
1930 1812 2056 1866 pra:-

2174 1797 2261 1848 καὶ
2291 1798 2573 1867 φοιτηταῖς
2613 1795 2729 1866 ἅμα
2756 1796 3095 1866 κρινόμενος.
3141 1794 3344 1866 Χρόνου
3373 1794 3430 1847 δὲ
3454 1795 3516 1847 οὐ
3549 1794 3721 1848 πολλοῦ

490 1890 799 1961 ceptoribus
843 1899 899 1944 et
942 1905 971 1943 a
1011 1887 1290 1957 discipulis
1332 1887 1647 1956 judicatus?
1674 1887 1790 1943 Non
1840 1889 2063 1943 multmn

493 1988 704 2045 tempus
737 1976 994 2038 ﬁiixerat,
1025 1990 1145 2027 cum
1190 1991 1418 2045 magnus
1460 1976 1547 2029 ille
1580 1977 1810 2031 Basilius
1855 1979 2062 2049 Byzan-

492 2071 586 2132 tio,
640 2068 878 2136 ejusdem
935 2068 1254 2122 eruditionis
1306 2070 1501 2136 gratia,
1554 2071 1794 2125 Athenas
1835 2071 2057 2140 appulit.

489 2158 685 2230 Itaque
714 2170 765 2215 et
795 2162 917 2214 vitae
965 2161 1407 2216 consuetudinem
1431 2200 1447 2223 ,
1480 2169 1533 2214 et
1576 2163 1916 2217 contubernii
1964 2179 2057 2216 uc-

488 2255 873 2311 cessitudinem
898 2254 1043 2308 inter
1062 2269 1121 2309 se
1143 2263 1548 2309 contraxerunt.
1583 2254 1654 2307 Ex
1690 2267 1871 2308 mutua
1899 2269 2063 2324 porro

487 2365 674 2403 eorum
733 2347 1147 2417 conjunctione,
1176 2347 1592 2417 animorumque
1648 2349 1964 2411 concordia,
1996 2362 2062 2403 ne

488 2441 715 2508 exprimi
770 2439 989 2508 quidem
1042 2439 1290 2494 oratione
1345 2438 1501 2494 facile
1563 2448 1760 2509 potest,
1800 2449 2059 2508 quantum

488 2528 840 2583 emolumenti
891 2529 956 2581 ad
993 2536 1280 2593 utrumque
1323 2526 1565 2581 redierit.
1622 2527 1671 2580 ls
1712 2542 1941 2596 namque
1970 2528 2061 2595 qui

491 2623 640 2675 solus
670 2631 772 2686 est,
806 2618 1053 2689 quamvis
1082 2619 1278 2672 mentis
1307 2618 1555 2672 acumine
1586 2618 1861 2686 quidpiam
1904 2619 2062 2672 intel-

491 2713 704 2775 lexerit,
736 2711 837 2765 sibi
890 2721 1067 2765 tamen
1125 2710 1223 2780 ipsi
1278 2709 1499 2764 minime
1548 2708 1682 2775 ﬁdit,
1722 2727 1785 2764 ac
1842 2710 2063 2779 proinde

490 2804 818 2859 circumiens
871 2803 1104 2873 aliquem
1139 2803 1355 2872 quaerit,
1392 2817 1515 2855 cum
1568 2817 1677 2870 quo
1721 2802 1972 2856 fulciatur
2009 2811 2062 2853 et

2172 1887 2583 1958 παρῳχηκότος,
2626 1888 2691 1940 ὲκ
2726 1886 2819 1940 τοῦ
2855 1886 3150 1950 Βυζαντίου
3183 1886 3459 1949 Βασίλειος
3493 1887 3524 1938 ό
3569 1886 3719 1957 μέγας

2184 1978 2442 2050 Ἀθήναζε
2476 1978 2825 2050 παρεγένετο,
2879 1979 2976 2048 τῆς
3034 1979 3156 2048 ἴσης
3184 1964 3341 2048 χάριν
3377 1977 3720 2040 παιδεύσεως,

2171 2071 2409 2124 σύσσιτοί
2445 2087 2504 2123 τε
2538 2069 2670 2140 ὁμοῦ
2701 2071 2796 2123 καὶ
2833 2062 3147 2141 όμορῤόφιοι
3191 2069 3548 2122 καθίστανται
3578 2070 3718 2137 ἀλλῆο

2167 2161 2298 2225 λοις.
2344 2161 2410 2214 Ἦ
2441 2162 2492 2230 γ’
2540 2158 2631 2215 οὖν
2668 2161 2992 2232 ἀμφοτέρων
3048 2160 3277 2229 συζυγία
3339 2163 3434 2214 καὶ
3490 2164 3719 2232 anagnia

2167 2253 2287 2307 οὐδὲ
2319 2254 2666 2326 παραστῆσαι
2703 2253 2883 2325 ῥᾴδιον
2925 2253 3047 2305 ὅσον
3104 2253 3362 2323 ἑκάτερον
3405 2252 3634 2325 ὤνησεν.
3675 2257 3723 2307 '0

2172 2347 2268 2417 μὲν
2291 2347 2400 2418 γὰρ
2435 2347 2611 2417 μόνος,
2645 2348 2747 2401 κᾶν
2770 2365 2824 2401 τι
2847 2346 3034 2418 νοήσῃ,
3062 2345 3136 2417 μὴ
3164 2346 3586 2399 καταπιστεύων
3617 2350 3721 2401 ἑαυ-

2166 2439 2264 2509 τῷ,
2302 2439 2649 2512 περιέρχεται
2703 2440 2812 2512 (51)
2874 2438 3052 2512 ζητῶν
3099 2441 3216 2511 μεθ’
3242 2436 3303 2495 οῦ
3336 2440 3719 2513 βεϐαιώσηται·

2167 2532 2240 2584 ὅτ’
2270 2531 2333 2583 ἂν
2349 2531 2405 2583 δὲ
2425 2530 2805 2601 συγκραθῶσιν
2819 2532 2985 2602 ἄμφω
3003 2531 3137 2604 πρὸς
3159 2532 3287 2602 μίαν
3306 2533 3603 2603 ἐπιθυμίαν
3618 2552 3725 2587 ταιο

2167 2620 2419 2683 δεύσεως,
2461 2621 2704 2692 ἀλλήλων
2731 2622 3144 2676 ἀποδείκνυνται
3175 2624 3477 2694 στήριγμα.
3538 2626 3628 2678 τόν
3673 2642 3722 2677 τε

2169 2710 2487 2779 εὑρίσκοντα
2537 2712 2594 2763 ὲν
2642 2710 2795 2781 μέρει
2842 2711 2954 2780 (52)
2986 2713 3079 2765 καὶ
3130 2712 3221 2766 τὸν
3277 2713 3728 2786 βεϐαιοῦνταντὴν

2169 2801 2426 2872 ἀλήθειαν
2453 2802 2833 2873 συνειληφότες
2859 2805 2915 2856 έν
2945 2804 3175 2867 ἑαυτοῖς.

491 2903 858 2955 conﬁrmetur.
892 2899 959 2951 At
1005 2912 1125 2952 cum
1156 2898 1283 2964 duo,
1312 2912 1415 2951 una
1442 2898 1609 2952 animi
1640 2896 2054 2965 conspiratione,
2095 2897 2160 2948 ad
2240 2912 2401 2950 unam
2484 2896 2805 2951 eruditionis
2848 2897 3194 2967 cupiditatem
3241 2896 3381 2950 velut
3422 2898 3724 2961 coaluerint,

494 3007 678 3052 mutuo
744 2996 1071 3052 adminicqu
1145 2997 1410 3061 nituntur,
1436 2998 1574 3052 duas
1629 2997 1884 3051 nimirum
1937 3011 2193 3067 personas
2228 2997 2279 3051 in
2316 3014 2434 3053 sese
2500 2998 2785 3067 complexi,
2841 3012 3029 3064 nempe
3064 3005 3116 3051 et
3150 2991 3265 3062 ejus
3313 2997 3405 3064 qui
3453 2996 3718 3046 veritatem

494 3091 721 3152 invenit,
749 3098 802 3144 et
824 3089 942 3158 ejus
968 3090 1058 3157 qui
1090 3091 1332 3143 eamdem
1373 3090 1678 3144 conﬁrmat.

562 3170 760 3250 Atque,
794 3191 852 3235 ut
900 3180 1065 3234 multa
1116 3182 1387 3244 incidam,
1428 3183 1742 3250 praeclarum
1794 3183 2061 3250 quoddam

2240 3181 2349 3233 Καὶ
2406 3179 2493 3231 ἵνα
2556 3177 2803 3247 συντέμω
2846 3176 2917 3229 τά
2963 3176 3201 3241 πλείονα,
3261 3175 3478 3245 ζηλωτὴ
3529 3174 3721 3242 γίνεται

491 3274 789 3328 anﬁcorum
831 3287 929 3342 par
961 3270 1210 3327 eflicitur.
1248 3270 1382 3325 Nam
1411 3283 1464 3326 et
1504 3289 1606 3325 una
1639 3274 1935 3341 eademque
1963 3273 2065 3327 ﬁde

492 3364 791 3420 rollnstrati
823 3374 999 3427 erant,
1027 3375 1081 3418 et
1112 3363 1226 3433 pari
1256 3362 1471 3417 virtutis
1506 3378 1691 3419 amore
1740 3363 2064 3436 ﬂagrabant,

492 3457 748 3513 concordi
772 3464 916 3509 motu
953 3465 1274 3518 currentes;
1305 3466 1358 3508 et
1392 3454 1844 3522 quemadmodmn
1887 3464 2067 3508 arato-

496 3563 582 3603 res
604 3558 695 3602 aut
736 3546 1007 3617 agricolae,
1041 3546 1154 3615 pari
1187 3546 1353 3599 animi
1380 3545 1801 3615 promptitudine
1848 3545 2063 3614 sapien-

492 3641 581 3692 tize
630 3654 815 3691 arvum
850 3637 1260 3705 proscindentes
1306 3645 1361 3690 et
1419 3635 1774 3697 seminantes,
1812 3634 2067 3704 multipli-

494 3740 718 3794 remque
770 3740 1001 3778 messem
1060 3723 1769 3793 colligentes..Fortitudine
1809 3725 2021 3793 quidem
2048 3764 2064 3791 ,

492 3828 548 3869 ct
580 3816 632 3869 in
666 3816 908 3869 adversis
951 3818 1110 3870 rebus
1145 3815 1479 3885 perferendis
1529 3817 1852 3881 constantia,
1879 3833 2067 3871 nnines

496 3908 667 3962 ferme
694 3908 929 3976 aequales
966 3922 1095 3962 suos
1144 3906 1438 3960 anteibant.
1468 3905 1580 3962 Hoc
1601 3908 1741 3961 enim
1778 3908 1890 3961 fere
1913 3907 2067 3976 juve-

495 4014 622 4052 num
665 3998 852 4051 vitium
886 4007 991 4060 est,
1034 4007 1112 4061 ut,
1145 3998 1595 4067 quemadmodum
1626 3999 1837 4067 equulei
1870 4001 2065 4071 strepi-

496 4101 586 4144 tus
615 4098 671 4144 et
697 4090 936 4154 umbras,
970 4091 1048 4144 sic
1076 4090 1175 4159 ipsi
1221 4104 1433 4159 quoque
1463 4090 1771 4160 ingruentes
1812 4093 2066 4148 adversos

492 4193 655 4233 casus
679 4193 820 4247 aegre
850 4193 910 4231 ac
946 4178 1170 4234 moleste
1198 4177 1391 4233 ferant.
1436 4177 1539 4249 Ipsi
1579 4190 1765 4233 contra
1804 4196 1866 4264 ea
1900 4182 2067 4243 ﬁrmi-

497 4285 607 4330 tate
639 4284 813 4341 erant,
856 4284 917 4329 ut
947 4288 1033 4341 ea,
1060 4289 1181 4342 qua:
1216 4281 1438 4342 repente
1477 4272 1794 4342 plerumque
1823 4288 1889 4328 ac
1931 4290 2068 4343 pra)-

498 4379 580 4421 tcr
606 4382 810 4421 morem
871 4365 1210 4430 accidebant,
1245 4364 1552 4433 tranquillis
1607 4373 1771 4433 atque
1823 4366 2066 4420 immotis

496 4458 691 4513 animis
720 4457 1036 4527 exciperent
1073 4471 1092 4511 :
1132 4458 1266 4511 adeo
1287 4465 1344 4510 ut
1369 4455 1531 4509 etiam
1564 4465 1722 4509 terra:
1744 4465 1887 4509 motu
1919 4455 2066 4511 Cra:-

2168 3271 2397 3342 ξυνωρίς
2416 3270 2552 3340 (55).
2578 3268 2765 3322 Πίστει
2791 3285 2853 3321 τε
2886 3267 2996 3339 γάρ
3025 3264 3164 3339 ἦσαν
3196 3269 3290 3338 μιᾷ
3314 3266 3725 3336 πεφωτισμένοι.

2167 3364 2260 3417 καὶ
2284 3362 2487 3433 ἀρετῆς
2512 3360 2764 3431 ὁμότιμοι
2796 3360 3046 3431 ἐρασταὶ,
3082 3358 3354 3430 σύνδρομα
3384 3359 3622 3425 θέοντες,
3648 3357 3730 3410 καὶ

2167 3454 2418 3525 καθάπερ
2445 3451 2713 3523 ἀροτῆρες
2740 3450 2773 3521 ἢ
2808 3452 3089 3521 γεηπόνοι,
3144 3452 3406 3505 ἰσοσθενεῖ
3430 3454 3498 3521 τῇ
3539 3449 3727 3521 προθυ-

2170 3546 2266 3617 μίᾳ
2298 3545 2393 3616 τὴν
2418 3545 2655 3615 ἄρουραν
2697 3542 2797 3612 τῆς
2840 3542 3030 3611 σοφίας
3058 3542 3345 3613 τέμνοντες
3366 3559 3425 3594 τε
3460 3544 3560 3594 καὶ
3589 3543 3727 3592 σπεί-

2167 3655 2372 3709 ροντες,
2394 3636 2489 3690 καὶ
2507 3635 2771 3706 πολύχουν
2796 3634 3080 3706 ἀμώμενοι
3106 3634 3195 3687 τὸν
3224 3635 3453 3705 καρπόν.
3503 3632 3729 3703 Ἀνδρεία

2170 3730 2267 3801 μὲν
2301 3726 2394 3782 οὖν
2428 3728 2523 3781 καὶ
2555 3730 2619 3798 τῇ
2642 3727 2778 3797 πρὸς
2804 3725 2875 3779 τὰ
2904 3726 3051 3779 δεινά
3079 3725 3347 3796 καρτερία
3375 3725 3578 3795 μικροῦ
3609 3724 3728 3776 πρὶνΔ

2165 3836 2273 3873 των
2302 3818 2580 3889 ὁμηλίκων
2615 3816 2727 3889 (54)
2774 3817 3103 3887 ἐκράτησαν.
3136 3813 3282 3868 Φιλεῖ
3308 3814 3417 3885 γὰρ
3466 3815 3504 3883 ἡ
3533 3812 3727 3880 νεότης,

2166 3912 2354 3983 ὥσπερ
2382 3911 2495 3980 (55)
2528 3912 2577 3964 οἱ
2614 3910 2784 3963 πῶλοι
2826 3908 2934 3962 τῶν
2965 3909 3147 3962 ἵππων
3194 3907 3331 3979 πρὸς
3377 3907 3510 3969 τοὺς
3540 3906 3731 3975 ψόφους

2167 4005 2261 4057 καὶ
2290 4004 2389 4067 τὰς
2418 4003 2599 4067 σκιὰς,
2627 4002 2769 4055 οὕτω
2794 4006 2908 4066 τοῖς
2941 4000 3344 4071 ἐπιγινομένοις
3387 3999 3530 4069 αὐτῇ
3556 3999 3731 4067 δυσχετ

2169 4097 2372 4168 ραίνειν
2426 4098 2521 4150 καὶ
2569 4095 2844 4152 ἀνιᾶσθαι.
2885 4095 3047 4147 Αὐτοὶ
3094 4093 3205 4165 (56)
3260 4092 3578 4146 τούναντίον
3606 4087 3732 4161 ἦσαν

2167 4190 2356 4258 πάγιοι
2411 4190 2508 4242 καὶ
2553 4187 2865 4258 δυσκίνητοι
2916 4185 3053 4256 πρὸς
3103 4183 3181 4238 τά.
3216 4183 3429 4253 ἁθρόως
3480 4181 3733 4239 πολλάκις

2167 4279 2663 4351 καινοτομούμενα*
2699 4279 2773 4343 ὡς
2803 4277 2895 4331 καὶ
2951 4276 3174 4347 σεισμοῦ
3207 4275 3306 4347 τὴν
3342 4274 3574 4328 Ἐλλάδα
3609 4291 3732 4327 κατ-

2168 4371 2451 4441 ειληφότος
2495 4368 2899 4442 μεγαλοψύχους
2943 4368 3140 4430 αὐτοὺς
3205 4366 3354 4437 παρά
3399 4369 3570 4420 πᾶσιν
3609 4368 3731 4419 ἀπο-

2167 4461 2472 4532 δειχθῆναι,
2530 4462 2627 4515 καὶ
2687 4460 2797 4513 τῶν
2855 4458 3210 4531 προφητικῶν
3258 4459 3440 4524 ἀξίους
3501 4457 3693 4528 φωνῶν
3717 4474 3731 4487 ο

494 4555 638 4606 ciam
678 4526 991 4617 invadente,
1026 4550 1196 4604 fortes
1230 4549 1506 4619 animique
1530 4548 1894 4617 magnitudine
1924 4564 2061 4619 prae-

2174 4526 2280 4606 Διά⁷
2301 4526 2475 4607 τοῦτο
2506 4557 2577 4608 οὐ
2642 4526 3101 4622 φοϐηθηάόμεθα
3133 4552 3204 4605 ἐν
3235 4549 3314 4615 τῷ
3332 4526 3734 4620 ταράάσεσθαι

494 4650 703 4697 stantes
728 4641 864 4711 apud
901 4653 1092 4695 omnes
1122 4639 1322 4693 inventi
1356 4639 1485 4701 sint.
1519 4639 1773 4709 dignique
1803 4640 1893 4709 qui
1936 4655 2060 4709 pro-

2168 4641 2281 4710 αὴν
2311 4642 2449 4713 γῆν·

493 4733 718 4802 pheticis
770 4733 947 4786 verbis
987 4742 1268 4787 uterentur
1305 4751 1317 4786 :
1353 4731 1642 4803 Pmpterea
1689 4750 1793 4786 non
1855 4734 2171 4802 timebimus,
2193 4737 2317 4789 dum
2348 4736 2647 4791 turbabitur
2670 4745 2808 4789 terra
2823 4735 2889 4788 ⁸³.

560 4892 605 4923 ⁸⁷
637 4890 700 4945 111
728 4891 859 4957 Reg.
901 4849 1056 4953 xv.m,
1088 4890 1177 4945 59.
1251 4890 1297 4920 ⁸⁸
1327 4889 1468 4945 Psal.
1499 4903 1622 4953 xcv,
1658 4887 1713 4941 5.

569 5024 682 5094 (47)
714 5021 940 5091 Ἐαυτῷ
965 5023 1351 5077 restituendum
1368 5034 1556 5093 putant
1582 5023 1812 5079 Montac.
1838 5030 1891 5076 et
1911 5020 2066 5076 Com-

495 5098 602 5149 bel.
634 5097 684 5146 iu
716 5095 856 5145 notis
888 5096 1018 5147 suis.

564 5165 677 5233 (48)
716 5163 956 5233 cumbef.
990 5162 1115 5233 legit
1143 5180 1157 5218 :
1282 5163 1413 5226 Θεὸς
1437 5162 1673 5228 τοιοῦτός
1715 5166 1880 5217 ἐστιν.
1908 5160 2060 5218 Colb.

496 5238 547 5298 1,
580 5235 635 5291 2.
658 5230 728 5287 ὀι
754 5231 847 5287 Or.
883 5251 897 5286 :
937 5233 996 5284 '0
1030 5231 1161 5296 Θεὸς
1192 5230 1343 5296 οῦτός
1376 5237 1490 5287 ἐστι
1520 5234 1669 5296 Θεός.

566 5305 674 5373 (49)
704 5303 1160 5424 ίἘθιτρυιιζμιιις.
1216 5306 1405 5359 Comb.
1451 5307 1734 5374 legendum
1778 5316 1959 5362 censet
1998 5309 2064 5360 ὲκ

567 5391 698 5424 ικυυ.
723 5391 807 5424 ας.

493 5391 807 5435 τρικυμιας.

531 5391 933 5516 .edit.
971 5456 1025 5498 et
1061 5448 1111 5501 in
1163 5443 1683 5516 coddnquibusdam
1723 5444 2054 5516 πολυσχεδεῖ,

497 5518 591 5568 sed
623 5514 868 5586 Montane:
889 5526 941 5567 et
967 5516 1208 5571 Combcl'.
1243 5514 1431 5586 melius
1453 5514 2020 5586 ςιιιιιίοςιιιιπολυσχιδεί
2041 5534 2053 5546 ·

499 5599 621 5654 mun
655 5586 790 5654 apud
813 5583 1203 5654 r'l‘lreodoretum
1242 5601 1255 5637 :
1285 5584 1429 5654 ἁπλῆ
1460 5584 1569 5654 γάρ
1611 5583 1855 5653 ἀλήθεια,
1887 5583 2058 5639 ’πολυ-

499 5653 677 5728 σχιδὲς
707 5653 765 5705 τὸ
794 5652 984 5728 ψεῦδος
1033 5656 1125 5708 καὶ
1156 5652 1551 5728 πολύτροπον
1572 5652 1787 5728 simplex
1830 5659 1966 5709 enim
2011 5667 2055 5709 et

498 5726 728 5779 candida
768 5725 976 5786 υειὶιιιε,
1013 5725 1674 5795 ηιεηάιιυὶιιηιιηιιίίὶΙὶόαηι
1701 5736 1745 5777 et
1774 5739 2053 5780 versutum.

2169 5025 2300 5079 Cod.
2334 5026 2395 5080 P.
2430 5024 2687 5095 similiter
2705 5024 2864 5095 liabet
2888 5022 3214 5095 πολυσχιδεί,
3248 5030 3301 5076 et
3332 5021 3383 5075 in
3415 5032 3529 5076 not.
3564 5041 3729 5095 marg.

2169 5095 2470 5167 πολυμερῆ,
2495 5096 2591 5167 εἰς
2609 5092 2788 5167 πολλά-
2803 5094 3139 5167 ἐσχισμένον.

2241 5112 2470 5218 Λυμεῖη,
2495 5112 2574 5163 εις
2609 5112 2777 5146 πολλα
2803 5112 3139 5164 εσχισμενον.

2240 5166 2350 5233 (51)
2428 5165 2684 5233 egendum
2705 5164 2977 5218 existimat
3006 5159 3260 5233 Combef._
3286 5159 3666 5230 βεϐαιώσεται.

2242 5230 2351 5305 (52)
2393 5230 2523 5289 Post
2572 5233 2803 5288 Moutac.
2858 5235 3003 5306 legit
3036 5230 3273 5306 (Jorubef.
3320 5232 3378 5282 ἐν
3436 5236 3618 5306 μέρει,
3666 5238 3732 5290 ita

2169 5302 2287 5360 cod.
2324 5302 2380 5358 P.
2410 5306 2462 5357 In
2485 5306 2801 5371 quibusdam
2832 5306 2958 5357 edit.
2989 5304 3045 5354 ὲν
3067 5302 3236 5355 deest.

2240 5376 2350 5449 (55)
2378 5375 2529 5449 Coll).
2550 5375 2599 5437 1,
2632 5382 2685 5429 et
2702 5372 2914 5449 Acod._P.
2954 5372 3194 5449 γίνονται
3229 5372 3478 5449 ξυνωρίς.

2235 5447 2345 5515 (54)
2385 5443 2631 5515 Πάντων
2680 5443 3010 5512 ὀμιλήκων,
3055 5443 3204 5497 sicin
3234 5443 3385 5515 editj
3424 5443 3735 5502 atcodd.P.

2165 5514 2333 5571 Colb.
2357 5515 2407 5577 1,
2433 5517 2488 5581 2,
2521 5524 2575 5566 et
2600 5514 2691 5569 Or.
2728 5514 3022 5584 ὁμηλίκων.

2237 5586 2347 5657 (55)
2388 5586 2461 5639 lta
2495 5584 2644 5641 Colb.
2684 5584 2732 5636 1.
2768 5585 2819 5637 lu
2848 5585 2977 5640 edit.
3013 5584 3109 5647 ὡς.
3149 5584 3261 5640 Mox
3288 5588 3412 5644 cod.
3440 5586 3497 5641 P.
3533 5588 3583 5640 oi
3617 5600 3733 5639 πολ·

2168 5658 2265 5709 λοί.

2236 5725 2345 5797 (56)
2387 5726 2474 5781 Sic
2494 5724 2643 5782 Colb.
2693 5726 2737 5779 l.
2770 5724 2825 5779 lu
2855 5726 2980 5781 edit.
3019 5738 3217 5789 autem,
3254 5727 3411 5780 Αὐτοὶ
3449 5728 3519 5781 δέ.
