3824 6394
478 356 591 414 255

1615 360 1770 414 \‘I'l'A
1816 358 1872 412 S.
1915 355 2243 413 GREGORII
2286 356 2629 417 TllEOLOGl
3617 368 3709 423 276

484 478 625 533 virtu
655 477 701 533 is
742 478 874 532 lines
907 478 1280 532 consistentes.
1315 477 1490 546 Inopia
1532 490 1710 532 autem
1765 479 1835 531 ita
1870 476 2042 531 excel‘

2159 473 2300 528 οὕτω
2342 476 2442 546 τῆς
2488 474 2853 541 Ἀντισθένους
2904 479 2997 532 καὶ
3037 479 3316 548 Διογένους
3365 481 3458 534 καὶ
3504 482 3708 552 Κράτη-

486 570 687 636 lebant,
718 572 973 638 tantoque
996 567 1392 631 Antistltenem,
1424 576 1477 621 et
1509 567 1822 639 Diogenem,
1847 579 1897 622 et
1924 566 2055 623 Cra.

487 672 687 724 tetem.
741 659 1020 715 intervallo
1077 659 1484 728 prtecetlebant,
1523 670 1581 715 ut
1628 675 1814 715 eorunt
1868 659 2054 713 laudes

486 742 859 823 lnagttilicique
886 750 1022 805 tituli
1058 766 1153 820 pro
1184 752 1347 806 uteris
1377 754 1532 823 nugis
1562 754 1915 809 haberentur.
1950 752 2053 808 Ne-

483 861 589 914 que
617 845 758 900 enim
812 844 990 897 minus
1020 860 1179 912 quam
1212 843 1287 898 illi
1318 860 1449 915 opes
1491 845 1917 916 aspernabantur
1948 861 1963 897 :
2000 856 2053 901 et

470 937 904 992 ostentationem
954 937 1191 1003 interim,
1256 936 1539 1005 inanisque
1587 938 1768 1006 gloria:
1818 940 2051 991 studium

486 1030 670 1097 procul
710 1027 1029 1096 ablegabant
1065 1045 1079 1081 :
1110 1044 1218 1099 quo
1260 1028 1393 1083 vitio
1446 1028 1745 1083 admirandi
1778 1028 1855 1083 illi
1890 1044 2053 1084 canes

486 1122 824 1183 tenebantur,
856 1120 1087 1191 publicis
1138 1120 1442 1190 praeconiis.
1474 1120 1909 1190 reliquorumque
1955 1116 2054 1175 lto-

480 1216 685 1268 tninum
709 1215 1128 1283 contemptibne,
1161 1212 1513 1284 philosophiae
1545 1214 1864 1283 gravitatem
1902 1214 2051 1269 labe-

484 1306 749 1361 factantes
780 1313 833 1358 et
856 1306 1182 1359 obterentes.

556 1394 677 1450 Jam
703 1396 770 1450 de
800 1396 1079 1466 prudentia
1102 1406 1155 1450 et
1177 1394 1441 1465 sapientia
1466 1396 1591 1464 quid
1616 1396 1812 1452 attinet
1839 1396 2054 1454 dicere?

477 1490 615 1545 Cum
644 1488 822 1544 omnis
847 1488 979 1553 vita,
1008 1504 1113 1541 una
1147 1487 1251 1541 illis
1279 1488 1557 1541 meditatio
1600 1497 1764 1553 esset,
1812 1504 1875 1544 ac
1900 1491 2053 1559 cupi—

483 1581 621 1634 ditas
661 1589 823 1633 noctu
851 1578 1049 1649 diuque
1099 1578 1220 1647 ejus
1264 1578 1627 1648 adipiscendae
1678 1579 1948 1636 desiderio
1977 1582 2053 1636 in-

484 1680 649 1733 tenta,
670 1683 775 1724 non
801 1684 956 1723 secus
978 1679 1138 1737 atque
1166 1670 1355 1735 iis,qui
1387 1669 1687 1723 thesaurum
1710 1670 2046 1739 effodiunt“,

484 1771 539 1813 ut
573 1758 751 1814 verbis
784 1757 883 1825 lol)
926 1770 1066 1813 utar.
1115 1758 1285 1813 Probe
1307 1760 1503 1813 etenim
1537 1770 1797 1815 noverant
1846 1762 2046 1832 egregii

478 1852 583 1905 viri
632 1849 866 1903 laborem
919 1850 971 1901 in
1026 1847 1372 1903 meditatione
1428 1848 1575 1919 prius
1625 1849 1957 1919 impensum,
1990 1852 2041 1906 itt

483 1940 877 2009 perseverantia
920 1938 1263 2005 scientiaeque
1303 1940 1547 1993 ubertate
1590 1946 1645 1993 et
1688 1941 1876 2008 copia,
1935 1942 2040 1994 vim

476 2048 631 2085 suam
658 2029 917 2100 proferre.
953 2029 1026 2083 Ex
1052 2045 1158 2098 quo
1190 2030 1638 2098 assequebantur,
1672 2038 1730 2083 ut
1755 2045 1858 2085 non
1886 2031 2044 2086 modo

476 2123 716 2193 aequales
750 2130 897 2187 suos,
926 2123 1018 2175 sed
1062 2130 1116 2175 et
1148 2120 1403 2188 plurimos
1451 2129 1576 2174 ttattt
1612 2122 1842 2191 majores
1872 2124 2046 2176 nomi-

480 2214 563 2268 nis
592 2212 877 2280 splendore
906 2221 1246 2281 superarent,
1289 2219 1402 2265 tum
1448 2221 1667 2282 propter
1714 2212 1951 2268 laborem
1990 2221 2044 2267 et

473 2303 795 2360 industriam
846 2314 1156 2371 naturaque
1209 2303 1527 2369 bonitatem,
1573 2313 1683 2358 tum
1720 2305 1881 2360 etiam
1918 2306 2044 2374 quia

475 2398 531 2452 in
574 2398 921 2452 honestarum
968 2406 1175 2450 tantum
1214 2395 1674 2467 laudabiliumque
1710 2413 1890 2452 rerum
1925 2409 2043 2453 stu-

473 2490 622 2543 dium
654 2488 1057 2544 incumbebant.
1097 2489 1271 2558 Atqne
1303 2489 1356 2542 in
1391 2497 1501 2543 tota
1527 2489 1743 2559 quidem
1776 2506 2041 2560 gramma-

478 2582 583 2636 tica
611 2581 742 2634 nihil
762 2581 985 2634 omnino
1024 2595 1119 2635 eos
1152 2582 1305 2649 fugit,
1335 2596 1439 2634 non
1466 2593 1761 2636 metrorum
1795 2584 2042 2649 scientia,

474 2689 585 2727 non
620 2672 815 2741 poetici
851 2673 999 2740 scopi
1032 2682 1086 2725 et
1116 2673 1276 2741 tropi,
1304 2688 1409 2726 non
1451 2674 1689 2728 historia:
1732 2675 1904 2744 copia,
1938 2692 2041 2731 non

478 2764 716 2819 torensis
748 2764 1003 2818 dictionis
1033 2764 1259 2831 puritas.
1315 2763 1370 2817 ln
1407 2766 1673 2820 rhetorica
1703 2777 1880 2821 autem
1921 2781 2041 2823 eam

476 2854 739 2908 rationem
768 2853 1092 2916 habuerunt,
1124 2860 1181 2903 ut
1219 2851 1503 2906 verborum
1548 2851 1816 2921 elegantia
1856 2853 2044 2907 decer-

474 2958 565 3015 pta
616 2953 777 3012 atque
829 2942 1078 3007 collecta,
1106 2942 1399 2998 falsitatem
1434 2941 1601 3011 ipsius
1644 2944 2044 3014 meutiendique

472 3036 754 3090 libidinem
808 3035 1067 3090 vitarent.
1105 3034 1507 3105 Philosophiam
1556 3050 1738 3104 porro,
1768 3046 1874 3090 tam
1923 3054 2042 3093 eam

472 3143 594 3198 qua:
624 3130 676 3181 in
711 3129 980 3192 moribus,
1009 3141 1169 3195 quam
1205 3141 1325 3195 qua:
1371 3127 1421 3180 in
1458 3126 1670 3197 placitis
1693 3138 1746 3183 et
1773 3129 2039 3193 doctrina,

473 3220 803 3289 medicaeque
842 3218 1171 3273 indicatione
1215 3228 1269 3273 et
1318 3220 1731 3275 ratiocinatione
1772 3233 2041 3289 versatur,

475 3328 581 3365 non
614 3310 822 3366 liberali
874 3320 1080 3364 tantum
1128 3311 1431 3365 eruditione
1461 3322 1616 3366 tenus
1652 3326 2042 3384 perceperunt,

469 3419 543 3460 ne
603 3404 841 3460 indoctis
890 3405 1154 3458 duntaxat
1205 3405 1511 3474 superiores
1568 3418 1753 3461 essent
1793 3425 1808 3461 :
1858 3423 2042 3463 verum

471 3496 922 3564 quemadmodum
946 3504 1305 3565 praeceptores
1322 3494 1564 3563 quidam,
1586 3484 2045 3565 praastantissimie

468 3603 577 3657 que
624 3586 895 3640 doctores.
926 3584 1045 3639 iam
1080 3590 1133 3639 in
1181 3587 1385 3639 musica
1434 3586 1507 3640 ita
1537 3601 1597 3642 se
1634 3600 2033 3658 compararunt,

471 3688 533 3734 ut
556 3678 815 3748 quidquid
842 3679 895 3732 in
935 3691 1000 3731 ea
1044 3677 1250 3746 antiqui
1283 3686 1338 3732 et
1371 3677 1618 3733 concinni
1640 3690 1724 3733 est
1761 3681 2039 3737 addiscen-

474 3782 579 3835 tes,
610 3786 728 3825 eam
774 3770 970 3823 animae
996 3778 1225 3836 partem,
1256 3767 1306 3820 in
1330 3783 1434 3837 qua
1485 3768 1690 3823 irarum
1725 3773 1938 3827 essistit
1963 3788 2041 3828 ar-

472 3864 575 3914 dor
605 3859 932 3929 eﬂ'renisque
969 3858 1222 3926 impetus,
1256 3858 1559 3913 emollirent
1595 3875 1611 3912 :
1646 3860 1907 3932 quidquid
1941 3879 2039 3918 att-

475 3961 584 4005 tem
618 3950 685 4003 ad
714 3950 1040 4018 voluptatem
1070 3947 1315 4015 impellit,
1353 3948 1419 3999 ad
1475 3947 1683 4002 theatra
1725 3951 2045 4023 relegarent.

476 4041 786 4108 Quinetiam
819 4054 1165 4094 numerorum
1200 4040 1628 4108 supputationes,
1653 4053 1706 4097 et
1742 4052 2047 4113 geometria-

476 4134 809 4201 :equitatem,
842 4132 1188 4201 siderumque
1219 4131 1383 4185 situm
1415 4146 1479 4185 ac
1507 4142 1729 4198 motum,
1753 4136 1897 4191 velut
1920 4142 2041 4195 novi

477 4224 694 4295 Moyses
726 4230 777 4277 et
832 4222 1036 4289 Daniel,
1070 4221 1242 4276 edocti
1295 4229 1420 4276 sunt
1452 4240 1466 4277 :
1501 4221 1571 4276 ita
1622 4233 1799 4280 tamen
1845 4237 1902 4282 ttt
1936 4245 2041 4287 non

478 4328 587 4369 tam
623 4316 691 4369 ab
721 4314 824 4369 illis
855 4316 1202 4379 ducerentur,
1228 4326 1411 4382 quam,
1447 4315 1589 4383 quod
1631 4316 1706 4370 ait
1740 4318 2040 4389 Scriptura,

476 4406 793 4459 intellectum
825 4422 1025 4459 omnem
1065 4405 1118 4458 in
1164 4403 1512 4473 captivitatem
1548 4406 1835 4477 redigerent
1866 4411 1921 4467 in
1946 4416 2038 4467 ob-

544 4531 589 4562 "
622 4528 722 4584 Job
760 4544 856 4592 ttt,
890 4527 980 4580 21.

549 4646 759 4700 Italiam
790 4644 1045 4707 versatile,
1074 4653 1340 4696 ventorum
1358 4644 1406 4696 vi
1427 4648 1714 4711 expositum
1738 4665 1756 4710 ,-

472 4776 475 4777 ν
544 4720 694 4779 Quod
720 4718 922 4785 quidem
962 4717 1006 4767 ei
1032 4714 1271 4766 dantibus
1298 4730 1432 4766 auro
1459 4717 1603 4768 tectis
1629 4728 1738 4770 erat

546 4786 877 4840 l’r.tiosius..
890 4825 922 4837 ..
936 4821 975 4837 ..

544 4857 726 4908 Crates
749 4855 1008 4917 similiter,
1032 4870 1145 4907 cum
1162 4853 1357 4905 divitiis
1384 4853 1622 4907 altiorem

545 4928 614 4979 Se
655 4928 929 4995 pra'beret,
963 4939 1024 4978 ac
1067 4940 1187 4993 opes
1219 4939 1343 4976 suas
1388 4926 1563 4991 pecori
1595 4930 1885 4994 pascendos
1914 4930 2040 4983 reli-

1796 5010 1950 5054 uisset

547 5063 615 5119 Ut
651 5064 895 5134 nequitia:
922 5064 1266 5118 administras
1295 5078 1357 5116 ac
1382 5074 1696 5129 carporum;
1731 4995 1971 5069 [quum’

544 5137 708 5189 Aram
732 5136 1036 5196 ascendens,
1067 5150 1255 5202 magno
1282 5136 1540 5197 prteconio

550 5206 787 5281 ξςρρλυηι
821 5214 903 5281 ait
936 5207 992 5281 in
1012 5204 1197 5281 inedia
1224 5203 1468 5281 Olympia
1497 5207 1832 5281 renuptiavit,

549 5273 793 5329 Mirabile
815 5275 947 5327 illud
988 5274 1183 5325 dictant
1208 5273 1543 5341 proclamans
1575 5292 1594 5329 :

546 5346 731 5400 Crates
761 5344 1020 5398 Cratetem
1055 5341 1331 5396 Thebteum
1363 5343 1604 5400 libertate
1633 5346 1835 5412 donat;

549 5415 859 5471 Servitutem
893 5430 1003 5469 esse
1028 5414 1219 5466 ducens
1242 5428 1470 5467 antorem
1499 5418 1756 5481 pecuniae.

544 5506 614 5560 At
639 5507 759 5574 quis
782 5508 1009 5561 virtutes
1032 5506 1469 5577 philosophorum
1500 5508 1712 5562 illorum
1736 5524 1902 5566 veras
1924 5526 2045 5567 esse

478 5578 707 5631 virtutes
729 5594 742 5640 ;
764 5577 884 5645 quis
907 5577 1026 5631 illos
1051 5592 1162 5631 rem
1192 5578 1386 5631 bonam
1414 5579 1549 5631 bene
1572 5587 1789 5634 secutos
1808 5582 2043 5635 dixerit?

481 5647 596 5703 Non
620 5657 767 5701 certe
788 5647 1082 5718 Gregorius
1117 5648 1205 5718 qui
1241 5647 1399 5718 paulo
1428 5646 1565 5701 infra
1597 5649 1677 5703 sic
1706 5649 1974 5720 loquitur:

556 5736 795 5810 Πρῶτον
821 5739 936 5808 μὲν
991 5742 1063 5793 οὐ
1122 5738 1321 5805 καλῶς
1367 5739 1434 5793 τὸ
1466 5739 1657 5794 καλὸν
1678 5742 2017 5810 μετῄεσαν·

446 5872 449 5877 ν
554 5808 771 5865 [Maior
802 5810 909 5878 γὰρ
941 5810 1017 5879 ἦν
1041 5810 1296 5877 ἔνδειξις
1332 5811 1365 5878 ἢ
1404 5810 1593 5865 καλοῦ
1625 5808 1825 5877 πὸθος.

2156 583 2248 629 τος
2279 566 2390 637 (66)
2416 569 2591 640 ὑπερή
2603 568 2826 641 ρθησαν,
2862 570 2937 633 ὡς
2956 571 3172 625 παιδιὰν
3199 570 3472 643 ἀποφῆναι
3503 575 3571 627 τὰ
3594 572 3710 627 ἐκεί·

2154 676 2261 711 νων
2294 660 2763 732 σεμνολογήματα.
2792 657 2972 716 *Ησαν
3003 662 3111 733 γὰρ
3160 661 3337 727 ὲξίσου
3375 660 3474 734 μὲν
3500 664 3709 730 ἐκείνοις

2154 751 2449 820 κτημάτων
2474 751 2959 823 ὑπερφρονοῦντες,
2996 753 3312 819 ἀλαζονείαν
3349 755 3405 808 δὲ
3451 756 3549 807 καὶ
3579 773 3712 810 κενο-

2151 838 2331 904 δοξίαν
2386 841 2498 913 (65)
2553 843 2968 915 ἀποσειόμενοι⁶
3010 840 3099 909 αἷς
3154 846 3269 917 (66)
3313 846 3362 900 οἱ
3423 846 3710 917 θαυμαστοὶ

2153 931 2314 997 κύνες
2341 933 2609 999 ἑάλωσαν,
2632 934 2909 1006 δημοσίοις
2941 936 3259 1008 κηρύγμασι
3276 938 3367 991 καὶ
3396 938 3507 991 τῶν
3526 938 3709 993 λοιπῶν

2152 1023 2457 1095 ἀνθρώπων
2486 1026 2756 1099 ὑπεροψίᾳ
2776 1027 2838 1081 τὸ
2869 1028 2968 1099 τῆς
2990 1028 3304 1101 φιλοσοφίας
3331 1030 3527 1102 σεμνὸν
3556 1028 3711 1104 λυμη-

2152 1115 2373 1186 νάμενοι
2403 1117 2537 1189 (67).

2224 1389 2545 1461 Φρονήσεως
2593 1390 2650 1445 δὲ
2679 1390 2867 1444 ἕνεκεν
2895 1390 2949 1444 τί
2976 1390 3081 1463 χρὴ
3116 1393 3209 1446 καὶ
3253 1392 3469 1462 λέγειν;
3514 1389 3599 1457 οἷς
3627 1393 3711 1464 μία

2155 1483 2350 1554 μελέτη
2387 1484 2533 1547 ἄπας
2582 1486 2612 1538 ό
2652 1484 2767 1555 βίος
2798 1484 2932 1556 (68),
2983 1486 3077 1539 καὶ
3105 1485 3292 1555 ἔφεσις
3330 1486 3713 1559 ἄληκτοςπερὶ

2149 1574 2253 1645 τὴν
2284 1574 2456 1643 αὐτῆς
2478 1574 2671 1645 κτῆσιν
2705 1575 2924 1629 ὲτέτατο
2949 1577 3043 1629 καὶ
3066 1576 3280 1648 νύκτωρ
3312 1579 3406 1632 καὶ
3436 1578 3558 1631 καθ’
3592 1580 3711 1649 ἠμέ-

2152 1682 2274 1736 ραν,
2326 1664 2530 1733 ὥσπερ
2578 1667 2884 1736 θησαυρὸν
2924 1668 3341 1735 ἀνορύττουσι,
3372 1670 3519 1724 καθὰ
3561 1687 3712 1739 φησιν

2163 1756 2282 1809 Ἰὼϐ
2314 1758 2343 1809 ό
2375 1757 2665 1829 μακάριος.
2694 1755 2767 1812 Εὖ
2798 1758 2907 1831 γὰρ
2936 1758 3154 1830 ᾔδεισαν
3184 1764 3231 1814 οί
3257 1762 3529 1829 γεννάδαι,
3569 1762 3653 1815 ὅτι
3688 1764 3711 1815 6

2079 1815 2121 1871 Β
2150 1849 2207 1901 εν
2232 1850 2300 1918 τῇ
2334 1815 2967 1921 μελέτηπροδανεισθεὶς.
2983 1849 3141 1913 πόνος
3168 1852 3225 1903 ἐν
3262 1815 3327 1922 τῇ
3376 1815 3605 1922 διαμονῇ
3633 1854 3711 1905 καὶ

2148 1937 2226 2008 τῷ
2252 1937 2444 2008 πλήθει
2472 1940 2571 2007 τῆς
2590 1938 2842 2007 γνώσεως
2874 1941 2972 2012 τὴν
3017 1941 3168 2010 ἰσχὺν
3192 1941 3536 2013 ἀποδίδωσιν.
3569 1943 3713 1995 Οὕτω

2152 2029 2252 2100 μὲν
2301 2026 2393 2083 οὖν
2441 2030 2679 2101 ὑπῆρξεν
2724 2032 2909 2094 αὐτοῖς
2952 2032 3059 2085 τῶν
3095 2049 3156 2087 τε
3198 2034 3321 2088 καθ’
3361 2036 3595 2099 ἑαυτοὺς
3630 2037 3714 2089 καὶ

2150 2121 2415 2175 πλείστων
2448 2122 2817 2194 ἀρχαιοτέρων
2849 2124 3265 2197 εὑκλεεστέρους
3294 2127 3550 2195 γενέσθαι
3577 2128 3713 2199 πόνῳ

2147 2226 2208 2265 τε
2247 2213 2340 2265 καὶ
2368 2212 2631 2284 εὐκληρίᾳ
2668 2210 2901 2281 φύσεως,
2934 2215 3029 2267 κα)¹
3054 2215 3132 2287 τῷ
3168 2217 3297 2289 περὶ
3321 2216 3391 2270 τὰ
3414 2218 3556 2271 καλὰ
3590 2218 3715 2288 μόνα

2150 2301 2556 2355 ἐσπουδακέναι.
2592 2303 2989 2374 Γραμματικῆς
3010 2304 3106 2374 μὲν
3132 2300 3224 2358 οὖν
3243 2306 3423 2369 αὐτοῖς
3454 2306 3716 2359 οὐδοτιοῦν

2150 2397 2375 2465 παρεῖτο
2425 2394 2607 2458 λαθὸν,
2656 2395 2716 2447 ού
2758 2394 2969 2466 μέτρων
3007 2397 3305 2469 ἐπιστήμη,
3339 2398 3401 2450 οὐ
3451 2401 3715 2468 ποιητικοί

2150 2487 2342 2540 σκοποὶ
2382 2487 2473 2539 καὶ
2500 2487 2710 2558 τρόποι,
2749 2487 2847 2557 οὐχ
2883 2488 3119 2558 ἱστορίας
3152 2489 3372 2559 πλῆθος,
3402 2491 3462 2543 οὐ
3519 2490 3717 2543 πολιτι-

2149 2576 2254 2645 κῆς
2288 2575 2486 2641 λέξεως
2516 2575 2850 2648 καθαρότης·
2894 2579 3191 2649 ῥητορικῆς
3224 2580 3280 2631 δὲ
3326 2579 3387 2633 τὸ
3433 2580 3537 2649 τῆς
3582 2582 3712 2651 φρᾶ·

2152 2683 2287 2729 σεως
2316 2666 2510 2729 κάλλος
2535 2665 3000 2736 ἀπανθησάμενοι,
3034 2667 3095 2719 τὸ
3142 2666 3335 2736 ψεῦδος
3390 2667 3671 2733 ἐξέκλιναν
3706 2686 3715 2695 ’

2150 2757 2465 2828 φιλοσοφίας
2494 2756 2550 2809 δὲ
2584 2756 2805 2827 ἠθικῆς,
2832 2758 2927 2809 καὶ
2956 2757 3053 2828 ὅση
3085 2758 3142 2811 ὲν
3169 2758 3401 2828 δόγμασι
3427 2756 3523 2810 καὶ
3556 2760 3721 2829 ἰατρι-

2149 2849 2253 2919 κῆς
2282 2847 2524 2913 ἔνδειξιν,
2567 2848 2660 2901 καὶ
2691 2846 3089 2919 ἀναλογισμῶν,
3118 2849 3178 2902 οὗ
3215 2848 3407 2921 μέχρις
3436 2847 3718 2920 ἐλευθέρου

2152 2939 2412 3011 μετέσχον
2449 2939 2799 3005 παιδεύσεως,
2847 2941 2922 3004 ὡς
2953 2940 3017 2993 ἂν
3075 2941 3148 3011 μὴ
3201 2941 3423 2995 ἰδιωτῶν
3469 2941 3634 3012 μόνον
3666 2940 3720 2993 τὸ

2152 3029 2312 3084 πλέον
2337 3029 2530 3101 ἔχοιεν,
2562 3028 2696 3083 ἀλλὰ
2724 3028 2974 3101 καθάπερ
3000 3030 3141 3093 τινὲς
3171 3030 3457 3084 παιδεοτα)⁵
3501 3030 3601 3083 καὶ
3649 3030 3720 3082 δι-

2149 3122 2407 3177 δάσκαλοι
2444 3122 2654 3193 ἄριστοι
2684 3122 2815 3193 (69).
2843 3122 2954 3192 Τῆς
2980 3122 3024 3174 δ’
3054 3118 3120 3175 αὖ
3165 3123 3429 3193 μουσικῆς
3455 3122 3583 3175 ὅσον
3631 3122 3721 3192 μὲν

2147 3217 2375 3286 ἀρχαῖον
2405 3215 2499 3267 καλ⁸
2540 3213 2859 3285 ἐναρμόνιον
2906 3212 3258 3284 ἐκμαθόντες,
3311 3214 3372 3267 τὸ
3404 3213 3507 3283 τῆς
3547 3213 3723 3283 ψυχῆς

2148 3304 2428 3377 θυμοειδές
2477 3320 2535 3357 τε
2585 3304 2681 3355 καὶ
2724 3302 3087 3356 δυσκάθεκτον
3136 3302 3537 3373 ἑξεμάλασσονο
3580 3306 3643 3356 τὸ
3681 3304 3721 3357 δ’

2146 3399 2269 3452 ὅσον
2304 3397 2439 3469 πρὸς
2475 3396 2671 3468 ἡδονὴν
2716 3396 2870 3469 φέρει
2898 3399 3019 3460 ταῖς
3058 3398 3280 3467 σκηναῖς
3307 3397 3721 3467 ἀπεπέμψαντο.

2161 3488 2435 3561 ’Δριθμῶν
2483 3488 2540 3541 δὲ
2588 3488 2900 3559 λογισμοὺς,
2936 3489 3030 3543 καὶ
3078 3484 3421 3560 γεωμετρίας
3477 3488 3721 3557 ἰσότητα,

2148 3583 2241 3635 καὶ
2262 3580 2478 3651 ἄστρων
2506 3579 2651 3631 θέσιν
2681 3580 2772 3632 καὶ
2800 3578 3032 3650 κίνησιν,
3068 3578 3317 3649 καθάπερ
3340 3578 3449 3630 νέοι
3480 3577 3726 3645 Μωῦσῆς

2144 3689 2204 3725 τε
2229 3673 2323 3725 καὶ
2343 3670 2558 3743 Δανιὴλ,
2585 3670 2992 3723 ὲκπαιδεύονται
3012 3712 3025 3735 ,
3058 3671 3118 3723 ού
3149 3670 3285 3741 πρὸς
3316 3670 3539 3723 ἐκείνων
3594 3668 3726 3739 μᾶλ-

2145 3764 2236 3818 λον
2262 3764 2536 3835 ἀγόμενοι,
2558 3760 3202 3831 ἀλλάὶχμωωτίζοντες
3226 3762 3366 3816 κατὰ
3389 3762 3450 3815 τὸ
3476 3778 3726 3833 γεγραμ-

2150 3854 2311 3932 μένον
2340 3852 2463 3909 πᾶν
2488 3856 2682 3922 νόημα
2700 3856 2787 3919 εις
2817 3853 2932 3920 τὴν
2972 3852 3251 3920 ὑπακοὴν
3277 3852 3383 3907 τοῦ
3413 3852 3682 3921 Χριστοῦ
3710 3870 3723 3881 ·

2153 3948 2347 4012 κάλλος
2390 3964 2450 4000 τε
2500 3946 2596 3999 καὶ
2624 3946 2833 4015 σκέπην
2882 3944 2981 4015 τῆς
3024 3943 3245 4015 πρώτης
3292 3945 3483 4012 σοφίας
3514 3946 3729 4014 ταύτην

2152 4042 2443 4111 τιθέμενοι.
2470 4038 2581 4091 Καὶ
2609 4037 2695 4090 διὰ
2725 4038 2959 4099 πάντων,
2986 4036 3061 4099 ὡς
3084 4035 3209 4099 ἔπος
3227 4037 3419 4099 εἰπεῖν,
3443 4036 3729 4099 ὲϐάδισαν,

2153 4133 2440 4206 βελτιόνων
2475 4144 2533 4184 τε
2565 4131 2659 4185 καὶ
2686 4130 2975 4201 χειρόνων·
3008 4129 3147 4182 ὥστε
3175 4127 3243 4181 τὰ
3288 4128 3387 4198 μὲν
3425 4129 3574 4197 ἔχειν
3626 4148 3731 4197 φυ-

2148 4234 2285 4301 γεῖν,
2314 4227 2386 4283 τὰ
2416 4227 2473 4281 δὲ
2508 4227 2722 4281 ἑλέσθαι
2752 4225 2891 4296 μετὰ
2927 4226 3213 4288 συνέσεως.
3246 4222 3484 4276 Ἐπαινῶ
3505 4223 3625 4297 γὰρ
3639 4225 3731 4278 τὸν

2148 4321 2390 4383 εἰπόντα,
2410 4318 2511 4373 κᾶν
2536 4317 2767 4389 θύραθεν
2792 4317 2990 4387 ἕστηκε
3043 4316 3143 4386 τῆς
3186 4315 3463 4386 ἡμετέρας
3504 4316 3688 4386 αὐλῆς
3717 4336 3727 4346 ·

2148 4415 2222 4468 Ού
2245 4414 2354 4484 γὰρ
2385 4412 2446 4464 τό
2467 4428 2530 4479 γε
2568 4410 2681 4481 (70)
2706 4408 2908 4479 γνῶναί
2939 4426 2991 4462 τι
3018 4407 3126 4461 τῶν
3177 4406 3251 4479 μὴ
3278 4406 3457 4461 καλῶν
3486 4407 3693 4480 ἄτιμον
3715 4424 3731 4437 ο

2070 4653 2120 4713 D
2219 4648 2403 4717 Primo
2432 4647 2638 4717 quidem
2668 4661 2769 4699 non
2797 4656 2931 4697 recte
2962 4654 3155 4698 rectum
3188 4646 3350 4698 secuti
3383 4657 3503 4699 sunt
3522 4663 3543 4706 :

2221 4716 2391 4787 Magis
2421 4716 2557 4772 enim
2581 4726 2692 4769 erat
2724 4718 3018 4777 ostentatio,
3048 4730 3203 4785 quam
3230 4717 3465 4769 studium
3491 4720 3732 4772 vir-tutis.

2220 4841 2333 4911 (64)
2364 4842 2465 4895 Pro
2498 4840 2802 4911 Κράτητος,
2835 4838 2954 4911 cod.
2979 4836 3040 4892 P.
3083 4838 3243 4893 habet
3271 4836 3625 4906 Σωκράτους.

2226 4908 2339 4978 (65)
2376 4912 2507 4964 Cod.
2544 4908 2601 4962 P.
2629 4908 2978 4978 καινοδοξίνιν.

2227 4973 2341 5047 (66)
2374 4982 2447 5033 Ita
2476 4980 2629 5035 Coll).
2656 4978 2710 5032 2.
2746 4976 2801 5030 ltt
2827 4980 2955 5047 edit.
2987 4973 3086 5042 οἷς.

2223 5046 2334 5125 (67)
2359 5050 2492 5107 Cod.
2528 5048 2589 5103 P.
2637 5046 3015 5119 λοιμευόμενοι
3042 5090 3057 5114 ,
3130 5048 3436 5116 contagione
3482 5048 3737 5115 inﬁcien-

2148 5136 2243 5182 tes.

2228 5190 2339 5261 (68)
2377 5184 2478 5256 Οἷς
2526 5188 2657 5259 μία,
2709 5197 2812 5261 etc.
2836 5186 3062 5261 __B_illit_t_s
3094 5186 3173 5261 sic
3201 5186 3553 5261 reddiderat:
3595 5186 3738 5261 Curru

2155 5266 2259 5331 ipsi
2292 5257 2400 5314 toto
2444 5257 2560 5313 vita:
2585 5258 2756 5326 spatio
2794 5258 2925 5331 nihil
2966 5257 3115 5331 aliud
3144 5257 3379 5331 meditati
3402 5259 3531 5318 sint,
3573 5260 3741 5322 capi.

2151 5327 2471 5399 ditatemque
2494 5345 2694 5382 omnem
2710 5344 2859 5399 suam
2883 5328 2936 5380 in
2963 5327 3077 5397 ejus
3092 5327 3364 5395 adeptione
3386 5339 3539 5380 noctu
3568 5340 3739 5397 atque

2150 5397 2393 5459 interdiu
2418 5399 2643 5466 deﬁxam
2685 5397 2982 5452 habuerint.

2223 5471 2336 5541 (69)
2363 5465 2529 5541 Qodd.
2553 5468 2656 5541 _Or.
2689 5477 2744 5541 et
2766 5467 2953 5541 P.3d).
2984 5465 3391 5541 διδασκάλων-οἱ
3421 5465 3673 5541 ἄριστοι.

2228 5533 2341 5611 (70)
2375 5538 2505 5594 Cod.
2535 5537 2634 5611 _0r.
2663 5538 2805 5611 τότε.
2837 5537 2929 5591 Sic
2962 5548 3211 5611 verterat,
3232 5535 3421 5611 Dillius
3446 5533 3474 5587 τ’
3501 5533 3743 5589 Minime

2154 5624 2303 5677 turpe
2326 5606 2487 5678 atque
2528 5608 2929 5678 ignominiosum
2978 5623 3107 5671 esse,
3140 5606 3339 5678 aliquid
3389 5621 3744 5678 eoAramAqua:

2150 5672 2325 5735 minus
2355 5672 2571 5732 honesta
2614 5689 2755 5744 sunt,
2781 5679 3043 5746 cognitum
3070 5672 3273 5731 habere.
3308 5675 3523 5731 Brevior
3556 5672 3744 5730 Con:-

2156 5752 2327 5806 bclisii
2355 5750 2748 5813 interpretatio,
2779 5762 2941 5816 quam
2973 5747 3364 5818 adoptsvimus.
