3824 6394
113 402 187 457 257
1048 384 1377 441 avemus
1415 384 1767 440 GREGOIUO
1806 384 2284 440 rnesnvreno.
3173 388 3286 445 εδδ

112 521 192 575 ἀλλ’
210 520 324 569 ἴασιν
343 507 394 573 ἐξ
416 505 575 561 αὑτοῦ
607 504 1001 577 συμϐαίνεσθαι
1034 504 1146 576 (71)
1174 509 1290 571 τοῖς
1322 506 1397 579 μὴ
1423 506 1602 579 φθόνῳ
1631 560 1634 569 ,

1705 507 1937 577 sequium
1974 507 2281 573 Christi“',
2310 518 2472 575 atque
2515 506 2654 561 hanc
2699 505 2970 577 primariae
2999 508 3281 577 sapientiae

107 612 156 665 τὰ
174 605 413 677 λεγόμενα,
440 599 549 652 ἀλλ’
576 598 759 669 εὐνοίᾳ
787 596 1120 669 δεχομένοις.

1705 596 2159 668 pulchritudinem
2194 606 2669 666 tegumentutnque
2699 606 3019 652 statuerent.
3058 599 3135 652 Ac
3182 613 3283 666 per

108 706 260 767 omnia,
286 710 335 753 ut
361 698 424 749 ita
457 696 679 763 loquar,
722 703 829 746 tam
883 691 1105 747 meliora
1139 708 1299 763 quam
1329 693 1627 759 deteriora,
1665 694 1893 765 grassati
1919 703 2069 759 sunt,
2119 690 2180 747 nt
2208 707 2328 746 cum
2356 690 2560 759 judicio
2599 706 2661 745 ea
2703 691 2897 760 partim
2929 692 3130 761 fugere,
3156 705 3289 760 par-

107 802 173 853 tim
198 786 455 861 amplexari
485 794 725 856 possent.
758 783 887 838 Mihi
912 784 1055 838 enim
1101 799 1432 856 magnopere
1480 785 1762 856 probatur,
1798 785 1941 854 quod
1997 784 2237 854 quidam,
2292 782 2472 837 liceta
2504 792 2689 837 nostra
2754 781 2907 835 caula
2956 792 3276 847 extraneus,

108 882 403 947 dixit:llaud
439 880 580 933 enim
646 890 799 948 turpe
829 894 890 933 ea
948 893 1108 933 nosse
1157 895 1279 948 qua:
1349 880 1526 934 minus
1575 880 1797 935 honesta
1836 888 1961 933 sunt
1992 896 2005 932 :
2040 878 2169 949 quin
2223 877 2400 945 potius
2463 876 2798 931 curationem
2870 890 2935 928 ex
2974 889 3039 930 eo
3068 875 3283 929 contin-

104 996 210 1053 εετο,
242 976 296 1030 iis
319 973 488 1038 utique
524 970 616 1039 qui
642 985 747 1024 non
793 969 997 1034 invido,
1020 970 1116 1025 sed
1158 972 1386 1025 candido
1412 986 1475 1025 ac
1499 971 1758 1026 benevolo
1790 971 1972 1024 animo
2000 984 2063 1024 ea
2099 984 2218 1038 quae
2247 969 2522 1035 dicuntur,
2561 968 2854 1035 accipiunt.

160 1072 285 1128 ’Δλλὰ
310 1068 356 1121 τί
400 1066 617 1129 ἔπαθον,
650 1060 696 1119 ὧ
725 1065 901 1134 φίλοις
950 1066 1168 1131 Μεταξὺ
1194 1066 1301 1139 γὰρ
1336 1066 1539 1139 προῖὼν
1572 1068 1600 1120 ὁ

1778 1067 1882 1122 Sed
1936 1067 2064 1136 quid
2117 1065 2248 1121 mihi
2298 1066 2526 1127 accidit,
2567 1081 2599 1117 ο
2634 1065 2790 1117 amici
2823 1065 2846 1116 ἲ
2878 1063 3085 1117 Interea
3132 1063 3284 1117 enim

101 1172 227 1236 λόγος,
252 1160 577 1232 συναρπάσας
616 1159 707 1212 τὸν
742 1158 988 1227 λέγοντα,
1019 1159 1270 1231 καθάπερ
1321 1160 1484 1225 ἵππος
1509 1160 1599 1213 τὸν

1705 1159 2059 1228 progrediens
2106 1157 2300 1224 oratio,
2334 1156 2476 1212 velut
2520 1170 2692 1225 equus
2741 1170 3008 1211 sessorem
3031 1191 3045 1216 ,
3077 1153 3157 1208 sic
3193 1167 3281 1207 me

100 1257 319 1326 ἐπιϐάτην,
363 1252 437 1313 εἰς
482 1252 608 1313 τοὺς
666 1249 919 1313 ἐπαίνους
975 1251 1276 1320 κατέστησε
1316 1249 1598 1305 Βασιλείου

1706 1254 1818 1309 lucc
1840 1254 2110 1308 dicentem
2140 1250 2407 1321 abripuit,
2434 1258 2596 1318 atque
2630 1248 2681 1301 in
2710 1246 2851 1301 beati
2890 1244 3069 1300 Basilii
3100 1245 3276 1299 laudi-

100 1351 164 1405 τοῦ
190 1344 441 1419 μακαρίου.
477 1340 687 1413 Μικρὸν
710 1337 802 1396 οὖν
832 1341 1093 1413 ἐπισχὼν,
1121 1335 1231 1396 οἶόν
1260 1359 1369 1395 τισι
1400 1343 1601 1415 ῥυτῆρι

1705 1345 1805 1399 bus
1824 1342 2130 1398 collocavit.
2161 1341 2358 1396 Parum
2390 1342 2553 1411 igitur
2575 1340 2849 1401 insistens,
2880 1338 3025 1393 velut
3052 1338 3278 1407 quibus-

100 1440 259 1511 σιν(72)
280 1434 561 1489 ἁναστείλω
592 1434 681 1486 τὸν
710 1433 884 1502 λόγον,
906 1436 999 1488 καὶ
1024 1436 1121 1504 τὴν
1149 1434 1356 1505 τόλμαν
1397 1435 1597 1505 ὲφέξω,

1705 1436 1827 1489 dam
1856 1435 2085 1490 habenis
2117 1433 2418 1489 orationem
2457 1430 2770 1500 reprimam,
2806 1431 3283 1498 temeritatemque

98 1534 149 1605 μὴ
174 1531 325 1601 πρόσω
349 1526 625 1597 φέρεσθαι.
666 1527 727 1579 Oi
751 1525 857 1596 γὰρ
881 1527 987 1579 τῶν
1014 1526 1152 1597 ὑπὲρ
1189 1526 1419 1597 δύναμιν
1449 1526 1597 1596 ἐφιέ-

1704 1544 2067 1600 compescant,
2111 1542 2179 1582 ne
2229 1525 2453 1580 ulterius
2510 1538 2747 1593 praeceps
2795 1522 3024 1577 feratur.
3067 1523 3281 1577 Etenim

98 1640 207 1695 μενοι
232 1618 435 1673 καὶτῶν
479 1617 716 1689 μετρίων
751 1617 1237 1688 ἀποτυγχάνουσιν.
1287 1617 1449 1671 Ἀλλὰ
1496 1618 1601 1670 Βα-

1704 1622 1795 1690 qui
1852 1620 2054 1674 viribus
2120 1617 2323 1685 majora
2392 1617 2823 1683 concupiscunt,
2860 1629 2927 1668 ne
2980 1614 3277 1668 mediocria

98 1716 241 1775 σίλειος
285 1711 371 1781 μὲν
424 1708 537 1780 (75)
562 1709 659 1780 τὴν
687 1709 856 1791 καλὴν
899 1709 1285 1779 πραγματείαν
1327 1709 1598 1781 ἐμπορευ-

1705 1713 1923 1783 quidem
1949 1719 2334 1779 assequuntur.
2370 1706 2512 1773 Erg‘o
2546 1705 2777 1760 Basilius
2820 1705 3083 1774 prmclare
3110 1719 3273 1773 nego-

94 1808 285 1874 σάμενος,
311 1800 485 1854 οἶκαδε
529 1801 696 1853 ἵκετοο
729 1800 1026 1872 Γρηγόριος
1046 1800 1103 1854 δὲ
1134 1798 1307 1871 ἀπρὶξ
1329 1799 1439 1871 (74)
1471 1818 1603 1854 κατ-

1706 1806 1891 1869 tiatus,
1932 1803 2150 1857 domum
2194 1816 2254 1855 se
2296 1800 2498 1868 recepit
2531 1815 2543 1850 :
2571 1798 2866 1869 Gregorius
2894 1807 3072 1851 autem
3100 1811 3129 1849 a
3161 1805 3277 1851 stu-

94 1898 219 1967 είχετο
253 1897 349 1956 τοῖς
403 1891 701 1962 Ἀθηναίων
747 1895 1045 1963 φοιτηταῖς,
1094 1893 1228 1963 μήτε
1260 1893 1358 1963 τὴν
1422 1891 1598 1959 ἔξοδον

1700 1899 1847 1951 diosa
1874 1894 2288 1950 Atheniensium
2320 1892 2623 1962 juvcntttle,
2663 1891 2809 1945 omni
2860 1891 3039 1945 studio
3070 1888 3281 1944 detine-

91 1988 196 2057 αὒτῴ
213 1984 552 2055 συγχωροῦσι,
578 1984 671 2037 καὶ
689 1984 961 2037 παιδεύειν
990 1984 1187 2046 αὐτοὺς
1218 1982 1595 2056 ὲκλιπαροῦσι,

1700 1988 1891 2051 batur,
1920 1995 1977 2041 ut
2024 2000 2125 2041 nec
2171 1984 2481 2039 discedendi
2548 1984 2789 2037 facerent
2826 1983 3160 2045 facultatem,
3211 1997 3276 2034 ac

90 2080 152 2131 τόν
172 2095 219 2130 τε
244 2075 538 2144 σοφιστικὸν
571 2075 759 2147 θρόνον
810 2075 1192 2147 παρακαλοῦσι
1220 2074 1491 2146 δέχεσθαι.
1540 2075 1598 2128 '0

1700 2078 1926 2134 docendi
1969 2076 2304 2147 provinciam
2348 2073 2554 2139 subire,
2595 2073 3058 2143 sophisticamque
3086 2072 3277 2135 cathe-

148 2168 257 2240 πρὸς
282 2168 371 2237 μὲν
394 2167 597 2235 ὀλίγον,
624 2167 720 2237 τὴν
760 2167 895 2237 πρὸς
928 2166 1123 2229 αὐτοὺς
1154 2164 1316 2235 χάριν
1344 2165 1600 2233 ἀφοσιούο

1700 2173 1851 2227 dram
1881 2171 2152 2240 accipere,
2176 2169 2376 2223 obnixe
2412 2176 2667 2238 rogarent
2694 2175 2749 2220 et
2781 2166 3151 2221 obsecrarent.
3184 2164 3278 2218 llle

90 2276 206 2331 μενος
225 2259 343 2329 (15),
372 2258 556 2329 ἔμεινε
575 2275 587 2287 ·
623 2258 813 2328 μικρὸν
846 2257 901 2310 δὲ
925 2256 1172 2328 ὕστερον,
1199 2256 1446 2318 ἅπαντας
1474 2256 1598 2319 τοὺς

1700 2278 1847 2327 vero,
1883 2276 1950 2317 ne
2000 2262 2052 2315 in
2087 2262 2326 2331 ipsorum
2375 2258 2606 2327 gratiam
2647 2255 2781 2311 nihil
2810 2255 2988 2311 facere
3034 2254 3171 2309 velle
3194 2254 3277 2306 vi-

86 2354 216 2404 ἐκεῖσε
238 2349 406 2419 φίλους
434 2348 815 2421 ἀντιϐολήσας,
850 2350 943 2402 καὶ
963 2349 1177 2410 πείσας,
1216 2348 1291 2410 ὡς
1316 2348 1597 2415 ἀναγκαία

1700 2356 1937 2418 deretur,
1974 2352 2368 2421 aliquantisper
2408 2349 2631 2403 mansit.
2680 2347 2876 2401 Verum
2921 2346 3061 2401 haud
3102 2344 3274 2399 multo

87 2442 143 2511 εἴη
177 2439 300 2509 αὐτῷ
328 2442 359 2509 ἡ
402 2438 543 2509 πρὸς
571 2440 697 2502 τοὺς
724 2440 981 2503 τεκόντας
1036 2439 1241 2508 ἄφιξις,
1275 2438 1597 2510 τριακοστὸν

1701 2446 1981 2514 interiecto
2013 2456 2275 2515 tempore,
2304 2459 2427 2497 cum
2466 2456 2658 2496 omnes
2696 2440 2924 2504 amicos,
2956 2454 3094 2508 quos
3129 2440 3181 2493 in
3208 2453 3272 2492 ea

85 2535 153 2603 ἤδη
174 2531 434 2605 πληρώσας
468 2531 591 2594 ἔτος
619 2534 676 2585 ἐν
712 2534 825 2595 τοῖς
852 2532 1189 2603 μαθήμασιν,
1220 2529 1361 2584 οὕτω
1384 2532 1449 2601 τῇ
1497 2548 1598 2585 πα-

1700 2538 1831 2592 ttrbe
1860 2538 2112 2603 habehat,
2150 2543 2467 2599 exorasset,
2498 2547 2714 2602 suaeque
2748 2534 2814 2585 ad
2864 2542 3115 2601 parentes
3148 2547 3276 2601 pro-

84 2626 183 2696 τρίδι
200 2624 367 2679 ἑαυτὸν
400 2623 719 2677 ἀποδίδωσι.

1700 2626 1951 2682 fectionis
1982 2626 2362 2681 necessitatem
2411 2626 2542 2695 ipsis
2580 2625 2887 2691 probasset,
2915 2622 2985 2674 ita
3027 2627 3270 2685 demum,

1700 2719 1974 2775 tricesimo
2004 2717 2116 2787 jam
2149 2732 2292 2771 anno
2326 2716 2378 2770 in
2427 2716 2626 2769 artiqu
2675 2714 2871 2768 studiis
2909 2723 3125 2777 exacto,
3163 2728 3263 2782 pa-

1702 2811 1817 2865 trite
1845 2825 1964 2865 sese
1994 2809 2250 2863 restituit.

130 2897 212 2949 Καὶ
253 2897 455 2968 πρῶτον
496 2896 597 2967 μὲν
636 2896 696 2950 τὸ
743 2896 886 2949 θεῖον
922 2894 1192 2968 λαμϐάνει
1222 2897 1525 2969 βάπτισμα,
1564 2900 1593 2952 ὁ

1765 2902 1843 2956 Ac
1872 2902 2104 2971 primum
2138 2900 2319 2953 divino
2357 2898 2680 2967 baptismate
2716 2897 2966 2965 tingitur,
3022 2897 3112 2964 qui
3157 2896 3270 2965 jam

82 2986 147 3038 nl
171 2988 335 3059 πρώην
366 2991 430 3059 τῇ
485 2988 716 3060 δυνάμει
757 2989 1201 3060 πεφωτισμένος·
1240 2993 1335 3044 καὶ
1385 2990 1596 3063 τίθησιν

1700 3004 1825 3049 ante
1863 2991 2103 3062 potentia
2137 2992 2299 3059 vique
2341 2990 2676 3043 illutninatus
2717 2998 2861 3042 esset
2926 3006 2940 3041 :
2989 2987 3274 3058 legemque

81 3078 168 3147 ὅρον
190 3080 347 3150 ἑαυτῷ
370 3082 585 3151 μήποτε
618 3080 854 3150 ὀμόσειν,
883 3081 1075 3151 μέχρις
1097 3082 1162 3135 ἂν
1188 3081 1266 3152 τῷ
1298 3081 1397 3154 βίῳ
1424 3082 1596 3153 τούτῳ
1626 3145 1634 3154 Α

1700 3087 1799 3143 sibi
1841 3086 2031 3140 indicit
2071 3100 2344 3154 nunquam
2376 3082 2595 3153 jurandi
2618 3121 2634 3145 ,
2678 3081 2913 3151 quandiu
2938 3082 2989 3135 in
3024 3082 3125 3135 hac
3160 3084 3269 3134 vita

80 3170 437 3243 ἐμπολιτεύηται
464 3190 479 3204 ·
529 3172 586 3224 ὃν
618 3172 712 3225 καὶ
750 3175 828 3236 εἰς
865 3172 1015 3235 τέλος
1059 3172 1355 3242 ἐφύλαξεν
1407 3172 1596 3226 ἔπειτα
1621 3170 1634 3195 ¹

1702 3187 2009 3235 venaretur
2041 3195 2054 3231 :
2086 3192 2249 3246 quam
2284 3175 2449 3229 etiam
2482 3177 2548 3228 ad
2579 3184 2880 3229 extremum
2923 3188 3094 3243 usque
3124 3174 3269 3228 diem

80 3262 198 3314 πόθον
221 3263 407 3331 γονέων
437 3264 539 3318 καὶ
569 3264 736 3332 φίλων
775 3265 1114 3335 ἀποπληροῖ,
1152 3264 1259 3318 τῶν
1300 3264 1467 3321 αὑτοῦ
1504 3264 1597 3318 λό·

1703 3270 1958 3328 serravit.
1994 3268 2232 3334 Deinde,
2284 3277 2342 3322 ut
2371 3277 2659 3337 parentum
2693 3277 2746 3320 et
2797 3266 3129 3327 amicorum,
3179 3266 3271 3335 qui

76 3370 153 3417 των
171 3355 441 3425 ἐφιεμένων
469 3355 724 3409 ἀκοῦσαι·
749 3358 809 3409 οὐ
840 3356 948 3428 γάρ
966 3356 1126 3420 αὐτὸς
1144 3352 1257 3426 εἶχε
1288 3357 1415 3427 περὶ
1442 3356 1599 3410 τοῦτο

1705 3365 1877 3433 ipsum
1904 3361 2069 3417 verba
2100 3362 2389 3415 facientem
2417 3360 2605 3417 audire
2629 3359 2953 3429 gestiebant,
2985 3358 3271 3428 cupiditati

78 3445 343 3516 φιλοτιμίαν.
391 3447 886 3519 Συμϐουλευόντων
941 3447 998 3500 δὲ
1054 3446 1332 3517 δημοσίοις
1384 3464 1444 3499 τε
1503 3449 1598 3502 καὶ

1703 3453 2043 3510 satisfaceret
2071 3451 2452 3523 (nequeenim
2482 3451 2535 3505 id
2575 3452 2689 3520 ipse
2722 3450 3013 3509 ambitiose
3052 3449 3271 3504 allecta-

72 3538 241 3601 οἰκείοις
275 3538 709 3606 ὲγκαλινδείσθαι
770 3542 961 3603 κακοῖς
1004 3538 1178 3609 (οὕτω
1208 3538 1316 3611 γὰρ
1344 3538 1594 3610 ὀνομάζω

1700 3548 1837 3617 bat),
1874 3547 1977 3602 hoc
2018 3559 2233 3615 quoque
2269 3558 2493 3599 munere
2534 3542 2863 3613 defungitur.
2904 3541 3104 3597 Verum
3147 3556 3271 3595 cum

74 3628 143 3695 τὴν
164 3627 211 3680 ὲν
229 3632 330 3692 τοῖς
360 3620 574 3693 ὗλικοῖς
617 3630 1017 3702 περιφάνειαν),
1070 3631 1231 3694 αὐτὸς
1259 3631 1439 3703 ἑαυτῷ
1465 3648 1592 3684 συν-

1701 3638 1863 3694 iidem
1887 3646 2138 3691 auctores
2164 3635 2263 3705 ipsi
2285 3642 2486 3701 essent,
2516 3644 2578 3689 ut
2601 3634 2830 3705 publicis
2853 3631 3273 3702 domesticisque

74 3718 266 3772 εϐούλευε
278 3720 459 3776 δοῦναι
483 3724 701 3786 ἑαυτὸν,
719 3723 971 3794 καθάπερ
991 3722 1256 3793 ὑπέσχετο
1271 3722 1594 3778 κινδυνεύων

1702 3727 1857 3784 malis
1908 3727 2024 3796 (sic
2078 3727 2222 3781 enim
2276 3740 2459 3780 rerum
2518 3735 2857 3780 terrenarum
2922 3722 3270 3793 splendorem

75 3804 367 3881 Θειῖ›,κόσμου
383 3830 442 3865 τε
460 3812 821 3885 χωρισθῆναι,
841 3814 937 3868 καὶ
960 3816 1105 3886 μόνῳ
1128 3814 1204 3886 τῷ
1224 3814 1595 3887 καθαρωτάτῳ

1701 3820 2219 3892 amplitudinemque
2251 3818 2428 3890 voco)
2463 3818 2701 3889 seipsum
2744 3818 3044 3873 involveret
3086 3836 3101 3872 ι
3148 3819 3265 3889 ipse

75 3900 283 3950 ευνεῖναι·
318 3902 413 3954 καὶ
428 3906 557 3965 ταῖς
579 3905 749 3974 ἱεραῖς
778 3903 978 3973 βίϐλοις
1000 3904 1421 3976 καθομιλοῦντα,
1455 3908 1601 3960 ἐκεῖ-

1700 3921 1890 3967 contra
1927 3909 2031 3964 sibi
2075 3908 2413 3973 consulebat,
2443 3917 2538 3971 ut,
2565 3906 3021 3976 quemadmodum
3054 3904 3106 3958 in
3147 3907 3272 3959 vita:

74 3983 134 4037 θεν
176 3990 333 4044 ἕλκειν
380 3994 482 4065 τῆς
539 3994 794 4065 ἀληθείας
847 3997 948 4067 τὴν
981 3995 1268 4068 ἕλλαμψιν.
1310 4000 1375 4051 '0
1406 3998 1468 4070 δὴ
1507 4000 1603 4054 καὶ

1700 4002 1986 4058 discrimen
2020 4000 2285 4056 adductus
2317 4000 2680 4070 promiserat,
2724 3997 2834 4053 Deo
2865 4012 2985 4052 sese
3014 3994 3269 4059 offerret,

70 4080 192 4133 ποιῶν
219 4083 457 4151 διετέλει,
510 4087 783 4159 μοναστὴς
815 4088 934 4141 ἀντὶ
972 4088 1260 4160 κοσμικοῦ,
1307 4090 1404 4143 καὶ
1432 4090 1601 4164 ἀκτή-

1700 4102 1753 4149 et
1777 4108 1807 4146 a
1839 4092 2040 4147 mundo
2067 4092 2365 4163 sejunctas,
2389 4105 2512 4145 cum
2539 4106 2625 4157 eo,
2657 4089 2747 4159 qui
2771 4089 2919 4145 solus
2942 4089 3270 4159 purissimus

74 4187 153 4237 μων
169 4176 269 4229 ἀντὶ
294 4180 675 4251 χρηματιστοῦ
709 4176 849 4235 εἶναι
873 4181 1151 4252 ἑλόμενος.

1700 4194 1803 4251 est,
1829 4185 1953 4239 vita:
2000 4184 2391 4240 consuetudine
2411 4182 2754 4252 jungeretur,
2806 4190 2968 4249 atque
2997 4195 3065 4235 ex
3093 4179 3267 4234 libro-

70 4277 151 4315 runt
174 4284 434 4325 sacrorum
467 4273 726 4327 familiari
763 4273 991 4328 lectione
1035 4273 1284 4330 veritatis
1343 4272 1686 4345 splendorem
1754 4275 2018 4333 hauriret.
2082 4273 2139 4330 Id
2198 4275 2341 4344 quod
2398 4290 2495 4345 per
2519 4288 2737 4329 omnem
2765 4272 2932 4326 vitam
2957 4270 3135 4329 facere
3161 4286 3271 4325 non

69 4360 240 4428 destitit,
272 4370 577 4423 monachus
613 4382 734 4424 esse
772 4369 948 4439 potius
977 4368 1185 4425 habens
1213 4384 1375 4439 quam
1419 4372 1756 4438 mundanus,
1792 4380 1850 4427 et
1882 4384 2087 4441 pauper
2112 4384 2275 4439 quam
2315 4368 2700 4438 quaestuarius.

114 4458 342 4525 Πολλάκις
400 4463 541 4532 γοῦν
586 4463 682 4517 καὶ
735 4462 972 4536 Χριστὸν
1028 4462 1176 4535 ἐώρα
1234 4464 1481 4536 ἐναργῶς
1536 4466 1634 4523 ὲνΙ

1767 4466 1848 4521 Ac
1879 4479 2251 4535 Saepenumero
2284 4464 2382 4535 ipsi
2410 4463 2636 4527 accidit,
2661 4470 2718 4516 ιιι
2743 4461 3019 4516 Christum
3050 4474 3276 4529 quoque

67 4544 207 4613 ὕπνοις
232 4553 339 4623 (76)
374 4555 474 4608 καὶ
515 4556 573 4607 ὲν
595 4554 820 4623 μελέτῃ
859 4553 1201 4623 νυκτερινᾶ,
1236 4554 1418 4619 καθώς
1459 4572 1589 4626 φησι

1700 4557 1983 4626 perspicuo
2041 4557 2094 4611 in
2158 4557 2399 4620 somnis,
2462 4564 2823 4625 nocturnaque
2868 4564 2927 4607 ut
2990 4552 3273 4623 Scriptura

66 4638 85 4703 ἡ
106 4638 251 4705 βίϐλος
275 4646 306 4713 ὴ
343 4644 491 4717 ίερά,
538 4644 741 4715 ταύτην
767 4645 867 4716 τῆς
902 4643 1273 4716 καθαρότητος
1300 4642 1590 4715 λαμϐάνων

1700 4647 1953 4717 loquitur,
1992 4646 2039 4680 "
2080 4647 2420 4701 meditatione
2450 4646 2823 4716 conspiceret],
2852 4659 3084 4713 eamque
3125 4643 3272 4714 puri~

64 4729 293 4790 ἁντίδοσιν.
319 4736 619 4806 Μακάριοι
637 4736 773 4809 γάρ,
805 4736 990 4807 φησὶν,
1022 4738 1077 4790 οἱ
1106 4734 1437 4804 καθαροὶτῇ
1452 4752 1593 4803 καρ-

1700 4740 1825 4795 tatis
1861 4740 2164 4793 mercedem
2195 4739 2381 4794 ferret.
2416 4737 2567 4792 Beati
2594 4732 2738 4792 enim
2766 4777 2781 4800 ,
2816 4737 3028 4805 inquit,
3066 4737 3271 4788 mundo

61 4820 149 4889 δίᾳ·
171 4825 247 4879 ὅτι
268 4829 437 4883 αὐτοὶ
460 4829 574 4882 τὸν
596 4827 745 4882 Θεὸν
761 4828 1033 4896 ὄψονται.
1057 4827 1312 4901 Καθαρὺν
1333 4828 1443 4900 γάρ
1464 4826 1591 4881 τοῦ-

1700 4831 1849 4883 tarde
1887 4844 1909 4883 :
1946 4830 2198 4897 quoniam
2236 4829 2337 4897 ipsi
2387 4828 2551 4882 Deum
2598 4828 2842 4883 videbunt
2876 4827 2943 4879 “.
3000 4826 3262 4881 Mundam

61 4914 127 4963 τόν
159 4934 302 4989 φησιν
328 4923 357 4973 ό
382 4920 621 4993 Κύριος,
655 4922 837 4983 όποίος
877 4915 945 4990 ἦν
976 4920 1007 4972 ὁ
1057 4919 1233 4991 μέγας
1262 4919 1592 4993 Γρηγόριος,

1700 4921 1837 4975 enim
1869 4937 1993 4976 eum
2026 4922 2155 4976 dicit
2184 4920 2442 4976 Dominus
2466 4960 2482 4987 ,
2510 4922 2688 4991 qualis
2719 4934 2840 4976 erat
2870 4935 3100 4991 magnus
3125 4920 3264 4973 Gre-

63 5008 317 5065 καταλιπὼν
352 5012 563 5077 πόλεις,
596 5012 826 5085 ἀγορὰς,
847 5011 1069 5084 θέατρα,
1099 5010 1367 5082 σοφιστῶν
1403 5010 1592 5081 τῦφον,

1700 5012 1903 5084 gorius,
1944 5013 2037 5084 qui
2076 5012 2276 5079 urbes,
2310 5011 2461 5081 fora,
2503 5016 2748 5078 theatra,
2794 5012 3157 5083 sophistarum
3187 5010 3271 5064 ἴδη

109 5214 190 5268 "li
214 5217 330 5271 Cor.
356 5236 414 5283 x,
449 5220 508 5275 5.
584 5218 631 5251 ”
667 5216 767 5272 Job
790 5234 984 5285 χχχιιι,
1026 5217 1117 5273 15.
1191 5217 1241 5249 ’⁸
1278 5216 1469 5273 Matth.
1500 5232 1553 5286 ν,
1580 5215 1634 5273 8.

111 5393 196 5464 ΠΙ)
228 5396 372 5453 Colb.
415 5398 473 5465 ι,
506 5398 564 5464 2,
599 5397 662 5452 P.
697 5405 754 5453 et
800 5392 895 5454 ΟΥ.
935 5392 1094 5453 codd.
1125 5390 1414 5463 συμϐαίνει
1440 5391 1588 5462 γίνε-

1708 5464 1713 5465 γ
1766 5394 1879 5465 (7.4)
1912 5392 2045 5450 Cod.
2084 5393 2240 5449 P..in
2288 5404 2400 5451 not.
2454 5410 2624 5465 marg.
2679 5392 2930 5465 ἰσχυρῶς,
2968 5390 3269 5461 ἀσφαλῶς,

226 5535 477 5617 l_ta‘f‘.olb.
524 5537 562 5617 l_
580 5535 723 5600 eti;
766 5535 819 5617 in
850 5535 982 5617 edit.
1018 5533 1307 5617 pqeﬁpstv:
1355 5531 1488 5617 god.
1520 5530 1583 5585 P.

1700 5464 1874 5617 Et???)
1895 5533 2027 5617 Cojl-
2150 5535 2203 5617 ἰῃ
2226 5544 2341 5591 not.
2382 5551 2555 5605 marg.
2588 5533 3049 5609 προσποιούμενος
3082 5530 3269 5605 δῆθεν,

58 5605 214 5678 writer
238 5608 393 5678 habet
424 5607 715 5678 ῥυτῆρσιν,
755 5606 906 5678 etAin
943 5603 1055 5678 not.
1078 5603 1251 5673 marg.
1279 5603 1489 5678 ipfimy.
1530 5670 1551 5678 ᾳ

1700 5603 1937 5678 videlicet
1947 5605 2309 5661 dissimulans.

60 5738 73 5749 _
108 5672 355 5749 (75)”Mér
384 5670 643 5749 deest"in
664 5670 785 5732 cad.
814 5674 911 5731 Or.
934 5676 1027 5749 qui
1061 5670 1370 5749 mox_habe_t
1399 5670 1582 5725 οἴκαδε
1688 5743 1702 5749 _
1758 5673 2032 5749 (76_;_Qu:n
2058 5688 2364 5749 sequuntur:
2379 5676 2569 5749 desunt
2592 5675 2643 5749 in
2668 5674 2822 5731 Colb.
2852 5674 2908 5741 l,
2938 5672 3029 5744 qui
3060 5670 3264 5729 sicha-

281 5757 332 5800 et
360 5749 483 5804 cod.
522 5748 585 5805 P.
610 5748 822 5804 domum
856 5743 1118 5817 cupiebat.
1180 5743 1238 5798 lu
1287 5744 1417 5799 edit.
1457 5756 1587 5797 vero

174 5857 190 5868 .
232 5833 333 5868 ’το.

1700 5743 1776 5799 bet
1800 5766 1810 5800 :
1848 5746 1936 5797 Ἐν
1965 5744 2153 5809 θπνοις
2180 5746 2278 5817 τὴν
2307 5745 2405 5815 τῆς
2427 5744 2815 5809 καθαοότντος.

174 5833 191 5868 ε
212 5833 333 5873 ιετΟ.
