3824 6394
122 357 194 416 τοι
1059 342 1387 401 AUCTORE
1426 342 1778 401 GREGORIO
1812 342 2293 401 PRESBYTERO.

3189 350 3293 415 269.

118 474 257 546 μένος,
277 459 580 534 ἐπιμελητὴς
607 458 714 513 τῶν
744 458 1036 531 θησαυρῶν
1060 457 1173 528 (90)
1197 459 1493 523 καταστὰς,
1520 459 1613 512 καὶ

1729 459 2040 522 :omntissa,
2090 474 2154 513 ac
2202 457 2577 513 thesaurorum
2627 474 2793 527 cura,
2837 460 3286 534 publicarumque

116 562 268 633 ταμίας
288 556 379 608 τῶν
403 552 675 622 δημοσίων
730 550 1028 621 χρημάτων
1061 548 1199 621 (91),
1247 552 1305 603 ἐν
1335 550 1411 621 τῷ
1439 551 1614 624 καιρῷ

112 656 186 724 τῆς
217 647 363 721 ἀρχῆς
404 642 655 696 ἐτελεύτα
683 642 775 695 τὸν
805 642 916 712 βίον
937 658 951 672 ·
994 641 1101 694 ἔδει
1147 641 1203 694 δὲ
1239 641 1379 694 κατά
1419 642 1615 712 νόμους

112 746 184 813 τῆς
217 757 266 793 τε
291 734 458 797 οὐσίας
495 733 590 786 τοῦ
639 733 827 795 παιδὸς
879 732 969 785 τὸν
1020 732 1233 803 πατέρα
1281 732 1613 803 κληρονόμον

109 828 416 898 ἀναδειχθῆναι
446 824 579 894 (92),
610 824 701 876 καὶ
736 823 835 886 τὰς
872 823 1153 891 ἐναγωγάς
1184 822 1293 876 τῶν
1324 822 1614 877 κινούντων

113 925 217 981 κατὰ
240 922 318 975 τοῦ
336 917 606 988 οἰχομένου
640 918 722 986 ἐφ’
765 915 954 969 ἐαυτὸν
998 915 1440 986 μεταστήσασθαι
1493 933 1614 968 συν-

107 1019 177 1089 έϐη
203 1010 354 1081 πολλῷ
382 1008 599 1080 ταράχῳ
649 1008 740 1061 τὸν
786 1009 961 1078 μέγαν
1012 1008 1357 1079 ἐνειληθῆναι
1405 1009 1613 1079 Γρηγό-

109 1128 208 1182 ριον,
248 1102 438 1158 πολλῶν
490 1100 710 1171 κομιδῆ,
758 1097 849 1153 οἷα
881 1099 1059 1152 κυνῶν
1107 1101 1515 1170 ἐπιδραμόντων
1547 1104 1611 1171 τῇ

104 1199 225 1269 θήρᾳ,
268 1192 466 1262 ἐρήμην
519 1189 783 1261 οἰομένων
818 1189 1084 1259 λήψεσθαι
1139 1190 1238 1261 τὴν
1282 1192 1470 1243 οὐσίαν
1519 1191 1613 1244 τοῦ

104 1286 473 1356 τελευτήσαντος.
500 1283 609 1335 Καὶ
639 1284 668 1335 ὁ
700 1282 799 1353 μὲν
836 1284 1040 1352 πατὴρ,
1073 1284 1219 1354 γήρᾳ
1253 1301 1311 1335 τε
1351 1284 1443 1337 καὶ
1475 1286 1614 1354 νόσῳ

102 1376 335 1448 καμφθεὶς,
360 1375 709 1444 ἐννενήκοντα
741 1374 841 1445 ἤδη
863 1374 1129 1445 διηνυκὼς
1158 1374 1385 1447 ἕτη,τὴν
1414 1379 1477 1429 ἐκ
1505 1377 1614 1429 τῶν

101 1467 400 1537 δικαστηρίων
439 1465 729 1537 συντριϐὴν
764 1466 951 1538 φέρειν
976 1468 1074 1519 οὐκ
1104 1468 1349 1520 ἔσθενεν*
1389 1470 1468 1532 είς
1494 1469 1614 1523 τοῦ-

100 1580 165 1615 τον
182 1562 233 1630 δὴ
259 1556 340 1613 οὖν
370 1559 518 1612 πᾶσα
553 1560 585 1630 ἠ
623 1560 843 1631 φροντὶς
883 1560 1221 1631 περιίστατο.
1258 1562 1405 1633 Πλήν
1450 1580 1513 1631 γε
1551 1563 1614 1634 δὴ

98 1653 249 1724 ἠπρὸς
276 1655 442 1721 γονεῖς
470 1638 738 1722 θεραπεία
773 1653 867 1707 καὶ
900 1654 969 1707 τά
993 1654 1229 1726 δυσχερῆ
1256 1653 1613 1727 κατεμέριζεν

1716 551 2065 620 pecuniarum
2113 562 2389 621 quazstura
2438 552 2688 606 mandata
2737 552 2947 619 fuerat,
2990 555 3117 609 dum
3168 572 3286 609 ma-

1714 644 1997 712 gistratum
2047 652 2257 713 gereret
2298 642 2460 697 vitam
2498 658 2619 698 cum
2657 655 2835 699 morte
2865 656 3285 714 commutasset;

1715 751 1778 790 ac
1799 746 2034 806 patrem,
2069 745 2127 790 ut
2149 735 2296 805 leges
2325 734 2595 802 ferebant,
2621 736 2783 790 simul
2812 746 2868 790 et
2898 737 2989 790 lilii
3018 739 3286 792 lueredem

1715 827 2015 891 declarari,
2062 835 2114 880 et
2140 827 2383 882 actiones
2429 840 2659 890 eorum,
2693 827 2785 896 qui
2831 828 2980 881 litem
3030 828 3287 883 defuncto

1716 920 2030 983 movebant,
2063 920 2319 989 excipere
2357 927 2521 988 atque
2548 919 2601 973 iu
2644 934 2703 975 se
2732 920 3030 975 transferre
3065 934 3287 975 necesse

1714 1020 1859 1065 esset
1901 1028 1914 1064 :
1970 1010 2181 1080 magnis
2226 1012 2595 1080 gravibusque
2648 1010 2968 1065 tumultibus
3022 1010 3287 1080 Gregorio

1716 1098 1912 1153 involvi
1962 1099 2223 1169 contigit,
2273 1098 2556 1168 permultis
2585 1098 2836 1153 videlicet
2880 1100 3052 1153 instar
3090 1114 3285 1153 canum

1714 1188 1780 1241 ad
1848 1191 2082 1259 praedam
2128 1190 2572 1255 accurrentibus,
2628 1204 2693 1245 ac
2739 1190 2937 1245 mortui
2997 1189 3289 1245 facultates

1717 1280 2190 1341 nulloobsistente
2220 1296 2279 1335 se
2309 1290 2624 1352 arrepturos
2659 1281 3119 1336 existimantibus.
3149 1280 3283 1336 Nam

1717 1384 1887 1443 pater,
1935 1381 1991 1428 et
2035 1382 2310 1428 senectute
2351 1383 2407 1426 et
2454 1373 2642 1427 morbo
2698 1372 2902 1428 fractus
2952 1374 3285 1443 (nonaginta

1715 1469 1857 1522 enim
1894 1467 2004 1536 iam
2040 1467 2165 1538 vita
2199 1481 2368 1521 annos
2413 1466 2760 1536 expleverat)
2788 1467 3119 1535 judiciorum
3176 1479 3289 1521 Iur-

1716 1559 1812 1613 bas
1841 1559 2217 1627 molesﬁasque
2237 1558 2481 1627 perferre
2510 1560 2733 1614 minime
2764 1560 2976 1613 valebat
3000 1579 3013 1614 :
3038 1559 3106 1614 ob
3130 1560 3289 1627 idque

1715 1654 1781 1706 ad
1814 1653 1958 1706 hunc
1990 1661 2096 1706 tota
2132 1666 2387 1706 curarum
2440 1652 2611 1705 moles
2641 1652 3051 1706 devolvebatur.
3104 1652 3284 1705 Caete-

98 1746 229 1797 ἐλπίδι
260 1743 357 1796 τῶν
397 1744 836 1815 ἐναποκειμένων
875 1746 1083 1815 μισθῶν
1130 1747 1266 1819 (93),
1303 1749 1353 1802 οἳ
1391 1752 1503 1813 τοῖς
1534 1752 1614 1814 είς

1729 1758 1834 1796 rum
1867 1752 2151 1811 parentum
2196 1741 2373 1796 cultus
2405 1743 2676 1797 molestias
2707 1742 2921 1797 levabat
2950 1782 2964 1805 ,
3006 1757 3157 1812 spem
3189 1757 3284 1796 co-

95 1837 240 1905 γονὲας
261 1835 615 1905 εὐσεϐήσασιν
641 1836 1076 1910 ἐπηγγέλθησαν.

151 2019 361 2087 Ἐγένετο
400 2019 457 2072 δὲ
493 2020 592 2074 καί
623 2038 674 2073 τι
706 2021 945 2075 τοιοῦτον
976 2018 1076 2093 τῆς
1114 2023 1456 2095 Ἀρειανικῆς
1500 2024 1611 2093 (94)

95 2112 306 2183 αἱρέσεως
332 2110 416 2163 διὰ
450 2110 562 2165 τῶν
592 2113 914 2183 πνευμάτων
946 2113 1046 2185 τῆς
1089 2114 1353 2186 πονηρίας
1395 2115 1616 2167 ἐπικλυ-

90 2205 242 2274 ζούσης
265 2204 355 2274 τὴν
401 2202 752 2273 Ἐκκλησίαν.
793 2204 988 2257 Πολλοὶ
1020 2204 1129 2258 τῶν
1168 2207 1468 2277 ἀρχιερέων
1506 2205 1613 2259 τῶν

90 2293 249 2345 πόλεων
274 2292 747 2362 ὑπερωρίσθησαν,
794 2293 1000 2357 αἰκίαις
1042 2311 1101 2347 τε
1134 2295 1490 2366 πολυτρόποις
1521 2296 1615 2348 καὶ

90 2383 412 2452 συκοφαντίαις
444 2383 819 2454 ἐκδεδομέναι
864 2386 1029 2457 lapsi;
1066 2402 1126 2437 τε
1159 2387 1253 2439 καὶ
1284 2386 1412 2439 λαοῦ
1463 2403 1613 2456 παμ-

89 2476 224 2545 πληθῆ
257 2477 571 2546 συστήματα
598 2478 655 2529 ἐν
691 2476 939 2547 ὑπαίθρῳ
965 2477 1452 2550 ἐταλαιπωροῦντο,
1490 2477 1612 2530 οὔτε

85 2570 223 2631 οἴκους
250 2568 563 2639 προσευχῆς
606 2568 841 2638 ἔχοντες,
892 2569 1018 2623 οὕτε
1061 2571 1159 2641 τῆς
1202 2572 1266 2624 ἐκ
1293 2571 1402 2624 τῶν
1435 2572 1614 2641 νόμων

86 2656 373 2728 δικαιοσύνης
408 2660 527 2720 τοῖς
568 2658 820 2711 ἀσεϐέσιν
848 2659 907 2725 ἐξ
936 2658 1050 2710 ἴσου
1083 2657 1611 2728 μεταλαμϐάνοντες,

84 2753 217 2803 πάντα
249 2751 429 2820 σχεδὸν
463 2752 569 2821 τῆς
599 2751 859 2820 αἱρέσεως
889 2748 1252 2821 ἐπιλαϐούσης
1277 2751 1347 2803 τά
1378 2750 1613 2821 πέρατα,

84 2842 281 2913 βασιλικῇ
308 2860 363 2895 τε
398 2843 549 2913 χειρὶ
586 2844 681 2896 καὶ
709 2844 933 2913 ἀσεϐείᾳ
957 2842 1381 2914 θρασυνομένης.
1430 2843 1614 2914 Ἐδόθη

79 2929 208 2987 δὀὗν
256 2934 547 3006 παρρησία
603 2936 715 2997 τοῖς
763 2932 1026 3004 ὀλεθρίοις
1073 2933 1327 3004 ποιμέσι,
1381 2934 1476 2986 καὶ
1537 2930 1617 3003 τῷ

80 3026 230 3096 ἡμέρῳ
246 3027 420 3097 κωδίῳ
439 3026 562 3093 (95)
584 3025 674 3079 τὸν
700 3025 862 3079 λύκον
880 3025 1369 3097 περικαλύπτουσι,
1396 3025 1615 3090 ἐξωθεῖν

78 3121 170 3180 τοὺς
209 3121 423 3182 πιστοὺς
478 3118 794 3189 ἀρχιερέας,
831 3118 925 3171 καὶ
954 3117 1045 3171 τοῦ
1090 3117 1307 3191 πρώτου
1360 3118 1614 3188 ποιμένος

79 3210 215 3275 ἀξίους
265 3210 527 3281 Χριστοῦ.
569 3212 754 3283 Ταύτῃ
806 3211 936 3280 γοῦν
983 3210 1115 3265 ἔνιοι
1164 3212 1262 3280 μὲν
1305 3192 1614 3281 φόϐῳχ(96)

76 3302 491 3371 καταπλαγέντες,
547 3305 599 3356 οἱ
637 3303 695 3356 δέ
738 3302 1046 3367 κολακείαις
1086 3303 1530 3374 μαλακισθέντες,
1581 3304 1615 3377 ἢ

75 3395 297 3461 λοξμασιν
353 3394 712 3465 ἡττηθέντες,
773 3394 949 3465 ἕτεροι
992 3393 1049 3446 δὲ
1080 3393 1356 3465 ’ἁπλότητι
1399 3394 1617 3465 τρόπων

76 3487 465 3551 φενακισθέντες,
501 3488 571 3540 τὸ
615 3487 807 3559 δέλεαρ
846 3487 945 3558 τῆς
994 3485 1257 3557 αἱρέσεως
1289 3485 1617 3555 καταδέχον-

72 3592 152 3633 ut.
180 3581 349 3648 γραφῇ
384 3596 447 3631 τε
480 3576 674 3650 χειρὸς
705 3579 801 3631 καὶ
828 3579 1083 3648 κοινωνία
1124 3576 1487 3646 συναφθέντες
1505 3579 1619 3641 τοῖς

74 3667 361 3734 summa;
396 3671 541 3741 (97).
582 3664 785 3733 Ὦνκεῖς
810 3665 877 3741 ἦν
912 3670 1004 3723 καὶ
1032 3672 1059 3723 ό
1090 3667 1183 3723 τοῦ
1217 3668 1488 3740 μακαρίου
1518 3684 1621 3721 πα-

72 3761 176 3828 τὴρ,
222 3762 589 3833 ἀκεραιότητι
638 3760 864 3831 γνώμης
909 3761 988 3827 τῷ
1042 3759 1324 3835 ἀγκίστρῳ
1383 3775 1616 3831 περιπε-

76 3850 151 3901 σὼν
194 3854 313 3923 (98).
356 3855 575 3909 Τοῦτον
623 3856 734 3926 (99)
768 3856 817 3907 oi
865 3853 967 3925 τῆς
1008 3853 1191 3925 χώρας
1228 3856 1489 3925 μονασταὶ
1544 3853 1619 3924 μὴ

72 3944 399 4016 ἀνασχόμενοι,
420 3949 533 4019 τῆς
554 3948 845 4010 κοινωνίας
861 3946 1024 4001 αὑτοῦ
1051 3945 1472 4017 ἀποτέμνονται,
1495 3963 1622 3998 συν-

72 4036 233 4109 απέστη
264 4040 320 4093 δέ
348 4042 551 4104 αὐτοῖς
584 4041 681 4093 καὶ
722 4039 817 4092 τοῦ
843 4038 973 4092 λαοῦ
1005 4038 1171 4110 μέρος
1207 4039 1268 4091 οὐ
1303 4037 1364 4091 τὸ
1405 4037 1615 4109 βραχύ-

70 4141 209 4193 tam,
242 4134 304 4202 τῇ
339 4130 676 4202 ἀξιοπιστίᾳ
702 4130 811 4184 τῶν
842 4130 1099 4201 ἀσκητῶν
1144 4128 1384 4202 ἀτεχνῶς
1427 4129 1622 4195 ἐξακο-

73 4217 383 4291 λουθήσαντες
409 4225 521 4295 (1).

120 4336 169 4385 Τί
190 4334 273 4391 οὖν
296 4340 325 4390 ὁ
356 4339 456 4392 τοῦ
492 4337 639 4392 Θεοῦ
674 4338 960 4410 θεράπωνς
991 4338 1073 4392 Τά
1099 4338 1196 4409 μὲν
1223 4337 1417 4410 πρῶτα
1444 4338 1623 4401 λιταις

71 4438 111 4473 τε
142 4426 219 4477 καὶ
245 4429 550 4500 παννυχίσι
579 4428 671 4480 τὸν
710 4428 841 4481 Θεὸν
868 4427 1266 4499 ἐξευμενίζετο,
1292 4427 1478 4481 δοῦναι
1522 4427 1622 4480 λύ-

1642 1810 1686 1866 Β
1714 1849 1833 1888 rum
1868 1810 2212 1902 praemiorum
2268 1831 2520 1896 al'l‘erens,
2556 1849 2677 1903 quae
2708 1833 2859 1898 filiis,
2894 1810 3144 1902 parentes
3173 1832 3289 1889 olli-

1713 1924 1857 1978 ciose
1884 1925 2078 1993 pieque
2106 1925 2430 1990 colentibus,
2464 1927 2731 1994 promissa
2763 1935 2909 1979 sunt.

1785 2015 1883 2071 llic
1910 2032 2124 2086 quoque
2145 2016 2452 2086 ltujusmodi
2478 2016 2732 2083 quiddam
2756 2017 2824 2070 ab
2845 2016 3043 2071 Ariana
3064 2016 3283 2081 haeresi,

1713 2126 1833 2180 quae
1884 2126 1980 2179 per
2054 2109 2309 2179 nequitiae
2361 2110 2585 2179 Spiritus
2634 2109 2930 2165 Ecclesiam
2990 2110 3285 2176 obruebat,

1713 2203 1928 2259 accidit.
1980 2201 2232 2272 Plerique
2283 2201 2553 2256 antistites
2602 2202 2654 2257 iu
2693 2201 2945 2256 exsilium
2981 2201 3085 2256 acti
3126 2211 3284 2265 sunt,

1717 2296 2215 2365 multiplicibusque
2271 2295 2555 2349 tormentis
2600 2294 2996 2364 calumniisque
3046 2294 3224 2348 vexati
3267 2311 3282 2347 :

1714 2391 2044 2450 sacerdotes,
2074 2403 2138 2443 ac
2171 2387 2601 2443 numerosissimi
2638 2386 2817 2457 populi
2854 2396 3031 2440 coetus
3057 2388 3157 2439 sub
3196 2385 3289 2438 dio

1715 2481 2133 2545 alllictabantur,
2162 2494 2228 2533 ne
2254 2480 2442 2534 domos
2466 2478 2686 2547 quidem
2711 2477 2975 2531 orationis
2999 2475 3285 2537 habentes,

1715 2591 1816 2629 nec
1862 2575 2038 2644 legum
2069 2573 2326 2642 atquitate
2360 2587 2484 2625 cum
2524 2570 2704 2638 impiis
2737 2584 2805 2623 ex
2836 2582 2992 2637 aequo
3022 2567 3285 2629 fruentes,

1716 2670 1907 2724 haeresi
1945 2668 2199 2723 nimirum
2229 2680 2421 2721 omnes
2462 2664 2575 2718 fere
2604 2662 2753 2716 orbis
2794 2661 3285 2728 lines‘occupante,

1716 2761 1972 2830 impiique
2005 2757 2349 2828 imperatoris
2378 2770 2478 2824 ope
2518 2764 2682 2823 atque
2724 2751 2930 2805 auxilio
2977 2751 3290 2805 subnitento

1716 2864 1781 2904 ac
1829 2848 2145 2905 ferociente.
2178 2845 2449 2903 Concessa
2490 2854 2575 2898 est
2628 2844 2811 2912 itaque
2850 2841 3067 2896 licentia
3103 2841 3289 2911 perni-

1716 2941 1879 2997 ciosis
1925 2941 2236 3010 pastoribus
2263 2978 2279 3005 ,
2339 2946 2393 2991 et
2438 2935 2539 2992 sub
2590 2944 2867 2989 mansueta
2921 2931 3060 3003 pelle
3103 2932 3289 3000 lupum

1719 3032 2047 3104 tegentibus,
2075 3030 2262 3085 ﬁdeles
2295 3029 2612 3099 episcopos,
2646 3037 2700 3081 et
2735 3026 2953 3079 Christo
2983 3024 3157 3095 primo
3188 3039 3290 3093 pa-

1641 3151 1684 3208 c
1718 3138 1863 3182 Stare
1907 3125 2132 3195 dignos,
2168 3120 2516 3178 exturbandi.
2560 3118 2678 3185 Quo
2717 3118 2919 3173 factum
2962 3127 3079 3183 est,
3114 3127 3174 3170 ut
3198 3115 3290 3208 alii

1717 3218 2003 3273 verborum
2047 3215 2319 3270 illecebris
2351 3211 2562 3266 deliniti
2592 3250 2608 3275 ,
2636 3217 2729 3264 aut
2759 3209 3004 3278 pecuniis
3039 3207 3246 3262 subacti
3274 3245 3291 3269 ,

1719 3290 1808 3362 alii
1865 3322 2077 3362 morum
2129 3303 2478 3373 simplicitate
2530 3300 2781 3369 decepti,
2833 3299 3057 3353 haeresis
3111 3312 3289 3351 escam

1718 3397 2095 3469 susceperint,
2130 3394 2494 3465 chirographo
2524 3406 2626 3446 suo
2656 3399 2714 3445 et
2740 3389 3127 3445 communione
3156 3401 3283 3441 cum

1720 3491 2048 3548 adversariis
2081 3488 2377 3558 conjuncti.
2407 3489 2525 3556 Quo
2558 3489 2611 3543 in
2644 3500 2871 3543 numero
2896 3485 3040 3540 beati
3071 3496 3291 3553 quoque

1720 3584 1879 3652 hujus
1905 3583 2006 3637 viri
2036 3591 2189 3652 pater
2215 3580 2354 3645 erat,
2386 3580 2551 3634 animi
2593 3577 2941 3648 simplicitate
2988 3578 3042 3630 in
3072 3577 3291 3631 hamum

1721 3674 2021 3744 prolapsus.
2073 3673 2226 3741 Quod
2282 3673 2426 3726 illius
2479 3670 2680 3725 factum
2749 3685 2873 3724 cum
2929 3666 3293 3738 provinciales

1723 3769 1977 3825 monachi
2028 3766 2173 3821 ferre
2215 3780 2320 3820 non
2368 3751 2621 3833 possent,
2658 3762 2725 3816 ab
2758 3762 2927 3830 ipsius
2961 3775 3021 3815 se
3048 3775 3295 3816 commu-

1727 3864 1889 3917 nioue
1922 3859 2286 3923 abscindunt;
2335 3857 2605 3927 simulque
2638 3848 2902 3908 abscessit
2932 3868 3059 3923 pars
3105 3850 3288 3922 populi

1724 3953 1865 4010 haud
1920 3953 2157 4021 exigua,
2215 3950 2605 4006 monachorum
2657 3946 3040 4002 auctoritatem
3097 3954 3288 4013 aperto

1722 4053 1926 4102 secuta.

1794 4342 1932 4411 Quid
1964 4341 2126 4414 igitur
2167 4341 2258 4396 hic
2296 4339 2507 4396 consilii
2558 4338 2705 4406 capit
2754 4336 2851 4392 Dei
2897 4336 3137 4395 salvus?
3168 4334 3290 4390 Pri-

1726 4453 1869 4492 mum
1901 4434 2237 4491 orationibus
2271 4443 2328 4489 et
2364 4432 2565 4503 vigiliis
2612 4433 2780 4487 Deum
2812 4430 3030 4500 placare
3070 4429 3295 4495 studet,

70 4532 130 4568 σιν
162 4520 243 4573 τοῦ
270 4522 475 4588 κακοῦ,
516 4522 622 4575 καὶ
650 4522 747 4593 τῆς
775 4521 1091 4593 διαιρέσεως
1120 4521 1196 4594 (2)
1224 4519 1476 4589 γενέσθαι
1505 4538 1616 4575 συν-

1729 4529 1795 4583 ab
1824 4543 1997 4597 eoque
2045 4527 2338 4595 impetrare
2370 4533 2427 4579 ut
2474 4525 2575 4578 hoc
2622 4522 2818 4576 malum
2856 4520 3104 4584 abeleat,
3133 4519 3298 4573 dissi-

70 4611 269 4680 ούλωσιν,
319 4617 554 4687 σιωπήν
620 4631 678 4667 τε
735 4613 828 4667 τοῦ
890 4613 1069 4683 λέγειν
1128 4613 1307 4684 ἐαυτῷ
1336 4612 1619 4677 ἐπιτάξας,

68 4707 135 4755 ut
162 4707 290 4760 οὕτω
324 4709 389 4761 τὸ
425 4707 772 4778 σκυθρωπὸν
810 4704 1216 4775 ἐνδεικνύμενος
1238 4722 1253 4735 ·
1286 4701 1405 4758 εἶτα
1437 4704 1624 4758 νουθε-

69 4796 197 4866 τήξας
228 4800 316 4854 τὸν
340 4801 577 4873 πατέρα
613 4798 945 4871 συγγνώμην
975 4800 1197 4870 αἰτῆσαι
1228 4798 1321 4852 τοῦ
1350 4798 1627 4869 πταίσμα-

70 5026 360 5104 ,(90)(ἶοι1.
419 5032 527 5104 Or.
598 5029 761 5084 habet
804 5025 912 5080 τῶν
964 5025 1257 5097 βασιλικῶν
1310 5025 1624 5098 θησαυρῶν,

67 5104 349 5153 tmncmlorls
386 5103 777 5155 thesaurorum
808 5114 954 5151 cura.

120 5166 211 5241 l9!)
237 5169 367 5241 Cod.
398 5172 465 5225 P.
498 5168 879 5241 πραγμάτων.

118 5237 219 5308 (92)
247 5240 487 5296 Montac.
522 5236 587 5293 et
622 5236 709 5293 alii
743 5239 871 5292 edit.
906 5236 1091 5292 volunt
1125 5236 1619 5309 ἀποδειχθῆναι,ἱιει

68 5308 191 5357 ﬂiam
213 5313 330 5364 cod.
356 5312 456 5367 Or.
495 5311 718 5365 scilicet
749 5309 1121 5361 demonstrari.

119 5374 212 5448 (95)
234 5379 322 5435 Sic
347 5382 516 5438 Colh.
547 5382 573 5436 1
618 5391 670 5435 et
691 5379 746 5433 2.
780 5376 836 5430 ln
868 5380 999 5432 edit.
1043 5377 1216 5431 ἐλπίδι
1268 5378 1364 5432 καὶ
1389 5377 1499 5432 τῶν
1537 5380 1623 5433 ἐν·

67 5454 419 5520 αποκειμένων.
449 5453 600 5508 Cod.
627 5451 720 5506 Or.
754 5449 1148 5519 ἀποκειμένων.

119 5518 368 5592 (990οώ
392 5524 494 5578 Or.
532 5521 847 5592 Ἀρειανῆς-
958 5518 963 5519 7
1546 5590 1575 5592 η
1622 5556 1628 5561 ”

118 5589 211 5664 (95)
226 5595 331 5649 Kal
356 5593 441 5661 τῷ
475 5589 691 5664 ήμέρφ
713 5589 921 5656 κωδίῳ,
958 5600 1006 5645 et
1042 5592 1135 5646 sub
1175 5600 1445 5664 mansueta
1473 5590 1624 5664 pelle,

69 5659 442 5733 [elutalluden’s
478 5659 553 5719 a'd
594 5659 966 5733 Evangelium,
1000 5664 1094 5715 sub
1137 5663 1289 5717 oviua
1316 5660 1448 5730 pelle
1469 5676 1489 5713 :
1514 5659 1625 5713 Bil-

71 5726 146 5785 lius
185 5737 341 5791 vertit
392 5736 498 5790 sub
544 5726 940 5802 nostra'pelle;
987 5748 1118 5787 sane
1147 5726 1620 5803 oqueniadmodum

72 5806 296 5861 nonnullis
320 5806 540 5878 placuit
577 5804 717 5860 edit.
749 5803 876 5874 legit
907 5803 1184 5874 ἡμετέρῳ.

1728 4622 1984 4690 diumque
2027 4627 2275 4672 exortum
2310 4617 2564 4671 cicatrice
2589 4615 2824 4669 obducat
2854 4632 2868 4667 :
2906 4611 3291 4679 silentiumque

1730 4711 1829 4766 sibi
1882 4710 2095 4771 indicit,
2139 4719 2196 4763 ut
2227 4708 2392 4763 animi
2434 4706 2749 4761 mmstitiam
2800 4705 2902 4759 hac
2934 4706 3149 4757 ratione
3203 4706 3298 4758 de-

1731 4801 1918 4855 claret.
1948 4800 2141 4855 Postea
2172 4810 2382 4871 patrem
2414 4796 2482 4851 ad
2525 4796 2738 4850 veniam
2770 4793 2941 4864 culpa:
2966 4793 3299 4863 petendam,

1803 5024 1918 5094 (96)
1947 5024 2104 5096 βοιι).
2131 5024 2183 5089 1,
2211 5032 2266 5078 et
2297 5022 2389 5096 Or.
2416 5020 2573 5096 codd.
2604 5017 2823 5096 Ταύτης
2869 5014 3001 5085 γοῦν
3043 5012 3171 5067 ἔνιοι
3201 5015 3302 5086 μὲν

1730 5090 1909 5165 φόϐῳ(
1936 5095 2093 5148 Illius
2123 5096 2281 5165 igitur
2308 5094 2532 5165 licentiw
2561 5092 2655 5165 alii
2681 5090 3064 5165 quidemmetu:

1763 5157 1912 5288 ((9'7)
1945 5165 2003 5220 In
2032 5157 2162 5220 edit:
2194 5164 2513 5234 quidusdam
2540 5157 2762 5235 sicut'et
2794 5162 2844 5212 in
2869 5157 3019 5211 Colb.
3053 5157 3109 5222 2,
3145 5158 3300 5235 ἐναν-

1781 5252 1881 5288 οις.

1726 5252 1909 5376 “0:99)
1952 5306 2082 5360 Cod.
2136 5303 2229 5359 Or.
2273 5302 2353 5374 τῷ
2412 5300 2691 5372 ἀγκίστρῳ
2741 5295 3098 5370 περιπαρείς,
3147 5297 3303 5350 hamo

1738 5377 2044 5443 transﬁxus.
2290 5420 2291 5423 η
2320 5442 2323 5443 ν
2435 5398 2447 5411 ο

1829 5446 1916 5517 99)
1947 5447 2078 5500 Cod.
2113 5445 2205 5499 Or.
2237 5442 2433 5517 τούτῳ.

1838 5518 1883 5589 l)
1901 5509 2066 5589 'Onlb.
2089 5521 2128 5589 _1
2163 5525 2225 5589 et
2247 5509 2451 5589 rodfP.
2484 5509 2719 5583 ἀτεχνῶς
2743 5510 3191 5582 ἐξακολουθῆσαν.

1807 5585 2037 5660 (apud.
2078 5587 2169 5660 ος.
2203 5585 2550 5660 sumens
2672 5650 2718 5660 -.
2945 5651 2959 5660 .
3342 5644 3350 5660 ς

1826 5649 1881 5723 ὅ)
1908 5658 1982 5712 Ita
2007 5658 2162 5713 codd.
2195 5656 2291 5711 0r.
2319 5667 2373 5712 et
2400 5654 2460 5711 P.
2487 5654 2564 5707 ita
2596 5660 2651 5709 et
2672 5650 2908 5707 Montac.
2942 5651 3000 5706 In
3022 5649 3155 5706 edit.
3174 5664 3306 5721 συμ-

1732 5728 1979 5784 ϐιϐἀσαι.
