3824 6394
557 324 663 380 263

1651 317 1809 373 VITA
1850 317 1908 371 S.
1950 315 2283 373 GBEGORII
2334 312 2681 370 TllEOLOGl
3665 328 3734 382 in;

560 439 955 508 veritatemque
993 451 1127 505 pure
1172 446 1227 492 et
1263 436 1476 491 sincere
1516 433 1874 504 prolltendam
1896 471 1912 495 ,
1948 432 2134 486 horta-

2250 447 2350 493 τος,
2375 430 2467 483 καὶ
2494 428 2826 499 ὁμολογῆσαι
2865 425 3119 499 καθαρῶς
3160 446 3218 481 τε
3256 429 3346 482 καὶ
3376 430 3644 505 εἰλικρινῶς
3676 460 3739 513 την

565 542 693 585 tur:
726 540 886 599 atque
911 544 1004 584 eos
1047 530 1137 597 qui
1186 534 1562 591 secesserant,
1607 525 1675 579 ad
1709 539 2034 580 consensum
2084 532 2138 583 ct

563 622 906 679 concordiam
933 622 1155 675 adducit
1188 642 1199 676 :
1249 622 1439 691 sicque
1473 634 1629 674 suum
1676 617 1933 672 Ecclesia:
1976 630 2139 670 orna-

568 725 677 768 tum
711 713 908 776 reddit,
938 711 1291 767 veneratione
1315 712 1569 766 nimirum
1599 709 1681 764 sui
1724 720 1986 778 utrosque
2012 722 2138 776 per-

566 820 821 867 moveus,
871 812 1078 871 patrem
1133 819 1360 873 nempe,
1408 818 1473 857 ac
1511 802 1660 872 pium
1708 814 1951 871 gregem.
1998 799 2139 865 Quin

562 898 722 952 etiam
756 897 1093 951 orationibus
1132 898 1199 951 de
1229 911 1361 965 pace
1394 896 1594 950 habitis
1638 893 2015 949 celebritatem
2046 907 2141 946 ex-

563 990 793 1053 bilarat,
828 989 1088 1043 distracta
1131 1005 1196 1044 ac
1239 990 1409 1043 divisa
1442 987 1685 1043 membra
1719 985 2134 1057 conglutinatus,

562 1092 615 1136 et
661 1081 908 1136 medendi
945 1082 1229 1136 celeritate
1276 1081 1605 1135 oblivionem
1652 1078 1827 1133 morbi
1879 1076 2133 1132 all'ereus.

561 1176 747 1229 Crates
775 1174 991 1243 quidam
1034 1174 1321 1228 Thebanus
1360 1173 1554 1227 solitus
1600 1187 1723 1227 esse
1757 1171 1932 1225 fertur
1972 1170 2137 1223 dissi-

562 1270 751 1321 dentes
796 1269 987 1321 domos
1029 1267 1218 1331 adire,
1268 1266 1788 1334 controversiasque
1828 1264 2042 1317 lenibus
2088 1271 2141 1314 et

565 1357 804 1429 paciﬁcis
835 1358 1012 1413 verbis
1051 1358 1378 1429 disceptare.
1420 1360 1489 1412 At
1523 1358 1611 1412 hic
1644 1367 1830 1412 noster
1862 1356 2018 1426 longe
2048 1370 2139 1407 su-

566 1451 781 1519 perior;
821 1466 928 1505 non
959 1451 1102 1505 enim
1132 1451 1387 1521 privatim
1416 1450 1766 1521 quibusdam,
1805 1457 1863 1503 ut
1894 1448 2005 1508 ille,
2041 1446 2135 1500 sed

566 1542 830 1597 universa:
885 1542 1074 1612 patria:
1129 1542 1477 1597 concordiam
1543 1542 1763 1597 reduxit
1818 1558 1833 1595 :
1888 1540 2139 1608 quodque

566 1632 859 1687 maximum
885 1642 970 1689 est
990 1675 1005 1699 ,
1040 1649 1145 1689 non
1177 1634 1244 1689 de
1272 1634 1521 1703 pecuniis
1547 1644 1641 1688 aut
1664 1633 1878 1702 injuriis
1909 1640 2137 1687 conten-

564 1724 815 1778 dentibus
859 1724 1121 1779 arbitrum
1170 1739 1229 1779 se
1283 1726 1511 1793 prtebuit
1566 1726 1679 1795 (ubi
1731 1738 1974 1794 persche
2053 1722 2138 1776 vel

566 1814 698 1869 levis
727 1816 1032 1871 cohortatio
1065 1816 1223 1871 facile
1248 1819 1516 1887 prodeSt),
1544 1816 1636 1871 sed
1671 1817 1738 1871 de
1765 1816 1868 1871 lide
1892 1831 2141 1886 pugnan-

566 1906 733 1969 tibus,
752 1905 838 1960 ubi
868 1906 1075 1962 rixandi
1100 1908 1335 1962 Studium
1364 1908 1440 1963 rei
1476 1907 1906 1978 magnitudinem
1925 1921 2142 1977 aequare

564 1996 729 2062 solet,
758 2012 820 2051 ac
868 1998 1092 2067 proinde
1136 1999 1491 2068 quantumvis
1536 1999 1774 2068 prudens
1822 2010 1877 2053 et
1919 1998 2137 2054 erudita

563 2089 741 2149 oratio
783 2089 852 2143 ad
908 2090 1278 2159 coanponeuda
1329 2091 1557 2145 dissidia
1613 2105 1805 2159 parum
1886 2106 2141 2161 aegreque

564 2182 797 2252 prolicit.

632 2273 923 2328 Enimvero
966 2284 1250 2345 postquam
1305 2275 1741 2331 Christianorum
1811 2274 2144 2345 perversitas

564 2379 628 2419 ac
681 2364 945 2420 dissoluta
996 2366 1247 2433 ignavia,
1286 2366 1378 2421 Dei
1431 2369 1924 2435 mandatorumque
1973 2365 2144 2435 ipsius

566 2466 903 2526 contemptu,
945 2457 1103 2526 quasi
1143 2457 1334 2511 morbo
1370 2459 1607 2527 quodam
1642 2456 1933 2524 laborans,
1970 2469 2145 2527 eoque

566 2560 845 2615 grassatus,
878 2549 1263 2617 imperatorem
1290 2546 1511 2602 Christo
1550 2546 1816 2602 infensum
1846 2548 2003 2601 nobis
2021 2563 2143 2601 sus-

569 2639 754 2693 citavit
783 2637 1092 2707 (Julianum
1124 2649 1413 2710 tyranuum
1441 2641 1587 2705 dico,
1644 2640 1736 2710 qui
1765 2640 1965 2694 avitam
2003 2639 2143 2695 Con-

569 2728 796 2782 stantini
843 2727 1019 2799 Magni
1051 2731 1208 2784 fidem
1252 2746 1316 2785 ac
1351 2730 1603 2786 virtutem
1651 2731 1944 2787 contrariis
1994 2732 2143 2788 vitiis

567 2835 825 2889 superare
870 2822 1117 2885 studuit,
1167 2837 1399 2893 eamque
1440 2826 1511 2879 ob
1543 2839 1763 2878 causam
1800 2824 2144 2880 Christianos

565 2910 816 2966 omnibus
854 2910 996 2981 juris
1026 2913 1295 2980 prasidiis
1328 2914 1565 2981 spoliare
1593 2955 1611 2979 ,
1645 2930 1751 2971 non
1794 2916 2014 2985 quidem
2049 2931 2145 2985 pu-

569 3001 711 3057 blico
744 3002 923 3058 edicto
948 3002 1381 3059 Christianorum
1428 3007 1863 3074 persecutionem
1903 3007 2145 3077 promul-

567 3107 735 3158 gans,
765 3093 860 3148 sed
893 3092 1169 3147 voluntate
1191 3133 1206 3155 ,
1234 3094 1409 3164 iisque
1440 3099 1600 3151 rebus
1620 3135 1637 3163 ,
1670 3112 1807 3167 quas
1833 3097 2030 3153 tacitus
2054 3098 2138 3153 ad-

572 3199 760 3241 versus
804 3199 900 3239 eos
938 3186 1323 3253 perpetrabat.
1358 3186 1584 3255 profana
1632 3189 1945 3245 eruditione
1978 3199 2145 3260 atque

568 3274 812 3329 doctrina
866 3274 998 3345 ipsis
1042 3275 1412 3346 interdicens).
1450 3276 1543 3337 Dei
1599 3278 1780 3349 itaque
1820 3280 2145 3350 aequanimi-

570 3381 687 3430 tas,
723 3382 842 3437 qua:
873 3366 1143 3422 nefarium
1174 3376 1229 3423 et
1270 3369 1663 3425 exsecrandum
1710 3372 1986 3427 hominem
2029 3373 2147 3427 diu-

570 3464 676 3518 tius
700 3461 881 3516 efferri
910 3469 1077 3530 atque
1105 3461 1432 3517 insolescere
1460 3463 1811 3532 permiserat,
1855 3474 2143 3534 postquam

569 3557 737 3626 ipsius
767 3556 1168 3627 improbitatem
1193 3556 1336 3610 nulla
1363 3555 1586 3611 omnino
1611 3556 1935 3625 paenitentia
1969 3556 2146 3628 frangi

569 3648 884 3718 perspexit,
909 3649 1149 3720 gladium
1177 3649 1385 3703 uibrans
1408 3647 1457 3679 "
1475 3687 1491 3713 ,
1519 3663 1658 3717 quas
1691 3647 1864 3717 ipsius
1894 3648 2148 3718 impietas

580 3742 911 3807 merebatur,
970 3755 1159 3810 poenas
1204 3741 1419 3810 exegit,
1452 3739 1505 3794 in
1540 3740 1897 3794 barbarorum
1951 3740 2148 3796 linibus

570 3836 854 3890 barbaram
902 3835 1073 3904 ipsius
1114 3844 1172 3890 et
1222 3834 1511 3889 belluinam
1563 3834 1729 3889 vitam
1786 3835 2137 3904 abrumpeus.

571 3926 690 3980 Mox
722 3940 950 3998 magnus
978 3925 1277 3994 Gregorius
1306 3926 1479 3995 ipsius
1506 3926 1687 3981 scelus
1719 3937 1775 3981 et
1806 3927 2144 3996 impietatem

572 4019 837 4074 invectiva
867 4018 1115 4073 oratione
1147 4017 1486 4087 proscindit,
1517 4033 1580 4070 ac
1632 4016 1972 4087 Sybariticas
1998 4019 2148 4075 Grat-

570 4126 757 4164 corum
802 4109 1189 4175 obscenitates,
1221 4121 1546 4178 veteresque
1588 4108 1833 4174 fabulas,
1862 4125 1927 4164 ac
1961 4111 2146 4166 multi-

573 4203 729 4271 plicis
757 4202 1057 4257 divinitatis
1095 4217 1337 4259 errorem
1376 4202 1654 4271 detegens,
1693 4211 1858 4271 atque
1895 4204 2147 4260 omnibus

570 4298 641 4351 ob
682 4295 869 4350 oculos
916 4310 1163 4364 ponens,
1216 4310 1509 4352 commune
1553 4294 1851 4349 ludibrium
1904 4298 2146 4352 cordatis

569 4390 702 4444 viris
730 4389 1030 4460 proposuit.
1083 4387 1191 4445 Sed
1217 4390 1347 4460 quid
1374 4401 1600 4460 magnas
1624 4396 1680 4444 et
1705 4386 1951 4445 excelsas
1987 4389 2146 4459 hujus

2241 522 2517 593 ἀλήθειαν,
2558 521 2684 584 τούς
2716 537 2774 573 τε
2801 521 3144 586 ἀποστάντας
3198 520 3525 591 συμϐιὸἀσας
3562 530 3623 599 (5)
3646 536 3743 602 πρὸς

2243 614 2648 684 ωγκατάὸασιν
2680 614 2776 667 καὶ
2803 614 3075 685 ὁμόνοιαν,
3120 614 3367 668 ἀπέδωκε
3398 616 3482 669 τὸν
3511 622 3679 692 κόσμον
3697 631 3742 699 τῇ

2256 707 2569 779 Ἐκκλησία,
2614 707 2891 777 αίδέσιμος
2931 707 3262 777 ἀμφοτέροις
3305 709 3503 775 φανεὶς,
3543 716 3678 784 πατρί
3702 736 3743 773 τε

2242 798 2336 852 καὶ
2358 798 2591 869 ποιμνίῳ
2622 797 2880 853 θεοσεϐεῖ.
2910 798 3197 870 Φαιδρύνει
3225 799 3283 851 δὲ
3308 798 3478 868 λόγοις
3512 805 3744 875 εἰρηνικοῖς

2241 888 2340 959 τὴν
2372 890 2695 959 πανήγυριν,
2724 887 2967 957 συνάψας
2997 888 3066 941 τὰ
3114 887 3395 953 διεστῶτα,
3426 893 3513 944 κα).
3536 893 3603 963 τῷ
3635 900 3743 967 τάχει

2240 979 2335 1033 τοῦ
2367 980 2594 1050 ἰάματος
2620 979 2795 1049 λήθην
2823 981 3126 1051 ἐμποιήσας
3146 979 3236 1034 τοῦ
3266 981 3742 1057 ᾁρῤωστήματοςμ).

2244 1074 2466 1145 Κράτης
2496 1073 2596 1143 μὲν
2634 1069 2727 1127 οὖν
2755 1073 2972 1141 λέγεται
3003 1075 3031 1125 ὁ
3059 1074 3314 1145 Θηϐαῖος,
3351 1079 3458 1139 τοῖς
3492 1083 3744 1147 στασιάζον-

2246 1184 2328 1219 σιν
2356 1167 2524 1229 οἴκοις
2540 1165 2871 1234 νέπιφοιτῶν,
2926 1164 3104 1233 λύγοις
3134 1166 3354 1236 εἰρήνης
3401 1166 3661 1239 διακρὶνειν
3680 1174 3746 1238 τὰς

2244 1258 2424 1330 ἔριδας
2444 1275 2457 1289 ·
2508 1258 2622 1311 ἀλλ’
2677 1257 2912 1312 ἐνταῦθα
2945 1257 3006 1309 τὸ
3046 1256 3228 1327 μεῖζον
3258 1258 3567 1329 πρόσεστιν·
3596 1263 3645 1315 οὐ
3670 1268 3745 1336 γὰρ

2247 1352 2349 1423 ἰδίᾳ
2379 1352 2538 1416 τισὶν,
2575 1351 2762 1422 ῶσπερ
2786 1352 3011 1413 ἐκεῖνος,
3044 1349 3179 1403 ἀλλά
3206 1354 3354 1420 κοινῇ
3385 1354 3450 1423 τῇ
3479 1355 3663 1425 πατρίδι
3680 1358 3746 1427 τὴν

2242 1444 2492 1512 ὁμόνοιαν
2534 1443 2848 1512 ἐπανήγαγε
2873 1457 2888 1473 ο
2925 1442 3017 1493 καὶ
3062 1440 3123 1493 τό
3172 1457 3234 1508 γε
3297 1441 3559 1511 μέγιστον,
3602 1446 3667 1497 ὅτι
3703 1449 3745 1499 ού

2246 1534 2372 1605 περὶ
2404 1533 2701 1604 χρημάτων
2732 1532 2766 1603 ἦ
2824 1531 3033 1602 ὕϐρεων
3068 1530 3501 1601 ἀμφισϐητοῦσιν
3545 1532 3747 1604 ἐϐράϐευ-

2246 1638 2336 1674 σεν
2391 1623 2543 1688 (ὅπου
2565 1639 2629 1691 γε
2663 1622 2740 1691 (5)
2770 1620 3028 1683 πολλάκις
3059 1622 3151 1673 καὶ
3176 1623 3209 1690 ή
3240 1621 3473 1691 τυχοῦσα
3497 1625 3749 1694 παραίνεσις

2250 1714 2444 1786 ῥᾳδίως
2482 1712 2735 1784 ῶνησεν),
2772 1712 2909 1767 ἀλλὰ
2953 1713 3088 1785 περὶ
3133 1714 3368 1778 πίστεως
3414 1715 3749 1786 στασιάζουσιν,

2244 1806 2371 1860 ἔνθα
2403 1806 2548 1875 φιλεῖ
2571 1805 2647 1876 τῷ
2678 1805 2896 1877 μεγέθει
2925 1804 3022 1858 τοῦ
3065 1806 3387 1878 πράγματος
3416 1808 3752 1875 συνεξισοῦοὕσι

2246 1900 2339 1953 καὶ
2369 1899 2430 1952 τὸ
2457 1899 2777 1968 φιλόνεικον,
2834 1898 2908 1962 ὡς
2940 1899 3035 1952 καὶ
3065 1900 3191 1962 τοὺς
3218 1890 3361 1968 ἀγαν
3396 1902 3579 1969 σοφοὺς
3612 1902 3750 1970 λόγους

2247 1991 2442 2063 μικρὸν
2465 1992 2557 2045 καὶ
2593 1991 2745 2061 μόλις
2780 1990 2963 2045 ἀνύειν
2995 1989 3071 2061 (6)
3110 1990 3376 2045 δύνασθαι
3416 1994 3542 2064 πρὸς
3593 1994 3643 2047 τὸ
3668 2010 3751 2045 m-

2245 2082 2378 2153 ἅψαι
2399 2082 2467 2136 τὰ
2495 2080 2776 2136 διεστῶτα.

2327 2266 2543 2339 Ἐπειδὴ
2575 2268 2631 2322 δὲ
2662 2267 2797 2340 (7)ή
2840 2270 3182 2340 Χριστιανῶν
3226 2268 3397 2321 κακία
3439 2268 3527 2321 καὶ
3562 2267 3746 2329 ἔκλυσις,

2245 2360 2650 2431 καταφρόνησιν
2682 2361 2817 2414 Θεοῦ
2847 2362 2942 2414 καὶ
2986 2362 3094 2414 τῶν
3130 2360 3292 2414 αὐτοῦ
3320 2360 3545 2414 ἐντολῶν
3580 2361 3755 2431 νοσήσει

2247 2454 2317 2505 σά
2354 2452 2429 2522 (8)
2459 2469 2518 2505 τε
2551 2454 2644 2506 καὶ
2668 2452 3029 2525 μελετήσασα,
3057 2455 3353 2525 ἐπήγειρεν
3384 2455 3513 2525 ήμῖν
3549 2453 3628 2507 τὸν
3656 2453 3756 2523 utsi-

2245 2560 2465 2615 χριστον
2511 2545 2887 2617 αὐτοκράτορα
2963 2544 3281 2616 (Ὶουλιανὸν
3325 2544 3385 2598 δὲ
3423 2544 3499 2616 (9)
3543 2544 3664 2613 λέγω
3698 2546 3761 2597 τὸν

2243 2634 2525 2706 τύραννον,
2552 2636 2609 2699 ὂς
2636 2636 2733 2708 τὴν
2757 2637 3085 2709 προγονικὴν
3109 2639 3291 2691 πίστιν
3320 2638 3416 2691 καὶ
3443 2638 3625 2708 ἀρετὴν
3648 2639 3758 2691 Kan-

2248 2725 2528 2779 σταντίνου
2573 2726 2666 2781 τοῦ
2701 2728 2952 2797 Μεγάλου
2996 2732 3110 2793 τοῖς
3152 2729 3421 2792 ἐναντίοις
3466 2728 3760 2799 ὑπερνικῆσιι

2245 2819 2638 2891 ἐφιλονείκησε,
2672 2820 2767 2874 καὶ
2788 2821 2876 2875 διὰ
2900 2821 3058 2875 τοῦτο
3090 2821 3308 2875 πάντων
3338 2820 3559 2875 δικαίων
3588 2821 3761 2873 ἀπεστέ-

2248 2928 2330 2982 ρει
2359 2913 2737 2983 Χριστιανοὺς,
2762 2915 2811 2965 εί
2830 2914 2924 2967 καὶ
2951 2914 3025 2985 μὴ
3047 2914 3289 2984 δημοσίῳ
3310 2911 3760 2985 προστάγματι(11“>

2244 3003 2339 3057 τὸν
2368 3004 2477 3057 τῶν
2498 3005 2844 3076 Χριστιανῶν
2886 3006 3126 3077 διωγμὸν
3182 3005 3555 3078 προκηρύξας,
3592 2997 3761 3057 small

2245 3096 2322 3167 τῷ
2350 3097 2671 3169 βουλήματι,
2704 3101 2797 3153 καὶ
2816 3094 2897 3162 οἷς
2928 3117 2987 3152 τε
3006 3099 3226 3153 σιωπῶν
3256 3100 3381 3153 κατ’
3412 3098 3584 3154 αὐτῶν
3605 3097 3763 3166 ἔδρασε.

2247 3189 2343 3244 καὶ
2375 3185 2457 3255 οἷς
2490 3191 2880 3263 ἐνομοθέτησεν
2914 3192 3237 3264 Ἑλληνικῶν
3269 3192 3449 3262 λόγων
3486 3192 3575 3245 καὶ
3604 3189 3765 3243 παιδευ-

2251 3281 2434 3353 μάτων
2460 3283 2720 3355 ἀμοίρους
2751 3279 2891 3337 εἷναι
2920 3284 3326 3356 Χριστιανούς).
3353 3285 3418 3337 Ἡ
3438 3279 3527 3337 οῦν
3550 3280 3689 3351 ἀνοχὴ
3703 3276 3767 3330 τοῦ

2247 3374 2404 3439 Θεοῦ,
2440 3375 2533 3429 ἐπὶ
2560 3377 2693 3431 πολὺ
2720 3377 2810 3429 τὸν
2830 3376 3105 3448 ἀλιτήριον
3125 3377 3236 3448 (11)
3272 3376 3551 3448 ὑψωθῆναι
3577 3388 3770 3444 παραχω-

2249 3467 2485 3537 ρήσασα,
2514 3467 2590 3531 ὡς
2615 3468 2762 3539 ἐώρα
2784 3467 3062 3532 παντελῶς
3083 3466 3249 3522 αὐτοῦ
3266 3466 3380 3539 τὴν
3408 3466 3655 3539 πονηρίαν
3676 3464 3771 3533 dus-

2246 3552 2547 3629 ταμέλητον
2564 3558 2672 3628 (12)
2682 3601 2696 3621 ,
2709 3558 3095 3613 στιλὸὡσασα
3112 3559 3225 3628 τὴν
3228 3560 3555 3630 ῥομφαίαν,
3567 3557 3696 3623 ἀξίαν
3706 3556 3772 3623 τῆς

2247 3650 2502 3713 ἀσεὸείας
2530 3649 2684 3719 δίκην
2718 3651 3125 3723 εἰσπράττεται,
3147 3653 3206 3704 ἐν
3231 3653 3383 3722 ὅροις
3427 3646 3772 3724 βαρϐάρωντὴν

2250 3738 2524 3810 βάρϐαρον
2551 3740 2718 3793 αὑτοῦ
2741 3740 2836 3799 καὶ
2868 3740 3104 3815 θηριώδη
3145 3740 3291 3813 ζωὴν
3325 3742 3652 3815 διαρρήξασα
3677 3740 3771 3807 (15).

2246 3830 2455 3884 Αύτίκα
2480 3832 2507 3883 ὁ
2532 3831 2703 3901 μέγας
2734 3832 3035 3903 Γρηγόριος
3073 3833 3382 3904 στηλιτεύει
3418 3835 3513 3906 μὲν
3542 3830 3686 3887 αὐτοῦ
3709 3832 3775 3897 τὴν

2248 3922 2448 3974 κακίαν
2483 3923 2576 3975 καὶ
2604 3923 2701 3993 τὴν
2732 3922 3009 3987 ἀσέόειαν,
3037 3922 3137 3987 τὰς
3182 3924 3239 3977 δὲ
3293 3923 3651 3996 Συϐαριτικὰς
3701 3920 3776 3989 (ll!

2258 4014 2525 4087 Ἑλλήνων
2565 4016 2965 4087 αἰσχρολογίας,
2998 4018 3093 4071 καὶ
3138 4018 3265 4081 τοὺς
3306 4018 3571 4081 παλαιοὺς
3606 4014 3775 4088 μύθους.

2248 4108 2341 4161 καὶ¹
2365 4108 2464 4179 τὴν
2488 4108 2747 4163 πολύθεον
2774 4108 2982 4181 πλάνην
3011 4111 3068 4164 ἐν
3089 4112 3207 4173 ταῖς
3229 4111 3493 4164 ἁπάντων
3508 4104 3778 4177 άπογυμνὼο

2249 4218 2348 4264 σας
2380 4201 2555 4271 ὂψεσι,
2590 4202 2767 4255 κοινὸν
2792 4205 2903 4265 τοίς
2944 4202 3277 4275 σωφρονοῦσι
3296 4202 3577 4275 προύθηκε
3594 4200 3775 4269 γέλωτι.

2260 4291 2422 4345 Ἀλλά
2450 4292 2502 4344 τί
2534 4291 2598 4369 δὴ
2612 4292 2680 4345 τά
2709 4291 2923 4362 μεγάλα
2939 4290 3032 4344 τοῦ
3058 4291 3251 4364 ἀνδρὸς
3270 4295 3367 4346 καὶ
3398 4294 3667 4362 ὑπέρογκα
3689 4290 3779 4358 βρί-

2247 4389 2333 4455 χεί
2363 4384 2506 4456 λόγῳ
2556 4385 2790 4458 ἐγχειρῶ
2818 4383 3194 4456 καθυϐρίζειν,
3226 4386 3322 4439 καὶ
3351 4388 3438 4451 εἰς
3483 4384 3544 4437 τὸ
3592 4379 3779 4436 ἐναντίον

569 4479 674 4533 viri
704 4478 888 4533 laudes
921 4479 1190 4536 orationis
1222 4481 1489 4536 brevitate
1519 4478 1846 4534 imminuere
1885 4495 1952 4535 ac
1981 4482 2141 4537 dede-

2253 4478 2389 4531 ίέναι
2409 4476 2505 4530 τοῦ
2540 4477 2837 4540 ἐνεστῶτος
2859 4476 3088 4539 σκοποῦ,
3123 4476 3218 4529 καὶ
3249 4477 3307 4528 ἐν
3333 4475 3519 4547 καιρῷ
3548 4472 3782 4543 ἐγκωμίων

566 4583 699 4624 core
719 4566 935 4622 allicere
959 4569 1272 4643 aggredior,
1300 4568 1566 4639 planeque
1592 4567 1646 4621 in
1680 4567 2015 4621 contrarium
2042 4567 2142 4634 ire,

564 4675 735 4730 quam
766 4660 1034 4717 orationis
1065 4658 1371 4717 institutum
1402 4658 1541 4715 ferat
1563 4699 1579 4724 ,
1609 4657 1769 4726 idque
1810 4657 2140 4725 laudationis

567 4762 815 4823 tempore
864 4754 1010 4827 (quo
1029 4754 1370 4825 potissimum
1411 4754 1465 4810 in
1498 4752 1601 4809 hoc
1623 4752 2013 4811 elaborandum
2038 4760 2142 4817 est,

639 4909 685 4941 ⁸⁸
727 4907 866 4963 Psal.
899 4924 996 4975 vn,
1027 4911 1116 4966 15.

635 5065 717 5137 (ι)
749 5064 919 5119 Codd.
956 5065 1050 5137 Or.
1084 5064 1143 5118 P.
1179 5065 1407 5137 etColb.
1436 5066 1487 5130 1,
1519 5065 1619 5135 τῆς
1650 5063 1982 5137 ἀρρωστίας.

637 5134 716 5207 (5)
746 5138 828 5207 Γε
856 5138 1005 5191 deest
1036 5136 1089 5207 i_n
1113 5136 1270 5207 codd.
1303 5134 1453 5191 Colb.
1492 5134 1631 5207 Li,
1664 5134 1842 5207 e't'Or.

638 5204 717 5291 (6)
743 5206 815 5259 lta
848 5208 1005 5262 codd.
1033 5205 1093 5260 P.
1126 5205 1277 5261 Colb.
1297 5207 1346 5272 l,
1375 5206 1429 5273 2,
1465 5216 1519 5260 et
1544 5206 1638 5260 Ur.
1670 5205 1913 5260 Combel'.
1934 5204 1991 5258 In
2010 5205 2141 5260 edit.

564 5278 742 5332 ἀνύει.

641 5346 813 5417 (Ἰ)Δέ
848 5346 998 5401 deest
1037 5345 1285 5417 inicodd.
1336 5345 1491 5401 Colb.
1543 5346 1595 5412 1,
1644 5344 1702 5408 ‘2,
1738 5354 1790 5400 et
1832 5344 1925 5401 0r.
1975 5344 2143 5402 Paulo

566 5416 705 5486 post
729 5420 883 5471 iidem
915 5418 1073 5486 codd.
1093 5416 1229 5469 Θεοῦ
1256 5433 1316 5469 τε
1340 5417 1454 5471 καί.

642 5486 718 5557 (8)
740 5488 871 5559 Cod.
906 5485 967 5539 P.
1002 5488 1261 5559 νοήσασα.

642 5555 823 5626 (9),Δέ
844 5558 994 5611 deest
1021 5555 1267 5613 iu'rodd.
1303 5556 1460 5613 Colh.
1494 5558 1547 5621 1,
1579 5568 1634 5612 et
1658 5558 1753 5614 0r.

642 5625 752 5695 (l0)
777 5627 925 5700 Colb.
964 5630 1019 5700 1,
1052 5627 1294 5700 δημοσίῳ
1318 5629 1623 5699 πράγματι.

642 5700 752 5771 (ll)
787 5698 917 5771 god.
952 5699 1071 5771 On,
1104 5698 1420 5771 ἀλητήριον.

644 5767 755 5838 (12)
788 5768 919 5823 Cod.
956 5769 1074 5831 On,
1116 5767 1507 5838 ἀμετανόητον.
1533 5770 1663 5826 Cod.
1693 5770 1775 5835 P.,
1799 5768 2148 5840 dismay.ng

2250 4570 2386 4641 (15),
2410 4570 2500 4623 ὅτε
2538 4568 2619 4621 δεῖ
2669 4568 2905 4639 μάλιστα
2941 4569 3032 4622 τὸν
3068 4569 3490 4639 ἐπαινούμενον,
3517 4569 3581 4637 τῇ
3614 4560 3783 4627 διεξόδῳ

2252 4661 2362 4731 (16)
2404 4660 2512 4714 τῶν
2542 4660 2951 4732 πεπραγμένων
2985 4660 3358 4734 ἐπιδοξότερον
3402 4660 3670 4731 γίνεσθαι,
3701 4655 3787 4720 ἐξὸν

2251 4754 2541 4825 ἐντυχόντα
2580 4756 2693 4818 τοῖς
2722 4754 3148 4824 στηλιτευτικοῖς
3176 4753 3359 4823 λόγοις
3393 4754 3665 4824 θαυμάσαι
3686 4748 3786 4802 τότε

2244 5082 2372 5128 τως.

2315 5137 2427 5210 (15)
2460 5136 2593 5210 Cod.
2637 5137 3159 5210 (1τ.,άπορρήξασα.

2317 5188 2427 5276 (ιιι)
2458 5188 3159 5275 ausaausa;"Malia;
3188 5208 3553 5273 voluptuosius.
3595 5206 3724 5262 Colb.
3754 5202 3790 5255 t.

2243 5277 2341 5339 τὰς
2373 5277 2780 5349 δὲύϐριστικάς
2814 5277 3103 5348 Ἑλλήνων,
3137 5280 3459 5349 ﬂagitiosus,
3487 5281 3539 5332 in
3566 5281 3792 5349 luxuriata

2246 5343 2629 5417 prona/lenias.
2664 5350 2798 5420 Cod.
2853 5343 2969 5404 0r.'
2999 5343 3164 5420 habet
3213 5343 3626 5420 Συϐαρητικάς,
3663 5356 3703 5420 el
3734 5343 3792 5420 ff"

2252 5415 2543 5492 marginem
2586 5419 2817 5492 legitur:
2843 5419 3172 5491 τρυφηλοὺς,
3206 5415 3563 5492 φιληδονους,
3607 5415 3794 5476 deliciis,

2252 5489 2456 5542 libidini
2484 5491 2784 5543 servientes.

2324 5561 2435 5630 (lix)
2468 5559 2601 5613 Cod.
2648 5563 2704 5630 l’.
2740 5561 3038 5630 ἐγκωμιου.

2323 5629 2540 5697 (16)'lta
2574 5629 2723 5685 Colb.
2766 5632 2818 5694 l,
2847 5629 2904 5688 2.
2944 5630 3038 5685 0r.
3088 5630 3148 5686 P.
3203 5640 3258 5688 et
3300 5630 3558 5689 Combef.
3602 5642 3692 5683 nec
3718 5633 3794 5678 no:

2259 5702 2460 5770 antiqui
2490 5702 2621 5757 edit.
2657 5701 2840 5758 Billius
2864 5700 3048 5772 ἐξόδῳ.
