3824 6394
153 355 233 413 255
1096 340 1428 399 AUCTORE
1468 341 1827 411 GREGORIO
1867 343 2352 406 PRESBYTEBO.

3228 357 3336 409 20')

150 469 306 539 πλῆθος
336 462 420 533 τῆς
447 459 687 533 ἱστορίας
720 460 813 515 καὶ
846 459 944 534 τὴν
968 462 1253 532 ἀρμονίαν,
1287 464 1420 534 δσην
1448 480 1509 517 τε
1535 460 1647 536 εἶχε

1767 472 1810 521 tt
1842 465 1924 529 is,
1976 464 2131 537 cujus
2174 465 2363 523 laudes
2393 466 2778 540 praedicantur,
2820 484 3002 525 rerum
3056 476 3337 540 gestarum

146 562 215 620 τοῦ
236 553 381 627 λέγειν
405 554 626 622 δύναμιν
648 571 663 617 ;

144 650 587 715 commemoratione
630 650 830 705 clarior
872 647 988 721 fiat)
1016 690 1031 718 ,
1071 666 1195 708 cum
1247 652 1423 708 cuivis
1461 650 1643 717 liceat,
1682 667 1749 707 ex
1802 649 2197 707 invectivarum
2247 653 2556 709 orationum
2608 653 2870 717 lectione,
2924 664 3036 710 tum
3076 654 3336 713 historia-

145 766 233 810 ηιω
252 744 461 816 copiam,
488 749 603 797 tum
624 741 888 798 orationis
916 744 1371 811 concinnitatem,
1406 742 1633 814 ejusque
1665 743 1721 799 in
1750 742 1981 800 dicendo
2010 741 2117 796 vim
2144 753 2199 798 et
2229 741 2545 798 facultatem
2584 744 2840 799 admirari
2867 746 2890 800 2

193 844 309 916 Πρὸς
343 840 395 894 δὲ
430 837 523 911 τὴν
561 837 868 911 θαυμασίαν
908 839 1002 893 τοῦ
1035 841 1300 912 τυράννου
1330 838 1654 911 νομοθεσίαν

142 940 214 1010 τὴν
237 932 649 1007 προστάττουσαν
668 930 740 1002 μὴ
760 931 869 985 δεῖν
889 932 1252 1003 Χριστιανοὺς
1275 930 1345 984 τά
1384 930 1654 1001 Ἐλλήνων

140 1027 343 1105 μυεῖσθαι
374 1022 683 1095 μαθήματα,
741 1024 907 1095 δρᾶτε
936 1022 1030 1077 τοῦ
1065 1024 1338 1096 μακαρίου
1372 1023 1470 1093 τὴν
1504 1021 1659 1076 σύνε-

140 1139 217 1178 σιν.
236 1114 565 1190 Χρησάμενος
593 1116 854 1187 ήρωῖκοϊς
885 1131 945 1167 τε
978 1114 1071 1168 καὶ
1109 1115 1384 1187 ίαμϐικοίς
1409 1114 1542 1184 (17),
1563 1113 1657 1166 και)⁸

135 1207 361 1276 ἐλεγείοις,
385 1204 476 1256 καὶ
505 1203 838 1276 τριμέτροις,
872 1204 964 1257 καὶ
987 1204 1193 1276 ἑτέροις
1218 1205 1450 1271 πολλοῖς,
1481 1222 1658 1276 χαρα-

135 1298 290 1370 κτῆρδί
308 1312 359 1349 τε
372 1294 672 1365 τραγῳδίας
696 1294 790 1347 καὶ
809 1284 1120 1366 κωμῳδίας,
1148 1296 1240 1349 καὶ
1264 1295 1484 1365 ἀπάσης
1514 1311 1656 1363 συγ.-

133 1388 359 1463 γραφικῆς
378 1384 516 1449 ἰδέας
542 1384 677 1456 (18),
704 1386 887 1454 ὀλίγου
903 1387 1013 1440 δεῖν
1035 1388 1141 1440 πᾶν
1165 1383 1304 1451 εἶδος
1326 1386 1660 1450 παιδεύσεως

132 1486 218 1546 τοῖς
260 1479 395 1541 ίδίοις
440 1476 621 1545 λόγοις
660 1476 1078 1542 ἀπετυπώσατο,
1133 1478 1418 1542 ὑποθέσεις
1475 1478 1658 1532 θεοσεο

132 1576 222 1637 ϐεῖς
248 1570 347 1644 (l9)
371 1569 644 1640 πανταχοῦ
684 1570 1105 1643 ἐνστησάμενος,
1129 1572 1379 1643 ῆάρετῆς
1416 1571 1656 1634 ἔπαινον,

129 1664 323 1738 ﬁdeli};
348 1679 404 1714 τε
449 1661 545 1715 καὶ
586 1660 839 1734 σώματος
880 1663 1174 1737 κάθαρσιν,
1227 1664 1261 1734 ἢ
1296 1663 1592 1732 θεολογίαν,
1623 1664 1655 1735 ἦ

1831 836 1951 894 «lam
1982 838 2254 912 egregiam
2289 836 2434 890 illam
2465 839 2677 909 tyranni
2704 837 2899 906 legem,
2934 853 3040 907 qua
3070 838 3338 896 Christia-

1762 943 1863 984 nos
1902 927 2212 984 Graecorum
2261 927 2561 1000 disciplinis
2613 927 2778 983 imbui
2812 938 3089 993 vetuerat,
3130 932 3329 995 Videte,

1759 1034 1973 1087 quaeso,
2005 1034 2167 1088 quam
2200 1019 2336 1074 scite
2368 1029 2421 1073 et
2448 1019 2741 1089 prudenter
2762 1020 2845 1072 vir
2874 1020 3062 1076 beatus
3086 1020 3335 1082 eluserit.

1756 1108 2002 1165 Hernicis
2025 1151 2039 1173 ,
2070 1121 2125 1164 et
2162 1110 2408 1165 iatnbicis
2430 1152 2442 1172 ,
2480 1120 2535 1166 et
2580 1111 2833 1182 clegiacis
2855 1150 2870 1177 ,
2917 1124 2972 1168 et
3021 1114 3285 1171 trimetris
3310 1156 3326 1182 ,

1754 1205 1985 1275 aliisque
2015 1203 2200 1258 multis
2231 1205 2476 1260 versibus
2501 1246 2516 1269 ,
2556 1216 2612 1260 et
2654 1207 2932 1276 tragwdiae
2969 1219 3025 1263 et
3052 1210 3332 1265 comoedia:

1755 1305 2070 1361 caractere,
2098 1276 2260 1364 atque
2309 1296 2457 1350 omni
2500 1297 2918 1368 conscriptionis
2947 1314 3145 1369 genere
3202 1317 3335 1356 usus

1757 1397 1860 1450 est,
1893 1385 1947 1439 in
1980 1400 2153 1454 cuque
2193 1385 2375 1439 labore
2402 1386 2471 1439 ita
2511 1400 2570 1440 se
2600 1387 2789 1457 gessit,
2824 1397 2883 1441 ut
2910 1389 2995 1443 vix
3028 1388 3192 1443 ullum
3227 1392 3327 1446 do-

1756 1478 1946 1532 ctrinae
1971 1478 2043 1532 sit
2071 1492 2260 1545 genus,
2306 1478 2451 1544 quod
2493 1494 2598 1533 non
2643 1479 2795 1534 libris
2817 1480 2932 1534 suis
2961 1483 3295 1550 expresserit
3314 1520 3331 1546 ,

1759 1571 1842 1639 pia
1875 1578 2193 1639 argumenta
2226 1568 2426 1638 ubique
2456 1568 2768 1633 instituens,
2801 1571 2885 1625 vel
2912 1570 3129 1627 laudem
3159 1572 3330 1628 virtu-

1761 1663 1853 1724 tis,
1880 1662 1966 1716 vel
1998 1661 2193 1715 anima:
2218 1671 2272 1714 et
2298 1660 2543 1731 corporis
2581 1664 2981 1732 purgationem,
3012 1664 3095 1719 vel
3126 1665 3332 1720 theolo-

130 1759 384 1833 προσευχὰς
421 1756 559 1829 (20),
594 1757 720 1829 ἥτά
746 1756 969 1811 τοιαῦτα
1006 1758 1142 1812 ἄττα
1173 1757 1283 1828 (21)
1315 1756 1657 1829 λογογραφήο

1767 1755 1900 1823 giam
1927 1792 1941 1818 ,
1980 1753 2061 1807 vel
2105 1754 2445 1822 precationes
2469 1795 2483 1818 ,
2527 1754 2611 1808 vel
2645 1754 2747 1807 alia
2781 1756 3045 1824 ejusmodi
3086 1757 3335 1811 versibus

130 1872 202 1918 σας
222 1852 531 1924 ἐμμέτρως⁸
584 1850 772 1921 φυγὼν
820 1852 918 1922 μὲν
971 1851 1320 1905 παντάπασιν
1365 1851 1654 1919 ἀσελγείας

127 1964 168 2000 τε
192 1946 269 2000 καὶ
301 1944 493 2016 λήρους
543 1943 747 2015 μύθων,
788 1944 881 1997 καὶ
918 1943 1055 1997 θεῶν
1096 1944 1416 2015 τερατείας,
1466 1942 1655 2021 ὥσπερ

125 2039 253 2102 εἰκὸς,
275 2036 542 2105 πάνσοφον
574 2035 630 2088 δὲ
651 2034 997 2089 διδασκαλίαν
1024 2036 1371 2105 Χριστιανοῖς
1391 2036 1652 2105 ἐνστησά-

125 2148 250 2204 μενος
286 2129 421 2200 (22)·
455 2126 598 2181 ὥστε
636 2128 802 2200 μηδὲν
845 2127 1035 2199 ὄφελος
1079 2127 1333 2198 δεχθῆναι
1381 2126 1494 2197 (25)
1554 2126 1654 2197 τῆς

122 2224 192 2278 τοῦ
220 2221 432 2285 ἀσεϐοῦς
482 2221 723 2291 ἀθέσμου
772 2219 1114 2291 νομοθεσίας,
1172 2222 1522 2290 Χριστιανοῐς
1560 2220 1654 2272 ἐπὶ

122 2317 171 2384 τῇ
215 2312 412 2384 παιδεία
447 2310 836 2382 βασκαίνοντος
870 2307 1006 2382 (24),
1057 2309 1192 2363 ἀλλά
1224 2311 1318 2364 καὶ
1350 2309 1654 2363 τούναντίον

121 2402 282 2456 ἁλῶναι
318 2401 409 2455 καὶ
440 2399 954 2473 προσζημιωθῆναι.
1016 2399 1269 2453 Τοιοῦτον
1321 2398 1431 2470 γάρ
1463 2400 1491 2450 ὁ
1527 2398 1655 2468 φθόο

121 2513 187 2561 νος
222 2496 320 2566 (25)
349 2495 523 2567 μικρά
555 2494 588 2565 ἢ
626 2493 776 2546 οὐδὲν
824 2492 1084 2564 ἀδικήσας
1114 2494 1240 2556 τοὺς
1269 2491 1653 2563 φθονηθέντας,

118 2587 326 2659 μεγάλως
350 2587 476 2648 τοὺς
495 2584 663 2637 αὑτὸν
690 2583 1055 2654 γεννήσαντας
1084 2582 1396 2652 ἐλωϐήσατο
1414 2580 1546 2653 (26).

173 2677 289 2748 Ἤδη
316 2677 372 2730 δὲ
391 2677 486 2729 καὶ
527 2677 587 2729 ὲν
623 2674 873 2747 Ἀθήναις
903 2674 1066 2738 αὑτός
1101 2692 1159 2728 τε
1188 2674 1502 2747 διατρίϐων,
1534 2691 1651 2728 συν-

115 2769 266 2823 ἐϐαλλε
287 2766 363 2838 τῷ
405 2764 684 2837 Ἰορλιανῷ
709 2764 906 2836 κομιδῆ
936 2764 1049 2835 (27)
1088 2764 1193 2835 νέῳ
1221 2763 1355 2828 ὄντι,
1388 2765 1481 2817 καὶ
1504 2762 1656 2816 οὔπω

115 2864 189 2933 τῆς
228 2861 491 2932 βασιλείας
542 2859 959 2931 ὲπειλημμένῳ,
1003 2857 1117 2911 ἀλλ’
1170 2860 1250 2921 είς
1303 2857 1655 2921 διδασκάλους

113 2954 345 3024 φοιτῶντι,
374 2952 610 3014 καὶτοῖς
633 2949 804 3019 φίλοις
831 2949 1297 3023 προκατεμήνυεν,
1337 2945 1566 2999 ὓπουλὸν
1595 2962 1655 2998 τε

112 3045 433 3109 καίάπιστον,
464 3041 568 3095 καὶ
613 3039 809 3104 ἀσεϐὲς
857 3038 989 3109 (28),
1026 3041 1119 3095 καὶ
1149 3038 1283 3110 πρὸς
1316 3039 1514 3093 κακίαν
1554 3039 1658 3091 πᾶ·-

1759 1844 2094 1914 complexus,
2117 1844 2524 1907 obsrmnitates,
2548 1855 2603 1901 et
2635 1847 2931 1901 tabularum
2957 1848 3331 1914 deliramenta,

1755 1936 2087 2006 deorumque
2117 1938 2417 2007 praestigias
2440 1939 2687 1999 omnino,
2721 1950 2777 1991 ut
2809 1953 2910 2008 par
2930 1949 3067 2003 erat,
3097 1937 3330 2009 fugiens,

1756 2043 1821 2082 ac
1841 2026 2292 2095 sapientissimum
2320 2027 2973 2083 doctrinamﬂhristianis
2997 2044 3326 2099 proponens.

1759 2120 1836 2173 lta
1872 2120 2068 2189 impius
2098 2122 2287 2185 homo,
2314 2121 2643 2176 Christianis
2684 2122 2945 2177 doctrina:
2992 2125 3212 2179 nomine
3243 2124 3327 2177 in-

1758 2214 1965 2278 videns,
1988 2227 2051 2267 ex
2087 2215 2345 2268 scelerata
2389 2213 2507 2284 lege
2548 2214 2684 2269 nihil
2732 2216 2988 2270 utilitatis
3019 2227 3104 2270 est
3134 2231 3329 2273 conse-

1758 2315 1953 2360 cutus:
1992 2306 2123 2375 quin
2154 2306 2334 2374 potius
2361 2307 2476 2375 ipse
2504 2319 2792 2377 superatus
2830 2316 2912 2360 est
2934 2348 2949 2373 ,
2980 2307 3331 2378 graviorique

1757 2396 1955 2452 damno
1977 2396 2221 2453 allectus.
2253 2396 2568 2465 Huiusmodi
2597 2400 2738 2453 enim
2762 2410 2845 2451 est
2869 2398 3071 2452 invidia
3099 2417 3113 2452 :
3142 2414 3330 2469 parum

1760 2498 1852 2543 aut
1880 2488 2014 2544 nihil
2050 2504 2144 2543 eos
2190 2489 2376 2554 laedit,
2414 2504 2554 2559 quos
2595 2488 2846 2555 lacessit,
2886 2505 3106 2559 gravent
3148 2500 3328 2546 autem

1759 2597 1955 2635 noxam
1984 2581 2305 2651 parentibus
2332 2578 2512 2636 aﬂert.

1824 2672 2117 2745 Gregorius
2143 2689 2325 2746 porro,
2366 2674 2593 2728 Athenis
2628 2675 2806 2730 adhuc
2836 2691 3023 2744 agens,
3057 2692 3177 2730 cum
3224 2678 3323 2733 Ju-

1758 2763 1900 2818 liano
1927 2765 2215 2819 admodum
2256 2763 2634 2828 adulescente,
2682 2766 2910 2819 necdum
2940 2767 3008 2819 ad
3041 2768 3328 2837 imperium

1757 2866 1965 2919 cvecto,
1999 2856 2094 2911 sed
2120 2855 2505 2928 ludimagistris
2532 2872 2755 2927 operam
2790 2856 2955 2912 dante
2984 2874 3332 2928 congressus,

1757 2948 1930 3017 qualis
1970 2948 2263 3016 aliquando
2307 2950 2520 3005 futurus
2568 2958 2733 3017 esset,
2782 2950 2975 3005 amicis
3019 2963 3168 3008 tanto
3208 2964 3335 3009 ante

1758 3041 2116 3109 signiﬁcavit,
2162 3042 2444 3096 subdolum
2498 3042 2776 3107 videlicet,
2829 3053 2884 3098 et
2916 3043 3138 3100 inﬁdum
3173 3055 3335 3117 atque

112 3154 186 3191 σαν
208 3135 436 3200 εὔκολον,
473 3133 757 3207 προλέγων
788 3132 1005 3186 ἔσεσθαι
1028 3132 1088 3185 τὸ
1117 3130 1417 3202 μειράκιον·
1444 3129 1653 3199 τεκμή-

1767 3135 2017 3204 impium,
2066 3143 2121 3189 ct
2159 3134 2225 3188 ad
2270 3149 2430 3189 omne
2491 3133 2666 3187 scelus
2710 3134 3001 3203 proclivem
3052 3151 3175 3190 ettm
3220 3135 3335 3190 fore

113 3247 183 3300 pta
212 3228 497 3301 λαμϐάνων
530 3226 884 3299 χαρακτῆρος
935 3226 1035 3296 μὲν
1068 3224 1177 3296 (29)
1216 3222 1524 3295 ταραχῶδες
1556 3238 1656 3275 κα⁶

108 3328 342 3394 τάπημα,
370 3325 469 3376 καὶ
484 3321 704 3390 γέλωτα
729 3321 999 3391 προπετῆ,
1037 3317 1253 3389 βλέμμα
1280 3332 1341 3369 τε
1372 3314 1654 3386 θηριῶδες,

111 3413 181 3464 καὶ
205 3413 338 3467 ᾶπαν
362 3412 425 3464 τὺ
453 3409 623 3481 σῶμα
657 3406 817 3480 ᾇττὸν
858 3407 972 3479 (30)
1000 3424 1060 3461 τε
1089 3407 1184 3461 καὶ
1214 3406 1531 3479 φερόμενον·
1562 3405 1658 3458 καὶ

108 3503 252 3575 πλήρη
298 3502 489 3565 ἀνοίας
521 3502 820 3573 ὁρμήματα
851 3500 985 3572 (31),
1033 3497 1293 3565 διαλέξεις
1318 3515 1376 3550 τε
1406 3495 1658 3559 ἀσεϐείας

110 3594 295 3662 μεστὰς,
329 3594 436 3648 κᾶν
487 3594 735 3664 σχήματι
783 3591 1091 3663 γυμνασίας
1145 3590 1303 3662 δῆθεν
1344 3588 1657 3661 παρεκαλύ-

108 3702 282 3753 πτοντο,
336 3688 431 3742 καὶ
489 3688 582 3740 ὄτι
624 3682 767 3758 ἦσαν
799 3685 948 3756 αὐτῷ
999 3683 1227 3756 πονηροί
1271 3699 1329 3736 τε
1367 3681 1658 3753 στεργόμε-

107 3798 167 3833 νοι
190 3781 309 3851 (52),
332 3782 432 3836 καὶ
454 3782 509 3836 οἱ
536 3779 641 3850 τῆς
669 3779 870 3850 ἀρετῆς
898 3776 1183 3830 ἐπαινέται
1214 3772 1663 3844 καταφρονούμεο

107 3892 181 3928 tm.
220 3875 396 3930 Ταῦτα
449 3874 686 3946 ἐνορῶν,
740 3870 1040 3943 προῦλεγεν
1090 3869 1260 3923 ἅπασι
1301 3866 1401 3938 τὴν
1449 3866 1662 3918 ἐκείνου

106 3966 330 4038 κακίστην
375 3966 658 4038 ἐσομένην
715 3962 936 4037 ἓκρηξιν
965 3963 1058 4016 καὶ
1104 3961 1431 4033 φανέρωσιν.
1481 3958 1663 4012 Δειναὶ

107 4054 188 4127 γάρ
212 4058 264 4111 at
308 4058 561 4130 καθαραὶ
597 4056 786 4126 φύσεις
827 4052 1206 4124 τεκμηριῶσαι
1241 4050 1302 4104 τὸ
1330 4048 1540 4121 μέλλον,
1569 4049 1663 4102 καὶ

103 4151 190 4209 τοῖς
220 4148 477 4219 ἀμυδρῶς
514 4145 891 4219 δεικνυμένοις
921 4143 1174 4213 εὐστοχίᾳ
1205 4142 1299 4195 καὶ
1334 4140 1548 4193 συνέσει
1567 4137 1662 4193 τοῦ

106 4239 326 4309 ἐσομένου
366 4236 917 4309 καταστοχάσασθαι.
962 4235 1100 4289 Ἀλλ’
1123 4237 1151 4288 ὁ
1195 4235 1293 4305 μὲν
1327 4232 1496 4309 κακὸς
1521 4232 1663 4304 ἀπηο

104 4328 269 4401 λὲγχθη
302 4331 442 4402 (33),
468 4332 760 4401 ἀνομήσας
788 4327 1063 4398 διακενῆς.
1092 4326 1184 4381 καὶ
1209 4326 1359 4379 οὐδὲν
1398 4324 1585 4397 ἕτερον
1631 4323 1665 4396 ἢ

107 4417 208 4490 ὓλην
236 4423 517 4487 κολάσεως
550 4420 729 4492 ἑαυτῷ
751 4419 1106 4491 θησαυρίσας.

1760 3228 2091 3296 praedicens;
2140 3225 2505 3295 conjecturam
2551 3224 2713 3294 hujus
2748 3227 2823 3281 rei
2858 3224 3065 3281 faciens
3109 3241 3174 3281 ex
3207 3243 3330 3297 per-

1763 3319 1992 3374 turbatis
2041 3320 2151 3375 oris
2202 3318 2585 3382 lit'teamentis,
2644 3328 2698 3373 et
2757 3320 2866 3373 risu
2927 3318 3223 3388 petulanti,
3280 3332 3337 3374 et

1762 3411 1931 3466 ferino
1976 3422 2231 3479 aspectu,
2287 3420 2341 3465 et
2388 3421 2500 3466 toto
2548 3426 2779 3481 corpore
2840 3426 2976 3481 vago
3024 3422 3334 3482 temereque

1761 3500 2124 3566 subsultaute,
2158 3500 2421 3553 vecordia:
2447 3500 2621 3568 plenis
2651 3499 2817 3552 animi
2860 3499 3246 3569 agitationibus
3279 3512 3336 3554 et

1762 3590 2080 3652 conatibus,
2132 3589 2302 3658 plenis
2350 3589 2625 3656 impietate
2657 3588 2940 3659 colloquiis
2984 3599 3040 3645 et
3087 3592 3330 3660 disputa.

1764 3680 2021 3743 tionibus.
2055 3680 2218 3734 etiam
2260 3681 2303 3733 si
2340 3680 2428 3733 illa
2459 3682 2869 3737 exercitationis
2898 3694 3160 3751 prmtcxtn
3191 3692 3337 3753 tege-

1763 3782 1981 3839 rentur;
2025 3787 2090 3826 ex
2118 3786 2183 3826 eo
2215 3772 2463 3842 denique,
2507 3776 2651 3842 quod
2691 3773 2964 3842 improbos
3005 3775 3335 3844 complectit-

1765 3873 1934 3929 retur,
1965 3874 2020 3916 et
2047 3863 2262 3917 virtutis
2294 3864 2604 3919 laudatores
2636 3865 2980 3936 cultoresque
3016 3878 3335 3922 contemne-

1764 3963 1866 4009 ret.
1902 3953 2026 4009 llaec
2055 3953 2144 4007 ille
2176 3954 2528 4025 perSpicieus,
2555 3957 2809 4013 omnibus
2838 3956 2956 4011 fore
2987 3958 3335 4035 praedicebat,

1766 4048 1901 4100 utin
1936 4046 2311 4115 gravissimum
2341 4048 2517 4102 scelus
2551 4051 2766 4104 tandem
2806 4060 3133 4120 erumperet,
3177 4060 3338 4119 atque

1768 4140 1820 4192 in
1852 4149 2095 4207 apertum
2127 4140 2386 4210 prodiret.
2415 4140 2567 4194 Pura:
2592 4142 2735 4196 enim
2765 4153 2973 4198 natura:
3002 4145 3136 4197 mira
3171 4143 3335 4198 futuri

1766 4231 2084 4300 conjiciendi
2128 4231 2385 4287 facultate
2439 4232 2639 4298 valent,
2682 4235 2993 4304 ingeniique
3036 4238 3335 4304 sagacitate

1768 4330 1928 4389 atque
1961 4319 2184 4375 solertia
2226 4336 2289 4376 ex
2330 4323 2582 4378 obscuris
2616 4323 2778 4379 etiam
2814 4324 3062 4390 indiciis,
3110 4325 3160 4378 id
3195 4325 3336 4394 quod

1768 4424 2087 4466 eventurum
2119 4423 2222 4479 est,
2257 4414 2571 4480 conjectura
2603 4426 2986 4485 assequuntur.
3036 4421 3113 4472 Ac
3162 4418 3341 4473 scele-

104 4529 221 4572 ratus
288 4520 519 4589 quidem
585 4518 671 4572 ille
727 4516 1091 4587 deprehensus
1158 4521 1284 4578 est,
1356 4511 1663 4581 frustraque
1700 4511 1885 4581 inique
1940 4523 2005 4563 ac
2052 4508 2315 4564 scelerate
2352 4525 2411 4564 se
2447 4510 2637 4582 gessit,
2680 4511 2922 4580 nihilque
2964 4511 3108 4565 aliud
3165 4511 3343 4581 prole:-

105 4610 174 4669 cit.
200 4626 351 4681 quam
392 4626 457 4669 ut
501 4606 795 4683 pmnarttm
842 4610 1121 4664 materiam
1162 4610 1263 4665 sibi
1302 4609 1413 4677 ipse
1454 4615 1791 4677 congereret.

155 4703 437 4777 Γρητόριος
466 4704 529 4757 δὲ
568 4704 686 4775 μετ’
711 4702 773 4754 οὺ
810 4700 975 4754 πολὺν
1008 4701 1197 4772 χρόνον
1219 4700 1439 4768 στίφους
1465 4700 1641 4767 αἱρετι

1843 4692 2133 4765 Gregorius
2163 4703 2342 4747 autem
2370 4694 2515 4748 haud
2544 4696 2708 4751 multo
2733 4707 2851 4767 post
2894 4707 3139 4767 tempore
3172 4698 3344 4753 haere-

154 5036 253 5113 (Π)
482 5037 649 5113 εφη).
676 5034 732 5113 2.,
764 5044 833 5113 et
852 5033 948 5089 Ot‘.
990 5030 1283 5113 "flpwixoi;
1324 5032 1543 5101 μέτροις
1598 5045 1659 5082 τε

100 5101 173 5159 καὶ
193 5101 488 5179 ἰᾴμϐικοῖςξ
526 5109 763 5179 deestin
795 5104 887 5179 Or.
920 5102 1013 5179 κα).
1046 5101 1325 5179 ἐλεγείοις..

152 5171 411 5243 (Ιδίίὶοιι.
446 5178 555 5234 Or.
599 5175 792 5235 είδέας.
821 5174 937 5227 Mox
969 5174 1118 5227 Uolb.
1157 5175 1210 5237 2,
1237 5171 1416 5238 ὀλίγου
1451 5171 1550 5225 δεῖ.

152 5250 253 5315 (19)
286 5250 425 5305 Cod.
467 5250 535 5304 Ρ.
576 5244 907 5307 θεοσεϐείας.

152 5311 253 5388 (20)
276 5320 450 5373 Codd.
488 5319 556 5372 Ρ.
596 5315 749 5370 Colb.
785 5315 834 5378 l,
858 5315 913 5379 2,
936 5323 988 5369 et
1019 5312 1112 5367 Or.
1146 5312 1176 5381 ἢ
1206 5311 1535 5384 προσευχήν.

152 5389 249 5457 (ἓί)
284 5388 419 5446 Cod.
452 5391 517 5444 P.
544 5387 694 5440 τινά.

152 5454 251 5530 ίᾷὲ)
270 5461 406 5514 Cod.
435 5460 502 5515 P.
537 5454 1013 5530 ἀναστησάμενος.

153 5521 252 5597 (9-5)
282 5530 458 5585 Codd.
518 5529 625 5585 0r.
671 5521 845 5582 ct'Pf
872 5542 970 5580 nec
1012 5539 1116 5578 non
1151 5523 1358 5594 antiqui
1401 5523 1531 5578 edit.
1576 5537 1668 5581 vo-

95 5596 196 5687 lunt
210 5596 517 5687 δειχθῆναι.

169 5670 249 5739 2-5)
282 5663 422 5727 Cod.
457 5672 530 5729 P.
578 5670 632 5721 iu
664 5677 773 5739 not.
809 5680 987 5739 marg.
1013 5663 1396 5739 φθονήσαντος.

168 5733 254 5812 25)
279 5742 437 5798 Coib.
472 5744 541 5812 ri,
586 5738 808 5791 Τοιοῦτο
833 5735 939 5807 γὰρ

150 5804 248 5884 (26)
282 5813 421 5870 Cod.
460 5811 525 5866 P.
572 5812 630 5863 itt
666 5818 777 5861 not.
804 5804 973 5875 marg.
1004 5804 1258 5875 ἔϐλαψεν.

437 5910 730 5972 Ρλτιιοι..
774 5903 887 5967 Gn.
936 5900 1202 5964 XXXV.

1800 5028 1948 5109 ⁸(27)
1974 5028 2047 5085 Ita
2090 5029 2247 5086 codd.
2282 5028 2341 5083 P.
2394 5026 2545 5085 Colb.
2584 5028 2641 5096 2,
2679 5040 2732 5086 et
2764 5027 2857 5084 Or.
2896 5026 2953 5081 in
2995 5028 3149 5091 edit.,
3190 5047 3344 5099 xopt-

1765 5100 1954 5244 δηἴφλζ)
1978 5169 2107 5244 Oud.
2142 5168 2235 5224 Or.
2269 5167 2512 5244 ἀσθενές.

1778 5254 1781 5257 ·
1842 5237 1952 5311 (29)
1980 5237 2106 5293 Μέιο
2133 5250 2249 5293 erat
2281 5242 2337 5311 in
2368 5242 2496 5294 edit.
2533 5239 2624 5294 sed
2655 5237 2796 5292 delet
2827 5237 3061 5293 Montac.
3106 5252 3203 5291 nec
3236 5254 3340 5290 non

1771 5321 1823 5363 et
1853 5309 1983 5364 cod.
2012 5312 2109 5362 Or.
2159 5312 2281 5365 cod.
2314 5309 2374 5363 P.
2414 5311 2463 5364 in
2501 5321 2618 5367 not.
2655 5324 2825 5379 marg.
2884 5312 3109 5378 σημεῖα,
3150 5311 3345 5377 στοχά-

1776 5396 1977 5450 σματα.

1846 5452 1958 5520 (30)
1988 5450 2120 5504 Cod.
2148 5449 2210 5504 Ρ.
2248 5450 2301 5503 in
2333 5460 2442 5503 not.
2476 5449 2955 5521 tnat'g.r:1~,6tbvu.

1850 5515 2198 5593 (31)Πλήρη
2253 5515 2863 5593 ἀνοίαςᾼόρίιήμοίτα,
2916 5516 3077 5573 vertit
3129 5515 3347 5587 Dillius.

1773 5590 2130 5662 prdqréssibus
2160 5594 2412 5662 vecordia:
2438 5590 2624 5660 plenis.

1851 5664 1963 5735 (ἓξ.)
1990 5663 2141 5735 ιξοιυ.
2266 5663 2317 5715 itt
2343 5673 2453 5735 not.
2479 5677 2648 5735 marg.
2682 5659 3061 5735 ἀγαπώμενοι.

1846 5733 1959 5805 (53)
1995 5732 2146 5787 Coll).
2177 5731 2233 5797 2,
2262 5730 2446 5794 κακῶς
2474 5732 2810 5804 ἀπηλέγχθη.

2917 5917 2957 5975 9
