3812 6506
512 381 618 439 2θ7

1635 384 1805 444 ὛΙΤΛ
1842 388 1899 445 S.
1934 388 2264 447 GREGORII
2303 380 2653 443 THEOLOGI
2746 386 2749 387 ⁷
3643 391 3725 447 268

511 505 747 554 ticorum
778 500 993 568 agmine
1026 498 1327 553 Ctesaream
1364 499 1672 567 populante,
1716 501 1949 556 Eusebio
1975 502 2081 568 qui-

2194 498 2303 552 κῶν
2348 496 2790 569 καταδραμόντος
2823 496 2924 565 τῆς
2960 497 3306 567 Καισαρέων,
3359 496 3604 551 Εὐσεϐίου
3646 504 3723 570 μὲν

513 593 659 654 dem,
716 593 804 659 pio
844 590 997 655 viro,
1047 589 1221 644 adhuc
1270 590 1586 656 metropolis
1627 590 1836 643 clavum
1894 590 2089 659 guber-

512 693 700 745 nante,
730 691 985 734 cmterum
1022 694 1145 732 cum
1189 693 1384 747 magno
1416 678 1636 743 Basilio,
1682 680 1774 749 qui
1812 680 2091 748 presbyter

509 782 653 839 erat,
707 781 869 843 atque
917 772 968 826 in
1020 770 1196 825 Ponto
1232 771 1735 841 philosophabatnr,
1779 770 2089 824 inimicitias

509 873 752 933 gerente,
803 864 1175 918 liaareticorum
1218 864 1496 930 coniurata
1530 878 1680 915 arma
1724 862 2090 932 impetumque

510 956 894 1019 reformidans,
938 956 1081 1025 quod
1139 955 1367 1010 antistes
1420 957 1590 1011 aciem
1634 966 1822 1009 contra
1859 957 2089 1009 educere

508 1061 617 1099 non
662 1056 845 1115 posset
890 1046 1225 1117 (quanquam
1275 1047 1419 1100 enim
1472 1045 1561 1100 ille
1608 1046 1729 1099 vita:
1778 1044 2089 1115 integritate

508 1138 819 1208 prtestabat,
845 1138 1123 1207 theologia:
1152 1146 1327 1191 tamen
1358 1138 1506 1191 rudis
1533 1147 1651 1192 erat
1677 1146 1731 1192 et
1757 1134 2084 1206 imperitus),

507 1236 575 1289 ad
619 1232 896 1297 Basiliam,
928 1232 1139 1286 illustre
1185 1230 1313 1285 illud
1352 1229 1545 1295 sidus,
1591 1228 1811 1292 scribit,
1856 1243 2088 1297 eumque

506 1330 832 1389 obtestatur,
856 1340 922 1379 ne
943 1325 1105 1395 ullam
1137 1322 1541 1377 inimicitiarum
1568 1322 1831 1376 rationem
1861 1322 2084 1385 haheat,

519 1421 612 1472 sed
640 1418 941 1472 animarum
974 1412 1267 1483 periculum
1295 1421 1477 1467 mente
1508 1422 1789 1480 reputans,
1820 1422 2089 1480 metrOpo-

506 1509 685 1563 litana:
734 1508 985 1562 Ecclesia:
1034 1507 1152 1560 sine
1212 1506 1315 1559 ulla
1372 1520 1519 1558 mora
1578 1504 1854 1573 suppetias
1898 1504 2081 1557 ferat:

505 1601 667 1653 simtd
695 1597 857 1652 etiam
889 1612 947 1651 se
990 1595 1299 1659 aﬂ‘uturum,
1337 1593 1567 1663 bellique
1604 1595 1920 1647 societatem
1962 1608 2083 1646 cum

414 1738 417 1749 ς
505 1708 573 1745 eo
632 1692 899 1746 coiturum
963 1689 1265 1758 pollicetur.
1336 1686 1454 1753 Qua
1513 1686 1760 1740 oratione
1822 1686 2081 1739 eximium

506 1786 696 1836 ducem
739 1781 803 1835 ad
842 1779 1038 1833 hellmn
1069 1777 1468 1846 suscipiendum
1506 1777 1750 1847 impellit.
1802 1775 2082 1829 Profectus

2190 587 2281 641 τοῦ
2306 588 2452 641 ὁσίου
2484 588 2563 641 ἔτι
2598 586 3084 659 πηδαλιουχοῧντος
3112 588 3210 659 τὴν
3239 588 3579 659 μητρόπολιν,
3616 594 3724 663 πρὸς

2188 680 2244 733 δὲ
2279 680 2369 733 τὸν
2403 680 2579 751 μέγαν
2610 680 2891 733 Βασίλειον
2914 680 3186 751 πρεσϐύτε
3197 697 3286 747 ρον
3309 680 3456 743 ὄντα,
3485 683 3573 734 καὶ
3588 684 3642 736 ὲν
3662 686 3721 754 τῷ

2188 770 2375 839 Πόντῳ
2398 770 2814 840 φιλοσοφοῦντα,
2851 770 3048 841 ἔχθραν
3069 771 3169 840 ἀνῃ
3180 787 3242 840 ρη
3253 769 3433 839 μένου,
3460 771 3722 836 δείσαςτῶν

2187 860 2478 930 αίρετικῶν
2495 861 2584 913 τὸν
2623 861 3020 931 συνασπισμὸν,
3058 860 3151 914 καὶ
3184 860 3283 931 τὴν
3311 860 3495 929 ἔφοδον
3512 862 3599 916 ’τοῦ
3625 882 3721 935 προ

2187 952 2420 1015 εστῶτος
2452 953 2525 1024 μὴ
2554 952 2831 1017 σθένοντος
2857 952 3293 1023 παρατάττεσθαι
3320 952 3454 1022 (54),
3482 949 3563 1023 (ἦν
3584 954 3622 1006 δ’
3649 950 3719 1009 οὗ·

2187 1061 2296 1107 τος,
2345 1046 2392 1096 εἰ
2416 1044 2616 1097 καὶτὸν
2651 1044 2764 1115 βίον
2793 1044 3009 1114 σεμνὸς,
3054 1044 3167 1097 ἀλλ’
3191 1040 3286 1097 οὖν
3322 1044 3457 1115 πρὸς
3486 1044 3721 1114 θεολογίαν

2186 1136 2575 1208 ἀγύμναστος),
2614 1137 2912 1191 ἐπιστέλλει
2947 1137 3230 1208 Βασιλείῳ,
3266 1136 3341 1208 τῷ
3372 1139 3619 1210 φωστῆρι,
3644 1140 3719 1210 τῆς

2188 1231 2384 1303 ἔχθρας
2417 1233 2513 1301 μὲν
2537 1230 2650 1301 (55)
2687 1230 2982 1284 ἀντιϐολῶν
3005 1232 3289 1302 άλογῆσαι,
3325 1230 3415 1286 τὸν
3441 1232 3655 1286 κίνδυνον
3676 1234 3719 1288 δι

2184 1325 2293 1377 τῶν
2320 1324 2509 1393 ψυχῶν
2552 1325 2881 1395 ἐννοήσαντα
2913 1328 3135 1394 ταχεῖαν
3164 1324 3484 1395 ἐπικουρίαν
3501 1323 3599 1393 (56)
3620 1326 3719 1377 ἑαυ-

2186 1414 2276 1467 τὸν
2310 1414 2533 1484 κομίσαι
2564 1418 2628 1485 τῇ
2663 1415 2959 1486 Ἐκκλησία
2975 1416 3073 1485 τῆς
3101 1415 3484 1487 μητροπόλεως
3518 1416 3620 1486 ἅμα
3647 1420 3717 1469 καὶ

2185 1506 2282 1577 τὴν
2315 1505 2425 1577 ('57)
2474 1506 2667 1559 ἑαυτοῦ
2702 1508 3007 1579 παρουσίαν
3038 1510 3129 1561 καὶ
3174 1509 3488 1579 συμμαχίαν
3527 1509 3717 1580 ὑποσχό-

2182 1608 2365 1668 μενος.
2398 1596 2585 1650 Ταῦτα
2630 1598 2822 1664 εἰπὼν,
2870 1598 3047 1651 πείθει
3073 1601 3164 1651 τὸν
3209 1600 3433 1671 ἄριστον
3458 1600 3715 1670 στρατηγὸν

2185 1690 2468 1743 ἀνελέσθαι
2511 1690 2601 1741 τὸν
2649 1690 2904 1761 πόλεμον.
2949 1691 3147 1745 Ἐλθὼν
3179 1688 3272 1745 οὖν
3314 1694 3409 1745 καὶ
3437 1693 3603 1756 αὐτὸς,
3643 1694 3717 1746 καὶ

2188 1782 2685 1852 συνεκστρατεύσας
2710 1784 2817 1852 (58)
2852 1784 3017 1854 αύτῷ,
3054 1786 3134 1846 είς
3162 1785 3223 1837 τὸ
3246 1784 3506 1855 ὀχύρωμα
3533 1784 3626 1836 τῶν
3648 1787 3715 1839 ai.

506 1874 671 1942 igitur
724 1873 838 1941 ipse
889 1886 1124 1939 quoque,
1166 1877 1527 1938 susceptaque
1584 1884 1706 1922 cum
1754 1882 1821 1922 eo
1867 1868 2081 1936 expedi-

2187 1873 2417 1943 ρετικῶν
2448 1874 2782 1944 παραδύεται
2802 1874 2935 1943 (59),
2960 1874 3053 1927 καὶ
3075 1873 3145 1927 τὰ
3159 1874 3269 1927 τῶν
3284 1854 3495 1929 ἀσεϐῶν
3512 1874 3714 1945 δόγματα

508 1966 672 2027 tione,
703 1963 755 2016 in
775 1963 1148 2016 haereticorum
1177 1958 1487 2027 praesidium
1518 1967 1572 2011 et
1599 1973 1781 2013 arcem
1809 1958 2079 2025 irrumpit,

503 2056 842 2123 eoucisisque
862 2053 1143 2118 impiorum
1169 2051 1444 2105 hominum
1468 2066 1531 2105 ac
1553 2051 1848 2121 proﬂigatis
1865 2053 2084 2119 dogma-

505 2151 648 2203 tibus
693 2156 949 2215 tr0paau'm
984 2145 1141 2199 simul
1182 2159 1302 2198 cum
1354 2142 1549 2197 Basilio
1612 2144 1806 2213 erigit,
1837 2144 2081 2197 hostibus

503 2242 734 2312 ignavia:
763 2255 873 2294 sua:
914 2236 1413 2307 imbecillitatisqne
1444 2237 1774 2292 conscientia
1806 2236 1857 2289 in
1902 2236 2079 2306 fugam

502 2335 700 2389 versis.
748 2333 827 2387 Ac
873 2332 999 2385 talia
1051 2330 1190 2385 Deus
1226 2344 1322 2399 per
1360 2344 1549 2384 servos
1592 2327 1753 2383 eiliclt
1786 2346 1799 2381 :
1837 2327 1925 2398 qui
1957 2344 2078 2382 cum

504 2426 790 2482 immodice
824 2431 1233 2478 excrescentem
1282 2433 1442 2490 atque
1490 2423 1852 2477 exundantem
1902 2421 2079 2476 homi-

502 2534 632 2571 num
687 2515 1023 2583 iniquitatem
1070 2512 1262 2576 cernit,
1308 2513 1734 2582 prmstautissimi
1764 2522 1924 2583 atque
1952 2514 2082 2567 cha-

502 2607 707 2663 rissiiui
736 2606 976 2675 ﬁgmenti
1010 2604 1362 2657 miseratione
1398 2614 1699 2671 permotus,
1735 2605 1881 2659 viros
1903 2604 2077 2659 cinni-

500 2702 601 2755 bus
650 2697 867 2752 virtutis
919 2695 1160 2750 numeris
1195 2694 1472 2749 absolutos
1522 2694 1761 2759 excitat,
1818 2694 2075 2749 auxilium

501 2792 767 2861 quoddam
804 2786 1253 2857 disciplinamque
1298 2787 1382 2849 iis,
1412 2801 1643 2856 quorum
1677 2786 1822 2841 salus
1864 2788 2077 2856 pericli-

501 2894 669 2946 tatur,
739 2894 1069 2950 procurans;
1142 2894 1208 2932 ne
1263 2877 1477 2931 fultura:
1535 2888 1698 2946 atque
1763 2874 2072 2930 adminiculi

503 2975 725 3044 penuria
759 2975 1054 3027 humanum
1087 2984 1255 3041 genus
1289 2984 1484 3023 noxam
1517 2968 1802 3024 contrahat
1841 2978 1894 3023 et
1929 2968 2076 3021 labe-

503 3064 1272 3136 factetur:quemadmodum
1332 3071 1444 3114 tum
1498 3076 1711 3130 quoque
1764 3060 1912 3123 fecit,
1978 3060 2076 3115 hns

500 3162 650 3215 viros
690 3160 966 3223 excitans,
1010 3172 1072 3211 ac
1121 3153 1267 3209 velut
1301 3151 1586 3223 coagulum
1638 3152 1906 3222 quoddam
1947 3152 2072 3207 lacti

2182 1958 2536 2029 κατατέμνων
2576 1959 2668 2011 καὶ
2714 1958 2965 2025 διαλύων,
3014 1961 3321 2031 συνεγείρει
3372 1961 3431 2013 τὸ
3474 1960 3712 2032 τρόπαιον,

2184 2050 2426 2118 φυγάδας
2453 2050 2754 2116 ἀπελέγξας
2778 2054 2907 2113 τοὺς
2934 2052 3243 2122 πολεμίους,
3285 2054 3385 2123 τῆς
3410 2053 3576 2106 αὐτῶν
3589 2055 3713 2106 ἀναν·

2181 2142 2332 2213 δρίας
2362 2142 2621 2206 λαϐόντας
2646 2142 3016 2213 συναίσθησιν.
3047 2145 3285 2198 Τοιαῦτα
3315 2144 3404 2198 διὰ
3427 2145 3529 2199 τῶν
3555 2144 3711 2199 ἑαυτοῦ

2182 2236 2527 2307 θεραπόντων
2560 2236 2691 2300 Θεὸς
2728 2238 3141 2309 κατεργάζεται·
3181 2238 3258 2302 ὃς,
3284 2241 3411 2293 ὅταν
3438 2239 3518 2310 ἴδῃ
3553 2238 3711 2308 πολλὴν

2182 2328 2613 2392 ἐπιπολάζουσαν
2668 2329 2779 2381 τῶν
2820 2329 3119 2401 ἀνθρώπων
3172 2333 3533 2403 παρανομίαν,
3580 2332 3712 2400 οἴκτῳ

2178 2420 2271 2473 τοῦ
2292 2422 2623 2493 τιμιωτάτου
2653 2422 2967 2493 πλάσματος
3002 2424 3265 2494 ὲξεγείρει
3300 2426 3527 2488 τελείους
3552 2424 3711 2495 ἄνδρας

2180 2513 2647 2585 ἐπικουρίαν-τινά
2678 2514 2772 2568 καὶ
2827 2515 3202 2584 παιδαγωγίαν
3249 2519 3363 2579 τοῖς
3392 2514 3709 2569 κινδυνεύουσι

2180 2601 2651 2673 προμηθούμενος,
2692 2604 2777 2656 ἵνα
2804 2603 2878 2674 μὴ
2903 2603 2996 2657 τοῦ
3022 2605 3370 2675 στηρίζοντος
3390 2608 3423 2675 ή
3455 2604 3633 2676 ἀπορία
3665 2605 3711 2655 τὸ

2179 2693 2331 2761 γένος
2368 2690 2690 2764 λυμήνηται·
2746 2692 2887 2748 καθὰ
2926 2696 3018 2749 καί
3061 2696 3181 2748 τότε
3211 2698 3501 2768 πεποίηκε,
3530 2695 3709 2756 τούτους

2179 2784 2562 2853 διαναστήσας,
2608 2785 2702 2837 καὶ
2750 2778 2861 2838 οἷόν
2904 2803 3028 2839 τινα
3061 2785 3193 2838 ὀπὸν
3233 2788 3328 2840 τὸν
3363 2791 3710 2871 ἐμϐαλλόμενον

2181 2877 2410 2945 γάλακτι
2446 2877 2666 2942 τούτους
2704 2879 2783 2941 είς
2822 2878 2985 2949 μέσον
3015 2879 3184 2942 τιθεὶς
3234 2880 3352 2951 (40)
3391 2883 3511 2947 τοὺς
3546 2887 3603 2954 τῇ
3638 2899 3710 2934 που

2175 2970 2417 3041 λυσχιδεῖ
2471 2972 2704 3043 πονηρίᾳ
2758 2972 2852 3024 καὶ
2917 2972 3146 3043 ἀσεϐείᾳ
3208 2974 3465 3030 πλεῖστον
3513 2976 3709 3045 ἀλλήλων

2178 3064 2555 3135 ἀφεστηκότας
2586 3065 2699 3136 (41)
2745 3065 2826 3127 είς
2877 3064 3008 3137 μίαν
3043 3067 3223 3121 συνδεῖ
3266 3069 3448 3139 φιλίαν
3475 3070 3557 3123 καὶ
3579 3070 3708 3138 ἁρμο-

2178 3156 2318 3211 νίαν.

502 3258 757 3324 injectum
790 3256 842 3308 iu
881 3253 1113 3308 medium
1163 3265 1404 3321 ponens;
1461 3259 1620 3316 atque
1680 3249 1748 3302 ita
1798 3264 1892 3303 eos
1961 3252 2051 3319 qui
2118 3254 2381 3309 multitida
2437 3252 2786 3324 improbitate
2834 3264 2888 3311 et
2958 3256 3234 3327 impietate
3305 3258 3578 3329 plurimum
3604 3258 3711 3311 inter

500 3367 560 3407 se
582 3349 753 3404 dissiti
783 3358 962 3411 erant,
999 3347 1051 3401 iu
1086 3360 1246 3399 uuam
1280 3343 1576 3399 amicitiam
1613 3344 2074 3412 concordiamque
2112 3350 2509 3419 constringens.
3648 3336 3655 3341 ⁷

572 3447 689 3502 Non
736 3445 960 3500 multum
1002 3442 1258 3511 temporis
1297 3442 1706 3501 intercesserat,
1761 3454 1883 3492 cum
1934 3455 2073 3509 prm-

2251 3445 2325 3497 Ού
2363 3444 2497 3499 πολὺ
2522 3445 2581 3498 τὸ
2598 3447 2655 3500 ὲν
2685 3445 2858 3518 μέσῳ,
2888 3445 2982 3497 καὶ
3011 3445 3039 3499 ό
3067 3446 3165 3514 μὲν
3192 3446 3478 3519 είρημένος
3499 3442 3711 3514 πρόεδρος

501 3538 679 3593 dictus
722 3536 839 3604 ejus
882 3533 1136 3588 Ecclesiae
1193 3533 1419 3587 antistes
1463 3532 1529 3585 ad
1576 3533 1852 3587 meliorem
1904 3533 2068 3586 vitam

502 3628 773 3700 migravit.
824 3623 1046 3695 Magnus
1079 3638 1240 3692 porro
1276 3624 1428 3677 labor
1457 3622 1719 3692 Gregorio
1757 3624 2072 3679 subeundus

502 3722 752 3785 fuit,tum
776 3717 1026 3786 privatim
1056 3717 1397 3784 quibusdam,
1427 3726 1536 3768 tum
1572 3717 1784 3785 publice
1804 3717 2078 3773 universis

509 3814 655 3865 urbis
694 3810 903 3865 civibus
945 3808 1227 3872 scribenti,
1275 3817 1457 3875 atque,
1510 3816 1565 3859 et
1612 3808 1821 3877 patris,
1875 3818 1932 3862 et
1980 3825 2077 3864 suo

504 3901 724 3955 nomine
757 3898 1005 3953 suadenti
1054 3908 1113 3950 ut
1166 3896 1423 3951 Basiliqu
1478 3899 1529 3952 in
1569 3900 2076 3971 archiepisc0patus

505 3997 702 4049 throno
727 3992 1079 4047 collocarent.
1113 3990 1379 4046 Praeclare
1425 3989 1476 4045 id
1524 4007 1739 4063 quoque
1768 4004 1930 4063 atque
1957 4010 2081 4064 per-

504 4086 663 4139 fecte.
702 4083 889 4155 Neque
923 4083 1069 4138 enim
1104 4092 1163 4137 ut
1200 4083 1359 4137 amici
1395 4080 1715 4141 commodis
1744 4087 2029 4145 inserviret
2062 4131 2077 4155 ,

506 4181 649 4235 hanc
678 4176 1255 4246 operam‘suseipiebat
1281 4215 1298 4241 ,
1350 4177 1446 4231 sed
1491 4187 1551 4231 ut
1591 4178 1821 4248 publica:
1859 4183 2080 4238 utilitati

505 4270 859 4339 prospiceret.
902 4268 1067 4322 Norat
1103 4267 1247 4321 enim
1290 4269 1575 4337 perspicue
1600 4313 1616 4341 ,
1662 4283 1820 4327 norat
1849 4275 2083 4345 opitula-

512 4374 682 4415 turem
716 4361 920 4430 Spiritu
952 4368 1143 4414 sancto
1171 4360 1391 4429 dignum
1428 4376 1443 4414 :
1477 4362 1546 4417 ob
1582 4378 1809 4435 eamque
1859 4382 2079 4421 causam

506 4468 615 4507 uuu
643 4464 769 4506 ante
794 4453 1051 4521 impetum
1093 4453 1320 4516 remisit,
1353 4468 1543 4522 quam,
1587 4457 1731 4525 quod
1764 4467 1911 4513 recte
1957 4474 2083 4527 pro-

508 4557 780 4616 posuerat,
847 4548 912 4599 ad
972 4546 1176 4600 exitum
1223 4548 1592 4618 perduxisset,
1628 4552 2079 4619 quemadmodum

508 4641 671 4693 etiam
708 4638 977 4709 perduxit.
1009 4640 1087 4693 Ac
1137 4640 1370 4694 Basilius
1415 4642 1632 4711 quidem
1668 4643 2079 4697 Caesariensium

507 4730 872 4801 gubernacula
908 4733 1143 4786 tenebat.
1177 4732 1379 4786 Invidia
1424 4743 1629 4797 autem,
1663 4732 2079 4804 dominandique

2179 3535 2339 3606 τῆσδε
2380 3536 2704 3609 Ἐκκλησίας
2741 3537 2853 3606 (42)
2892 3538 3027 3608 πρὸς
3068 3538 3164 3609 τὴν
3219 3540 3430 3610 ἀμείνω
3459 3537 3709 3610 μετανέστη

2181 3626 2327 3698 ζωήν
2356 3628 2487 3698 (45)·
2524 3629 2691 3692 πολὺς
2720 3628 2778 3681 δὲ
2826 3630 2984 3694 πόνος
3005 3630 3084 3700 τῷ
3116 3632 3403 3705 Γρηγορίῳ
3440 3631 3711 3684 καθίσταται

2179 3721 2444 3792 γράφοντι
2479 3722 2615 3792 πρὸς
2664 3720 2760 3793 τὴν
2790 3722 2965 3789 πόλιν,
3017 3724 3111 3775 καὶ
3145 3723 3249 3795 ἰδίᾳ
3302 3726 3431 3789 τισὶ,
3483 3722 3708 3789 καὶκοινῇ

2182 3814 2337 3877 πᾶσι,
2366 3813 2461 3865 καὶ
2490 3812 2731 3866 πείθοντι
2759 3812 2830 3866 τὰ
2860 3814 2957 3884 μὲν
2984 3813 3072 3867 διὰ
3116 3813 3210 3866 τοῦ
3238 3816 3464 3886 πατρὸς,
3499 3814 3560 3866 τά
3592 3813 3637 3864 δὲ
3658 3809 3707 3861 δι’

2182 3903 2374 3959 ἑαυτοῦ
2427 3905 2505 3975 τῷ
2556 3904 2729 3975 θρόνῳ
2774 3906 2871 3977 τῆς
2916 3906 3327 3980 ἀρχιερωσύνης
3376 3904 3710 3977 ἐγκαθιδρῦσαι

2183 3995 2483 4049 Βασίλειον·
2528 3995 2645 4048 λίαν
2690 3997 2781 4050 καὶ
2820 3996 2976 4050 τοῦτο
3005 3997 3251 4062 τελείως.
3287 4000 3362 4053 Οὐ
3396 4001 3497 4071 γάρ
3515 3998 3581 4059 ὡς
3602 3994 3711 4062 φίλῳ

2182 4088 2535 4160 χαριζόμενος
2586 4086 2875 4159 ἔπραττεν,
2926 4089 3061 4143 ἀλλὰ
3107 4089 3203 4143 τοῦ
3256 4092 3433 4146 κοινοῦ
3491 4084 3707 4161 προνοῶν.

2187 4182 2342 4253 ᾝδει
2389 4182 2519 4252 γάρ,
2568 4180 2680 4251 ᾔδει
2737 4180 2925 4248 σαφῶς
2962 4182 3053 4235 τὸν
3099 4182 3193 4235 τοῦ
3240 4183 3545 4254 Πνεύματος
3592 4176 3710 4239 ἄξιον

2184 4274 2566 4346 παραστάτην·
2604 4273 2691 4327 διά
2720 4274 2878 4327 τούτο
2912 4275 3013 4328 οὐκ
3060 4274 3251 4345 ἀνῆκε,
3300 4276 3433 4347 πρὶν
3478 4276 3551 4336 είς
3588 4269 3707 4326 τέλος

2182 4368 2363 4439 ἀγάγῃ
2396 4367 2504 4435 (Η)
2530 4366 2588 4419 τὸ
2619 4366 3007 4437 προσηκόντως
3040 4365 3475 4437 βεϐουλευμένον·
3497 4362 3582 4417 καὶ
3608 4358 3705 4431 μέν·

2182 4475 2265 4511 τοι
2290 4460 2384 4511 καὶ
2406 4460 2633 4529 ἤγαγεν.
2674 4459 2734 4511 Ὀ
2768 4458 2868 4527 μὲν
2901 4454 2993 4512 οὖν
3028 4457 3307 4521 Βασίλειος
3346 4453 3454 4527 εἶχε
3489 4454 3579 4525 τῆς
3604 4452 3705 4503 Kas-

2186 4551 2396 4621 σαρέων
2424 4552 2550 4614 τοὺς
2571 4550 2781 4615 οἴακας.
2813 4549 3009 4603 Φθόνου
3032 4550 3089 4602 δὲ
3131 4550 3226 4603 καὶ
3260 4548 3539 4619 φιλαρχίας
3571 4546 3705 4599 ἐπαυ-

2186 4640 2477 4710 ξηθέντων,
2511 4641 2798 4712 διαιρεῖται
2832 4642 2910 4702 εἰς
2940 4639 3032 4691 δύο
3060 4639 3091 4708 ἡ
3126 4634 3523 4697 Καππαδοκῶν,
3583 4629 3709 4700 μέχρι

2184 4733 2303 4784 τότε
2343 4732 2438 4802 μία
2478 4733 2616 4794 τέως
2646 4733 2758 4801 (45)
2793 4728 3188 4801 γνωριζομένη·
3221 4728 3317 4781 καὶ
3347 4722 3705 4794 ἀντιδιαιρεῖπαι

508 4824 803 4891 cupiditate
856 4824 1229 4892 gliscentibus,
1279 4825 1644 4894 Cappadocia,
1684 4840 1803 4893 quae
1850 4801 2076 4877 aute—id

2187 4828 2281 4895 τῆς
2310 4825 2632 4896 Καισαρέων
2654 4825 2723 4878 τὰ
2751 4824 2955 4887 Τύανα,
2978 4822 3053 4885 ὡς
3075 4822 3258 4876 λοιπὸν
3282 4816 3592 4896 ἐκδικείσθαι
3610 4808 3706 4880 παρ’

510 4924 723 4985 tempus
748 4930 853 4968 una
884 4915 1299 4986 agnoscebatur,
1352 4918 1405 4971 in
1462 4916 1597 4971 duas
1651 4918 1820 4972 divisa
1863 4926 1966 4984 est,
2015 4931 2079 4969 ac

579 5125 691 5195 (54)
716 5123 791 5177 Ita
834 5122 954 5195 cod.
981 5123 1043 5177 Ρ.
1078 5134 1151 5195 et_
1175 5123 1579 5195 sielegeudum
1622 5133 1800 5175 mouet
1846 5118 2083 5195 Montac.

507 5192 608 5269 nec
640 5210 745 5248 non
775 5204 829 5249 et
858 5194 1101 5248 Combef.
1134 5192 1190 5246 lu
1222 5194 1351 5247 edit.
1385 5194 1728 5264 quibusdam,
1770 5192 2083 5269 σπαράττε-

510 5264 653 5318 σθαι.

576 5332 841 5399 (55)Μέν
878 5334 1029 5388 deest
1077 5334 1127 5387 in
1173 5334 1329 5389 eudd.
1372 5332 1523 5388 Colb.
1574 5332 1641 5394 2,
1677 5342 1731 5386 et
1781 5332 1899 5395 0r.,
1932 5350 2087 5387 mox-

506 5406 874 5488 upe‘Colhert.
916 5406 975 5469 1,
1025 5416 1079 5458 et
1112 5401 1205 5460 Or.
1252 5406 1474 5472 legunt,
1518 5402 1805 5475 ἁλογῆσαι,
1854 5405 1947 5457 καὶ
1994 5405 2084 5457 τὸν

880 5546 999 5619 0r.,
1028 5548 1223 5619 ταχείᾳ
1249 5545 1563 5619 ἐπικουρία.

580 5614 693 5690 (ζῇ)
988 5628 1040 5670 et
1194 5614 1309 5690 ἅμα
1334 5618 1390 5690 δέ
1417 5614 1659 5690 καὶζτήν.

580 5684 692 5761 (58)
724 5685 876 5738 Colb.
904 5686 927 5738 1
956 5728 969 5752 ,
1004 5699 1057 5741 et
1084 5687 1179 5745 0r.
1235 5682 1434 5741 Ἐλθὼν
1470 5682 1561 5741 οὖν
1593 5682 1693 5742 ’καί
1756 5706 2086 5761 συνεκστρας

508 5753 729 5816 τεύτας.

580 5824 693 5892 (59)
723 5823 872 5882 Colb.
908 5827 951 5892 Ι,
986 5826 1293 5882 ἀποδύεται.

2188 4894 2510 4987 ἀμφοτέρων
2538 4916 2673 4984 (46),
2711 4916 2803 4970 καί
2830 4916 2928 4981 τὰς
2962 4914 3218 4985 πολίχνας
3248 4894 3703 4983 ἀμφισόητούντωνο

2398 5123 2549 5177 Colb.
2577 5124 2637 5194 A2.
2667 5136 2719 5176 et
2752 5122 2868 5183 0r.,
2898 5126 2974 5186 εἰς
3010 5125 3174 5194 μέσον
3204 5124 3334 5188 θείς.

2259 5193 2373 5265 (μ)
2400 5194 2533 5265 Cod.
2574 5192 2656 5265 ἢ,
2688 5194 2951 5265 πλείστων
2995 5192 3238 5265 ἀλλήλων
3266 5192 3588 5265 ἐφεστώτων.

2226 5252 2372 5386 f(te)
2399 5264 2550 5317 Colb.
2596 5252 2654 5327 ιζ
2696 5267 2762 5326 2,
2807 5276 2861 5317 et
2901 5264 2993 5317 υτ.
3026 5252 3171 5328 uoti,
3201 5252 3363 5335 τῆσδε
3391 5264 3485 5334 τῆς
3522 5252 3707 5318 Ἐκκλη⁴

2244 5352 2327 5386 ας.

2190 5352 2327 5397 σιας.

2260 5391 2371 5476 (λδ)
2404 5405 2556 5486 (ξοιι).
2585 5406 2637 5471 1,
2668 5404 2903 5477 μετέστη
2932 5403 3099 5477 ζωήν,
3122 5419 3189 5459 aa
3228 5408 3486 5459 meliorem
3522 5391 3707 5453 translu-

2189 5491 2270 5531 ηις
2301 5490 2374 5529 est
2401 5487 2577 5529 mlum.

2262 5546 2371 5617 (Η)
2406 5548 2537 5617 Cod.
2564 5548 2646 5613 P.,
2673 5544 2892 5614 ἀγάγει.
2921 5545 3053 5617 Cod.
3088 5545 3205 5611 0r.,
3242 5544 3483 5614 ἀγαγεῖν.

2256 5615 2369 5685 (45)
2401 5616 2547 5682 Τέως
2576 5618 2727 5671 deest
2760 5620 2810 5671 iu
2843 5617 2994 5669 Colb.
3019 5615 3073 5669 2.
3374 5684 3379 5685 γ
3492 5682 3501 5685 _
3608 5673 3633 5685 Α,

2259 5681 2476 5760 (“illm
2514 5681 2791 5751 l’egemtum
2834 5686 3276 5760 moneutantiqni
3302 5684 3462 5760 editi;
3491 5682 3553 5760 ita
3576 5681 3705 5760 citat:

2188 5752 2430 5811 rodeP.
2456 5769 2509 5810 et
2539 5761 2631 5810 Or.
2657 5760 2805 5811 (Iulb.
2844 5757 2879 5809 ‘2
2926 5756 3085 5810 habet
3117 5752 3441 5811 ἐκδικεῖσθαι
3472 5752 3567 5805 τῶν
3607 5752 3693 5805 παρ

2188 5828 2531 5893 ἀμφοτέρων.
2570 5827 2753 5885 Billius
2786 5825 3160 5883 ἑκδηαεῖσθαι.
