3824 6394
159 334 244 394 277

1127 336 1460 394 AUCTORE
1496 337 1850 395 GBEGORIO
1888 337 2371 395 PRESBYTERO.

3252 335 3356 393 9.78

155 450 344 520 ρεύετο,
388 444 476 499 καί
509 444 772 514 ἠσθένει.
804 442 913 502 Ἦν
941 451 1074 521 όρᾷν
1115 447 1208 505 οὖν
1255 453 1516 525 ποικίλην
1557 446 1677 508 τίνὰ

1784 455 1910 508 illud
1939 455 2239 524 Scripturte
2274 453 2591 524 impleretur
2617 467 2633 505 :
2661 449 2860 505 Domus
2888 449 3184 507 David‘ibat
3207 462 3254 505 et
3277 455 3356 505 in-

157 542 244 596 τῶν
286 535 584 606 σωζομένων
627 536 724 606 τὴν
759 538 1011 605 εὐταξίαν
1041 541 1172 612 (97).
1211 544 1274 595 Ol
1307 543 1405 614 μὲν
1435 543 1541 616 γὰρ
1573 546 1676 619 ἤδη

153 629 560 703 ὲσαγηνεύθησαν,
585 630 633 682 οἰ
653 631 710 684 δὲ
737 631 960 702 ἔμελλον
985 652 998 664 ·
1034 637 1084 688 οἱ
1119 635 1195 700 δὲ,
1237 637 1337 708 ἤδη
1365 638 1677 692 τελειωθέν-

153 742 240 788 τες,
272 721 426 776 άλλων
461 715 597 790 ἦσαν
622 720 880 792 Θηρευταὶ
909 726 1002 780 καὶ
1034 727 1362 782 διδάσκαλοι.
1406 729 1525 782 Ἐπὶ
1549 729 1674 783 τού-

152 831 240 878 τοις
262 812 333 876 τίς
359 811 419 864 ἂν
465 812 648 883 ἕτερος
694 815 890 885 ἤνεγκε
923 818 1039 872 τῶν.
1085 820 1184 890 μὲν
1249 821 1537 889 Ἀρειανῶν
1575 822 1674 889 τὴν

151 906 305 980 ὀργὴν,
352 903 450 957 τῶν
490 905 544 956 δὲ
574 907 868 982 πέλαςτὴν
900 911 1237 981 βασκανίαν;
1279 915 1515 981 Οίτινες,
1557 913 1674 968 δέον

149 996 430 1064 ἐπικουρεῖν,
486 996 578 1048 καὶ
604 998 990 1072 ἀγωνιζομένῳ
1045 1003 1528 1071 συναγωνίζεσθαι,
1561 1008 1674 1068 τοῖς

147 1084 514 1156 κατορθώμασιν
539 1088 705 1142 αὑτοῦ
731 1089 1108 1162 ἐδυσχέραινον
1137 1093 1268 1164 (98),
1315 1093 1538 1165 ἔξαμμα
1577 1096 1671 1148 τοῦ

145 1180 303 1250 φθόνου
326 1177 420 1246 τῆς
461 1178 786 1250 Ἐκκλησίας
816 1183 1127 1254 ποιούμενοι
1159 1185 1256 1256 τὴν
1287 1185 1550 1251 ἐπίδοσιν,
1580 1187 1678 1239 καὶ

143 1272 232 1332 τοῖς
252 1268 370 1331 ίσοις
395 1273 613 1340 κρατεῖν
636 1272 736 1325 οὐκ
757 1272 1051 1342 ἰσχύοντες,
1076 1275 1108 1346 ἢ
1133 1275 1194 1327 ού
1228 1273 1538 1345 βουλόμενοι
1561 1275 1674 1346 (99)

142 1360 278 1432 κακία
303 1359 392 1430 τὴν
412 1360 609 1432 ἀρετὴν
643 1364 971 1436 ὑπερϐαλεῖν
993 1364 1264 1437 ἡμιλλήθη
1274 1383 1393 1419 σαν.

1782 545 2081 610 crescebat;
2129 546 2522 598 domus-autem
2573 542 2710 598 δοκι
2749 545 2857 598 ibat
2887 552 2937 597 et
2971 541 3356 597 decrescebnt'.

1781 637 1862 691 Ac
1891 637 2100 690 varium
2131 636 2422 704 quemdam
2457 649 2668 700 eorum,
2693 635 2782 704 qui
2811 634 3040 688 salutem
3064 647 3358 700 conseque-

1783 731 2000 793 bantur,
2046 729 2280 798 lepidum
2327 729 2592 784 ordinem-
2623 743 2846 784 cernere
2871 737 3007 782 erat.
3057 727 3354 780 Alii-enim

1777 824 1887 894 jam
1921 839 2122 893 sagena
2145 823 2338 877 inclusi
2365 825 2706 887 tenebantur,
2737 822 2826 876 alii
2858 819 3086 890 iamjanr
3107 817 3356 885 capiendi

1781 927 1940 970 erant
1971 934 1986 970 :
2015 915 2105 968 alii
2143 916 2307 969 etiam
2336 915 2449 985 jam
2479 914 2864 984 perfectionem
2890 909 3092 980 adepti,
3123 908 3354 981 aliorum

1781 1013 2069 1058 venatores
2112 1019 2175 1058 ac
2210 1005 2455 1073 magisui
2488 1011 2662 1059 erant.
2699 1003 2894 1057 Verum
2922 1001 3199 1055 enimvero
3232 997 3356 1066 quis

1780 1095 1917 1149 alius
1945 1097 2072 1150 hinc
2105 1096 2430 1150 Arianorum
2463 1097 2632 1160 iram,
2661 1097 2787 1148 hinc
2817 1093 3239 1164 prapinquorum
3271 1090 3354 1143 in-

1783 1188 1980 1240 vidiam
2013 1187 2152 1242 ferre
2181 1189 2493 1256 potuisset?
2524 1187 2622 1254 Qui
2647 1187 2886 1256 quidem,
2920 1200 3043 1240 cum
3072 1183 3170 1252 ipsi
3198 1196 3354 1250 opem

1785 1277 1926 1332 ferre
1953 1293 2012 1331 ac
2036 1277 2406 1331 dccertanlem
2434 1277 2689 1342 adjuvare
2718 1275 2996 1336 deberent,
3021 1271 3188 1339 ipsius
3213 1277 3356 1322 reete

1782 1364 1940 1421 factis
1975 1365 2420 1431 oll‘endehantur,
2461 1365 2716 1420 Ecclesia:
2749 1357 3356 1417 incrementum'livoris

145 1455 283 1507 facem
308 1463 352 1508 el
384 1455 708 1510 incentivum
734 1457 1000 1514 facientes
1023 1477 1036 1513 :
1059 1468 1112 1514 et
1142 1475 1262 1512 cum
1295 1459 1484 1515 iisdem
1509 1460 1670 1515 rebus
1703 1463 2012 1517 superiores
2041 1463 2156 1531 ipso
2183 1476 2305 1517 esse
2337 1461 2420 1515 vel
2483 1460 2791 1529 nequirent,
2865 1458 2948 1510 vel
2984 1455 3210 1520 nollent,
3239 1453 3353 1505 vir-

143 1558 277 1600 tatem
307 1546 503 1601 scelere
529 1564 788 1618 superare
823 1553 1236 1607 contendebant.

194 1637 339 1693 Οὔπω
372 1640 427 1692 δέ
452 1642 646 1696 τούτου
675 1643 1026 1716 λωφήσαντος
1049 1647 1142 1700 τοῦ
1160 1648 1355 1713 κακοῦ,
1391 1649 1677 1719 ἐπιφύεται

1851 1645 2096 1702 Nondum
2128 1646 2230 1702 hoc
2269 1643 2467 1698 malum
2511 1643 2755 1697 sedatum
2786 1649 2902 1695 erat
2923 1677 2938 1702 ,
2976 1652 3099 1692 cum
3131 1642 3354 1688 exortus

137 1732 321 1802 ὁΣύρος
365 1733 786 1807 Ἀπολλινάριος,
841 1739 974 1792 ἰδίαν
1018 1740 1138 1793 τινὰ
1177 1742 1432 1807 καινίζων
1463 1742 1677 1796 κακοδο-

1782 1739 2146 1809 Apollinarius
2189 1737 2358 1808 Syrus
2395 1735 2718 1804 peculiarem
2754 1731 3041 1802 quamdam
3076 1736 3354 1783 et-novant

140 1824 249 1886 ξίαν.
287 1824 388 1896 Τὴν
440 1826 551 1899 γὰρ
598 1829 1009 1902 ἐνανθρώπησιν
1047 1831 1222 1903 ἀληθῆ
1283 1834 1356 1905 μὴ
1415 1833 1670 1900 δοξάζων,

141 1915 304 1984 σαρκὸς
333 1917 634 1988 πρόσληψιν
665 1921 756 1974 καὶ
775 1921 954 1992 ψυχῆς
976 1923 1171 1993 ἀλόγου
1203 1926 1370 1998 μόνην
1407 1927 1672 1988 ἐδίδασκε,

137 2007 280 2077 ψυχῆς
307 2011 489 2078 νοερᾶς
523 2012 621 2084 τὴν
641 2015 952 2084 οἰκονομίαν
986 2016 1448 2089 ἀποτεμνόμενος.
1497 2017 1676 2072 Ἑλλό-

139 2113 266 2165 γιμος
310 2099 362 2152 δὲ
389 2099 462 2154 ὢν
489 2103 594 2174 τὴν
650 2103 757 2156 τῶν
802 2105 1066 2177 Ἑλλήνων
1096 2110 1397 2175 παίδευσιν,
1453 2111 1675 2164 κλέπτει

137 2190 328 2254 πολλοῦς
356 2195 419 2264 τῇ
451 2196 698 2267 ποικιλίᾳ
724 2197 832 2250 τῶν
870 2199 1060 2269 λόγων.
1090 2202 1350 2273 Παρῆσαν
1387 2199 1480 2257 οῦν
1505 2205 1678 2257 ἀπανο

135 2283 268 2352 ταχοῦ
313 2285 409 2355 γῆς
466 2289 709 2360 μαθηταὶ
760 2296 864 2364 τῆς
909 2295 1194 2367 αἱρέσεως,
1244 2295 1492 2360 ἕλκοντες
1549 2297 1676 2359 τοὺς

134 2375 346 2444 ἀμαθεῖς,
375 2378 567 2452 ὥσπερ
611 2383 924 2456 ἀγκίστροις
976 2389 1056 2450 εἰς
1098 2387 1197 2458 τὴν
1238 2388 1533 2444 ἀπώλειαν.
1566 2385 1676 2445 Αῦο

136 2464 200 2527 θις
222 2463 302 2519 οὖν
321 2469 485 2536 ἀγῶνι
508 2470 770 2544 δυσμάχῳ
789 2476 1079 2547 συνείχετο,
1110 2469 1366 2550 ὲλέγίων,
1383 2482 1670 2552 ἐπιτιμῶν,

136 2560 449 2629 παρακαλῶν,
468 2565 603 2628 τοὺς
635 2567 734 2636 μὲν
763 2570 821 2621 ἐν
840 2573 905 2641 τῇ
932 2572 1109 2625 πίστει
1128 2573 1521 2642 διαφυλάττων,
1550 2577 1676 2640 τοὺς

133 2651 176 2704 δὲ
190 2653 474 2723 ἐπανάγων,
505 2657 630 2712 ὅθεν
663 2660 936 2726 ἐξέπεσον.
975 2658 1074 2718 Οἷα
1109 2665 1153 2718 δ’
1175 2661 1266 2719 οῦν
1295 2667 1506 2736 πέφυκε
1539 2685 1671 2740 συμ-

134 2742 313 2796 πίπτειν
341 2747 398 2798 ἐν
428 2751 546 2811 τοῖς
569 2750 846 2816 τοιούτοις,
869 2754 1013 2825 ήτῆς
1029 2755 1238 2819 τελείας
1258 2757 1516 2827 ὁμολογία
1543 2777 1676 2831 σαρ-

134 2834 319 2936 fuisse);
377 2840 457 2903 εἰς
505 2841 602 2894 δύο
665 2844 814 2908 υἱοὺς
860 2846 1119 2919 ἐνομίσθη
1173 2852 1284 2912 τοῖς
1333 2849 1676 2912 ἀπαιδεύτοις

131 2925 370 2994 διαίρεσις.
408 2929 522 2982 Ἀεὶ
555 2927 648 2985 οὖν
681 2932 758 3004 τῷ
807 2935 964 3006 δήμῳ
1015 2939 1539 3010 προσκαθεζομὲνων
1568 2941 1674 2995 τῶν

133 3017 358 3088 φοιτητῶν
400 3020 830 3096 Ἀπολλιναρίου,
877 3027 970 3080 καὶ
997 3028 1170 3082 ταῦτα
1190 3031 1296 3084 τοῦι
1327 3032 1475 3085 ὁσίου
1507 3051 1673 3106 κατη-

1778 1837 2027 1891 haeresim
2061 1835 2112 1888 itt
2151 1834 2325 1888 lucem
2363 1830 2539 1884 effert.
2589 1828 2864 1884 Christum
2897 1826 3040 1879 enitn
3075 1822 3356 1888 haudqua-

1776 1941 1935 1996 quam
1974 1939 2100 1978 vere
2131 1923 2331 1977 facttun
2364 1920 2638 1974 hominem
2670 1917 2938 1978 sentiens,
2975 1927 3193 1966 carnem
3229 1919 3352 1962 tan-

1775 2028 1886 2072 tum
1917 2017 2261 2084 animamque
2291 2012 2518 2066 rationis
2537 2019 2813 2080 expertem
2838 2008 2905 2060 ab
2930 2019 2994 2060 eo
3019 2009 3349 2072 assumptant

1773 2126 1893 2165 esse
1939 2111 2198 2171 docebat,
2270 2106 2506 2160 anitnam
2553 2100 2904 2167 intelligentia
2947 2097 3226 2167 praeditam
3283 2093 3354 2145 ab

1780 2202 1952 2272 ipsius
1981 2199 2316 2254 humanitate
2347 2195 2694 2251 abscindens.
2720 2191 2962 2259 Cumque
2987 2187 3206 2254 profana
3229 2200 3356 2239 eru-

1751 2296 1977 2348 ditione
2020 2290 2348 2356 excelleret,
2402 2288 2599 2341 multos
2649 2285 2936 2338 verborum
2985 2277 3252 2333 lenocinio
3297 2277 3353 2330 ir.

1777 2386 2022 2438 fraudem
2054 2380 2363 2436 inducebat.
2395 2379 2632 2432 Aderant
2661 2375 2822 2446 igitur
2855 2374 3053 2442 ubique
3086 2381 3352 2424 terrarum

1777 2477 2001 2532 Interesis
2050 2471 2339 2540 discipuli,
2383 2471 2630 2532 indoctos
2679 2465 2922 2520 homines
2973 2463 3128 2533 quasi
3177 2459 3354 2515 hamis

1773 2569 2096 2640 quihusdam
2131 2566 2184 2620 in
2215 2564 2441 2619 exitium
2476 2562 2774 2616 trahentes.
2823 2558 3026 2618 llursus
3057 2555 3217 2622 igitur
3244 2552 3354 2606 difs

1775 2659 1903 2714 ficili
1958 2656 2260 2713 certamine
2309 2652 2638 2708 constrictus
2686 2649 2971 2704 tenebatur
3018 2645 3354 2714 Gregorius,
3422 2704 3424 2706 _

1775 2764 2026 2819 arguens,
2042 2747 2348 2816 increpans,
2364 2742 2710 2809 obsecra-ns“,-
2734 2740 2872 2794 alios
2890 2740 2943 2794 in
2969 2738 3354 2802 fidere-tinens,

1774 2842 1912 2896 alios
1960 2856 2026 2895 eo
2049 2839 2189 2893 unde
2215 2837 2530 2892 exciderant
2567 2836 2845 2889 reducens.
2875 2831 2946 2888 Ut
2969 2842 3148 2886 autem
3181 2831 3234 2883 in
3262 2829 3338 2884 ho

1769 2932 2003 3002 jusntodi
2032 2933 2192 2987 rebus
2223 2929 2472 2985 accidere
2500 2928 2657 2991 solet,
2682 2927 2936 2997 perfecta:
2965 2922 3355 2980 incarnationis

1774 3025 2044 3080 confessio
2085 3023 2154 3078 ab
2196 3021 2464 3092 imperitis
2496 3021 2569 3073 ita
2605 3028 2825 3085 accepta
2847 3028 2974 3078 est,
3002 3016 3156 3086 quasi
3193 3015 3354 3068 Chri-

131 3107 416 3178 γορούντων,
471 3112 694 3183 ἴσχυσεν
743 3117 774 3186 ἡ
824 3117 1076 3188 ἐπήρεια.
1125 3120 1307 3185 Ῥανὶς
1331 3121 1441 3193 γὰρ
1473 3123 1676 3177 ἐνδελε‹

1782 3130 1895 3173 stus
1923 3118 1974 3172 in
2004 3117 2139 3171 duos
2168 3114 2309 3170 filios
2338 3113 2690 3168 divideretur.
2727 3111 2804 3164 Ac
2827 3110 3054 3180 proinde
3080 3107 3358 3178 Apollina-

134 3198 272 3302 χοῦσα
299 3203 556 3258 κοιλαίνει
611 3207 838 3278 πέτραν.
864 3210 973 3262 Καὶ
1004 3210 1191 3283 ἐπειδὴ
1221 3212 1540 3276 τὰτοιαῦτα
1581 3218 1680 3288 τῆς

129 3294 214 3343 τῶν
243 3294 438 3348 πολλῶν
467 3297 642 3368 ἀκοῆς
671 3298 1001 3373 ὑψηλότερα,
1052 3302 1126 3374 μὴ
1149 3303 1468 3374 δυναμένων
1498 3307 1677 3360 συνιέ-

130 3403 199 3437 ναι
221 3388 308 3457 τῆς
335 3389 650 3462 οἰκονομίας
669 3393 732 3444 τὸ
770 3391 950 3463 βάθος,
987 3394 1139 3449 λύκοι
1166 3397 1269 3467 μὲν
1299 3398 1643 3454 ἐπιστεύοντο
1662 3420 1675 3434 ’

129 3475 215 3576 (δὲ
247 3481 717 3576 ποιμὴνῠύπῆρχεν
741 3486 797 3536 ἐν
824 3485 1050 3557 ὑποψίᾳ,
1079 3487 1464 3567 τὴνάλήθειαν
1485 3492 1679 3544 ίεκπαι⁹

129 3562 282 3620 ἓεύων.
317 3569 377 3621 Oi
415 3565 510 3623 οὖν
563 3571 663 3640 τῆς
699 3572 906 3639 Ἀρείου
948 3573 1104 3644 δόξης
1134 3557 1462 3648 ὑπερμαχοι,
1490 3578 1678 3652 ὥσπερ

129 3655 231 3722 σύες
257 3660 325 3729 (1)
353 3661 536 3732 ἄγριοι
574 3664 716 3718 κατὰ
751 3665 846 3718 τοῦ
875 3666 1022 3720 ὁσίου
1055 3667 1222 3722 πάλαι
1248 3671 1347 3740 τὴν
1371 3670 1540 3743 ὀργὴν
1576 3690 1680 3727 πα-

132 3749 422 3820 ραθήγοντες
448 3755 552 3822 (2),
597 3756 998 3827 προσλαϐόντες
1041 3759 1222 3814 eam
1245 3762 1342 3834 τὴν
1374 3764 1680 3818 ἐπαναστᾶ-

131 3855 209 3890 σαν
228 3841 364 3912 αὐτῷ
388 3844 638 3916 ταραχὴν
676 3847 770 3898 καὶ
806 3850 1170 3918 συκοφαντίαν
1207 3851 1271 3904 ἐκ
1299 3851 1406 3905 τῶν
1435 3851 1681 3919 δοξαζόν-

128 3947 213 3983 των
243 3934 305 3986 τὰ
338 3936 774 4008 ’Λπολλιναρίου,
818 3939 1116 4008 ἐξάψαντες
1141 3942 1232 3994 τὸν
1267 3942 1435 4014 δῆμον
1463 3944 1680 4013 ψευδέσι

129 4020 292 4091 λόγοις,
321 4026 489 4090 λίθοις
546 4028 646 4098 μὲν
681 4031 771 4083 τὸν
822 4029 990 4102 ἄνδρα
1037 4032 1388 4098 κατέλευσαν,
1447 4036 1523 4100 ὥς
1551 4054 1681 4090 ποτε

137 4116 346 4172 Ἰουδαῖοι
383 4121 474 4174 τὸν
505 4121 816 4190 Στέφανον·
861 4123 1021 4194 πλήν
1041 4141 1104 4193 γε
1140 4125 1356 4198 ἅστοχοι
1387 4128 1564 4182 αὐτῶν
1597 4147 1682 4199 γε·

129 4207 283 4273 γόνασι
307 4211 361 4263 αἰ
390 4211 553 4282 βολαὶ
586 4213 684 4283 (5),
709 4214 845 4269 Θεοῦ
874 4217 1171 4281 σκέποντος
1205 4219 1296 4272 τὸν
1324 4219 1518 4274 ἐαυτοῦ
1548 4221 1682 4292 πρό-

132 4318 292 4372 μαχον.

1779 3209 1844 3262 rii
1867 3205 2151 3277 discipulis
2172 3219 2447 3274 nunquam
2473 3219 2578 3258 non
2601 3201 2738 3271 plebi
2764 3198 3154 3265 assidentihns,
3180 3198 3356 3266 pium-

1778 3315 1882 3369 que
1906 3281 2079 3352 virmn
2105 3297 2513 3358 accusantibus,
2539 3294 2645 3348 vim
2673 3292 2858 3347 habuit
2879 3289 3166 3344 calumnia.
3191 3287 3354 3342 Gutta

1775 3393 1918 3446 enim
1950 3390 2290 3446 continenter
2324 3386 2581 3442 decidens
2620 3394 2778 3439 cavat
2825 3381 3078 3451 lapidem.
3115 3381 3191 3442 Et
3220 3391 3357 3448 quo-

1778 3487 1922 3538 niam
1959 3479 2262 3552 hujusmodi
2289 3477 2687 3548 disputationes
2718 3473 2858 3544 volgi
2885 3482 3042 3542 captu
3071 3469 3358 3525 sublimio-

1780 3595 1866 3632 res
1893 3584 2088 3639 erant»,
2132 3574 2329 3643 quippe
2374 3571 2515 3641 quod
2566 3568 2958 3626 incarnationis
2997 3566 3193 3619 divinae
3229 3580 3354 3634 pro-

1780 3668 2100 3723 funditatem
2131 3665 2343 3734 assequi
2379 3680 2484 3717 non
2518 3670 2708 3732 posset
2735 3679 2749 3715 :
2782 3659 2986 3714 idcirco
3019 3657 3128 3727 lupi
3155 3656 3268 3710 fide
3301 3666 3378 3709 ct.

1779 3761 2103 3814 auctoritate
2154 3758 2296 3828 apud
2347 3754 2748 3811 multitudinem
2797 3752 3052 3808 Valebaut
3101 3768 3115 3804 :
3173 3757 3380 3818 pastor.

1780 3863 1994 3916 contra,
2021 3852 2302 3906 veritatem
2329 3850 2529 3904 docens
2556 3847 2864 3916 suspicione
2886 3843 3186 3898 laborabat.
3213 3841 3390 3907 Quo-.

1781 3946 1925 4000 circa
1975 3947 2192 4000 Ariante
2237 3945 2522 3999 sententia:
2569 3951 3026 4013 propugnatores,
3073 3939 3164 4008 qui
3215 3937 3388 3992 velut.-

1781 4040 1896 4109 apri
1930 4039 2226 4094 truculenti
2253 4039 2389 4092 iram
2417 4053 2567 4092 suam
2587 4036 2914 4103 jampridem
2950 4034 3210 4092 adversus
3234 4045 3358 4083 san-

1779 4143 1924 4186 etum
1957 4140 2239 4196 acuerant;
2269 4126 2691 4194 accedentejam
2723 4141 2788 4179 eo
2821 4121 3049 4178 tumultu
3074 4133 3128 4174 et
3151 4119 3359 4174 calum-

1779 4225 1866 4277 nia
1897 4264 1912 4289 ,
1956 4239 2076 4293 qua:
2107 4223 2206 4293 ipsi
2240 4223 2308 4277 ab
2346 4219 2664 4290 Apollinarii
2698 4216 2924 4273 asseclis
2952 4213 3181 4270 conflata
3217 4223 3358 4276 erat,

1779 4315 1932 4370 falsis
1957 4314 2301 4369 sermonibus
2332 4313 2661 4366 inflammata
2689 4309 2866 4379 plebe,
2896 4307 3163 4376 lapidibus
3189 4304 3388 4358 homi-.

130 4409 254 4459 acut,
283 4399 735 4466 quemadmodum
781 4402 905 4456 olim
940 4399 1107 4457 Judrei
1146 4403 1476 4476 Stephanum
1503 4407 1544 4470 ⁸,
1582 4409 1934 4464 insectantur.
1977 4407 2172 4463 Verum
2233 4409 2342 4462 Deo
2385 4399 2612 4460 militem
2679 4419 2838 4458 suum
2902 4415 3218 4471 causmque~
3248 4415 3359 4454 sua:

127 4483 435 4541 defensorem
468 4498 721 4557 tegente,
762 4482 963 4546 frustr‘a
1003 4495 1054 4546 in
1098 4509 1222 4548 eum
1265 4511 1391 4550 saxa
1429 4499 1799 4567 conjeceruttl.

182 4579 562 4654 Συλλαϐόμενοι
584 4585 643 4637 δὲ
671 4585 855 4652 αὐτὸν,
877 4588 954 4658 τῷ
982 4588 1074 4642 τοῦ
1093 4591 1360 4644 ὑπατικοῦ
1397 4594 1676 4665 παρέστη-

1861 4594 1995 4648 Τυιη
2026 4609 2156 4649 vero
2184 4603 2490 4663 correptum
2523 4593 2695 4662 ipsum
2725 4592 2790 4646 ad
2817 4591 3103 4647 consulare
3126 4588 3359 4643 tribunal

127 4685 206 4726 σιν
225 4673 440 4744 βήματι,
466 4675 545 4740 ὥς
569 4695 692 4731 τινα
716 4679 970 4750 ταραχῶν
1000 4681 1091 4734 καί
1117 4683 1356 4736 στάσεων
1387 4684 1576 4737 αἴτιον.
1617 4687 1681 4737 Ὤ

127 4763 204 4832 τῆς
232 4765 562 4840 ἀναλγησίας
584 4771 596 4823 !
619 4770 665 4823 ὢ
701 4771 887 4842 ἰσχύος
906 4774 980 4844 (4)
1003 4766 1104 4826 τοῦ
1117 4775 1346 4843 ψεύδους
1366 4819 1379 4839 ,
1413 4780 1460 4829 εἰ
1483 4778 1682 4849 Γρηγόο

129 4873 218 4922 pro;
236 4861 356 4931 περὶ
371 4863 632 4917 τοιούτων
646 4865 909 4934 ἐκρίνετο,
927 4867 955 4918 ὁ
970 4867 1177 4938 καὶτῆς
1195 4868 1302 4921 τῶν
1320 4869 1682 4943 ἀλλλωνόργῆς

140 4963 188 4998 τε
209 4950 292 5002 καὶ
315 4953 542 5018 ἀταξίας
569 4955 878 5024 ἠπιώτατος
908 4958 1110 5028 ἰατρὸς,
1141 4960 1169 5012 ό
1193 4960 1292 5031 τῆς
1312 4961 1530 5033 εἰρήνης
1549 4961 1683 5033 βραο

125 5039 308 5113 δευτὴς,
329 5047 357 5098 ὁ
395 5047 637 5115 Χριστοῦ
684 5048 951 5120 μαθητὴς,
982 5050 1074 5110 τοῦ
1093 5052 1266 5123 πρᾴου
1308 5053 1401 5106 καὶ
1426 5053 1683 5107 ταπεινοῦ

126 5133 198 5184 καὶ
225 5136 638 5204 νομοθετοῦντος
667 5141 766 5210 τὴν
799 5142 1099 5196 ἐπιείκειαν
1127 5145 1139 5196 !
1167 5145 1337 5208 Αὐτὸς
1377 5145 1453 5209 δὲ,
1483 5147 1687 5218 καίπερ

179 5327 191 5362 ῑ
225 5319 265 5373 ΙΙ
295 5320 556 5394 Reg..ttt,.
626 5325 644 5354 ³
669 5323 878 5382 ll,Tim.
917 5325 1070 5388 ΠΛ.
1167 5324 1188 5353 ⁵
1215 5321 1334 5380 Act.
1362 5339 1460 5390 VII,
1495 5321 1584 5380 53-

308 5498 460 5555 Colb.
493 5503 548 5564 ι’,
574 5501 671 5569 τὴν
700 5502 943 5569 ἀταξίαν.

187 5501 286 5558 (9Ἱί
308 5501 460 5555 Colb.
493 5503 548 5564 ι’,
574 5501 671 5627 τάξ)
700 5502 943 5569 ἀταξίαν.

469 5571 567 5656 ρι’.
597 5576 638 5656 ἐτ
655 5575 970 5656 υσχέρανον.

185 5636 285 5715 ltiti)
322 5640 455 5694 Cod.
484 5642 548 5697 Ρ,
582 5640 694 5698 οἷον
717 5636 1065 5715 βδύλόμενοι,
1097 5643 1390 5711 superiores
1430 5642 1543 5713 ipso
1575 5657 1683 5700 esse

131 5718 368 5780 nequirent
391 5717 658 5780 quompdo
681 5718 886 5770 vellent.

188 5777 256 5847 tl)
278 5777 412 5838 Cod.
444 5781 510 5840 P.
542 5777 654 5852 ὗες,
684 5797 734 5844 et
769 5788 819 5842 in
847 5801 957 5850 not.
991 5806 1160 5865 marg.
1191 5792 1387 5864 χοῖροι.

1790 4686 2018 4751 sistunt,
2067 4686 2213 4740 velut
2262 4685 2548 4754 quemdam
2598 4682 2921 4736 tttmultutnn
2951 4691 3004 4734 et
3035 4680 3358 4734 seditionum

1785 4789 2082 4833 auctorem.
2110 4779 2153 4834 Ο
2181 4790 2456 4846 stuporem
2485 4775 2889 4831 admirandum!
2912 4790 2945 4828 ο
2966 4775 3070 4827 vim
3096 4773 3358 4826 mendacii

1788 4871 2076 4942 insignem,
2111 4871 2153 4924 si
2194 4869 2489 4940 Gregorius
2514 4871 2578 4923 de
2610 4867 2694 4922 his
2724 4869 2886 4922 rebus
2915 4882 3132 4921 causam
3171 4865 3358 4918 dicen-

1788 4965 1910 5017 datn
1941 4961 2208 5027 habebat;
2243 4961 2352 5027 ille,
2379 4961 2621 5030 inquam,
2650 4960 2811 5014 etiam
2829 4959 3028 5016 alienae
3051 4957 3144 5011 ira:
3166 4965 3218 5010 et
3241 4970 3362 5024 per-

1790 5056 2115 5136 turbationis
2145 5054 2455 5110 lenissimus
2482 5054 2722 5110 medieus
2743 5092 2764 5117 ,_
2811 5053 2909 5107 ille
2947 5052 3093 5120 pacis
3133 5050 3360 5115 arbiter,

1788 5150 1876 5203 ille
1904 5148 2139 5215 Christi,
2185 5148 2453 5204 mansueti
2485 5157 2539 5204 et
2567 5146 2825 5215 humilis,
2867 5143 3363 5200 mansuetudinem-

1862 5504 1939 5571 (2)
1965 5502 2100 5556 Cod.
2125 5500 2193 5571 P._
2207 5499 2620 5571 παροξύνοντες.

1791 5567 1941 5697 "('(3)
1964 5568 2211 5628 Combef.
2240 5567 2300 5623 αί
2327 5569 2546 5641 βουλαί,
2571 5569 2721 5623 irrita
2747 5573 3160 5640 {uerunt-coram
3195 5567 3358 5623 couri-

1873 5701 1948 5794 (ί)
1982 5719 2116 5778 Cod.
2152 5719 2242 5777 Or.
2273 5718 2318 5774 ὣ
2348 5720 2446 5791 τῆς
2477 5716 2684 5790 ἰσχύοςί
