3824 6394
590 327 702 396 2'83

1697 340 1853 397 VITA
1896 341 1954 396 S.
1992 340 2321 398 GREGORH
2363 337 2710 396 THEOLOGI

3681 363 3746 418 ω

597 455 740 511 lirlis
766 466 931 526 porro
963 452 1041 507 ira
1068 461 1342 520 aestuans,
1375 452 1480 508 diei
1524 466 1630 508 non
1669 465 1843 524 potest
1873 463 2002 524 quot
2035 470 2165 509 cona

2272 454 2464 524 ηξίου;
2518 452 2792 526 Περιέστη
2830 451 2975 521 γοῦν.
3000 451 3148 524 αὐτῷ
3180 451 3473 523 κάνταῦθα,
3516 461 3584 523 είς
3619 469 3749 530 amo.

595 549 857 602 viciorum
897 546 1137 614 plaustra
1170 545 1222 598 in
1256 544 1549 600 Maximum
1579 545 1862 611 ell'uderit,
1897 548 1996 616 ipsi
2031 562 2165 615 quo-

593 655 700 708 que
736 637 994 706 Gregorio
1028 651 1390 698 succensens,
1442 637 1534 706 qui
1582 648 1733 690 tanta
1789 637 2160 693 benevolentia

593 741 649 784 et
678 728 1047 782 familiaritate
1077 725 1344 781 nefarium
1376 727 1652 781 hominem
1689 729 2003 794 complexus
2037 729 2162 782 l'nis-

2271 547 2395 614 γίας
2443 545 2555 615 (‘29)
2599 545 2787 612 ἀγῶνα
2822 545 2884 597 τὸ
2925 544 3131 617 δρᾶμα.
3182 545 3473 618 Τοιγαροῦν
3513 554 3594 608 τοῦ
3634 561 3748 632 δήμω

2269 638 2332 691 τὸ
2362 638 2698 708 φλεγμαῖνον
2733 639 2802 708 τῇ
2831 637 3152 708 φαρμακείᾳ
3184 637 3294 691 τῶν
3323 636 3485 708 λόγων
3512 644 3605 717 (30)
3637 669 3749 709 κατα,

2270 732 2550 801 πραΰνων,
2581 730 2716 801 φησὶ
2743 731 2879 800 πρὺς
2908 729 3103 794 αὐτούς
3125 745 3139 760 ο

595 833 696 878 set.
728 822 912 888 Itaque
933 821 1046 888 jam
1077 833 1144 871 eo
1177 833 1263 872 res
1299 819 1396 887 ipsi
1430 819 1690 872 recideral
1719 859 1734 884 ,
1770 828 1827 872 ut
1853 830 1907 872 et
1933 821 2044 887 ipse
2072 821 2155 874 sui
2197 822 2457 890 purgandi
2516 821 2754 876 laborem
2820 822 3007 876 subire
3029 832 3336 891 cogeretur.
3391 824 3464 880 Ac
3499 829 3696 903 proinde,
3718 852 3753 896 ιιι

589 915 930 969 exulceratos
977 911 1148 982 plebis
1193 913 1404 966 animos
1445 912 1709 967 orationis
1761 913 2156 969 medicamento
2195 915 2411 981 leniret,
2446 915 2518 969 ita
2549 930 2646 970 eos
2669 915 2862 968 all'atus
2894 923 2979 969 est
3015 930 3030 966 :

666 1071 685 1105 ι
721 1049 927 1112 Nolite,
971 1065 1004 1103 ο
1034 1049 1157 1112 viri,
1186 1047 1315 1101 mihi
1351 1048 1486 1116 patri
1517 1056 1700 1101 vestro
1729 1064 2073 1104 succensere.
2113 1048 2168 1103 Si

593 1144 738 1199 enim
790 1158 924 1212 ego,
975 1141 1117 1210 quod
1166 1155 1251 1194 me
1302 1140 1591 1210 benignum
1646 1141 1720 1194 illi
1772 1157 1836 1196 ac
1887 1142 2164 1197 liberalem

592 1237 936 1305 praebuerint,
960 1235 1128 1303 enlpre
1151 1233 1420 1287 obnoxius
1447 1251 1586 1295 sum,
1611 1235 1737 1303 quia
1767 1235 2026 1288 malitiam
2059 1252 2162 1290 non

591 1328 836 1400 praescivi
871 1345 883 1383 :
917 1327 1043 1397 quid
1089 1329 1306 1381 tandem
1343 1326 1430 1380 ille
1475 1327 1666 1392 fuerit,
1704 1328 1794 1394 qui
1830 1327 2166 1395 benignitate

592 1438 706 1476 mea
735 1432 789 1474 et
810 1420 1069 1474 beneficio
1098 1434 1249 1479 usus.
1284 1419 1423 1472 lianc
1452 1419 1580 1472 milii
1612 1419 1843 1488 gratiam
1877 1418 2162 1487 rependit,

592 1525 650 1566 ut
673 1515 792 1566 vita:
818 1527 952 1566 mea:
975 1511 1200 1566 insidias
1229 1511 1504 1565 strueret?
1535 1510 1717 1581 Neque
1747 1513 1891 1565 enim
1925 1510 2166 1566 fraudein

593 1621 700 1658 uou
757 1603 1109 1672 prmvidisse,
1165 1601 1381 1656 erituiui
1440 1603 1554 1656 (lari
1606 1604 1811 1656 debet:
1862 1603 1964 1657 hoc
2023 1602 2166 1656 enim

594 1693 763 1748 solius
802 1693 892 1747 Dei
925 1701 1027 1746 cst.
1057 1693 1132 1746 Ac
1159 1703 1418 1761 przeterea
1454 1693 1587 1763 legis
1614 1693 1928 1763 przcscripto
1957 1693 2164 1748 viscera

591 1785 848 1836 omnilms
899 1783 1110 1853 aperire
1157 1783 1434 1853 iubemur,
1491 1795 1822 1854 paterneque
1863 1784 2058 1838 aﬂ'ectu
2112 1793 2166 1838 et

593 1872 962 1928 benevolentia
990 1889 1106 1937 cos,
1136 1873 1229 1943 qui
1268 1875 1371 1928 lide
1400 1875 1606 1943 prmditi
1639 1885 1787 1936 sunt,
1819 1875 2070 1941 amplecti
2101 1891 2162 1928 ae

594 1966 755 2021 tueri.
815 1965 952 2018 Eum
989 1965 1160 2028 enim,
1189 1966 1278 2032 qui
1324 1968 1454 2018 venit
1511 1967 1578 2019 ad
1619 1983 1734 2030 me,
1775 1967 1851 2020 ait
1885 1965 2165 2031 Christus,

592 2075 696 2111 non
728 2058 935 2122 eiiciam
977 2056 1121 2124 [oras
1145 2057 1186 2110 ⁸.
1233 2056 1483 2123 Maguum
1534 2059 1786 2126 quiddam
1841 2059 1969 2112 mihi
2009 2067 2126 2113 erat
2151 2099 2166 2122 ,

595 2149 858 2204 Maximus
891 2164 919 2200 a
954 2149 1261 2203 Grzecorum
1297 2151 1686 2218 superstitione
1732 2151 1796 2203 ad
1831 2151 2159 2220 baptismum

591 2241 892 2304 accedens,
945 2249 1001 2293 et
1044 2239 1368 2294 Trinitatem
1426 2239 1677 2295 Herculis
1736 2241 1857 2296 loco
1908 2243 2164 2296 adorans.

589 2333 841 2403 Ampium
895 2348 960 2386 ac
1016 2333 1335 2401 praeclarum
1389 2334 1706 2398 videbatur,
1761 2334 1929 2389 homo
1981 2335 2166 2388 virtuti

591 2427 856 2488 studens,
891 2426 1102 2479 etiamsi
1155 2427 1208 2479 in
1258 2428 1552 2496 postremis
1605 2426 1764 2480 rebus
1805 2427 2003 2494 prioris
2047 2427 2170 2480 vitae

595 2519 926 2588 hypocrisin]
977 2517 1279 2572 luculenter
1317 2519 1554 2572 ostendit
1628 2519 1732 2573 Sed
1778 2530 2016 2573 nostrum
2055 2534 2157 2572 nou

593 2621 676 2666 est
704 2613 816 2664 lucc
856 2609 1163 2679 explorare.
1213 2610 1334 2664 Non
1377 2611 1520 2665 enim
1555 2612 1602 2664 iu
1652 2610 1928 2664 hominum
1959 2611 2161 2680 cogita-

596 2707 768 2758 tiones
796 2715 1164 2772 pcnetramus,
1204 2718 1301 2757 uec
1333 2704 1546 2758 futuros
1575 2713 1804 2759 eventus
1849 2712 2162 2774 perSpeclos

595 2795 883 2858 habemus,
947 2795 1046 2848 nisi
1101 2795 1505 2862 sapientissimo
1558 2795 1650 2850 Dei
1705 2797 1932 2850 consilio
1997 2809 2161 2864 atque

2355 1068 2372 1100 ι
2400 1050 2490 1121 Μή
2529 1067 2646 1121 μοι,
2689 1043 2735 1102 ὦ
2787 1049 2998 1120 ἄνδρες,
3037 1049 3118 1120 τῷ
3153 1049 3323 1120 πατρὶ
3375 1051 3694 1127 χαλεπαίνητι.
3716 1064 3754 1117 El

2275 1141 2383 1212 γὰρ
2418 1142 2548 1210 ἐγὼ,
2584 1141 2821 1213 χρηστὸς
2855 1141 3049 1212 ἐκείνῳ
3097 1142 3304 1209 φανεὶς,
3337 1142 3505 1208 αἰτίας
3532 1145 3687 1218 ἔνοχος,
3708 1158 3754 1227 μὴ

2275 1237 2542 1307 προγνοὺς
2579 1236 2676 1306 τὴν
2717 1235 2944 1302 κακίαν,
2974 1227 3047 1288 τί⁶
3069 1235 3186 1288 ποτ’
3217 1234 3292 1288 ἂν..
3311 1235 3397 1306 εἴη
3424 1237 3451 1289 ὁ
3485 1238 3571 1308 τῆς
3598 1250 3756 1314 χρηστά.

2269 1346 2431 1400 τητος
2473 1328 2804 1392 ἀπολαύσας,
2845 1329 2940 1382 καὶ
2985 1327 3306 1391 ἐπιϐουλαῖς,
3340 1329 3755 1402 ἀμειψάμενοςςοὺ

2269 1422 2378 1494 γὰρ
2404 1421 2465 1474 τὸ
2501 1422 2577 1493 μὴ
2608 1421 2921 1492 προϊδέσθαι
2959 1420 3058 1491 τὴν
3093 1419 3289 1473 κακίαν
3323 1420 3624 1478 ὑπεύθυνον
3655 1430 3758 1486 τοῦτο

2267 1514 2377 1584 γὰρ
2418 1513 2581 1584 μόνου
2633 1511 2788 1566 Θεοῦ.
2847 1512 2991 1581 Πρὸς
3037 1510 3094 1563 δὲ
3163 1513 3256 1564 καὶ
3303 1511 3464 1582 νόμος
3524 1516 3630 1586 ἡμῖν
3663 1520 3758 1573 im

2269 1606 2470 1659 ἅπασιν
2510 1605 2746 1672 ἀνοίγειν
2780 1605 2848 1657 τά
2885 1602 3198 1673 σπλάγχνα,
3239 1603 3334 1656 καὶ
3374 1610 3560 1677 στοργῇ
3593 1617 3759 1683 πατριτῇ

2265 1697 2374 1748 τῶν
2425 1697 2786 1750 πιστευόντων
2838 1693 3352 1764 ἀντιλαμϐάνεσθαι.
3394 1695 3497 1749 Τὸν
3535 1700 3626 1767 γὰρ
3650 1702 3761 1772 ἐρχό-

2266 1805 2454 1857 μενον
2507 1789 2654 1856 πρὸς
2698 1789 2814 1858 μὲ,
2865 1787 3098 1858 Χριστός
3149 1804 3334 1857 φησιν,
3380 1789 3450 1840 σὺ
3482 1788 3560 1857 μὴ
3598 1791 3764 1848 ἐκϐάλω

2202 1911 2246 1965 Β
2271 1881 2405 1944 ἔξω.
2443 1881 2600 1948 Μέγα
2643 1897 2731 1949 μοι
2772 1875 2840 1950 ἦν
2886 1878 2950 1943 ἐξ
2989 1877 3254 1950 Ἑλλήνων
3309 1879 3549 1949 Μάξιμος
3580 1881 3763 1951 βαπτιζό-

2278 1990 2458 2044 μενος,
2496 1972 2591 2026 καὶ
2624 1972 2829 2044 Τριάδα
2853 1971 3131 2042 λατρεύων
3161 1969 3275 2024 ἀνθ’
3311 1970 3639 2044 Ἡρακλέους.
3661 1977 3766 2045 Μέγα

2277 2083 2367 2137 μοι
2393 2061 2460 2136 ἦν
2507 2065 2647 2136 ἀνὴρ
2689 2063 3156 2135 μεταποιούμενος
3184 2058 3409 2134 ἀρετῆς,
3441 2067 3488 2117 εί
3524 2069 3604 2120 καὶ
3631 2071 3674 2121 ὲν
3696 2075 3767 2134 rei;

2273 2157 2597 2222 τελευταίοις
2645 2157 2809 2224 ἔδειξε
2856 2158 2954 2227 τὴν
3001 2158 3058 2209 ὲν
3105 2159 3217 2220 τοῖς
3254 2156 3488 2228 πρώτοις
3538 2160 3768 2232 ὑπόκρισιν.

2287 2249 2426 2302 Ἀλλ’
2451 2251 2549 2319 οὐχ
2583 2247 2739 2318 ἡμῶν
2783 2247 3098 2317 δοκιμάζειν
3129 2246 3324 2299 ταῦτα.
3366 2248 3439 2300 Οὐ
3469 2248 3568 2320 γάρ
3603 2250 3770 2321 ἐπιθυμίς.

2278 2359 2444 2414 μασιν
2489 2339 2882 2412 ὲμϐατεύομεν,
2907 2339 3028 2392 οὐδὲ
3061 2339 3122 2392 τὸ
3159 2338 3352 2410 μέλλον
3382 2340 3533 2410 ἴσμεν
3563 2340 3675 2412 πλὴν
3703 2346 3773 2398 ἐτι·

2279 2433 2526 2506 φροσύνῃ
2571 2433 2682 2501 (51)
2735 2431 2868 2483 Θεοῦ
2923 2431 3082 2484 τοῦτο
3136 2431 3442 2502 χαρίσαιτο.
3497 2431 3655 2500 Ἡμεῖς
3697 2434 3773 2502 μὲν

2271 2518 2386 2576 οὖν
2411 2520 2639 2589 ὁρῶμεν
2672 2522 2759 2585 εἰς
2787 2521 3144 2586 πρόσωπονο
3181 2519 3325 2585 Θεὸς
3363 2518 3432 2572 δὲ
3466 2517 3566 2587 ὁρᾷ
3589 2523 3658 2586 είς
3680 2538 3774 2588 κυρ-

2272 2611 2430 2674 δίίιν,
2501 2612 2637 2681 ὅπερ
2713 2609 3006 2678 ἠκούσατε.
3052 2629 3070 2660 ι
3121 2609 3347 2673 Τούτοις
3393 2608 3654 2677 τοιγαροῦν
3687 2627 3774 2662 κατ-

2269 2701 2468 2771 εστάλη
2500 2700 2560 2753 τὸ
2583 2699 2806 2772 πλῆθος,
2839 2699 2933 2753 καὶ
2961 2703 3029 2771 τῇ
3061 2700 3246 2776 εύνοίᾳι
3268 2699 3470 2772 μᾶλλον
3502 2701 3573 2771 τῷ
3603 2701 3779 2771 ἀρχιερεῖ

2270 2794 2698 2864 προσετέθησαν.

592 2902 818 2942 munere
874 2889 923 2942 id
979 2888 1135 2942 nobis
1181 2889 1467 2942 tribuatur.
1511 2885 1622 2940 Nos
1655 2887 1789 2941 enim
1832 2888 2062 2940 ridemus
2092 2887 2146 2940 in
2184 2885 2370 2954 {aciem
2402 2899 2420 2937 :
2458 2885 2598 2939 Deus
2665 2896 2840 2938 animi
2895 2902 2986 2939 cor
3023 2886 3191 2956 ipsum
3233 2888 3540 2950 intuetur’,
3590 2888 3780 2955 quemad-

596 2985 816 3035 modum
853 2981 1099 3035 audistis.
1145 2999 1167 3034 ι
1224 2980 1335 3034 llac
1380 2981 1627 3036 oratione
1659 2981 2019 3036 multitudinis
2061 2981 2341 3036 iracundia
2375 2981 2559 3036 sedata
2623 2990 2783 3050 atque
2865 2997 3112 3052 repressa
3181 2991 3285 3048 est,
3321 2982 3616 3052 majorique
3669 2981 3781 3034 bene-

567 3073 834 3127 .voleutia
869 3074 1106 3143 poutilici
1144 3073 1416 3143 adjuncta.

570 3209 574 3214 ’
663 3206 782 3263 Jain
827 3224 954 3264 vero
989 3209 1314 3278 imperatore
1353 3209 1662 3266 Theodosio
1690 3254 1705 3277 ,
1745 3213 1835 3282 qni
1884 3229 2053 3284 genus
2099 3229 2162 3267 ex

2341 3205 2447 3258 Τοῦ
2499 3204 2554 3258 δὲ
2607 3203 2876 3274 βασιλέως
2900 3203 3201 3268 Θεοδοσίου,
3248 3203 3309 3266 ὃς
3346 3203 3588 3274 ὑπῆρχεν
3632 3215 3682 3250 εκ
3720 3197 3786 3265 τῆς

597 3297 856 3366 HiSpania
909 3300 1181 3364 ducebat,
1231 3301 1280 3352 in
1331 3300 1697 3354 Macedoniam
1746 3319 1866 3355 cum
1923 3302 2165 3355 exercitu

593 3389 857 3456 profecto,
895 3388 1203 3458 bellumque
1233 3406 1352 3443 cum
1383 3388 1822 3446 Occidentalibus
1845 3393 2165 3461 quibusdam

596 3482 842 3536 barbaris
864 3493 1112 3552 gerente,
1137 3482 1424 3546 Maximus,
1452 3483 1829 3554 Egyptiorum
1851 3483 2163 3554 praesulem,

593 3590 624 3627 a
654 3576 850 3643 quibus
881 3576 1166 3644 cpiscopus
1199 3575 1516 3642 designatus
1551 3577 1726 3630 fuerat
1749 3616 1762 3639 ,
1797 3591 1986 3643 agmen
2021 3576 2167 3630 acci-

599 3668 786 3734 piens,
840 3681 905 3721 ac
952 3666 1394 3721 Thessalonicam
1451 3667 1730 3733 prolectus
1787 3650 2166 3735 imperatorem

597 3758 746 3820 adit,
778 3767 940 3826 atque
967 3767 1209 3827 augusta:
1242 3759 1394 3812 urbis
1432 3758 1800 3826 episcopatum
1834 3759 1900 3812 ab
1927 3756 1990 3811 e'o
2015 3761 2166 3826 petit.

595 3849 860 3912 Quoniam
909 3849 1052 3902 enim
1111 3849 1164 3901 in
1217 3847 1424 3917 legibus
1471 3849 1952 3917 sanctionibusmie
1996 3849 2170 3903 cer-le-

596 3939 840 3994 siaSticis
885 3939 1020 3992 uiliil
1058 3938 1291 3993 habebat
1325 3954 1436 4008 quo
1483 3941 1773 4002 niteretur,
1825 3940 2170 4009 imperatorio

599 4031 782 4086 edicto
814 4030 1185 4084 sacerdotium
1214 4031 1491 4086 vindicare
1522 4032 1813 4100 cogitabat,
1849 4043 1906 4086 ut
1939 4035 2031 4102 qui
2063 4049 2167 4088 non

595 4122 966 4185 sacerdotem,
1020 4123 1112 4177 sed
1165 4134 1451 4194 tyrannum
1503 4107 1662 4196 agere
1701 4127 1752 4180 in
1795 4127 2032 4182 animum
2086 4128 2166 4181 iu-

597 4214 858 4268 duxisset.
886 4211 1085 4268 Verum
1111 4213 1259 4268 illinc
1287 4215 1599 4284 ejiciuntur,
1628 4216 1952 4287 imperatore
1976 4234 2069 4274 eos
2093 4219 2170 4272 ira

596 4305 868 4374 minisque
938 4307 1351 4360 vehementibus
1413 4307 1736 4362 insectante.
1794 4309 1933 4375 Quid
2010 4310 2172 4379 igitur

565 4397 568 4400 ’
599 4396 866 4450 Maximus
896 4398 913 4467 (
938 4398 1025 4450 vix
1055 4399 1199 4452 enim
1235 4398 1409 4469 frangi
1439 4410 1491 4454 et
1527 4402 1826 4472 expugnari
1859 4412 2033 4472 potest
2058 4419 2172 4456 am-

597 4487 1227 4553 bitio)?Aicxandriam
1279 4489 1400 4543 navi
1457 4492 1633 4560 petit,
1694 4507 1924 4560 cumque
1983 4493 2170 4548 iisdem

2282 3296 2552 3360 Ἱσπανίας
2589 3296 2651 3349 τὸ
2684 3295 2860 3365 γένος,
2913 3297 2972 3348 ἐν
3001 3298 3066 3365 τῇ
3114 3294 3428 3366 Μακεδονίᾳ
3470 3288 3787 3364 στρατοπεδεύ-

2276 3391 2492 3451 σανὼς,
2527 3387 2621 3440 καί
2659 3403 2769 3439 τισι
2799 3387 2907 3439 τῶν
2943 3386 3214 3455 ἐσπερίων
3250 3384 3608 3456 πολεμοῦντος
3640 3379 3789 3450 βαρῦά·

2274 3497 2402 3553 ρων,
2478 3477 2658 3532 λαϐὼν
2713 3477 2964 3548 Μάξιμος
3024 3477 3085 3529 τὸ
3144 3479 3332 3544 στῖφος
3387 3475 3496 3527 τῶν
3547 3469 3790 3539 Αἰγυπτίων

2272 3571 2609 3633 ἐπισκόπων,
2649 3568 2759 3620 τῶν
2807 3566 3319 3638 προχειρισαμένων
3365 3564 3528 3618 αὑτὸν
3566 3563 3636 3624 είς
3671 3559 3792 3629 ἱερέα.

2272 3659 2442 3713 ἐλθὼν
2471 3662 2550 3722 είς
2577 3658 2999 3729 Θεσσαλονίκην,
3029 3657 3107 3727 τῷ
3147 3657 3518 3728 αὐτοκράτορι
3555 3652 3792 3724 πρόσεισιν,

2271 3752 2436 3805 αἰτῶν
2509 3752 2606 3822 τῆς
2662 3750 2930 3820 βασιλίδος
2969 3749 3068 3820 τὴν
3108 3749 3438 3820 ἐπισκοπὴν.
3482 3747 3572 3799 Ἐκ
3614 3744 3704 3813 γὰρ
3736 3740 3793 3792 Οε-

2274 3841 2428 3912 σμῶν
2471 3839 2938 3910 ὲκκλησιαστικῶν
2966 3840 3027 3892 τὸ
3067 3839 3269 3910 ἰσχύειν
3304 3839 3410 3892 οὐκ
3441 3838 3598 3908 ἔχων,
3619 3832 3794 3904 προστά-

2271 3949 2441 4004 γματι
2489 3932 2752 4004 βασιλικῷ
2821 3931 3121 4004 ἱερατεύειν
3173 3931 3466 4002 διενοήθη,
3523 3929 3692 3996 ὥσπερ
3730 3925 3796 3989 οὐχ

2273 4024 2592 4097 ἱερατεύειν,
2632 4025 2768 4079 ἀλλά
2798 4027 3079 4097 τυραννεῖν
3117 4009 3401 4096 ᾑρημένος
3435 4021 3569 4093 (32).
3607 4014 3792 4073 ’Δπελσύ-

2272 4134 2454 4171 νονται
2483 4117 2541 4170 δὲ
2581 4116 2812 4181 ἐκεῖθεν,
2839 4115 2932 4169 τοῦ
2967 4115 3232 4187 βασιλέως
3263 4114 3468 4177 αὐτοὺς
3502 4113 3632 4183 ὀργῇ
3661 4125 3708 4160 τε
3739 4106 3799 4157 καὶ

2273 4207 2523 4271 ἀπειλαῖς
2576 4207 2835 4279 σφοδραῖς
2893 4204 3264 4272 ὲκδιώξαντος.
3324 4204 3394 4257 Τί
3428 4198 3522 4256 οὖν
3551 4206 3578 4254 ὁ
3610 4198 3799 4265 Μάξιμος

2275 4299 2578 4370 (δύσμαχον
2610 4298 2720 4369 γὰρ
2745 4298 2778 4369 ἠ
2808 4297 3124 4370 φιλαρχία);
3165 4297 3284 4350 Ἐπὶ
3316 4296 3423 4368 τὴν
3460 4291 3800 4360 Ἀλεξάνδρεια

2275 4394 2459 4459 ἔπλει,
2498 4395 2592 4448 καὶ
2637 4397 2750 4457 τοῖς
2787 4395 2970 4456 αὐτοῖς
3007 4393 3372 4464 ἐγχειρήμασι
3420 4409 3573 4456 τινας
3616 4389 3709 4440 τῶν
3746 4387 3800 4436 oie

2276 4486 2438 4539 κείων
2484 4485 2579 4538 τοῦ
2629 4485 2832 4556 Πέτρου
2871 4484 3179 4554 ὑποκλέψας
3237 4475 3476 4556 χρυσίῳ,
3525 4480 3732 4546 κάκείνῳ
3765 4478 3800 4527 ii

596 4579 804 4633 teelmis
827 4581 1088 4649 quosdam
1121 4579 1265 4634 Petri
1295 4581 1641 4635 familiarium
1674 4598 1807 4637 auro
1834 4583 2162 4652 pellexisset,

2269 4577 2368 4646 τῆς
2419 4575 2539 4647 ἴσης
2592 4575 2892 4647 μοχθηρίας
2958 4578 3350 4646 προσφέρεται.
3408 4596 3429 4628 ι
3460 4576 3532 4628 Ἢ
3573 4573 3674 4643 γάρ
3719 4585 3800 4638 μοι.

594 4673 766 4739 ipsum
815 4686 1028 4741 quoque
1077 4675 1190 4741 pari
1233 4674 1578 4744 improbitate
1611 4677 1941 4746 aggreditur.
1997 4693 2014 4725 ι
2059 4677 2166 4728 Aut

590 4760 940 4829 enim-milii,
985 4761 1192 4831 inquit,
1229 4771 1468 4834 augusta:
1508 4765 1744 4821 civitatis
1796 4767 2165 4833 cpiscOpatum

593 4866 806 4915 assere,
835 4863 926 4905 aut
955 4867 987 4905 α
1033 4863 1123 4907 tuo
1175 4869 1281 4909 non
1317 4857 1624 4912 abstinebo.
1668 4875 1686 4908 ι
1743 4856 1810 4910 Et
1839 4855 2057 4925 quidem
2109 4855 2163 4908 iu

603 4953 836 5014 Ipertum
886 4944 1084 4999 malum
1133 4947 1307 5001 audax
1348 4948 1582 5004 hominis
1625 4948 1836 5004 facinus
1884 4947 2153 5010 desiisset,

661 5145 682 5175 ⁸
707 5143 864 5200 Jonn.
894 5161 970 5214 vr,
1006 5146 1098 5201 57.
1170 5149 1192 5180 ’
1226 5149 1244 5202 ι
1275 5148 1406 5219 Reg.
1439 5163 1553 5212 am,
1596 5148 1646 5202 7.

668 5351 780 5434 (-29)
827 5353 997 5434 βιιάιι.
1031 5353 1135 5434 _P._
1179 5352 1428 5434 etLColl}:
1494 5353 1548 5434 ii,
1585 5353 1702 5434 ἐίςο
1735 5350 2168 5434 ἀπολογίαν.κῴ

593 5420 804 5493 ἀγῶνα.
832 5426 902 5477 ita
936 5424 1138 5494 utitiqui
1167 5425 1346 5479 edit...
1385 5422 1557 5494 vertit
1585 5421 1807 5478 Billius:
1835 5435 1888 5477 ut
1920 5420 2054 5492 facti
2084 5420 2168 5474 sui

599 5494 964 5561 purgationem
994 5495 1332 5560 qurereudam
1368 5493 1596 5548 haberet.

587 5628 596 5636 ι
815 5565 956 5636 Coti.
979 5566 1071 5621 0r.
1097 5563 1190 5619 τοῦ
1217 5564 1398 5633 λόγου.

672 5633 785 5703 (3i)
826 5634 918 5688 Sic
948 5635 1128 5702 legunt
1158 5629 1362 5699 antiqui
1393 5636 1522 5689 edit.
1567 5642 1622 5688 et
1645 5649 1765 5689 con.
1803 5634 1956 5688 Coll).
1985 5633 2035 5689 2.
2065 5629 2166 5684 Alii

599 5704 708 5778 alio
738 5704 918 5778 modo.
950 5705 1189 5778 Combel‘.
1223 5707 1618 5778 ἐπευφροσύνῃ,
1655 5709 1774 5760 eod.
1811 5705 1902 5778 Or.
1945 5704 2170 5778 ἐπιςρρο-

603 5773 755 5845 σύνῃ.
786 5761 935 5831 Colb.
977 5775 1025 5840 l,
1067 5775 1204 5846 πλὴν
1245 5777 1296 5830 ετ
1325 5761 1414 5846 μδῖ
1451 5761 1954 5849 Θεού”σιιιφροσύνῃ
1988 5761 2168 5829 τοῦτο.

2278 4669 2432 4737 φησὶ,
2481 4667 2581 4736 τῆς
2618 4667 2887 4736 βασιλίδος
2936 4669 3035 4738 τὴν
3069 4669 3383 4741 ἐπισκοπὴν
3419 4661 3800 4738 περιποίησαι,ἱ

2273 4759 2372 4829 τῆς
2405 4758 2508 4828 σῆς
2549 4759 2650 4812 οὐκ
2691 4759 2983 4829 ἀφέξομαι.
3013 4777 3032 4810 ι
3087 4760 3196 4813 Καὶ
3239 4759 3303 4831 δὴ
3329 4760 3420 4813 ’ἂν
3458 4761 3540 4822 είς
3592 4751 3799 4827 προῦπτα

2274 4850 2442 4904 κακὸν
2495 4851 2846 4921 ἐτελεύτησεν
2885 4851 3145 4924 ήτόλμα,
3189 4853 3239 4904 εί
3290 4851 3370 4924 μὴ
3416 4855 3446 4906 ὁ
3485 4851 3587 4921 τῆς
3619 4846 3794 4908 Ἀλεξαν

2273 4941 2458 5013 δρείας
2506 4941 2748 5014 ὕπαρχος
2801 4943 2910 4997 δέει
2953 4944 3195 5008 στάσεως
3244 4944 3342 4996 καὶ
3383 4945 3566 5013 φόνων
3616 4941 3714 5011 (55)
3751 4933 3799 4986 τὸ

2267 5345 2399 5418 God.
2431 5345 2505 5417 Ρ.
2526 5345 2664 5418 πλὴν
2689 5343 2825 5398 Θεοῦ
2863 5343 3222 5418 ἐπιφροσύνῃ.
3249 5341 3466 5418 _[_iillius
3499 5337 3656 5393 vertit
3678 5352 3702 5418 ξ,
3729 5331 3800 5418 Νἱι

2236 5415 2239 5418 ’
2271 5415 2365 5485 Dei
2393 5406 2671 5485 prudentia
2701 5427 2748 5469 et
2775 5406 3019 5485 bene/icio
3046 5414 3142 5468 hoc
3173 5406 3317 5467 iiobis
3347 5425 3658 5466 concessum
3678 5406 3800 5475 [item

2273 5484 2331 5538 lu
2369 5484 2500 5540 edit.
2520 5490 2610 5538 ἐπὶ
2638 5484 2982 5557 σωφροσύνῃ.

2235 5553 2242 5562 ’
2349 5557 2462 5620 (52)
2495 5557 2566 5610 Ita
2595 5548 3062 5609 rod.'oinnes"uee
3091 5568 3196 5608 non
3223 5551 3358 5608 edit.
3392 5548 3659 5606 ant._olim
3692 5552 3800 5614 προς

2279 5625 2530 5697 ρημένος.
2561 5627 2695 5697 Cod.
2721 5625 3078 5697 P._oi6y.svo;.

2349 5692 2461 5766 (55)
2493 5697 2626 5753 Cod.
2659 5695 2751 5752 0r.
2786 5692 3168 5757 δέείστάσεως
3195 5693 3286 5748 καὶ
3328 5692 3525 5763 φόνου.
