3824 6394
563 346 663 404 2M

1699 336 1857 392 VITA
1901 334 1960 390 S.
2001 334 2139 390 GRE

2249 331 2332 388 tut
2370 329 2714 386 THEOLOGI
3653 348 3728 405 επ

568 481 656 522 tus
682 474 735 518 et
762 459 1020 530 gestiens.
1047 459 1120 513 Ac
1152 469 1263 512 tum
1297 457 1604 527 ponttllcem
1647 456 1992 528 Gregorium,
2028 471 2125 525 pro

2249 454 2324 507 ιαὶ
2369 453 2668 524 τηνικαῦτα
2725 451 3122 524 προσδέξασθαι
3163 451 3253 505 τδν
3295 453 3534 528 ἀρχιερεα
3573 460 3728 536 Γρηγύ.

567 573 634 612 eo
681 570 745 610 ac
784 552 1055 606 laboribus
1107 550 1248 604 illius
1281 549 1500 619 dignum
1533 558 1670 614 erat,
1721 548 2014 602 honorifice
2058 563 2144 602 ac-

567 651 728 718 cepit,
792 645 1177 715 prolixioriqne
1229 642 1462 711 alloquio
1518 657 1668 696 suam
1717 657 1845 711 erga
1891 657 2011 696 eum
2049 641 2142 696 be-

569 737 921 792 nevolentiam
982 733 1254 801 animique
1297 733 1631 786 alacritatem
1686 732 2012 796 declaravit;
2077 746 2140 784 ac

572 828 976 900 postremo'hzec
1011 827 1076 878 ad
1103 840 1224 878 eum
1249 825 1408 878 verba
1429 825 1608 876 habuit
1633 840 1646 877 :
1673 842 1690 874 ι
1725 824 1768 878 O
1793 823 1966 885 Pater,
2005 822 2142 877 Deus

569 921 687 982 tibi,
731 919 944 986 tuisque
976 917 1287 978 sudoribus,
1318 931 1414 984 per
1451 930 1536 968 me
1565 914 1856 968 Ecclesium
1886 915 2140 968 commit-

568 1012 655 1064 tit.
689 1010 764 1064 En
794 1024 1004 1063 sacrant
1037 1009 1204 1063 cedem
1247 1016 1300 1060 et
1333 1009 1587 1060 thronum
1614 1005 1707 1059 tibi
1749 1006 1927 1058 trado.
1959 1023 1976 1056 ι
2008 1004 2141 1057 Bea-

569 1111 656 1156 tus
686 1119 846 1172 porro
879 1101 1199 1169 Gregorius,
1231 1099 1456 1152 tnirilica
1496 1095 1686 1149 laetitia
1723 1095 1995 1163 perfusus,
2016 1112 2138 1149 ettnt

569 1195 950 1264 imperatorem
980 1192 1292 1253 salutasset,
1322 1203 1384 1242 ac
1421 1188 1560 1241 votis
1585 1187 1944 1254 precibusque
1973 1201 2142 1240 remu-

570 1295 794 1338 neratus
833 1291 980 1337 esset
1005 1323 1018 1345 ,
1057 1283 1245 1350 pedem
1278 1281 1398 1333 aula
1427 1280 1640 1333 extulit.
1687 1280 1875 1333 Ariani
1915 1292 2096 1331 autem
2121 1319 2137 1345 ,

570 1376 662 1444 qui
691 1376 756 1428 ad
800 1375 905 1428 hoc
949 1388 1119 1442 usque
1148 1382 1357 1441 tempus
1413 1381 1815 1426 sacrosanctam
1847 1370 2018 1423 aedem
2068 1380 2142 1422 te-

571 1477 806 1523 nuerant
837 1507 852 1531 ,
897 1467 1215 1520 sicariorum
1243 1477 1457 1516 manum
1491 1462 1770 1531 parabant,
1802 1476 1898 1530 pro
1927 1475 1988 1514 ea
2018 1477 2138 1514 cum

571 1563 730 1615 beato
757 1559 871 1614 viro
901 1557 1068 1611 armis
1097 1557 1392 1609 decernere
1415 1554 1826 1607 constituentes.
1869 1550 2052 1622 Itaque
2072 1555 2139 1608 ab

571 1650 902 1718 imperatore
938 1647 1154 1714 quidem
1187 1645 1438 1714 precibus
1469 1645 1888 1707 contemlebant,
1917 1661 1982 1699 ne
2013 1655 2141 1698 tem-

570 1741 717 1810 plum
749 1740 850 1794 sibi
886 1737 1086 1793 auferri
1117 1739 1356 1801 sineret,
1389 1736 1530 1804 quod
1562 1735 1809 1789 videlicet
1853 1735 2019 1804 ipsius
2046 1736 2140 1789 im-

575 1833 728 1900 perio
777 1831 1032 1885 resistere
1058 1837 1378 1881 vererentur
1412 1843 1426 1880 :
1461 1833 1714 1879 ett-terum
1749 1827 1836 1893 pio
1863 1826 2002 1893 viro,
2047 1828 2140 1881 iis-

571 1937 674 1990 que
710 1921 798 1990 qui
831 1917 1070 1984 partibus
1103 1916 1268 1985 ipsius
1311 1916 1640 1977 studebant,
1675 1914 1864 1970 mortis
1921 1923 2126 1968 metum

571 2011 928 2072 intentabant,
965 2017 1074 2062 tum
1106 2005 1319 2075 publice
1365 2005 1530 2058 armis
1565 2003 1815 2059 instructi
1839 2045 1854 2068 ,
1891 2014 1998 2059 tum
2036 2007 2140 2074 pri-

2245 562 2358 616 ριον
2391 545 2623 615 ἐντίμως
2651 561 2710 597 τε
2741 544 2834 598 καὶ
2868 543 2977 596 τῶν
3010 543 3174 597 αὐτοῦ
3206 543 3380 597 πόνων
3407 547 3637 617 ἐπαξίως,
3663 560 3722 611 χει

2242 635 2470 700 διαλέξει
2501 635 2812 707 πλατυτέρα
2841 636 2902 688 τὸ
2931 635 3057 706 περὶ
3096 635 3256 688 αὑτὸν
3294 636 3593 703 ἐνδείξασθαι
3627 648 3730 715 πρό-

2243 727 2437 798 θυμον,
2485 728 2576 781 καὶ
2615 726 2764 789 τέλος
2821 728 3023 780 είπεῖν·
3071 743 3090 776 ι
3135 722 3206 778 Ὦ
3246 725 3432 797 πάτερ,
3463 731 3534 782 σοί
3580 749 3627 785 τε
3664 740 3724 791 καὶ

2240 823 2352 883 τοῖς
2383 820 2566 890 ἱδρῶσι
2596 823 2707 882 τοῖς
2736 823 2846 883 σοῖς
2875 820 2941 873 δι’
2974 820 3129 891 ἡμῶν
3165 822 3194 873 ὁ
3219 821 3348 884 Θεὸς
3389 821 3642 894 ἐγχειρίζει
3664 832 3729 902 τὴν

2253 912 2596 982 Ἐκκλησίαν.
2646 912 2773 966 Ἰδοὺ
2797 912 2985 983 δίδωμί
3022 929 3103 964 σοι
3134 913 3223 965 τὸν
3249 907 3395 965 οἷκον
3422 913 3503 966 τὸν
3529 917 3644 986 ἱερὸν
3667 925 3730 976 καὶ

2240 1004 2331 1057 τὸν
2365 1002 2570 1074 θρόνον.
2621 1022 2640 1056 ι
2685 1004 2740 1057 '0
2769 1004 2826 1056 δὲ
2874 1004 3166 1074 μακάριος,
3212 1003 3547 1074 περιχαρείας
3573 1007 3732 1080 πληρω-

2241 1095 2353 1158 Θεὶς
2399 1094 2544 1166 (66),
2589 1095 2973 1166 ἀσπασάμενος
3010 1094 3099 1148 τὸν
3142 1095 3532 1166 αὐτοκράτορα,
3560 1101 3731 1155 καὶεύ-

2238 1191 2364 1257 χαῖς
2402 1186 2802 1259 ἀμειψάμενος,
2837 1186 2982 1257 ἐξῄει
3036 1187 3144 1257 (67)
3178 1186 3285 1239 τῶν
3325 1187 3598 1256 βασιλείων.
3626 1194 3731 1246 Dial

2253 1279 2515 1350 ’Λρειανοὶ
2539 1279 2722 1350 (μέχρι
2753 1278 2859 1349 γάρ
2883 1279 2976 1330 τοῦ
3000 1279 3188 1349 χρόνον
3215 1277 3362 1330 τοῦδε
3393 1277 3474 1331 τὸν
3502 1280 3621 1349 ἱερὸν
3643 1300 3732 1336 κατ·

2241 1372 2382 1439 εἶχον
2439 1364 2626 1438 οἷκον)
2675 1369 3070 1441 παρετάττοντο
3143 1369 3417 1440 ξιφήρεις,
3460 1371 3583 1442 ὑπὲρ
3616 1372 3732 1427 αὑτοῦ

2241 1460 2493 1530 πολεμεῖν
2527 1461 2789 1532 ᾑρημένοι
2816 1461 2962 1533 ςπρὸς
3004 1462 3091 1514 τὸν
3126 1461 3410 1532 μακάριον.
3442 1463 3541 1514 Καὶ
3570 1464 3733 1534 τὸνμὲν

2243 1550 2464 1621 βασιλέα
2501 1553 2740 1605 ἱκέτευον
2777 1554 2849 1624 μὴ
2881 1554 3239 1624 ἀφαιρεθῆναι
3275 1552 3384 1623 (68)
3411 1552 3496 1604 τὸν
3519 1549 3655 1614 οἷκον,
3677 1555 3735 1608 £2-

2238 1643 2476 1706 δοικότες
2503 1644 2828 1697 ἀντιϐαίνειν
2857 1643 2933 1715 τῷ
2967 1645 3190 1716 κράτει·
3221 1643 3298 1713 τῷ
3325 1643 3380 1696 δὲ
3417 1643 3538 1713 ὁσίῳ
3563 1646 3736 1709 καὶτοῖς

2245 1735 2361 1804 μετ’
2406 1734 2570 1787 αὑτοῦ
2619 1735 2846 1788 θάνατον
2896 1736 3242 1805 ἐπηπείλουν,
3284 1734 3510 1805 δημοσίᾳ
3546 1751 3598 1787 τε
3631 1737 3737 1788 itii.

2243 1825 2476 1889 σθέντες,
2508 1827 2601 1879 καὶ
2637 1827 2742 1898 ἰδία
2764 1829 2870 1880 τινὶ
2900 1826 3238 1897 ὑποθέμενοι,
3268 1825 3440 1897 λάθρα
3465 1827 3739 1897 προσελθόντι

2238 1917 2326 1970 διὰ
2355 1917 2462 1970 τῶν
2500 1918 2820 1988 σπλάγχνων
2864 1917 2956 1972 τοῦ
3002 1917 3300 1989 ἀρχιερέως
3337 1916 3492 1970 ὠθεῖν
3531 1917 3584 1970 τὸ
3615 1919 3738 1987 {Esca

2240 2008 2404 2080 Καὶή
2435 2009 2532 2080 μὲν
2564 2008 2817 2072 σύστασις
2850 2009 2957 2062 τῶν
2990 2008 3260 2080 πολεμίων
3290 2008 3517 2080 τοσαύτη

570 2101 734 2154 vatim
774 2101 1069 2153 subornato
1113 2096 1367 2165 quodam,
1400 2095 1493 2166 qui
1537 2096 1603 2150 ad
1669 2096 1979 2165 pontitieem
2048 2097 2359 2166 accederet,
2421 2099 2646 2171 ejusque
2712 2111 2898 2170 pectus
2943 2115 3071 2156 ense
3119 2099 3416 2168 trajiceret.
3464 2101 3617 2170 Atque
3661 2099 3741 2156 hac

569 2206 687 2251 erat
713 2195 946 2249 hostium
981 2193 1325 2262 conspiratio.

643 2287 797 2341 Mane
829 2286 1039 2354 itaque,
1072 2300 1194 2338 cum
1236 2283 1462 2352 populus
1498 2282 1593 2337 Dei
1631 2283 1790 2339 simul
1815 2298 1934 2338 cum
1963 2295 2140 2354 pasto-

568 2395 629 2434 re
653 2379 716 2431 ad
745 2393 955 2433 sacram
983 2376 1150 2430 a'dem
1176 2375 1554 2445 recipiendam
1593 2377 1956 2445 perrexisseut
1980 2419 1995 2442 ,
2033 2392 2138 2430 non

571 2469 751 2523 minus
777 2467 982 2538 gravis,
1012 2481 1171 2534 quam
1208 2466 1252 2519 si
1285 2467 1480 2520 civitas
1515 2467 1695 2521 hostili
1740 2469 1939 2536 impetu
1967 2484 2138 2536 expu-

571 2569 852 2630 gnaretnr,
883 2557 1140 2612 tumultus
1164 2558 1436 2612 excitatus
1461 2569 1565 2622 est,
1614 2559 1794 2614 multis
1833 2561 2139 2616 hominibus

574 2655 628 2706 in
662 2652 795 2706 vicis
828 2661 882 2704 et
903 2651 1126 2718 distegis
1149 2665 1212 2706 ac
1245 2651 1486 2720 tristegis
1510 2667 1630 2706 cum
1655 2653 1823 2706 armis
1851 2655 2138 2720 stantibus,

573 2744 1002 2811 mulieribusque
1043 2752 1096 2794 et
1147 2743 1328 2811 pueris
1365 2758 1581 2814 gravem
1617 2744 1873 2813 ejulatum
1941 2746 2142 2814 permi-

572 2833 697 2888 stitn
734 2833 1032 2886 edentibus.
1062 2831 1176 2900 Ipse
1202 2845 1414 2901 quoque
1447 2833 1736 2901 imperator
1763 2835 2014 2905 templum
2039 2850 2142 2888 una

573 2942 695 2978 eum
728 2924 884 2980 beato
913 2924 1177 2992 Gregorio
1213 2925 1488 2994 ingressus
1518 2934 1621 2979 est.
1657 2925 1724 2980 Ut
1763 2938 1940 2980 autem
1976 2927 2141 2981 multa

571 3019 626 3070 in
661 3018 818 3070 rebus
848 3015 1096 3069 humanis
1144 3029 1273 3068 casu
1303 3016 1521 3069 evenire
1549 3016 1742 3082 solent,
1801 3017 2030 3072 nubibus
2057 3035 2145 3073 so-

2315 2286 2532 2356 Πρωΐας
2563 2284 2619 2338 δέ
2657 2284 2988 2355 γενομένης,
3022 2285 3050 2335 ὀ
3089 2281 3216 2344 λαὸς
3259 2281 3354 2335 τοῦ
3395 2279 3521 2334 Θεοῦ
3566 2279 3658 2351 ἃμα
3691 2281 3743 2350 τῷ

2245 2377 2459 2448 ποιμένι
2487 2377 2650 2448 ᾔεσαν
2682 2377 2796 2448 (69)
2823 2379 2912 2430 τὸν
2946 2375 3088 2446 ἱερὸν
3112 2371 3260 2428 οἷκον
3287 2373 3676 2445 ἀποληψόμενον
3699 2369 3745 2443 ἦν

2245 2466 2336 2523 οῦν
2371 2469 2534 2540 θροῦς
2557 2485 2617 2522 τε
2653 2468 2818 2531 πολὺς
2849 2470 2941 2522 καὶ
2966 2469 3223 2539 τάραχος,
3253 2468 3354 2537 οὐχ
3374 2463 3573 2538 ἦττονῆ
3597 2467 3743 2528 πόλεως

2246 2557 2618 2629 πορθουμένης
2648 2561 2711 2610 ἐκ
2741 2557 3010 2626 πολεμίων
3036 2556 3248 2625 ἐφόδου,
3277 2556 3484 2610 πολλῶν
3503 2555 3746 2623 ὀπλοςόρων

2243 2653 2304 2705 ἐν
2335 2651 2614 2714 πλατείαις
2643 2669 2700 2703 τε
2729 2651 2820 2702 καὶ
2846 2649 3131 2720 διωρόςςοις
3162 2649 3256 2702 καὶ
3281 2649 3592 2720 τριωρόφοις
3610 2647 3746 2709 ὄντων,

2244 2744 2443 2812 πολλῆς
2475 2760 2534 2795 τε
2563 2743 2805 2812 οἰμωγῆς
2837 2741 3108 2810 γυναικῶν
3141 2741 3236 2794 καὶ
3276 2740 3482 2793 παίδων
3513 2754 3750 2808 suppum-

2249 2836 2432 2908 μένης.
2485 2835 2669 2906 Είσῄει
2715 2833 2827 2902 (70)
2871 2833 2915 2886 δ’
2964 2829 3056 2886 οῦν
3090 2833 3185 2886 καὶ⁵
3226 2834 3254 2886 ὁ
3287 2830 3534 2902 βασιλεὺς
3571 2830 3664 2899 ἅμα
3698 2826 3749 2894 τῷ

2250 2928 2501 2998 μακαρίῳ
2522 2929 2600 2990 εἰς
2626 2926 2714 2979 τὸν
2737 2924 2891 2978 νεών.
2917 2919 3018 2978 Οἷα
3042 2925 3098 2978 δέ
3120 2924 3291 2977 πολλὰ
3320 2922 3587 2994 συμϐαίνει
3611 2923 3656 2974 ἐν
3674 2919 3750 2988 (71)

2247 3018 2604 3089 ἀνθρωπίνοις
2642 3017 2960 3088 πράγμασι,
2998 3018 3209 3088 πρωίας
3254 3017 3424 3086 οὔσης
3454 3015 3635 3084 γίνεται
3661 3011 3750 3064 σκό-

571 3106 640 3159 lis
691 3107 876 3160 orbem
921 3106 1021 3158 sub
1069 3120 1320 3158 auroram
1353 3106 1710 3161 subeuntibus
1739 3145 1754 3172 ,
1796 3110 2032 3163 teuehra:
2061 3126 2140 3164 re-

2249 3129 2353 3176 τος,
2379 3111 2606 3181 νεφέλης
2631 3110 2720 3164 τὸν
2751 3109 2976 3179 ἡλιακὸν
3003 3109 3200 3162 κύκλον
3229 3106 3630 3180 ὑποδραμούσης
3657 3102 3750 3174 (72).

572 3207 732 3267 petite
789 3208 990 3251 coorta:
1021 3205 1168 3251 sunt.
1198 3198 1328 3264 Quae
1359 3214 1462 3263 res,
1494 3207 1553 3253 ut
1581 3216 1609 3253 a
1645 3200 1786 3254 festo
1815 3202 2147 3271 bnjnsmodi-

574 3306 680 3359 que
714 3291 988 3344 hilaritate
1019 3289 1213 3366 aliena,
1247 3289 1490 3345 Ariauos
1525 3291 1782 3360 majorem
1825 3295 1876 3346 in
1925 3295 2142 3347 modum

571 3383 876 3444 recreabat,
906 3380 1134 3450 perinde
1158 3395 1218 3435 ac
1243 3382 1286 3434 si
1319 3383 1458 3436 Deus
1482 3397 1652 3436 sacra:
1673 3383 1802 3436 :cdis
1845 3385 2147 3438 translatio-

570 3488 695 3527 nem
741 3473 916 3526 minus
967 3480 1172 3542 gratam
1221 3474 1440 3528 haberet
1471 3493 1484 3527 :
1518 3475 1748 3528 ﬁdelium
1805 3485 1988 3529 contra
2028 3477 2143 3528 auio

571 3579 690 3618 ruas
717 3564 1074 3619 intolerabilis
1102 3564 1256 3619 dolor
1301 3566 1602 3620 cruciabat.
1641 3565 1836 3621 Verum
1862 3568 2023 3620 simul
2062 3579 2144 3620 at-

571 3671 680 3726 que
719 3657 1005 3726 cpiscopus
1033 3665 1089 3708 et
1125 3657 1421 3726 imperator
1452 3672 1643 3711 sacras
1675 3657 1861 3711 valvas
1911 3659 2143 3726 ingressi

571 3758 718 3810 sunt,
748 3757 910 3816 atque
957 3761 1148 3800 omnes
1199 3763 1360 3800 unam
1411 3750 1769 3819 eamdemque
1819 3749 2146 3803 laudationis

520 3833 524 3838 ’
571 3855 759 3895 vocem
791 3837 1149 3902 sustulerunt,
1185 3853 1485 3907 manusque
1507 3855 1630 3893 cum
1661 3840 1916 3910 lacrymis
1962 3849 2148 3894 exten-

573 3931 786 3992 derunt,
813 3929 1122 3991 confestim,
1151 3929 1240 3983 Dei
1277 3931 1631 3997 providentia,
1673 3931 1936 3984 subducta
1971 3932 2134 3994 nube,

573 4019 840 4088 fulgentes
874 4019 1002 4074 solis
1033 4019 1166 4074 radii
1201 4034 1414 4074 sacram
1445 4021 1663 4074 domum
1697 4021 1983 4089 splendore
2023 4037 2145 4091 per-

571 4111 861 4175 fuderuut;
909 4124 1143 4179 aereque
1173 4111 1488 4165 collustran
1517 4112 1763 4166 homines
1789 4112 1955 4165 animi
2008 4128 2144 4168 Intn—

573 4215 755 4256 rorem
793 4199 846 4254 in
883 4199 1123 4254 laetitiam
1157 4209 1597 4265 COIImIUIaI'lllll,
1649 4211 1816 4269 atque
1850 4201 2146 4269 imperato-

572 4306 714 4358 rem,
739 4301 797 4345 ut
827 4291 1145 4361 episcopum
1193 4291 1247 4345 in
1289 4291 1486 4345 tbrono
1511 4290 1830 4354 collocaret,
1855 4290 2146 4346 obsecrare

576 4391 743 4452 atque
787 4381 1050 4435 obtestari
1092 4390 1397 4450 co-perunt.
1433 4379 1504 4433 At
1535 4378 1834 4448 Gregorius
1861 4420 1878 4446 ,
1913 4394 2034 4434 cum
2075 4383 2144 4434 ab

2247 3207 2356 3259 Καὶ
2385 3205 2443 3258 τὸ
2478 3222 2538 3257 συ
2549 3205 2718 3273 μόἑιν,
2756 3203 2949 3273 ἑορτῆς
2979 3220 3038 3256 τε
3068 3202 3163 3255 καὶ
3189 3201 3539 3273 φαιδρότητος
3562 3197 3752 3267 τοιαύτης

2246 3295 2487 3365 ὑπάρχον
2519 3294 2791 3365 ἀλλότριον
2815 3334 2829 3357 ,
2859 3295 2986 3357 τοὺς
3013 3294 3110 3364 μὲν
3155 3294 3466 3366 Ἀρειανοὺς
3496 3290 3645 3345 ἐποίει
3669 3304 3754 3356 φαι-

2245 3377 2548 3450 δροτέρους,
2575 3379 2650 3442 ὡς
2676 3378 2769 3431 τοῦ
2800 3378 2938 3431 Θεοῦ
2973 3379 3046 3449 μὴ
3078 3377 3423 3441 εὐδοκοῦντος
3447 3379 3509 3447 τῇ
3534 3373 3754 3447 μεταθέσει

2245 3471 2337 3524 τοῦ
2375 3473 2561 3524 οῖ’κουο
2623 3470 2800 3540 ψυχὰς
2861 3471 2918 3524 δὲ
2974 3471 3181 3524 πιστῶν
3245 3469 3374 3524 ἀνία
3429 3467 3624 3532 ἐπίεζεν
3665 3466 3755 3518 ὑπο-

2247 3563 2525 3633 σμύχουσα
2544 3563 2674 3633 (75).
2711 3563 2796 3626 Ὠς
2819 3562 2873 3615 δὲ
2895 3563 2995 3632 τῆς
3026 3564 3174 3634 ίερᾶς
3206 3561 3479 3630 κιγκλίδος
3499 3562 3524 3614 ὃ
3541 3576 3592 3612 τε
3608 3556 3755 3626 ποιμὴν

2246 3653 2341 3704 καὶ
2368 3655 2395 3705 ὁ
2428 3651 2682 3722 βασιλεὺς
2723 3654 2853 3705 εἴσω
2886 3652 3192 3723 παρέδυσαν
3235 3651 3348 3722 (74)
3372 3689 3386 3713 ,
3412 3651 3547 3722 ἤρθη
3571 3665 3622 3701 τε
3649 3645 3756 3715 quivit

2247 3744 2345 3816 μία
2395 3743 2542 3814 παρὰ
2581 3746 2798 3797 πάντων
2838 3743 3116 3806 αἰνέσεως,
3147 3743 3362 3816 δάκρυά
3401 3759 3460 3795 τε
3500 3743 3585 3794 καὶ
3613 3734 3758 3808 χειρῶν

2244 3837 2482 3900 ἐκτασις.
2522 3837 2754 3908 Ἀθρόως
2791 3835 2884 3889 τοῦ
2938 3836 3126 3905 νέφους
3184 3832 3557 3899 ὑπεξελθόντος
3592 3825 3756 3899 προνοίᾳ

2243 3927 2402 3993 Θεοῦ,
2443 3927 2728 3998 ἐκλάμψαν
2771 3928 2884 3999 (75)
2921 3927 3142 3998 ἡλιακὸν
3177 3927 3340 3990 σέλας
3375 3925 3467 3978 τόν
3507 3923 3632 3994 ἱερὸν
3657 3915 3760 3972 οἷκον

2243 4019 2554 4090 κατηύγασε
2578 4035 2592 4050 ⁸
2628 4021 2722 4074 καὶ
2753 4020 2830 4090 τῷ
2872 4020 2994 4090 ἀέρι
3024 4017 3348 4085 ςωτισθέντι
3383 4018 3439 4070 αἱ
3471 4015 3572 4068 τῶν
3605 4008 3759 4081 ἀνθρὼ-

2244 4129 2361 4164 πων
2386 4112 2616 4166 διάνοιαι
2640 4113 2738 4182 τὴν
2767 4110 3064 4181 δυσθυμίαν
3089 4108 3198 4179 (76)
3228 4109 3308 4172 είς
3334 4107 3649 4179 φαιδρότητα
3668 4117 3746 4168 σύμ

2248 4203 2571 4274 μετέϐαλον,
2643 4203 2734 4256 τόν
2787 4219 2844 4255 τε
2907 4201 3130 4272 βασιλέα
3185 4199 3429 4252 ἱκέτευον
3503 4189 3761 4266 ἐγκαθιδρῦ-

2247 4311 2335 4347 σαι
2363 4295 2474 4365 (77)
2508 4294 2598 4346 τὸν
2626 4294 2888 4365 ἀρχιερέα
2913 4292 2989 4363 τῷ
3015 4291 3206 4363 θρόνῳ.
3247 4292 3306 4344 ’0
3335 4291 3393 4344 δὲ
3425 4287 3686 4360 μακάριος.
3712 4279 3763 4349 μὴ

2246 4383 2568 4454 βουλόμενος
2593 4385 2771 4436 ἐκεῖσε
2801 4383 3244 4455 καθιδρυνθῆναι,
3279 4383 3446 4444 αὐτὸς
3472 4382 3528 4433 ἐν
3556 4373 3762 4432 τοσούτοις

571 4474 666 4528 illa
696 4473 826 4527 sede
857 4473 1180 4528 abborreret
1204 4510 1220 4538 ,
1249 4486 1350 4526 nec
1379 4486 1490 4541 pra;
1521 4471 1644 4524 vita:
1677 4471 2009 4525 continentia
2038 4509 2056 4537 ,
2087 4481 2140 4526 et

2249 4476 2508 4543 ἐκερωνείν
2545 4474 2649 4528 ὑπὸ
2674 4475 2772 4546 τῆς
2802 4474 3129 4546 ἐγκρατείας
3163 4473 3254 4526 καὶ
3279 4473 3384 4543 τῆς
3411 4468 3672 4529 ἀσθενείας
3700 4463 3766 4531 οὗ)

571 4567 818 4635 corporis
856 4565 1195 4630 inﬁrmitate,
1239 4578 1428 4618 vocem
1462 4563 1515 4617 in
1550 4570 1698 4616 tanto
1732 4563 2009 4617 bominum
2044 4579 2142 4616 nu-

572 4673 722 4712 mero
749 4656 943 4712 etTerre
973 4665 1154 4724 posset
1181 4694 1197 4720 ,
1223 4670 1320 4724 per
1348 4655 1636 4723 quemdam
1673 4653 1756 4708 bis
1783 4654 1965 4709 verbis
1998 4654 2138 4707 mul-

573 4748 854 4801 titudinem
883 4745 1076 4799 all'atnr
1104 4763 1119 4799 :
1158 4763 1176 4795 ι
1209 4745 1253 4800 0
1283 4745 1375 4798 lilii
1395 4785 1412 4809 ,
1439 4759 1582 4798 nunc
1608 4751 1826 4814 tempus
1853 4753 1936 4798 est
1965 4753 2022 4798 ut
2046 4745 2143 4798 be-

573 4839 750 4892 nclicii
811 4852 1099 4902 memores,
1140 4839 1208 4892 ob
1239 4853 1302 4892 ea
1351 4851 1470 4906 qua:
1516 4835 1708 4906 largita
1741 4835 1985 4890 Trinitas
2032 4844 2137 4899 est,

642 5032 754 5103 (66)
781 5032 1007 5104 Montae.
1032 5041 1094 5104 et
1116 5031 1202 5104 alii
1231 5031 1362 5085 edit.
1395 5031 1583 5087 volunt
1611 5031 1858 5104 πληθείς.

643 5100 755 5174 (67)
785 5104 916 5157 Cod.
956 5102 1048 5158 Or.
1082 5100 1232 5166 ἐξίει.

645 5170 754 5244 (68)
796 5174 886 5244 Sic
921 5174 1106 5226 volunt
1141 5170 1345 5240 antiqui
1381 5171 1508 5226 edit.
1552 5181 1607 5227 et
1651 5175 1807 5228 codd.
1851 5175 2043 5239 nostri.
2088 5177 2143 5228 la

573 5242 698 5302 edit.
731 5242 1017 5313 ἀφεθῆναι.

643 5315 755 5386 (69)
783 5310 908 5366 Cod.
939 5313 1210 5386 (luissem
1238 5328 1251 5343 θ
1287 5327 1408 5367 mox
1445 5311 1596 5367 Colb.
1619 5311 1675 5386 2,
1707 5310 2128 5386 ἀπολειψόμενοι.

571 5382 702 5439 Coit.
738 5382 796 5438 P.
824 5382 1234 5455 κατερχόμενοι,
1269 5386 1566 5455 adsueram
1597 5384 1814 5455 Arionium
1849 5385 2146 5437 descendis-

573 5464 702 5508 κιαι.
747 5457 798 5508 in
821 5451 1144 5522 quibusdam
1171 5455 1300 5507 edit.
1326 5451 1786 5522 ἀποκληψόμενοι.

645 5525 754 5580 17οὶ
782 5525 915 5579 Cod.
944 5525 1039 5580 υτ.
1062 5534 1116 5577 et
1144 5523 1204 5577 P.
1235 5524 1416 5580 είσίει.

644 5594 754 5664 (Ἠ)
788 5595 886 5648 Ἐν
917 5597 1068 5648 deest
1098 5595 1151 5649 in
1182 5597 1303 5648 eod.
1341 5594 1436 5647 Ur.

646 5664 756 5736 (Η)
788 5664 861 5736 |t_a
891 5673 1123 5736 montac.
1151 5675 1204 5736 et
1231 5664 1318 5716 alii
1345 5665 1476 5736 edit.
1515 5677 1613 5719 nec
1641 5678 1742 5719 non
1771 5678 1957 5722 omnes
1979 5664 2142 5720 codd.

574 5733 764 5796 matri.
816 5733 874 5789 lu
896 5735 1025 5791 edit.
1056 5734 1515 5807 περιδραμούσης.

2245 4561 2354 4628 οἷός
2387 4581 2446 4618 τε
2477 4563 2936 4638 ὣν,’προσφωνεῖ
2979 4565 3057 4636 τῷ
3107 4564 3301 4636 πλήθει
3350 4564 3441 4618 διά
3472 4578 3606 4624 τινος
3642 4557 3766 4623 λέγων

2247 4658 2428 4720 αὐτοῖς
2449 4674 2462 4688 ·
2505 4676 2523 4707 ι
2565 4653 2635 4708 Ὦ
2659 4657 2845 4720 τέκνα,
2877 4655 2973 4709 νῦν
3000 4657 3189 4728 καιρὸς
3222 4651 3677 4725 εὐγνωμονοῦντας
3700 4648 3765 4711 ti)

2246 4747 2404 4817 χάριν
2425 4746 2700 4818 ὁμολογεῖν
2727 4749 2812 4817 ἐφ’
2833 4741 2914 4812 οἷς
2940 4748 3231 4818 ἐχαρίσατο
3259 4748 3392 4817 ἡμῖν
3414 4747 3448 4814 ἡ
3473 4744 3644 4815 Τριάς.
3673 4738 3754 4801 ιΙερ

2246 4839 2302 4892 δὲ
2331 4839 2424 4893 τοῦ
2459 4840 2650 4912 θρόνου
2675 4840 2914 4903 εἰσαῦθις
2945 4836 3339 4908 ἀναλαϐώμεθα
3365 4835 3500 4907 (78).
3540 4855 3557 4886 ι
3585 4827 3766 4884 Tuum

2315 5036 2427 5108 (75)
2477 5035 2626 5092 lianc
2673 5036 2955 5109 lectionem
3013 5036 3278 5109 exhibent
3314 5033 3474 5109 codd,
3529 5029 3620 5109 Or,

2245 5105 2271 5160 i
2313 5105 2367 5162 et
2400 5105 2454 5164 εὶ.
2502 5123 2598 5161 nec
2641 5123 2745 5161 non
2802 5106 3046 5170 (lembcl.
3090 5108 3146 5160 lu
3197 5106 3326 5160 edit.
3371 5105 3565 5158 ἀνίατα
3605 5105 3772 5154 causa?

2246 5177 2583 5254 ὑποεμῦχονο
2894 5245 2944 5254 ..
3168 5241 3257 5254 ..
3385 5243 3418 5254 ..
3616 5237 3654 5254 ..

2320 5241 2435 5317 (74)
2470 5241 2559 5302 Sic
2589 5261 2779 5301 oumes
2810 5245 2966 5301 codd.
3011 5245 3208 5317 nostri.»
3237 5241 3294 5317 ln
3329 5243 3465 5317 edit.
3499 5241 3770 5317 παρέδοσξαᾎι

2241 5361 2264 5389 ._
2319 5308 2432 5389 (75)
2467 5320 2537 5389 Ita
2560 5317 2793 5389 Montac.
2821 5327 2875 5370 et
2899 5331 3088 5371 omnes
3115 5315 3268 5371 codd.
3291 5314 3466 5370 nostri
3490 5327 3553 5365 ac
3579 5308 3770 5363 Combel-

2247 5387 2304 5443 ltt
2331 5387 2470 5442 edit.
2499 5387 2801 5457 ὲλλάμψαν.

2320 5458 2433 5529 (76)
2464 5461 2594 5512 Col.
2627 5455 2722 5512 0r.
2745 5455 3082 5529 δυσφημίαν.

2319 5525 2432 5597 (ἷῖ)
2462 5529 2593 5584 Cod.
2629 5529 2723 5599 0r.
2753 5525 3130 5599 καθιδρῦσαιη
3214 5595 3264 5599 __
3379 5595 3391 5599 _
3482 5590 3507 5599 _
3547 5586 3590 5599 η
3620 5585 3629 5599 ,

2321 5575 2432 5671 uss
2463 5575 2973 5671 ἱδὲἰζιῖᾲὸιίἶῒὲί
2991 5575 3325 5662 Elissaei;
3367 5575 3776 5656 ἀνιδιλλὼμεελι

2247 5673 2301 5727 in
2323 5669 2582 5739 posterum
2610 5669 2956 5736 di/I'erantus._
