3824 6394
73 374 152 432 293

1011 353 1342 411 AUCTOBE
1373 351 1727 411 GREGORIO
1764 349 2244 408 PRESBYTERO.

3125 355 3236 408 230

74 489 146 562 μὲν
165 481 270 542 λαδς
288 473 574 542 δεξάμενος,
605 467 928 538 ἐπραΰνετοο·
953 467 982 520 ὁ
1007 466 1363 539 αὐτοκράτωρ
1389 467 1446 521 δὲ
1469 471 1568 538 τῆς

1686 471 1870 538 gratias
1902 468 2220 524 referamus.
2246 464 2320 519 De
2343 464 2538 518 throno
2559 471 2742 518 autem
2773 463 2913 520 alias
2938 481 3181 537 agemus.
3209 494 3229 524 ο

75 557 358 652 μετριότητος
409 560 516 632 (79)
577 557 671 612 τοῦ
726 557 919 652 ἀνδρὸς
946 557 1400 652 ..κατεπλήττετα
1459 558 1568 610 Καὶ

71 647 200 729 οὕτως
246 659 330 733 μὲν
377 655 408 726 ή
457 652 759 723 πανήγυρις
814 649 1052 719 διελύθη,
1116 647 1453 720 εὐφροσύνην
1507 665 1567 700 τε

72 759 269 825 πλείστην
289 746 686 819 παρασχομένου
708 742 946 815 Χριστοῦ
972 743 1064 796 καὶ
1087 742 1406 810 ἀσφάλειαν,
1428 739 1568 793 ὥστε

71 842 426 911 κατευνασθῆναι
458 835 566 888 τῶν
610 852 670 888 τε
715 833 895 886 ὃπλων
937 832 1036 903 τὴν
1090 831 1441 904 παρασκευὴν
1476 832 1569 885 καὶ

71 945 140 1013 τῆς
174 934 337 1010 μανίας
381 929 439 982 τὸ
481 928 629 993 ξέον·
679 926 738 978 ἓν
770 925 827 979 δὲ
876 924 1034 996 μόνον
1086 923 1374 995 γυμνωθὲν
1419 923 1569 992 ξίφος

69 1028 278 1102 ἀναιμωτὶ
306 1022 457 1077 πάλιν
490 1018 828 1091 ἐμϐληθῆναι
854 1019 922 1089 τῇ
966 1015 1251 1089 ξιφοθήκῃ.

117 1301 233 1372 Πλήν
261 1315 316 1366 γε
340 1296 434 1350 οὐκ
475 1295 556 1358 εἰς
588 1293 740 1357 τέλος
770 1293 1120 1365 συνεχωρήθη
1159 1292 1234 1364 μὴ
1261 1292 1572 1364 ἐνιδρυνθῆ-

69 1413 129 1448 ναι
149 1390 210 1460 τῷ
243 1387 417 1457 θρόνῳ.
449 1387 667 1456 Καίπερ
704 1385 814 1456 γὰρ
843 1385 943 1438 οὐκ
985 1383 1252 1449 ἐθέλοντα,
1286 1383 1379 1437 καὶ
1420 1385 1570 1453 ἰσχυ-

71 1486 147 1558 ρῶς
175 1479 488 1549 ἁναινόμενον
512 1518 526 1541 ,
557 1477 707 1547 ὅμως
741 1477 985 1548 ἐνίδρυσε
1024 1476 1125 1545 τῆς
1163 1475 1572 1548 ἀρχιερωσύνης

67 1579 146 1638 τοῖς
187 1571 357 1629 θώκοις
401 1569 703 1640 ἀρχιερέων
760 1568 986 1639 πληθύς.
1045 1567 1229 1622 Ταῦτα
1283 1567 1571 1639 δὲημικρδν

69 1667 253 1734 ὓστερον.
305 1662 357 1714 '0
399 1661 494 1732 μὲν
542 1656 634 1713 οὗν
686 1660 937 1731 βασιλεὺς
981 1658 1061 1730 τῴ
1109 1659 1260 1730 ἀνδρὶ¹
1295 1659 1568 1731 ἐγεγήθει,

68 1754 221 1825 πατρὸς
247 1749 384 1821 αὐτῷ
427 1751 594 1821 τιμὴν
645 1751 738 1802 καὶ
777 1748 909 1812 αἰδῶ
948 1749 1256 1818 ἀπονέμων.
1306 1749 1415 1802 Καὶ
1463 1749 1572 1822 γὰρ

67 1844 128 1917 ἦν,
159 1847 197 1897 ει
226 1842 307 1897 καὶ
345 1840 676 1904 παιδεύσεως
719 1841 967 1913 ἄμοιρος,
1015 1839 1129 1892 ἀλλ’
1164 1836 1257 1894 οὖν
1284 1841 1512 1915 εὐσεϐὴς
1542 1842 1570 1893 ὁ

68 1936 167 2004 ἀνὴρ
187 1934 263 1986 καὶ
289 1932 473 2003 πρᾷος,
503 1932 557 1984 εἴ
577 1948 682 2002 περ
718 1930 828 2001 (80)
857 1947 939 1992 τις
961 1930 1136 1994 ἄλλος.
1169 1930 1340 1995 Αὐτὸς
1368 1930 1424 1984 δὲ
1453 1930 1572 2002 Θεῷ

67 2026 282 2094 σχολάζειν
320 2023 514 2094 μᾶλλον
551 2022 584 2093 ἢ
628 2022 836 2092 βασιλεί
875 2022 982 2075 τῶν
1015 2021 1194 2075 καλῶν
1227 2017 1365 2075 εἶναι
1394 2022 1573 2092 οἰόμεο

66 2136 142 2180 νος,
173 2117 221 2169 ού
253 2113 445 2184 σύχνῶς
481 2113 678 2183 ὡμίλει
713 2117 824 2177 τοῖς
861 2113 1169 2184 βασιλείοις.
1207 2113 1572 2186 Φιλαργυρίαν

127 2210 226 2269 τοὺς
256 2205 688 2277 παρισταμένους
724 2204 801 2275 τῷ
847 2204 1055 2274 βασιλεῖ
1081 2206 1369 2269 νοσοῦντας
1406 2205 1570 2276 ὁρῶν,

67 2299 250 2360 καὶτοὺς
271 2297 410 2368 δῶρα
444 2296 838 2366 χαριζομένους
864 2297 1313 2367 ἀποδεχομένους,
1342 2296 1452 2350 τῶν
1491 2297 1570 2362 δὲ,

65 2386 142 2452 οἷος
171 2384 228 2459 ἦν
265 2389 415 2451 αὐτὸς
461 2388 600 2458 (81),
636 2388 777 2458 μάλα
825 2388 1331 2459 καταφρονοῦνταςο
1362 2389 1449 2443 διά
1490 2407 1571 2442 τοι

69 2479 192 2532 ταῦτα
223 2481 328 2542 ταῖς
359 2482 687 2550 προσευχαῖς
707 2479 817 2532 -καλ
838 2479 1166 2552 ἀγρυπνίαις
1200 2481 1292 2534 καὶ
1319 2479 1573 2534 διδασκα-

69 2571 166 2634 λίαις
195 2574 448 2643 προσεῖχε,
479 2571 575 2625 κα)⁵
601 2572 841 2625 ἀσθενῶν
873 2571 1191 2642 θεραπείαις
1230 2574 1323 2626 καὶ
1361 2574 1575 2626 ἐπισκέο

67 2662 143 2729 ψει,
169 2661 268 2732 Θεῷ
307 2662 512 2726 τούτοις
557 2662 834 2736 καθαίρων
865 2663 1057 2717 ἐαυτὸν
1093 2665 1185 2717 καὶ
1212 2663 1272 2716 τὸ
1302 2665 1571 2735 ποίμνιον·

65 2755 155 2807 ποτέ
183 2755 230 2809 δέ
256 2755 343 2808 καὶ
384 2756 523 2827 πρὸς
561 2757 766 2828 ἀγροὺς
795 2755 1167 2829 ὑπανεχὼρει,
1208 2757 1306 2828 τὴν
1345 2759 1574 2828 ἡσυχίαν

65 2845 212 2911 ποθῶν,
257 2848 344 2900 καὶ
392 2849 454 2900 τὸ
493 2850 714 2919 συνεχὲς
760 2849 867 2902 τῶν
911 2849 1086 2901 πόνων
1127 2848 1294 2920 ταύτῃ
1328 2848 1571 2920 ἰώμενος,

63 2940 114 3001 ὥς
141 2938 197 2991 ἄν
221 2939 357 3008 αύτῷ
392 2939 454 2992 τὸ
497 2939 660 3011 σῶμα
699 2940 834 3010 πρὸς
861 2942 988 3005 τοὺς
1014 2941 1214 3011 ἐφεξῆς
1259 2941 1452 3006 πόνους
1498 2943 1574 3014 μὴ

66 3031 298 3101 ἀποκάμοι.
316 3032 515 3096 Αύλαῖς
538 3032 595 3084 δέ
620 3032 902 3103 βασιλείων
918 3032 1147 3104 χρονίως
1165 3033 1415 3087 ἐνέϐαλλε
1441 3034 1572 3104 (82),

62 3120 200 3192 τὸτῆς
241 3123 541 3195 Παροιμίας
575 3120 634 3176 εὖ
669 3124 765 3176 καὶ
809 3124 1128 3196 πρεπόντως
1165 3124 1533 3196 ἐκμελετήσας
1557 3142 1570 3155 ·
1601 3152 1642 3208 c

64 3210 269 3265 Στὰνιον
292 3215 498 3285 εἴσαγε
537 3213 656 3269 σὸν
689 3215 846 3268 πόδα
886 3217 1034 3284 πρὸς
1075 3215 1193 3270 σὸν
1225 3217 1429 3286 φίλον,
1475 3217 1576 3272 ἵνα

60 3301 117 3369 μὴ
136 3306 398 3372 πλησθείς
421 3322 540 3360 σου
565 3307 676 3375 (85)
706 3307 942 3376 μισήσῃ
969 3324 1062 3361 σε.

111 3391 348 3466 Τοσαύτης
373 3395 431 3449 δὲ
457 3397 665 3468 ποιμὴν
716 3397 1041 3469 Ἐκκλησίας
1077 3398 1415 3469 ἀποδειχθεὶς
1436 3440 1450 3462 ,
1484 3399 1578 3452 καὶ

64 3484 332 3552 παραλαϐὼν
363 3487 655 3558 προσόδους
682 3505 740 3540 τε
774 3489 867 3542 καὶ
903 3489 1256 3542 παντοδαπῶν
1283 3490 1578 3561 κειμηλίων

64 3575 234 3644 πλῆθος,
277 3579 400 3649 μίαν
444 3579 697 3652 δραχμὴν
741 3580 988 3634 ἐντεῦθεν
1035 3581 1094 3635 οὐ
1141 3585 1575 3654 προσεκτήσατοο

66 3665 190 3718 καίτοι
229 3684 286 3735 γε
327 3668 640 3741 βουλομένῳ
682 3671 775 3724 καὶ
821 3669 1098 3734 ταλάντων
1135 3671 1394 3741 ἀφθονίαν
1433 3670 1580 3742 αὐτῷ

65 3754 399 3820 περιποιεῖσθαι
441 3756 510 3810 ἀν
546 3757 851 3826 ἐξεγένετο,
896 3760 957 3813 οὐ
987 3759 1278 3830 λογισμοὺς
1305 3761 1580 3832 προσόδων

67 3845 132 3895 καὶ
159 3844 449 3919 διοικήσεως
485 3849 601 3920 (84)
647 3851 797 3923 παρά
850 3851 956 3905 τῶν
1001 3852 1472 3924 οίκονομησάντων
1513 3853 1582 3906 τὰ

66 3934 132 4003 τῆς
159 3938 461 4010 Ἑκκλησίας
492 3942 852 4014 ἐπεζήτησεν,
888 3944 988 3997 οὐκ
1013 3945 1334 4016 ἀναγραφὴν
1373 3945 1582 4000 σκευῶν

71 4026 202 4096 ἱεῴν,
227 4034 542 4104 καπηλικῶν
585 4034 784 4106 μᾶλλον
819 4036 852 4107 ἢ
882 4035 1347 4107 ἐκκλησιαστικῶν
1375 4035 1582 4108 ἀνδρῶν

67 4119 106 4168 τὸ
134 4121 264 4191 ἔργον
299 4126 408 4196 (85)
455 4127 618 4180 τοῦτο
654 4127 968 4193 ὑπολαϐὼν,
1023 4130 1117 4184 καὶ
1160 4129 1435 4200 ἀρχόντων
1483 4130 1584 4182 οὐκ

69 4211 348 4269 ἐπισκόπωνο
387 4219 604 4282 τούτοις
649 4220 894 4284 ἃπαντας
935 4221 1269 4276 ἐκπαιδεύων
1311 4219 1428 4291 Θεῷ
1469 4220 1583 4293 (86)

67 4303 352 4379 καθαρότητα
399 4310 738 4384 προσφέρειν
779 4311 880 4382 τῆς
937 4312 1327 4383 συνειδήσεως,
1370 4313 1467 4367 καὶ
1508 4312 1584 4385 μὴ

69 4391 323 4464 ἀνθρώπους
350 4402 650 4473 πειρᾶσθαι
679 4403 1098 4468 λονοθετοῢντας
1119 4404 1349 4458 πείθειν.

1603 1811 1644 1865 Β

1669 559 1795 614 llaec
1820 561 1982 614 verba
2012 558 2236 612 audiens
2263 555 2492 625 populus
2546 557 2898 625 mitescebal;
2941 558 3238 629 imperator

1668 665 1797 705 vero
1831 650 2066 705 hominis
2096 649 2414 703 modestiam
2442 649 2507 701 ad
2539 657 2812 718 stuporem
2861 667 3031 721 usque
3073 657 3207 709 mira

1645 741 1850 796 'batnr.
1911 740 2002 796 Sic
2063 740 2252 794 concio
2307 739 2483 794 soluta
2537 750 2663 803 est,
2725 740 2950 796 Christo
2995 743 3234 801 laetitiam

1669 848 1933 888 Summam
1975 834 2432 901 securitatemque
2492 831 2782 897 aﬂ'ereute;
2837 838 2909 889 ita
2951 846 3010 890 ιιι
3048 851 3103 893 et
3148 856 3232 892 aro

1669 939 1878 978 morum
1934 934 2228 994 apparatus
2283 925 2597 993 consopitus
2657 925 2863 991 luerit,
2915 939 2975 982 ει·
3037 927 3235 986 furoris

1599 1063 1605 1069 .
1669 1019 1832 1072 ardor
1861 1018 2162 1072 exstinctus
2188 1057 2203 1081 ,
2241 1029 2404 1086 atque
2433 1035 2568 1072 urnis
2597 1020 2858 1074 duntaxat
2905 1023 3050 1078 ensis
3086 1039 3220 1080 exer

1671 1119 1758 1165 tus
1795 1111 1912 1166 sine
1949 1111 2054 1166 ulla
2085 1111 2297 1167 cruoris
2341 1111 2601 1168 ell‘usionc
2635 1129 2824 1170 rursus
2863 1117 3055 1187 vagina
3098 1133 3235 1173 con-

1670 1205 1836 1259 ditus.

1741 1295 2004 1349 Caeterum
2040 1295 2090 1350 ei
2147 1296 2214 1350 ad
2268 1306 2570 1351 extremum
2605 1311 2778 1366 usque
2810 1297 3080 1353 obsistere
3129 1312 3243 1354 non

1670 1384 1843 1451 licuit,
1867 1386 2162 1455 quominus
2199 1387 2250 1441 in
2285 1389 2479 1442 throno
2509 1389 2884 1444 collocaretur.
2917 1389 3236 1445 Pontiﬁcum

1671 1478 1812 1540 enim
1839 1479 2125 1534 multitudo
2155 1494 2301 1544 eum,
2339 1482 2588 1549 quamvis
2626 1482 2899 1537 nolentem
2950 1483 3236 1537 vehemen-

1675 1579 1863 1640 terque
1896 1582 2232 1626 recusantem
2260 1613 2275 1638 ,
2309 1574 2361 1626 in
2390 1573 2838 1643 archiepisc0pali
2875 1575 3002 1628 sede
3033 1575 3235 1628 consti-

1674 1664 1798 1716 tuit.
1841 1660 1946 1716 Sed
1975 1663 2088 1718 lure
2132 1665 2412 1733 aliquanto
2437 1667 2726 1734 posterius.
2756 1665 2964 1720 Interea
3001 1665 3236 1736 impera-

1675 1756 1759 1802 tor
1789 1748 2024 1802 hominis
2055 1753 2443 1806 consuetudine
2473 1753 2863 1822 delectabatur,
2889 1771 3250 1826 etnuquepro-

1673 1849 1897 1908 parente
1946 1840 2178 1896 colebat.
2220 1845 2479 1908 Quamvis
2533 1846 2677 1898 enim
2730 1847 2988 1900 doctrina:
3044 1864 3240 1916 expers

1670 1940 1833 1995 esset,
1861 1932 1979 2000 pius
2013 1940 2188 1986 tamen
2227 1934 2306 1988 vir
2337 1944 2472 1998 erat,
2507 1952 2822 2004 morumque
2854 1937 3071 1992 lenitate
3104 1954 3239 2008 pra:-

1671 2022 1815 2078 ditus
1840 2061 1856 2087 ,
1888 2032 1946 2077 ut
1975 2024 2020 2078 si
2056 2025 2323 2094 quispiam
2361 2027 2519 2082 alius.
2551 2027 2747 2082 Verum
2779 2030 3072 2099 Gregorius
3103 2031 3232 2095 Deo,

1670 2128 1828 2183 quam
1871 2116 2181 2184 imperatori
2209 2155 2225 2181 ,
2257 2133 2478 2188 operam
2526 2119 2658 2175 dare
2702 2122 3011 2192 praeclarius
3050 2125 3237 2178 existi-

1671 2221 1850 2269 mans,
1896 2207 2039 2262 haud
2071 2208 2385 2274 frequenter
2411 2212 2463 2265 in
2504 2212 2622 2264 aula
2649 2215 2989 2279 versabatur,
3022 2229 3117 2269 eos
3144 2216 3262 2284 qui“

1671 2295 2012 2364 imperatoris
2043 2297 2183 2353 latus
2214 2301 2524 2370 cingebant,
2555 2304 2798 2358 avaritiae
2833 2307 3019 2360 morbo
3043 2307 3248 2370 teneri,

1673 2397 1833 2457 atque
1865 2399 1923 2442 ut
1953 2404 2045 2444 eos
2072 2391 2161 2459 qui
2213 2407 2436 2446 inltuera
2467 2393 2783 2457 all‘erebanl,
2828 2410 2984 2451 caros
3018 2397 3246 2458 habere.

1675 2480 1745 2534 ita
1804 2481 1885 2534 sui
1943 2481 2147 2536 similes
2197 2483 2485 2536 admodum
2548 2486 2825 2553 aspernari
2879 2488 3240 2556 perspiciens-

1674 2573 1939 2640 Quocirca
1967 2575 2372 2642 prcontionibns
2412 2587 2464 2630 et
2485 2579 2806 2646 pervigiliis,
2846 2591 3006 2648 atque
3035 2578 3242 2635 doctri-

1676 2663 1779 2727 nis,
1816 2665 2144 2734 a'gmtisque
2172 2665 2514 2719 curandis-et
2547 2665 2843 2722 invisendis
2873 2668 3247 2735 incumbebat,

1674 2752 1783 2809 Deo
1807 2769 1926 2809 sese
1958 2754 2040 2808 his
2091 2758 2252 2809 rebus
2286 2770 2613 2826 gregemque
2643 2771 2880 2828 purgans
2914 2776 2928 2813 :
2966 2761 3246 2815 interdum

1674 2849 1840 2901 etiam
1876 2845 1989 2900 ruri
2020 2845 2341 2912 secedcbat,
2375 2846 2717 2906 solitudinem
2757 2861 3043 2920 expetens,
3070 2867 3254 2923 eaque

1675 2937 1948 3007 perpetuis
2010 2936 2290 2993 laboribus
2357 2937 2613 2994 alllietum
2675 2957 2880 3011 corpus
2942 2959 3238 3011 recreans,

1677 3044 1742 3084 ne
1804 3029 1872 3083 ad
1935 3039 2224 3098 sequentes
2293 3030 2504 3087 labores
2575 3032 2870 3088 fatisceret.
2927 3035 3008 3090 Ad
3068 3037 3252 3090 aulam

1677 3127 1857 3172 autem
1910 3133 2035 3173 raro
2096 3119 2476 3184 commeabat,
2532 3121 2660 3176 illud
2704 3122 3120 3180 Proverbiorum
3157 3142 3260 3180 re-.

1676 3215 1762 3258 ete
1804 3220 2148 3276 congrueque
2183 3211 2574 3277 permeditatns
2615 3229 2629 3264 :
2675 3211 2816 3267 Raro
2859 3215 3041 3280 pedem
3092 3226 3248 3269 tuum

1678 3295 1818 3364 infer
1848 3299 1916 3350 ad
1945 3299 2195 3363 anticum,
2227 3315 2288 3352 ne
2312 3299 2450 3366 [orte
2477 3302 2698 3355 satiatus
2723 3304 2894 3357 aderit
2925 3314 2972 3358 te
3003 3305 3068 3359 “.

1749 3387 1934 3443 Tanta:
1964 3405 2124 3459 porro
2155 3389 2412 3445 Ecclesia:
2443 3395 2642 3460 praesul
2676 3395 2988 3462 institutus,
3016 3411 3248 3464 proven-

1681 3486 1874 3546 tusqne
1905 3489 1959 3532 et
1994 3478 2260 3534 inﬁnitam
2288 3481 2466 3534 omnis
2489 3484 2706 3550 generis
2755 3484 3119 3555 eximiannpie
3146 3502 3244 3540 su-

1680 3570 2000 3639 pellectilem
2034 3581 2382 3635 consecutus,
2430 3587 2496 3626 ne
2526 3573 2684 3626 unica
2712 3573 2928 3643 quidem
2981 3575 3247 3628 drachma

1682 3661 1808 3715 hinc
1858 3659 2138 3716 facultates
2171 3676 2296 3716 suas
2347 3665 2496 3716 auxit
2530 3680 2544 3716 :
2573 3678 2696 3717 cum
2726 3673 2903 3718 tamen
2949 3666 3244 3720 maximam

1684 3752 2004 3807 talentorqu
2037 3755 2247 3823 copiam
2276 3794 2293 3820 ,
2323 3754 2368 3808 si
2403 3755 2472 3808 ita
2517 3755 2684 3824 ipsius
2712 3755 2961 3811 voluntas
2990 3757 3202 3812 tulisset
3227 3799 3254 3822 ν

1681 3845 1939 3915 colligere
1975 3845 2262 3916 potuisset.
2318 3845 2400 3901 Ne
2433 3847 2702 3901 redituum
2737 3849 2952 3917 quidem
2995 3859 3050 3904 et
3083 3851 3258 3905 admi-

1683 3936 2020 3992 uistrationis
2051 3937 2316 3991 rationem
2360 3939 2554 4002 abiis,
2586 3940 2677 4008 qui
2726 3940 2981 3995 Ecclesia:
3029 3943 3255 4012 negotia

1684 4039 2088 4096 procurassent,
2137 4029 2415 4097 repetivit,
2452 4045 2552 4085 nec
2581 4031 2930 4099 supellectilis
2953 4047 3127 4088 sacra;
3156 4034 3256 4089 de-

1685 4123 2032 4192 scriptionem
2065 4137 2370 4192 cauponum
2399 4122 2605 4187 verius,
2630 4138 2793 4190 quam
2843 4125 3258 4182 ecclesiastico-

1685 4229 1804 4268 rutn
1861 4215 2099 4268 virorum
2121 4254 2138 4280 ,
2194 4215 2246 4270 id
2277 4229 2399 4270 esse
2455 4225 2722 4280 statuens,
2753 4230 2820 4270 ac
2851 4217 3256 4284 pra-lectorum,

1686 4322 1792 4363 non
1821 4308 2196 4375 episcoporum
2227 4325 2242 4362 :
2276 4315 2438 4376 atque
2463 4307 2547 4362 his
2570 4309 2731 4362 rebus
2754 4323 2944 4363 omnes
2975 4309 3259 4374 erudiens,

1686 4407 1744 4450 ut
1767 4397 2108 4451 conscientiae
2139 4399 2424 4466 puritatem
2455 4397 2633 4467 potius
2663 4399 2769 4454 Deo
2803 4400 3081 4469 oll‘errent,
3097 4418 3257 4472 quam

1614 4505 1666 4564 ι)
1689 4499 1746 4543 ιιι
1773 4488 2074 4542 rationibus
2111 4487 2406 4543 referendis
2433 4491 2674 4546 muneris
2707 4487 2792 4546 sui
2829 4494 3258 4550 administratio-

114 4671 336 4748 Συνεχείᾳ
361 4678 419 4731 δὲ
450 4679 651 4742 πόνων,
679 4679 826 4749 γήρα
847 4695 904 4730 τε
938 4679 1032 4731 καὶ
1061 4675 1310 4747 ἀσθενείᾳ
1330 4676 1431 4748 ἤδη
1454 4693 1592 4746 καμ-

74 4763 304 4830 πτόμενος,
356 4769 723 4841 ἀρρωστήσας
751 4770 843 4821 ἐπὶ
889 4767 982 4822 τοῦ
1016 4767 1313 4838 σκίμποδος
1343 4762 1436 4837 ἦν;
1483 4766 1593 4818 Καὶ

126 4851 199 4904 τοῦ
224 4854 391 4926 δήμου
425 4857 632 4928 πλῆθος
661 4857 870 4928 ἀθρόως
901 4855 1192 4926 ἐπεισῆλθε
1210 4855 1286 4926 τῷ
1310 4854 1588 4926 δωματίῳ,

71 4940 160 4992 {vlla
202 4947 496 5002 κατέκειτο.
559 4950 616 5003 Ὀ
663 4949 740 5016 δὲ,
791 4943 878 5002 οἷα
925 4949 1066 5018 φιλεῖ
1124 4947 1438 5018 συμϐαίνειν
1483 4950 1594 5011 τοῖς

73 5039 362 5110 ετοουμένοις
419 5043 559 5115 (87),
619 5042 948 5112 ἐπιστρέψας
999 5041 1091 5095 ἐπὶ
1145 5039 1239 5093 τοῦ
1296 5039 1591 5110 σκίμποδος

75 5126 158 5189 “Jb;
191 5131 359 5202 πόδας,
390 5136 474 5197 είς
505 5132 767 5202 τοῦδαφος
805 5135 1002 5187 οὑτωσὶ
1039 5131 1346 5196 ἐκαθέζετο,
1379 5131 1432 5184 τί
1468 5130 1594 5200 βούκ

119 5238 152 5268 ¹⁶
174 5239 319 5298 Prov.
350 5262 482 5311 xxv,
516 5248 603 5301 l7.

233 5355 438 5432 (Eoum!
454 5399 469 5424 ,
497 5359 596 5432 τὴν
627 5361 969 5432 μετριότητα.

117 5421 207 5494 (30)
234 5425 361 5484 Cod.
390 5421 528 5483 Ρ.ἐί
553 5421 647 5483 καί
677 5421 781 5494 τις.

118 5493 209 5567 (ξε)
237 5496 398 5567 Codd.
432 5499 588 5554 Colb.
623 5503 678 5565 2,
707 5493 760 5555 et
792 5500 886 5556 0r.
923 5495 1096 5563 οὗτος.
1565 5531 1570 5534 -

120 5558 212 5632 (82)
241 5564 310 5618 Ita
349 5570 512 5621 codd.
546 5558 694 5626 Colb.
726 5572 780 5629 2,
821 5582 875 5623 et
910 5571 1000 5626 0r.
1033 5558 1086 5624 lu
1116 5570 1244 5623 edit.
1281 5567 1520 5623 ἐνέϐαλε.

119 5630 348 5708 (85)Σοῦ
381 5640 536 5692 deest
565 5641 613 5694 iu
641 5643 792 5695 Colb.
821 5641 875 5704 2,
913 5642 999 5695 ἵνα
1024 5642 1075 5695 ίιι
1109 5642 1229 5696 cod.
1260 5638 1355 5694 0r.
1382 5641 1471 5708 qui
1497 5639 1596 5693 ha-

73 5696 317 5781 letntgllcrl,
339 5711 547 5781 μήπως
574 5710 818 5781 πληθείς.

123 5769 215 5844 (84)
245 5769 540 5834 (Ζούάίοτξ
563 5791 614 5835 ct
641 5769 696 5836 Ιί.
722 5769 1058 5854 διοικήσεων,
1090 5796 1212 5839 mox
1237 5778 1355 5835 cod.
1386 5777 1446 5836 Ρ.
1477 5779 1594 5849 ἐζή-

1691 4595 1812 4634 uem
1841 4580 2148 4635 hominibus
2187 4581 2419 4650 probare
2450 4583 2768 4637 niterentur.

1762 4669 1998 4723 Tandem
2033 4670 2264 4725 assiduis
2287 4670 2585 4738 laboribus,
2614 4683 2669 4728 et
2700 4675 2874 4740 senio,
2907 4677 3262 4745 corporisque

1693 4766 2055 4820 imbecillitate
2109 4765 2353 4835 fractus,
2413 4778 2634 4838 urgente
2689 4768 2740 4822 vi
2809 4769 3002 4832 morbi,
3038 4769 3262 4837 grabato

1693 4873 1751 4912 se
1784 4858 2020 4911 tenebat.
2046 4857 2122 4913 Ac
2154 4859 2442 4914 multitudo
2481 4859 2662 4929 populi
2696 4860 2886 4930 ingens
2911 4899 2927 4926 ,
2954 4859 3262 4915 cubiculum

1697 4951 1746 5003 in
1776 4947 2120 5018 quojacebat
2155 4959 2372 5020 repente
2420 4955 2659 5023 ingressa
2700 4961 2804 5006 est.
2844 4951 2959 5020 Ipse
2990 4952 3170 5020 igitur,
3205 4963 3263 5004 nt

1692 5038 1866 5092 solent
1909 5038 1999 5108 qui
2030 5041 2257 5108 strepitu
2288 5039 2488 5111 aliquo,
2514 5049 2946 5104 commoventur,
2974 5038 3040 5090 ad
3073 5051 3131 5091 se
3159 5037 3266 5090 col-

1689 5131 1849 5186 lectis
1879 5131 1931 5184 in
1964 5131 2093 5186 sella
2117 5131 2362 5201 pedibus,
2392 5132 2445 5186 in
2475 5147 2594 5186 eum
2625 5131 2840 5188 modum
2865 5131 2919 5185 in
2951 5129 3262 5198 pavimento

1703 5375 1876 5411 τησεν.

1909 5427 1986 5500 Τὸ
2009 5428 2192 5500 ἔργον
2224 5425 2379 5500 deest,
2408 5429 2460 5500 εει
2491 5427 2628 5500 cod;
2650 5426 2746 5486 οτι

1767 5495 1880 5568 (86)
1907 5497 1982 5568 ita
2006 5495 2240 5552 Mtinlac.
2260 5499 2406 5568 _(_Iod.
2432 5495 2491 5550 l’.
2515 5511 2568 5551 et
2589 5497 2829 5568 Combci'.
2848 5496 2918 5568 fin
2948 5497 3081 5568 edit.
3109 5496 3267 5551 Θεοῦ.

1763 5566 1876 5640 (87)
1909 5567 2001 5640 Sic
2037 5569 2220 5621 volunt
2255 5566 2488 5622 Montac.
2519 5567 2812 5640 cod_d.770r.
2844 5567 2906 5640 Β.
2941 5577 2994 5622 et
3021 5566 3268 5640 Combei.

1691 5636 1832 5692 hanc
1867 5638 2150 5707 lectionem
2193 5648 2412 5692 secutus
2454 5646 2549 5707 est
2603 5636 2810 5692 Billius.
2859 5637 2916 5692 In
2948 5638 3100 5707 edit.
3152 5640 3272 5707 qni-

1691 5707 1848 5780 busd.
1883 5706 2245 5780 ποιουμένοις.
2283 5707 2402 5780 Mox
2441 5704 2595 5762 Colb.
2648 5707 2702 5772 1,
2736 5706 3037 5780 ἐπιτρέψας
3073 5704 3273 5780 suae";

1693 5776 2005 5850 σκίμποδος.
2048 5776 2228 5833 Billius
2255 5779 2436 5845 vertit,
2481 5780 2740 5837 conversis
2782 5781 2835 5835 in
2866 5776 3002 5836 una
3033 5777 3269 5848 pedibus.
