3812 6512
552 401 692 457 293·

1685 392 1848 448 VITA
1889 391 1948 449 S.
1990 388 2319 448 GREGORI]
2356 385 2710 443 THEOLOG!
3659 397 3734 453 είς

560 479 809 574 sedebat,
852 511 981 580 quid
1028 510 1129 564 sibi
1157 521 1343 561 eorum
1383 504 1646 560 adventus
1687 506 1849 560 vellet
1895 519 2124 576 pereun-

2242 519 2395 565 ιεται,
2429 501 2852 573 πυνθανόμενος,
2889 503 2921 573 ὴ
2955 500 3136 555 αὐτῶν
3177 503 3466 576 παρουσία.
3490 503 3548 558 οι
3572 507 3636 572 δι,
3667 518 3734 580 χά.

558 613 736 660 etans.
765 601 843 656 Illi
872 610 1049 656 autem
1078 613 1200 655 eum
1227 609 1284 653 et
1319 597 1385 652 ob
1420 612 1486 654 ea
1509 611 1632 667 qua:
1663 597 1973 652 acciderant
2003 611 2131 666 gra-

566 697 672 750 tias
704 693 816 749 Deo
862 692 1124 764 egissent,
1165 705 1230 746 ac
1278 702 1378 758 pro
1425 688 1765 758 imperatoris
1797 686 2009 752 salute,
2061 687 2131 741 ob

562 791 838 855 receptum
888 781 1144 852 templum
1168 819 1184 847 ,
1222 780 1467 849 aliasque
1493 793 1678 833 sacras
1722 778 1866 833 aedes
1895 815 1914 842 .
1946 779 2131 833 ortho-

563 878 944 943 doxorumque
986 873 1273 928 ecclesiam
1301 911 1318 938 ,
1353 880 1474 926 vota
1514 870 1808 934 fecissent,
1851 869 2132 940 ipsumque

564 966 760 1022 horum
815 965 1053 1020 omnium
1088 975 1366 1019 auctorem
1411 973 1467 1018 et
1507 963 1863 1016 architectum
1900 962 2130 1032 professi

565 1053 815 1117 fuissent,
849 1054 952 1108 lasti
987 1054 1237 1108 cubiculo
1257 1060 1625 1109 excesserunt.
1657 1051 1986 1107 Adolescens
2004 1067 2133 1107 vero

565 1143 784 1214 quidam
826 1142 1072 1207 relictus,
1115 1144 1475 1212 manibusque
1511 1141 1627 1196 suis
1659 1142 1798 1196 beati
1835 1143 1931 1196 viri
1971 1143 2134 1212 pedes

563 1235 932 1305 comprimens
952 1274 966 1299 ,
997 1234 1065 1288 ab
1089 1250 1154 1289 eo
1185 1249 1308 1290 cum
1346 1234 1600 1305 lacrymis
1631 1244 1686 1288 et
1735 1233 2136 1288 lamentationio

563 1327 668 1383 bus
707 1326 928 1382 sceleris
967 1325 1174 1380 veniam
1223 1325 1446 1394 supplex
1495 1326 1822 1397 postulabat.
1873 1324 2134 1394 Gregorio

563 1426 746 1473 autem
795 1418 1110 1472 sciscitante
1152 1418 1281 1487 quid
1336 1416 1438 1471 sibi
1495 1417 1597 1472 hoc
1653 1432 1901 1472 sermone
1941 1418 2131 1486 vellet,

564 1509 700 1563 nihil
724 1507 965 1577 responsi
1017 1509 1176 1562 dabat
1209 1523 1224 1561 :
1271 1507 1364 1561 sed
1403 1517 1606 1562 tantum
1649 1507 1864 1576 lugebat
1891 1545 1908 1569 ,
1937 1523 2001 1561 ac
2040 1523 2134 1563 tre-

569 1601 716 1654 niam
745 1601 980 1670 petebat.
1011 1599 1147 1652 Tum
1179 1599 1399 1667 quidam
1433 1613 1501 1653 ex
1535 1598 1601 1653 iis
1637 1599 1728 1668 qui
1763 1599 2033 1658 astabant,
2061 1601 2134 1652 ita

570 1693 782 1747 loeutus
809 1701 892 1746 est
922 1710 935 1746 :
995 1709 1013 1742 ι
1048 1691 1145 1746 llic
1187 1700 1270 1746 est
1301 1689 1388 1743 ille
1420 1689 1662 1744 carnifex
1697 1699 1854 1756 tuus,
1889 1706 1922 1745 ο
1960 1700 2133 1758 pater,

568 1787 658 1856 qui
690 1801 722 1841 a
761 1783 1030 1839 nonnullis
1057 1782 1382 1838 subornatus
1410 1783 1608 1836 ferrum
1631 1783 1725 1837 tibi
1759 1782 1810 1836 in
1846 1785 2134 1850 prtecur-lia

2237 611 2320 667 ριν
2362 593 2790 664 ὁμολογήσαντες
2823 592 2939 663 (88)
2988 589 3067 662 τῷ
3095 591 3214 664 Θεῷ
3241 593 3335 647 ἐπὶ
3363 599 3466 661 τοῖς
3499 604 3734 671 γεγενημίρ

2231 700 2362 748 νοις,
2401 683 2496 737 καὶ
2544 684 2684 755 ὑπὲρ
2733 682 2828 736 τοῦ
2888 681 3152 753 βασιλέως
3205 684 3608 756 ὁπερευξάμενοι
3639 690 3734 758 (89),

2230 774 2415 828 ἕνεκεν
2456 773 2548 828 τοῦ
2577 772 2702 833 νεὼ.
2727 775 2821 827 καὶ
2853 775 2961 828 τῶν
2989 773 3164 828 ἄλλων
3190 775 3348 847 ίερῶν
3373 777 3544 841 οἴκων.
3561 781 3645 852 ,καὶ
3669 783 3737 854 τῆς

2245 865 2566 936 Ἐκκλησίας
2594 863 2700 918 τῶν
2721 864 3037 935 όρθοδόξων,
3071 865 3378 932 πάντων,δὲ
3405 868 3592 923 τούτων
3613 873 3735 926 aiam

2232 955 2616 1026 προσειπόντες
2663 954 2756 1008 τὸν
2793 955 3044 1024 ποιμένα,
3075 955 3363 1026 γεγηθότες
3395 956 3617 1029 ἀπῄεσαν
3643 961 3737 1030 (90}.

2232 1049 2466 1114 Νεανίας
2497 1049 2553 1103 δέ
2584 1065 2671 1114 τις
2713 1049 3076 1119 ὑπολειφθεὶς,
3125 1051 3221 1104 καὶ
3264 1053 3383 1116 ταῖς
3412 1052 3588 1106 ἑαυτοῦ
3629 1059 3739 1124 χερσὶ

2236 1141 2544 1213 συμπιέσας
2584 1141 2750 1197 αὑτοῦ
2787 1142 2910 1206 τοὺς
2934 1141 3122 1205 πόδας,
3151 1142 3404 1212 ὀδυρμοῖς
3435 1145 3522 1195 καὶ
3543 1144 3738 1215 Magram

2237 1229 2444 1283 ἱκέτευε
2487 1231 2578 1284 τὸν
2631 1230 2898 1302 μακάριον
2949 1229 3253 1298 συγγνῶναι
3288 1230 3431 1302 αύτῷ
3461 1233 3516 1284 τὸ
3548 1232 3737 1304 πλημμέο

2234 1321 2405 1392 λημα.
2440 1323 2548 1376 Τοῦ
2573 1322 2629 1376 δὲ
2656 1323 3062 1394 πυνθανομένου
3091 1324 3145 1376 τί
3176 1323 3234 1376 τὸ
3271 1323 3546 1394 λεγόμενον
3571 1327 3655 1395 εἴη,
3674 1325 3736 1378 οὗ·

2234 1413 2323 1466 δὲν
2355 1415 2709 1486 ἀπεκρίνατο,
2767 1413 2906 1485 πλὴν
2955 1414 3048 1468 τοῦ
3083 1414 3320 1487 θρηνεῖν,
3356 1416 3446 1469 καὶ
3482 1408 3736 1487 συγγνώμην

2236 1507 2426 1560 αἰτεῖν.
2462 1505 2582 1558 Τῶν
2615 1505 2672 1558 δὲ
2699 1505 3112 1578 περισταμένων
3139 1523 3223 1570 τις
3255 1504 3378 1576 ἔφη·
3415 1523 3434 1556 ι
3472 1499 3618 1567 Οὗτός
3635 1507 3737 1558 ἐστιν

2234 1600 2264 1651 6
2307 1598 2395 1660 σὸς
2418 1599 2631 1667 φονεὺς,
2654 1593 2699 1651 ὦ
2728 1598 2838 1668 (91)
2875 1599 3070 1668 πάτερ,
3098 1599 3156 1663 ὃς
3183 1599 3404 1670 ἔμελλεν
3422 1601 3482 1653 ὲκ
3511 1600 3736 1670 exempla;

2226 1689 2398 1744 τινῶν
2448 1691 2588 1744 κατὰ
2635 1690 2741 1744 τῶν
2790 1689 2899 1742 σῶν
2928 1690 3174 1759 ὲγκάτων
3203 1690 3443 1745 ἐλαύνειν
3491 1689 3621 1760 ξίφος
3646 1690 3736 1759 (92),

2239 1781 2334 1833 καὶ
2359 1782 2387 1834 6
2403 1780 2634 1852 Χριστός
2663 1796 2755 1833 σου
2783 1779 2970 1849 σαφῶς
3002 1780 3342 1836 ἀντελάϐετο.
3377 1781 3586 1851 Γνώμης
3611 1780 3654 1834 δὲ
3672 1780 3738 1847 τῆς

570 1877 845 1931 detixurus
869 1883 987 1931 erat
1014 1915 1031 1939 ,
1061 1875 1164 1928 nisi
1205 1875 1456 1929 Christus
1488 1874 1776 1944 perspicue
1806 1875 1904 1930 tibi
1935 1876 2134 1930 auxilio

2242 1871 2410 1929 αὐτῶν
2454 1872 2638 1924 ἕνεκεν
2668 1872 2731 1924 τὸ
2747 1873 2933 1943 δρᾶμα
2963 1871 3299 1944 ἐξετελέσθη.
3333 1872 3507 1945 Ταύτῃ
3529 1889 3600 1925 τοι
3621 1886 3739 1943 προς-

570 1965 782 2022 fuisset.
817 1964 967 2030 Quod
1007 1974 1186 2017 autent
1239 1961 1304 2015 ad
1333 1976 1518 2016 eorum
1565 1961 1897 2016 voluntatem
1947 1961 2142 2015 attine-

569 2057 688 2121 bat,
715 2056 924 2111 facinus
946 2062 1313 2126 perpetratum
1340 2061 1445 2109 est.
1473 2051 1706 2106 Proinde
1727 2067 1870 2107 nunc
1893 2051 1960 2106 ad
1985 2052 2144 2121 pedes

570 2149 671 2204 tibi
704 2149 1065 2219 procumbens
1111 2146 1344 2209 clamat,
1374 2143 1616 2212 suscepti
1660 2143 1882 2198 sceleris
1911 2143 2146 2214 ptenitu-

570 2242 697 2296 dine
724 2237 969 2295 allectus.
1008 2257 1026 2289 ι
1064 2235 1362 2292 Confestim
1393 2243 1576 2289 autem
1621 2234 1802 2298 Pater,
1842 2244 1900 2288 ut
1931 2244 2145 2303 patrem

569 2346 787 2402 aquam
838 2337 992 2393 erat,
1023 2328 1418 2382 adolescentem
1459 2326 1535 2379 ita
1574 2323 1867 2394 alloquitur
1903 2344 1915 2379 :
1955 2342 1975 2374 ι
2013 2324 2146 2378 Pro-

565 2423 736 2496 pitius
785 2421 877 2477 tibi
930 2419 1177 2474 Christus
1205 2417 1299 2482 sit,
1331 2432 1364 2471 ο
1391 2416 1709 2470 charissime
1737 2452 1751 2476 ,
1787 2413 1990 2482 tibique
2037 2415 2150 2484 ipse

575 2513 857 2582 ignoscat,
892 2510 981 2578 qui
1034 2523 1119 2564 me
1146 2521 1364 2577 quoque
1388 2505 1645 2560 servavit.
1694 2503 1810 2560 Hoc
1856 2505 2031 2561 solum
2080 2507 2150 2563 ad

569 2602 829 2658 facinoris
875 2602 1282 2656 excusationem
1309 2609 1366 2653 et
1412 2598 1783 2669 purgationem
1828 2612 1857 2650 a
1893 2607 1943 2652 te
1984 2606 2146 2666 peto,

570 2707 634 2750 ut
662 2710 814 2751 meus
842 2693 975 2758 fias,
1008 2694 1256 2748 ltreresim
1299 2700 1616 2746 exsecratus
1649 2729 1666 2757 ,
1705 2698 1867 2759 atque
1894 2689 1960 2744 ad
1986 2688 2150 2744 Deum

2238 1962 2451 2015 πίπτων
2479 1963 2576 2033 βοᾷ
2607 1963 2700 2015 ἐπὶ
2743 1966 2808 2034 τῇ
2842 1964 3016 2037 τόλμῃ
3073 1965 3518 2035 μεταμελόμενος.
3549 1983 3565 2014 ι
3591 1963 3736 2015 Αὐτίκα

2236 2053 2292 2106 δὲ
2318 2054 2346 2104 ό
2372 2052 2578 2124 Πατὴρ,
2607 2048 2694 2106 οἶα
2722 2055 2904 2124 πατὴρ
2936 2055 3070 2127 (93),
3105 2055 3232 2110 τάδε
3257 2055 3406 2126 φησί·
3443 2074 3460 2106 ι
3490 2053 3664 2107 Γένοιτί
3687 2070 3737 2105 σοι

2239 2145 2472 2214 Χριστὸς
2499 2145 2608 2215 (94)
2644 2145 2896 2216 εὐμενὴς,
2952 2141 2996 2199 ὦ
3030 2147 3273 2216 φίλτατε,
3305 2148 3396 2201 καὶ
3434 2146 3533 2216 δῴη
3566 2163 3631 2199 σοι
3651 2162 3738 2213 συγ-

2241 2235 2466 2307 γνώμην
2490 2237 2672 2304 αὺτὸς,
2702 2241 2731 2290 6
2761 2239 2905 2308 κάμὲ
2943 2237 3275 2310 περισώσας.
3302 2240 3470 2294 Μόνον
3504 2241 3573 2303 εἰς
3603 2236 3739 2290 ἀπολο-

2243 2327 2368 2396 γίαν
2391 2327 2490 2398 τῆς
2521 2328 2724 2399 τόλμης
2762 2329 2894 2401 ἐμὸς
2915 2330 3096 2399 γενοῦ,
3121 2331 3220 2402 τὴν
3253 2332 3456 2402 αἰρεσιν
3493 2329 3739 2400 βδελυξάμε-

2245 2434 2352 2481 νος,
2387 2416 2504 2488 Θεῷ
2550 2434 2611 2470 τε
2663 2419 2951 2490 πρόσελθε,
2999 2422 3092 2474 καὶ
3129 2421 3344 2476 δούλευε
3391 2420 3527 2492 αὐτῷ
3565 2419 3739 2474 δουλείαν

2246 2510 2509 2582 εἰλικρινῆ
2564 2511 2658 2566 καὶ
2706 2511 2817 2582 (9'5)
2852 2513 3118 2568 ἑκούσιον.
3161 2533 3179 2565 ι
3220 2516 3282 2568 'H
3325 2510 3412 2568 οὖν
3452 2514 3604 2577 πόλις,
3630 2510 3740 2564 ἁκού-

2249 2619 2391 2656 σασα
2415 2604 2515 2675 τῆς
2542 2604 2890 2676 ἀποκρίσεως
2915 2607 2976 2660 τὸ
3009 2608 3378 2681 μακρόθυμον,
3416 2609 3562 2664 πλέον
3589 2610 3657 2661 ἐπ’
3679 2608 3741 2660 αὖ·

2247 2694 2325 2766 τῷ
2351 2695 2554 2768 ἐξήφθη
2581 2696 2956 2770 φιλοστοργίᾳ.

575 2789 823 2851 πιστεύεις,
848 2787 1055 2858 ipsique
1077 2785 1345 2841 sinceram
1367 2793 1423 2838 et
1477 2783 1832 2838 voluntariam
1892 2785 2206 2841 servitutem
2247 2793 2486 2846 servias.
2525 2810 2545 2843 ι
2603 2790 2766 2862 Cujus
2818 2790 2930 2860 jam
2979 2792 3116 2846 lenis
3166 2794 3411 2863 responsi
3458 2809 3565 2848 cum
3602 2793 3742 2849 certior

573 2885 716 2938 facta
747 2893 894 2938 esset
923 2883 1146 2945 civitas,
1174 2881 1466 2936 ardentiori
1507 2895 1635 2949 erga
1683 2895 1806 2935 eum
1840 2894 2026 2936 amore
2058 2882 2274 2940 incensa
2306 2896 2408 2941 est.

648 2981 761 3035 Sun
787 2978 838 3032 id
864 2993 990 3032 vero
1012 2987 1222 3046 tempus
1239 2991 1306 3031 ex
1333 2978 1480 3031 omni
1507 2975 1873 3030 Romanorum
1895 2976 2141 3044 imperio,

572 3081 930 3142 praeterquam
956 3084 1018 3123 ex
1044 3066 1280 3137 Atlgypto
1305 3075 1360 3118 et
1383 3065 1622 3120 occiduis
1649 3066 1912 3135 partibus,
1947 3076 2136 3119 saneta

571 3163 946 3231 episcoporum
979 3172 1199 3213 centum
1244 3165 1302 3211 et
1333 3157 1721 3226 quinquaginta
1775 3157 2012 3227 synodus
2051 3171 2146 3210 co-

572 3265 694 3308 acta
727 3263 832 3310 est.
867 3261 975 3305 tum
1007 3261 1065 3304 ιιι
1103 3252 1246 3318 pium
1280 3250 1559 3320 praesulem
1593 3257 1830 3318 angusta:
1859 3249 1973 3302 urbi
2010 3262 2119 3316 pra:

573 3344 818 3408 ﬁcerent,
853 3353 964 3397 tmn
994 3351 1052 3395 ιιι
1087 3345 1320 3396 haereses
1349 3357 1468 3412 quae
1510 3341 1750 3404 interim,
1799 3341 1920 3394 dum
1952 3340 2144 3393 Ariani

576 3449 754 3498 rerum
787 3434 1107 3503 potirentur,
1138 3444 1343 3488 exorta:
1375 3434 1624 3496 fuerant,
1665 3430 1984 3486 secumenici
2008 3445 2141 3484 con-

574 3529 682 3583 cilii
718 3530 938 3583 decreto
969 3529 1036 3582 ab
1081 3527 1320 3584 Ecclesia
1357 3530 1793 3583 estruderentur.
1836 3526 2146 3590 Enimvero,

575 3633 697 3690 qum
744 3623 812 3674 ad
865 3623 1102 3675 haereses
1158 3618 1518 3690 profligandas
1569 3616 1947 3686 pertinebant,
1984 3614 2150 3668 multo

576 3723 705 3767 ante
741 3727 968 3783 magnus
999 3710 1293 3779 Gregorius
1321 3719 1735 3781 praestruxerat,
1757 3707 1901 3762 velut
1930 3708 2150 3762 insidio-

577 3820 669 3862 sas
701 3805 900 3860 bestias
933 3805 1000 3857 ab
1033 3803 1289 3857 Ecclesiae
1327 3801 1454 3856 ovili
1486 3816 1679 3856 arcens
1706 3818 1721 3855 :
1764 3810 1926 3869 atque
1948 3800 2001 3854 in
2035 3800 2147 3869 ipsa

574 3896 740 3950 etiam
789 3903 1135 3948 sacrosancta
1173 3893 1384 3962 synodo
1436 3891 1552 3961 pari
1594 3891 1759 3945 animi
1808 3891 2151 3945 contentione

577 3999 700 4038 cum
741 3985 866 4038 aliis
898 3984 1212 4038 deeertavit.
1263 3983 1461 4037 Sancta
1517 3991 1698 4037 autem
1748 3983 1983 4053 synodus
2024 3995 2149 4036 eum

580 4075 895 4147 episcopum
927 4075 1246 4140 constituit,
1281 4075 1696 4142 antesignanum
1743 4082 1796 4126 et
1823 4075 2012 4127 ducem
2049 4074 2148 4127 ha-

579 4168 716 4222 bens
738 4183 986 4238 magnum
1015 4166 1160 4220 illum
1205 4167 1650 4221 Antiochensium
1689 4179 1958 4237 pastorem
1987 4166 2154 4222 Mele-

579 4260 738 4322 tium,
769 4259 942 4312 virum
983 4258 1068 4329 pia
1105 4258 1208 4313 fide
1252 4259 1535 4327 praeditum
1560 4298 1575 4322 ,
1607 4259 1809 4327 quique
1837 4258 2148 4316 ﬂorentibus

578 4353 900 4405 Arianorum
931 4353 1097 4404 rebus
1125 4351 1364 4406 Ecclesia
1397 4353 1584 4419 pulsus
1611 4349 1828 4414 fuerat,
1860 4351 2149 4421 multisque
2203 4345 2210 4352 ’

579 4441 980 4495 calamitatibus
1011 4443 1296 4497 exhaustis
1333 4444 1588 4498 diuturno
1621 4443 1908 4499 mulctatus
1930 4446 2142 4500 exsilio.

579 4531 788 4600 Quibus
818 4540 994 4586 autem
1021 4534 1262 4588 morilms
1288 4535 1546 4603 praeditus
1571 4544 1753 4601 esset,
1785 4535 1913 4606 quid
1944 4534 2148 4591 referre

2331 2981 2466 3034 Ὑπὸ
2487 2981 2544 3036 δὲ
2565 2981 2657 3035 τὸν
2679 2981 2870 3054 καιρὸν
2890 2985 3078 3036 τοῦτον
3109 2984 3173 3036 ἐκ
3216 2983 3394 3056 πάσης
3415 2985 3508 3054 τῆς
3535 2983 3622 3037 ὑπὸ
3655 2981 3742 3035 Ῥω·

2253 3071 2430 3143 μαίων
2461 3072 2574 3144 (96)
2609 3075 2806 3146 ἀρχῆς,
2844 3075 2983 3146 πλὴν
3011 3074 3288 3145 Αἰγύπτου
3311 3078 3401 3130 καὶ
3423 3077 3514 3146 τῆς
3532 3073 3741 3144 ἑσπερίη.

2253 3162 2512 3234 συνῆλθεν
2537 3165 2570 3234 ἡ
2601 3148 2709 3218 τῶν
2735 3163 2925 3219 ἑκατὸν
2947 3167 3288 3237 πεντήκοντα
3321 3168 3447 3237 ἁγία
3470 3166 3664 3227 σύνοδος,
3680 3165 3742 3234 ἀρ·

2253 3255 2442 3327 χιερέα
2481 3258 2819 3330 καταστῆσαι
2850 3261 2917 3330 τῇ
2962 3258 3191 3329 βασιλίδι
3214 3261 3436 3326 -πιστὺν,
3471 3260 3555 3314 καὶ
3593 3257 3670 3321 τὰς
3691 3258 3743 3307 al-

2251 3347 2430 3418 ρὲσεις
2451 3349 2550 3410 τὰς
2573 3351 2632 3402 ὲν
2660 3350 2737 3420 τῷ
2765 3350 2970 3422 μεταξὺ
2987 3351 3096 3406 τῶν
3133 3353 3477 3425 Ἀρειανικῶν
3493 3348 3745 3423 (97))(ρόνων

2249 3441 2582 3510 ἁναφυείσας
2605 3443 2875 3516 ὲξωθῆσαι
2897 3446 2996 3516 τῆς
3039 3447 3239 3520 Ἐκκλη
3248 3449 3365 3513 σίας
3389 3447 3540 3520 ψήφῳ
3562 3447 3743 3512 οίκουμεο

2248 3536 2403 3604 νικῆς
2431 3535 2815 3599 συνελεύσεως.
2849 3535 2931 3591 Τὰ
2965 3538 3064 3608 μὲν
3100 3534 3194 3594 οὖν
3238 3541 3377 3595 κατὰ
3420 3538 3518 3593 τῶν
3553 3536 3745 3607 αἱρέσεων

2250 3628 2689 3698 προωδοποίησεν
2735 3631 2764 3682 ό
2816 3629 2987 3700 μέγας
3037 3630 3339 3705 Γρηγόριος
3371 3637 3432 3687 ὲκ
3458 3628 3636 3686 πολλῶν
3675 3622 3744 3677 τῶν

2248 3720 2477 3790 χρόνων,
2513 3718 2701 3792 ὥσπερ
2739 3719 2910 3792 θῆρας
2936 3722 3259 3790 ἐπιϐούλους
3296 3725 3387 3779 τοῦ
3418 3721 3638 3794 ποιμνίου
3679 3714 3744 3781 τῆς

2261 3809 2588 3882 Ἐκκλησίας
2630 3811 2968 3866 ἀποδιώκωνο
2995 3814 3088 3867 καὶ
3112 3815 3288 3886 αὐτῆς
3307 3816 3364 3870 δὲ
3404 3814 3647 3886 παρούσης
3679 3807 3744 3873 τῆς

2249 3901 2407 3970 ἁγίας
2431 3902 2671 3969 συνόδου,
2693 3903 2892 3974 ὁμοίως
2911 3906 3335 3977 συνηγωνίσατο.
3371 3908 3431 3961 Ἡ
3457 3907 3509 3962 δὲ
3539 3903 3644 3974 ἁγία
3665 3901 3745 3953 σύν-

2248 3992 2364 4056 οδος
2392 3993 2555 4046 αὑτὸν
2595 3993 2954 4065 ὲνεθρόνισεν,
2983 3999 3232 4069 ἡγεμόνα
3260 4000 3456 4072 ἔχουσα
3495 3998 3576 4051 τὸν
3624 3994 3744 4067 μέγαν

2248 4084 2482 4155 ποιμένα
2505 4085 2605 4155 τῆς
2645 4086 2983 4157 Ἀντιοχέων,
3014 4089 3296 4156 Μελέτιον,
3319 4091 3477 4162 ἄνδρα
3498 4085 3661 4155 εὐσεϐῆ
3682 4082 3744 4152 μὲν

2246 4176 2312 4244 τῇ
2341 4175 2522 4228 πίστει
2551 4176 2646 4228 καὶ
2671 4177 2730 4230 ὲν
2759 4179 2873 4240 τοῖς
2921 4178 3136 4250 χρόνοις
3173 4181 3268 4235 τοῦ
3329 4175 3630 4252 Ἀρειανικού
3651 4172 3742 4244 κρά-

2245 4281 2373 4327 τους
2417 4265 2737 4332 ὲξελαθέντα
2794 4267 2904 4339 (98)
2955 4270 3055 4342 τῆς
3110 4270 3448 4343 Ἐκκλησίας,
3489 4265 3675 4324 πλεῖστά
3706 4275 3743 4312 τε

2248 4357 2728 4428 κακοπαθήσαντα,
2771 4361 2966 4434 συνέϐη
3015 4361 3199 4435 ἑξορίᾳ
3231 4364 3548 4435 πολυχρονίῳ
3576 4355 3745 4428 mydia-

2248 4446 2426 4519 θῆναιο
2454 4449 2544 4502 τὸν
2574 4450 2632 4503 δὲ
2672 4451 2872 4524 τρόπον
2911 4454 2963 4508 τί
2987 4454 3068 4508 δεῖ
3093 4455 3296 4526 λέγειν,
3329 4456 3500 4519 ὁποῖός
3520 4469 3592 4516 τις
3619 4447 3744 4513 ὕπῆΡ⁵

2246 4556 2374 4610 χεν;
2415 4540 2472 4594 'O
2493 4540 2601 4614 γὰρ
2631 4543 2791 4608 αὐτὸς
2830 4546 3004 4616 πρᾷός
3038 4563 3098 4599 τε
3131 4543 3199 4618 ἦν
3237 4551 3332 4602 καὶ
3352 4535 3744 4618 δραστήριοςνσίίν

580 4635 800 4677 necesse
826 4621 948 4676 est?
989 4622 1134 4677 idem
1161 4623 1305 4678 enim
1330 4634 1385 4677 et
1415 4635 1726 4680 mansuetus
1759 4637 1876 4680 erat
1905 4637 1958 4681 et
1985 4629 2140 4684 rebus

2249 4647 2400 4701 φρων
2417 4631 2547 4701 (99),
2574 4631 2802 4697 δίκαιος,
2820 4635 3082 4708 ἀνδρεῖος,
3112 4637 3294 4706 σοφὸς,
3317 4638 3408 4692 καὶ
3434 4635 3557 4708 πρὸς
3583 4625 3745 4692 trav-ii

579 4713 826 4780 gerendis
855 4712 1027 4767 solers
1063 4723 1120 4767 et
1147 4713 1356 4772 ellicax.
1387 4724 1713 4785 temperans,
1740 4715 1940 4784 justus,
1967 4718 2140 4786 fortis,

580 4802 813 4871 sapiens,
866 4812 1029 4872 atque
1075 4805 1222 4859 omni
1275 4807 1532 4860 virtutum
1580 4823 1776 4877 genere
1828 4809 2140 4877 perpolitus.

581 4890 748 4960 llujus
779 4895 1003 4948 consilio
1031 4903 1195 4965 atque
1225 4896 1441 4951 hortatu
1484 4896 1745 4966 Gregorio
1773 4909 2014 4968 augustae
2053 4915 2142 4954 ur-

580 4984 662 5036 bis
705 4983 1051 5054 episcopatus
1105 4987 1319 5043 concilii
1385 4990 1604 5043 decreto
1647 4991 1998 5046 conﬁrmatus
2038 5000 2140 5046 est.

580 5078 696 5139 Ipse
726 5082 906 5128 autem
932 5115 949 5142 ,
997 5077 1244 5146 quamvis
1272 5078 1511 5149 alioquin
1539 5079 1608 5134 ab
1642 5080 1954 5151 episcOpatu
2006 5081 2143 5138 tilic-

996 5276 1149 5354 ἔξοιδα
1181 5278 1231 5354 ί,
1255 5280 1292 5335 2
1322 5280 1495 5354 οιᾼΟτ.
1518 5279 1968 5354 όμολογήσοντες.

791 5347 956 5424 (_2_od_d_.
989 5347 1083 5424 ρι’.
1110 5362 1164 5404 et
1186 5351 1339 5424 galli.
1375 5352 1400 5424 ί
1439 5345 1569 5416 eti,
1593 5345 2036 5424 dnepéuﬁépe‘vm.

647 5415 762 5486 (90)
795 5416 964 5486 Codd.
990 5417 1083 5473 Or.
1118 5433 1173 5474 et
1207 5420 1266 5476 P.
1291 5421 1546 5476 ἀπίεσαν.

647 5481 760 5556 (θι)
795 5481 870 5541 Ὦ
898 5486 1049 5542 deest
1077 5489 1128 5543 in
1168 5492 1292 5548 cod.
1327 5490 1422 5547 Or.
1463 5491 1582 5548 Mox
1614 5493 1770 5549 codd.
1808 5491 1870 5554 P.
1909 5503 1962 5550 et
1991 5493 2144 5553 Coll).

577 5557 632 5622 ί,
659 5556 993 5630 Διιίιευιιυρίας.

649 5622 764 5703 (ρὲ)
797 5622 928 5703 (ξιξιί.
959 5629 1054 5686 Or.
1078 5630 1147 5703 es
1179 5630 1349 5703 ξίφος.

649 5692 764 5771 (9;)
799 5692 906 5771 οἵα
933 5701 1129 5771 πατὴρ
1159 5692 1350 5757 denu}:
1376 5702 1426 5757 in
1457 5709 1577 5760 cod.
1607 5703 1668 5760 P.

947 5769 1046 5848 ρι’.
1073 5763 1165 5848 σοῦ
1195 5773 1446 5848 Χριστός.

671 5835 763 5909 95)
792 5839 904 5893 Κάί
929 5841 1178 5896 deeratin
1202 5835 1354 5910 edit.,
1377 5835 1468 5898 sed
1499 5846 1887 5906 restituendum
1912 5844 2141 5903 Siculae.

2242 4721 2445 4792 ἀρετῆς
2485 4723 2558 4793 (1)
2587 4723 2782 4788 κάλλος
2817 4726 3208 4799 ἀπεξεσμένος.
3241 4729 3440 4782 Τούτου
3462 4728 3512 4781 δὲ
3532 4721 3743 4793 είσηγήσει

2243 4815 2338 4867 κα)⁸
2379 4813 2679 4886 συμϐουλίᾳ
2727 4817 2979 4890 συνοδικὴ
3039 4818 3218 4890 ψῆφος
3260 4820 3493 4893 ἐκύρωσε
3521 4816 3606 4889 την
3630 4823 3744 4881 spot-

2243 4904 2398 4976 δρίαν
2431 4904 2533 4974 τῆς
2576 4905 2846 4976 βασιλίδος
2868 4908 2948 4979 τῷ
2977 4909 3285 4984 Γρηγορίῳ.
3325 4912 3384 4965 ‘O
3413 4911 3485 4972 δὲ,
3518 4906 3681 4970 καίπερ
3701 4895 3744 4948 τὰ

2244 4994 2379 5051 ἄλλα
2405 4995 2771 5068 δυσχεραίνων
2801 4999 2939 5071 πρὸς
2967 4999 3066 5071 τὴν
3097 5001 3419 5074 ἐπισκοπὴν,
3457 4997 3590 5066 πόθῳ
3615 4990 3743 5064 μέντοι

2244 5085 2345 5154 τῆς
2376 5084 2630 5157 ποίμνης,
2663 5086 2759 5140 καὶ
2787 5086 2867 5159 τῷ
2888 5089 3150 5161 νομίζειν,
3178 5094 3226 5146 εί
3250 5091 3351 5162 τῆς
3388 5085 3626 5165 βασιλίδος
3651 5087 3743 5145 κίκι·

2250 5286 2530 5349 iudicavit.

2243 5303 2608 5438 lu‘i,i’célvigilitg
2641 5363 3067 5438 qttidam_volunt
3099 5366 3406 5438 Ῥωμαίοις,
3430 5361 3629 5424 Multi“.
3655 5349 3743 5401 ῬΨ

2249 5429 2466 5499 μαίους,
2491 5447 2543 5486 et
2567 5429 2830 5489 sic'babet
2853 5433 3004 5490 Colb.
3033 5437 3086 5492 l.

2320 5499 2431 5576 (θ’ζ)
2459 5503 2590 5576 Cod.
2619 5502 2712 5576 Or.
2750 5505 3066 5576 ξΑρειανῶν.

2321 5568 2432 5634 (98)
2459 5573 2590 5626 Cod.
2622 5575 2679 5630 P.
2713 5568 3020 5641 ἐξελθόντα.

2325 5640 2434 5778 ἱ99)
2463 5643 2720 5714 Σώφρων
2741 5640 2892 5700 deest
2923 5648 2974 5701 in
3003 5646 3122 5700 cod.
3151 5647 3226 5704 Or
3703 5692 3719 5720 2

2353 5713 2398 5777 1)
2442 5713 2512 5765 Ita
2543 5716 2696 5771 codd.
2723 5715 2817 5772 Or.
2850 5717 3000 5772 Colb.
3034 5718 3054 5772 i
3086 5731 3140 5775 et
3167 5719 3221 5773 9..
3248 5717 3303 5772 lu
3329 5716 3407 5773 edi
3435 5754 3450 5769 .
3476 5717 3646 5770 tantum
3667 5711 3719 5746 πο

2353 5713 2398 5777 1)
2419 5705 2512 5765 Ἰιίι
2543 5705 2696 5771 codd.
2723 5715 2817 5772 Or.
2850 5717 3000 5772 Colb.
3034 5718 3054 5772 i
3086 5731 3140 5775 et
3167 5719 3221 5773 9..
3248 5717 3303 5772 lu
3329 5716 3407 5773 edi
3435 5754 3450 5769 .
3476 5717 3646 5770 tantum
3667 5705 3741 5746 πω

2252 5781 2472 5854 ἀρετῆς.
