3824 6394
145 226 230 284 Εθῖ

1102 199 1430 260 AUCTORE
1468 198 1820 256 GREGORIO
1861 189 2347 257 PRESBYTERO.

3220 187 3331 266 sas

139 351 304 419 τήσειε,
327 328 524 392 δυνατὸς
559 321 777 378 ἔσεσθαι
799 323 895 388 τὰς
919 325 976 377 ὲν
1003 322 1187 393 κύκλῳ
1210 323 1312 393 τῆς
1335 319 1659 393 οἰκουμένης

1775 336 1886 374 :nun
1913 321 2154 375 animum
2183 321 2431 385 haberet,
2464 320 2642 392 gregis
2669 329 2850 378 tamen
2882 338 3091 393 amore,
3121 335 3173 383 et
3202 331 3330 398 quia

137 413 299 510 εέιδας,
347 424 518 490 ὥσπερ
572 416 680 469 ἀπὸ
737 416 966 478 σκοπιᾶς
1008 432 1150 478 τινος
1197 413 1655 484 καταμανθάνων,

138 505 344 584 διαλύειν,
393 514 479 566 καί
521 508 656 580 πρὸς
693 507 887 562 ’ἐνωσιν
911 509 1110 578 ἀμφοῖν
1136 509 1256 559 ταῖν
1279 507 1458 575 χεροῖν
1505 505 1657 572 ἄγειν

135 611 380 673 διεστώσας
405 603 496 665 τὰς
529 600 871 670 Ἑκκλησίας,
911 598 1082 651 εἵλετο
1107 595 1360 662 δέξασθαι
1391 595 1493 667 τὴν
1539 597 1660 648 tm-

141 704 328 774 σκοπήν.

190 971 277 1029 Τοῦ
307 971 356 1023 δὲ
388 965 528 1019 ὁσίου
571 963 835 1018 Μελετίου
861 963 1283 1034 τελευτήσαντος
1326 962 1416 1014 τὸν
1458 960 1571 1031 βίον
1602 961 1661 1012 ὲν

135 1072 186 1139 τῇ
208 1061 422 1136 βασιλίδι,
442 1057 647 1128 γίνεται
681 1054 829 1125 αὐτῷ
848 1055 982 1125 τιμὴ
1017 1053 1491 1126 «pompas-1%,“,
1522 1051 1662 1105 ὥστε

135 1163 276 1215 πᾶσαν
304 1155 382 1206 ἐπ’
429 1148 573 1217 αὐτῷ
611 1147 904 1218 ἐκχυθῆναι
943 1145 1040 1218 τὴν
1076 1145 1340 1216 βασιλίδα,
1373 1143 1545 1197 πολλὰ
1603 1143 1660 1195 δὲ

135 1247 413 1317 καταγαγεῖν
439 1243 671 1314 δάκρυα,
706 1241 800 1294 καὶ
825 1239 1126 1310 τηνικαῦτα
1155 1241 1212 1292 ὲν
1247 1237 1507 1310 πρώτοις,
1537 1238 1662 1290 ὅσον

133 1346 198 1413 εἴη
236 1338 416 1409 πλῆθος
445 1333 849 1403 ἐπιγνωσθῆναι
880 1332 975 1384 τοῦ
1025 1332 1256 1395 ἄστεως.
1304 1327 1470 1394 Αὖθις
1523 1329 1665 1399 φιλο-

133 1435 274 1490 νεικία
301 1427 535 1501 περὶτοῦ
569 1426 784 1499 θρόνου,
819 1427 914 1480 καὶ
941 1426 1075 1498 πρὸς
1102 1424 1363 1496 ἀλλήλους
1389 1422 1662 1493 ὲζυγομά-

133 1545 233 1597 χουν
276 1522 569 1576 ἐπίσκοποι.
612 1519 806 1571 Καὶ.οί
851 1517 948 1587 μὲν
989 1515 1057 1569 τὰ
1086 1514 1428 1585 ψηφισθέντα
1473 1513 1662 1567 δίκαια

132 1612 238 1668 εἶναι
285 1611 569 1682 κρίνοντες,
610 1605 807 1677 βέϐαια
848 1607 1026 1676 μεῖναι
1053 1604 1227 1658 ταῦτα
1274 1603 1574 1657 ἐϐούλοντο·
1613 1603 1663 1655 οί

1759 411 1996 466 futurum
2011 412 2382 476 existimabat,
2407 423 2465 466 ut
2490 414 2535 466 si
2557 414 2742 467 urbem
2788 425 3071 484 augustam
3103 427 3304 474 tenere:
3318 462 3332 484 ,

1759 502 2134 558 contentiones
2161 517 2256 573 per
2284 503 2470 558 orbem
2499 515 2768 560 terrarum
2810 509 3118 564 oborientes
3145 552 3158 575 ,
3192 514 3338 568 velut

1759 609 1790 650 e
1819 593 2038 664 specula
2085 596 2318 664 quadam
2356 605 2690 666 perspectas,
2739 602 3122 671 exstingueret,
3170 605 3324 658 dissi—

1760 685 2058 755 dentesque
2107 686 2377 742 Ecclesias
2407 689 2686 753 ambabus,
2719 700 2776 744 ut
2820 692 3036 759 dicitur,
3085 697 3335 751 manibus

1762 781 1827 832 ad
1855 780 2107 834 unionem
2149 780 2602 851 concordiamque
2629 783 2938 850 adduceret,
2964 787 3331 855 cpiscooatum

1763 869 2011 937 accipere
2048 885 2149 922 non
2189 871 2476 924 recusavit.

1834 959 1906 1012 At
1926 975 2055 1013 vero
2091 959 2334 1014 Mcletius
2376 972 2637 1018 extremo
2681 975 2804 1019 vita:
2833 967 2917 1021 die
2957 967 3336 1025 Constantino-

1762 1049 1866 1118 poli
1896 1048 2210 1117 perfunctus
2233 1089 2249 1116 ,
2279 1052 2413 1105 adeo
2443 1052 2641 1108 celebri
2688 1066 2851 1125 atque
2901 1058 3201 1115 honorifico
3249 1064 3335 1116 l'u-

1766 1153 1894 1194 nere
1917 1140 2163 1206 ell‘ertur,
2209 1153 2267 1194 ut
2314 1144 2379 1196 ad
2417 1144 2589 1214 ipsum
2621 1147 2751 1202 urbs
2792 1157 2902 1202 tota
2948 1166 3066 1205 sese
3097 1154 3337 1210 ell‘unde-

1765 1238 1870 1291 ret,
1926 1228 2329 1301 maximamque
2381 1232 2738 1306 lacrymarum
2779 1239 2882 1290 vim
2937 1241 3242 1308 emitteret,
3274 1263 3338 1301 ac

1767 1328 1877 1372 tum
1911 1321 2196 1389 imprimis,
2229 1332 2426 1390 quanta
2449 1324 2649 1377 civium
2680 1327 2964 1384 multitudo
2985 1342 3150 1397 esset,
3180 1348 3342 1401 agno-

1764 1423 2028 1466 sceretur.
2070 1413 2279 1469 Rursus
2325 1417 2512 1486 itaque
2555 1419 2621 1473 de
2651 1419 2843 1474 throno
2871 1427 3144 1479 contentio
3193 1429 3340 1483 exci-

1766 1515 1876 1558 tata
1907 1516 2008 1570 est,
2048 1517 2210 1576 atque
2238 1508 2381 1564 inter
2427 1524 2486 1564 se
2524 1511 2927 1569 altercabantur
2951 1518 3206 1588 episcopi.
3233 1521 3340 1576 Alii

1766 1600 1930 1662 enim,
1959 1613 2078 1668 qua:
2099 1599 2366 1670 suﬁragiis
2388 1611 2586 1656 statuta
2613 1602 2848 1668 fuerant,
2874 1607 3019 1676 justa
3055 1625 3172 1664 esse
3198 1609 3340 1680 judi-

131 1707 174 1760 δὲ
198 1678 490 1757 meum
520 1697 656 1770 πρὸς
686 1695 754 1748 τὰ
786 1696 888 1766 ἤδη
932 1695 1226 1765 δεδογμένα
1269 1695 1470 1758 καλῶς.
1516 1693 1574 1747 'o
1605 1691 1662 1746 δὲ

1775 1699 1970 1754 cantes,
2000 1691 2154 1745 ﬁrma
2186 1707 2247 1745 ea
2280 1709 2498 1748 manere
2531 1696 2802 1752 volebant.
2826 1699 2932 1751 Alii
2962 1700 3049 1763 iis,
3084 1716 3203 1770 quae
3227 1692 3342 1771 jam

132 1793 398 1866 Γρηγόριος,
423 1789 498 1853 ὡς
528 1788 606 1858 (9.)
632 1786 778 1852 ἅπαξ
807 1786 906 1858 τὴν
928 1786 1196 1858 καθέδραν
1210 1786 1523 1856 δεξάμενος,
1546 1802 1668 1856 μετ-

132 1887 322 1941 εποιεῖτο
383 1879 574 1948 αὐτῆς,
624 1877 759 1948 πρὸς
789 1875 986 1941 αὐτοὺς
1018 1875 1299 1947 χρώμενος
1334 1874 1563 1928 τοιοῖσδε
1582 1873 1671 1927 λό-

131 1989 233 2042 γοις·
263 1988 280 2021 ι
324 1967 478 2037 Ἐγὼ,
511 1965 768 2037 ποιμένες
797 1967 932 2037 ἱεροὶ
957 1966 1052 2021 καὶ
1098 1965 1289 2036 τίμιοι,
1350 1967 1449 2036 τὴν
1492 1964 1666 2037 ἀρχὴν
1711 1976 1714 1979 ’

130 2067 206 2117 οὐκ
241 2059 411 2132 ἠθελον
443 2059 543 2129 τῆς
577 2058 844 2130 βασιλίδος
901 2055 1224 2128 ἡγήσασθαιο
1285 2057 1422 2111 ἀλλὰ
1471 2058 1566 2111 καὶ
1618 2059 1668 2110 εί

131 2155 273 2215 πόνοις
316 2169 372 2203 τε
405 2150 501 2204 καὶ
559 2149 775 2220 ἱδρῶσιν
826 2151 979 2220 ἐμοῖς
1011 2148 1191 2220 ἐπάγη
1236 2165 1294 2201 τε
1338 2149 1432 2201 καὶ
1460 2148 1668 2220 ηὐξήθη

130 2245 211 2298 τῶν
229 2243 340 2314 τῇδε
389 2243 422 2312 ἡ
449 2240 774 2311 Ἐκκλησία,
805 2241 962 2312 ἢρκει
999 2255 1088 2310 μοι
1120 2238 1292 2292 ταῦτα
1319 2238 1397 2309 τῷ
1429 2238 1548 2308 Θεῷ
1575 2239 1670 2309 θη-

129 2334 358 2406 σαυρίζειν
390 2333 520 2402 παρ’
547 2331 712 2384 αὐτοῦ
737 2330 834 2401 τὴν
864 2330 1128 2383 ἀντίδοσιν
1151 2329 1494 2400 ἁναμένοντι.
1515 2328 1670 2381 Ἐπεὶ

128 2429 170 2480 δὲ
195 2426 333 2490 πόθος
356 2441 414 2478 τε
435 2423 670 2493 ποίμνης
719 2423 812 2476 καὶ
843 2419 996 2492 ὑμῶν
1023 2423 1176 2494 κοινὴ
1201 2421 1378 2492 ψῆφος
1413 2419 1669 2484 δέξασθαί

132 2535 182 2589 με
199 2518 281 2590 τὴν
297 2517 368 2586 (5)
393 2514 666 2586 καθέδραν
694 2512 1032 2578 ἐξεϐιάσατο,
1070 2513 1133 2566 οὔ
1173 2530 1261 2583 μοι
1284 2513 1491 2565 δοκεῖτε
1514 2511 1671 2567 τοῦτο

127 2610 266 2679 ὀρθῶς
303 2607 393 2663 νῦν
440 2607 724 2678 πράττειν,
753 2604 1150 2676 ἀνατρέποντες
1193 2604 1261 2657 τὰ
1299 2606 1474 2657 οἰκεῖα
1532 2603 1668 2674 πρὸς

129 2701 187 2773 τῷ
209 2699 272 2771 (4)
301 2698 428 2771 μηδὲ
475 2698 725 2762 ἅπαντας
759 2698 1092 2767 συμφωνεῖνο
1120 2695 1256 2749 ἀλλὰ
1287 2699 1402 2759 τοῖς
1463 2697 1560 2766 μὲν
1585 2695 1670 2748 δο-

127 2797 218 2848 κεῖν
262 2791 530 2864 κρατῆσαι
569 2790 635 2843 τα
689 2789 789 2861 ήδη
844 2788 1094 2853 δόξαντα,
1127 2791 1241 2852 τοῖς
1275 2788 1331 2841 δὲ
1374 2790 1435 2842 οὐ
1470 2789 1665 2842 δοκεῖν.

137 2884 248 2954 Ἐγὼ
283 2885 335 2937 δὲ
363 2885 424 2936 οὐ
471 2881 728 2945 πλούτου,
759 2881 882 2936 οὐδὲ
917 2881 1128 2952 ὑψηλῆς
1184 2881 1467 2952 ἐφιέμενος
1501 2880 1668 2936 καθέ-

123 2976 244 3046 δρας,
286 2973 405 3028 τάδε
441 2973 610 3045 φημὶ,
663 2973 784 3025 οὐδὲ
832 2971 1101 3042 βασιλίδος
1146 2972 1507 3044 χρηματίζειν
1549 2973 1670 3027 ἐπί-

129 3081 308 3129 σκοπος·
357 3065 492 3119 ἀλλὰ
525 3063 742 3136 πρῶτον
791 3065 888 3136 μὲν
917 3065 1184 3136 ὀρφανίαν
1227 3065 1433 3120 τέκνων
1485 3065 1671 3138 φέρειν

126 3158 312 3222 ἀπαθῶς
339 3158 790 3228 δυσχερέστατον,
819 3159 914 3211 καὶ
942 3157 1161 3227 ἠλιθίων
1185 3156 1246 3211 τδ
1279 3158 1469 3223 πάθος·
1487 3160 1678 3215 ἔπειτα

130 3251 186 3322 μὴ
211 3250 379 3320 δόξητε
409 3252 573 3322 ὑμεῖς
590 3249 766 3319 φθόνῳ
805 3248 914 3303 τινὶ
942 3249 974 3319 ἦ
1001 3249 1292 3320 κουφότητι
1314 3250 1478 3322 ἕτερα
1496 3252 1671 3321 πράτ-

125 3358 214 3398 τειν
232 3343 331 3398 τῶν
373 3343 570 3414 πρώην
599 3341 977 3414 ἐγνωσμένων.
1024 3343 1087 3396 Εἰ
1118 3342 1178 3395 δὲ
1200 3343 1327 3414 νικᾷ
1353 3343 1484 3413 παρ’
1544 3343 1673 3414 ὑμῖν

127 3433 180 3488 τὰ
222 3435 327 3501 νῦν,
364 3436 460 3490 καὶ
505 3434 578 3488 τὰ
609 3434 801 3507 πρώην
831 3435 905 3497 ὡς
943 3433 1087 3487 ἕωλα
1130 3435 1547 3506 καταφρονεῖται
1578 3433 1677 3505 (5),

125 3527 310 3592 ἀλύπως
330 3530 428 3601 τῆς
455 3526 770 3599 ἐπισκοπῆς
802 3527 1110 3599 ἐξίσταμαι.
1139 3527 1488 3592 Βουλεύεσθε,
1517 3529 1684 3599 πράτο

128 3634 222 3671 τετε
240 3618 301 3672 τὰ
319 3620 441 3674 καθ’
477 3620 730 3682 ἑαυτοὺς,
758 3619 830 3672 τὰ
855 3617 1257 3689 παριστάμενα.
1289 3615 1444 3689 Ἐμοί⁸
1471 3617 1528 3670 δὲ
1545 3619 1680 3686 ἀγα-

125 3709 318 3781 πητδνὴ
348 3711 557 3783 ἐρημία
587 3711 680 3764 καὶ
710 3709 876 3765 πάλαι
907 3710 1002 3762 καὶ
1030 3709 1142 3763 νῦν.
1172 3710 1245 3763 Οὐ
1285 3709 1393 3780 γὰρ
1431 3708 1524 3763 καὶ
1542 3708 1678 3762 Θεοῦ

126 3797 354 3867 εἴρξουσιν
385 3802 436 3854 ot
466 3800 561 3856 τὸν
589 3799 776 3870 θρόνον
805 3799 1292 3870 ἁποστερήσοντες.
1339 3816 1359 3850 ι

1773 1791 1919 1836 recte
1941 1784 2156 1838 decreta
2187 1784 2425 1850 fuerant,
2459 1787 2908 1843 adversabantur.
2929 1792 2997 1843 At
3019 1789 3336 1862 Gregorius,

1771 1874 1944 1942 utqui
1971 1877 2138 1929 semel
2167 1875 2481 1930 cathedram
2507 1879 2830 1941 admisisset,
2861 1898 2977 1935 eam
3013 1883 3340 1948 vindicabat,

1769 1964 2070 2034 huiusmodi
2099 1967 2166 2022 ad
2189 1983 2284 2023 eos
2310 1970 2561 2024 oratione
2610 1980 2808 2027 utens:
2850 1994 2868 2024 ι
2911 1973 3057 2044 Ego,
3098 1987 3342 2045 pastores

1770 2058 1909 2111 sacri
1955 2066 2009 2112 et
2055 2057 2409 2123 venerabiles,
2448 2061 2680 2127 primum
2732 2075 2972 2130 augustae
3020 2063 3168 2119 urbis
3200 2080 3340 2134 pra:-

1770 2149 2029 2202 fecturam
2056 2151 2300 2219 accipere
2330 2151 2643 2206 recusabam
2670 2171 2683 2206 :
2713 2170 2774 2207 ac
2806 2154 2931 2208 licet
2965 2159 3078 2210 haic
3100 2155 3342 2213 Ecclesia

1770 2239 2046 2294 laboribus
2109 2242 2504 2312 sudoribusque
2559 2247 2692 2298 meis
2743 2257 3112 2316 coagmentata
3177 2259 3341 2318 atque

1770 2333 2092 2402 ampliticata
2129 2333 2338 2399 fuisset,
2378 2337 2505 2391 mihi
2541 2348 2719 2392 tamen
2762 2343 2894 2394 satis
2925 2358 3194 2413 superque
3219 2352 3341 2398 erat

1771 2422 1884 2477 haec
1921 2424 2028 2478 Deo
2077 2424 2448 2478 thesaurizare
2473 2468 2486 2488 ,
2524 2438 2685 2497 atque
2719 2431 2784 2483 ab
2817 2429 2883 2484 eo
2915 2434 3214 2488 mercedem
3241 2449 3340 2489 ex-

1769 2524 2031 2582 spectare.
2068 2514 2355 2584 Postquam
2384 2527 2561 2572 autent
2595 2529 2648 2572 et
2675 2525 2849 2589 gregis
2877 2538 3082 2588 amore,
3115 2535 3169 2578 ct
3195 2543 3344 2580 com-

1770 2607 2022 2661 munibus
2047 2609 2243 2662 vestris
2285 2607 2527 2672 calculis,
2569 2613 2880 2665 cathedram
2936 2615 3180 2684 accipere
3217 2634 3342 2674 coa—

1771 2707 1889 2752 ctus
1917 2713 2059 2762 suur,
2088 2700 2219 2754 tnihi
2250 2701 2666 2772 haudquaquam
2707 2713 2852 2758 recte
2879 2720 3038 2775 agerc
3063 2708 3337 2776 videmini,

1770 2790 1883 2859 qui,
1916 2794 2055 2860 quod
2087 2793 2186 2862 ipsi
2215 2795 2454 2860 fecistis,
2479 2795 2785 2850 couvellitis
2820 2807 2982 2866 atque
3009 2799 3286 2868 abrogatis
3323 2820 3338 2858 :

1772 2891 1830 2935 ut
1864 2882 2080 2937 interim
2113 2894 2318 2941 taceam
2344 2925 2360 2952 ,
2404 2887 2546 2958 quod
2588 2904 2656 2942 ne
2700 2889 2840 2941 inter
2889 2906 3078 2946 omnes
3127 2895 3340 2962 quidem

1773 2978 1907 3030 satis
1939 2980 2225 3044 convenit;
2262 2996 2448 3034 verum
2503 2979 2593 3034 alii
2633 2997 2695 3036 ea
2751 2999 2868 3050 (μιιιε
2902 2984 3015 3052 jam
3051 2989 3341 3046 constituta

1776 3076 1922 3133 sunt,
1958 3077 2071 3121 rata
2101 3085 2222 3124 esse
2258 3070 2454 3126 debere
2497 3084 2751 3138 censent;
2782 3075 2901 3127 aliis
2925 3089 3082 3129 secus
3110 3077 3337 3131 videtur.

1772 3155 1883 3212 Nec
1911 3173 2042 3214 vero
2075 3161 2186 3216 lucc
2215 3177 2244 3213 a
2279 3179 2363 3218 me
2393 3180 2459 3218 eo
2487 3163 2766 3230 dicuntur,
2793 3167 2935 3235 quod
2969 3166 3050 3222 vel
3078 3185 3226 3239 Opes,
3259 3172 3342 3224 Vel

1772 3250 2052 3306 sublimem
2085 3255 2394 3309 cathedram
2439 3265 2721 3326 expetam,
2775 3259 2860 3312 vel
2903 3271 3147 3330 augusta:
3193 3263 3341 3322 urbis

1772 3342 2057 3412 episcopus
2105 3345 2374 3399 nominari
2425 3348 2826 3417 concupiscam.
2877 3348 2980 3403 Sed
3014 3349 3242 3418 primum
3284 3354 3344 3404 li-

1784 3432 1977 3487 liorutn
2032 3437 2319 3490 orbitatem
2361 3439 2652 3507 tranquillo
2702 3441 2882 3494 animo
2920 3439 3060 3495 ferre
3093 3440 3344 3498 dillicilli-

1784 3539 1931 3578 mum
1967 3534 2070 3590 est,
2102 3540 2201 3581 nec
2234 3527 2335 3580 nisi
2364 3529 2609 3582 Vecordis
2641 3529 2934 3598 cuiuspiam
2971 3533 3201 3588 hominis
3232 3533 3343 3603 pla-

1782 3629 1962 3684 neque
1989 3615 2208 3685 stupidi.
2243 3616 2443 3673 Deinde
2479 3619 2605 3674 illud
2646 3620 3013 3686 metuendum,
3045 3637 3112 3676 ne
3144 3622 3346 3679 invidia

1779 3707 2008 3776 quadam
2051 3717 2143 3761 aut
2173 3708 2388 3764 levitate
2443 3726 2531 3765 res
2569 3727 2742 3782 nuper
2783 3712 3032 3768 decretas
3059 3714 3347 3771 immutare

1782 3797 2089 3854 videamini.
2134 3799 2288 3868 Quod
2334 3803 2379 3858 si
2433 3804 2586 3858 vobis
2643 3805 2923 3875 praesentia
2975 3807 3144 3877 magis
3194 3806 3348 3864 cordi

125 3901 242 3956 sunt,
263 3909 322 3948 ac
350 3909 436 3948 res
477 3895 624 3949 haud
664 3893 873 3963 pridem
909 3894 1228 3947 constitutas
1266 3889 1410 3948 velut
1447 3890 1723 3947 obsoletas
1788 3899 1844 3947 et
1876 3890 2100 3948 frivolas
2139 3895 2523 3963 contenmitis,
2585 3895 2727 3951 haud
2793 3908 2989 3952 maesto
3021 3899 3202 3954 animo
3226 3900 3347 3970 epi-

126 3999 310 4057 scopatu
368 4004 456 4044 me
513 3988 733 4045 abdico.
785 3987 1084 4042 Consilium
1134 3987 1291 4053 inite,
1363 4001 1449 4043 res
1497 3996 1708 4043 vestras
1747 3987 1920 4057 agite,
1957 3995 2012 4043 et
2071 3991 2330 4058 quidquid
2371 3991 2520 4046 vobis
2567 3992 2619 4044 in
2653 4002 2885 4048 mentem
2936 3996 3166 4049 venerit.
3217 3994 3344 4052 Mihi

126 4081 305 4148 quidem
334 4081 574 4138 solitudo
601 4094 655 4135 et
682 4082 808 4136 olim
835 4083 998 4136 chara
1029 4081 1150 4149 fuit,
1178 4091 1233 4136 et
1261 4096 1404 4137 nunc
1428 4089 1530 4137 est.
1583 4079 1700 4134 Non
1741 4081 1886 4137 enim
1941 4099 1972 4136 ιι
2031 4084 2138 4139 Deo
2190 4100 2408 4154 quoque
2453 4099 2552 4138 nos
2606 4088 2896 4150 arcebunt,
2955 4088 3043 4157 qui
3094 4091 3343 4145 thronum

127 4173 318 4228 ablaturi
351 4187 499 4230 sunt.
536 4196 556 4226 ι

176 4266 340 4321 Ταῦτα
364 4269 561 4333 εἰπὼν,
591 4270 685 4322 καὶ
701 4267 1020 4340 αἰσθόμενος
1057 4268 1184 4330 τοὺς
1217 4267 1446 4330 πολλοὺς
1472 4265 1674 4339 προϐο-
1705 4283 1751 4338 D

124 4354 201 4427 λὴν
234 4359 386 4412 ἄλλου
428 4361 846 4424 σπουδάζοντας,
871 4360 1050 4424 αὐτὸς,
1086 4357 1366 4412 ἀπολιπὼν
1395 4357 1485 4410 τὸν
1505 4353 1670 4422 οἷκον,

123 4449 225 4503 ἔνθα
264 4454 587 4524 κατέμενεν,
624 4452 782 4506 ἄλλον
819 4455 1145 4524 περισκοπεῖ
1172 4451 1358 4523 πόρρω
1396 4449 1498 4519 τῆς
1550 4449 1672 4502 Ἐκο

125 4541 336 4614 κλησίας,
386 4547 520 4610 τούς
561 4564 623 4598 τε
678 4544 935 4618 θορύϐους
987 4544 1394 4615 ἀποδιδράσκων
1449 4541 1680 4604 καὶτὰς

99 4618 339 4706 ’ὀχλιξσεις
380 4638 496 4691 τῶν
519 4637 902 4693 συνελεύσεων.
934 4636 1128 4690 Πολλοὶ
1157 4633 1286 4704 γοῦν
1309 4632 1402 4686 τοῦ
1433 4631 1562 4685 λαοῦ
1603 4631 1677 4702 (6)

123 4726 272 4787 ἐκεῖσε
305 4731 623 4802 συνέρρεον,
662 4729 1009 4800 δακρύοντες,
1069 4727 1420 4788 ἱκετεύοντες.
1469 4725 1679 4778 ἀντιδο-

123 4815 308 4884 bime;
337 4823 559 4892 ἐλεῆσαι
595 4821 654 4874 τὸ
699 4823 968 4892 ποίμνιον,
996 4821 1024 4874 ὃ
1049 4821 1231 4882 πόνοις
1274 4837 1330 4871 τε
1367 4819 1460 4870 καὶ
1491 4817 1676 4888 ἱδρῶσι

124 4909 361 4977 τοσούτοις
383 4913 646 4983 ἐξέθρεψέ
693 4932 752 4966 τε
801 4914 895 4967 καί
920 4912 1147 4983 ηῠξησε.
1196 4930 1214 4961 ι
1242 4910 1340 4973 Δὸς
1372 4909 1469 4979 τὴν
1491 4909 1673 4978 χάριν,

123 4993 293 5064 ελεγον,
346 5004 464 5064 τοῖς
498 5004 610 5066 σοῖς
657 5003 950 5070 φιλτάτοις,
987 5001 1078 5053 καὶ
1108 4995 1188 5062 οἷς
1214 4998 1273 5051 τὸ
1305 4999 1542 5067 ἀκμαῖον
1584 5015 1677 5049 σου

123 5089 199 5158 τῆς
225 5091 361 5164 ζωῆς
389 5095 784 5166 προαναλωσας
832 5097 984 5166 ἡμῖν,
1013 5091 1253 5163 δὼρησαι
1280 5092 1369 5145 καὶ
1399 5088 1459 5142 τὸ
1499 5089 1680 5142 λειπό-

125 5195 276 5244 μενον»
301 5186 365 5239 ἶν’
394 5187 617 5257 ἔχοιμεν
648 5187 722 5258 (7)
751 5186 1003 5255 λείψανον
1025 5185 1084 5238 τὸ
1109 5184 1199 5238 σὺν
1231 5183 1411 5253 σῶμα,
1434 5183 1483 5236 οἱ
1515 5184 1579 5254 τῇ
1613 5185 1678 5253 σῇ

119 5267 404 5348 διδασκαλίᾳ
435 5279 863 5349 πεφωτισμένοι.
897 5298 918 5329 ι
964 5277 1208 5341 Τούτοις,
1241 5271 1329 5329 οἷα
1374 5275 1682 5344 φιλότεκνος

195 5453 247 5518 3i
286 5457 376 5522 Ὠς
404 5455 558 5512 deest
587 5457 639 5511 in
671 5456 790 5511 cod.
821 5455 913 5510 0r.
1528 5499 1534 5503 ,

230 5526 347 5593 )lta
380 5528 542 5581 codd.
581 5528 674 5582 0r.
717 5535 766 5579 et
820 5529 876 5578 l".
912 5527 964 5578 ln
1004 5526 1135 5578 edit.
1171 5533 1378 5578 tantum
1411 5522 1668 5590 δέξασθαι

272 5666 402 5723 Cod.
439 5667 538 5721 Or.
570 5664 705 5734 πρὸς
733 5664 793 5716 τό

453 5761 728 5823 Ρλτιιοι.
772 5759 886 5820 Gn.
936 5754 1200 5817 XXXV.

123 5594 172 5663 τή

1848 4264 1963 4320 llac
2010 4264 2255 4318 oratione
2297 4263 2505 4329 habita,
2535 4277 2657 4316 cum
2700 4263 2981 4332 plerosque
3026 4263 3078 4317 in
3125 4264 3348 4319 alterius

1780 4355 2015 4427 episcopi
2045 4353 2373 4408 creationem
2423 4352 2667 4406 studiose
2707 4351 3021 4406 incumbere
3065 4355 3362 4416 sensisset,

1779 4451 1894 4518 ipse
1929 4448 2089 4502 domo
2126 4458 2212 4507 ea,
2249 4444 2302 4497 in
2347 4459 2448 4510 qua
2487 4445 2762 4509 manebat,
2815 4443 3023 4504 relicta,
3065 4442 3222 4496 aliam
3279 4443 3349 4496 ab

1776 4538 2018 4593 Ecclesia
2059 4534 2245 4605 procul
2283 4534 2528 4587 dissitam
2561 4534 3012 4600 circumspectat,
3052 4541 3110 4585 ut
3147 4532 3345 4586 tumul-

1781 4643 1886 4696 tus,
1921 4628 2286 4696 molestosque
2325 4637 2384 4708 et
2413 4626 2754 4692 importunus
2785 4626 3062 4678 hominum
3093 4640 3348 4693 congres-

1779 4737 1874 4775 sus
1925 4718 2207 4788 eﬁ‘ugcret.
2243 4715 2501 4771 l’ertnulti
2551 4716 2748 4784 quippe
2797 4730 2860 4768 ex
2911 4715 3121 4783 plebeio
3154 4716 3348 4770 ordine

1779 4815 1904 4868 illuc
1933 4809 2298 4872 conﬂuebant,
2329 4825 2451 4862 cum
2495 4807 2747 4876 lacrymis
2786 4821 2908 4859 eum
2944 4817 3162 4859 orantes
3187 4815 3351 4871 atque

1777 4907 2131 4968 obtestantes,
2173 4913 2230 4956 ut
2260 4901 2440 4978 gregis
2461 4941 2476 4966 ,
2529 4915 2686 4970 quem
2720 4908 2798 4952 tot
2829 4900 3101 4968 tantisque
3145 4898 3344 4952 labori-

1777 4998 1880 5051 bus
1918 5011 1984 5050 ac
2020 4995 2311 5048 sudoribus
2345 4993 2555 5046 aluerat
2599 5002 2759 5060 atque
2790 4999 3139 5058 provexerat,
3179 4991 3344 5041 mise-

1781 5099 2011 5142 reretur.
2049 5103 2068 5136 ι
2104 5084 2180 5138 Ila
2235 5087 2336 5139 hoc
2369 5083 2706 5137 charissimis
2755 5083 2846 5135 tibi
2882 5080 3189 5135 hominibus
3216 5121 3230 5145 ,
3264 5083 3348 5133 iu-

1779 5177 2059 5248 quiebant,
2091 5183 2144 5229 et
2169 5174 2366 5240 quibus
2400 5173 2524 5225 vitae
2567 5181 2667 5224 tua:
2690 5171 2930 5239 vigorem
2967 5168 3115 5238 prius
3142 5167 3348 5236 impen-

1781 5271 1928 5338 disti,
1967 5270 2157 5324 iisdem
2185 5279 2421 5335 quoque,
2459 5263 2601 5333 quod
2636 5263 2760 5315 vitae
2794 5269 3064 5329 superest,
3103 5257 3299 5328 largire
3328 5273 3348 5312 :

1853 5448 1926 5524 (5)
2150 5447 2242 5524 ρι’.
2273 5456 2325 5499 ct
2447 5441 2854 5524 καταφρονεῖτε.

2294 5526 2349 5568 et
2553 5515 2816 5592 soﬁu‘mob.

1850 5583 1924 5660 Π)
1955 5589 2120 5644 Codd.
2155 5590 2249 5642 0r.
2280 5597 2334 5642 et
2369 5584 2523 5639 Colb.
2564 5585 2616 5649 1,
2649 5583 2875 5650 ἕχωαεν.

2919 5733 2992 5793 10
