3824 6394
467 136 584 195 890

1597 125 1766 183 ‘VITA
1804 122 2227 183 8.6815601“!
2260 119 2611 178 Tl-lEOLOGl
3574 125 3660 187 ε,οο

473 264 534 309 ut
564 252 653 324 qui
689 250 935 307 doctrina
989 257 1079 304 tua
1135 246 1437 303 collustrati
1490 261 1699 311 sumus,
1754 246 1828 301 tui
1874 244 2036 301 etiam

2148 240 2339 313 πατὴρ,
2386 238 2726 311 ἐμαλάσσετο
2758 237 2877 307 μὲν,
2912 235 3106 307 ﬂat-0'95:
3138 233 3193 289 δὲ
3220 235 3248 289 δ
3295 251 3344 289 τι
3364 236 3559 307 δράσειε
3581 245 3660 315 (8),

469 345 721 417 corporis
760 342 1013 412 reliquias
1042 339 1358 396 habeamus.
1397 357 1418 392 ο
1479 338 1575 395 His
1606 340 1789 396 verbis
1830 338 2040 396 mollie-

470 436 633 493 batur
655 436 871 506 quidem
901 431 1397 501 indulgentissimus
1432 430 1629 497 Pater;
1663 439 1911 486 caeterum
1944 444 2040 483 an-

473 528 655 597 cipitis
689 535 808 581 erat
857 524 1023 578 animi
1078 522 1208 594 quid
1252 532 1457 593 ageret,
1507 522 1784 591 Deumque
1817 519 2039 588 supplex

471 621 662 675 orabat
697 627 774 685 ut,
813 617 957 687 quod
1013 616 1114 670 sibi
1153 615 1387 670 maxime
1420 614 1755 678 conveniret,
1784 611 2039 677 dispone-

472 721 576 766 ret.
606 709 735 776 Quae
755 722 877 764 cum
905 707 981 760 ita
1011 719 1069 761 se
1100 706 1383 769 baberent,
1413 704 1621 759 aﬂuere
1643 703 1899 772 episcopi,
1925 712 2039 755 tum

470 816 539 854 ex
569 800 825 871 Egypto,
862 807 974 852 tum
1000 811 1067 851 ex
1102 795 1432 860 Macedonia,
1469 795 1788 867 Byzantium
1820 794 1993 849 vocati
2022 834 2039 861 ,

468 907 591 947 cum
614 892 790 945 adhuc
818 889 1127 959 supradicta
1159 890 1399 957 synodus
1436 887 1491 941 in
1525 889 1658 943 urbe
1686 887 2028 942 consisteret.

450 980 533 1034 ‘Et
560 979 775 1049 quidem
798 977 895 1044 illi,
926 976 1178 1047 quoniam
1200 974 1496 1044 Gregorius
1527 973 1661 1029 citra
1698 987 1883 1026 eorum
1911 986 2035 1026 sen-

467 1069 689 1123 tentiam
745 1067 939 1122 throno
993 1064 1279 1134 impositus
1315 1062 1520 1130 fuerat,
1568 1064 1805 1118 humano
1839 1059 2034 1115 all‘ectu

464 1159 695 1224 obsessi,
734 1160 951 1214 decreto
981 1156 1355 1228 repugnabant
1390 1174 1403 1207 :
1442 1170 1548 1210 non
1577 1155 1719 1224 quod
1759 1170 1880 1208 eum
1911 1153 2037 1209 odio

438 1251 730 1306 e‘haberertt
780 1247 1257 1319 (quemadmodum
1284 1246 1514 1302 occultis
1558 1247 1609 1302 ei
1639 1245 2040 1317 signiﬁcationi.

467 1345 566 1397 bus
597 1340 1033 1409 conﬁrmabant).
1071 1338 1165 1393 sed
1196 1345 1255 1392 ut
1278 1352 1370 1392 eos
1395 1376 1411 1402 ,
1440 1337 1532 1407 qui
1571 1336 1745 1407 ipsum
1783 1336 2038 1405 praefece-

470 1440 612 1495 rant,
646 1429 1036 1485 ulciscerentur
1072 1446 1085 1482 :
1122 1434 1184 1480 ut
1224 1425 1321 1496 qui
1369 1426 1487 1481 sine
1533 1441 1718 1480 eorum
1771 1425 2033 1480 sententia

2144 335 2237 389 καὶ
2254 333 2347 386 τὸν
2365 332 2499 385 Θεὸν
2523 329 2830 400 ὲξελιπάρει
2855 327 2915 381 τδ
2934 326 3082 397 αὐτῷ
3106 326 3314 397 πρέπον
3336 329 3660 401 οἰκονομῆσαι.

2145 425 2360 479 Τούτων
2383 424 2614 495 ἐχόντων
2630 422 2720 474 τὸν
2746 419 2946 492 τρόπον
2976 417 3182 483 τοῦτον,
3211 418 3455 489 παρῆσαν
3482 422 3665 479 him”

2142 534 2237 570 ποι
2284 514 2607 585 κεκλημένοι
2653 513 2717 567 ἔκ
2740 528 2799 564 τε
2827 508 3103 579 Αἰγύπτου
3149 508 3243 562 καὶ
3266 509 3576 575 Μακεδονίας
3602 518 3663 582 εἰς

2138 604 2201 657 τὸ
2227 603 2538 667 Βυζάντιον,
2569 601 2647 655 ἔτι
2670 601 2770 670 τῆς
2792 599 3091 671 εἰρημένης
3114 596 3442 670 ἐνδημούσης
3462 603 3660 660 συνόδου,

2141 695 2251 747 Καὶ
2287 694 2350 765 δὴ
2366 688 2531 758 οὗτοι,
2563 692 2638 756 ὡς
2662 692 2830 764 χωρὶς
2855 691 2953 762 τῆς
2983 690 3160 743 αὐτῶν
3181 689 3401 760 γνώμης
3431 692 3664 764 καθιδρυν.

2141 786 2324 848 θέντος
2372 784 2465 838 τοῦ
2496 783 2766 856 μακαρίου
2815 781 3134 854 Γρηγορίου,
3182 780 3342 833 πάθει
3387 782 3664 857 ἀνθρωπίνῳ

2143 877 2585 949 κατασχεθέντες,
2619 875 2903 944 ἀντέλεγον
2930 878 2996 946 τῇ
3028 874 3211 944 ψήφῳ*
3248 873 3365 944 ούχὶ
3412 874 3663 949 Γρηγόριον

2143 967 2423 1039 μισοῦντες
2451 968 2544 1040 (ὼς
2566 968 2726 1021 αὐτὸν
2765 965 3075 1021 συνέπειθον
3106 965 3181 1036 (9)
3207 965 3666 1039 κρυφίοιςδηλώμα-

2143 1063 2266 1131 σιν),
2300 1061 2435 1115 ἀλλὰ
2462 1062 2586 1125 τοὺς
2616 1060 3043 1133 καθιδρύσαντας
3086 1060 3431 1131 ἀμυνόμενοι,
3468 1062 3535 1123 ὡς
3569 1061 3664 1133 δίχα

2140 1153 2364 1225 γνώμης
2397 1154 2508 1224 (10)
2544 1154 2723 1207 αὐτῶν
2740 1153 3039 1215 δεδωκότας
3073 1152 3165 1205 τὸν
3199 1150 3404 1223 θρόνον.
3442 1150 3496 1205 '0
3520 1152 3569 1205 δὲ
3586 1170 3666 1224 μαι

2141 1244 2330 1316 κάριος
2356 1246 2447 1298 ἐπὶ
2472 1245 2533 1299 τὸ
2560 1244 2690 1297 αὐτὸ
2714 1234 2934 1298 πάντων
2956 1243 3067 1313 (11)
3090 1240 3562 1312 συναθροισθέντων
3580 1244 3665 1295 τῶν

2141 1338 2472 1401 ἐπισκόπων,
2496 1336 2773 1401 καταστὰς
2805 1336 2863 1389 ὲν
2890 1335 3040 1407 μέσῳ
3052 1334 3131 1406 τῷ
3152 1333 3395 1404 συλλόγῳ
3420 1333 3543 1405 (12),
3564 1336 3664 1389 τάδε

2142 1430 2292 1500 φησί·

467 1519 913 1591 archiepiscopali
977 1521 1105 1574 sede
1137 1516 1457 1588 Gregorium
1500 1516 1813 1571 donassent.
1856 1515 1928 1569 At
1960 1516 2042 1569 vir
2077 1515 2288 1586 beatus,
2315 1520 2565 1576 omnibus
2610 1516 2876 1588 episcopis
2914 1515 2967 1570 in
3011 1532 3173 1571 unum
3212 1517 3434 1580 coactis,
3457 1514 3506 1570 in
3526 1518 3667 1572 medio

437 1616 699 1673 'concilio
732 1623 906 1676 stans,
933 1613 998 1667 ad
1030 1613 1173 1667 hunc
1200 1611 1417 1666 modum
1458 1612 1620 1665 verba
1646 1610 1777 1664 facit
1804 1627 1819 1662 :

541 1750 564 1786 ι
598 1730 714 1786 Viri
744 1729 979 1798 collegae,
1004 1736 1059 1782 et
1088 1734 1460 1797 compastores
1498 1725 1824 1782 sacrosancti
1856 1727 2033 1796 gregis

2205 1741 2227 1774 ι
2271 1722 2496 1793 Ἄνδρες
2521 1719 2894 1792 συμποιμένες
2910 1720 3009 1791 τῆς
3024 1720 3174 1791 ἱερᾶς
3203 1718 3438 1789 ποίμνης
3451 1716 3665 1789 Χριστοῦ,

442 1822 693 1886 Ὃίιτίειῑ,
728 1829 886 1888 turpe
923 1818 1119 1884 fuerit,
1149 1831 1476 1887 prorsusque
1502 1834 1532 1869 a
1568 1816 1722 1870 vobis
1768 1816 2032 1880 alienum,

468 1915 536 1980 si,
567 1914 658 1983 qui
682 1912 749 1967 ad
784 1925 973 1982 pacem
1006 1910 1142 1965 alios
1174 1909 1426 1974 eruditis,
1456 1907 1772 1962 intestinum
1792 1907 1890 1976 ipsi
1926 1906 2039 1961 bel-

446 2006 581 2058 'lum
624 2004 765 2058 inter
813 2016 912 2056 vos
957 1997 1673 2068 excitetis.5Quonam.enim
1722 1998 1880 2052 modo
1908 1997 2040 2051 alios

448 2092 537 2145 ad
597 2090 939 2145 concordiam
994 2087 1368 2150 adduxeritis,
1408 2087 1509 2155 ipsi
1546 2087 1691 2141 circa
1744 2087 2039 2141 sententias

470 2187 682 2234 vestras
726 2189 781 2233 et
814 2179 1032 2233 decreta
1067 2176 1473 2247 discrepantes?
1494 2177 1570 2231 Ac
1599 2191 1695 2231 vos
1736 2191 1832 2246 per
1857 2175 2037 2231 Trini-

451 2279 635 2324 'talem
666 2269 836 2338 ipsam
867 2267 1116 2335 obsecro,
1146 2275 1208 2321 ut
1236 2276 1417 2321 vestra
1447 2266 1658 2334 negotia
1704 2266 1960 2336 praeclare
1984 2275 2040 2322 et

467 2361 697 2433 paciﬁce
745 2360 888 2416 inter
931 2375 1026 2416 vos
1074 2360 1405 2430 transigatis.
1442 2361 1594 2427 Quod
1649 2361 1695 2415 si
1727 2362 1882 2417 vobis
1930 2362 2039 2417 ullo

468 2455 625 2509 modo
656 2452 866 2508 dissidii
916 2467 1078 2508 causa
1132 2451 1515 2517 sum,'Jonam
1569 2453 1886 2523 prophetam
1915 2456 2040 2511 vitae

469 2544 787 2615 integritate
810 2559 915 2599 non
975 2558 1197 2613 supero.
1253 2543 1447 2599 Mittite
1474 2561 1554 2599 me
1581 2546 1635 2599 in
1662 2561 1829 2612 mare,
1858 2552 1907 2598 et
1936 2562 2041 2599 ces-

458 2636 602 2690 sabit
646 2653 681 2691 α
718 2636 859 2690 vobis
887 2634 1209 2689 tumultuum
1236 2634 1465 2706 procella
1483 2636 1547 2690 ".
1589 2634 1859 2705 Quidquid
1890 2636 2042 2692 vobis

466 2728 640 2783 visum
666 2726 854 2792 fuerit,
895 2727 1109 2782 tametsi
1142 2741 1171 2780 a
1202 2726 1356 2795 culpa
1390 2726 1662 2794 immunis,
1696 2736 1889 2783 vestrae
1912 2743 2041 2783 con-

469 2818 671 2874 cordiae
693 2831 881 2882 causa,
902 2817 1135 2873 libenter
1156 2817 1451 2887 perpetiar.
1485 2816 1705 2871 Throno
1733 2818 2036 2882 exturbate,

468 2907 602 2961 urbe
631 2905 837 2976 ejicite.
918 2904 1143 2959 Tantum
1171 2907 1435 2961 veritatem
1460 2915 1511 2960 et
1555 2923 1758 2975 pacem,
1811 2917 1871 2962 ut
1917 2922 2039 2963 cum

458 2994 734 3053 'Zacltaria
762 2996 974 3066 loquar,
1026 2996 1232 3068 diligite
1258 2997 1323 3052 ι’.
1353 2997 1560 3062 Valete,
1607 2998 1746 3053 sacri
1776 3009 2039 3068 pastores,

2138 1814 2363 1885 αἰσχρὸν
2399 1813 2495 1883 μὲν
2532 1813 2617 1883 εἴη
2668 1812 2779 1883 (15)
2819 1812 2912 1865 καὶ
2963 1810 3241 1876 παντελῶς
3291 1811 3390 1882 οὐχ
3427 1812 3582 1883 ὑμῶν,
3611 1816 3666 1877 εἰ,

2136 1908 2261 1970 τοὺς
2292 1904 2483 1968 ἄλλους
2516 1902 2742 1975 εἰρήνην
2792 1902 3154 1966 παιδεύοντες,
3192 1903 3349 1957 αὐτοὶ
3380 1903 3505 1974 πρὸς
3533 1905 3665 1975 ἀλλή-

2136 1999 2260 2062 λους
2306 1997 2542 2065 πόλεμον
2574 1982 2803 2067 ἡρασθε.
2849 1994 2976 2057 Πῶς
3005 1995 3050 2048 δ’
3098 1994 3164 2049 ἂν
3215 1995 3459 2066 ὁμονοεῖν
3491 1996 3668 2067 ἐτέρους

2142 2089 2369 2159 πείσητε
2404 2086 2540 2158 (14),
2566 2086 2721 2139 αὐτοὶ
2747 2086 2900 2149 ὄντες
2931 2086 3060 2157 περί
3086 2086 3156 2140 τὰ
3185 2084 3443 2139 δοκοῦντα
3459 2085 3671 2156 ἀσύμφωρ

2136 2194 2251 2241 νοι;
2291 2177 2430 2231 Ἀλλ’
2482 2177 2712 2230 ἱκετεύω
2752 2178 2894 2248 ὑμᾶς
2928 2177 3065 2249 πρὸς
3122 2177 3222 2246 τῆς
3272 2177 3495 2249 Τριάδος
3535 2178 3669 2247 αὐτῆς

2138 2270 2316 2333 καλῶς
2348 2287 2406 2322 τε
2433 2270 2527 2323 καί
2547 2270 2837 2341 εἰρηνικῶς
2869 2269 3148 2324 διαθέσθαι
3176 2269 3244 2323 τὰ
3274 2269 3410 2342 πρὸς
3431 2269 3667 2339 ἀλλήλους.

2139 2364 2201 2416 Εἰ
2232 2361 2290 2415 δέ
2327 2379 2380 2414 τι
2413 2363 2540 2432 ὑμῖν
2594 2361 2704 2431 ἐγὼ
2737 2362 2834 2433 τῆς
2870 2360 3199 2424 διαστάσεως
3246 2363 3437 2424 αἴτιος,
3471 2362 3559 2413 οὐκ
3580 2362 3669 2429 εἰμί

2141 2455 2462 2526 σεμνότερος
2502 2455 2655 2507 Ἰωνᾶ
2674 2454 2767 2507 τοῦ
2804 2453 3105 2525 προφήτου.
3138 2451 3367 2506 Βάλετέ
3392 2470 3465 2521 με
3485 2455 3561 2518 εἰς
3584 2453 3671 2516 τὴν

2139 2547 2478 2608 θάλασσαν,
2506 2546 2604 2600 καὶ
2636 2546 2929 2599 παύσεται
2952 2544 3051 2613 ἀφ’
3073 2542 3241 2611 ὑμῶν
3265 2546 3300 2597 ὀ
3338 2543 3558 2597 κλύδων
3582 2542 3672 2594 τῶν

2138 2637 2412 2708 ταραχῶν
2440 2638 2574 2710 (15).
2638 2635 2909 2707 Αἰροῦμαι
2937 2634 3130 2689 παθεῖν
3167 2636 3195 2687 ὃ
3239 2652 3295 2687 τι
3329 2633 3393 2687 ἂν
3432 2632 3669 2703 βούλησθε,

2140 2730 2337 2802 καίπερ
2360 2728 2531 2792 ἀθῶος
2552 2726 2645 2793 ῶν,
2682 2727 2783 2797 τῆς
2806 2726 2958 2797 ὑμῶν
2986 2726 3174 2780 ’ένεκεν
3209 2726 3477 2796 ὁμονοίας.
3507 2725 3670 2795 Θρόνιν

2140 2818 2397 2887 ὲξώσατε,
2426 2820 2631 2884 πόλεως
2676 2818 3003 2873 ἀπελάσατε.
3047 2818 3249 2871 Μόνον
3292 2816 3408 2884 τὴν
3432 2815 3672 2883 ἀλήθεια-ν

2141 2911 2241 2965 καὶ
2264 2911 2378 2980 τὴν
2394 2912 2664 2981 εἰρήνην,
2682 2911 2758 2975 ὼς
2784 2913 2813 2964 ό
2843 2910 3115 2982 Ζαχαρίας
3135 2913 3323 2980 φησιν,
3347 2909 3669 2978 ἀγαπήσατε.

2146 3003 2448 3075 Ἔρρωσθε,
2480 3004 2614 3074 ἱεροί
2642 3003 2915 3073 ποιμένες,
2945 3004 3039 3056 καὶ
3069 3002 3175 3056 τῶν
3199 3002 3351 3072 ἐμῶν
3388 3000 3551 3052 πόνων
3569 3017 3674 3070 μνη-

470 3103 713 3165 meorum
734 3087 977 3143 laborum
999 3090 1315 3144 memoriam
1336 3098 1652 3160 perpetuam
1672 3100 2001 3146 conservate.
2017 3108 2034 3141 ι

2148 3074 2480 3164 μονεύοντες,
2516 3095 2589 3165 μὴ
2612 3093 2938 3165 άπολήξητε.
2983 3111 3000 3145 ι
3033 3092 3217 3147 Ταῦτα
3250 3093 3509 3156 εἰπόντος,
3542 3091 3674 3152 αἰδώς

469 3154 698 3235 Haece:
717 3180 1019 3251 prolocuto,
1049 3183 1252 3251 pudore
1277 3154 1510 3251 quodam
1553 3181 1653 3252 ipsi
1691 3183 2039 3247 tenebantur,

471 3272 588 3342 ejus
624 3272 867 3327 oratione
886 3273 1214 3340 compuncti.
1240 3272 1378 3328 Tum
1409 3272 1525 3344 ipse
1558 3275 1613 3327 in
1639 3273 2038 3343 Cappadociam

472 3374 823 3435 perrecturus
853 3379 883 3418 e
910 3365 1140 3420 concilio
1166 3365 1421 3430 excessit,
1456 3364 1733 3434 voluptate
1784 3365 1944 3420 simul
1990 3374 2045 3419 et

472 3446 705 3512 mderore
733 3455 957 3512 affectus
982 3475 995 3511 :
1025 3458 1154 3511 illud
1180 3497 1197 3523 ,
1228 3458 1370 3528 quod
1412 3456 1655 3512 laborum
1682 3461 1922 3528 requiem
1962 3459 2045 3514 in-

471 3545 753 3607 venisset;
815 3546 916 3599 hoc
944 3586 959 3611 ,
1008 3553 1226 3617 propter
1285 3560 1543 3617 gregem,
1603 3561 1838 3615 quonam
1886 3550 2045 3605 modo

473 3639 645 3708 ipsum
682 3637 1032 3708 relinqueret.

547 3752 603 3806 in
636 3751 815 3806 aulam
866 3761 1043 3808 autem
1071 3752 1369 3822 profectus,
1400 3753 1723 3809 benelic.um
1773 3754 1840 3807 ab
1872 3752 2046 3822 Impe-

477 3852 662 3897 ratore
727 3843 1062 3912 postulabat,
1098 3844 1185 3898 his
1243 3845 1426 3899 verbis
1476 3845 1626 3915 prius
1647 3859 1768 3899 eum
1810 3844 2041 3899 ali‘atus:

481 3952 500 3984 ι
541 3932 658 3987 Tibi
686 3934 924 4003 quidem,
950 3949 983 3986 ο
1010 3933 1327 4002 imperator,
1351 3950 1448 4003 pro
1480 3935 1584 3989 tuis
1606 3950 1729 4003 erga
1753 3934 2044 3989 Ecclesiaut

481 4025 692 4079 meritis
727 4024 988 4079 retribuat
1019 4025 1268 4079 Christus
1306 4025 1359 4079 in
1398 4025 1487 4079 die
1522 4024 1913 4079 retributionis.
1943 4024 2045 4079 Be-

480 4116 729 4169 nelicium
764 4124 941 4170 autem
962 4156 978 4181 ,
1003 4118 1143 4187 quod
1178 4132 1320 4170 nunc
1353 4133 1380 4171 a
1419 4128 1469 4171 te
1492 4126 1647 4186 pcto,
1672 4117 2045 4185 potentissime

477 4205 733 4275 princeps
755 4245 773 4271 ,
806 4206 936 4261 dare
988 4223 1055 4262 ne
1085 4208 1347 4276 graveris.
1397 4206 1515 4261 Non
1560 4222 1656 4277 pro
1689 4207 1929 4273 pecuniis
1953 4208 2045 4261 tibi

480 4314 600 4351 sum
651 4298 910 4368 supplex;
964 4316 1069 4354 non
1135 4302 1369 4370 pretiosa
1425 4300 1677 4353 altarium
1739 4309 2045 4370 tegumenta

2140 3204 2223 3250 τις
2255 3187 2449 3250 αὐτοὺς
2479 3184 2592 3257 εἶχε
2618 3189 2731 3250 τοῖς
2773 3186 3084 3258 εἰρημένοις
3134 3186 3529 3255 κατανυγέντας
3569 3183 3671 3252 (16).

2153 3277 2210 3328 ’0
2231 3278 2327 3346 μὲν
2348 3271 2439 3329 οὖν
2452 3277 2545 3329 ἐπὶ
2565 3274 2663 3346 τὴν
2679 3277 3062 3330 Καππαδοκῶν
3089 3275 3576 3347 βαδιούμενοςιὲξῄει
3590 3276 3603 3344 (
3612 3275 3674 3331 17)

2140 3367 2234 3423 τοῦ
2262 3366 2540 3432 συλλόγου,
2588 3367 2865 3439 συμμιγὴς
2898 3369 3039 3439 χαρᾷ
3084 3385 3145 3420 τε
3180 3367 3277 3420 καὶ
3319 3367 3587 3437 κατηφείᾳ·
3630 3364 3677 3415 τὸ

2147 3458 2266 3529 μὲν,
2291 3460 2371 3511 ὃτι
2397 3458 2506 3511 τῶν
2542 3458 2717 3512 πόνων
2741 3460 3059 3513 ἀνάπαυλαν
3084 3459 3291 3530 ηὕρατο
3320 3459 3450 3529 (18),
3470 3458 3527 3510 τὺ
3543 3456 3675 3510 δὲτοῦ

2146 3551 2390 3621 ποιμνίου
2424 3550 2604 3622 χάριν,
2639 3552 2786 3614 ὅπως
2820 3552 2950 3605 αὐτὸ
2976 3551 3372 3621 καταλείψειεν.

2229 3742 2428 3797 Ἐλθὼν
2457 3743 2511 3795 δὲ
2544 3746 2622 3807 εἰς
2662 3745 2728 3799 τά
2764 3740 3027 3815 βασίλεια,
3087 3745 3204 3817 ⁴ᾔτει
3232 3747 3397 3819 χάριν
3445 3746 3529 3798 τὸν
3554 3745 3677 3796 αύτο-

2144 3835 2406 3906 κράτορα,
2440 3839 2615 3891 τοιάδε
2638 3837 2805 3892 εἰπὼν
2826 3840 3104 3910 πρότερον·
3127 3858 3147 3891 ι
3167 3841 3238 3892 Σὺ
3271 3841 3397 3909 μὲν,
3418 3832 3676 3908 ὦβχσιλεῦ,

2145 3922 2220 3981 ὧν
2248 3930 2344 3999 τὴν
2389 3930 2711 4000 Ἐκκλησίαν
2766 3932 3161 4002 εύηργέτησας,
3203 3931 3580 4002 ἀντιμετρήσαι
3617 3944 3679 3979 σοι

2146 4022 2379 4093 Χριστὸς
2403 4022 2459 4074 ὲν
2485 4022 2667 4093 ἡμέρᾳ
2692 4023 3117 4087 ἁνταποδόσεως’
3160 4026 3224 4093 ἣν
3247 4023 3304 4076 δὲ
3332 4023 3426 4076 νῦν
3457 4022 3577 4076 αἰτῶ
3602 4019 3681 4089 χά-

2151 4131 2254 4184 ριν,
2287 4108 2332 4165 ὧ
2355 4112 2633 4183 κράτιστε,
2667 4114 2849 4168 δοῦναι
2883 4114 2955 4184 μὴ
2992 4115 3302 4185 ἀπαρνήσῃ.
3339 4114 3412 4167 05
3437 4113 3674 4185 περὶχρη·

2152 4205 2334 4275 μάτων
2376 4204 2622 4256 ἱκετεύω·
2663 4205 2784 4257 οὐδὲ
2833 4205 2981 4257 ποθῶ
3027 4204 3293 4274 πολυτελῆ
3331 4201 3682 4271 θυσιαστηρίων

2150 4298 2529 4369 σκεπάσματα,
2579 4299 2638 4351 ού
2672 4299 2948 4367 συγγενῶν
2986 4298 3178 4368 ἀρχάςο
3216 4298 3332 4350 ἀλλ’
3358 4296 3569 4349 ἱκετεύω
3595 4292 3681 4344 τῶν

481 4389 833 4458 concupisco;
860 4404 967 4443 non
1003 4390 1247 4459 cognatis
1272 4390 1561 4458 dignitates
1602 4389 1816 4455 ambio;
1850 4389 1962 4453 sed,
1992 4398 2040 4441 ul

2151 4390 2326 4442 πόνων
2363 4388 2635 4460 ἀνεθῆναι.
2658 4390 2881 4459 Ληγέτω
2905 4389 2962 4442 δὲ
2985 4389 3077 4442 καὶ
3098 4390 3209 4459 (19)
3230 4389 3438 4458 φθόνος,
3462 4380 3686 4456 εἰρηνενέι

481 4477 759 4533 laboribus
813 4478 1030 4541 liberer,
1079 4480 1325 4534 obsecro.
1376 4477 1564 4532 Cesset
1616 4477 1781 4533 etiam
1813 4478 2047 4541 invidia;

480 4584 665 4637 pacem
694 4570 875 4623 colant
924 4571 1157 4640 episcopi
1182 4588 1198 4638 ;
1235 4580 1287 4624 tu
1324 4570 1556 4626 maxime
1586 4571 1640 4626 in
1664 4585 1782 4625 eam
1808 4584 1920 4623 rem
1952 4569 2049 4623 ad-

482 4665 653 4721 nitere
679 4682 693 4729 ;
726 4664 1069 4719 sacerdotum
1093 4665 1291 4720 bellum
1318 4665 1640 4734 comprime,
1677 4664 1769 4735 qui
1796 4664 2053 4718 barbaro-

544 4871 591 4901 "
625 4870 745 4925 Jon.
778 4888 795 4926 ι
847 4873 933 4927 12.
1012 4873 1055 4904 ¹⁸
1082 4873 1247 4926 Zach.
1279 4888 1395 4937 vut,
1421 4872 1510 4928 19.

573 5073 627 5142 8)
664 5074 797 5127 Cod.
822 5073 915 5128 0r.
950 5072 1160 5143 δράσει.

571 5145 625 5207 9)
655 5145 786 5198 Cod.
818 5143 909 5198 Or.
952 5142 1184 5195 ἔπειθον.

552 5211 665 5281 (10)
694 5215 771 5269 lta
796 5214 953 5268 cmltL
985 5214 1075 5266 0r.
1113 5212 1263 5265 Coll).
1290 5213 1341 5275 1,
1373 5220 1427 5266 et
1452 5212 1506 5267 2.
1534 5213 1590 5267 In
1622 5212 1753 5267 edit.
1782 5211 2015 5281 γνώμων
2034 5227 2046 5240 ·

478 5300 601 5338 mox
635 5286 686 5336 iu
732 5283 935 5336 eisdem
987 5283 1298 5347 δεδωκότες,
1354 5283 1448 5337 sed
1477 5285 1764 5339 lectionem
1801 5285 1919 5338 cod.
1951 5282 2044 5337 0r.

480 5353 870 5420 amplectimur.

553 5429 597 5489 (l
618 5426 664 5487 l)
692 5421 936 5475 Πάντων
969 5422 1118 5477 deest
1148 5425 1199 5475 in
1233 5422 1351 5476 cod.
1386 5420 1482 5477 Or.

555 5494 665 5561 (l2;
698 5492 827 5546 Cod.
864 5493 923 5545 Ρ.
952 5492 1059 5545 τῶν
1089 5493 1379 5561 συλλόγων.

556 5542 663 5632 U33
703 5542 833 5617 ea;
865 5542 939 5618 bi
965 5542 1429 5635 'az'.ip*>‘.t",tt;av
1461 5561 1565 5633 εἴη.

2147 4498 2326 4533 τωσαν
2362 4482 2409 4533 οἰ
2443 4480 2747 4541 ἐπίσκοποι,
2771 4481 2861 4533 σοῦ
2885 4482 3117 4551 μάλιστα
3139 4480 3296 4533 τοῦτο
3315 4476 3680 4556 σπουδάζοντος.

2148 4571 2362 4624 Παῦσον
2386 4571 2494 4625 τῶν
2520 4572 2710 4642 ἱερέων
2736 4571 2826 4624 τὸν
2862 4572 3114 4642 πόλεμον,
3146 4573 3174 4623 ὁ
3206 4573 3406 4642 στήσας
3440 4566 3685 4640 βαρϐάρων

2149 4664 2365 4737 θράσος·
2397 4664 2466 4718 τὰ
2497 4664 2731 4734 μέγιστα
2760 4664 2993 4735 τρόπαια
3018 4662 3110 4715 τοῦ
3134 4662 3228 4715 σοῦ
3249 4662 3480 4734 κράτους
3512 4658 3583 4711 ἑνὶ
3612 4653 3685 4707 κό-

2232 5065 2519 5139 (14)(1ο11ι.
2556 5066 2605 5139 1_.
2634 5066 2894 5139 πείσοετε.
2978 5135 2992 5139 Δ
3126 5134 3149 5139 Α
3248 5134 3273 5139 _
3560 5127 3583 5139 α

2260 5134 2346 5207 15)
2367 5139 2533 5192 Codd.
2566 5136 2664 5207 Or.
2702 5136 2759 5191 Ρ.
2786 5136 2937 5189 Culb.
2968 5135 2995 5207 1
3032 5144 3084 5187 et
3121 5134 3175 5194 2,
3205 5134 3315 5186 τῶν
3345 5134 3633 5207 συμφορῶν.

2197 5205 2343 5317 ἐ(16)
2374 5209 2506 5263 Cod.
2558 5206 2652 5259 0r.
2705 5206 3123 5273 κατανυγέντες.
3182 5210 3311 5259 Lod.
3364 5205 3421 5257 1³.
3476 5212 3689 5254 κατανθι-

2223 5295 2351 5317 υτηρ

2155 5295 2371 5347 γεντας.

2230 5348 2342 5419 (17)
2365 5347 2495 5419 god.
2529 5346 2623 5400 Or.
2655 5345 2806 5419 ἐξιει.

2227 5401 2339 5488 (tsi
2376 5416 2508 5473 Cod.
2548 5418 2641 5472 0r.
2692 5401 2911 5489 εὕρατο,
2957 5415 3107 5469 Colb.
3155 5415 3207 5499 t.
3259 5412 3465 5485 εὕρετο.
3495 5408 3609 5465 (ὀ.1.
3638 5401 3685 5457 ι).

2154 5490 2344 5630 ﬁp213).
2375 5556 2449 5610 Δὲ
2479 5558 2582 5611 καί
2609 5558 2799 5615 desunt
2829 5558 2880 5613 in
2913 5558 3030 5612 cod.
3070 5554 3160 5611 0r.
