3824 6394
506 394 614 454 507

1374 392 1746 452 versanti
1782 392 1876 451 ετ
1908 390 2404 449 RECEN‘I‘IOBUM
2438 368 2882 447 resrmoma.

3613 406 3692 467 308

506 527 728 584 quoque
782 522 1068 569 tractatum
1104 512 1324 569 heroico
1352 512 1595 567 carmine
1626 511 1877 581 scripsit,
1908 510 1961 565 in
1986 525 2094 581 quo

2203 509 2437 581 ρακτῆρι
2496 508 2588 563 τοῦ
2653 509 2990 573 Λαοδικέως,
3047 508 3137 563 τοῦ
3200 515 3607 587 σοφιστεύσαντας
3648 530 3692 583 ιν

508 604 878 676 virginitatem
907 612 963 659 et
989 604 1154 659 vitam
1178 603 1526 718 (iniugatam
1550 619 1648 676 per
1674 620 1732 658 se
1767 605 2090 659 asserentes

508 692 719 718 8...].--2;
784 694 994 718 -I:_..-...
1031 694 1189 718 ΑΗ-..
1243 704 1556 718 ---.-..--..ι-
1610 696 1751 718 --η-ι
1794 694 2086 718 ---κ;.....υ.

508 692 740 758 inducit,
782 694 997 763 aliaque
1027 692 1559 766 etiamwargumenta
1606 696 1752 748 omni
1790 694 2119 748 carminum‘

509 798 707 854 genere
751 785 1064 854 complexus
1102 794 1219 852 est,
1272 800 1391 855 quae
1437 785 1658 854 quidem
1710 786 1777 838 ad
1824 798 2088 838 summam

508 873 797 939 subducta,
838 875 1060 946 triginta
1113 890 1366 929 versuum
1426 874 1594 929 millia
1627 873 1946 930 conficiunt.
1979 872 2090 925 Hu-

502 963 594 1031 jus
626 979 787 1034 porro
810 966 1060 1036 Gregorii
1102 968 1336 1022 Arianus
1364 982 1579 1037 quoque
1608 965 2005 1035 Pbilostorgius
2036 966 2087 1020 in

507 1057 591 1110 sui
626 1059 888 1127 temporis
929 1060 1156 1115 historia
1199 1061 1531 1115 mentionem
1569 1058 1699 1113 facit
1733 1059 1818 1113 his
1866 1059 2085 1114 verbis:

512 1162 535 1199 ι
564 1145 636 1200 Ea
673 1156 993 1218 tempestate
1028 1149 1321 1219 Gregorius
1356 1150 1408 1205 in
1436 1150 1565 1204 urbe
1616 1148 1955 1203 Nazianzena
1994 1149 2088 1201 llo-

509 1238 791 1309 rebat(est
824 1250 1003 1295 autem
1037 1241 1339 1295 Nazianzus
1361 1242 1525 1295 statio
1559 1239 1958 1309 Cappadociar),
1996 1240 2089 1292 Ba-

508 1330 664 1385 silius
692 1332 746 1385 in
770 1332 1019 1386 Caesarea
1072 1333 1429 1401 Cappadociae
1458 1333 1615 1396 urbe,
1640 1342 1694 1386 et
1722 1330 2088 1400 Apollinarius

512 1420 568 1472 in
600 1418 865 1475 Laodicea
899 1422 1091 1493 Syriae.
1136 1421 1197 1474 ili
1237 1432 1345 1476 tres
1374 1420 1475 1474 viri
1527 1436 1625 1490 pro
1663 1421 2005 1483 bomoousio,
2034 1418 2088 1472 id

509 1523 591 1567 est
625 1514 1099 1583 consubstantiali,
1134 1515 1397 1569 adversus
1424 1529 1519 1569 eos
1540 1514 1628 1583 qui
1655 1512 1773 1571 Filii
1797 1513 2085 1567 essentiam

511 1620 542 1659 ι
568 1605 745 1661 Patris
773 1608 1009 1662 essentia
1048 1609 1316 1662 diversam
1377 1622 1499 1661 esse
1548 1603 2086 1677 prolitebantur,de-

512 1700 815 1764 certabant,
864 1700 1129 1770 longeque
1176 1713 1366 1754 omnes
1419 1714 1513 1752 eos
1547 1695 1963 1758 antecellebant,
1995 1695 2083 1764 qui

513 1792 599 1845 vel
627 1792 774 1861 prius
798 1792 879 1846 vel
912 1802 1055 1861 post,
1091 1792 1163 1845 ad
1187 1807 1359 1845 meam
1399 1806 1571 1861 usque
1619 1798 1832 1843 aetatem
1868 1787 2085 1857 hujusce

2194 600 2447 675 Σμύρνῃ,
2476 602 2540 665 ὃς
2565 602 2809 671 ἐγεγόνει
2843 601 3155 667 διδάσκαλος
3197 604 3503 675 Ἀριστείδου
3530 613 3605 669 τοῦ
3629 622 3695 690 pr".

2191 710 2369 764 τορος.
2411 694 2657 766 Ἐγράιρη
2686 693 2743 746 δὲ
2772 693 2917 763 αὐτῷ
2946 695 3040 747 καὶ
3074 694 3234 766 ἑτέρα
3265 694 3435 765 βίϐλος
3457 701 3517 754 δι’
3542 705 3692 778 ἐξαμέ-

2190 800 2358 855 τρων,
2393 784 2691 857 παρθενίας
2718 785 2813 838 καὶ
2840 785 3019 855 γάμου
3048 783 3167 837 καθ’
3195 786 3410 851 ἑαυτοὺς
3436 791 3695 868 διαλεγομέ.

2190 891 2326 928 νωνο
2354 876 2454 930 καὶ
2476 880 2556 940 είς
2584 877 2774 949 ἐτέρας
2806 878 3090 940 ὑποθέσεις
3130 879 3190 931 ἐν
3220 882 3481 945 παντοίοις
3508 888 3589 939 καὶ
3612 889 3696 943 δια-

2192 966 2379 1036 φόροις
2407 966 2661 1035 μέτροις,
2704 966 2860 1019 ἆτινα
2897 966 3215 1033 συνάγονται
3248 967 3326 1028 εἰς
3367 967 3502 1019 ἐπῶν
3545 977 3696 1042 μυριά.

2195 1056 2291 1119 δας
2317 1058 2484 1127 τρεῖς.
2519 1056 2624 1109 Τοῦ
2653 1056 2711 1109 δὲ
2737 1056 3036 1127 Γρηγορίου
3071 1056 3255 1110 τούτου
3273 1057 3364 1110 καὶ
3384 1060 3697 1141 Φιλοστὸργιος

2192 1148 2220 1199 ὀ
2261 1147 2539 1217 Ἀρειανὸς
2584 1150 2640 1200 ἐν
2674 1149 2739 1217 τῇ
2781 1148 2899 1200 κατ’
2947 1148 3111 1201 αὐτὸν
3155 1147 3361 1219 ἱστορία
3398 1154 3589 1221 μνήμην
3628 1173 3697 1207 πε.

2194 1234 2448 1304 ποίηται,
2482 1234 2575 1288 καί
2622 1251 2788 1306 φησι·
2836 1254 2853 1286 ι
2893 1236 3194 1307 Γρηγόριος
3225 1236 3332 1307 γὰρ
3375 1239 3571 1309 ἤκμαζε
3610 1249 3699 1297 κατ’

2191 1326 2430 1390 ἐκείνους
2473 1329 2599 1390 τοὺς
2632 1328 2855 1397 χρόνους
2887 1330 2943 1379 ὲν
2996 1332 3060 1399 τῇ
3099 1329 3385 1399 Ναζιανζῷ
3418 1333 3701 1401 (σταθμδςδι.

2190 1412 2344 1491 οὗτος
2389 1421 2417 1471 ὁ
2467 1418 2627 1482 τόπος
2688 1420 3165 1487 Καππαδοκίας),
3214 1420 3306 1474 καὶ
3370 1422 3617 1486 Βασίλειος
3661 1427 3702 1477 ἐν

2190 1507 2502 1579 Καισαρείᾳ
2544 1507 2643 1576 τῆς
2676 1508 3070 1571 Καππαδοκίας
3090 1550 3104 1570 ,
3137 1507 3233 1561 καὶ
3272 1507 3637 1579 Ἀπολλιναριος
3662 1513 3701 1562 ἐν

2188 1600 2256 1669 τῇ
2302 1597 2593 1668 Λαοδικείᾳ
2626 1598 2725 1667 τῆς
2770 1598 2985 1668 Συρίας.
3032 1600 3193 1669 Τρεῖς
3224 1598 3292 1669 δὴ
3326 1593 3466 1652 οὗτοι
3510 1600 3613 1652 τότε
3640 1603 3705 1654 ἂν·

2170 1690 2315 1767 ,δρες
2345 1689 2437 1742 τοῦ
2468 1690 2752 1760 ὁμοουσίου
2775 1690 3126 1761 προύμάχουν
3148 1690 3288 1743 κατὰ
3310 1688 3401 1742 τοῦ
3428 1690 3701 1761 ἐτερουσίου,

2192 1782 2389 1852 μακρῷ
2444 1781 2653 1844 πάντας
2706 1782 3134 1852 παρενεγκόντες
3184 1782 3312 1844 τοὺς
3351 1780 3599 1852 πρότερον
3639 1785 3711 1836 καὶ

512 1894 674 1938 sectae
716 1884 1073 1954 patrocinium
1116 1892 1475 1951 susceperunt
1507 1898 1523 1937 :
1552 1882 1687 1937 adeo
1717 1891 1775 1935 ut
1821 1896 1930 1950 przr.
1960 1881 2089 1950 ipsis

2192 1851 2418 1943 ὕστερον
2452 1873 2610 1947 ἄχρις
2657 1851 2796 1945 ἐμοῦ
2826 1873 2926 1942 τῆς
2963 1873 3135 1943 αὐτῆς
3175 1851 3435 1945 αἱρέσεώς
3478 1873 3708 1943 προστάν-

510 1977 843 2031 Athanasius
878 1991 1010 2045 puer
1032 1985 1363 2029 censeretur.
1387 1973 1631 2043 Namque
1658 1985 1712 2028 et
1734 1974 1785 2027 in
1822 1990 2085 2027 summam

514 2067 588 2121 illi
622 2078 861 2123 externae
898 2066 1156 2123 doctrina:
1206 2066 1631 2137 magnitudinem
1686 2076 1993 2128 evaserant,
2034 2074 2087 2120 et

511 2161 562 2213 in
616 2159 788 2214 sacris
822 2159 1139 2228 Scripturis,
1174 2170 1437 2229 quantum
1479 2160 1543 2211 ad
1583 2160 1866 2213 lectionem
1893 2168 1948 2213 et
1992 2173 2086 2213 ex-

508 2253 743 2339 p‘litam
788 2252 1102 2307 memoriam
1136 2251 1497 2314 conducebat,
1545 2268 1650 2306 non
1684 2252 1955 2321 vulgarem
1992 2267 2085 2305 ex-

509 2345 823 2412 perientiam
884 2344 1190 2411 habebant,
1240 2361 1305 2399 ac
1367 2345 1708 2411 potissimum
1768 2343 2080 2413 Gregorius.

504 2435 622 2490 Jam
652 2452 781 2491 vero
813 2437 865 2491 in
916 2452 1014 2491 suo
1047 2438 1277 2506 quisque
1309 2436 1577 2490 scribendi
1614 2452 1812 2507 genere
1849 2437 2082 2491 maxima

508 2525 764 2579 facultate
792 2527 1046 2595 praeditus
1074 2536 1213 2581 erat.
1247 2525 1614 2595 Apollinarius
1640 2526 1834 2596 quippe
1853 2526 1907 2580 in
1934 2542 2081 2581 com-

508 2617 773 2671 menlario
824 2616 1035 2671 dicendi
1081 2632 1277 2687 genere
1314 2617 1672 2687 praecellebat.
1725 2618 1955 2672 Basilius
1991 2633 2082 2671 au-

503 2715 612 2761 tem
639 2709 692 2762 in
731 2710 1061 2779 panegyrico
1082 2710 1364 2775 insigniter
1384 2712 1757 2767 eminebat.At
1788 2727 1916 2766 vero
1948 2710 2080 2765 Gre-

503 2798 657 2868 gorio
694 2799 745 2852 in
782 2810 1011 2868 utroque
1064 2798 1188 2854 licet
1258 2802 1578 2866 exercitato,
1616 2804 1682 2855 ad
1736 2800 2080 2870 conscriptio-

500 2907 628 2947 πω
655 2901 833 2947 tamen
858 2893 1028 2960 magis
1068 2891 1316 2945 tendebat
1356 2893 1750 2962 oratio.Atque
1788 2900 1845 2945 ut
1878 2892 2079 2961 Apolli-

503 2986 660 3039 nario
701 2984 753 3037 in
806 2985 1044 3039 dicendo
1076 2986 1331 3051 grandior
1376 3002 1439 3038 ac
1478 2986 1717 3053 plenior,
1765 2985 1835 3038 ita
1893 2997 2076 3038 rursus

501 3074 708 3129 Basilio
751 3075 957 3130 ﬁrmior
1007 3088 1143 3130 erat.
1200 3076 1443 3146 Cumque
1489 3084 1633 3129 tanta
1689 3090 1871 3131 eorum
1931 3083 2075 3129 esset

2187 1982 2286 2029 τας
2306 1982 2319 1995 ο
2354 1965 2429 2026 ὼς
2461 1965 2626 2019 παῖδα
2655 1967 2785 2037 παρ’
2809 1967 2992 2030 αὐτοῖς
3021 1966 3273 2038 κριθῆναι
3296 1964 3389 2017 τὸν
3428 1963 3707 2021 Ἀθανάσιον⁹

2188 2058 2299 2127 Τῆς
2348 2072 2407 2110 τε
2460 2058 2567 2127 γὰρ
2616 2057 2817 2122 ἔξωθεν
2869 2058 3208 2129 καλουμένης
3262 2055 3582 2121 παιδεύσεως

2188 2148 2438 2201 πλεῖστον
2474 2142 2621 2201 οὗτοι
2655 2148 3131 2220 προεληλύθεισαν,
3163 2148 3257 2200 καὶ
3292 2146 3401 2199 τῶν
3430 2146 3577 2217 ἱερῶν
3600 2148 3711 2217 Γρι-

2188 2238 2324 2307 ιρῶν,
2374 2239 2548 2291 ὁπόσα
2580 2240 2661 2301 εἰς
2694 2240 2997 2305 ἀνάγνωσιν
3034 2239 3129 2292 καὶ
3170 2237 3265 2306 τὴν
3306 2236 3582 2308 πρόχειρον
3612 2240 3711 2306 μνή-

2190 2347 2296 2400 μην
2323 2330 2513 2396 ἐτέλει,
2544 2329 2743 2400 πολλὴν
2778 2326 2921 2400 εἶχον
2947 2328 3042 2401 τὴν
3063 2328 3377 2399 ἐμπειρίαν,
3407 2328 3499 2380 καὶ
3528 2326 3714 2397 μάλιστά

2185 2440 2248 2491 γε
2298 2425 2481 2478 αὐτῶν
2537 2426 2564 2478 ὁ
2616 2425 2934 2496 Γρηγόριος.
2983 2424 3094 2477 Καὶ¹
3129 2424 3236 2494 μὴν
3285 2424 3378 2474 καὶ
3431 2422 3713 2491 συγγράφειν

2183 2516 2413 2581 ἕκαστος
2448 2517 2628 2570 αὐτῶν
2660 2520 2739 2580 είς
2768 2518 2856 2570 τὸν
2891 2516 3052 2571 αὑτοῦ
3082 2517 3280 2587 τρόπον
3309 2512 3376 2587 ἦν
3411 2511 3715 2574 ἱκανώτατος.

2184 2610 2275 2681 Τῷ
2328 2611 2427 2681 μέν
2476 2628 2539 2679 γε
2597 2610 2988 2683 ’Δπολλιναρίῳ
3036 2610 3099 2663 τὸ
3134 2607 3578 2679 ὑπομνηματικδν
3610 2601 3718 2680 εἶδος

2180 2702 2280 2771 τῆς
2318 2702 2516 2769 λέξεως
2556 2702 2751 2773 μακρῷ
2786 2702 2983 2774 ἄριστα
3020 2697 3169 2771 εἶχε·
3210 2700 3494 2762 Βασίλειος
3536 2698 3586 2750 δέ
3625 2714 3717 2749 πα-

2179 2795 2472 2865 νηγυρίσαι
2498 2795 2879 2866 λαμπρότατος
2908 2790 2975 2865 ἦν
2994 2810 3010 2825 σ
3038 2792 3117 2864 τῷ
3145 2794 3201 2847 δέ
3235 2810 3298 2861 γε
3330 2791 3621 2863 Γρηγορξῳ,
3647 2789 3717 2840 καὶ

2180 2887 2309 2958 παρ’
2340 2887 2671 2958 ἀμφοτέροις
2702 2886 3069 2956 ἐξεταζομένῳ
3090 2928 3104 2952 ,
3140 2886 3316 2957 μείζω
3345 2883 3498 2955 βάσιν
3526 2885 3597 2944 είς
3619 2896 3719 2947 συγ-

2178 2979 2396 3050 γραφὴν
2435 2976 2579 3050 εἶχεν
2609 2982 2636 3032 ὁ
2667 2979 2845 3048 λόγος.
2879 2977 2985 3031 Καὶ
3015 2974 3081 3048 ἦν
3117 2979 3305 3030 εἰπεῖν·
3348 2973 3718 3042 Ἀπολλιναρίον

2181 3072 2280 3141 μὲν
2308 3071 2617 3142 ἁδρότερος,
2664 3072 2944 3125 Βασιλείου
2994 3071 3049 3124 δὲ
3098 3068 3527 3141 σταθελρώτερος,
3554 3065 3720 3119 Τοσαὺο

504 3174 616 3219 tum
657 3164 711 3235 in
744 3165 972 3220 dicendo
1000 3176 1111 3221 tum
1143 3166 1196 3221 in
1227 3167 1519 3222 scribendo
1543 3166 1789 3234 facultas,
1816 3177 1923 3221 tum
1949 3180 2075 3219 vero

2180 3178 2275 3232 της
2318 3161 2370 3214 δὲ
2414 3163 2597 3226 αὐτοῖς
2630 3163 2686 3215 ἐν
2726 3161 2804 3235 τῷ
2847 3162 3025 3229 λέγειν
3069 3161 3163 3215 καὶ
3204 3160 3447 3231 γράφειν
3481 3159 3721 3227 δυνάμεως

498 3256 579 3311 ita
639 3256 879 3311 moribus
928 3258 1222 3325 comparati
1259 3268 1435 3323 erant,
1490 3269 1549 3311 ut
1579 3258 1663 3312 vel
1691 3258 1809 3312 solo
1856 3267 2074 3325 aspectu

499 3342 785 3413 plerosque
830 3343 896 3397 ad
932 3360 990 3399 se
1024 3345 1241 3402 allicere
1302 3346 1552 3401 facillime
1603 3356 1842 3416 possent.
1894 3347 2076 3416 itaque

502 3433 698 3501 partim
757 3434 874 3503 ipso
923 3434 1159 3499 intuitu,
1202 3436 1397 3505 partim
1456 3436 1837 3500 sermonibus,
1877 3436 2073 3503 partim

501 3523 664 3578 editis
685 3523 1148 3580 lucubrationibus
1172 3526 1237 3578 ad
1256 3540 1384 3580 suas
1410 3534 1595 3594 partes
1624 3524 2073 3580 familiaritatem-

500 3635 607 3691 que
636 3636 791 3676 suam
842 3636 935 3676 eos
982 3620 1389 3689 pertrahebaut,
1436 3620 1528 3690 qui
1555 3620 1734 3690 aliqua
1770 3622 1960 3675 harum
1999 3636 2077 3676 re-

502 3729 624 3768 rum
653 3711 869 3769 facilius
911 3715 1029 3784 capi
1065 3722 1334 3782 poterant.
1368 3711 1495 3767 Hec
1525 3714 1591 3767 de
1613 3714 1719 3767 illis
1744 3713 1919 3769 obiter
1944 3712 2073 3767 Phi-

502 3801 815 3874 'ostorgius,
850 3804 1007 3872 isque
1036 3802 1291 3866 Arianus,
1323 3804 1519 3857 litteris
1562 3805 1857 3859 mandavit.
1884 3805 2074 3859 Adhuc

498 3905 667 3961 porro
697 3900 975 3962 superstes
1004 3889 1318 3962 Gregorius,
1342 3891 1632 3962 subrogato
1665 3893 1771 3948 sibi.
1802 3895 1853 3947 in
1886 3893 2068 3947 Eccle-

498 3984 583 4040 sia
628 3982 972 4039 Nazianzena
1018 3984 1313 4055 episcopo,
1348 3986 1458 4038 ruri
1510 3986 1671 4039 vitam
1722 3987 2070 4041 monasticam

499 4076 632 4147 egit.
654 4077 830 4144 Atque
860 4074 926 4129 ad
976 4075 1265 4145 nonaginta
1301 4092 1473 4130 annos
1506 4087 1559 4131 et
1594 4077 1730 4131 ultra
1763 4087 1921 4132 atate
1944 4060 2071 4149 pro-

500 4176 726 4230 vectus,
762 4164 1087 4221 Theodosio.
1119 4165 1386 4220 decimum
1435 4166 1655 4220 tertium
1703 4166 1911 4236 imperii
1970 4182 2067 4221 an-

2175 3250 2362 3323 οῦσης,
2388 3254 2484 3306 καὶ
2514 3254 2574 3306 τὸ
2596 3249 2728 3325 ἦθος
2756 3253 2906 3306 οὐδὲν
2935 3247 3096 3323 ἧττον
3128 3254 3176 3306 οἱ
3212 3252 3412 3323 ἄνδρες
3439 3249 3722 3321 παρείχοντο

2176 3343 2311 3414 πρὸς
2364 3344 2459 3414 τὴν
2507 3344 2619 3398 τῶν
2662 3344 2869 3398 πολλῶν
2917 3345 3045 3399 θέαν
3099 3345 3543 3413 ἐπαγωγότατον.
3591 3342 3724 3393 ’Ὥστε

2175 3437 2268 3492 καὶ
2289 3434 2367 3499 οἷς
2389 3438 2661 3512 ἑωρῶντο.
2691 3439 2784 3490 καὶ
2806 3432 2887 3501 οἷς
2917 3437 3101 3505 ἔλεγον
3137 3439 3230 3489 καὶ
3259 3437 3435 3490 ὁπόσα
3460 3434 3724 3505 γράφοντες

2173 3528 2483 3593 διεδίδοσαν,
2519 3529 2608 3584 διὰ
2636 3530 2849 3583 πάντων
2878 3530 3043 3602 ᾕρουν
3073 3532 3153 3592 είς
3180 3530 3280 3601 τὴν
3318 3528 3531 3582 ἑαυτῶν
3567 3543 3727 3579 κοινω-

2173 3622 2299 3675 νίαν
2312 3622 2439 3685 τοὺς
2464 3621 2583 3677 καθ’
2604 3620 2781 3679 ὁτιοῦν
2802 3620 2977 3675 αὐτῶν
3003 3621 3419 3691 εὐμαρέστερον
3443 3615 3724 3672 ἁλίσκεσθαι

2172 3713 2521 3783 δυναμένους.
2550 3712 2798 3766 Τοσαῦτα
2834 3714 2961 3786 περὶ
2993 3713 3173 3766 αὐτῶν
3208 3712 3285 3776 ὡς
3327 3714 3389 3764 ἐν
3432 3708 3725 3780 παραδρομῇ

2172 3805 2585 3876 Φιλοστόργιος,
2632 3807 2726 3859 καὶ
2780 3805 2953 3858 ταῦτα
3010 3805 3287 3877 Ἀρειανὸς
3341 3805 3456 3865 ὢν,
3502 3799 3727 3871 ἔγραψεν-

2176 3895 2299 3948 Ἐτι
2333 3894 2463 3961 γοῦν
2491 3896 2704 3966 περιὼν⁵
2722 3896 2800 3959 εἰς
2828 3896 2918 3947 τὸν
2947 3897 3142 3948 οἰκεῖον
3180 3895 3355 3948 τόπον
3380 3896 3409 3947 ὁ
3441 3890 3729 3963 Γρηγόριος,

2173 3986 2467 4041 ἐπίσκοπον
2509 3987 2857 4055 καταστήσας
2888 3988 2947 4039 ἐν
2981 3990 3047 4057 τῇ
3075 3985 3319 4058 λαχούσῃ
3344 3984 3510 4037 αὐτὸν
3533 3979 3728 4047 Ἐκκλη-

2172 4079 2284 4150 σία,
2314 4079 2475 4142 αὐτὸς
2512 4079 2577 4131 ἐν.
2601 4077 2757 4149 ἀγρῷ
2780 4096 2885 4131 τινι
2915 4078 3034 4147 βίον.
3061 4077 3356 4148 μοναδικὸν
3385 4074 3735 4145 ἀπηνέγκατο.

2183 4169 2409 4232 Ἐλάσας
2435 4169 2489 4222 δὲ
2531 4171 2660 4240 περὶ
2698 4168 2767 4221 τὰ
2794 4169 3147 4239 ἐννενήκοντα
3191 4168 3289 4238 ἐτη
3328 4168 3430 4220 καὶ
3484 4164 3732 4219 ἐπέκεινα.

498 4271 630 4311 num
684 4255 1097 4334 agente,vitam
1150 4270 1272 4326 eum
1328 4268 1505 4311 morte
1549 4256 1923 4322 commutavit,
1968 4257 2070 4313 hoc

2180 4261 2444 4314 Θεοδοσίου
2480 4262 2661 4332 τρίτον
2686 4261 2779 4314 καὶ
2803 4260 3026 4315 δέκατον
3047 4258 3164 4324 ἔτος
3200 4260 3439 4327 ἄγοντος
3462 4300 3478 4322 ,
3502 4252 3732 4312 καταλύει

501 4362 667 4402 unum
704 4346 979 4413 indignum
1015 4346 1212 4401 virtute
1256 4360 1351 4399 sua
1398 4361 1610 4415 passus,
1641 4347 1781 4418 quod
1814 4346 2070 4417 principis

2180 4353 2258 4405 τὸν
2293 4353 2425 4423 βίον,
2453 4354 2668 4418 ἀνάξιον
2701 4353 2857 4406 τοῦτο
2877 4355 2975 4423 τῆς
2999 4351 3162 4405 αὑτοῦ
3193 4350 3393 4405 παθὼν
3422 4350 3639 4422 ἀρετῆς,
3657 4344 3733 4397 καί

498 4439 653 4494 urbis
711 4439 968 4493 cathedra
1032 4436 1288 4505 expulsus
1344 4448 1457 4503 est,
1498 4438 1838 4509 improbique
1893 4438 2069 4507 potius

2180 4444 2268 4514 τῆς
2297 4444 2565 4516 καθέδρας
2610 4443 3049 4517 ἀποκρουσθῖψαι
3087 4444 3185 4513 τῆς
3210 4441 3615 4513 βασιλευούσης
3645 4434 3741 4487 τῶν

493 4528 655 4585 electi
694 4538 849 4594 sunt,
904 4544 1066 4599 quam
1109 4529 1198 4600 qui
1247 4529 1450 4586 virtute
1506 4545 1569 4587 ac
1617 4530 1741 4586 vita:
1783 4530 2068 4601 splendore

2180 4536 2377 4589 πόλεων
2398 4578 2413 4601 ,
2446 4537 2542 4589 καὶ
2587 4536 2949 4607 προκριθῆναι
2980 4534 3177 4605 μᾶλλον
3206 4536 3340 4598 τοὺς
3369 4531 3734 4604 φαυλοτέρους.

493 4640 690 4679 omnes
709 4624 975 4679 anteibat.

2172 4626 2205 4695 ἦ
2232 4626 2324 4680 τὸν
2365 4628 2452 4679 ἐπ’
2481 4628 2648 4698 ἀρετῇ
2684 4627 2778 4682 καὶ
2816 4626 3158 4699 λαμπρότητι
3202 4626 3336 4696 βίου.
3363 4627 3589 4680 πάντων
3622 4618 3738 4691 μᾶλ-

2170 4715 2260 4771 λον
2288 4718 2649 4789 ὑπερέχονται

1672 4888 1784 4949 Ex
1799 4887 2083 4949 Simeone
2111 4885 2569 4965 Metaphraste.

561 5010 791 5082 llaguus
851 5007 941 5066 hic
991 5010 1284 5081 Gregorius
1361 5011 1669 5084 Theologus
1736 5014 1900 5068 vitam
1949 5012 2072 5084 ipse

485 5119 641 5158 suam
673 5105 925 5175 exposuit
949 5102 1002 5158 in
1032 5102 1100 5158 iis
1133 5101 1451 5160 funebribus
1482 5106 1842 5169 orationibus,
1867 5105 2071 5174 quibus

486 5193 747 5247 Basiliam
788 5191 1064 5263 Magnum,
1120 5189 1443 5260 Gregorium
1478 5202 1712 5262 patrem,
1762 5190 2057 5247 Caesarium

487 5286 736 5348 fratrem,
781 5293 837 5339 et
875 5283 1199 5353 Gorgoniam
1235 5296 1478 5337 sororem
1521 5292 1701 5339 ornat.
1726 5284 1803 5337 Ac
1837 5284 2060 5354 proinde

485 5378 577 5443 qui
608 5375 771 5428 vitam
789 5374 935 5428 illius
951 5375 1412 5443 conscripserunt,
1440 5387 1546 5426 non
1573 5373 1786 5430 aliunde
1812 5390 1971 5444 quam
1993 5390 2063 5430 ex

485 5467 661 5533 ipsius
702 5466 959 5535 operibus
1020 5466 1232 5520 dicendi
1286 5475 1667 5534 argumentum
1717 5478 2069 5536 acceperunt.

485 5554 603 5611 Hoc
654 5570 821 5609 unum
873 5556 1184 5611 necessario
1253 5555 1562 5620 dicendum,
1612 5557 1757 5623 quod
1794 5558 2060 5625 siquidem

485 5646 629 5714 apud
656 5645 907 5701 homines
931 5645 1198 5703 exsistere
1218 5643 1455 5701 necesse
1478 5658 1591 5700 erat
1633 5647 1862 5719 eiiigietu
1891 5666 2071 5720 quann

492 5738 619 5793 dam
650 5737 1037 5794 «columnam
1080 5755 1148 5792 ex
1182 5737 1433 5793 omnibus
1473 5737 1765 5797 virtutibus
1808 5750 2062 5798 constan-

489 5840 627 5902 tem.
660 5835 769 5889 hoc
803 5841 924 5889 erat
950 5834 1263 5905 Gregorius.
1309 5832 1446 5891 Nam
1480 5847 1599 5889 cum
1627 5832 1750 5891 vitae
1780 5834 2071 5907 splendore-

2169 5028 2266 5069 eos
2298 5013 2389 5085 qui
2416 5012 2649 5069 actionis
2678 5011 2834 5070 laude
2856 5012 3138 5078 ﬂorebant,
3170 5017 3525 5081 superasset,
3551 5023 3614 5066 eo
3635 5019 3741 5061 rur-

2168 5121 2261 5160 sus
2309 5102 2784 5174 contemplationis
2836 5116 3154 5175 progressus
3195 5111 3306 5169 est,
3375 5113 3442 5157 ut
3466 5112 3653 5158 omnes
3678 5094 3741 5147 illi

2166 5196 2444 5266 sapientia:
2502 5196 2868 5263 doctrinaeque
2930 5192 3088 5250 laude
3134 5193 3427 5258 cederent,
3487 5202 3599 5249 tam
3645 5187 3745 5254 eius

2166 5305 2284 5359 qua:
2316 5289 2368 5342 iu
2413 5289 2593 5344 verbis
2641 5304 2803 5359 quam
2833 5302 2951 5358 quae
3000 5287 3053 5343 in
3081 5285 3204 5341 ﬁdei
3232 5286 3599 5354 dogmatibus
3638 5297 3743 5333 ver-

2168 5390 2345 5436 satur.
2377 5378 2530 5435 Uude
2569 5381 2730 5434 etiam
2766 5379 3021 5449 Theologi
3064 5389 3503 5446 cognomentum
3538 5375 3747 5445 adeptus

2165 5481 2271 5525 cst.
2302 5471 2572 5536 Quantum
2628 5481 2808 5526 autem
2857 5470 2923 5523 ad
2972 5468 3219 5534 corporis
3259 5466 3513 5522 formam
3549 5467 3745 5523 attinet,

2166 5572 2372 5618 statura
2408 5564 2663 5619 mediocri
2693 5574 2833 5628 erat,
2884 5563 3121 5633 pallidus
3174 5562 3616 5633 aliquantulum,
3650 5567 3746 5608 non

2165 5664 2343 5709 tamen
2378 5658 2514 5711 citra
2547 5664 2906 5721 venustatem,
2956 5657 3215 5726 depresso
3249 5669 3422 5721 nam,
3459 5645 3757 5721 superciliis

2166 5747 2221 5801 in
2249 5759 2454 5803 rectum
2489 5750 2778 5819 protensis,
2810 5762 3029 5821 aspectu
3056 5747 3253 5801 blando
3276 5756 3339 5802 et
3376 5745 3569 5809 suavi,
3595 5741 3757 5797 altero

2165 5838 2349 5908 oculo,
2371 5855 2565 5912 nempe
2598 5841 2817 5910 dextro,
2850 5840 3146 5905 subtristis,
3192 5855 3364 5911 quem
3414 5840 3593 5897 etiam
3624 5836 3757 5891 cice'
