3824 6394
513 510 636 570 ,351

1443 511 1782 568 VFTERUM
1815 512 1903 566 ET
1943 508 2442 566 RECENTIORUM
2487 505 2924 563 TESTIMONIA.

3639 515 3714 576 Eli

519 625 698 694 bendi
733 637 934 700 posset.
965 626 1102 696 Quid
1125 627 1196 684 de
1218 627 1558 685 Theodoreto
1582 614 1783 696 dicam,
1821 629 1914 699 qui
1956 628 2126 697 ipsam
2154 633 2201 689 Δ
2229 628 2446 684 Christo
2479 628 2627 692 illud,
2659 633 2714 681 et
2740 625 2792 680 in
2818 619 3056 680 Ecclesia
3086 623 3460 692 interpretans,
3477 639 3569 682 non
3593 640 3641 685 se
3665 636 3716 693 ita

508 713 510 716 ’
535 733 750 789 quoque
789 718 1022 790 theologi
1055 719 1294 788 phrasim
1318 718 1631 776 affectavit?
1659 719 2115 788 Quemadmodum

533 827 600 864 ex
642 791 800 865 unico
838 811 1014 880 capite
1043 811 1165 866 libri
1197 813 1372 881 quarti
1403 812 1606 868 Haeret.
1634 812 1933 880 fabularum
1971 826 2120 878 aper

533 899 745 953 tissime
780 899 965 966 liquet.
996 900 1085 954 ubi
1117 914 1182 954 ex
1208 903 1370 955 variis
1403 901 1649 969 Gregorii
1686 902 1900 970 scriptis
1927 903 2120 954 oratio-

486 1037 497 1063 ἓ
536 1006 658 1044 nem
675 978 826 1044 suam
845 993 1212 1046 concinnavit.
1229 995 1302 1046 De
1314 993 1564 1046 Nestorio
1578 994 1719 1046 enim
1741 992 1964 1063 loquens
1977 992 2113 1062 (45),

539 1081 740 1152 ’Δλλην
763 1083 822 1148 ἐξ
843 1083 1006 1154 ἄλλης
1039 1084 1278 1154 ἀμείϐων
1315 1084 1519 1156 χώραν.
1549 1084 1798 1156 καθάπερ
1823 1086 2122 1152 Αἰγυπτια-

536 1174 608 1243 xi]
650 1192 732 1238 τις
766 1173 982 1245 μάστιξ,
1011 1181 1078 1246 τῇ
1114 1177 1322 1248 μεγάλῃ
1352 1177 1458 1230 τῶν
1494 1175 1806 1246 Ἀντιοχέων
1850 1177 2114 1249 ἐνέσκηψε

539 1265 726 1320 πόλει⁸
755 1269 812 1320 ἐν
842 1267 1009 1338 ταύτῃ
1034 1267 1205 1337 λόγων
1239 1269 1559 1340 ἐλευθερίων
1591 1269 1824 1340 μετρίως
1848 1287 2112 1340 μετεσχη-

539 1355 771 1421 κὼς....,
817 1361 882 1429 τῇ
950 1359 1244 1430 Ἐκκλησίᾳ
1300 1360 1391 1412 τοῦ
1436 1360 1569 1414 Θεοῦ
1625 1360 1828 1432 προῖὼν
1869 1361 2118 1429 εἰσεφϐἀ-

545 1467 640 1520 ρη.
684 1449 742 1502 Et
782 1451 940 1520 paulo
982 1451 1206 1505 inferius
1249 1467 1264 1504 :
1307 1452 1569 1506 Ἐνταῦθά
1595 1470 1684 1523 μοι
1717 1451 1898 1506 λοιπὸν
1931 1453 2117 1506 καὶτὰ

541 1538 817 1610 δράματα,
867 1533 942 1594 ὧν
998 1541 1192 1612 μικροῦ
1233 1542 1444 1613 πλήρης
1476 1537 1624 1596 πᾶσα
1671 1544 1740 1613 γῆ
1792 1559 1850 1596 τε
1895 1545 1986 1596 καὶ
2023 1542 2116 1596 θά-

544 1629 734 1684 ὶαττα.
781 1633 972 1687 Annon
1003 1633 1115 1686 haec
1147 1633 1249 1685 duo
1289 1632 1403 1687 loca
1437 1637 1503 1688 ad
1539 1636 1756 1687 verbum
1798 1634 2115 1702 transcripta

546 1728 680 1774 sunt
736 1736 801 1774 ex
864 1721 1229 1777 Athanasiaua
1287 1720 1533 1790 Gregorii
1586 1723 1870 1777 oratione?
1920 1723 2124 1778 Rursus

548 1812 664 1868 haec
698 1814 882 1877 verba,
922 1813 1036 1884 Τῆς
1059 1812 1202 1870 κατὰ
1230 1813 1798 1868 Κωνσταντινούπολιν
1826 1814 1935 1866 τῶν
1967 1812 2123 1886 ὀρθο-

546 1904 717 1969 ιόξων
777 1904 1068 1976 καθολικῆς
1143 1905 1468 1974 Ἕκκλησίας
1531 1903 1630 1977 τὴν
1689 1905 1977 1978 προεδρίαν
2032 1905 2125 1958 πί-

2223 731 2448 790 asserat,
2482 729 2540 774 ut
2571 718 2862 774 testimonii
2895 715 3190 787 postulabat
3217 714 3463 784 dignitas,
3483 724 3718 788 expressis.

2233 831 2292 871 se
2320 856 2336 881 ,
2368 814 2462 870 sed
2492 813 2887 884 quodammodo
2915 810 3110 864 dixerit
3141 825 3156 862 :
3191 807 3314 862 Scio
3345 809 3459 876 quia
3490 808 3616 866 locus
3647 816 3720 872 iste

2231 906 2590 964 ineﬂ‘abilibus
2619 905 2808 974 plenus
2833 903 2901 956 sit
2930 899 3304 962 sacramentis,
3335 907 3387 954 et
3413 898 3624 958 divinum
3652 921 3720 961 cor

2227 1007 2432 1068 quaarat
2460 994 2784 1064 interpretis.
2821 1012 2840 1044 ι

2295 1087 2622 1158 Augustinus
2641 1083 2753 1151 (48)
2771 1081 2997 1154 epistola
3018 1096 3221 1136 CXLVIII
3247 1079 3312 1133 ad
3331 1079 3722 1151 Fortunatianum,

2229 1181 2406 1237 citatis
2450 1178 2765 1250 quibusdam
2791 1193 2852 1230 ex
2897 1175 3210 1238 Athanasio,
3241 1191 3261 1225 ε
3285 1171 3558 1241 Gregorius
3588 1177 3725 1242 etiam,

2232 1273 2443 1342 inquit,
2495 1278 2716 1324 sanctus
2768 1267 3051 1337 episcopus
3117 1264 3404 1319 Orientalis
3455 1267 3728 1332 apertissime

2227 1366 2379 1428 dicit,
2414 1363 2577 1416 Deum
2611 1370 2802 1413 natura
2835 1355 3179 1418 invisibiletn,
3209 1355 3421 1421 quando
3447 1356 3654 1423 patribus
3675 1360 3729 1410 vi-

2227 1471 2319 1510 sus
2346 1464 2447 1518 est,
2474 1453 2612 1506 sicut
2636 1449 2831 1519 Moysi,
2869 1461 2986 1502 cum
3016 1462 3120 1515 quo
3144 1444 3280 1498 facie
3303 1444 3369 1497 ad
3395 1444 3569 1498 faciem
3596 1445 3730 1515 ioque

2229 1546 2406 1607 batur,
2451 1542 2674 1610 alicujus
2724 1538 3099 1609 conspicabilis
3149 1537 3389 1592 materia:
3444 1536 3731 1606 dispositione

2229 1645 2528 1705 assumpta,
2556 1635 2700 1689 salva
2750 1648 2846 1686 sua
2880 1630 3247 1685 invisibilitate
3277 1626 3444 1682 videri
3479 1628 3730 1698 potuisse.)

2229 1733 2371 1788 Citat
2402 1742 2586 1800 postea
2614 1726 2980 1782 Ambrosium.

2301 1823 2444 1880 Idem
2475 1820 2588 1892 (49)
2616 1819 2707 1875 lib.
2739 1835 2756 1874 ι
2783 1817 2983 1874 Contra
3009 1813 3283 1872 Iulianum
3323 1809 3656 1882 Pelagianam,
3691 1815 3740 1871 de

2230 1925 2451 1988 peccato
2481 1911 2749 1982 originali,
2777 1919 2898 1979 post
2936 1909 3129 1965 citatos
3167 1906 3477 1963 Occidentis
3497 1905 3741 1975 episcopos,

551 1995 825 2060 στεύεται,
861 1997 1010 2050 οὐδὲν
1033 1997 1089 2051 δὲ
1121 1992 1281 2068 ἧττον
1304 1999 1516 2069 καὶτῆς
1543 1997 1869 2069 οἰκουμένης
1893 1997 2127 2070 ἁπάσης.

2248 2009 2311 2062 sic
2357 2005 2423 2061 de
2473 2003 2732 2074 Gregorio
2780 2001 3146 2065 Nazianaeno,
3203 2010 3367 2067 quem
3409 1995 3617 2065 primum
3641 1997 3740 2051 inter

551 2085 828 2158 Ipsissima
847 2098 972 2143 sunt
1003 2089 1164 2144 verba
1209 2088 1476 2160 Gregorii,
1508 2093 1607 2146 etsi
1643 2092 1817 2146 locum
1853 2106 1995 2145 nunc
2022 2107 2126 2145 non
2154 2127 2158 2131 -

550 2177 685 2234 satis
714 2178 954 2234 memini.
981 2179 1135 2248 Quod
1175 2191 1230 2236 et
1261 2181 1588 2237 aliisaerbis
1617 2182 1690 2235 ita
1717 2181 1873 2237 eli‘ert
1898 2182 1948 2236 iu
1982 2182 2130 2235 Basi-

551 2268 718 2335 liana,
757 2269 857 2324 Διὰ
883 2272 1011 2342 μιᾶς
1038 2271 1139 2342 τῆς
1167 2271 1486 2341 Καισαρέως
1514 2273 1719 2336 πόλεως
1744 2275 1809 2345 τῇ
1839 2270 2130 2345 οἰκουμένῃ

553 2361 704 2433 πάσῃ
734 2361 1048 2434 πυρσεύειν.
1071 2363 1188 2418 Jam
1233 2380 1354 2418 cum
1391 2364 1527 2418 idem
1560 2365 1765 2419 Theod.
1797 2366 1981 2419 eodem
2009 2365 2129 2419 loco

554 2454 652 2516 ait,
695 2453 784 2518 Ὡς
814 2454 923 2525 γὰρ
950 2454 1040 2507 τὸν
1079 2454 1331 2526 μέγιστον
1378 2456 1586 2510 ἐκεῖνον
1623 2455 1887 2510 κατέλαϐε
1922 2456 2127 2528 Θρόνιον,

555 2545 807 2619 καθᾶπρ
829 2547 951 2602 τινὰ
973 2548 1260 2619 τυραννίδα
1286 2548 1384 2617 τῆς
1418 2548 1827 2620 ἀρχιερωσύνης
1859 2547 1958 2620 τὴν
1997 2565 2131 2620 προ-

557 2639 784 2695 στασίαν
804 2640 1086 2711 ἀρπάσας·
1121 2641 1471 2711 proculdubio
1495 2643 1607 2698 Itzrc
1635 2657 1662 2695 a
1686 2641 1946 2714 Gregorio
1985 2650 2134 2698 acce-

556 2731 655 2801 pit.
697 2732 850 2802 cujus
893 2734 942 2786 in
989 2733 1356 2788 Atltanasiaua
1401 2733 1514 2788 haec
1553 2734 1713 2788 verba
1743 2745 1888 2798 sunt,
1923 2735 1995 2787 Οὐ
2023 2732 2132 2805 γὰρ

557 2822 693 2892 ὁμοῦ
722 2839 780 2874 τε
804 2821 1211 2894 καταλαμϐάνει
1241 2823 1331 2877 τὸν
1359 2823 1568 2895 Θρόνον,
1596 2823 1784 2896 ὥσπερ
1812 2825 1860 2877 οἱ
1888 2825 2135 2896 τυραννί-

557 2915 624 2970 δα
653 2916 827 2987 τινὰῆ
857 2914 1224 2987 κληρονομίαν
1259 2917 1560 2989 παράδοξον
1596 2917 1960 2989 ἁρπάσαντες.
1992 2917 2134 2972 Rur-

558 3022 651 3059 sus
674 3007 781 3072 illa,
814 3006 952 3060 οἴκοι
979 3006 1047 3060 τὰ
1079 3007 1246 3062 πολλὰ
1268 3007 1489 3078 βιϐλίοις
1509 3008 1876 3081 προσανέχων,
1906 3009 2000 3063 καὶ
2013 3007 2135 3064 καθ’

561 3098 792 3166 ἡσυχίαν
831 3097 1007 3168 ἑαυτῷ
1043 3099 1449 3170 συγγινόμενος,
1490 3115 1555 3154 cx
1601 3103 1842 3156 oratione
1879 3103 1944 3156 ad
1974 3101 2134 3156 Aria-

559 3204 663 3242 Mos
700 3199 906 3258 sumpta
938 3198 1080 3246 sunt.
1117 3191 1226 3245 Sed
1259 3191 1326 3246 de
1366 3191 1468 3247 hoc
1503 3193 1654 3248 satis.
1695 3192 1918 3259 Quantae
1955 3202 2134 3248 autem

564 3279 722 3334 fama:
757 3294 920 3348 atque
951 3283 1286 3337 auctoritatis
1317 3283 1369 3337 in
1399 3283 1648 3338 universa
1697 3284 1935 3340 Ecclesia
1968 3285 2138 3354 ipsius

565 3365 910 3425 montmicnta
948 3373 1168 3437 fuerint,
1214 3373 1363 3427 nullo
1399 3383 1714 3444 argumento
1765 3375 2005 3445 apertius
2045 3375 2141 3431 de-

567 3465 850 3516 monstrari
894 3475 1085 3535 poteSI,
1118 3479 1277 3533 quam
1322 3468 1464 3536 quod
1511 3465 1686 3520 Latini
1742 3482 1811 3521 ne
1871 3478 2128 3536 punctum

566 3557 781 3623 quidem
826 3558 1081 3626 temporis
1124 3559 1189 3612 iis
1209 3573 1394 3612 carere
1423 3558 1801 3619 sustinuerint,
1836 3563 1929 3614 sed
1960 3559 2142 3616 statim

569 3651 623 3703 in
652 3649 861 3702 Latium
889 3649 1258 3704 transferenda
1284 3651 1546 3716 curarint,
1578 3665 1873 3720 eorumque
1903 3650 2144 3705 testimo-

571 3741 677 3794 niis
705 3743 869 3795 Iibros
896 3757 1022 3795 suos
1052 3741 1389 3795 illustrarint.
1417 3741 1526 3796 Nos
1550 3742 1759 3797 caeteris
1779 3741 1998 3796 omissis
2029 3741 2145 3811 ipsa

571 3841 778 3883 tantum
816 3832 1012 3884 Iuntina
1040 3832 1400 3899 proferemus.

645 3919 1000 3992 Hieronymus
1037 3923 1150 3989 (46)
1195 3938 1316 3978 eum
1339 3935 1719 3995 praceptorem
1751 3941 1905 3982 suum
1939 3926 2066 3982 facit
2092 3927 2147 3983 in

574 4012 829 4083 Cataloga
851 4017 1163 4084 scriptorum
1195 4016 1485 4072 ccclesiast.
1513 4027 1567 4071 et
1596 4019 1648 4071 in
1681 4016 1935 4090 Apologia
1972 4020 2150 4088 priore

575 4102 824 4158 adversus
858 4103 1107 4173 Ruﬁnum
1142 4121 1161 4160 :
1201 4123 1222 4156 ι
1258 4105 1339 4160 An
1386 4105 1602 4174 injuria,
1637 4105 1849 4172 inquit,
1885 4107 1973 4162 tibi
2009 4107 2146 4162 facta

575 4203 679 4258 est,
702 4196 842 4262 quod
873 4212 970 4265 pro
995 4205 1045 4250 te
1067 4196 1476 4264 Apollinarium,
1505 4194 1896 4265 Didymumque
1913 4205 2149 4252 sectatus

575 4283 737 4336 sum?-
799 4281 1048 4352 Nunquid
1094 4285 1148 4339 in
1201 4285 1287 4339 illa
1329 4284 1554 4354 epistola
1607 4285 1925 4354 Gregorium
1975 4286 2148 4341 virum

575 4376 1073 4446 ekiquentissimum
1128 4393 1231 4432 non
1284 4377 1428 4446 potui
1473 4375 1792 4430 nominare?
1834 4375 1967 4442 Quis
2013 4379 2150 4448 apud

577 4466 800 4525 Latinos
850 4485 946 4539 par
973 4471 1055 4523 sui
1097 4470 1222 4525 est?
1253 4471 1370 4538 Quo
1415 4485 1513 4541 ego
1560 4469 1818 4540 magistro
1854 4469 2056 4539 glorior
2100 4479 2156 4525 et

574 4562 813 4617 cxsulto.
855 4583 874 4611 ι
909 4565 1002 4617 Sui
1037 4574 1216 4617 autem
1246 4565 1505 4634 imparem
1533 4563 1667 4631 apud
1697 4561 1919 4616 Latinos
1949 4560 2154 4632 Grego-

2231 2095 2465 2154 Orieutis
2497 2093 2778 2162 episcopos
2823 2090 3064 2147 nominat
3095 2110 3109 2144 :
3155 2105 3174 2141 ι
3216 2087 3325 2142 Sed
3367 2101 3470 2141 non
3505 2087 3587 2142 tibi
3616 2086 3740 2141 deerit

2230 2188 2412 2259 magni
2449 2185 2678 2242 nominis
2707 2195 2759 2238 et
2787 2182 2925 2238 fama
2953 2179 3303 2236 celeberrima
3340 2177 3557 2233 illustris
3577 2180 3738 2247 ePISt'o'

2231 2295 2332 2350 pus
2359 2279 2522 2336 etiam
2553 2279 2617 2332 de
2651 2275 2894 2346 partibus
2923 2263 3180 2334 Orientis.
3206 2271 3364 2340 cujus
3385 2271 3582 2338 eloquia
3603 2270 3742 2338 ingen-

2233 2373 2302 2426 tis
2331 2370 2523 2425 nierito
2553 2368 2761 2439 gratiae,
2791 2366 2954 2422 etiam
3003 2364 3055 2416 in
3085 2362 3318 2432 linguam
3357 2358 3590 2415 Latinam
3618 2369 3748 2413 trans-

2231 2461 2338 2515 lata
2375 2472 2755 2528 usquequaque
2783 2457 3120 2512 claruerunt.
3142 2453 3345 2507 Sedeat
3375 2466 3502 2521 ergo
3532 2466 3635 2505 cum
3660 2451 3744 2504 istis

2230 2549 2482 2606 Patribus
2529 2547 2762 2621 (Latinis
2790 2544 3016 2613 scilicet)
3049 2545 3209 2600 etiam
3249 2554 3475 2598 sanctus
3496 2541 3750 2611 Gregorius,

2234 2650 2288 2695 et
2328 2654 2447 2695 cum
2479 2641 2560 2692 eis
2599 2632 3120 2691 tute'critninatiouis
3157 2630 3377 2684 inanem
3417 2629 3630 2697 patiatur
3653 2625 3750 2678 iuri-

2233 2733 2376 2786 diam
2407 2744 2424 2784 :
2452 2731 2576 2785 dum
2614 2737 2792 2783 tamen
2831 2741 2953 2782 cum
2984 2726 3064 2780 eis
3091 2735 3280 2781 contra
3323 2722 3575 2777 novitiam
3599 2728 3750 2788 pestem

2233 2834 2493 2888 vestram,
2529 2819 2902 2876 medicinalem
2942 2829 2998 2874 et
3037 2818 3152 2888 ipse
3189 2817 3434 2886 proferat
3472 2811 3750 2869 sententiam.

2232 2917 2370 2973 Audi
2419 2928 2547 2981 ergo
2593 2913 2718 2982 quid
2755 2911 2899 2966 dicat
2943 2928 2957 2964 :
3003 2909 3205 2980 Imago,
3256 2908 3458 2976 inquit,
3501 2904 3583 2959 Dei
3626 2901 3757 2958 labem

2235 3021 2511 3077 corporea:
2543 3003 2915 3060 inundationis
2939 3010 3219 3072 expurget,
3249 3008 3306 3054 ct
3343 2998 3662 3064 conjunctam
3685 2993 3755 3046 sibi

2236 3115 2452 3156 carnem
2489 3097 2647 3153 Verbi
2709 3095 2805 3150 Dei
2840 3095 3086 3149 sublevet
3127 3093 3343 3163 pennis.
3392 3091 3457 3144 Et
3484 3086 3710 3158 quamvis,
3741 3099 3755 3133 ι

2237 3202 2344 3247 etc.
2378 3191 2524 3246 Gitat
2567 3199 2621 3244 et
2657 3199 2843 3259 postea
2888 3202 2951 3240 ex
2982 3189 3222 3240 oratione
3263 3185 3344 3239 De
3371 3184 3636 3252 baptism.
3663 3198 3677 3229 ι
3703 3179 3758 3229 An

2245 3281 2340 3336 tibi
2374 3295 2534 3352 parva
2561 3282 2612 3333 in
2638 3294 2743 3333 uno
2764 3277 3025 3343 Gregorio
3053 3278 3434 3345 cpiscOporuui
3463 3268 3759 3328 Oi-ieutaiium

2241 3372 2452 3428 videtur
2474 3368 2803 3426 auctoritas?
2835 3368 2926 3422 Est
2953 3368 3167 3436 quidem
3198 3375 3352 3419 tanta
3377 3377 3613 3433 persona,
3638 3370 3762 3411 utne-

2243 3476 2347 3535 que
2381 3461 2472 3516 ille
2500 3462 2600 3515 hoc
2624 3458 2727 3514 nisi
2753 3471 2817 3512 ex
2848 3458 2952 3511 tidc
2980 3455 3282 3512 Christiana
3321 3455 3569 3508 omnibus
3599 3446 3763 3503 notissi-

2243 3570 2330 3608 ma
2364 3554 2566 3607 diceret
2597 3569 2610 3604 :
2640 3565 2743 3604 nec
2770 3548 2841 3603 illi
2869 3564 2989 3603 cum
3020 3557 3125 3601 tam
3149 3546 3359 3601 clarum
3390 3546 3766 3605 habereutatque

2242 3645 2640 3706 venerandum,
2671 3642 2774 3696 nisi
2811 3641 2922 3696 hanc
2951 3641 3018 3694 ab
3044 3639 3134 3694 illo
3161 3639 3311 3693 dicta
3351 3652 3419 3691 ex
3454 3632 3624 3705 regula
3645 3630 3767 3684 uotis-

2246 3736 2398 3790 sima-
2423 3734 2671 3790 veritatis
2703 3741 3075 3804 agnoscerent.
3116 3750 3136 3784 ι

2315 3825 2460 3882 Idem
2495 3826 2588 3880 lib.
2626 3841 2664 3880 ιι
2697 3825 2953 3879 adversus
2991 3823 3240 3878 eumdem
3285 3837 3416 3892 pag.
3465 3819 3565 3874 530
3606 3814 3714 3871 citat
3734 3819 3769 3864 et

2247 3918 2479 3990 explicat
2500 3915 2899 3972 Nazianzenum
2926 3931 2989 3970 ex
3021 3913 3112 3968 lib.
3142 3913 3503 3984 Apologetico.
3538 3910 3598 3964 Et
3616 3909 3693 3961 lib.
3719 3902 3773 3955 De

2248 4014 2384 4067 dono
2411 4011 2806 4080 perseverantia:
2827 4024 2944 4078 cap.
2978 4009 3065 4076 19,
3100 4023 3162 4062 ex
3200 4008 3456 4063 oratione
3490 4006 3544 4057 in
3585 3999 3775 4054 Penteco-

2249 4115 2363 4160 sten
2399 4103 2768 4158 testimonium
2802 4101 3028 4171 .profcrt
3059 4117 3073 4153 :
3105 4099 3194 4155 ubi
3229 4109 3416 4154 tamen
3453 4110 3548 4166 pro
3579 4111 3597 4144 ι
3636 4091 3771 4158 deprc-

2251 4196 2489 4259 cabitur,
2525 4212 2544 4245 ι
2575 4193 2892 4248 vertendum
2925 4193 3122 4257 fuerat,
3154 4209 3172 4242 ι
3209 4189 3638 4261 deprecabimur.
3671 4198 3688 4233 ι

2321 4288 2617 4358 Gregorius
2650 4285 2792 4356 Papa
2831 4284 2966 4358 (ΒΟ),
2995 4284 3049 4339 in
3079 4283 3304 4354 prolego
3336 4281 3511 4337 tertia:
3536 4276 3686 4350 partis
3703 4269 3762 4327 Pa

2252 4378 2462 4431 storalis
2505 4393 2668 4443 ειη-α’,
2714 4375 3043 4447 Theologum
3091 4383 3338 4430 nostrum
3369 4373 3444 4428 ita
3482 4371 3604 4425 citat
3638 4381 3652 4419 :
3689 4360 3782 4415 «υι

2253 4469 2412 4540 longe
2451 4479 2574 4524 ante
2611 4483 2708 4524 nos
2745 4468 3054 4524 reverendae
3084 4465 3363 4523 memoria:
3394 4463 3672 4529 Gregorius
3708 4454 3785 4510 Na-

2256 4562 2548 4614 zianzenus
2571 4557 2806 4613 edocuit.
2833 4557 2947 4611 Non
2974 4571 3077 4609 una
3101 4554 3404 4622 eademque
3422 4547 3622 4604 cunctis
3641 4543 3785 4599 exhor-

575 4655 718 4709 rium
761 4656 970 4711 videtur
1025 4657 1226 4719 dicere,
1277 4639 1337 4710 ut
1387 4665 1535 4711 notet
1560 4655 1810 4709 Rufinum
1849 4672 1863 4710 :
1899 4653 1988 4723 qui
2033 4669 2152 4708 cum
2183 4693 2232 4752 Β
2257 4651 2386 4705 tatio
2416 4650 2684 4720 congruit,
2719 4649 2842 4718 quia
2872 4663 2976 4702 non
3003 4656 3228 4702 cunctos
3262 4660 3366 4713 par
3402 4631 3784 4752 Torumqualu

579 4747 694 4816 ipse
719 4749 857 4818 apud
884 4763 1014 4802 suos
1041 4757 1183 4803 esset
1203 4748 1694 4818 eloquentissimus,
1721 4745 1946 4800 Ruﬁnus
1984 4743 2036 4798 in
2073 4745 2155 4797 in-

579 4842 966 4910 terpretatione
997 4841 1202 4910 aliquot
1233 4841 1374 4895 illius
1413 4842 1718 4896 orationum
1751 4853 1937 4906 parum
1971 4836 2155 4906 gnavi-

583 4940 665 4986 ter
699 4947 759 4986 se
789 4943 1052 5002 gesserat,
1080 4949 1253 5002 neque
1290 4935 1422 4988 satis
1450 4933 1679 4990 feliciter
1717 4941 1878 4986 tantae
1898 4931 2154 5001 eloquen-

579 5027 670 5078 tiae
704 5027 1068 5092 responderat.

650 5115 794 5169 Idem
841 5115 1197 5186 Hieronymus
1230 5117 1367 5184 (47),
1406 5116 1680 5186 explicans
1710 5117 1835 5172 illud
1865 5118 2057 5186 Ephes.
2100 5129 2156 5178 ν,

505 5261 508 5264 ε
577 5203 672 5268 52,
705 5205 1106 5259 Sucromentum
1139 5207 1235 5258 hoc
1269 5219 1515 5274 maguum
1540 5217 1616 5259 est
1658 5221 1675 5259 :
1707 5222 1798 5274 ego
1825 5216 2018 5270 autem,
2051 5215 2153 5258 etc.

587 5311 608 5345 ι
637 5295 931 5364 Gregorius
954 5295 1355 5358 Nazianzenus,
1379 5295 1572 5364 inquit,
1598 5296 1680 5348 vir
1706 5296 1861 5350 valde
1880 5295 2155 5362 eloquens,

583 5397 640 5439 et
670 5389 720 5439 in
755 5387 1048 5455 Scripturis
1079 5389 1322 5454 apprime
1347 5387 1610 5447 eruditus,
1636 5401 1756 5439 cum
1799 5386 1864 5440 de
1903 5386 2006 5439 hoc
2045 5400 2157 5439 me-

585 5493 706 5529 cum
739 5489 996 5532 tractaret
1042 5479 1179 5538 loco,
1224 5479 1428 5532 solebat
1457 5477 1637 5530 dicere
1683 5492 1696 5527 :
1740 5477 1870 5531 Vide
1899 5485 2160 5546 quantum

584 5565 741 5620 istius
794 5568 1014 5634 capituli
1063 5577 1459 5622 sacramentum
1513 5567 1608 5633 sit,
1653 5578 1710 5622 ut
1767 5566 2052 5652 Apostolus
2105 5565 2165 5622 in.

814 5717 969 5792 item.
993 5719 1086 5792 IX,
1114 5737 1240 5792 pag.
1265 5720 1393 5775 9.44.

661 5789 772 5860 ςιιιξ)
815 5790 968 5844 Tum.
998 5789 1085 5854 IV,
1116 5789 1257 5860 part.
1282 5807 1344 5858 It,
1379 5806 1433 5859 ρ.
1468 5789 1592 5845 565.

662 5857 774 5933 ti?)
815 5860 973 5933 Ioni.
1122 5857 1335 5933 partit,
1355 5857 1410 5933 εἰ.
1443 5861 1570 5917 595..

663 5925 776 6002 με)
815 5925 970 5986 Tom.
1003 5931 1062 5998 ιι,
1094 5925 1145 6002 ρ’.
1183 5931 1307 5988 500.

2260 4751 2341 4798 las
2369 4743 2650 4810 astringit.
2680 4760 2698 4793 ι
2726 4740 2850 4795 Haec
2871 4754 3031 4809 porro
3055 4737 3219 4794 verba
3244 4747 3378 4792 sunt
3400 4729 3639 4803 Gregorii
3658 4721 3784 4781 nosui

2257 4851 2272 4889 ι
2310 4834 2585 4903 Apologet.
3779 4896 3788 4905 .

2329 4924 2436 4978 Leo
2473 4922 2615 4991 Papa
2648 4920 2785 4991 (51),
2812 4916 2987 4989 Magni
3021 4923 3382 4986 cognomento
3404 4913 3696 4968 honoratus,
3724 4913 3790 4967 qm

2259 5014 2627 5085 pontificatum
2655 5010 2893 5079 suscepit
2923 5009 3066 5062 circa
3090 5022 3288 5061 annum
3333 5001 3553 5059 Domini
3569 4997 3680 5057 Ml,
3706 4991 3790 5085 epi'

2259 5083 2396 5162 stola
2428 5119 2628 5159 cxxxrv
2677 5101 2744 5155 ad
2780 5099 3013 5154 Leonem
3040 5099 3342 5168 Augustum
3381 5105 3572 5153 contra
3605 5083 3795 5179 blaspbe:

2265 5199 2402 5253 mias
2429 5193 2662 5250 Nestorii
2692 5203 2744 5248 et
2771 5189 3106 5261 Eutychetis,
3135 5188 3308 5243 sancti
3333 5183 3585 5256 Gregorii
3610 5179 3794 5251 episcopi

2264 5287 2597 5346 Nazianzcni
2649 5285 2702 5339 in
2729 5284 2950 5338 homilia
2982 5281 3059 5336 De
3088 5278 3393 5349 Epiphania
3426 5278 3544 5331 haec
3579 5271 3720 5326 verba
3743 5265 3797 5317 ci-

2266 5391 2341 5435 tat
2373 5397 2388 5433 :
2434 5398 2454 5432 ι
2491 5378 2622 5434 Cum
2661 5392 2789 5444 ergo
2830 5375 3185 5443 processisset
3216 5387 3282 5427 ex
3319 5370 3548 5440 Virgine
3591 5365 3729 5421 Deus,
3760 5354 3798 5406 ἰιι

2265 5487 2350 5536 ea,
2399 5488 2560 5541 quam
2622 5476 2992 5537 assumpserat
3050 5465 3282 5519 humana
3346 5472 3566 5525 natura,
3615 5460 3802 5509 unume

2267 5566 2474 5621 duobus
2519 5563 2620 5618 sibi
2668 5563 2898 5616 invicem
2948 5559 3235 5615 contrariis
3284 5544 3802 5618 exsistens,carnc°|

2344 5715 2456 5780 (I9)
2498 5715 2652 5770 Tom.
2679 5713 2748 5781 Χ,
2779 5727 2830 5783 p.
2871 5711 2993 5768 504.

2342 5787 2453 5851 (50)
2495 5785 2647 5840 Τοιιι.
2671 5785 2732 5850 II,
2772 5799 2823 5854 p.
2856 5783 2942 5837 55.
3008 5852 3021 5854 _
3056 5851 3067 5854 _
3201 5835 3261 5854 _;I

2495 5856 2552 5912 S.
2590 5846 2874 5922 Leo,'e'dit.
2909 5851 3090 5909 iit-fol.
3116 5865 3168 5922 ι).
3201 5846 3329 5904 355.
