3812 6510
90 552 93 557 γ
130 466 206 523 313
948 465 1282 521 VETERUM
1321 468 1409 522 ΕΤ
1449 469 1948 541 RECENTIORUM
1987 472 2426 529 TESTIMONIA.

3204 483 3307 539 ω

131 580 289 649 spiritu,
320 576 451 630 aliud
480 579 535 632 in
566 578 730 634 Deum
758 583 1070 646 assumitur,
1099 584 1241 639 aliud
1273 585 1485 641 deitatis
1512 602 1631 655 gra-
1664 595 1711 650 Λ
1808 587 2055 642 Gelasius
2104 589 2169 642 de
2222 588 2429 640 duabus
2471 586 2522 640 in
2553 587 2769 643 Christo
2808 594 3013 647 naturis
3051 595 3304 652 adversus

90 676 91 679 “
130 676 396 739 tiaprtcstat.
437 669 580 725 Idem
617 672 750 725 infra
789 691 802 726 :
839 673 1029 728 Missus
1055 687 1138 730 est
1170 678 1408 745 quidem.
1439 681 1533 733 sed
1572 688 1629 733 ut

130 766 264 815 homo.
298 762 487 828 Duplex
528 763 670 815 enim
697 774 814 815 erat
841 764 892 817 in
916 781 979 819 eo
1004 774 1219 819 natura.
1252 765 1376 821 lude
1399 767 1630 835 denique

122 863 161 906 ct
188 854 407 905 laboravit
435 866 497 905 ex
527 852 738 916 itinere,
772 854 893 908 inde
921 864 972 907 et
997 855 1204 920 esuriit,
1246 866 1299 909 et
1340 857 1527 918 sitivit,
1567 868 1621 911 et

125 944 405 995 mntristatus
434 952 538 1006 est,
572 952 624 995 οι
668 944 831 1007 llevit,
884 945 1099 998 humani
1146 947 1388 1014 corporis
1430 948 1563 1017 lege.
1603 965 1623 999 ι

122 1033 225 1085 (Luat
245 1041 408 1099 postea
438 1031 692 1085 Basilium
717 1033 1027 1100 episcopum
1059 1034 1458 1104 Cappadocum.

170 1121 434 1176 Vincentius
482 1120 783 1177 Lirinensis
831 1123 944 1177 fere
992 1124 1057 1176 ad
1091 1126 1249 1178 linem
1287 1125 1433 1191 libri,
1463 1142 1623 1196 quem

121 1217 232 1269 docte
272 1215 515 1267 adversus
570 1214 824 1282 profanas
877 1215 1145 1269 novitates
1181 1217 1524 1284 conscripsit,
1574 1219 1624 1272 in

122 1306 324 1375 presiaa
355 1305 553 1375 synodo
583 1321 679 1358 suo
706 1317 947 1374 tempore
970 1318 1156 1361 contra
1183 1307 1487 1363 Nestorium
1530 1324 1623 1363 ce-

121 1398 285 1460 lebrata,
314 1397 505 1465 scripta
548 1397 881 1452 Nazianzeni
918 1399 1141 1452 recitata
1163 1400 1372 1454 scribit.
1402 1418 1419 1451 ι
1454 1401 1624 1455 Adhi-

124 1491 196 1541 bita
232 1498 338 1541 sunt
385 1487 572 1552 etiam,
626 1488 818 1556 inquit.
873 1490 962 1542 illa
1000 1490 1355 1559 Cappadoeize
1400 1492 1621 1555 lumina,

117 1590 277 1634 sanctus
295 1580 582 1647 Gregorius
606 1582 892 1652 episcopus
914 1592 967 1635 et
989 1585 1268 1637 conlessor
1297 1586 1362 1638 de
1391 1584 1621 1639 Nazian—

118 1674 160 1725 do
184 1672 245 1727 vel
273 1671 531 1727 Nazianzo
565 1693 581 1729 :
612 1685 837 1729 sanctus
862 1674 1088 1730 Basilius
1121 1677 1385 1731 Caesarea:
1415 1677 1623 1748 Cappa-

116 1765 233 1818 dociae
252 1766 519 1834 episc0pns
545 1776 603 1820 et
629 1766 925 1822 confessor.
968 1790 984 1819 ο
1572 1752 1578 1757 ’

162 1858 259 1921 Quae
293 1866 457 1910 autem
500 1858 554 1911 in
581 1874 644 1912 ea
679 1860 883 1930 synodo
912 1874 974 1913 ex
1013 1860 1356 1916 Nazianzeno
1395 1864 1616 1918 recitata

113 1943 199 2003 sint,
233 1943 297 1995 sic
321 1942 573 1999 Rusticus
608 1948 866 2001 diaconus
905 1959 1089 2003 contra
1124 1953 1424 2020 Acepbalos
1472 1969 1588 2007 c0m

114 2042 327 2096 memorat,
363 2036 450 2089 ubi
500 2036 569 2090 de
623 2037 922 2091 dilfercntia
973 2038 1114 2094 inter
1144 2038 1293 2096 Unus
1335 2053 1387 2096 et
1418 2043 1615 2109 Unum,

111 2122 215 2174 Alius
232 2124 459 2179 etAliud.
482 2143 500 2177 ι
526 2126 662 2190 Sua,
686 2128 855 2197 inquit
880 2129 1015 2199 (52),
1050 2134 1298 2202 dogmata
1327 2134 1618 2189 confirma-

114 2212 437 2282 vit(presiua
470 2218 686 2273 scilicet
720 2221 979 2292 synodus)
1021 2222 1161 2277 inter
1204 2225 1343 2279 beati
1387 2226 1616 2281 Nazian-

109 2305 428 2377 zeniGregorii
458 2310 743 2373 feetiones.
778 2315 965 2368 dicens
996 2316 1067 2369 ita
1100 2334 1114 2370 :
1150 2318 1303 2372 Alius
1323 2319 1537 2386 quidem
1562 2328 1617 2373 et

107 2396 220 2451 Aliud
244 2412 297 2450 ex
320 2400 508 2468 quibus
534 2402 787 2457 Salvator
824 2421 837 2459 :
880 2407 1145 2475 siquidem
1175 2423 1277 2461 rion
1306 2410 1443 2463 idem
1474 2410 1613 2465 invi-

110 2494 219 2549 sibile
248 2498 445 2564 visibili,
474 2509 529 2557 et
560 2500 615 2555 id
642 2502 782 2571 quod
820 2502 1175 2573 intemporale
1206 2506 1284 2560 illi
1314 2508 1453 2575 quod
1487 2509 1615 2564 sub-

110 2588 349 2652 temporale.
383 2610 403 2643 ι
434 2590 569 2657 Qua:
616 2596 778 2648 verba
832 2611 899 2650 ex
952 2597 1132 2665 priore
1173 2600 1241 2651 ad
1295 2599 1612 2656 Cledonium

109 2679 270 2739 epistola
294 2694 496 2754 sumpta
526 2697 680 2751 sunt,
707 2704 869 2759 quam
896 2689 948 2745 in
986 2692 1175 2746 eodem
1206 2691 1345 2749 libro
1373 2693 1615 2762 pluribus

110 2765 196 2822 locis
216 2771 355 2838 citat;
388 2784 552 2843 atque
599 2778 759 2832 etiam
804 2778 1091 2835 haereticos
1138 2782 1219 2853 (nt
1249 2783 1325 2838 illi
1367 2783 1499 2839 nihil
1528 2788 1613 2840 in-

108 2867 307 2916 tentatum
356 2874 408 2919 et
448 2866 822 2939 incorruptum
876 2873 1210 2941 relinquunt)
1268 2884 1323 2929 et
1381 2877 1615 2932 maxime

108 2948 384 3011 Nestorianos
426 2956 759 3016 Nazianzcui
803 2962 1097 3019 sententias
1140 2967 1395 3035 quasdam
1427 2969 1494 3022 ad
1530 2968 1609 3023 sui

105 3039 253 3100 ciroris
301 3046 766 3105 confirmationem
818 3053 1140 3125 detorquere
1202 3066 1454 3127 tentasse.
1520 3060 1611 3115 Sic

106 3136 205 3186 enim
232 3135 289 3189 ibi
326 3138 637 3204 haereticus,
671 3143 761 3211 qui
798 3143 1024 3213 loquens
1053 3147 1341 3218 inducitur,
1373 3150 1558 3220 objicit
1592 3168 1608 3205 :

110 3221 384 3284 «Hominem
411 3245 576 3302 quem
617 3233 906 3303 Apostolus
945 3236 1089 3290 velut
1132 3238 1183 3291 in
1224 3239 1328 3295 duo
1385 3244 1611 3306 partitus

103 3326 173 3381 est,
196 3331 365 3376 Sanctae
397 3328 676 3381 memoria:
713 3327 1004 3400 Gregorius
1037 3348 1200 3386 unum
1248 3335 1421 3389 modis
1448 3337 1615 3389 omni-

56 3420 59 3421 '
105 3408 172 3464 lius
190 3416 416 3483 nominat,
444 3434 512 3472 nc
535 3419 755 3475 Christo
784 3437 904 3475 eum
934 3425 1242 3491 conferens,
1274 3426 1407 3480 duos
1438 3428 1614 3480 videa-

105 3504 391 3564 tuerristos
420 3526 692 3575 asserere,
730 3532 747 3564 ι
778 3526 885 3568 etc.
912 3515 977 3568 Et
1003 3526 1159 3585 post:
1192 3536 1209 3568 ι
1239 3518 1382 3571 Dixit
1412 3519 1608 3574 alicubi

103 3596 350 3662 Apostolus:
376 3601 513 3667 Quia
540 3615 734 3673 quanto
758 3605 823 3657 iis
852 3607 939 3676 qui
963 3606 1092 3675 faris
1122 3609 1187 3672 ",
1214 3629 1231 3660 ι
1261 3620 1362 3664 etc.
1386 3609 1609 3680 Subjicio

105 3695 163 3739 tur
184 3692 283 3749 inde
302 3698 590 3766 explicatio
611 3699 851 3754 locorum
885 3700 1029 3754 Pauli
1062 3709 1115 3755 et
1148 3702 1489 3760 Nazianzeni.
1528 3705 1605 3759 Ibi

102 3782 202 3836 enim
221 3798 383 3843 contra
408 3793 697 3847 barreticos
722 3794 962 3863 pluribus
986 3796 1284 3864 explicatur
1311 3799 1415 3852 ista
1438 3798 1612 3851 Theo-

104 3870 173 3942 logi
191 3883 418 3935 sententia
446 3900 461 3936 :
496 3884 593 3939 Sic
631 3899 695 3938 cx
726 3885 933 3941 duabus
962 3889 1165 3943 naturis
1199 3888 1470 3951 Christus,
1501 3890 1610 3943 sic-

102 3974 141 4017 ut
161 3982 207 4021 ex
233 3973 390 4029 anima
416 3987 469 4030 et
491 3992 724 4047 corpore
753 3980 934 4034 homo.
966 3979 1110 4032 Illam
1141 3980 1281 4034 cnim
1332 3982 1613 4035 hazretieus

104 4066 141 4109 ιιι
172 4074 197 4112 a
229 4065 328 4121 suis
353 4070 599 4136 partibus
635 4080 865 4123 stantem
905 4071 956 4124 in
991 4073 1223 4126 medium
1256 4072 1608 4141 preponebat,

102 4156 140 4197 ut
163 4159 205 4203 et
227 4158 488 4212 nonnullas
520 4158 673 4226 alias,
708 4176 845 4230 quas
876 4160 1129 4217 Rusticus
1164 4164 1277 4231 ipse
1329 4162 1515 4217 eodem
1549 4161 1609 4214 li-

103 4237 170 4293 bro
186 4243 395 4311 pluribus
426 4251 680 4322 explicat.

1742 677 2033 749 Eutychen)
2075 690 2130 733 et
2177 678 2503 742 Nestovium,
2545 682 2708 734 multa
2761 694 2999 737 veterum
3034 688 3309 758 theologo-

1735 785 1879 836 rum,
1908 781 1963 823 ut
2000 771 2212 839 lguatii,
2238 772 2523 837 Eustathii,
2559 773 2852 844 Hippolyti,
2876 778 3177 844 Athanasii,
3207 779 3307 835 Eu-

1732 863 1866 915 sebii
1918 862 2183 932 Pamphili
2231 864 2406 919 citans
2453 870 2778 933 testimonia,
2819 880 2874 922 et
2917 870 3029 925 lucc
3060 870 3304 942 Gregorii

1731 954 2052 1009 Nazianzeui
2086 958 2138 1011 in
2167 956 2339 1013 Natali
2372 961 2577 1013 Domini
2609 962 2789 1014 laudat
2817 963 2927 1031 (55)
2967 981 2979 1016 :
3037 982 3056 1015 ι
3098 966 3301 1035 Duplex

1729 1060 1845 1103 erat
1872 1051 2141 1117 Christus,
2187 1052 2348 1107 homo
2382 1054 2596 1121 quidem
2634 1057 2776 1123 quod
2810 1057 3108 1122 videbatur,
3161 1060 3304 1115 Dens

1674 1182 1677 1183 ν
1732 1156 1857 1195 vero
1883 1142 2025 1210 quod
2048 1160 2151 1197 non
2178 1144 2478 1211 videbatur,
2508 1148 2793 1201 comedens
2815 1150 3029 1216 quidem
3056 1159 3112 1203 ut
3144 1151 3304 1206 homo

1728 1247 1855 1285 vere
1890 1244 1943 1287 et
1966 1235 2123 1287 sicuti
2148 1250 2265 1291 nos.
2320 1234 2521 1289 Habuit
2553 1240 2697 1291 enim
2718 1254 2898 1294 carnis
2927 1240 3157 1294 similem
3176 1256 3301 1309 pas-

1669 1359 1677 1366 -
1727 1321 2036 1377 sibilitatem
2053 1326 2211 1378 sicuti
2242 1340 2360 1379 nos.
2377 1346 2394 1378 ι
2414 1325 2611 1380 Ibidem
2634 1328 2795 1379 etiam
2816 1345 2874 1380 ex
2891 1330 3126 1393 ejusdetn
3152 1334 3295 1400 prio-

1666 1452 1676 1458 .
1726 1430 1785 1468 re
1813 1416 1875 1467 ad
1905 1416 2221 1469 Gledonium
2252 1418 2474 1483 epistola
2502 1418 2763 1484 permulta
2789 1422 3013 1486 profert,
3036 1423 3296 1489 quemad-

1726 1509 1941 1562 modum
1975 1517 2029 1562 et
2050 1522 2115 1561 ex
2150 1507 2373 1577 epistola
2403 1508 2467 1561 ad
2492 1507 2822 1562 Nectarium.

1792 1641 2027 1697 Joannes
2051 1658 2332 1715 episcopus
2362 1644 2658 1708 Romanus,
2690 1647 2859 1699 tribus
2891 1644 3184 1700 Iustiniani
3204 1648 3297 1700 im-

1722 1734 1988 1801 peratoris
2015 1734 2400 1801 quaestionibus
2430 1736 2779 1804 respondens,
2823 1745 2879 1790 ut
2912 1739 3097 1805 probet
3140 1738 3297 1791 Chri-

1722 1833 1862 1877 stum
1893 1840 2051 1878 unant
2078 1839 2197 1879 csse
2238 1840 2305 1879 ex
2343 1827 2590 1893 personis
2626 1825 2925 1891 Trinitatis,
2958 1845 3024 1897 po
3062 1837 3080 1880 t
3109 1828 3293 1897 Augu-

1596 1917 1920 1997 _’Bstinum
1974 1918 2092 1971 haec
2144 1917 2387 1986 Gregorii
2444 1918 2770 1972 Nazianzeni
2821 1934 2881 1972 ex
2938 1935 3184 1973 sermone
3228 1921 3297 1973 de

1724 2008 2021 2077 Epiphania
2061 2010 2195 2062 citat
2224 2009 2336 2079 (54)
2372 2030 2383 2063 :
2419 2027 2438 2059 ι
2482 2008 2647 2064 Deum
2702 2025 2822 2065 cum
2866 2011 3007 2075 dico,
3072 2011 3294 2065 ontnino

1724 2116 1832 2153 uno
1864 2099 2065 2154 lumine
2090 2098 2430 2154 illustrantur
2452 2101 2609 2154 simul
2636 2110 2691 2155 et
2718 2102 2913 2166 tribus,
2939 2118 3043 2156 uno
3076 2103 3292 2172 quidem

1723 2188 2016 2245 secundum
2054 2188 2477 2257 uniuscujusque
2512 2191 2871 2258 proprietates
2906 2190 3019 2244 sive
3040 2192 3291 2244 substan-

1724 2278 1852 2341 tias,
1882 2278 2022 2332 sicut
2050 2277 2226 2348 placet
2248 2277 2521 2347 aliquibus
2545 2278 2744 2341 dicere,
2769 2278 2883 2331 sive
2912 2280 3292 2349 personas(ni-

1724 2366 1799 2422 hil
1838 2370 1980 2424 enim
2013 2384 2112 2438 pro
2156 2370 2538 2424 vocabulorum
2584 2370 2896 2425 diversitate
2924 2372 3290 2428 dissidendum

1720 2469 1824 2523 est,
1870 2474 1993 2513 cum
2042 2461 2107 2514 ad
2138 2461 2385 2516 eumdem
2428 2476 2643 2515 sensum
2695 2461 2969 2517 nominum
3009 2463 3294 2517 diversitas

1721 2561 1981 2621 provocet
2004 2562 2056 2607 ct
2084 2551 2436 2623 intellectum)
2459 2568 2621 2606 unum
2653 2562 2829 2607 autem
2854 2553 3145 2608 secundum
3174 2554 3295 2607 sub-

1719 2643 1994 2707 stantiam,
2016 2642 2098 2697 vel
2127 2643 2341 2697 deitatis
2370 2644 2596 2697 ratione.
2644 2644 2910 2697 Dividitur
2939 2660 3086 2713 ergo,
3124 2653 3182 2697 ut
3216 2646 3292 2699 ita

1725 2732 1898 2786 dicam
1930 2732 2355 2798 indivisibiliter,
2398 2734 2740 2805 conjungitur
2788 2736 3148 2802 divisibiliter,
3187 2754 3289 2790 una

1717 2833 1801 2880 est
1825 2825 1878 2880 in
1903 2827 2076 2881 tribus
2100 2826 2298 2881 deitas.
2330 2846 2349 2881 ι

1785 2937 2117 2994 Justitiianus
2147 2938 2500 3008 lImperator,
2525 2940 2695 2995 Edict.
2728 2955 2984 2995 adversus
3009 2942 3107 2996 tria
3134 2940 3293 3013 Capi-

1720 3028 1854 3092 tula,
1895 3040 1956 3083 ut
1992 3030 2125 3085 duas
2160 3043 2379 3085 naturas
2424 3041 2477 3084 et
2504 3033 2763 3084 unitatem
2804 3047 3046 3100 persona:
3086 3043 3293 3107 asserat

1718 3125 1771 3176 in
1811 3123 2046 3187 Christo,
2087 3131 2333 3176 sanetum
2379 3123 2697 3193 Gregorium
2747 3122 3074 3191 Theologum
3128 3126 3289 3179 semel

1715 3224 1770 3270 et
1801 3216 1992 3269 iterum
2024 3214 2284 3270 nominat.
2312 3214 2511 3268 Concil.
2551 3224 2680 3267 tum.
2710 3212 2771 3277 V,
2798 3230 2850 3284 p.
2886 3213 3009 3276 695,
3037 3215 3158 3269 698.

1790 3328 2021 3384 Sanctus
2053 3327 2367 3383 Theodorus
2397 3328 2608 3383 Studita
2644 3329 2886 3398 pluribus
2926 3330 2979 3382 in
3024 3331 3153 3387 locis
3178 3331 3290 3402 (55)

1718 3420 1967 3490 Gregorii
2026 3420 2231 3489 profert
2287 3421 2616 3484 testimonia,
2661 3422 2743 3473 vel
2783 3424 2832 3474 in
2871 3436 2980 3474 sure
3011 3424 3290 3476 sententia:

1715 3513 2089 3581 patrocinium,
2140 3513 2219 3565 vel
2270 3522 2327 3565 ut
2368 3513 2526 3565 verba
2577 3514 2749 3567 sancti
2787 3512 3023 3568 doctoris
3054 3530 3080 3565 a
3110 3516 3289 3582 pravis

1715 3603 2088 3659 Itmreticorum
2130 3604 2660 3672 intet‘pretatimtibus
2690 3605 2937 3658 vindicet.
2983 3604 3073 3659 Sic
3105 3607 3291 3659 Antir-

1718 3694 1922 3749 rhetico
1959 3710 1996 3748 ιι
2028 3695 2271 3758 adversus
2296 3691 2690 3757 Iconomachos,
2729 3704 2856 3747 l0tll.
2896 3693 2933 3747 V
2970 3692 3130 3764 Oper.
3172 3696 3293 3750 Sir-

1719 3784 1920 3847 mOndi,
1949 3801 2001 3849 ι).
2034 3784 2154 3838 I07.
2188 3783 2341 3848 ltcm,
2369 3786 2493 3838 ibid.
2527 3801 2646 3853 pag.
2682 3784 2803 3850 19.5,
2841 3784 2957 3851 l‘lG,
2990 3786 3108 3840 127.
3156 3784 3286 3841 Item

1718 3878 2053 3947 Refutatiune
2082 3880 2363 3943 impiorum
2417 3890 2732 3946 poematum,
2762 3896 2882 3949 pag.
2930 3880 3048 3933 195.
3082 3880 3290 3934 Ilursus
3321 3919 3335 3932 .

1719 3970 1975 4023 Adversus
1999 3969 2401 4034 [conamur/ros,
2421 3987 2539 4041 cap.
2563 3988 2613 4025 v1
2637 3980 2691 4023 et
2709 3987 2802 4034 vn,
2822 3986 2945 4041 pag.
2965 3972 3068 4027 215
3096 3984 3147 4025 et
3170 3990 3284 4043 seq.

1718 4063 1915 4116 Iterum
1949 4064 2104 4131 epist.
2135 4063 2229 4117 lib.
2276 4081 2335 4126 ll,
2373 4065 2528 4132 epist.
2562 4079 2747 4130 usvr,
2782 4081 2902 4135 pag.
2927 4064 3057 4121 445.
3089 4066 3166 4122 At:
3191 4067 3291 4121 de-

1717 4172 1861 4210 mum
1892 4157 2049 4227 epist.
2084 4173 2226 4224 cuv,
2253 4173 2303 4227 p.
2342 4157 2463 4210 6‘23.

1058 4365 1145 4423 De
1174 4364 1463 4444 operibus
1496 4374 1550 4425 ει
1581 4364 1833 4443 scriptis
1864 4361 2269 4423 Nazianzeni.

149 4458 299 4517 Omnia
348 4483 463 4538 qua:
537 4468 865 4523 Nazianzeni
921 4470 1140 4522 nomine
1204 4470 1601 4534 inscribuntur,
1638 4469 1905 4543 Dsmpius
1950 4483 1982 4521 e
2020 4476 2270 4534 suggestu
2337 4466 2402 4519 ad
2466 4467 2718 4534 pOpnlnm
2776 4465 3175 4526 concionatum.
3211 4465 3288 4518 Ac

101 4554 200 4608 citra
229 4562 634 4617 controversiam
663 4561 834 4630 ipsius
867 4571 993 4614 sunt
1037 4568 1237 4630 prteter
1293 4562 1605 4631 metaphra-

100 4646 157 4697 sin
188 4649 231 4700 in
274 4650 639 4721 Ecclesiasten,
666 4669 787 4722 quae
837 4653 935 4723 ipsi
979 4652 1113 4705 falso
1146 4654 1420 4714 tribuitur,
1465 4664 1520 4707 ut
1553 4656 1604 4707 in

100 4746 355 4803 argumento
403 4758 469 4797 ex
525 4742 851 4811 Ilieronymo
900 4742 1181 4796 docuimus
1205 4739 1223 4792 τ’
1249 4752 1302 4795 et
1341 4744 1609 4812 significa-

101 4826 249 4883 |ioncm
294 4834 339 4887 in
392 4834 746 4900 Ezccltielem,
771 4849 891 4903 qua:
928 4844 1025 4887 aut
1062 4834 1205 4887 illius
1236 4848 1341 4887 non
1388 4845 1491 4900 est,
1518 4844 1610 4889 aut

98 4929 204 4972 Certe
234 4926 291 4977 ab
325 4940 384 4979 eo
414 4943 517 4981 non
548 4927 714 4981 edita.

149 5010 247 5067 Duce
287 5028 489 5073 exstant
546 5020 820 5075 orationes
866 5019 1006 5074 illius
1056 5035 1083 5073 a
1149 5019 1346 5076 Rufino
1402 5020 1605 5075 Latina:

100 5095 233 5168 ἵδρυε,
256 5122 361 5175 quae
390 5127 492 5164 non
540 5122 668 5165 sunt
714 5112 765 5165 in
798 5111 988 5165 Grzeco
1019 5114 1338 5183 exemplari.
1381 5113 1603 5183 (Perpe-

102 5203 182 5243 ram
209 5195 439 5267 Gregorio
470 5205 746 5257 orationes
775 5205 906 5258 istas
960 5205 1145 5257 tribuit
1192 5202 1401 5273 Billius,
1453 5216 1507 5258 ut
1550 5206 1600 5259 in

100 5284 327 5355 breloquio
354 5294 701 5367 notavimus.)

153 5373 213 5432 Ex
236 5383 372 5439 docta
404 5387 619 5443 illiusin
657 5390 862 5445 dictum
894 5389 1174 5461 Evangelii
1210 5390 1429 5444 homilia
1461 5390 1609 5443 vide-

102 5469 348 5529 turmultas
376 5479 507 5537 alias
537 5480 653 5551 ejus
672 5483 891 5552 generis
920 5482 1288 5551 composuisse
1314 5497 1328 5534 :
1358 5489 1413 5534 ιιι
1446 5495 1604 5549 quem

102 5566 257 5613 certum
294 5566 356 5619 sit
397 5582 449 5623 ct
496 5570 751 5626 Nazianzi
788 5582 841 5627 et
878 5572 1347 5643 Constantinopoli
1399 5582 1450 5626 et
1482 5570 1605 5624 alibi

149 5689 183 5722 "
211 5692 359 5756 ICor.
381 5719 430 5770 v,
462 5706 543 5761 I3.

154 5830 242 5904 (ξεῖ)
272 5836 397 5899 ΒὶΗ.
426 5839 574 5901 Patr.
612 5855 739 5904 tom.
770 5847 855 5901 IV.

156 5900 245 5970 (53)
276 5907 342 5963 ld.
370 5912 491 5969 ibid.

1712 4559 1941 4614 fortasse
1980 4558 2031 4609 in
2065 4573 2252 4612 sacros
2286 4558 2452 4611 libros
2487 4559 2908 4612 commentarios
2946 4559 3133 4620 edidit,
3160 4557 3286 4623 Epi-

1711 4651 2015 4718 stolamque
2063 4648 2213 4703 Pauli
2268 4650 2756 4719 adsl’hilippeuses
2806 4652 3018 4704 videtur
3072 4652 3287 4719 scriptis

1713 4744 1825 4796 suis
1860 4741 2181 4796 illustrasse.
2212 4741 2268 4794 In
2319 4741 2424 4794 fine
2468 4744 2612 4795 enim
2664 4742 3041 4795 Anatheniatis
3074 4756 3283 4795 morum

1713 4834 1899 4905 Cyrilli
1933 4834 2013 4887 sic
2050 4833 2265 4900 legitur,
2302 4832 2361 4885 Ι).
2411 4833 2657 4903 Gregorii
2694 4833 2935 4901 episcopi
2974 4834 3027 4886 in
3072 4833 3285 4896 Episto—

1711 4925 1815 4979 lam
1873 4925 1941 4977 ad
1997 4922 2377 4991 Philippensem
2433 4928 2605 4993 Atque
2648 4926 2747 4979 hoc
2800 4925 3161 4992 fragmentum
3194 4924 3284 4977 hic

1714 5016 2007 5070 ascribitur
2038 5034 2052 5069 :
2091 5015 2203 5069 (loc
2232 5018 2489 5083 sapiatur,
2525 5018 2722 5085 inquit,
2749 5018 2884 5083 quod
2914 5027 2961 5069 et
2994 5018 3044 5069 iu
3073 5014 3283 5069 Christo

1710 5106 1857 5175 Jesu,
1888 5109 1978 5178 qui
2012 5126 2129 5161 cum
2164 5109 2220 5161 in
2254 5108 2425 5175 forma
2463 5108 2558 5161 Dei
2607 5122 2758 5170 esset,
2787 5126 2886 5163 non
2937 5108 3173 5174 rapinam
3201 5124 3283 5159 ar-

1711 5199 1933 5254 bitratus
1964 5211 2038 5254 est
2070 5218 2181 5255 esse
2218 5202 2469 5271 a’quolem
2503 5200 2649 5255 Deo:
2682 5204 2768 5253 sed
2807 5202 3133 5265 semetipsum
3186 5214 3281 5250 ex-

1722 5294 1966 5357 inanivit,
2003 5295 2226 5363 formam
2275 5296 2405 5348 terei
2434 5295 2806 5361 suscipiens”.
2848 5311 2866 5343 ι
2892 5292 3027 5358 Quid
3086 5307 3282 5358 panpe-

1716 5386 1830 5441 rius
1861 5387 1913 5441 in
1953 5388 2088 5453 Deo,
2117 5403 2278 5457 quam
2328 5390 2499 5441 forma
2534 5389 2713 5442 servi?
2745 5386 2883 5453 Quid
2927 5386 3179 5440 humilius
3227 5386 3280 5438 in

1716 5478 1863 5551 Rege
1895 5490 2239 5544 cunctorum,
2274 5496 2433 5549 quam
2468 5484 2534 5533 ad
2567 5482 2999 5535 communionem
3033 5480 3281 5547 pauperis

1717 5582 1915 5627 nostrae
1948 5583 2153 5626 naturae
2187 5585 2377 5631 sponte
2412 5575 2634 5628 venire?
2670 5573 2780 5627 ltex
2813 5589 2997 5643 regum
3024 5583 3077 5626 et
3104 5571 3281 5629 Domi-

1782 5708 1827 5736 "
1861 5705 2089 5776 Philipp.
2118 5723 2178 5771 II,
2208 5708 2325 5761 5-7.

1940 5847 2179 5922 .Ijjpistab
2212 5848 2279 5898 ad
2310 5846 2458 5913 86".,
2496 5856 2532 5902 l.
2567 5848 2633 5902 ιγ
2661 5851 2843 5917 (Iona,
2872 5867 2922 5922 [ι.
2956 5848 3112 5907 ιῖῦι.

1784 5916 1897 5989 (55)
1937 5916 2075 5971 Edit.
2114 5917 2274 5973 Sit'tn.
