3812 6586
473 496 579 553 515
1566 498 1798 556 JACOBI
1843 499 2041 556 BILLII
2081 501 2607 560 PREFATIONES.
3751 500 3808 558 3i

471 634 577 674 nus
603 616 999 670 dominantium
1060 616 1301 670 induitur
1335 616 1507 671 forma
1536 620 1679 673 servi
1707 636 1721 673 :
1750 618 1913 686 judex
1940 636 2057 674 om-
2082 630 2129 686 Α
2160 630 2329 692 possit
2382 621 2755 677 Nazianzenus
2794 628 2997 684 noster,
3024 618 3329 689 quando
3416 616 3647 670 statim
3707 618 3805 669 alin

482 712 628 765 nium
659 707 719 762 lit
750 708 999 763 subditus
1040 709 1429 777 postestatibus
1458 721 1724 765 creatura:
1751 730 1765 765 :
1791 710 2052 767 Dominus
2162 713 2450 781 subjicitur
2486 728 2549 767 ex
2609 712 2809 769 Basilio
2853 712 3062 781 Magno,
3116 711 3210 763 de
3284 707 3518 762 fru'ctu
3574 710 3807 776 passiam

472 800 528 858 in
556 801 812 870 spelunca
867 799 1155 869 deponitur
1198 818 1211 855 :
1243 802 1334 870 qui
1361 803 1543 857 omnia
1591 804 1855 869 continet,
1876 804 1931 859 in
1964 804 2048 859 di—
2157 804 2356 859 Christi
2410 804 2807 859 testimonium.
2842 802 3111 874 Nyssenus
3150 810 3400 853 autem
3445 808 3513 852 et
3552 798 3812 852 Neocaesa

472 892 713 948 versor-io
742 907 851 945 non
884 890 1092 946 invenit
1122 890 1323 957 locum,
1364 894 1459 947 sed
1509 893 1562 947 in
1597 908 1840 963 prarsepe
1882 894 2047 963 proji-
2156 896 2377 961 riensis,
2416 897 2555 965 quod
2593 895 2936 963 seiam,nihil
2976 895 3030 949 in
3076 894 3251 948 hanc
3292 889 3487 945 Pauli
3534 889 3812 960 Epistula"

468 987 1049 1055 citurjumentorum;
1092 987 1321 1040 mundus
1354 994 1408 1040 et
1447 986 1823 1041 immaculatus
1861 987 2051 1043 sordes
2154 987 2508 1053 scripserunt.
3113 1003 3116 1005 λ

469 1078 695 1149 suscipit
724 1078 970 1131 humanae
997 1088 1223 1142 naturae,
1259 1086 1313 1133 et
1343 1093 1439 1146 per
1464 1079 1645 1133 omnia
1676 1088 2047 1149 paupertatem
2232 1078 2475 1147 Baptista
2512 1077 2787 1132 Guarinus
2828 1075 3053 1131 G’uarini
3093 1072 3216 1129 viri
3292 1070 3660 1126 doctissimi
3696 1068 3809 1123 lilia.

471 1181 711 1224 nostram
755 1169 1047 1235 transiens,
1080 1185 1250 1239 usque
1295 1170 1358 1223 ad
1416 1171 1613 1225 mortis
1655 1172 1804 1226 venit
1833 1172 2051 1241 experi-
2158 1172 2209 1226 in
2234 1171 2486 1225 Latinum
2510 1171 2739 1224 vertisse
2772 1167 2973 1222 dicitur
3005 1166 3297 1236 Gregorii
3356 1163 3729 1218 Nazianzeni
3760 1164 3808 1214 ad

474 1270 740 1316 mentum.
788 1261 1140 1337 Considerate
1164 1263 1502 1331 paupertatis
1539 1272 1853 1332 spontanea:
1899 1278 2052 1317 men-
2157 1264 2429 1315 Christum
2470 1270 2524 1315 et
2554 1259 2779 1313 Mariam
2805 1259 3081 1313 orationes
3114 1259 3176 1311 in
3228 1255 3638 1327 appemlice:
3668 1253 3807 1306 Cala-

471 1368 656 1405 suram
692 1370 706 1405 :
735 1351 843 1405 vita
882 1361 1108 1407 mortem
1144 1362 1323 1422 gustat
1351 1352 1551 1409 :Judex
1577 1355 1860 1409 deducitur
1880 1354 1944 1408 ad
1964 1354 2057 1424 ju-
2157 1351 2263 1422 logi
2291 1353 2601 1418 scriptorum
2624 1351 3094 1404 ecclesiasticarum
3124 1346 3489 1402 Trithemii
3534 1357 3595 1400 et
3628 1345 3803 1400 Biblio-

474 1443 859 1507 dicium;vit:e
906 1446 1146 1497 omnium
1190 1446 1568 1501 exsistentium
1611 1445 1868 1502 Dominus
1927 1448 2056 1502 sub-
2157 1442 2710 1513 theca'Lycosthenis,
2747 1450 2802 1494 ut
2841 1449 2893 1496 et
2915 1442 3108 1494 beatus
3130 1439 3502 1494 Rhenanus
3537 1437 3680 1491 duas
3706 1438 3803 1505 epi-

474 1532 617 1585 ditur
657 1532 938 1587 sententia:
978 1532 1303 1602 iudicantis;
1338 1553 1429 1591 rex
1465 1538 1707 1591 omnium
1761 1539 2046 1604 virtutum,
2157 1535 2319 1589 stolas
2345 1534 2584 1601 ejusdem
2630 1534 2696 1586 ad
2728 1532 3110 1601 Themistium.
3144 1534 3237 1585 At
3267 1530 3397 1583 illa:
3440 1544 3637 1598 neque
3668 1527 3795 1582 Gne-

473 1638 593 1689 qua:
622 1622 760 1676 ultra
798 1626 1051 1677 mumlum
1087 1637 1232 1689 sunt,
1269 1627 1658 1696 spiculatorum
1697 1644 1801 1683 non
1836 1629 2046 1698 respuit
2108 1640 2111 1643 '
2155 1642 2217 1680 ce
2252 1641 2425 1694 neque
2447 1624 2634 1681 Latine
2666 1626 2720 1680 in
2771 1640 2966 1679 manus
2993 1639 3141 1679 meas
3167 1623 3397 1679 adhuc
3434 1621 3697 1675 incidere
3718 1636 3797 1689 po-

474 1730 688 1769 manus.
719 1736 736 1767 »
774 1716 897 1772 ll:ec
927 1718 993 1771 ibi
1019 1733 1080 1771 ex
1114 1719 1376 1789 Gregorio
1419 1722 1694 1791 episcopo,
1726 1723 1816 1791 qui
1872 1720 2049 1775 videri
2084 1732 2125 1790 Β
2158 1726 2398 1771 luerunt.

558 1934 678 1990 'ltcc
702 1952 821 1991 sunt
849 1953 966 2006 quia
1004 1937 1193 1991 Billius
1224 1938 1431 2007 collegit
1456 1949 1504 1992 et
1555 1944 1833 1993 aaornauit
1879 1942 1937 1995 in
1982 1941 2192 1997 laudem
2228 1951 2275 1995 et
2318 1941 2727 1994 illustrationem
2759 1938 2941 1992 eximii
2989 1935 3277 1992 Doctoris.
3346 1933 3561 1987 Pauca
3592 1933 3768 2001 adjeci-

475 2044 615 2087 mus,
654 2027 816 2081 Billio
848 2030 924 2081 vel
950 2028 1151 2096 ignota,
1183 2030 1258 2082 vel
1290 2031 1522 2083 nondum
1548 2036 1602 2082 in
1632 2030 1800 2084 lucem
1831 2032 1993 2086 edita.
2019 2032 2144 2085 .lam
2186 2044 2419 2101 superest
2456 2043 2509 2085 ut
2539 2032 2712 2092 Billii,
2733 2027 3359 2095 Leuvenklaii,tGenebr
3376 2027 3539 2091 ardi,
3569 2035 3620 2079 et
3662 2026 3778 2077 alio-

478 2135 595 2173 rum
624 2120 713 2189 qui
742 2116 979 2188 Gregorii
1002 2121 1243 2187 operibus
1276 2139 1487 2174 manum
1509 2122 1857 2178 adhibuerunt
1883 2126 2222 2194 praefationes
2264 2127 2351 2179 hic
2393 2126 2764 2195 subjiciamus.
2795 2122 2947 2176 Billii
2982 2122 3286 2190 epistolam
3344 2116 3564 2174 Carolo
3601 2117 3771 2171 Letha-

478 2215 631 2284 ringo
655 2213 920 2265 cardinali
950 2225 1324 2281 nuncupatam,
1359 2216 1629 2286 priorique
1650 2217 1866 2272 editioni
1888 2220 2184 2287 praefixum,
2215 2218 2403 2289 forsan
2434 2217 2710 2275 detrahere
2738 2217 2998 2271 licuisset.
3041 2216 3103 2268 At
3131 2213 3292 2267 tanti
3322 2214 3439 2268 viri
3473 2212 3768 2268 reverentia.

482 2308 719 2362 libellum
750 2309 803 2361 in
829 2324 929 2377 quo
951 2294 1291 2363 calamitosas
1321 2321 1653 2381 tempestates
1680 2313 1765 2366 sui
1793 2315 1888 2369 aeri
1921 2324 2027 2367 tant
2057 2315 2316 2384 eleganter
2345 2316 2611 2379 describit,
2640 2325 2747 2367 tam
2785 2328 2965 2366 amare
2991 2311 3156 2381 luget,
3181 2310 3423 2364 ceteris
3446 2308 3570 2378 ejus
3594 2308 3765 2376 ingerit

478 2404 828 2456 monumentis
854 2413 1158 2457 connectere
1191 2403 1531 2472 decrevimus,
1559 2407 1789 2461 maxime
1833 2417 1889 2460 ut
1920 2425 2001 2461 ne
2027 2410 2304 2463 minimum
2331 2410 2459 2480 quid
2486 2408 2563 2463 vel
2598 2423 2665 2463 ea:
2703 2407 2933 2478 antiquis
2962 2402 3309 2460 editionibus
3364 2403 3682 2457 desiderare
3706 2401 3767 2453 lc-

477 2509 676 2553 ctorem
698 2501 953 2553 sinamus.

509 2612 3753 2649 0W

900 2702 1442 2748 REVERENDISSIMO
1469 2705 1533 2748 IN
1557 2706 1816 2750 αἰωὸΤο
1836 2708 2018 2752 PATRI
2069 2710 2144 2752 AC
2200 2709 2440 2754 DOMINO
2498 2710 2563 2752 ι).
2623 2708 2866 2751 CAROLO
2897 2705 3322 2752 LOTHARINGO

1492 2808 1820 2851 CARDINAL]
1851 2840 1865 2865 ,
1930 2812 2004 2855 AC
2058 2812 2329 2857 PBINCIPI
2384 2812 2880 2869 ILLUSTBISSIMO,

1309 2908 1577 2953 JACOBUS
1620 2910 1857 2954 BILLIUS
1882 2912 2081 2957 ABBAS
2110 2914 2165 2958 S.
2197 2914 2522 2958 MICHAELIS
2549 2912 2616 2959 IN
2642 2912 2875 2972 EREMO,
2907 2913 2963 2957 S.
2992 2912 3061 2956 D.

554 3033 708 3100 Quod
762 3033 838 3088 ait
882 3035 971 3089 ille
1027 3037 1189 3094 totius
1239 3039 1605 3111 philosophia
1652 3041 1881 3098 antistes
1935 3042 2059 3099 Pla—
2090 3053 2133 3110 (ζ
2164 3063 2292 3116 pace
2341 3045 2638 3100 amaritudo
2687 3061 2802 3100 mea
2841 3043 3175 3099 amarissima
3194 3043 3285 3096 ³⁸.
3317 3040 3389 3097 In
3432 3048 3583 3097 tanta
3616 3047 3743 3091 trau'

486 3138 543 3184 to
565 3128 698 3197 (56),
732 3143 956 3182 summa:
984 3139 1143 3199 atque
1167 3129 1441 3189 ell‘renatre
1467 3134 1731 3195 libertatis
1760 3151 2061 3197 extremam
2164 3136 2431 3205 quillitate
2470 3150 2693 3191 somnus
2742 3135 2810 3191 iis
2856 3134 3122 3204 obrepsit,
3150 3134 3251 3204 qui
3282 3132 3356 3188 ad
3391 3130 3642 3187 Εοειεεῖεε
3663 3142 3738 3196 8‘"

488 3223 807 3292 plerumque
840 3223 1156 3278 servitutem
1187 3225 1449 3280 asseclam
1505 3243 1648 3295 esse,
1703 3232 1845 3299 quod
1891 3234 2057 3288 etiam
2168 3226 2457 3283 bernacula
2487 3228 2765 3284 sedebant.
2788 3226 2908 3281 Non
2946 3225 3261 3282 litterarum
3320 3236 3608 3281 sacrarum
3639 3230 3739 3274 stu—

495 3315 848 3386 Hippocrates
885 3314 1020 3387 (57),
1049 3331 1332 3387 corporum
1378 3322 1722 3380 habitudines
1765 3326 1832 3381 ad
1882 3336 2066 3382 extre-
2169 3320 2275 3374 diis
2309 3319 2644 3386 incumbere,
2681 3332 2788 3373 non
2817 3316 3025 3388 plebem
3070 3315 3173 3372 sibi
3206 3314 3567 3370 commissam
3612 3309 3729 3366 salu-

496 3423 643 3462 mum
676 3408 936 3465 bonitatis
969 3412 1278 3479 perductas,
1309 3416 1642 3483 periculosas
1678 3434 1797 3475 esse
1829 3438 1844 3475 :
1877 3420 1979 3476 hoc
2009 3421 2062 3475 in
2173 3412 2331 3467 tum
2382 3412 2630 3468 doctrina
2692 3423 2936 3481 Discere.
2997 3423 3106 3463 ηοη
3155 3408 3292 3463 VWB
3355 3404 3653 3474 integritate
3684 3411 3730 3449 π

491 3500 803 3557 Christiana
850 3511 1037 3558 nostra
1069 3506 1341 3575 republica
1393 3524 1496 3564 non
1530 3510 1647 3565 sine
1691 3512 1927 3569 maximo
1952 3511 2068 3581 pio-
2175 3505 2539 3560 sanctimonia
2598 3502 2810 3558 caneris
2855 3499 3184 3571 prtelucere;
3234 3498 3338 3554 Sed
3381 3496 3469 3552 νει
3497 3492 3722 3550 domin"

493 3610 611 3648 rum
640 3596 887 3650 omnium
923 3595 1108 3651 dolore
1146 3598 1245 3653 hac
1288 3601 1487 3655 misera
1532 3613 1854 3673 tempestate
1898 3622 1998 3659 unu

2217 3596 2252 3653 :l
2283 3598 2383 3675 sibi
2410 3597 2539 3666 ipsis
2570 3603 2775 3650 tantum
2802 3592 3049 3662 vigilare,
3077 3601 3131 3647 et
3150 3591 3381 3659 quidem
3410 3588 3485 3643 ita
3512 3583 3722 3654 vigilare.

490 3688 727 3758 quisque
770 3700 1013 3744 nostrum
1067 3692 1364 3760 experitur.
1390 3691 1523 3745 Nam
1560 3694 1757 3766 signis
1789 3695 1995 3752 ﬂorenti

2213 3698 2231 3743 t
2265 3674 2433 3742 altum
2471 3686 2714 3742 dormire
2760 3684 3095 3757 praestiterit.
3145 3682 3345 3749 Qualis
3376 3690 3535 3750 porro
3556 3674 3716 3744 guber-

494 3779 688 3833 eimum
732 3779 879 3833 illum
922 3787 1147 3844 statum,
1179 3795 1286 3849 quo
1324 3768 1542 3836 Patrum
1574 3766 1832 3839 memoria
1876 3786 2071 3855 religio
2171 3790 2354 3845 nator.
2389 3780 2521 3835 tales
2566 3787 2818 3848 proreta,
2853 3777 2989 3832 tales
3044 3783 3251 3840 nautae,
3284 3772 3424 3828 tales
3474 3778 3718 3828 vestoresi

499 3878 638 3936 erat,
677 3886 799 3925 cum
856 3886 921 3925 eo
958 3886 1118 3941 quem
1170 3871 1256 3925 his
1306 3874 1687 3941 perditissimis
1733 3882 2068 3946 temporibus
2170 3882 2246 3936 et,
2276 3882 2334 3925 ut
2366 3867 2444 3926 ai’t
2479 3869 2784 3940 Scriptura,
2808 3868 2983 3939 qualis
3008 3865 3283 3930 sacerdos,
3316 3862 3441 3916 talis
3484 3869 3531 3915 et
3578 3870 3712 3953 pope-

499 3955 769 4019 videmus,
794 3958 1193 4026 composuerit,
1224 3963 1467 4028 profecto
1494 3976 1750 4034 quantum
1777 3968 1939 4022 distat
1968 3966 2004 4023 0

2199 3981 2256 4017 us
2285 3966 2354 4029 ",
2379 3962 2536 4017 mala:
2586 3960 2846 4017 sementis
2882 3958 3024 4014 mala
3060 3970 3243 4027 seges,
3277 3953 3539 4011 malorum
3572 3959 3704 4015 magn.

503 4057 588 4098 tus
613 4046 679 4099 ab
712 4047 993 4105 Occidente
1021 4053 1089 4117 ’³,
1123 4061 1325 4106 tantum
1364 4054 1505 4108 inter
1548 4066 1837 4127 utrumque
1872 4069 2068 4114 statum
2173 4035 2409 4109 stroium
2457 4052 2582 4108 mali
2612 4051 2886 4122 discipuli.
2949 4048 3075 4104 mali
3108 4045 3345 4118 θιθπιριί
3377 4040 3511 4099 mala
3537 4048 3715 4127 οιΡτέδή

495 4135 764 4191 interesse
787 4140 1105 4208 comperiet.
1143 4139 1254 4196 Nec
1278 4150 1408 4197 vero
1430 4144 1483 4197 in
1512 4159 1571 4199 re
1612 4126 1765 4201 adeo,
1787 4147 2072 4202 manifesta
2174 4149 2277 4203 sio.
2309 4146 2510 4202 Omnes
2545 4144 2954 4208 declinavimus,
2984 4152 3038 4197 et
3068 4138 3292 4197 inutiles
3318 4135 3443 4192 facti
3466 4126 3699 4189 sumus".

498 4226 659 4298 longa
714 4231 967 4285 oratione
1006 4246 1142 4300 opus
1188 4232 1309 4288 esse
1348 4246 1498 4304 puto.
1528 4235 1659 4291 Illud
1685 4240 1865 4308 potius
1891 4240 2069 4294 doleu-
2181 4238 2437 4294 Pastores
2462 4236 2659 4292 inertia
2691 4236 3015 4306 languerunt
3049 4246 3064 4284 :
3096 4229 3330 4303 populus
3359 4224 3536 4298 quales
3566 4232 3704 4273 mere-

500 4322 629 4374 dum
684 4329 849 4390 atque
899 4322 1385 4394 ingemiscendum,
1443 4340 1540 4380 nos
1601 4336 1705 4382 tam
1755 4330 2068 4400 praeclaram
2106 4393 2140 4406 ﬁ
2179 4332 2357 4397 batur,
2401 4321 2532 4386 tale‘s
2556 4336 2803 4401 pastores
2835 4324 3044 4380 habuit.
3694 4397 3701 4406 ι

499 4410 870 4468 haereditatem
896 4430 925 4469 a
970 4393 1268 4483 majoribus
1310 4426 1587 4488 acceptam
1613 4393 1798 4477 tenere
1827 4436 1931 4475 non
1963 4437 2061 4492 po--
2101 4393 2145 4448 θ
2254 4393 2475 4477 Interim
2531 4393 2836 4491 v'ersipellis
2892 4427 3081 4471 noster
3117 4412 3395 4477 inimicus.
3433 4427 3453 4462 ⁸
3484 4397 3699 4492 (5979”

498 4505 690 4560 tuisse.
730 4506 839 4561 Sed
891 4509 1102 4565 scilicet
1147 4525 1330 4565 verum
1364 4519 1450 4567 est
1474 4511 1617 4581 quod
1644 4512 1747 4568 dici
1797 4490 2072 4579 solet,7sa-
2175 4513 2459 4570 inferioris
2522 4490 2691 4583 hujus
2725 4508 2909 4565 mundi
2959 4506 3195 4562 scabiem
3259 4520 3325 4557 ac
3380 4490 3696 4591 languelllill'd

501 4598 744 4654 tielatem
774 4602 1117 4657 contumeliae
1141 4610 1305 4672 atque
1351 4603 1653 4661 insolentiae
1684 4614 1910 4660 matrem
1932 4619 2071 4661 esse.
2180 4607 2361 4662 ulcera
2387 4582 2782 4675 scalpitatque
2820 4599 3069 4668 ablingit,
3101 4596 3192 4666 qui
3242 4595 3332 4649 ubi
3384 4588 3505 4660 quid
3541 4582 3635 4637 vitii
3658 4588 3697 4628 ει

568 4690 680 4748 Nos
738 4708 1119 4763 prosperarum
1174 4710 1353 4750 rerum
1390 4695 1540 4751 velut
1588 4708 1808 4753 nectare
1839 4678 2071 4768 quodam
2177 4696 2501 4767 corruptela:
2528 4704 2634 4760 est,
2677 4693 3033 4749 cadaveribus
3075 4689 3282 4744 assidet
3329 4677 3693 4769 putredines‘ll'Ic

498 4786 701 4852 obruti,
731 4786 867 4841 bona
918 4798 1103 4843 nostra
1158 4789 1544 4861 ignoravimus,
1572 4806 1671 4846 nec
1696 4784 1870 4862 μέγαν
1897 4791 2075 4856 ὄλϐον,
2181 4796 2549 4852 contrectat,»
2584 4786 2893 4855 pastoribus
2949 4783 3003 4836 in
3054 4780 3231 4836 ollicio
3286 4768 3613 4831 cessantibus,
3651 4768 3690 4859 tn

502 4883 563 4928 ut
610 4875 677 4929 de
726 4873 957 4932 Tantalo
1005 4876 1085 4933 ait
1136 4876 1404 4934 Pindarus
1440 4879 1574 4951 (58),
1626 4879 1938 4951 καταπέψαι
1964 4879 2077 4953 (59)
2178 4895 2365 4950 agrum
2398 4878 2607 4933 Domini
2641 4876 2827 4931 furtim
2876 4875 3146 4944 ingressus
3176 4868 3380 4925 zizania
3412 4866 3683 4932 superseml‘

500 4966 819 5037 potuimus:
852 4969 1102 5038 idemque
1131 4969 1287 5025 nobis
1318 4972 1515 5026 accidit
1556 4972 1697 5041 quod
1728 4971 1927 5028 Iudaeis
1949 4972 2077 5027 olim
2180 4974 2327 5027 navit
2352 4971 2423 5037 ³⁸,
2460 4980 2774 5038 tantamque
2812 4966 3114 5035 iustissimo
3167 4962 3263 5017 Dei
3311 4955 3500 5030 judicio
3533 4955 3689 5047 tempe-

509 5072 653 5128 sazpe
682 5074 780 5113 usu
799 5061 1013 5115 venisse
1062 5061 1414 5134 legimus,qui
1434 5063 1758 5133 simulatque
1776 5064 2078 5130 incrassati,
2180 5075 2378 5121 statem
2423 5078 2713 5131 rerumque
2757 5059 2998 5116 omnium
3033 5054 3482 5128 perturbationem
3522 5045 3683 5134 excita-

499 5154 818 5223 impinguati
857 5193 872 5216 .
925 5154 1141 5209 dilatati
1197 5166 1363 5224 sunt,
1437 5157 1681 5228 protinus
1779 5158 2083 5211 recalcitra-
2184 5158 2279 5223 vit,
2316 5167 2374 5213 ut
2419 5173 2449 5212 a
2492 5156 2656 5224 jactis
2693 5153 2972 5225 religionis
3006 5160 3201 5206 nostra:
3250 5134 3683 5226 fundamentis?"

500 5256 621 5298 runt
648 5244 717 5310 “,
753 5254 810 5299 ut
860 5247 1004 5315 quod
1064 5247 1267 5317 Appius
1320 5248 1410 5303 ille
1437 5248 1505 5304 de
1544 5248 1802 5305 Romanis
1845 5250 2078 5315 dicebat,
2187 5249 2293 5304 ulla
2350 5251 2566 5318 gravior
2596 5248 2951 5315 acerbiorque
2992 5241 3300 5297 exstiterit:
3327 5241 3518 5306 quoque
3545 5228 3676 5318 ιιιτηοξ

501 5333 779 5402 negotium
819 5333 925 5388 illis
957 5334 1173 5399 melius,
1205 5352 1367 5406 quam
1399 5337 1569 5392 otium
1600 5340 1862 5395 committi
1894 5356 2076 5411 posse,
2184 5357 2297 5398 rem
2338 5353 2575 5413 stragem
2607 5341 2659 5395 iu
2697 5341 2786 5395 Dei
2816 5337 3011 5394 castris
3034 5335 3239 5398 ederet,
3274 5326 3431 5401 angeli
3456 5318 3571 5418 ¹¹ξ⁰ί³

500 5422 556 5478 in
586 5440 686 5479 nos
714 5440 821 5480 non
861 5426 1134 5482 immerito
1200 5428 1442 5499 torqueri
1503 5431 1697 5499 possit,
1731 5398 2078 5502 Ecclesiaque
2189 5447 2383 5488 sonam
2420 5398 2522 5486 sibi
2552 5430 2874 5485 induendam
2905 5427 3134 5499 putavit,
3167 5433 3228 5479 ut
3264 5434 3363 5493 quo
3389 5408 3573 5470 tectius,

502 5517 589 5571 his
646 5516 893 5573 Ezechia:
942 5520 1125 5573 verbis
1173 5521 1455 5577 commode
1489 5523 1565 5576 uti
1596 5533 1805 5593 queat:
1840 5500 2079 5579 Ecce—in
2190 5537 2410 5595 quoque
2445 5523 2734 5577 nocentius
2761 5520 3227 5591 perniciosiusqde
3260 5514 3399 5568 virus
3420 5512 3553 5562 suum
3580 5500 3657 5546 5"”

501 5652 623 5777 3'"
646 5652 795 5777 ἔξω.
823 5670 914 5719 cu,
942 5655 1025 5709 12.
1176 5654 1217 5686 ’⁵
1245 5656 1401 5716 Deut.
1437 5673 1609 5730 Ixxu,
1647 5661 1735 5718 l5.
1833 5662 1998 5721 "lsa.

566 5737 626 5778 tt.
731 5759 751 5777 .

2163 5677 2276 5730 vm,
2312 5662 2396 5716 l7.
2502 5661 2547 5691 "
2581 5658 2703 5714 Ose.
2738 5672 2814 5723 tv,
2845 5657 2899 5712 9.
3006 5653 3199 5708 "Psal.
3233 5668 3323 5716 LII,
3356 5647 3402 5699 6.
3467 5623 3668 5688 "Matth:

606 5761 626 5788 ο
660 5759 751 5777 ανδ

575 5839 687 5915 (5.6)
720 5839 837 5915 Ult-
875 5837 952 5894 υτ
979 5857 1112 5915 τέραα
1135 5869 1186 5897 o-

2264 5847 2373 5915 t59)
2410 5846 2463 5900 1ι1
2497 5855 2581 5902 est
2612 5854 2868 5915 ingentem
2890 5842 3188 5914 felicitatem
3208 5841 3504 5907 concoquere.

578 5864 687 5911 Ψυ)
720 5864 837 5895 ¹⁴¹υ⁶
875 5864 952 5894 υτ
979 5864 1112 5911 "P-v
1135 5869 1186 5897 οι
2287 5864 2373 5915 av)
2412 5864 2463 5900 lu
2497 5864 2581 5902 εει
2612 5864 2868 5915 ingentem
2890 5864 3188 5914 ιειιειιαιεηι
3208 5864 3322 5891 cum

730 5910 845 5991 [ﬂb-
876 5927 912 5973 ¹ν
937 5914 1061 5991 at)":
1090 5915 1147 5991 ἦ·
2262 5864 2396 5989 δίεν)
2427 5918 2528 5990 Ap.
2559 5916 2907 5989 Cyprian.,in
2927 5915 3087 5983 Apin,
3106 5926 3161 5982 p.
3189 5924 3322 5966 cut.

583 5981 694 6053 (58)
727 5981 959 6053 Olymp,
976 5981 1078 6040 iud.
1112 5987 1163 6044 Ι.
