3824 6394
111 409 195 466 3H

1161 392 1397 454 JACOBI
1436 398 1637 456 BlLLIl
1675 401 2198 464 PREFATIONES.

3128 398 3131 401 ’
3188 402 3298 459 518

109 523 372 601 pliciortblts
410 511 597 567 animis
640 502 951 567 ἶηειῖηθτθιο
1010 512 1120 569 δαί)
1174 516 1273 573 hac
1329 518 1478 575 larva
1527 521 1600 575 ila
1639 526 1688 587 Α
1715 526 1844 581 dere
1874 527 2145 591 desiisset,
2179 542 2238 582 se
2268 535 2446 582 tamen
2488 541 2687 582 caecam
2718 537 2840 579 esse
2872 514 3166 587 nesciebat,
3197 508 3292 580 sed

104 618 246 674 omnia
272 607 583 666 confudit‘ac
615 621 833 660 sursum
864 607 1227 677 deorsumque
1270 610 1521 679 jactavit,
1550 623 1610 668 ut

106 722 143 773 in
171 712 407 779 antiquum
440 705 598 759 chaos
623 719 758 773 pene
790 705 1100 769 recidet-int,
1142 708 1275 776 [acti
1312 725 1416 779 que
1445 712 1607 766 simus

100 806 218 875 quasi
237 803 283 855 in
312 795 550 865 principio
584 810 701 849 cum
728 796 869 851 Deus
897 800 1060 851 nostri
1090 815 1196 853 non
1222 802 1607 870 dominaretur,

103 917 171 954 nec
198 898 500 949 invocaretur
530 905 717 942 nomen
749 889 864 958 ejus
902 908 1058 958 super
1082 908 1174 946 no,
1202 894 1266 949 ss.
1304 894 1485 950 Terris
1516 914 1606 951 suo

100 996 227 1047 lutem
254 989 448 1053 longam
477 982 681 1036 dixisse
708 982 920 1038 videtur
953 985 1231 1052 charitas;
1270 988 1605 1058 improbitati

102 1093 226 1153 atque
274 1073 600 1144 impudentia:
655 1074 878 1128 habena:
933 1090 1122 1131 omnes
1174 1078 1416 1133 remissae
1457 1092 1605 1135 sunt.

100 1177 221 1231 Plena
256 1170 420 1225 Omnia
454 1165 586 1232 odii,
632 1167 875 1219 rixarum
921 1177 974 1221 et
1009 1168 1421 1229 maledicentia.
1450 1172 1602 1240 plena

98 1266 241 1324 livoris
266 1271 315 1316 et
347 1256 621 1313 virulenta:
651 1257 1037 1312 contentionis.
1072 1261 1383 1314 Amicorum
1424 1275 1478 1317 et
1510 1263 1608 1317 ho-

96 1361 220 1417 stium
269 1351 457 1408 nullum
511 1349 819 1404 discrimen.
876 1348 1046 1406 Nemo
1077 1353 1332 1419 ,seipsum
1392 1355 1609 1423 prapius

96 1448 288 1519 inspicit,
346 1445 434 1499 sed
481 1444 706 1497 salutem
752 1455 905 1495 suam
942 1440 993 1495 in
1028 1452 1142 1497 tuto
1176 1444 1382 1499 versari
1416 1446 1606 1501 existi-

94 1552 193 1604 mat,
215 1542 324 1591 dum
358 1536 486 1588 alios
519 1533 667 1586 omni
701 1533 866 1586 animi
915 1533 1214 1588 acerbitate
1264 1546 1425 1605 atque
1454 1553 1605 1591 ama-

94 1631 272 1686 ruleutia
320 1630 624 1681 insectct'ur.
662 1642 681 1676 ι
707 1623 942 1679 Pereunt
1000 1626 1162 1691 bona,
1206 1638 1263 1681 ut
1311 1629 1388 1681 ait
1424 1641 1608 1685 noster

93 1721 329 1791 Gregorius
351 1717 480 1789 (60),
521 1720 662 1771 nuda
715 1727 771 1770 et
804 1728 988 1786 aperta
1030 1726 1156 1771 sunt
1191 1718 1351 1783 mala,
1388 1722 1606 1790 naviga-

90 1815 144 1866 tio
170 1812 211 1867 in
237 1822 398 1874 nocte,
438 1807 527 1860 fax
563 1824 852 1879 nusquam,
903 1808 1153 1863 Christus
1191 1813 1409 1865 dormit.
1440 1832 1457 1864 ι
1504 1815 1605 1869 lie-

1718 617 1770 673 in
1804 619 2024 674 domum
2078 619 2421 674 tenebrosam
2465 620 2517 673 id
2567 617 2867 689 réjiciebat,
2921 615 3134 685 alioque
3194 615 3297 669 mi-

1720 724 1882 779 grare
1939 710 2077 765 velle
2119 712 2357 766 dicebat.
2411 711 2485 765 Ex
2546 726 2655 781 quo
2700 708 2932 764 eﬂicitur
2986 718 3044 760 ut
3094 708 3295 764 nemini

1670 798 1677 799 ί
1720 817 1947 871 prorsus
1992 802 2191 857 cedere
2232 807 2556 866 sustineant,
2602 816 2789 854 verum
2829 800 3038 854 cerebri
3091 800 3172 853 sui
3228 799 3293 853 ti-

1723 904 1941 963 gmeuta
1974 894 2042 947 ita
2076 895 2284 964 perdite
2327 904 2511 948 ament
2552 903 2712 960 atque
2752 889 3145 960 amplexeutur,
3182 900 3294 944 uta

1719 986 2025 1039 visceribus
2061 984 2175 1038 suis
2216 986 2394 1053 potius
2427 982 2604 1051 avelli,
2634 984 2795 1051 quam
2830 998 2858 1033 a
2906 989 3164 1049 concepta
3220 995 3299 1032 se-

1662 1074 1665 1077 ’
1718 1075 1825 1129 mel
1860 1076 2113 1144 opinione
2156 1075 2396 1129 abstrahi
2446 1076 2743 1145 patiantur.
2780 1071 2891 1143 (65)
2926 1090 2941 1119 ι
2967 1071 3040 1123 Ita
3093 1071 3289 1139 perditi

1718 1165 1974 1233 perdunt,
2036 1177 2086 1218 et
2154 1166 2432 1234 depravati
2477 1180 2718 1219 errorem
2768 1162 3051 1233 pravitatis
3110 1161 3294 1215 infun-

1718 1258 1872 1317 dunt,
1903 1277 1920 1307 ι
1958 1273 2021 1310 ac
2048 1259 2198 1311 virus
2222 1274 2376 1312 suum
2410 1273 2852 1326 quaquaversum
2886 1270 3142 1323 spargere
3178 1269 3295 1306 mo-

1716 1346 1966 1402 liuntur:
2001 1360 2056 1400 ut.
2092 1363 2198 1403 non
2236 1350 2333 1402 abs
2369 1366 2424 1402 re
2464 1349 2696 1419 Cyprius
2731 1346 2820 1401 ille
2867 1349 3152 1412 episcolms
3180 1341 3292 1411 (6-4)

1664 1440 1671 1445 “
1715 1456 1810 1513 eos
1868 1441 2224 1512 ὲκΟὰμϐητὰς
2266 1442 2373 1494 τῶν
2428 1442 2717 1514 προϐάτων
2764 1440 2859 1493 καὶ
2919 1438 3163 1508 πτύρτας
3184 1434 3295 1488 τῶν

1714 1531 2077 1602 περιστερῶν.
2110 1532 2202 1585 καὶ
2235 1532 2468 1604 σοὸητὰς
2514 1532 2622 1584 τῶν
2680 1530 2774 1584 τοῦ
2826 1528 3062 1601 Χριστοῦ
3094 1526 3296 1598 ἀρνίων

1720 1624 1815 1677 καὶ
1842 1624 2173 1695 θρεμμάτων
2210 1636 2383 1677 vocet.
2418 1623 2505 1677 Sic
2539 1612 2781 1692 impurus
2837 1623 3006 1674 hostis
3059 1620 3292 1671 fructum

1714 1730 1931 1770 omnem
1962 1714 2332 1768 memorabilis
2381 1715 2530 1770 illius
2562 1712 2836 1782 supplicii,
2866 1713 3009 1782 quod
3047 1710 3296 1765 Christus

1715 1806 1768 1861 in
1803 1821 1964 1861 cruce
2021 1808 2258 1876 pertulit,
2306 1817 2359 1859 ut
2388 1807 2529 1874 ﬁlios
2572 1806 2686 1871 Dei,
2727 1806 2816 1874 qui
2865 1813 3013 1858 erant
3046 1802 3292 1871 dispersi,

88 1902 339 1971 [rigescenle
374 1898 453 1952 vel
486 1898 669 1965 potius
708 1898 979 1953 exstincta
1008 1899 1266 1951 charitate
1297 1901 1526 1955 abundat
1557 1905 1607 1958 in
1644 1899 1685 1957 Β
1716 1910 2057 1971 congregaret
2086 1901 2141 1953 in
2176 1916 2335 1952 unum
2369 1900 2437 1965 ³³,
2467 1898 2708 1953 [ιιιιᾱιιιιε
2745 1898 2935 1951 tollere
2960 1906 3121 1964 atque
3150 1892 3296 1947 evel-

86 1992 183 2044 orbe
213 1989 443 2057 iniquitas
466 1982 533 2039 3°.
568 1988 888 2043 Exundante
919 2003 1080 2058 porro
1103 2000 1265 2055 atque
1296 1992 1348 2044 in
1381 1993 1608 2047 innuen-

90 2097 178 2134 sam
204 2091 540 2135 excrescente
592 2081 905 2150 iniquitate,
938 2081 1207 2135 vindicem
1245 2083 1334 2136 Dei
1370 2086 1605 2153 gladium

83 2174 385 2244 ardentesque
420 2172 537 2228 illas
583 2174 812 2245 sagittas
838 2174 882 2241 ξι
910 2175 962 2229 in
1000 2188 1098 2228 nos
1143 2175 1339 2231 cadere
1370 2195 1473 2233 nou
1526 2190 1609 2236 est

84 2280 252 2317 nurum.

136 2355 289 2425 itaque
336 2353 479 2409 haud
540 2355 656 2408 scio
700 2368 768 2408 an
820 2370 925 2410 non
960 2359 1128 2415 multo
1157 2362 1491 2417 commodius
1542 2363 1609 2418 de

81 2449 155 2505 hoc
180 2459 347 2503 nostra
375 2457 621 2515 tempore
671 2448 853 2501 dicere
889 2453 1045 2506 nobis
1104 2454 1282 2518 liceat,
1308 2457 1448 2525 quod
1480 2456 1606 2525 Epi-

77 2540 386 2613 phauius(61)
417 2540 551 2595 olim
601 2541 666 2594 de
715 2556 811 2594 sua
875 2555 1193 2614 tempestate
1243 2548 1311 2603 ob
1363 2552 1605 2603 eamdem

79 2651 248 2689 causam
302 2636 535 2689 dicebat.
585 2652 603 2685 ι
634 2632 936 2690 Mirandum
970 2649 1052 2692 est
1086 2643 1188 2695 hoc
1248 2647 1514 2711 tempore,
1548 2653 1607 2696 et

76 2743 151 2780 ιιοιι
195 2725 511 2780 mirandum.
561 2725 886 2793 Mirandum,
941 2732 1085 2799 quod
1162 2744 1354 2788 nostro
1404 2735 1607 2789 saeculo

76 2819 212 2877 «nimia
243 2817 531 2887 implentur
568 2834 583 2871 :
621 2833 727 2872 non
788 2828 967 2873 autem
1000 2822 1325 2889 mirandum,
1352 2825 1475 2893 quia
1507 2825 1606 2879 im-

74 2911 173 2979 pleri
194 2926 246 2964 ea
272 2925 495 2965 necesse
546 2920 653 2964 est.
679 2929 697 2963 ι
727 2911 795 2964 Et
818 2914 1006 2980 paucis
1040 2918 1220 2972 verbis
1255 2917 1553 2986 interiectis
1589 2936 1603 2973 :

78 3000 197 3066 «Quo
220 3017 497 3071 progressa
528 3012 615 3056 est
650 3018 805 3058 mens
834 3004 1067 3062 hominis
1095 3023 1260 3077 prona
1308 3013 1374 3066 ad
1404 3014 1605 3067 malum

71 3095 119 3147 ab
141 3093 482 3150 adolescentia
503 3095 642 3148 sua?
667 3096 811 3162 Quas
838 3098 959 3153 ﬁdei
988 3111 1169 3168 partes
1194 3117 1299 3157 non
1335 3106 1608 3172 perdidit?

70 3185 109 3237 lu
139 3186 308 3256 quibus
356 3187 824 3255 disputationibus
858 3191 1147 3245 utilitatem
1190 3209 1296 3247 non
1322 3199 1610 3264 perturba—

69 3278 124 3330 vit
148 3278 339 3334 consilii
387 3280 813 3349 perversitas?»
853 3281 990 3350 Quid
1024 3258 1339 3341 ειιὶιιιῖΑιι-
1373 3305 1477 3343 non
1510 3289 1606 3344 de-
1635 3258 1677 3316 Ο

68 3369 437 3437 ploratissimam
491 3378 639 3428 hanc
690 3384 908 3430 aetatem
944 3377 1095 3432 velut
1145 3380 1314 3450 digito
1361 3379 1609 3440 indicare

68 3460 235 3517 videtur
262 3466 343 3519 vir
371 3464 466 3519 ille
498 3467 908 3534 sanctissimus,
947 3472 1001 3525 in
1055 3487 1160 3540 qua
1197 3443 1441 3528 veinova
1477 3490 1607 3544 quo-

67 3552 163 3606 tidie
202 3557 449 3625 dogmata
503 3555 778 3622 feruntur,
807 3560 891 3614 vel
930 3557 1042 3627 jam
1093 3562 1220 3616 olim
1260 3580 1521 3635 oppressa
1554 3576 1609 3622 et

66 3647 231 3713 irpultn
278 3649 331 3703 in
389 3648 579 3726 lucem
636 3655 1009 3709 revocantur?
1044 3654 1232 3726 Neque
1280 3659 1426 3714 enim
1476 3664 1609 3716 satis

65 3735 212 3793 habuit
244 3740 409 3796 Satan
467 3721 830 3801 anteriorihus
888 3746 1009 3803 telis
1046 3721 1310 3807 adversus
1358 3768 1456 3809 uos
1505 3756 1605 3821 uti,

63 3827 140 3882 nisi
180 3831 329 3885 etiam
366 3848 616 3898 venena,
655 3843 711 3888 ut
747 3838 823 3890 ait
862 3836 972 3903 ille,
998 3840 1137 3895 crelo
1177 3851 1411 3910 peteret,
1444 3854 1608 3914 atque

62 3931 107 3969 ex
124 3918 481 3978 saluberrimis
514 3923 643 3978 vita:
678 3923 917 3982 fontibus
938 3943 967 3980 a
999 3944 1059 3984 se
1102 3932 1337 3997 vitiatis,
1373 3918 1607 3990 mortem

62 4008 179 4063 nobis
204 4013 542 4082 propinaret,
565 4016 876 4087 sagittaque
903 4017 991 4072 illa
1020 4034 1115 4088 per
1139 4020 1281 4077 diem
1302 4024 1516 4080 volante
1540 4025 1605 4092 ³⁸,

61 4097 134 4152 hoc
157 4113 248 4169 est,
291 4114 349 4158 ut
399 4122 505 4175 per
543 4108 845 4165 brcreticos.
870 4109 922 4163 in
954 4121 1270 4168 sanctarum
1307 4114 1610 4187 intelligen-

66 4190 115 4239 tia
139 4193 566 4265 Scripturarum,
595 4199 895 4255 Ecclesium
927 4203 1365 4264 couvulneraret.

108 4281 221 4339 llinc
253 4288 358 4343 illae
408 4300 496 4345 tot
535 4299 756 4361 tamque
811 4292 1057 4349 dissectae
1118 4306 1300 4365 sectas,
1330 4315 1467 4369 quas
1516 4316 1612 4372 per

59 4388 152 4427 sitos
189 4381 454 4436 satellites
496 4392 615 4439 toto
674 4387 807 4441 orbe
865 4386 1184 4443 Christiano
1239 4393 1470 4463 spargit,
1517 4396 1609 4464 qui

58 4472 221 4523 utinam
258 4472 355 4543 ipsi
408 4485 530 4528 tum
583 4490 696 4531 suae
740 4486 851 4531 tum
891 4478 1123 4534 aliorum
1171 4483 1366 4537 salutis
1428 4486 1609 4541 minus

1712 1994 1825 2049 lere
1863 1995 2036 2049 tuodis
2077 1996 2335 2049 omnibus
2363 2004 2615 2048 conatur.
2650 1992 2795 2047 Nihil
2828 1991 2972 2047 enim
3012 2005 3134 2045 eum
3173 2003 3296 2058 gra-

1669 2078 1675 2083 ’
1715 2089 1833 2142 vius
1866 2088 2015 2156 angit
2038 2096 2090 2141 et
2119 2086 2419 2151 excruciat,
2451 2100 2611 2155 quam
2657 2101 2757 2154 pax
2786 2084 3013 2137 aliorum
3064 2091 3120 2135 et
3161 2095 3293 2133 con-

1670 2184 1673 2187 ‘
1712 2180 1922 2241 cordia,
1962 2180 2117 2249 cujus
2167 2194 2227 2233 se
2268 2193 2368 2233 suo
2404 2178 2612 2233 scelere
2637 2174 3103 2247 expertemvidet.
3146 2168 3293 2222 Nihil

1710 2284 1794 2330 est
1830 2274 1971 2347 quod
2012 2273 2226 2328 avidius
2263 2281 2501 2342 expetat,
2536 2281 2699 2340 atque
2755 2269 2809 2323 in
2856 2282 2963 2338 quo
3004 2266 3294 2320 vehemen-

1711 2369 1819 2422 tius
1868 2367 2132 2431 elaboret,
2167 2381 2330 2437 quam
2364 2377 2422 2421 ut
2462 2364 2643 2419 nobile
2692 2361 2819 2417 illud
2874 2359 3078 2414 amoris
3114 2372 3177 2412 ac
3200 2356 3294 2411 be-

1712 2459 2032 2515 nevolentiae
2069 2460 2329 2529 legatum,
2386 2456 2526 2527 quod
2579 2454 2826 2508 Christus
2888 2450 3144 2505 Ecclesiae
3182 2463 3295 2502 suas

1714 2561 2036 2607 testamento
2074 2550 2317 2620 reliquit,
2354 2547 2511 2603 nobis
2559 2551 2905 2613 estorqueat.
2962 2540 3038 2595 Ac
3067 2537 3296 2609 proinde

1712 2660 1848 2717 quas
1879 2655 2057 2714 potest
2084 2642 2462 2698 contentiones
2490 2638 2543 2693 in
2576 2639 2737 2693 domo
2768 2634 2862 2689 Dei
2887 2632 3041 2695 serit,
3077 2638 3133 2685 et.
3153 2629 3295 2699 Quod

1714 2739 1781 2792 de
1809 2746 1985 2792 morte
2022 2733 2383 2806 Hieronymus
2423 2729 2758 2800 aiebat(65),
2794 2746 2812 2777 ί
2837 2726 3032 2779 fratres
3077 2719 3293 2782 όὶνῖάῖῑν

1712 2838 1766 2883 et
1797 2828 2122 2883 charissima
2174 2827 2323 2883 inter
2377 2841 2438 2883 se
2487 2824 2709 2879 nomina
2766 2818 3001 2876 crudelis
3035 2826 3089 2872 et
3126 2816 3295 2868 durus

1712 2920 1993 2975 dissociat.
2027 2940 2045 2972 ι
2672 2918 2677 2928 ’

1787 3012 1912 3067 llaec
1967 3013 2102 3082 proh
2144 3011 2335 3068 dolor!
2383 3026 2487 3064 non
2541 3009 2652 3078 jam
2694 3006 2941 3073 auribus,
2974 3003 3066 3059 sed
3122 3015 3297 3055 ocnus

1715 3106 1852 3174 ipsis
1905 3106 2188 3159 haurimus
2227 3127 2237 3159 :
2278 3121 2383 3159 non
2418 3103 2530 3171 jam
2580 3100 2833 3170 legimus,
2868 3098 2961 3151 sed
3008 3095 3295 3157 sentimus,

1718 3214 1994 3270 quamque
2042 3198 2278 3268 κακίστη
2328 3194 2634 3266 δαιμόνων,
2690 3201 2751 3246 ut
2799 3189 3073 3259 Euripidis
3133 3187 3298 3239 verbo

1713 3301 1855 3354 utar,
1891 3290 1963 3346 sit
2001 3290 2251 3353 hmresis,
2285 3304 2390 3343 non
2431 3299 2536 3341 tam
2575 3302 2638 3340 ex
2696 3283 2971 3337 annalium
3008 3277 3294 3340 memoria,

1711 3398 1876 3455 quam
1914 3397 1983 3436 ex
2025 3381 2345 3437 nostrismet
2402 3379 2504 3450 ipsi
2552 3374 2956 3433 calamitatibus
3010 3370 3295 3441 cognosci-

1713 3490 1859 3529 tuus.
1899 3472 2096 3529 Multas
2130 3473 2349 3543 quidem
2386 3484 2690 3541 gravesque
2728 3469 2994 3521 luerosum
3029 3460 3296 3532 procellas

1711 3565 1765 3620 in
1799 3576 2046 3621 veterum
2111 3562 2482 3618 monumentis
2535 3560 2838 3629 descriptas
2885 3554 3295 3611 videmuszsed

1712 3658 1878 3712 nmlto
1917 3657 2133 3729 gravius
2160 3672 2260 3711 nos
2306 3654 2565 3719 adiciunt,
2618 3669 2753 3723 quas
2788 3651 2885 3720 ipsi
2924 3647 3199 3703 cernimus
3229 3658 3297 3700 ac

1711 3750 1996 3805 sentimus.
2040 3747 2109 3833 Ut
2155 3750 2300 3805 enim
2362 3764 2448 3803 res
2509 3748 2698 3817 procul
2751 3746 2818 3799 ab
2866 3743 3038 3799 oculis
3091 3740 3297 3795 dissita:

1715 3840 1885 3896 multo
1940 3831 2184 3896 minores
2218 3842 2493 3904 videntur,
2534 3855 2695 3908 quam
2755 3852 2874 3906 qua:
2916 3832 3156 3905 propiori
3210 3831 3295 3884 iu-

1713 3933 1941 3989 tervallo
1971 3942 2289 4002 spectantur
2312 3974 2327 3999 ,
2381 3932 2568 3988 eodem
2604 3931 2769 3991 modo
2802 3930 2916 3982 ﬁeri
2954 3943 3059 3981 non
3097 3933 3294 3995 potest,

1713 4026 1843 4095 quin
1882 4041 2119 4095 praesens
2142 4025 2428 4079 calamitas
2462 4022 2631 4077 multo
2656 4021 2963 4091 graviorem
3008 4016 3165 4074 nobis
3201 4015 3298 4068 do-

1712 4118 1881 4173 lorem
1944 4119 2152 4185 inurat,
2197 4134 2358 4188 quam
2418 4134 2555 4187 quas
2610 4117 2663 4171 in
2710 4113 3093 4169 historicorum
3140 4107 3298 4162 libris

1712 4211 1859 4266 velut
1890 4212 1940 4265 iu
1977 4211 2158 4266 tabula
2197 4212 2431 4281 quadam
2482 4210 2656 4282 pictas
2703 4209 2998 4262 intuemur.
3062 4204 3126 4257 Et
3167 4215 3299 4255 sane

1713 4319 1924 4373 acquum
1970 4313 2109 4370 erat,
2144 4312 2200 4356 ut
2244 4304 2333 4373 qui
2377 4302 2677 4357 vicinorum
2721 4308 3037 4352 nostrorum
3093 4293 3294 4348 tristis-

1715 4396 1867 4451 simis
1922 4395 2186 4466 exemplis
2237 4396 2444 4450 erudiri
2493 4392 2854 4465 negleximus,
2917 4389 3017 4457 ipsi
3078 4388 3296 4441 tandem

1716 4486 1836 4541 aliis
1872 4486 1927 4540 in
1959 4486 2267 4556 exemplum
2299 4497 2744 4554 proponeremur,
2782 4478 3071 4545 caeterique
3101 4490 3168 4528 ex
3201 4487 3298 4527 no—

60 4561 227 4630 Prodigi
275 4566 507 4662 essent!
554 4565 773 4623 Utinam
829 4568 1032 4626 fastum
1064 4572 1215 4629 illum
1259 4592 1415 4632 suum
1446 4590 1609 4649 atque
1643 4608 1685 4662 ι)
1716 4577 1800 4633 bis
1840 4579 2224 4633 documentum
2273 4585 2548 4647 caperent,
2593 4573 2723 4644 quid
2758 4571 2859 4627 sibi
2915 4576 3060 4624 esset
3094 4568 3145 4621 in
3201 4580 3296 4618 ea-

58 4658 380 4725 srrogantiam
418 4660 878 4730 comprimerent,
917 4679 1018 4721 nec
1074 4668 1449 4737 antiquitatem
1485 4674 1606 4726 uni-

58 4758 225 4802 \ersam
251 4751 525 4808 caecitatis
548 4762 711 4825 atque
741 4755 1059 4823 ignorantiae
1083 4759 1343 4818 damnare
1368 4764 1607 4834 mallent,

57 4854 180 4909 quam
201 4860 448 4903 errorem
487 4862 652 4902 suum
683 4849 973 4906 conliteri!
1023 4852 1127 4909 Sed
1177 4855 1340 4912 habet
1382 4858 1484 4914 hoc
1517 4860 1614 4914 itu-

58 4935 207 5000 primis
231 4940 528 5011 φιλαυτία,
555 4942 821 4998 haeresum
859 4945 1101 4999 omnium
1130 4964 1329 5017 parens
1365 4951 1608 5007 certissio

57 5041 136 5093 tua,
183 5032 320 5100 quod
355 5033 453 5099 iis,
515 5033 611 5104 qui
657 5032 761 5088 hoc
800 5035 932 5088 vitio
977 5035 1162 5091 iniecti
1212 5048 1361 5103 sunt,
1422 5041 1608 5096 oculos

57 5130 238 5182 prorsus
275 5124 583 5195 morbique
628 5140 849 5181 sensum
883 5141 1102 5181 onmem
1133 5130 1312 5198 eripit,
1347 5131 1611 5203 planeque
1678 5198 1681 5201 η

53 5211 198 5268 eodem
251 5220 420 5274 modo
474 5234 577 5273 eos
628 5217 812 5285 aﬂicit,
868 5236 977 5289 quo
1027 5220 1348 5291 llarpastem
1408 5224 1609 5279 fatuam

52 5312 169 5357 manu
205 5303 421 5365 Seneca
459 5308 580 5381 (62)
608 5308 890 5366 laborasse
940 5310 1156 5378 scribit,
1187 5329 1309 5386 quae
1359 5328 1484 5371 cum
1536 5315 1614 5372 vi-

102 5488 137 5517 ”
163 5487 257 5544 Isa.
286 5506 456 5559 um,
496 5493 589 5551 19.

669 5493 714 5526 ³⁸
743 5493 935 5551 Matth.
962 5508 1111 5564 xxtv,
1142 5496 1230 5556 1‘3.

53 5567 197 5624 xmv,
236 5563 323 5618 16.
652 5576 653 5579 ‘

101 5739 202 5814 (60)
237 5744 417 5814 Epist.
446 5750 526 5801 ad
566 5742 889 5802 Eudoxium.
924 5747 992 5801 al.
1022 5758 1211 5802 xxnx.

102 5815 197 5888 (iii)
226 5815 345 5888 ιλιι).
375 5835 468 5881 ιιι.
508 5826 642 5875 tom.
687 5822 750 5883 ll,
783 5823 1042 5871 Adrersus
1070 5817 1330 5883 Antidicq
1366 5830 1418 5888 Ρ.
1454 5817 1615 5875 1054.

122 5881 426 5957 62)Senec.
463 5889 524 5945 in
555 5881 768 5946 Hercul.
813 5888 1035 5946 Ostrea.-

1336 5497 1548 5555 ”Psal.
1600 5513 1698 5564 vn,
1755 5496 1841 5551 i7.

1714 4671 1836 4726 dem
1881 4685 2044 4725 causa
2074 4669 2593 4739 pertimescendum.
2629 4667 2803 4731 Atque
2863 4661 3067 4715 utinam
3104 4656 3293 4710 verbe-

1717 4763 1867 4819 ribus
1894 4763 2109 4827 saltem,
2136 4772 2194 4816 ut
2227 4761 2487 4841 Phryges,
2526 4767 2581 4811 et
2611 4756 2829 4826 quidem
2861 4754 3057 4807 iterum
3094 4765 3156 4804 ac
3188 4758 3296 4802 ter-

1716 4852 1794 4909 tio
1820 4851 2084 4920 repetitis,
2116 4838 2366 4905 meliores
2396 4847 2758 4909 eﬂiceremur,
2792 4858 2855 4898 ac
2886 4856 2990 4895 non
3024 4840 3200 4911 potius
3228 4838 3295 4891 ad

1716 4953 1826 5000 tam
1857 4945 2022 4999 duras
2057 4942 2241 5013 plagas
2290 4941 2823 5009 obstupesceremus.
2876 4932 3006 4997 Sed,
3037 4931 3179 4999 quod
3207 4933 3295 4983 vix

1716 5040 1835 5094 sine
1868 5037 2125 5110 lacrymis
2152 5034 2257 5089 dici
2293 5040 2489 5103 potest,
2524 5030 2591 5084 ad
2627 5027 2831 5083 doloris
2858 5039 3077 5080 sensum
3121 5021 3295 5076 obdu-

1718 5131 1894 5186 ruisse
1938 5130 2206 5185 videmur.
2252 5124 2509 5195 Dissipati
2559 5123 2703 5176 enim
2753 5133 2955 5181 sumus,
3007 5123 3065 5169 ut
3122 5112 3295 5182 inquit

1718 5222 2011 5293 Propheta,
2037 5233 2086 5278 et
2114 5241 2216 5278 non
2263 5220 2553 5289 compuncti
2594 5216 2660 5271 ³³.
2690 5212 2953 5269 Percussit
2980 5226 3071 5264 nos
3109 5206 3294 5261 Darni-

1723 5331 1840 5381 nus,
1884 5323 1934 5370 et
1967 5331 2071 5369 non
2099 5314 2408 5376 doluimus;
2444 5308 2642 5362 attriuit
2683 5321 2799 5370 nos,
2836 5313 2881 5356 at
2917 5299 3180 5355 renuimus
3207 5312 3295 5351 ac-

1964 5495 2009 5529 ”
2035 5492 2179 5553 Psal.
2206 5509 2293 5559 xc,
2337 5489 2389 5546 6.
2494 5488 2538 5522 ⁸³
2570 5486 2726 5542 Joan.
2764 5501 2840 5553 xl,
2872 5482 2962 5539 52.
3014 5508 3027 5553 ί
3074 5483 3119 5516 ³³
3148 5481 3290 5539 Ρετι.

1798 5743 1911 5813 (65)
1940 5741 2193 5814 Cyprian.
2221 5739 2315 5794 lih.
2338 5736 2415 5791 De
2444 5734 2997 5814 ίιῙοῙτΔῑηηἹΡέΑῚὲθ.

1798 5803 1909 5883 (64)
1940 5803 2255 5883 Epiphtlib.
2285 5818 2529 5883 nt._tout.
2564 5809 2623 5872 Il,
2650 5822 2704 5874 p.
2734 5803 2889 5883 10952:

1798 5876 1908 5955 (65)
1942 5875 2109 5955 Epist.
2134 5881 2222 5951 55,
2258 5888 2299 5943 t,
2337 5880 2423 5950 ιγ,
2452 5889 2591 5953 part.
2630 5894 2689 5947 ιι,
2718 5894 2773 5947 p.
2803 5875 2930 5933 267.
