3824 6394
549 264 694 366 ἐις

1685 310 1916 368 JACOBI
1959 311 2160 368 BlLLll
2200 311 2724 368 PREFATIONES.

3629 361 3634 368 ~
3667 320 3738 379 5‘10

587 425 758 492 cipere
803 418 1131 491 disciplinam
1163 418 1229 473 ".
1270 417 1464 473 Bellum
1517 421 1559 474 si
1601 424 1818 490 quando
1867 439 1897 477 e
1954 423 2492 494 laqueisAtigrides
2546 439 2604 479 se
2655 423 2920 495 praebent.
2981 421 3212 486 Christi,
3253 422 3402 493 cujus
3450 425 3737 492 admirabilem

585 513 890 579 evaserint,
925 525 988 568 ea
1031 512 1214 566 omnia
1263 512 1406 577 loca,
1437 514 1490 568 in
1536 514 1732 583 quibus
1783 515 2005 586 laqueos
2044 512 2184 571 esse'

589 607 956 677 suspicantur,
987 605 1178 660 sedulo
1220 606 1463 675 fugiunt;
1510 622 1609 661 nos
1641 607 1794 662 bardi
1825 617 1879 662 et
1904 609 2162 662 vecordes

591 703 658 754 ad
685 698 931 754 eumdem
968 699 1214 767 quotidie
1244 698 1474 768 lapidem
1494 698 1867 770 impingimus,
1891 710 1944 755 et
1969 715 2163 771 pyrau-

590 803 798 848 starum
843 793 896 847 in
937 805 1169 858 morem,
1210 794 1457 846 ambusta
1489 793 1600 862 jam
1628 793 1787 847 toties
1824 809 1888 847 ac
1917 794 2164 865 ferejam

590 883 779 936 adusta
826 898 1054 952 corpora
1113 881 1346 936 ﬂammis
1383 883 1561 936 adhuc
1585 883 1952 937 admovemus.

661 973 1100 1044 Quotusquisque
1132 985 1215 1028 est
1239 975 1404 1039 enim,
1429 974 1520 1044 qui
1566 975 1618 1027 in
1646 983 1755 1027 tam
1808 976 1975 1030 denso
2023 976 2169 1029 cala-

595 1065 845 1119 mitatum
889 1067 1108 1136 agmine
1157 1067 1437 1121 meliorem
1471 1076 1705 1120 mentem
1735 1067 1939 1127 induat.
1964 1078 2017 1122 ct
2040 1084 2168 1122 con-

595 1157 789 1225 cipiat,
833 1172 896 1213 ac
936 1158 1090 1228 quasi
1121 1159 1388 1228 parturiat
1421 1159 1674 1227 spiritum
1711 1161 1902 1214 salutis
1935 1161 2013 1212 ³⁸⁸2
2045 1161 2169 1215 0m-

596 1264 694 1303 ncs
723 1264 859 1317 pene
897 1249 1089 1304 iisdem
1125 1251 1366 1320 vestigiis
1425 1252 1743 1316 insistimus,
1782 1253 1929 1307 vitiis
1973 1254 2171 1308 nostris

598 1341 964 1410 indulgemus,
994 1359 1056 1397 ea
1100 1344 1375 1398 mordicus
1397 1344 1718 1410 retinemus,
1745 1344 2008 1413 novisque
2034 1359 2172 1413 quo-

603 1432 731 1486 tidie
762 1433 978 1501 flagitiis
1031 1435 1393 1495 cumulamus,
1424 1449 1538 1498 nec,
1583 1445 1640 1488 ut
1694 1452 1814 1487 cum
1872 1436 2038 1504 lyrico
2093 1435 2172 1487 lo-

598 1540 738 1592 quar
771 1525 908 1594 (66),
937 1541 1034 1594 per
1065 1537 1304 1579 nostrum
1342 1528 1577 1596 patimur
1603 1527 2050 1582 scelusiracuntla
2081 1526 2174 1580 Jo-

597 1631 718 1669 vem
747 1632 945 1686 ponere
982 1617 1230 1670 fulmina.
1271 1617 1420 1671 llanc
1459 1633 1636 1671 rerum
1679 1618 2030 1672 acerbitatem
2079 1619 2174 1671 de-

598 1709 903 1778 ploramus,
939 1708 1079 1763 banc
1114 1709 1372 1778 temporis
1421 1709 1791 1763 infelicitatem
1835 1722 2171 1772 accusamus,

601 1801 760 1871 cujus
798 1801 898 1870 ipsi
956 1803 1098 1855 unici
1154 1802 1290 1856 fabri
1344 1813 1504 1870 atque
1547 1800 1786 1855 artiﬁces
1837 1816 2040 1854 sumus.
2094 1801 2175 1854 Ad

600 1889 764 1960 flagra
802 1906 1225 1953 murrnuramns,
1260 1891 1349 1957 qui
1381 1892 1728 1958 scorpionum
1755 1889 1797 1921 ³⁷
1829 1891 1965 1944 ictus
2000 1903 2176 1944 mere-

599 1997 743 2035 mur.
791 1981 1043 2036 Dolemus
1075 1983 1254 2035 omnia
1286 1982 1404 2052 plus
1428 1998 1586 2052 quam
1622 1982 1881 2036 feralibus
1905 1981 2044 2036 odiis
2090 1997 2177 2035 ar-

601 2072 759 2136 dere,
805 2082 858 2125 et
891 2089 1012 2128 cum
1042 2073 1150 2127 Deo
1181 2073 1232 2126 in
1279 2074 1506 2143 gratiam
1545 2075 1722 2128 redire
1764 2089 1866 2126 non
1902 2087 2175 2129 curamus.

600 2167 765 2235 Quasi
799 2183 926 2222 vero
969 2179 1115 2222 certa
1166 2183 1270 2237 pax
1320 2168 1462 2222 inter
1511 2183 1607 2223 eos
1634 2168 1943 2222 coalescere
1995 2177 2176 2235 queat,

603 2261 758 2329 quia
795 2261 903 2316 Deo
948 2261 1095 2330 pacis
1139 2275 1260 2315 sese
1321 2267 1667 2324 averterunt;
1714 2268 1873 2327 atque
1927 2259 1963 2313 ii
2011 2274 2180 2312 mem-

601 2349 697 2405 bra
753 2361 936 2406 tenere
979 2361 1206 2421 queant,
1254 2352 1345 2422 qui
1391 2361 1567 2420 caput,
1622 2361 1679 2404 ut
1741 2362 1822 2405 est
1864 2350 2001 2420 apud
2041 2353 2180 2420 Apo-

602 2443 802 2497 stolum
831 2443 900 2509 ³⁸,
933 2461 1035 2497 non
1067 2453 1258 2498 leuent.
1299 2443 1366 2500 Ut
1398 2444 1541 2498 enim
1581 2445 1635 2496 in
1671 2443 1874 2498 circulo
1912 2458 2016 2512 quo
2065 2443 2182 2496 lon-

605 2535 726 2602 gius
787 2551 815 2588 a
867 2545 1054 2590 centro
1118 2536 1274 2590 linea:
1333 2536 1766 2602 protrahuntur,
1822 2533 1925 2590 hoc
1969 2550 2182 2604 quoque

610 2624 948 2693 longioribus
979 2625 1278 2680 intervallis
1307 2626 1446 2681 inter
1463 2641 1521 2680 se
1549 2626 1755 2680 distant
1789 2643 1804 2682 :
1834 2628 1899 2680 ad
1933 2627 2179 2680 eumdem

612 2714 833 2767 modum
894 2730 1002 2784 quo
1057 2716 1288 2784 quisque
1339 2714 1550 2781 longius
1581 2731 1610 2769 a
1662 2715 1770 2770 Deo
1823 2715 2071 2778 discedit,
2119 2731 2183 2770 ro

608 2805 773 2859 etiam
811 2806 978 2872 magis
1005 2820 1034 2859 a
1075 2807 1314 2878 fraterna
1367 2807 1657 2873 cbaritate,
1699 2806 1809 2861 imo
1843 2806 2006 2862 etiam
2033 2822 2065 2862 a
2095 2822 2182 2863 se-

574 2905 579 2910 '
603 2893 725 2965 ipso
755 2906 1081 2954 removetur.

682 2986 818 3042 Nam
851 2988 983 3058 quid
1011 2990 1075 3044 de
1109 2989 1173 3044 iis
1205 2987 1404 3055 dicam,
1447 2989 1539 3059 qui
1574 2989 1642 3045 ab
1679 2989 1934 3046 Ecclesiae
1959 3005 2184 3059 corpore

2266 516 2550 586 quemdam
2587 517 2758 571 zelum
2813 531 2924 585 prze
2967 529 3026 570 se
3076 515 3343 580 ferebant,
3385 517 3560 586 templa
3603 524 3730 581 disiur.

2267 609 2418 671 bant,
2457 609 2847 678 patrimonium
2876 607 3159 676 diripiunt,
3178 606 3448 662 ministros
3471 609 3738 674 obtruncant.

2269 700 2451 769 Regis,
2495 699 2648 770 cujus
2674 698 3056 754 auctoritatem
3100 699 3482 767 imperiumque
3509 700 3595 755 sibi
3617 719 3742 762 sacru-

2268 803 2515 844 sanctum
2548 806 2670 846 esse
2702 791 2924 845 alternis
2954 804 3120 860 pr0pe
3143 789 3322 844 verbis
3350 789 3661 861 afﬁrmabant,
3686 815 3743 852 ur-

2270 883 2366 935 bes
2424 883 2475 934 vi
2546 892 2707 951 atque
2766 882 2932 936 armis
2982 891 3312 950 expugnant,
3369 882 3550 936 tributa
3601 884 3743 955 legunt,

2269 982 2544 1040 sceptrum
2573 972 2760 1040 etiam,
2790 972 2832 1026 si
2881 971 3112 1041 possint,
3139 979 3456 1038 extorquere
3482 978 3744 1034 contendunt.

2270 1063 2482 1132 Populi,
2519 1063 2675 1131 cujus
2717 1079 2902 1128 causa,
2942 1062 3229 1132 populares
3275 1061 3514 1117 videlicet
3554 1064 3744 1131 homines.

2271 1172 2414 1209 anno
2447 1156 2708 1224 superiori
2737 1157 2804 1210 ad
2839 1171 2991 1209 arma
3019 1169 3077 1209 se
3131 1154 3328 1208 invitos
3372 1154 3500 1208 trahi
3552 1162 3748 1212 testaban-

2273 1263 2386 1316 tur,
2447 1253 2691 1307 fortunas
2743 1266 2935 1305 omnes
2995 1266 3090 1320 per
3141 1249 3554 1304 crudelissimum
3599 1251 3738 1306 latroci-

2273 1345 2420 1404 nium
2458 1344 2717 1411 eripiunt,
2746 1343 2904 1410 eique
2933 1355 3028 1408 pro
3062 1339 3312 1392 libertate
3345 1340 3584 1408 promissa
3612 1345 3736 1409 grai-is

2273 1435 2466 1487 simam
2509 1432 2852 1502 tyrannidem
2890 1431 3230 1492 invexermtt,
3254 1444 3350 1499 pro
3381 1429 3542 1498 ligneo
3571 1429 3731 1499 jngofe'

2274 1540 2424 1576 reum
2483 1523 2882 1589 imposuerunt?
2924 1521 3074 1576 Unde
3114 1531 3294 1574 autem
3344 1518 3483 1573 fures
3517 1535 3742 1589 agnoscere~

2276 1633 2419 1679 mus,
2450 1618 2552 1669 nisi
2579 1617 2906 1679 furarentur,
2930 1624 2980 1668 ct
3019 1620 3340 1676 mactarent,
3377 1621 3429 1664 et
3452 1610 3746 1678 perderent"!

2281 1709 2432 1764 Unde
2470 1708 2643 1776 lupos,
2669 1707 2767 1760 nisi
2803 1705 3116 1777 sanguinem
3153 1701 3402 1757 sitirent?
3439 1699 3575 1757 Unde
3609 1702 3744 1768 vipera-

2208 1770 2251 1824 Β
2282 1816 2398 1853 rum
2433 1800 2744 1868 progeniem
2775 1797 2840 1862 δ’,
2874 1796 2974 1850 nisi
3020 1805 3248 1850 matrem
3296 1792 3622 1846 arrodercnt?
3655 1792 3751 1846 Unde

2280 1909 2439 1961 apros
2471 1891 2744 1944 solitarios
2761 1889 2827 1951 ",
2864 1888 2963 1941 nisi
3002 1885 3424 1957 pulcherrimam
3453 1882 3583 1936 illam
3611 1884 3751 1937 vineam

2279 1984 2695 2055 pet-vastarent?
2733 1981 2883 2036 Unde
2922 1981 3092 2035 leonis
3125 1977 3382 2049 rugiettlis
3415 1975 3456 2006 ⁸³
3484 1974 3668 2039 catulos,
3689 1975 3750 2027 nisi

2280 2079 2493 2130 obvium
2540 2091 2808 2144 quemque
2858 2069 3224 2126 devorat-ent?
3262 2068 3415 2123 Unde
3454 2065 3646 2133 denique
3665 2064 3752 2131 ejus.

2281 2171 2371 2238 qui
2415 2171 2525 2238 jam
2583 2169 2705 2222 inde
2759 2183 2786 2219 a
2851 2161 3022 2234 prima
3087 2176 3269 2215 rerum
3311 2157 3512 2228 origine
3562 2157 3753 2210 homicida

2281 2262 2385 2317 fuit
2421 2262 2486 2326 ⁸⁸,
2528 2261 2749 2324 liberos,
2805 2257 2906 2311 nisi
2965 2269 3157 2310 cruore
3215 2262 3380 2321 atque
3433 2249 3565 2306 omni
3598 2247 3756 2304 feritatis

2281 2369 2480 2425 genere
2509 2357 2860 2420 pascerentur
2883 2348 2906 2401 ?

2353 2446 2484 2509 Quis
2513 2440 2860 2510 interpretari
2895 2447 3075 2508 potest
3105 2434 3415 2505 iniquiusne
3446 2430 3620 2485 bellum
3642 2442 3758 2483 susce-

2282 2539 2479 2610 perint,
2542 2551 2609 2589 an
2653 2532 2928 2588 crudelius
2980 2539 3033 2584 et
3089 2526 3345 2598 rapacius
3393 2522 3592 2594 gerant?
3622 2520 3757 2587 Quibus

2281 2633 2472 2704 opibus
2501 2631 2616 2684 hzec
2651 2627 2930 2689 barathra,
2964 2637 3071 2692 quo
3124 2619 3390 2691 sanguine
3414 2617 3492 2671 hae
3546 2612 3757 2673 birudines,

2283 2736 2407 2780 ante
2436 2740 2590 2792 quas,
2625 2731 2684 2776 ut
2708 2720 3000 2790 Scriptura:
3030 2716 3208 2771 verbis
3254 2723 3401 2778 utar,
3431 2708 3568 2782 quasi
3610 2704 3757 2760 nihilqu

2282 2827 2358 2874 est
2399 2816 2613 2888 sanguis
2652 2816 2720 2880 ",
2768 2812 2970 2883 expleri
3009 2808 3238 2879 queant?
3276 2807 3484 2861 [labent
3514 2810 3635 2857 certe
3671 2796 3758 2850 unde

2285 2912 2338 2965 in
2371 2909 2690 2965 confusione
2735 2920 2830 2959 sua
2863 2903 3180 2975 glorientur.
3217 2900 3474 2953 Vicerunt
3517 2904 3668 2948 omnes
3689 2901 3762 2940 om-

2285 3003 2434 3056 ninm
2465 3009 2682 3055 uitatum
2715 2997 3024 3051 haereticos.
3061 2990 3323 3046 Vicerunt
3353 2982 3667 3056 impudentia,
3689 2991 3762 3030 sce-

614 3075 818 3132 nel‘aric
871 3094 931 3132 se
975 3078 1357 3148 praeciderunt,
1410 3079 1500 3150 qui
1549 3079 1911 3134 incomutilem
1943 3081 1987 3112 ³⁹
2039 3079 2181 3134 illam

2289 3094 2423 3160 lere,
2455 3090 2887 3161 importunitate,
2925 3085 3152 3156 rapinis,
3207 3080 3537 3137 crudelitate.
3580 3072 3670 3126 Non
3703 3082 3761 3120 et-

611 3169 813 3224 Cltristi
863 3181 1102 3234 vestem,
1142 3171 1226 3224 cui
1281 3171 1658 3225 immanissimi
1701 3173 1861 3228 etiam
1899 3175 2183 3230 carnifices

615 3252 995 3330 pepercerunt,
1028 3263 1081 3315 in
1119 3261 1358 3316 inﬁnitas
1388 3270 1570 3331 partes
1595 3261 1894 3331 sciderunt,
1925 3273 2185 3334 tantaque

620 3354 857 3408 amentia
891 3354 1196 3423 praecipites
1231 3353 1499 3415 feruntur,
1536 3362 1594 3406 ιιι
1623 3355 2074 3420 quemadmodum
2105 3369 2188 3411 sa-

621 3447 897 3499 lamandra
945 3447 997 3500 in
1027 3448 1169 3515 igne,
1197 3446 1276 3501 sic
1320 3444 1416 3513 ipsi
1471 3445 1522 3497 in
1576 3445 1812 3500 dissidiis
1857 3435 2188 3518 funcstisque

620 3537 1057 3594 conflictionibus
1085 3537 1294 3603 vivant,
1323 3550 1483 3606 atque
1515 3537 1775 3591 adversus
1804 3537 2070 3605 publicam
2100 3553 2189 3592 or-

616 3627 704 3684 bis
753 3629 1103 3684 concordiam
1154 3629 1474 3698 coniurasse
1525 3627 1834 3682 vidcantur?
1873 3646 1892 3679 ‹
1927 3627 2036 3698 (67-)
2074 3626 2188 3681 Nisi

616 3720 760 3773 enini
793 3735 979 3790 pacem
1010 3721 1274 3784 odissent,
1301 3720 1355 3773 in
1407 3720 1612 3774 unitate
1661 3729 1809 3774 certe
1856 3722 2190 3790 permansis-

622 3825 764 3868 sent.
797 3833 816 3867 ι
853 3815 904 3867 1.
935 3830 1140 3869 summa
1181 3815 1398 3868 miseria
1449 3829 1716 3868 summam
1760 3814 2089 3880 felicitatem,
2135 3816 2188 3869 in

621 3905 854 3959 maxima
928 3907 1336 3976 perturbatione
1393 3907 1839 3976 jucundissimam
1907 3909 2189 3976 quamdam

621 3996 856 4065 quietem
883 3998 964 4051 vel
997 3999 1278 4063 simulant,
1303 4000 1387 4053 vel
1425 4001 1696 4068 opinionis
1719 4015 1906 4055 errore
1930 4003 2028 4054 sibi
2065 3987 2192 4055 con-

622 4089 851 4157 lingunt.
901 4089 1063 4142 Extra
1095 4104 1275 4143 arcam
1338 4105 1460 4144 esse
1501 4091 1756 4160 gaudent,
1809 4107 1872 4146 ac
1925 4092 2069 4145 velut
2128 4096 2193 4148 de

621 4192 768 4234 ccrta
796 4182 968 4235 salute
1033 4182 1134 4236 sibi
1167 4183 1532 4253 gratulantur.
1572 4182 1664 4238 Sic
1700 4185 1952 4238 nimirum
2006 4187 2192 4256 aegroti

623 4273 842 4342 quidam
879 4291 1143 4344 nusquam
1182 4293 1285 4330 non
1331 4278 1623 4346 quietiores
1654 4293 1714 4333 se
1754 4278 1892 4342 fore,
1932 4295 2092 4349 quant
2140 4281 2192 4334 in

621 4365 808 4419 stratis
840 4367 951 4421 suis
979 4368 1329 4421 arbitrantur.
1359 4371 1539 4425 Perire
1587 4371 1767 4425 miseri
1792 4388 1893 4425 non
1922 4383 2193 4437 recusant,

624 4456 749 4507 dum
781 4456 915 4510 alios
968 4457 1020 4509 in
1057 4457 1303 4510 eamdem
1356 4473 1536 4512 secum
1597 4459 1888 4528 perniciem
1950 4462 2185 4516 trahant.

622 4546 875 4616 Idemque
905 4548 950 4602 si
975 4565 1079 4602 non
1107 4565 1223 4613 ore,
1251 4552 1423 4620 reipsa
1451 4562 1628 4605 tamen
1653 4553 1907 4617 clamant,
1936 4555 2076 4623 quod
2103 4555 2190 4610 ille

619 4630 757 4704 apud
791 4638 1049 4708 tragicum
1114 4640 1248 4709 (68),
1287 4659 1305 4691 ‹
1338 4641 1462 4696 llaec
1487 4642 1599 4712 ipsa
1633 4642 1838 4712 pollens
1872 4646 2052 4716 inclyti
2083 4645 2188 4699 Pe-

618 4729 758 4798 lopis
791 4729 982 4786 domos
1011 4741 1128 4786 ruat
1168 4733 1252 4786 vel
1304 4734 1357 4788 in
1421 4750 1526 4800 me,
1559 4736 1850 4790 dummodo
1891 4738 1942 4790 in
1969 4737 2188 4794 fratrem

619 4830 759 4872 ιὐἷὶῑ.
795 4837 814 4872 ὓ

689 4907 874 4979 Itaque
899 4912 990 4982 qui
1028 4930 1130 4967 non
1167 4915 1238 4967 ita
1273 4915 1479 4982 pridem
1518 4925 1748 4985 (tantum
1781 4918 1832 4971 in
1867 4920 1945 4972 eis
1972 4918 2192 4972 simula-

623 5001 785 5057 tionis
815 5004 1103 5057 artilicimn
1138 5007 1276 5074 erat)
1324 5005 1398 5056 nil
1451 5007 1552 5058 nisi
1591 5023 1775 5074 pacem
1819 5009 2194 5063 concordiam-

621 5108 728 5162 que
768 5095 976 5162 Spirare
1003 5095 1274 5165 plerisque
1302 5097 1650 5162 videbantur,
1678 5099 1838 5151 iidem
1878 5114 2017 5152 nunc
2046 5116 2201 5168 aper-

623 5195 675 5237 ta
713 5183 914 5248 fronte,
951 5195 1006 5238 et
1033 5201 1198 5254 regno
1226 5185 1474 5251 Paridos,
1505 5199 1557 5241 et
1588 5191 1794 5258 Optimo
1840 5191 2031 5258 cuique
2057 5190 2224 5244 Plut--

609 5267 838 5342 ‘larides,
870 5277 1013 5331 sacri
1051 5277 1214 5332 etiam
1266 5272 1475 5333 ordinis
1539 5279 1850 5334 hominibus
1891 5281 2008 5350 plus
2038 5298 2198 5352 quam

772 5389 882 5444 Jer.
907 5407 958 5454 v,
988 5393 1041 5446 5.
1115 5392 1448 5455 ³⁶Ιεει.ιιιιι;ι,
1484 5393 1570 5447 18.
1646 5394 1688 5423 ³⁷
1722 5393 1780 5447 Ill
1816 5393 1948 5462 Reg.
1987 5411 2081 5458 Χιιν
2108 5394 2197 5449 “'-

615 5455 664 5582 ἴ
694 5458 881 5582 Μὶιιιιι.
913 5477 993 5529 ιιι,
1017 5463 1070 5517 7.
1148 5463 1193 5495 "
1236 5461 1376 5516 l’sal:
1406 5478 1593 5530 Luts,
1624 5463 1712 5517 M.
1816 5463 1862 5495 "
1897 5455 1925 5518 vl
1958 5455 2101 5519 Petr.
2141 5483 2194 5533 v,

642 5543 694 5582 ’l.
769 5568 782 5580 .

642 5543 694 5591 ιι,
727 5543 782 5582 4.

694 5665 803 5735 (66)
839 5665 1046 5734 Horat"
1078 5670 1170 5722 lib.
1203 5687 1214 5722 ι
1244 5669 1453 5730 Carm,
1481 5668 1568 5722 od.
1599 5667 1651 5721 5.

689 5734 798 5804 (67)
833 5738 1056 5806 Διιειιῆ.
1091 5740 1480 5807 t'u-psaLCXIx.
1515 5747 1551 5791 l.
1581 5735 1671 5799 IV.
1696 5751 1748 5806 p.
1790 5736 1947 5794 15η.

2291 3183 2576 3248 struendo,
2620 3194 2678 3237 ut
2708 3178 3022 3251 Babylonici
3049 3174 3414 3231 :cdiﬁcatores
3437 3169 3498 3232 “,
3516 3165 3596 3222 sed
3616 3170 3764 3214 vastan-

2287 3281 2375 3346 do,
2410 3275 2728 3338 cvertendo,
2776 3269 3051 3327 exurendo
3105 3279 3304 3320 nomen
3366 3276 3513 3317 suum
3554 3254 3768 3312 celebrare.

2289 3369 2762 3437 humor-talemque
2811 3365 2891 3420 sui
2929 3359 3243 3419 memoriam
3275 3355 3508 3428 posteris
3546 3350 3766 3414 relinquere

2250 3446 2255 3449 i
2289 3463 2606 3518 moliuntur.
2638 3460 2954 3526 Quanquam
2990 3453 3247 3509 credetne
3309 3460 3535 3518 unquam
3565 3438 3770 3526 p05teritas

2292 3565 2502 3608 tantum
2536 3525 2735 3605 furoris
2771 3525 2826 3603 in
2858 3546 3085 3602 Francis
3128 3539 3462 3600 hominibus,
3493 3534 3643 3603 iisque
3664 3525 3767 3624 ἀςίξῑ·

2291 3655 2427 3698 cata:
2457 3640 2730 3710 religionis
2761 3625 2920 3692 titulo
2971 3649 3091 3690 sese
3139 3627 3572 3691 venditattibus,
3601 3617 3770 3714 ACXSlllll'S'

2293 3734 2393 3788 se?
2430 3707 2784 3796 Non—credet,
2826 3726 3182 3796 imposturam
3213 3721 3318 3778 sibi
3351 3720 3538 3774 factam
3575 3707 3769 3766 clamabit.

2294 3824 2393 3879 nisi
2430 3836 2691 3891 expressa
2745 3828 2907 3872 tantae
2957 3814 3210 3870 amentia:
3251 3811 3570 3867 monimenta
3606 3801 3649 3856 in

2296 3884 2513 3985 piorum
2544 3910 2715 3964 ruinis
2750 3905 2964 3962 viderit.
3001 3903 3128 3958 Mihi
3174 3900 3394 3971 quidem
3428 3911 3527 3950 non
3561 3893 3606 3946 in
3629 3884 3771 3985 publica

2298 3969 2476 4069 iuodo,
2511 4001 2602 4056 scd
2637 4001 2798 4055 etiam
2829 3998 2881 4052 in
2915 3995 3123 4067 privata
3155 3992 3487 4052 calamitate,
3535 3995 3666 4076 quam
3691 3969 3773 4076 nihil

2298 4099 2347 4150 in
2403 4096 2530 4158 illis,
2590 4108 2694 4147 non
2737 4091 2910 4144 dicam
2970 4083 3292 4148 Christiani,
3347 4085 3444 4136 sed
3509 4090 3570 4130 ne
3618 4072 3775 4124 hominls

2297 4187 2512 4255 quidem
2547 4194 2713 4246 esset,
2749 4179 2963 4235 abunde
3017 4174 3250 4244 experiri
3315 4167 3552 4237 contigit.
3603 4159 3778 4218 Nam,“

2298 4275 2578 4347 ltegiensis
2625 4273 2814 4328 insula:
2858 4269 3170 4325 vastitatem
3226 4275 3545 4336 praeteream
3595 4254 3663 4351 (in.
3696 4261 3778 4343 qui.

2298 4349 2877 4439 quaudiu'superiores
2916 4360 3135 4420 fuimus.
3177 4356 3330 4410 licuit
3362 4354 3467 4408 illis
3514 4362 3599 4404 suo
3631 4349 3709 4439 rittl

2221 4469 2265 4524 ι)
2295 4431 2444 4522 vere,
2478 4431 2820 4510 facultatibus
2886 4451 3002 4507 suis
3047 4449 3216 4504 libere
3266 4431 3780 4527 tranquilleque-fruti:

2296 4517 2624 4620 simulatque
2696 4556 2877 4602 autem
2909 4544 3101 4598 vicina:
3131 4537 3374 4610 Rupella:
3416 4531 3616 4605 perﬁdia
3659 4517 3781 4618 basili-

2297 4661 2445 4698 scum
2490 4644 2669 4704 illum,
2706 4654 2867 4708 quem
2917 4645 2995 4691 tot
3051 4633 3206 4688 annis
3255 4629 3591 4700 ρειιιιιὶθτθι,
3624 4621 3785 4708 Ρεβθξνν

2300 4738 2441 4791 illico
2484 4732 2692 4802 templis
2721 4732 2952 4785 flamma:
2986 4725 3226 4793 injecta),
3263 4718 3495 4777 fortunis
3526 4704 3785 4768 nostratui)-

2302 4826 2648 4893 mesticisque
2693 4821 2963 4880 omnibus,
2995 4831 3130 4886 quos
3166 4813 3383 4881 quidem
3416 4808 3634 4877 arripere
3657 4805 3786 4868 potue-

2303 4931 2445 4985 runt,
2475 4933 2664 4973 manus
2682 4916 2860 4970 allata:
2886 4911 3052 4981 sunt),
3077 4910 3198 4978 quis
3219 4901 3520 4961 Michaelini
3550 4896 3686 4953 nostri
3709 4901 3782 4940 ca:-

2303 5014 2448 5068 nobii
2492 5011 2703 5066 cladem
2741 5007 2843 5061 ulla
2897 5003 3193 5076 quamlibet
3230 5000 3435 5066 tragica
3493 4991 3699 5050 oratione
3726 4992 3786 5048 Pi"

2299 5106 2376 5161 rei
2411 5105 2698 5158 atrocitate
2745 5099 3024 5168 deplorare
3052 5094 3254 5164 queat?

2369 5195 2570 5248 Domus
2602 5208 2665 5248 ea
2705 5187 3080 5257 antiquissima
3111 5194 3165 5237 et
3197 5178 3555 5236 illustrissima
3607 5169 3770 5228 cram!

2299 5300 2405 5354 que
2434 5287 2545 5355 ipsa
2571 5297 2784 5352 quoque
2825 5285 3115 5334 Structurze
3137 5275 3316 5344 specie
3350 5269 3636 5338 religionem
3658 5267 3786 5324 quau:-

2274 5395 2318 5428 ευ
2358 5394 2571 5449 Coloss.
2614 5410 2676 5449 ιι.
2720 5393 2806 5449 19.
2885 5391 2928 5421 ³ο
2955 5387 3113 5443 Joan.
3147 5401 3263 5449 xm,
3289 5382 3380 5436 es.
3451 5379 3495 5410 ιο
3521 5356 3786 5449 ιυξετιηιείθ·

2225 5467 2277 5523 8.
2359 5433 2894 5527 νιῗ’“.ἱ3ῖέἰι.”ὗιιῖῖ’4.ι.
2955 5433 3491 5519 ”ιυΕροιι.’νιιι,¹9ο
3589 5436 3786 5490 “CW

2365 5667 2474 5735 (68)
2525 5668 2716 5722 Sencc.
2759 5667 2808 5720 in
2845 5637 3072 5734 Thyest.
