3812 6518
88 396 193 495 F‘.
1077 354 1308 438 JACOBI
1351 379 1542 434 BlLLll
1584 377 2109 438 PRAZFATIONES.

147 503 549 577 mspecratoribus
591 499 902 555 incutiebat.
958 498 1031 552 Ea
1069 499 1249 554 multis
1279 497 1561 552 calamito-
1588 502 1635 557 Α
1667 499 1909 551 ὺῡΙυΙιριιι
1956 515 2052 567 pro
2108 497 2348 568 legitimo
2404 498 2647 567 principe
2712 513 3004 570 agnoscere
3048 497 3239 553 volue-

90 589 143 665 ἷξε
167 599 329 659 solatio,
358 595 567 665 pietatis
597 609 756 648 causa
810 592 1187 646 exsnlantibus
1230 589 1477 660 perfugio
1506 604 1570 642 ac

92 693 283 773 prasidio,
307 698 351 741 et
384 697 437 741 ut
464 702 585 739 cum
630 683 730 738 Job
763 684 806 715 δ’
839 684 1035 749 dicam,
1075 682 1258 737 oculus
1289 698 1449 741 creco.
1482 698 1567 746 pes

94 772 402 845 ricudo,maler
416 778 629 845 pauperi
652 776 971 845 plerumque
1002 774 1198 829 fuerat.
1232 772 1567 840 Prmeipuum

78 872 209 939 autem
246 871 395 937 ipsius
426 869 588 920 decus
635 875 773 928 erat,
808 865 949 933 quod
1009 865 1062 919 in
1114 866 1215 919 hoc
1267 865 1567 918 animarum

78 956 231 1021 'diinrio
251 961 346 1015 sola
372 974 524 1028 pene,
565 957 710 1010 velut
759 972 884 1011 arca
922 955 1054 1020 Noe,
1084 955 1269 1009 diluvii
1305 955 1410 1007 vim
1465 955 1570 1008 mi-

1040 1047 1125 1101 bis
1189 1047 1254 1100 de
1326 1045 1570 1099 hostibus

80 820 85 831 ι

76 1038 183 1111 ἰιιηε
222 1062 454 1104 senserat.
526 1047 615 1100 Bis
692 1046 951 1113 obsessa,

93 1144 379 1211 triumpharat.

140 1253 242 1329 Felis
290 1249 412 1302 heu!
462 1247 711 1312 nintium,
760 1247 884 1329 felix
932 1249 975 1301 si
1008 1247 1186 1301 littora
1220 1255 1427 1329 taqtum

139 1324 363 1389 Anglorum
392 1332 661 1387 nunquam
712 1321 1013 1387 tetigissent
1066 1328 1248 1371 nostra
1282 1321 1520 1371 'Cariuaa.

92 1415 400 1481 Quamprimum
475 1410 622 1463 enim
681 1409 963 1479 Rupellani
1025 1424 1122 1478 pro
1175 1409 1300 1461 vino
1350 1419 1408 1462 et
1458 1407 1570 1462 sale

94 1506 242 1572 aliisque
288 1503 432 1555 rebus
490 1501 558 1553 ad
603 1501 726 1554 vitae
783 1517 937 1554 usum
1000 1501 1344 1564 necessariis,
1395 1515 1570 1554 aeneas

92 1596 285 1649 machinas
311 1593 533 1662 ingentis
580 1591 968 1660 magnitudinis
998 1592 1065 1645 ab
1107 1591 1293 1661 Anglis
1343 1605 1568 1660 accepe-

92 1700 182 1750 runt,
203 1688 352 1741 statim
383 1686 539 1738 tertia
593 1685 868 1753 expeditio
902 1688 1160 1738 adversus
1211 1683 1423 1737 dentem
1474 1698 1566 1736 tto-

92 1794 195 1833 stram
222 1778 502 1843 suscipitur.
532 1778 842 1831 Accurrunt
882 1777 1117 1844 undique
1151 1777 1333 1830 hostes
1369 1790 1437 1829 ex
1478 1790 1567 1845 0p-

3137 381 3245 437 32?.

1672 600 1815 645 runt.
1838 590 1904 642 At
1935 599 2013 653 tu,
2041 589 2148 641 filia
2184 589 2467 659 Babylonis
2502 592 2718 657 misera,
2754 602 2804 643 tu
2834 606 3028 646 vesana
3068 591 3248 644 carui-

1668 672 1777 746 fex,
1813 692 1865 734 tu
1903 681 2093 736 mortis
2130 682 2258 744 filia,
2291 691 2454 751 atque
2490 682 2544 735 iu
2577 683 2753 735 medio
2788 683 2992 736 umbrre
3044 683 3236 736 mortis

1668 776 1942 840 habitans,
1994 773 2123 842 quid
2176 775 2373 842 egisti?
2425 772 2526 829 Ubi
2578 784 2661 829 est
2692 776 2916 829 victoria
2971 774 3099 828 tua?
3153 774 3247 826 Di-

1670 865 1875 918 ruendo
1930 864 2104 927 ruisti,
2148 862 2422 933 perdenda
2483 865 2712 933 periisti.
2755 863 2962 919 Caelum
3018 864 3243 923 habent,

1669 951 1863 1019 quibus
1914 960 2149 1017 terram;
2199 953 2429 1022 patriam
2480 954 2697 1017 habent,
2755 954 2952 1023 quibus
2995 952 3245 1006 exsiliunt

1670 1043 1925 1098 invidisti.
1948 1043 1991 1099 0
2016 1047 2183 1100 beata:
2201 1046 2412 1112 animre,
2438 1062 2598 1116 quam
2631 1048 2903 1115 pretiosus
2940 1048 2991 1099 in
3019 1061 3248 1114 conspe-

1670 1143 1757 1187 ctu
1790 1134 2002 1189 Domini
2046 1135 2305 1190 transitus
2339 1146 2540 1200 vester,
2572 1152 2602 1188 a
2639 1136 2749 1189 luto
2794 1136 2939 1190 [meis
2973 1137 3039 1189 ad
3066 1136 3243 1189 locum

1669 1242 1905 1297 paseum,
1940 1243 1967 1281 a
2014 1237 2157 1281 terra
2194 1229 2406 1284 deserta
2442 1230 2583 1293 invia
2620 1240 2673 1286 et
2709 1231 2963 1299 inaquosa
3011 1227 3079 1282 ad
3136 1240 3245 1283 ter-

1670 1334 1784 1372 ram
1820 1318 2071 1374 fluentem
2099 1321 2240 1375 lacte
2271 1331 2320 1374 et
2350 1322 2527 1388 melle,
2565 1338 2593 1375 a
2640 1332 2882 1376 torrente
2925 1323 3245 1375 amaritudi—

1672 1412 1756 1465 nis
1790 1413 1854 1465 ad
1887 1422 2177 1468 torrentem
2211 1414 2521 1481 voluptatis,
2549 1416 2617 1467 ab
2650 1416 2770 1484 igne
2810 1425 2861 1469 et
2894 1430 3029 1482 aqua
3065 1416 3129 1466 ad
3164 1430 3245 1465 re-

1671 1501 1945 1572 frigerium
1974 1504 1987 1557 !
2036 1503 2207 1570 Quam
2243 1505 2397 1559 dulce
2437 1516 2519 1559 est
2552 1506 2699 1560 vobis
2740 1507 2791 1558 in
2818 1506 2954 1573 Agni
2986 1506 3244 1559 comitatu

1673 1610 1815 1659 esse,
1848 1597 2068 1651 Christo
2116 1596 2244 1662 frui,
2282 1600 2380 1653 sub
2438 1614 2644 1665 magna:
2700 1598 2842 1651 illius
2882 1598 3091 1667 gallina:
3149 1597 3249 1648 alis

1679 1689 2041 1755 requiescere,
2076 1690 2219 1743 nulla
2254 1690 2366 1757 jam
2402 1690 2675 1753 scandala,
2705 1688 2905 1742 nullam
2949 1687 3244 1759 gladiorum

1681 1778 1869 1840 aciem,
1902 1778 2077 1833 nullos
2107 1780 2414 1833 venantium
2447 1780 2689 1849 laqueos,
2722 1780 2920 1833 nullam
2954 1780 3059 1831 vim
3096 1778 3247 1833 born-

92 1873 176 1941 pidis
194 1879 234 1923 ct
261 1873 416 1940 pagis,
440 1885 506 1922 ex
562 1868 776 1933 insulis,
809 1870 948 1923 Deus
1012 1868 1172 1932 bone,
1227 1883 1387 1937 quam
1432 1870 1567 1922 truci
1598 1853 1645 1912 Β
1676 1867 1964 1921 hardarum
2004 1870 2393 1924 extimescere!
2445 1871 2614 1936 Quam
2646 1872 2966 1939 praeclarum
3010 1869 3249 1939 negotia—

90 1963 199 2023 rultn,
223 1977 359 2029 quam
395 1960 680 2029 impotenti
724 1960 931 2020 furore,
968 1975 1128 2029 quam
1166 1960 1403 2013 inaudita
1456 1960 1572 2013 ani-

90 2069 227 2106 murum
278 2053 441 2106 rabiel
495 2051 712 2106 Nostris
745 2051 960 2122 quidem
1009 2042 1318 2121 primo'nee
1359 2051 1573 2105 animus

89 2149 127 2198 ad
143 2145 459 2208 resistendum,
487 2158 590 2198 nec
616 2143 762 2197 vires
791 2143 1035 2199 deerant.
1058 2144 1189 2208 Sed,
1224 2155 1570 2212 posteaquam

90 2239 269 2288 immanes
302 2236 397 2289 ilhc
426 2234 740 2288 bombardze
772 2233 966 2288 dirutis
992 2234 1244 2288 omnibus
1270 2250 1573 2305 proiingua-

88 2327 472 2393 tulismttrosjam
532 2327 680 2395 ipsos
730 2325 963 2393 dejicere
1012 2336 1337 2394 eruperunt:
1386 2342 1574 2397 quem-

87 2436 227 2488 cunque
260 2419 385 2474 Deus
415 2419 678 2473 voluisset
721 2427 975 2473 eventum
1001 2430 1323 2488 exspectare
1365 2419 1571 2473 malue-

91 2525 179 2573 runt,
203 2528 334 2578 quam
365 2511 527 2564 ullum
557 2510 850 2566 deditionis
882 2510 1103 2565 verbum
1150 2514 1291 2580 apud
1332 2527 1425 2567 eos
1472 2511 1569 2566 ha-

90 2606 179 2669 bere,
207 2622 319 2675 quos
353 2606 623 2677 quidquid
682 2605 1063 2674 promisissent
1114 2621 1218 2659 nutt
1262 2605 1361 2659 alia
1410 2620 1570 2675 quam

90 2693 222 2750 Punica
255 2699 343 2753 llile
368 2698 710 2767 przestituros
740 2710 862 2752 esse
890 2696 1257 2751 certissimum
1282 2696 1569 2751 habebant.

89 2786 206 2839 Idibus
233 2803 346 2855 ergo
376 2786 649 2849 Januarii,
691 2801 851 2855 quem
885 2788 1024 2841 diem
1074 2786 1312 2858 Rupellzn
1341 2786 1574 2843 defectio

88 2879 282 2943 superiore
323 2894 459 2933 anno
491 2880 593 2933 toti
628 2878 819 2934 Gallia;
866 2877 1134 2933 nefastum
1186 2879 1439 2947 reddidit,
1474 2884 1573 2935 ho-

88 2970 144 3019 stis
167 2984 239 3034 per
284 2970 531 3038 disjectas
588 2969 728 3024 muri
784 2978 964 3039 partes
1013 2972 1338 3040 irrumpens,
1371 2973 1574 3041 promi-

85 3072 205 3110 scuam
242 3062 645 3125 ctenobitarum,
702 3061 1124 3115 domesticorum
1173 3076 1453 3128 meorum,
1510 3079 1573 3118 ac

86 3139 320 3201 rusticorum
355 3160 596 3218 stragem
629 3148 821 3204 edidit.
860 3150 1059 3218 Optato
1098 3158 1278 3205 tamen
1315 3167 1420 3207 nox
1476 3152 1571 3205 ad-

84 3240 236 3293 veniens
263 3239 406 3294 linem
446 3240 692 3295 caedibus
720 3241 1009 3307 attulisset,
1048 3241 1092 3295 si
1129 3257 1250 3296 cum
1290 3242 1358 3298 iis
1401 3243 1571 3298 hosti-

84 3330 145 3384 bus
165 3347 230 3386 res
262 3334 443 3388 nostris
469 3333 688 3395 fuisset,
724 3334 815 3403 qui
873 3334 1085 3389 nonnisi
1157 3336 1206 3387 in
1257 3336 1445 3401 primis
1478 3352 1571 3391 ex-

83 3425 338 3490 pugnationis
388 3424 732 3485 tumultibus,
792 3424 958 3479 animi
1010 3424 1265 3480 ferociam
1318 3428 1572 3483 adhibere

82 3525 403 3572 consueverunt.
444 3515 555 3569 Sed
589 3530 714 3569 cum
746 3516 1022 3579 monstris,
1059 3532 1179 3570 cum
1225 3518 1399 3584 furiis,
1449 3536 1570 3574 cum

83 3604 296 3661 teterrimis
322 3606 494 3661 omnis
529 3606 884 3661 humanitatis
924 3607 1171 3662 hostibus
1221 3624 1307 3664 res
1341 3623 1480 3665 erat.

122 3696 260 3765 Itaque
290 3710 497 3767 postero
527 3699 637 3763 die,
679 3714 799 3753 cum
830 3698 942 3767 jam
984 3716 1080 3769 per
1113 3702 1287 3756 noctis
1332 3707 1568 3772 quietem

81 3784 131 3838 ira
172 3789 465 3845 deferbuisse
507 3790 792 3855 debuerat,
845 3790 1129 3845 inchoatas
1169 3793 1341 3846 caedes
1388 3809 1573 3861 prose-

80 3890 261 3945 quuntur,
316 3897 373 3935 ac
423 3882 577 3936 fusos
626 3897 724 3951 per
769 3883 1049 3951 templum,
1096 3883 1406 3951 passimque
1459 3894 1569 3939 tota

80 3970 201 4034 domo,
224 3975 567 4043 nequidquam
593 3988 779 4027 eorum
810 3974 1264 4038 misericordiam,
1284 3990 1403 4045 qua:
1428 3975 1570 4031 nulla

80 4058 114 4141 in
162 4062 317 4119 ferreis
352 4068 686 4134 pectoribus
748 4076 884 4130 erat,
950 4066 1301 4135 implorantes
1354 4076 1566 4120 necant.

80 4148 195 4217 Multi,
213 4158 504 4225 quibuscum
536 4158 604 4212 de
638 4162 748 4212 vita
792 4159 967 4228 pretio
1029 4159 1341 4215 t'edimenda
1395 4171 1569 4213 trans-

80 4254 198 4298 actum
247 4248 434 4313 fuerat,
469 4250 657 4303 statim
683 4249 833 4317 jussu
862 4249 1057 4302 ducum
1096 4261 1282 4303 contra
1315 4251 1406 4319 jus
1452 4251 1569 4304 bel-

79 4332 113 4394 li,
135 4336 278 4406 fasque
304 4356 474 4406 omne,
511 4342 795 4397 trucidati.
849 4341 1031 4395 Multis
1060 4344 1221 4395 etiam
1256 4343 1323 4397 ad
1365 4343 1569 4410 impor-

79 4432 204 4478 lunam
227 4430 425 4486 victoris
483 4433 762 4486 libidinem
818 4432 1008 4501 laqueo
1066 4431 1253 4487 fractae
1305 4435 1561 4488 cervices.

1676 1959 1838 2014 tionis
1873 1975 2064 2030 genus,
2098 1977 2197 2031 pro
2229 1963 2440 2031 exiguis
2494 1964 2772 2030 sanguinis
2801 1962 2967 2033 guttis
3019 1977 3243 2031 regnum

1673 2050 1954 2117 ccelorum,
1990 2068 2086 2120 pro
2118 2052 2446 2108 carbonibus
2485 2054 2818 2119 thesaurum,
2859 2070 2958 2124 pro
2985 2055 3246 2109 stercori-

1674 2143 1772 2196 bus
1800 2145 2151 2212 margaritam
2192 2145 2468 2212 accipere!

1745 2233 1850 2289 Sed
1883 2235 2126 2303 profecto
2153 2238 2240 2307 (ne
2267 2239 2471 2291 diutius
2500 2248 2655 2292 extra
2682 2238 3013 2293 curriculum
3042 2238 3249 2292 feratur

1673 2325 1921 2397 epistola)
1954 2342 2055 2380 nec
2120 2337 2306 2382 nostra
2354 2328 2565 2393 domus,
2637 2344 2735 2382 nec
2788 2337 2867 2382 tot
2921 2332 3245 2396 templorum

1674 2418 1841 2471 tnillia
1877 2419 1929 2472 in
1986 2418 2089 2474 hoc
2152 2434 2318 2491 regno
2369 2420 2824 2489 conflagrassent,
2864 2421 2965 2474 nisi
3012 2422 3247 2490 vulpibus

1675 2508 1811 2575 istis,
1845 2525 1962 2579 qua:
2015 2511 2188 2565 uiuens
2229 2510 2589 2564 deuroliuntur
2631 2510 2697 2574 δ’,
2749 2510 2923 2580 fovens
2968 2510 3154 2564 habere
3176 2511 3247 2577 ⁸ο,

1672 2602 1855 2671 vespis
1885 2600 2003 2656 istis
2032 2602 2181 2656 favos
2228 2600 2365 2685 (b9),
2404 2602 2454 2657 id
2505 2613 2610 2669 cst,
2653 2603 2925 2657 ha-rctieis
2977 2602 3247 2660 Ecelesias

1673 2693 1853 2750 facere
1884 2695 2109 2749 nimium
2155 2696 2243 2749 ditt
2304 2696 2566 2751 licuisset.
2606 2693 2742 2749 lliuc
2792 2696 3109 2766 gravissima
3158 2696 3246 2749 illa

1673 2786 1813 2855 apud
1854 2785 2110 2840 Basilinm
2163 2785 2413 2857 Magnum
2454 2787 2678 2857 querela
2728 2804 2745 2841 :
2804 2786 3108 2855 Baptizant,
3162 2787 3249 2839 in-

1672 2878 1787 2948 quit
1826 2879 1966 2949 (70),
2002 2878 2098 2942 illi,
2144 2890 2389 2936 mortuos
2412 2881 2665 2947 eﬂ'erunt,
2714 2894 2950 2951 mgrotos
2985 2881 3247 2946 invisuut,

1672 2981 1777 3026 etc.
1799 2971 1931 3039 Quis
1956 2971 2043 3027 hic
2076 2987 2180 3045 non
2225 2972 2577 3039 ingemiscat?
2625 2972 3247 3043 Quisnonlacrymartun

1675 3062 1874 3116 fontem
1891 3078 2011 3116 cum
2043 3060 2343 3116 Jeremia"
2381 3063 2723 3131 requirat,ut
2755 3071 2960 3115 tantam
2978 3063 3250 3116 calamita-

1676 3163 1779 3207 tem
1816 3156 1928 3222 pari
1964 3152 2088 3207 ﬂetu
2133 3166 2491 3223 prosequatur
2525 3154 2548 3207 ?
2576 3152 2674 3208 llic
2702 3154 2843 3208 enim
2870 3162 2979 3208 tota
3010 3154 3092 3207 vis
3120 3154 3246 3207 mali

1678 3254 1941 3301 versatur.
1989 3245 2119 3300 Nam
2153 3261 2274 3301 cum
2302 3244 2474 3301 altare
2501 3245 2770 3302 adversus
2807 3246 2977 3301 altare
2996 3246 3243 3316 erigitur,

1672 3353 1735 3392 ac
1758 3352 1898 3391 verte
1923 3350 2133 3407 sponsae
2162 3336 2282 3390 loco
2302 3335 2471 3405 pellex
2506 3336 3017 3405 ittdttcitur,[inlirttti
3048 3335 3248 3405 quique

1672 3426 1985 3481 addubitare
2006 3426 2287 3495 incipiunt,
2308 3434 2482 3479 utram
2508 3424 2720 3480 tandem
2752 3439 2849 3492 pro
2868 3439 2990 3479 vera
3021 3424 3249 3493 conjuge

1672 3525 1964 3588 agnoscant
1993 3514 2276 3589 :jidemque
2299 3516 2681 3585 propemodum
2700 3516 2867 3581 aiunt,
2887 3516 3246 3583 quod'l‘ullius

1672 3623 1737 3664 ex
1762 3608 2043 3678 tragmdia,
2089 3607 2201 3661 Ποῦ
2236 3608 2442 3677 σκάφος
2468 3606 2530 3659 τὸ
2559 3604 2666 3659 τῶν
2704 3606 2989 3677 Ἀτρειδῶν
3012 3625 3026 3673 ;
3047 3606 3121 3661 Ex
3140 3622 3247 3677 quo

1672 3698 1922 3763 eflicitur,
1958 3708 2018 3753 ut
2050 3698 2190 3753 velut
2215 3699 2418 3753 duabus
2448 3698 2593 3755 se'llis
2612 3699 2855 3764 sedeant,
2892 3699 3141 3769 quodque
3179 3701 3247 3753 de

1672 3789 1948 3845 Dioscuris
1979 3789 2279 3860 antiquitas
2308 3788 2486 3855 finxit,
2521 3804 2664 3844 nunc
2685 3791 2823 3859 apud
2845 3804 3070 3857 superos
3113 3790 3241 3853 sint,

1676 3896 1821 3935 nunc
1853 3882 1993 3948 apud
2045 3880 2248 3935 inferos
2282 3894 2298 3932 :
2332 3895 2396 3933 ac
2424 3879 2719 3934 desultoria‘
2753 3879 2982 3948 quadam
3026 3878 3244 3933 levitate

1674 3987 1814 4026 nunc
1840 3973 1905 4025 ad
1938 3974 2034 4026 hos
2062 3986 2204 4025 nune
2229 3972 2293 4025 ad
2324 3971 2443 4024 illos
2472 3986 2527 4025 se
2555 3970 2858 4025 conferant.
2894 3968 3048 4024 Nunc
3075 3970 3241 4025 Deum

1671 4065 1833 4119 Israel
1862 4076 2188 4135 sequuntur,
2219 4079 2362 4141 nunc
2416 4062 2572 4129 Baal;
2616 4078 2759 4117 nunc
2789 4062 2857 4116 de
2891 4076 3077 4117 mensa
3137 4062 3245 4116 Do-

1671 4154 1801 4208 mini
1831 4155 2141 4219 comedunt,
2178 4169 2321 4207 nunc
2356 4154 2420 4205 de
2471 4167 2655 4206 mensa
2712 4151 2947 4213 Jezabel,
2989 4152 3097 4207 imo
3135 4152 3245 4207 dae.

1672 4246 2007 4310 moniorum;
2080 4261 2222 4299 nunc
2287 4244 2520 4298 tiliorum
2581 4243 2665 4297 vel
2709 4243 2888 4313 potius
2929 4242 3243 4312 angelorum

1670 4353 1809 4408 pane
1846 4345 2159 4400 vescuntur,
2192 4323 2653 4403 nunc'porcorum
2692 4334 2902 4403 siliquis
2951 4333 3243 4401 herbisque

1671 4431 1776 4485 illis
1807 4430 2029 4495 amaris,
2073 4443 2193 4497 qua:
2248 4427 2300 4480 in
2340 4426 2529 4481 mortis
2573 4425 2677 4479 olla
2714 4434 3055 4495 coquuntur;
3098 4439 3245 4478 nunc

78 4512 226 4585 Dircpta
256 4540 383 4588 mox,
422 4537 589 4596 atque
613 4527 831 4580 incensa
865 4527 1093 4579 domus:
1122 4526 1369 4593 direptus
1398 4527 1560 4580 etiam
1597 4544 1640 4597 Ι)
1672 4523 1735 4575 de
1755 4519 1991 4573 Jordane
2039 4518 2247 4581 bibunt,
2295 4531 2437 4569 nunc
2490 4516 2555 4569 de
2606 4516 2778 4577 Mara,
2830 4515 2893 4569 de
2941 4516 3146 4568 Amana
3188 4522 3244 4567 et

78 4619 206 4675 Pagns,
236 4624 280 4668 et
305 4618 513 4685 quidem
567 4626 676 4671 tam
706 4617 1021 4681 inhumane,
1056 4627 1112 4671 ut
1140 4617 1317 4673 viduis
1373 4627 1428 4672 et
1471 4633 1562 4671 or-

78 4696 226 4763 Phanis,
252 4708 431 4773 quibus
470 4724 617 4763 nunc
644 4709 775 4763 solis
802 4708 1186 4776 propemodum
1218 4718 1454 4771 constat,
1479 4710 1564 4761 ni-

80 4790 124 4840 hil
144 4808 300 4858 prater
326 4802 735 4856 acerbissimam
786 4800 983 4853 famem
1033 4800 1408 4870 lacrymasque
1442 4799 1569 4853 reli-

78 4891 174 4952 tlntn
197 4890 271 4943 sit.
301 4892 417 4956 Sed,
444 4911 477 4948 ο
511 4894 720 4957 beatos,
747 4893 839 4962 qui
875 4902 1095 4960 propter
1122 4890 1393 4945 Christum
1423 4891 1568 4961 (nam

77 4984 103 5020 ιε
128 4987 313 5045 quoque,
348 4996 400 5038 ut
424 4986 571 5040 veris
607 4994 660 5037 et
710 4982 1058 5051 sempiternis
1091 4980 1281 5049 opibus
1324 4996 1427 5035 nos
1470 4998 1568 5035 cu-

76 5064 262 5133 mularet,
308 5075 356 5126 in
391 5084 632 5145 egestate
687 5074 823 5127 vixit
870 5072 938 5141 “)
999 5072 1310 5127 facultatum
1350 5088 1565 5127 suarum

75 5154 336 5229 naufragium
378 5182 530 5236 aequo
573 5166 755 5219 animo
790 5166 1002 5219 ferunt!
1050 5164 1232 5235 Longe
1259 5181 1386 5220 vero
1438 5168 1565 5220 bea-

75 5243 202 5311 tiores,
227 5256 303 5320 qui
326 5257 487 5312 stolas
518 5273 645 5312 suas
689 5260 740 5310 in
800 5258 923 5325 agni
977 5258 1241 5325 sanguine
1298 5255 1565 5321 laverunt,

72 5334 300 5409 flilibusque
334 5361 433 5400 non
454 5348 559 5401 alia
593 5349 784 5403 mortis
837 5361 999 5401 causa
1047 5346 1173 5409 fuit,
1225 5363 1387 5417 quam
1423 5350 1564 5418 quod

75 5435 140 5477 nec
158 5431 416 5492 adulteram
442 5455 538 5510 pro
566 5456 787 5509 sponsa,
823 5454 922 5493 nec
956 5453 1137 5493 semen
1186 5439 1439 5494 Chanaan
1470 5456 1566 5510 pro

73 5520 223 5576 tamine
242 5522 381 5597 Iuda,
406 5547 502 5588 nec
542 5531 872 5587 Absalonem
910 5539 1003 5583 aut
1026 5529 1313 5585 Jeroboam
1348 5542 1437 5584 aut
1460 5530 1565 5585 Ta-

118 5676 149 5709 "
181 5680 264 5740 Job
291 5704 426 5756 χιιι,
458 5693 539 5750 15.
643 5692 688 5725 ⁸⁸
714 5690 755 5745 ll
789 5691 915 5747 Cor.
950 5708 1068 5760 vttI,
1105 5694 1157 5749 9.

118 5807 205 5883 (59)
231 5814 436 5890 Tertul.,
475 5824 509 5881 Ι,
544 5839 594 5879 tv
621 5822 741 5879 adv.
779 5821 950 5877 Marc.

1237 5691 1279 5723 δ’
1307 5690 1467 5746 Cant.
1490 5708 1529 5748 tt
1580 5692 1666 5748 15.

1668 4611 1949 4680 Pharphar
1977 4609 2151 4662 ﬂuviis
2185 4608 2461 4673 Damasci;
2498 4621 2640 4660 nunc
2675 4607 2739 4659 de
2782 4605 3023 4659 fontibus
3060 4605 3245 4661 Salva-

1674 4686 1805 4760 toris
1840 4717 2007 4771 aquas
2045 4699 2319 4763 hauriunt,
2353 4713 2494 4751 nunc
2541 4698 2606 4751 de
2636 4696 2888 4751 cisternis
2942 4696 3239 4765 dissipatis.

1666 4794 1733 4848 Et
1756 4791 2201 4865 quemadmodum
2252 4787 2503 4841 animalia
2546 4785 2791 4855 qumdam
2829 4796 2977 4851 sunt,
3029 4801 3149 4855 qum
3181 4789 3237 4839 in

1666 4898 1894 4955 utroque
1944 4883 2210 4937 elemento
2262 4882 2481 4950 degunt,
2543 4880 2612 4933 ob
2669 4892 2897 4946 eamque
2948 4892 3164 4931 causam
3209 4893 3241 4929 a

1663 4975 1866 5032 Graecis
1898 4974 2137 5045 ἀμφίϐια
2186 4971 2556 5037 nominantur,
2594 4981 2648 5024 et
2700 4978 2940 5023 monstra
2992 4970 3237 5037 quaedam

1666 5069 1933 5123 interdum
1984 5065 2276 5131 exsistunt,
2328 5062 2497 5117 altera
2540 5062 2782 5129 corporis
2837 5072 2988 5129 parte
3046 5060 3243 5113 humu-

1671 5177 1816 5224 nam,
1847 5159 2009 5211 altera
2044 5154 2331 5211 belluinam
2362 5153 2588 5207 formam
2638 5151 3017 5221 praeferentia;
3050 5151 3243 5202 eodem

1670 5253 1827 5306 modo
1859 5250 1956 5318 ipsi
1991 5263 2089 5303 nec
2122 5248 2280 5317 plane
2334 5243 2643 5306 orthodoxi,
2680 5258 2779 5296 nec
2834 5252 3019 5310 aperte
3067 5242 3241 5295 Ιιωτυο

1670 5344 1759 5401 tici
1783 5352 1929 5405 sunt,
1955 5339 2048 5394 sed
2074 5338 2304 5392 mediam
2333 5338 2621 5407 quamdam
2650 5324 2788 5390 inter
2814 5345 3074 5403 utrosque
3113 5347 3243 5386 con-

1669 5438 1925 5492 ditionem
1972 5442 2178 5486 tenent.
2237 5429 2313 5485 Ita
2371 5430 2454 5483 vel
2509 5443 2631 5484 cum
2686 5428 2946 5482 Zacharia
3000 5425 3244 5480 obmute-

1668 5540 1848 5594 scunt,
1877 5525 1959 5579 vel
2014 5540 2134 5577 ctttn
2174 5522 2451 5597 dubitante
2507 5522 2668 5576 Petro
2728 5523 2923 5602 mergi,
2954 5520 3244 5590 incipiunt,

1745 5692 1793 5724 ⁸⁸
1823 5690 1953 5744 Luc.
1978 5703 2055 5751 ix,
2080 5685 2168 5738 58.
2267 5684 2309 5714 ⁸¹
2344 5680 2553 5737 Jerem.
2586 5695 2661 5747 ts,
2687 5677 2740 5734 ί.

1747 5820 1855 5893 (70)
1890 5818 2055 5874 Basil.
2092 5816 2114 5870 i
2152 5815 2311 5885 epist.
