3824 6394
530 251 638 309 325
1619 241 1855 301 JACOBI
1894 238 2092 297 BlLLll
2135 234 2663 293 PREFATIONES.
2704 282 2705 287 η
3634 252 3715 311 5n

532 368 643 437 jam
666 364 892 434 jamque
924 361 1063 418 naud
1113 360 1269 416 dubie
1302 350 1518 431 pessum
1544 359 1701 427 ituri,
1730 359 1833 416 nisi
1866 357 2117 415 Christus
2143 358 2193 415 Α
2221 353 2485 409 bertatem
2534 351 2839 419 vindicatos
2880 365 3002 409 esse
3043 349 3361 425 gloriantur,
3392 373 3502 416 euut
3526 364 3603 433 qui
3625 352 3715 427 emit

536 468 631 507 eos
664 468 822 507 manu
858 461 1104 520 arreptos
1154 451 1207 505 in
1246 448 1551 505 naviculam
1587 449 1902 504 retraxerit.
2213 460 2299 499 eos
2332 456 2600 516 negantes,
2629 466 2692 503 ac
2728 448 3138 518 superducentes
3169 448 3270 503 sibi
3293 449 3496 505 celerem
3521 459 3715 522 perditio.

612 546 751 601 Sunt
781 545 894 610 alii,
953 544 1043 613 qui
1102 543 1313 599 tametsi
1366 543 1434 598 ab
1476 542 1622 598 omni
1680 542 1872 598 haeresi
1922 538 2120 595 abhor-

542 644 721 701 reant,
748 633 973 706 perinde
1009 644 1190 688 tamen
1219 642 1384 702 atque
1414 648 1508 690 eos
1531 633 1867 689 orthodoxite
1896 632 2116 702 pudeat,

540 727 786 783 veritatis
817 724 1177 796 patrocinium
1201 727 1481 791 deserunt,
1511 741 1575 781 ac
1601 740 1667 780 ne
1698 725 1825 796 quid
1852 723 1965 779 odii
2009 720 2115 780 sibi

543 819 681 887 apud
708 817 955 873 homines
984 818 1240 882 condent,
1263 817 1458 888 impias
1481 819 1743 872 adversus
1770 816 1939 871 Deum
1973 814 2120 869 blas-
2145 818 2156 827 '

542 910 789 979 phemias
837 910 1014 964 surdis
1069 912 1292 964 auribus
1331 909 1710 963 transmittunt
1750 926 1765 962 :
1802 906 1956 977 quasi
1990 920 2120 962 vero

546 1016 651 1054 non
680 1011 738 1055 ut
778 1003 935 1054 corde
983 1002 1052 1053 ad
1078 1000 1347 1069 justitiam
1377 1000 1631 1063 creditur,
1672 997 1751 1053 sic
1788 1013 1877 1051 ore
1906 1010 2122 1066 quoque

551 1092 805 1161 ronfessio
859 1094 928 1146 ad
967 1092 1194 1146 salutem
1240 1093 1358 1160 ﬁeri
1393 1092 1438 1123 δ’
1479 1091 1691 1145 debeat.
1728 1089 1808 1143 Ad
1842 1103 1979 1157 quos
2031 1102 2125 1141 ac-

546 1187 763 1250 cedunt,
798 1185 887 1254 qui
924 1185 990 1237 ad
1042 1183 1478 1237 adversariOrum
1516 1181 1743 1251 gratiam
1770 1180 1974 1233 aditum
2018 1178 2122 1233 sibi

546 1277 817 1340 muniunt,
849 1292 912 1330 ac
940 1275 1087 1330 velut
1121 1275 1325 1328 amicos
1359 1282 1573 1343 parant,
1608 1273 1721 1342 qui,
1763 1271 1806 1326 si
1852 1270 1990 1323 forte
2040 1269 2126 1323 de-

549 1369 786 1437 fecerint,
837 1369 1091 1435 recipiant
1131 1382 1226 1421 eos
1278 1358 1334 1420 in
1395 1383 1492 1421 sua
1542 1362 1883 1419 tabernacula
1912 1362 1980 1415 ⁵³.
2029 1360 2125 1415 His

550 1479 657 1517 non
688 1462 845 1531 paulo
866 1461 1245 1515 sceleratiores
1268 1460 1501 1514 habendi
1530 1457 1783 1528 sunt,qni
1814 1456 1913 1510 sub
1944 1454 2124 1509 mium

550 1552 690 1622 pelle
722 1551 875 1621 lupos
911 1551 1116 1616 celant;
1148 1566 1378 1619 quorum
1410 1566 1511 1604 vox
1546 1549 1764 1619 quidem
1811 1561 1916 1600 vox
1964 1541 2130 1598 Jacob

550 1652 655 1706 est,
690 1644 784 1698 sed
813 1652 867 1698 et
893 1658 1082 1697 manus
1111 1654 1164 1698 et
1200 1644 1411 1696 animus
1456 1642 1594 1696 Esau
1628 1650 1781 1705 sunt;
1820 1636 1908 1706 qui
1942 1634 1994 1689 in
2029 1634 2130 1687 Ee-

2216 553 2332 591 nem
2357 537 2424 592 “.
2456 534 2704 594 Ridendo
2732 548 2963 609 pereunt
2997 577 3015 604 ,
3060 536 3294 606 iocando
3323 540 3515 595 serium
3540 546 3712 604 exitium

2215 628 2317 683 sibi
2350 640 2657 685 accersunt.
2686 629 2749 686 lli
2778 641 2907 687 sunt
2938 632 3053 686 veri
3104 632 3370 702 gigantes,
3400 633 3483 703 qui
3521 634 3719 707 blasphe-

2219 737 2363 776 mam
2400 721 2635 793 linguam
2690 724 2742 776 in
2784 723 2979 779 coelum
3012 722 3280 788 mittunt,
3308 739 3369 778 ac
3412 723 3564 782 Deum
3588 736 3718 786 omni-

2221 823 2500 886 potentem
2550 815 2721 885 impio
2769 815 2911 870 bello
2956 814 3229 869 lacessunt
3265 833 3278 868 :
3313 830 3445 883 quos
3472 816 3520 871 in
3551 816 3716 877 Satane

2218 905 2431 976 peculio
2471 904 2583 973 jam
2638 920 2761 960 esse
2793 906 3063 975 quispiam
3102 920 3207 960 non
3247 905 3511 963 immerito
3545 907 3715 980 dixerit,

2219 999 2416 1068 quippe
2467 998 2560 1067 qui
2602 986 3203 1053 aeternasiuimicitias
3255 1010 3377 1049 cum
3430 1010 3490 1051 eo
3524 1012 3719 1071 suscepe

2220 1091 2350 1153 rint,
2385 1090 2475 1160 qni
2510 1088 2659 1143 solus
2692 1089 2822 1155 ipsis
2857 1087 3059 1143 mederi
3098 1096 3342 1155 poterat.
3377 1085 3481 1143 Hos
3528 1105 3616 1145 non
3647 1096 3717 1147 mi-

2223 1198 2324 1237 nus
2345 1178 2873 1251 qnam-Epiphanius
2896 1181 3186 1236 Anommos
3225 1180 3359 1251 (72),
3396 1199 3414 1233 ι
3447 1181 3615 1250 virgini
3634 1200 3719 1240 cor-

2223 1284 2420 1344 ruptae,
2462 1289 2637 1340 ezeear,
2679 1274 2857 1327 surdae
2888 1317 2902 1340 ,
2934 1286 2986 1327 et
3022 1283 3185 1328 mutae
3233 1288 3538 1342 comparare
3580 1290 3720 1344 possu-

2229 1380 2372 1430 mus,
2407 1379 2567 1434 quam
2599 1379 2758 1419 nemo
2789 1374 3105 1434 corruptam
3143 1378 3268 1419 esse
3295 1366 3503 1420 nescit:
3539 1381 3717 1438 irogata

2228 1466 2406 1511 autem
2442 1473 2470 1510 a
2496 1471 2603 1522 quo
2632 1467 2884 1527 corrupta
2932 1458 3046 1524 sit,
3077 1472 3185 1512 non
3221 1457 3412 1521 audit,
3444 1458 3558 1527 quia
3587 1463 3720 1525 surda,

2230 1563 2331 1602 nec
2357 1562 2479 1602 eum
2511 1546 2665 1611 vidit,
2696 1548 2821 1618 quia
2858 1564 3002 1603 caeca
3029 1589 3045 1616 ,
3077 1562 3178 1602 nec
3208 1546 3389 1603 dicere
3417 1558 3595 1618 potest,
3634 1554 3719 1622 quia

2233 1650 2403 1694 muta.

554 1735 732 1789 clesia:
759 1750 989 1804 corpore
1021 1735 1092 1789 ita
1123 1744 1273 1799 sunt,
1309 1745 1368 1786 ut
1410 1732 1581 1788 Sinon
1615 1732 1668 1786 in
1704 1731 1837 1784 urbe
1865 1726 2123 1797 Trojana,
2158 1719 2202 1774 Β
2301 1732 2617 1800 Quanquam
2647 1731 2774 1802 quid
2806 1740 2987 1785 mutes
3020 1745 3116 1786 eos
3145 1728 3487 1801 appello,qui
3514 1745 3604 1785 non
3626 1730 3720 1800 jam,

554 1825 635 1880 vel
668 1832 726 1879 ut
751 1822 917 1880 Iudas
950 1826 1005 1880 in
1032 1811 1223 1880 coena.
1264 1824 1433 1879 Nemo
1465 1834 1548 1878 est
1576 1825 1665 1892 qui
1698 1823 1945 1877 oratione
1979 1835 2127 1874 asse-

556 1918 647 1985 qui
677 1917 868 1985 possit,
907 1926 1162 1986 quantam
1199 1916 1289 1971 isti
1321 1917 1555 1971 versntis
1582 1916 1697 1969 suis
1743 1913 1985 1969 consiliis
2008 1927 2129 1983 per-

555 2008 753 2063 niciem
815 2007 1120 2080 reipublica:
1188 2007 1511 2063 Christiana:
1580 2006 1821 2077 quotidie
1879 2005 2126 2059 afferant.

555 2102 683 2156 Plus
743 2102 953 2159 artibus
1004 2102 1116 2155 suis
1161 2100 1418 2163 efﬁciunt,
1471 2117 1630 2170 quam
1693 2099 1893 2153 ferrum
1948 2111 2128 2163 omne,

554 2206 715 2257 quam
747 2192 825 2246 vis
852 2192 1029 2246 omnis
1057 2207 1331 2245 armorum
1417 2192 1488 2245 Ac
1528 2203 1811 2259 propterea
1845 2188 1950 2241 illis
2007 2202 2128 2241 cum

558 2283 721 2338 totius
749 2282 932 2337 mundi
963 2283 1218 2337 scandan
1249 2299 1277 2336 a
1308 2282 1424 2337 suis
1446 2284 1748 2353 corypliueis
1775 2280 2130 2351 permittitur,

558 2371 892 2442 religionem,
923 2388 1084 2441 quam
1137 2382 1310 2427 morte
1360 2373 1513 2442 pejus
1566 2374 1815 2438 oderunt,
1854 2370 2130 2437 simulare,

526 2460 980 2518 'orthodoxorum
1028 2464 1226 2533 templa
1268 2464 1439 2527 adire,
1493 2463 1570 2517 rei
1614 2478 1784 2518 sacra:
1845 2463 2130 2526 interesse,

560 2554 773 2623 aliaque
804 2554 1008 2621 omnia,
1039 2570 1159 2623 qua:
1184 2566 1333 2609 secta
1368 2545 1703 2620 exsecratur,
1737 2554 1947 2618 facere;
1976 2552 2135 2629 dum-

561 2647 721 2700 modo
775 2646 875 2701 hac
936 2646 1281 2701 simulatione
1335 2645 1625 2699 factionem
1666 2645 1982 2714 proveliant.
2035 2640 2135 2695 Hic

562 2738 807 2807 profecto
833 2737 964 2791 mihi
1006 2740 1273 2792 succurrit
1326 2738 1451 2791 illud
1504 2736 1752 2802 Augusti,
1792 2736 1883 2805 qui
1916 2750 1983 2788 ex
2022 2741 2133 2787 tota

562 2844 625 2883 ea
667 2826 1036 2896 suppellectile
1084 2842 1243 2896 quam
1308 2828 1543 2881 moriens
1595 2827 1810 2896 quidam
1862 2825 2136 2879 Romanus

566 2920 828 2970 immenso
851 2931 959 2971 aere
996 2917 1171 2970 alieno
1203 2918 1435 2971 obrutus
1473 2917 1787 2986 reliquerat,
1826 2915 2019 2969 lectum
2048 2929 2137 2968 so—

565 3010 673 3062 lum
708 3011 994 3065 emendum
1025 3014 1255 3075 curavit,
1310 3010 1449 3079 quod
1496 3009 1607 3063 fieri
1652 3024 1756 3061 non
1790 3021 1948 3076 posse
1988 3005 2134 3059 dice-

566 3110 669 3165 ret,
706 3105 834 3170 quin
868 3102 1023 3172 longe
1055 3105 1289 3172 optimus
1322 3112 1487 3165 esset,
1538 3103 1590 3155 in
1634 3114 1739 3167 quo
1777 3099 1936 3151 homo
1991 3106 2134 3149 tanta
2166 3086 2210 3147 C

564 3194 689 3247 aeris
711 3193 871 3248 alieni
904 3194 1043 3249 mole
1081 3210 1374 3263 oppressus
1423 3209 1613 3245 somno
1666 3192 1958 3244 frueretur.
1998 3189 2139 3243 Con-

566 3280 726 3338 simili
757 3284 899 3337 enim
941 3284 1099 3338 modo
1139 3284 1475 3338 firmissimas
1502 3298 1564 3335 ac
1611 3282 1803 3335 robore
1836 3280 2140 3349 tripliciqnc

564 3376 692 3440 are,
729 3384 787 3427 ιιι
848 3374 935 3430 ille
972 3376 1045 3428 ait
1078 3375 1216 3447 (7i),
1253 3375 1504 3442 obseptas
1529 3388 1647 3427 esse
1682 3371 1987 3437 hujusmodi
2015 3386 2141 3423 con-

566 3466 821 3520 scientias
857 3481 1080 3521 necesse
1109 3477 1213 3532 est,
1249 3482 1367 3536 quae
1409 3467 1461 3519 in
1495 3477 1646 3519 tanto
1681 3465 1885 3519 scelere
1934 3478 2141 3517 securae

566 3558 973 3628 conquiescunt.
1326 3615 1332 3623 ,

638 3648 731 3702 Est
754 3649 896 3702 aliud
930 3647 1209 3702 hominum
1253 3663 1423 3717 genus
1452 3662 1679 3715 quorum
1710 3646 1859 3699 salus
1897 3660 1995 3713 spe
2023 3644 2139 3697 exi-

570 3754 671 3809 gua
708 3750 1062 3806 extremaque
1092 3739 1316 3807 pendet,
1349 3754 1412 3791 ac
1440 3752 1607 3808 prope
1640 3736 1917 3804 deplorata
1953 3745 2057 3799 est,
2084 3743 2143 3786 ut

574 3839 807 3883 nontam
843 3831 1073 3893 medico,
1107 3846 1268 3899 quam
1293 3830 1533 3887 Christo,
1574 3829 1665 3897 qui
1695 3838 1938 3883 mortuos
1968 3827 2144 3881 susei-

574 3929 693 3986 tat,
732 3936 870 3988 opus
926 3921 1129 3974 habere
1181 3922 1493 3974 videantur.
1532 3919 1609 3972 De
1662 3920 1745 3973 his
1780 3920 1970 3989 loquor
2004 3934 2139 3986 quos

573 4011 855 4080 aptissimo
887 4012 1103 4065 nomine
1128 4012 1518 4082 ἀπηλγηκότας
1566 4012 1859 4081 Apostolus
1887 4022 2045 4068 vocat
2071 4013 2141 4075 “,

573 4106 663 4174 qui
687 4112 744 4157 ut
776 4107 826 4158 in
857 4104 959 4158 Nili
997 4107 1279 4173 catadupis
1345 4106 1411 4157 ad
1450 4106 1656 4159 ruentis
1683 4104 1924 4159 fluminis
1964 4106 2147 4177 frago-

573 4212 687 4248 rem
739 4196 929 4249 incolze
984 4196 1381 4249 obsnrdescunt
1433 4197 1555 4250 :ita
1610 4196 1688 4250 illi
1756 4206 2142 4266 perpetuarum

575 4285 997 4352 disputationum
1052 4285 1211 4338 taedio
1268 4286 1425 4339 fracti
1480 4295 1644 4356 atque
1693 4288 1917 4350 enecti,
1958 4301 2146 4341 omnes

2230 1833 2290 1876 ut
2322 1824 2449 1877 olim
2479 1862 2495 1888 ,
2535 1823 2872 1894 impietatem
2906 1833 3127 1893 pectore
3162 1822 3404 1878 clausam
3449 1831 3625 1885 tenent.
3650 1840 3722 1879 non

2230 1915 2285 1971 in
2316 1916 2549 1986 angulis,
2580 1928 2642 1971 ut
2670 1932 2863 1985 nuper,
2892 1916 3203 1981 effundunt,
3228 1917 3320 1970 sed
3348 1915 3397 1969 in
3421 1915 3628 1970 omnium
3645 1915 3722 1984 ple-

2231 2024 2461 2078 rumque
2508 2010 2679 2063 oculis
2728 2019 2891 2079 atque
2928 2017 3223 2080 conspectu
3261 2023 3329 2064 ex
3368 2022 3458 2062 ore
3506 2010 3718 2061 teterrima

2237 2113 2533 2166 evomunt,
2574 2112 2869 2171 portasque
2919 2102 3171 2170 aperiunt
3223 2116 3328 2155 non
3356 2098 3631 2170 jnstitim".
3658 2100 3720 2153 sed

2233 2193 2507 2248 atheismi.
2568 2194 2630 2248 Hi
2666 2195 2710 2248 si
2746 2196 2956 2262 superis
2983 2194 3159 2263 placet
3188 2234 3203 2259 ,
3232 2192 3526 2262 Scripturas
3571 2205 3723 2261 quoque

2233 2285 2534 2352 proferunt,
2565 2301 2699 2354 quas
2728 2286 2927 2347 rident,
2956 2300 3057 2339 nec
3084 2284 3231 2339 serio
3264 2299 3322 2339 se
3349 2299 3519 2353 agere,
3549 2283 3624 2336 sed
3644 2292 3724 2335 tau-

2236 2386 2347 2431 tum
2380 2376 2658 2446 disputare
2689 2376 2826 2431 velle
2854 2377 3180 2446 profitentur
3212 2393 3227 2430 :
3259 2391 3321 2429 ac
3347 2375 3596 2429 Christum
3615 2389 3723 2427 oscuo

2233 2468 2435 2533 lantur,
2470 2480 2527 2522 ut
2566 2470 2831 2538 prodant;
2874 2469 2973 2523 hoc
3012 2478 3117 2533 est,
3148 2467 3445 2521 doctrinam
3474 2481 3647 2519 sacram
3668 2465 3719 2515 al-

2235 2560 2437 2628 legant,
2463 2571 2520 2615 ut
2568 2570 2835 2616 evertant.
2864 2561 3103 2627 Quorum
3142 2559 3247 2614 hac
3280 2566 3572 2625 tempestate
3594 2565 3722 2609 tantus

2242 2667 2539 2727 proventus
2565 2665 2669 2720 est,
2703 2666 2759 2709 ut
2792 2671 2897 2710 non
2931 2656 3050 2709 sine
3080 2670 3245 2709 causa
3273 2654 3408 2723 apud
3444 2663 3668 2708 nostrates
3689 2653 3722 2705 in

2238 2748 2581 2817 proverbium
2605 2749 2820 2811 abierit,
2861 2746 3059 2802 Noxias
3092 2746 3292 2800 herbas
3325 2747 3428 2799 cito
3455 2757 3723 2798 excrescere.

2243 2857 2263 2907 ς
2299 2828 2411 2908 (73)
2469 2839 2558 2893 Sic
2597 2839 2787 2893 inanes
2822 2839 2990 2908 paleae
3036 2848 3362 2907 tempestate
3401 2838 3655 2907 iactantur,
3688 2844 3725 2886 et

2237 2930 2487 2984 invalida:
2521 2930 2749 2985 arbores
2792 2930 3023 2991 turbinis
3067 2930 3384 2985 incursione
3408 2934 3721 2982 evertuntum

2240 3020 2346 3076 Sed
2369 3006 2677 3091 Quanquam
2708 3021 2851 3075 nulla
2882 3021 3171 3091 capitalior
3221 3021 3385 3090 pestis
3426 3020 3488 3074 ab
3509 3016 3725 3073 infestissi-

2243 3128 2331 3167 mo
2361 3113 2575 3181 generis
2622 3112 2794 3167 nostri
2845 3112 3002 3168 hoste
3047 3112 3345 3183 excogitari
3394 3117 3725 3178 potest,quam

2241 3204 2463 3273 hmrcsis
2498 3222 2511 3258 :
2546 3219 2612 3258 ex
2673 3220 2733 3259 ea
2796 3214 2974 3258 tamen
3024 3204 3127 3257 hoc
3181 3202 3441 3258 commodi
3475 3199 3726 3270 percipitur,

2241 3296 2384 3366 quod
2422 3295 2543 3350 hinc
2573 3295 2770 3361 elucet,
2813 3298 2902 3365 qui
2935 3295 3116 3365 probi,
3144 3297 3236 3365 qui
3263 3292 3424 3348 fucati
3456 3302 3596 3358 atque
3619 3286 3725 3342 adul-

2243 3387 2400 3441 teriui
2436 3386 2727 3441 Christiani
2762 3388 2892 3441 sint.
2927 3385 3151 3440 Necesse
3198 3395 3297 3449 est,
3344 3384 3508 3453 inquit
3556 3379 3726 3447 Apono-

2242 3479 2326 3533 lus
2350 3479 2418 3545 ⁸⁸,
2450 3478 2669 3533 [terreres
2706 3495 2844 3541 esse,
2889 3490 2943 3531 ut
2972 3480 3060 3549 qui
3116 3476 3326 3546 probati
3372 3486 3502 3539 sunt,
3534 3466 3728 3537 manifesti

2240 3573 2393 3641 ﬁant.
2426 3572 2607 3627 liebus
2642 3573 2947 3641 tranquillis
2970 3580 3024 3627 et
3054 3572 3284 3641 pacatis,
3316 3568 3465 3624 fortis
3486 3577 3534 3622 et
3563 3576 3728 3636 genero-

2244 3679 2339 3718 sus
2368 3665 2522 3718 miles
2550 3666 2617 3718 ab
2648 3665 2838 3731 ignavo
2863 3672 2916 3717 et
2950 3663 3137 3717 timido
3162 3658 3450 3716 internosci
3476 3672 3566 3712 non
3587 3658 3727 3724 potest.

2242 3755 2313 3808 At
2341 3765 2531 3810 exorto
2562 3754 2703 3809 bello
2728 3755 2856 3824 quid
2882 3755 3023 3809 inter
3061 3763 3350 3822 utrumque
3379 3746 3665 3806 descriminis
3683 3744 3731 3796 sit

2246 3846 2402 3901 facile
2424 3847 2773 3915 persnicitur.
2808 3846 2961 3900 Alter
2995 3847 3178 3901 statim
3214 3848 3420 3914 abjecto
3447 3850 3581 3898 scuto
3612 3837 3731 3903 turpi-

2220 3948 2331 3994 ‘ter
2365 3954 2423 3992 se
2452 3939 2505 3992 in
2543 3938 2719 4007 fugam
2772 3938 3033 4007 conjicit:
3082 3938 3225 3992 alter
3272 3936 3508 4005 periculis
3545 3930 3730 3989 omnibus

2246 4046 2446 4101 magno
2476 4040 2640 4100 atque
2666 4031 2936 4098 intrepido
2961 4030 3144 4083 animo
3172 4044 3293 4100 sese
3323 4028 3490 4083 offert.
3528 4023 3729 4091 QuOtbo-

2245 4122 2423 4177 mines
2450 4122 2821 4191 superioribus
2864 4122 3014 4176 hisce
3038 4121 3206 4175 annis
3230 4121 3454 4175 vidimus
3482 4156 3496 4182 ,
3528 4114 3603 4186 qui
3644 4126 3729 4166 cuin

2245 4215 2582 4270 orthodoxiaz
2623 4216 2855 4284 speciem
2899 4215 3044 4268 omni
3078 4214 3187 4268 vita
3222 4229 3329 4283 prae
3360 4227 3415 4267 se
3438 4211 3663 4267 tulissent,
3686 4201 3731 4254 ad

2247 4307 2450 4377 primas
2484 4307 2658 4360 noctis
2691 4306 2943 4360 tenebras
2978 4307 3028 4359 in
3057 4304 3277 4360 Christo
3298 4296 3731 4359 scandalizatisunt,

577 4378 628 4428 in
667 4376 974 4429 universum
1002 4376 1291 4445 religiones
1326 4393 1576 4447 perreque
1603 4390 1947 4444 aversantur,
1980 4389 2145 4447 atque
2180 4428 2223 4483 υ
2248 4414 2406 4467 eaq“,
2459 4397 2640 4451 νειεειο
2700 4398 2942 4468 Iugerum
2969 4397 3040 4465 ιθ,
3090 4399 3198 4452 imo
3258 4388 3656 4463 transfugerunt?
3688 4384 3729 4437 Ει

577 4468 630 4521 iii
714 4469 991 4537 pestilenti
1073 4470 1375 4525 derisorum
1452 4472 1707 4525 cathedra
1784 4472 1887 4525 sibi
1960 4474 2144 4527 sedem

577 4561 745 4629 figunt
774 4560 840 4613 ⁸⁵.
869 4559 933 4613 Hi
969 4568 1173 4614 tantum
1222 4564 1378 4617 abest
1426 4573 1487 4616 ut
1544 4564 1645 4617 bac
1686 4580 1865 4618 rerum
1901 4564 2143 4618 omnium

577 4651 979 4718 perturbatione
1010 4664 1477 4719 commoveantur,
1514 4663 1573 4707 ut
1609 4656 1771 4709 etiam
1817 4670 1883 4709 ex
1916 4654 2149 4724 publicis

579 4742 979 4797 calamitatibus
1024 4745 1355 4798 uberrimam
1412 4746 1552 4800 risus
1612 4760 1842 4800 messem
1904 4746 2129 4801 faciant.

578 4832 825 4899 Omnes,
874 4849 1009 4904 quos
1051 4834 1307 4891 Ecclesiae
1363 4852 1526 4891 causa
1584 4838 1730 4893 serio
1786 4838 1994 4906 allicit,
2050 4853 2150 4909 pro

579 4926 758 4980 stultis
837 4937 892 4980 et
956 4928 1160 4981 insanis
1224 4928 1464 4995 habent,
1513 4945 1576 4983 ac
1617 4930 1683 4983 de
1743 4930 1863 4983 lana
1927 4932 2149 4999 caprina

579 5019 907 5073 contendere
934 5028 1095 5086 atque
1126 5020 1263 5072 inter
1290 5033 1348 5074 se
1382 5020 1632 5075 altercari
1676 5024 1847 5077 aiunt.
1879 5022 2151 5092 Compen-

580 5109 807 5162 diariam
832 5110 973 5163 viam
996 5111 1062 5161 ad
1085 5110 1527 5178 tranquillitatem
1552 5126 1673 5167 esse
1689 5123 1917 5167 censent
1939 5112 2153 5179 ἀθεῗαν,

579 5199 801 5269 ejusque
832 5201 1097 5255 benelicio
1142 5216 1201 5255 se
1236 5217 1302 5255 ex
1339 5204 1660 5272 gravissima
1700 5206 1964 5260 servitute
1994 5208 2047 5261 in
2081 5209 2152 5263 li-

1208 5308 1235 5323 λ

653 5376 698 5408 ⁸¹
730 5374 886 5431 Rom.
914 5394 968 5440 Χ,
1007 5378 1095 5434 10.
1167 5378 1213 5409 ⁸⁸
1254 5377 1383 5431 Luc.
1408 5394 1517 5441 xvi,
1551 5378 1606 5434 9.

582 5447 629 5480 ”
666 5448 683 5502 Ι
719 5450 839 5501 Cor.
871 5465 947 5514 XI,
980 5449 1067 5503 19.
1159 5450 1207 5481 ⁸⁹
1240 5449 1585 5512 Mattb.xxvi,
1617 5448 1707 5505 56.

655 5607 765 5677 (Ἠ)
789 5605 1059 5677 Horat..ll.
1090 5623 1103 5661 ι
1134 5605 1338 5667 Carm“
1361 5606 1444 5655 ml.
1480 5605 1534 5663 5.

680 5678 765 5738 7‘2)
802 5677 918 5733 Lib.
952 5694 1031 5744 ιιι,
1066 5688 1101 5735 ι.
1138 5679 1178 5744 I,
1211 5695 1331 5747 pug.
1365 5678 1491 5730 990.

1682 5380 1729 5412 “
1761 5380 1956 5451 Ephes.
1989 5397 2061 5450 tv,
2092 5383 2181 5440 19.

2252 4488 2345 4556 qui
2400 4488 2519 4555 plus
2554 4503 2714 4555 quam
2752 4488 2988 4553 trabali,
3026 4498 3085 4543 ut
3123 4489 3317 4551 aiunt,
3348 4488 3489 4541 clavo
3513 4484 3560 4537 in
3599 4476 3732 4551 Eccit-

2254 4583 2333 4637 sia
2388 4580 2479 4635 fixi
2520 4595 2642 4636 esse
2687 4581 3027 4648 videbantur,
3070 4595 3239 4649 seque
3276 4579 3449 4634 lsraeli
3495 4588 3579 4646 pro
3624 4580 3733 4625 muro

2256 4670 2465 4727 futuros
2512 4672 2908 4737 ostendebant,
2942 4673 3047 4743 ipsi
3082 4673 3243 4742 primi
3277 4668 3553 4725 foedissime
3572 4673 3731 4718 corrue-

2256 4764 2424 4819 runt?
3422 4826 3425 4827 ν

2332 4856 2443 4911 Hoc
2468 4872 2595 4926 ergo
2637 4857 2836 4911 bonum
2873 4856 3053 4911 attulit
3083 4856 3303 4911 haeresis
3324 4895 3338 4918 ,
3368 4851 3497 4924 quod
3526 4858 3573 4902 et
3597 4845 3730 4898 horum

2259 4945 2662 5001 simulationem
2714 4946 2988 5016 prodidit,
3037 4957 3094 5000 et
3148 4949 3402 5002 bonorum
3455 4933 3730 4995 constantiam

2258 5037 2535 5107 animique
2563 5039 2994 5107 magnitudinem
3043 5039 3358 5093 declaravit.
3407 5033 3520 5090 Fuit
3544 5042 3646 5095 ergo
3672 5022 3729 5075 ili-1

2257 5126 2410 5196 quasi
2446 5126 2582 5195 lapis
2620 5127 2842 5197 quidam
2887 5129 3164 5183 lieraclius
3195 5141 3376 5182 verum
3400 5137 3567 5178 aurum
3594 5132 3616 5169 a
3638 5115 3732 5167 falso

2258 5216 2575 5272 discernens
2603 5257 2619 5285 ,
2646 5219 2801 5288 quasi
2837 5218 2977 5288 ignis
3014 5221 3315 5274 contrarias
3346 5210 3576 5271 materias
3594 5202 3733 5259 distin-

2284 5384 2332 5418 "
2350 5384 2496 5444 Psal.
2530 5405 2569 5455 ι,
2608 5388 2661 5446 1.
2738 5390 2851 5454 "ll
2889 5390 3036 5447 Petr.
3067 5409 3127 5455 ιι,
3155 5395 3205 5450 1.
3295 5394 3337 5425 ⁸⁷
3367 5372 3733 5447 Psal.cxv1t.l9o

2738 5390 2851 5454 "ll
2889 5390 3036 5447 Petr.
3067 5409 3127 5464 tt,
3155 5395 3205 5450 1.

2351 5607 2671 5680 (75)Cypr.,
2703 5610 2778 5667 De
2809 5614 2942 5674 uuit.
2980 5614 3145 5680 Eccl,
3184 5632 3234 5685 p.
3260 5612 3375 5669 197.
