3812 6556
49 369 112 429 ω
980 347 1230 406 JACOBI
1256 345 1466 402 sum
1506 343 2029 403 pnmrsrtolvss.

3050 343 3160 401 5‘26

50 503 175 564 ruens.
209 482 331 554 quasi
362 473 711 532 ventilabrum
762 467 973 564 paleam
1027 482 1060 564 a
1112 468 1299 564 tritico
1324 481 1483 538 sepa-
1509 473 1557 527 Α
1584 466 1773 564 spicio,
1798 463 2212 564 immortalique
2227 459 2386 564 laude
2419 459 2611 529 dignos
2638 457 2895 564 existimo
2918 476 2935 515 ε
2959 461 3158 533 quippe

49 558 183 641 rans“,
212 571 404 641 denique
432 564 579 636 quasi
610 570 809 618 ventus
830 568 886 615 et
911 558 1093 632 pluvia
1125 558 1328 630 quibus
1365 572 1483 627 per-

47 645 199 739 ipicnum
218 665 361 725 ﬁeret,
386 660 474 729 qui
503 658 554 711 in
581 655 689 711 levi
723 667 911 718 arena,
946 650 1036 720 qui
1066 651 1120 739 in
1153 649 1307 739 firma
1325 657 1482 739 petra

46 733 115 813 ﬁdei
154 768 237 810 sua
270 751 595 805 fundamenta
646 736 1208 812 jecissent“.ﬁcbus
1236 733 1374 790 laetis
1426 733 1479 788 in

44 846 266 901 adulatorum
299 841 439 894 turba
475 834 669 891 sinceri
711 830 876 885 amici
905 830 1076 884 latent
1104 846 1117 882 :
1147 835 1338 882 aestate
1388 827 1483 896 qui

42 936 205 1006 parietes,
228 944 329 999 quae
356 926 473 981 tecti
506 933 685 994 partes
721 920 938 976 vitiosae
964 918 1075 974 sint
1098 958 1114 983 ,
1146 930 1268 987 quae
1291 924 1482 971 contra

41 1028 117 1079 vitio
133 1030 302 1078 careant
335 1034 428 1073 non
452 1017 608 1072 facile
630 1014 977 1085 dignoscitur
1002 1030 1017 1066 :
1040 1011 1342 1082 tranquillo
1366 1024 1483 1064 ma-

43 1114 134 1165 riiix
154 1107 337 1162 discerni
364 1114 552 1175 potest,
586 1119 704 1174 qua:
749 1117 878 1174 pars
918 1102 1073 1156 navis
1121 1101 1335 1169 integra
1385 1098 1478 1166 sit,

42 1219 111 1269 qua
131 1198 403 1267 naufragium
436 1197 689 1251 minetur.
721 1194 908 1249 Rebus
939 1201 1117 1248 autem
1144 1190 1358 1246 afﬂictis
1379 1233 1395 1259 ,
1428 1200 1483 1245 et

44 1304 109 1348 orta
124 1295 272 1355 hieme,
291 1300 439 1359 atque
463 1296 691 1359 urgente
726 1282 1051 1356 tempestate
1072 1285 1256 1340 statim
1290 1283 1483 1339 discri-

46 1384 352 1449 menelucescit,
398 1382 708 1451 tolliturque
738 1380 916 1434 omnis
943 1377 1228 1455 dubitatio.
1287 1376 1481 1432 Certus

45 1476 272 1529 Christianus
297 1473 342 1526 in
366 1486 420 1526 re
444 1472 648 1525 incerta
672 1467 917 1524 cernitur
952 1485 967 1522 :
1000 1468 1178 1522 hieme
1211 1479 1316 1520 non
1348 1466 1477 1531 ruit,

44 1572 95 1621 sal
125 1567 303 1621 firmiore
354 1563 512 1617 etiam
562 1576 727 1630 quam
779 1568 938 1615 antea
974 1561 1144 1628 gradu
1178 1557 1478 1623 consistit,

45 1656 287 1726 periculisque
312 1654 434 1724 ipsis
463 1653 779 1716 roboratur,
805 1662 969 1720 atque
999 1658 1058 1703 ut
1080 1649 1359 1718 eleganter
1403 1648 1480 1702 ait

46 1747 351 1816 παρέχη
391 1748 503 1816 ipso
545 1745 696 1799 ducit
742 1758 871 1813 opes
926 1742 1277 1810 animumque
1308 1739 1473 1795 ferro.

42 1840 79 1893 Et
104 1840 466 1907 quemadmodum
496 1836 730 1907 egregiae
757 1850 984 1905 gemmae
1012 1836 1067 1889 in
1105 1832 1282 1888 noctis
1331 1841 1483 1886 tene-

40 1926 106 1981 his
124 1926 269 1981 clarius
293 1941 441 2005 quam
477 1926 530 1979 in
580 1923 756 1977 media
806 1922 928 1975 luce
986 1920 1187 1974 micant
1224 1937 1237 1972 :
1276 1915 1356 1972 sic
1391 1916 1481 1973 ille

42 2023 71 2073 in
92 2005 431 2089 persecutidnum
482 2017 718 2086 caligine
768 2014 1055 2068 illustriora
1111 2014 1332 2083 pietatis
1372 2026 1484 2067 suae

40 2114 251 2164 minuent:
275 2109 484 2179 praebet.
517 2105 752 2162 Etiamsi
782 2106 836 2159 in
870 2104 1113 2160 Ecclesia
1145 2103 1355 2157 zizania
1408 2103 1484 2156 vi-

44 2202 242 2255 deannon
267 2201 387 2255 «ideo
428 2208 614 2253 tamen
660 2196 965 2252 Ecclesiam
1022 2196 1247 2251 deserit.
1285 2194 1485 2263 Exspe-

43 2298 195 2348 ctandum
218 2310 319 2350 esse
348 2308 579 2349 messem
615 2305 721 2346 non
754 2290 1004 2360 ignorat:
1037 2288 1235 2359 alioqui
1266 2287 1485 2357 pericu-

44 2388 103 2438 tun
132 2387 412 2457 impendere,
456 2400 527 2439 ne
575 2382 739 2437 simul
796 2397 917 2436 cum
958 2381 1188 2436 zizaniis
1241 2380 1481 2434 triticum

46 2480 132 2529 etiam
153 2478 376 2532 erellatur.
406 2477 559 2531 Dolet
587 2474 804 2545 quidem
832 2474 932 2541 Ipsi
962 2472 1155 2527 noxias
1191 2473 1388 2527 herbas
1421 2471 1474 2525 in

46 2573 162 2635 unum
197 2588 300 2641 agro
332 2570 597 2641 pullulare
629 2586 644 2622 :
686 2566 780 2622 sed
831 2581 933 2621 non
979 2568 1080 2621 hoc
1119 2565 1223 2620 sibi
1276 2573 1481 2620 temere

44 2663 258 2729 mperbeque
283 2673 505 2733 arrogat,
536 2659 681 2729 quod
702 2658 805 2713 soli
841 2658 929 2712 Dei
959 2657 1100 2712 Filio
1145 2665 1480 2724 reservatur,

48 2752 195 2805 nimirum
225 2754 403 2807 zizania
448 2769 475 2806 a
506 2752 692 2806 tritico
721 2763 1002 2819 separare,
1038 2761 1331 2817 areamque
1358 2762 1484 2816 per-

44 2854 194 2908 fugare.
221 2841 314 2895 Scit
342 2842 553 2912 quidem
577 2855 639 2895 ea
668 2840 719 2894 in
744 2853 870 2893 area
905 2852 1028 2894 esse
1067 2852 1251 2908 posse,
1274 2838 1327 2891 in
1352 2837 1487 2892 hor-

46 2942 176 2983 minori
196 2948 340 3000 posse.
365 2931 591 3000 Quoties
614 2932 856 2986 haereses
897 2938 1085 2985 enatas
1118 2929 1291 2994 videt,
1321 2929 1483 2984 toties

47 3022 258 3078 hilarandae
298 3026 502 3081 virtutis
545 3023 975 3092 censtantiacque
1005 3037 1116 3078 suae
1140 3020 1481 3078 occasionem

44 3112 99 3163 ubi
116 3115 287 3170 oblatam
319 3116 493 3171 sentit.

82 3204 148 3258 Cur
164 3218 298 3261 autem
321 3211 386 3264 ob
419 3210 660 3264 haereses
689 3214 841 3261 nutet
866 3205 1011 3260 illius
1035 3204 1187 3270 fides,
1223 3219 1342 3275 quae
1378 3203 1482 3259 nisi

44 3295 272 3364 exsisterent,
300 3302 468 3356 verbis
490 3299 702 3355 Christi
735 3298 870 3353 ﬁdes
891 3313 996 3352 non
1028 3306 1344 3360 constaret,
1391 3310 1485 3350 ve-

46 3382 193 3454 nitaque
226 3390 321 3459 ipsa
346 3390 459 3446 falsi
486 3390 917 3447 convinceretur
941 3389 965 3443 ?
1019 3387 1207 3442 Nonne
1230 3387 1486 3443 Christus

46 3478 406 3549 ranosinOpinata
429 3482 572 3537 mala
612 3481 1004 3551 perturbarent
1022 3517 1038 3543 ,
1067 3485 1485 3533 exsurrecturos

46 3568 355 3630 Mdochristos
397 3583 453 3629 et
510 3570 1016 3644 pseudoprophetas
1044 3570 1327 3640 praedixit,
1363 3579 1486 3623 tan-

46 3662 137 3721 taque
159 3662 282 3717 etiam
310 3665 563 3719 miracula
606 3663 855 3718 edituros
884 3704 899 3726 ,
926 3672 986 3716 ut
1036 3662 1083 3716 si
1121 3650 1237 3715 fieri
1293 3661 1484 3732 possit,

44 3744 135 3799 electi
157 3766 321 3822 quoque
352 3757 399 3809 in
428 3769 678 3812 errorem
710 3753 1053 3823 impellantur
1078 3753 1167 3807 “i
1204 3752 1276 3807 Ut
1326 3753 1486 3823 quis-

46 3838 115 3903 quis
145 3845 315 3900 miretur
332 3847 566 3904 haereses
617 3861 756 3912 esse,
788 3846 928 3900 idem
962 3845 1096 3900 nihil
1130 3846 1273 3900 aliud
1307 3846 1490 3900 mirari

47 3928 212 4001 rideatur,
227 3953 363 4005 quam
392 3956 504 3994 rem
535 3955 566 3993 a
599 3938 820 3993 Christo
856 3946 1005 3991 tanto
1031 3946 1156 3991 ante
1176 3937 1488 4005 praedictam

50 4030 319 4086 "Mentori.
344 4031 477 4097 Quid
510 4030 660 4101 quod
713 4030 933 4099 expedit
977 4029 1294 4098 plerumque
1317 4027 1493 4082 haere-

48 4121 252 4173 sesexoriri
277 4162 289 4186 ,
330 4134 380 4177 ut
422 4104 843 4178 intermortunm
883 4120 1100 4190 pictatis
1130 4120 1369 4174 studium
1406 4136 1487 4175 re-

49 4216 197 4274 Inrunr,
221 4214 422 4283 collapsa
454 4231 519 4269 ac
553 4227 724 4284 prope
747 4211 919 4266 deleta
960 4226 1175 4265 morum
1205 4210 1492 4279 disciplina

49 4297 195 4364 mittor
214 4315 258 4358 et
297 4308 644 4369 instauretur,
692 4319 758 4358 ac
784 4303 1037 4371 denique,
1071 4303 1217 4371 quod
1260 4302 1339 4354 ait
1382 4303 1495 4353 Au-

51 4390 215 4457 lislinns,
243 4397 432 4466 pigritia
476 4396 761 4452 hominum
807 4394 1131 4449 excutiatur.
1160 4392 1320 4447 Certe
1371 4406 1492 4445 cum

1586 555 1677 624 qui
1710 569 1900 609 omnes
1950 552 2150 626 ingenii
2182 549 2550 619 doctrinaeque
2602 562 2727 619 opes
2789 548 2853 604 ad
2903 561 3155 605 ornatum

1586 646 1768 719 templi
1801 646 1895 702 Dei
1928 686 1944 710 ,
1978 646 2081 703 hoc
2113 652 2195 700 est
2220 641 2479 697 Ecclesiae
2513 639 2795 696 conferant
2818 681 2834 708 ,
2862 641 3009 696 nulla
3061 643 3156 696 ho-

1584 740 1790 795 minum
1824 739 1971 803 odia,
2004 737 2208 792 nullam
2260 734 2521 790 invidiam
2549 733 2951 803 extimescant,
2978 735 3155 791 nullas

1584 830 1824 887 hostium
1858 830 2033 884 minas
2054 827 2393 896 insidiasque
2420 822 2800 890 reformident,
2831 825 2991 879 modo
3014 840 3158 881 rem-

1584 922 1857 993 publicam
1883 919 2254 976 Christianam
2277 918 2346 973 ab
2378 916 2525 971 omni
2560 930 2747 970 errore
2773 931 2961 985 puram
2993 926 3157 987 atque

1572 1015 1851 1085 integram
1888 1020 2162 1068 tueantur.
2211 1008 2256 1065 Ο
2292 1019 2552 1079 quantam
2587 1008 2691 1062 illis
2719 1007 2921 1063 laboris
2945 1024 3159 1078 operas.

1586 1120 1692 1177 que
1719 1104 2028 1160 mercedem
2056 1102 2316 1173 prapheta
2357 1099 2643 1171 pollicetur
2673 1116 2689 1155 :
2720 1098 3045 1168 Fulgebum,
3072 1104 3160 1159 in-

1585 1197 1724 1266 quit,
1751 1197 1907 1266 quasi
1934 1192 2550 1269 splendor/ﬁrmamenti,
2598 1202 2650 1248 et
2691 1196 2844 1264 quasi
2896 1196 3063 1251 uella:
3102 1198 3157 1249 in

1582 1296 1858 1358 perpetuas
1877 1288 2196 1341 reterm'lates
2231 1286 2297 1339 “.

1655 1377 1791 1445 Quid
1819 1378 1982 1445 igitur
2013 1378 2078 1432 de
2109 1378 2175 1432 iis
2200 1377 2442 1432 dicemus
2474 1378 2565 1449 qui
2592 1379 2643 1433 in
2677 1376 3153 1445 summajnvandm

1584 1468 1839 1524 Ecclesiae
1872 1466 2131 1523 facultate
2158 1507 2174 1533 ,
2224 1468 2348 1522 dum
2381 1468 2638 1537 praesenti
2682 1469 2795 1523 otio
2840 1468 3152 1526 consulunt.

1583 1570 1697 1627 aut,
1732 1560 1877 1631 quod
1917 1560 2237 1616 sceleratius
2270 1571 2394 1625 est,
2431 1560 2740 1617 hominibus
2770 1559 3054 1631 displicere
3088 1562 3156 1615 ti-

1584 1659 1753 1716 ment,
1785 1651 1926 1706 sacri
1958 1650 2117 1722 hujus
2144 1651 2271 1707 belli
2298 1652 2503 1707 otiosos
2551 1667 2610 1707 se
2656 1661 2991 1721 spectatores
3017 1666 3158 1722 prae-

1583 1744 1731 1811 bent,
1767 1759 1867 1800 nec
1892 1745 1955 1798 ad
1989 1743 2296 1814 bujusmodi
2342 1745 2648 1800 incendium
2706 1745 3153 1816 restinguendum

1586 1837 1848 1907 guttulam
1899 1852 2062 1892 unam
2100 1852 2254 1907 aquae
2309 1836 2504 1892 alferre
2543 1839 2784 1893 curant?
2822 1836 2928 1893 Sed
2963 1850 3022 1893 ut
3071 1840 3157 1893 his

1585 1929 1802 1984 omissis
1825 1927 1892 1983 ad
1926 1929 2231 1983 institutum
2263 1943 2570 1985 sermonem
2618 1932 2833 1985 redeam
2856 1972 2871 1997 ,
2897 1932 3155 1986 eximium

1587 2020 1714 2075 illud
1736 2034 1801 2075 ac
1838 2020 2113 2092 singulare
2148 2035 2278 2089 erga
2316 2036 2416 2076 nos
2440 2021 2646 2077 Christi
2674 2023 2997 2077 beneficium
3034 2023 3156 2091 fuit,

1588 2110 1732 2179 quod
1774 2110 2011 2165 haereses
2044 2110 2159 2165 fore
2197 2104 2619 2180 praenuntiam,
2656 2122 2717 2167 ut
2750 2114 3012 2170 adversus
3039 2130 3158 2179 eas,

1587 2209 1841 2269 tanquam
1868 2202 2130 2257 adversus
2178 2202 2588 2256 infestissimum
2639 2215 2799 2273 atque
2830 2205 3162 2260 immanissi-

1585 2307 1732 2345 mum
1770 2292 1980 2347 hostem
2006 2292 2171 2346 animi
2204 2294 2373 2347 nostri
2398 2309 2578 2348 arcem
2617 2295 2788 2350 multo
2820 2307 2948 2351 ante
2977 2300 3155 2351 muni-

1583 2395 1788 2436 remus.
1820 2381 2048 2441 Accedit
2068 2368 2230 2438 etiam
2256 2384 2343 2438 illa
2365 2423 2380 2447 ,
2410 2394 2464 2438 et
2491 2384 2708 2453 quidem
2737 2386 2975 2440 maxima
3016 2403 3154 2441 con-

1583 2472 1800 2541 solatio,
1852 2489 1972 2529 cum
2038 2474 2342 2545 cogitamus
2393 2476 2461 2531 ab
2514 2476 2765 2531 Ecclesiae
2808 2473 3151 2534 incunabulis

1583 2580 1757 2635 usque
1786 2566 1854 2621 ad
1880 2567 2021 2622 hanc
2050 2575 2264 2620 aetatem
2293 2567 2382 2621 vix
2405 2566 2572 2622 ullum
2609 2578 2818 2638 tempus
2856 2572 3155 2633 exstitisse,

1584 2673 1691 2727 quo
1719 2675 1822 2714 non
1856 2658 1904 2713 ei
1938 2659 2198 2714 adversus
2226 2657 2347 2713 fidei
2395 2659 2577 2713 hostes
2613 2659 2994 2715 decertandum
3032 2663 3152 2717 fne-

1536 2820 1545 2825 _
1587 2750 1702 2803 rit:
1737 2758 1796 2803 ut
1836 2764 1942 2803 non
1984 2749 2102 2803 sine
2130 2762 2289 2802 causa
2338 2748 2579 2803 militans
2621 2748 2860 2806 Ecclesia
2915 2752 3153 2821 appelle-
3250 2752 3253 2753 ⁷

1586 2851 1693 2897 tur.
1725 2840 1803 2896 Ne
1834 2855 1996 2896 aurea
2025 2841 2244 2910 quidem
2291 2850 2422 2896 aetas
2466 2841 2534 2897 ab
2565 2840 2872 2910 bujusmodi
2904 2843 3159 2901 fluctibus

1586 2934 1838 2988 immunis
1873 2932 1997 2988 fuit.
2039 2931 2161 3002 Ipsa
2195 2946 2408 3003 quoque
2439 2947 2568 2988 suos
2610 2934 2799 2989 habuit
2834 2934 3165 3007 llymenzeos

1585 3033 1640 3078 et
1667 3023 2022 3089 Alexandros,
2041 3038 2168 3079 suos
2217 3024 2463 3079 Nicolaos
2507 3024 2894 3092 etCerinthos,
2938 3029 3031 3098 qui
3072 3033 3163 3085 vix

1513 3144 1557 3203 ο
1590 3116 1643 3170 in
1669 3116 1845 3170 lucem
1877 3116 2077 3169 editam
2122 3116 2407 3187 adhucque
2441 3117 2726 3175 lactentem
2762 3122 3070 3189 opprimere
3094 3138 3159 3176 ac

1589 3208 1657 3264 de
1704 3208 1881 3264 medio
1917 3208 2107 3264 tollere
2132 3210 2310 3264 conati
2355 3219 2500 3264 sunt.
2528 3208 2629 3265 Vix
2675 3227 2739 3266 ex
2776 3212 2859 3267 his
2894 3212 3151 3269 fluctibus

1586 3310 1910 3367 emerserat,
1960 3317 2081 3357 cum
2123 3301 2246 3357 aliis
2274 3302 2504 3372 aliisque
2542 3303 2770 3359 subinde
2800 3305 3048 3374 procellis
3070 3305 3159 3375 ja-

1588 3394 1721 3448 ctari
1752 3393 1939 3463 ccepit.
1972 3391 2141 3463 Swpe,
2176 3394 2372 3464 inquit,
2410 3406 2831 3465 expugnaverunt
2877 3412 2960 3450 me
2995 3415 3028 3451 a
3072 3398 3167 3465 ju-

1585 3495 1793 3539 venlute
1822 3503 1958 3551 mea,
1994 3487 2086 3542 sed
2123 3485 2300 3556 quid?
2349 3502 2451 3539 non
2483 3496 2761 3554 potuerunt
2798 3487 2926 3541 mihi
2948 3489 3016 3545 “.
3050 3490 3165 3541 Ad-

1586 3589 1790 3628 versum
1814 3591 1894 3629 me
1912 3592 1973 3629 ne
1998 3581 2125 3644 ipsw
2147 3576 2359 3644 quidem
2386 3574 2542 3644 inferi
2558 3585 2725 3645 parte
2741 3576 3165 3645 praevaluerunt,

1588 3678 1691 3719 nec
1720 3680 1958 3734 unquam
1986 3666 2344 3734 pravalebunt
2375 3665 2441 3719 ".

1661 3741 1875 3825 Quanto
1900 3771 2033 3828 ergo
2061 3757 2260 3812 solatio
2282 3755 2532 3825 perfundi
2566 3757 2729 3812 debet
2752 3756 3044 3813 Christiani
3077 3773 3168 3826 pe-

1589 3858 1709 3904 ctus
1731 3890 1746 3914 ,
1773 3864 1901 3904 cum
1934 3848 2303 3903 tristissimam
2343 3847 2568 3913 hujusce
2608 3848 2943 3917 tempestatis
2973 3849 3161 3918 imagi.

1592 3956 1715 3996 nem
1745 3941 1797 3995 in
1829 3948 2074 3995 veterum
2106 3938 2474 3993 monumentis
2498 3940 2571 3992 ita
2602 3939 2669 3993 ad
2689 3939 2868 3992 vivnm
2898 3938 3166 4009 depictam

1592 4034 1759 4097 videt,
1798 4042 1857 4086 ut
1884 4033 1984 4086 sub
2019 4046 2207 4085 eorum
2243 4044 2471 4099 persona
2510 4045 2597 4085 res
2627 4038 2810 4087 nostra
2845 4031 2957 4100 geri
2981 4030 3168 4085 videa-

1594 4125 1721 4178 tur?
1751 4122 1887 4177 Nam
1916 4123 1961 4177 si
1983 4131 2185 4191 aegroto
2207 4136 2271 4175 ea
2298 4123 2511 4176 demum
2533 4118 2833 4176 consolatio
2856 4121 3167 4191 gratissima

1593 4230 1716 4269 esse
1768 4214 1944 4277 solet,
1976 4228 2096 4282 qua:
2126 4214 2193 4267 ab
2239 4227 2304 4267 eo
2349 4210 2599 4275 affertur,
2625 4212 2716 4283 qui
2756 4214 2948 4267 eodem
2995 4214 3167 4268 morbi

1594 4319 1792 4374 genere
1820 4304 2109 4373 aliquando
2130 4303 2469 4357 conflictatus
2491 4311 2613 4357 est;
2645 4303 2775 4372 quid
2806 4305 3016 4357 tandem
3044 4318 3174 4357 cau-

1595 4414 1668 4453 sa:
1693 4411 1814 4452 esse
1847 4406 2063 4466 potest,
2094 4396 2226 4464 quin
2281 4395 2334 4448 in
2381 4395 2702 4464 gravissima
2735 4394 2837 4449 hac
2866 4394 3173 4449 calamitate

50 4474 288 4543 Tirinistoclc
312 4493 455 4545 nobis
477 4490 686 4559 Optimo
723 4486 847 4556 jure
888 4485 1070 4539 dicere
1110 4483 1267 4547 licet.
1294 4481 1484 4535 Ρετίθ-
1524 4495 1567 4547 D
1598 4504 1788 4558 magno
1815 4488 2010 4543 solatio
2061 4487 2362 4543 Christiani
2394 4486 2630 4541 hominis
2675 4486 2831 4539 dolor
2865 4485 3171 4552 mitigetur,

52 4582 185 4638 milia,
211 4582 292 4634 nisi
334 4584 704 4652 periissemus.
752 4577 926 4632 Tanto
960 4585 1187 4631 veterno
1241 4573 1490 4643 oppressi

52 4664 270 4737 tenebamur,
289 4684 339 4725 ut
364 4691 463 4729 non
493 4673 598 4727 nisi
624 4672 917 4725 durissimo
943 4668 1043 4722 hoc
1072 4666 1265 4721 baculo
1295 4681 1491 4736 exper-

53 4757 157 4819 iiﬁsri
180 4776 431 4833 possemus,
464 4778 633 4836 atque
664 4766 731 4818 ab
780 4762 974 4815 inertia
1024 4760 1090 4813 ad
1128 4759 1367 4813 laborem
1398 4759 1495 4812 do-

54 4850 238 4921 ειιιιιηιιιιιε
260 4858 473 4912 studium
509 4856 773 4912 revocari.
810 4853 935 4908 lianc
978 4852 1163 4921 itaque
1202 4859 1496 4920 tempestas

54 4942 139 4993 milia
155 4948 514 5008 innumerabiles
559 4952 755 5005 heroas
782 4947 1092 5018 procreavit
1118 4985 1134 5011 ,
1165 4946 1257 5015 qui
1288 4946 1489 5014 partim

52 5034 181 5096 “illius
201 5056 249 5095 ac
275 5045 651 5113 probatissima
678 5044 800 5095 vita:
833 5039 1102 5109 exemplo,
1138 5040 1337 5109 partim
1364 5053 1497 5092 cru-

54 5122 232 5184 eitissimis
252 5138 349 5189 suis
375 5132 843 5190 lucubrationibus
897 5132 1196 5185 Ecclesium
1227 5132 1492 5185 adversus

56 5205 194 5271 “irim!
234 5224 580 5282 haereticorum
634 5226 865 5293 impetus
922 5223 1187 5276 acerrime
1240 5222 1496 5276 defende-

58 5311 137 5387 W-
158 5309 269 5373 Quos
293 5319 527 5385 equidem
553 5319 671 5387 ipse
703 5330 801 5384 pro
830 5327 897 5367 eo
926 5327 991 5367 ac
1022 5322 1261 5367 meretur
1291 5315 1492 5384 singu-

56 5382 127 5445 laris
144 5411 281 5459 eorum
310 5409 470 5477 pietas
493 5421 547 5464 et
575 5408 765 5471 virtus,
806 5404 967 5459 unice
1014 5405 1252 5459 admiror
1298 5420 1362 5460 ac
1406 5421 1491 5458 sn-

57 5571 275 5667 ἰζειαὶ).
316 5589 517 5667 nihil
556 5589 647 5667 μί’-
665 5587 854 5667 Matth.
884 5603 983 5667 vn,
1027 5585 1221 5641 23-27.

97 5640 222 5703 nanti.
247 5640 515 5722 “1387'
554 5660 597 5692 σε
631 5640 755 5713 iga.
782 5640 852 5723 it,
884 5657 940 5711 2.

96 5801 166 5876 (74)
186 5808 311 5884 lion,
334 5818 417 5874 lib.
437 5836 484 5873 tv
514 5818 712 5889 Carm.,
749 5832 837 5876 ou.
876 5832 927 5873 4.

1326 5584 1372 5615 δ’
1409 5581 1598 5640 Matth.
1626 5597 1779 5647 xxrv,
1819 5580 2006 5636 1-1-24.
2115 5580 2161 5612 “
2190 5580 2324 5636 Dan.
2355 5594 2454 5646 xu,
2483 5579 2534 5632 5.

1588 4597 1710 4635 cum
1748 4582 1943 4635 mentis
1982 4580 2170 4635 oculos
2213 4581 2284 4634 ad
2314 4580 2487 4648 prisca
2524 4577 2721 4631 saecula
2755 4578 3062 4641 convertit,
3108 4592 3174 4631 ac

1590 4688 1712 4728 cum
1748 4670 2109 4727 sanctissimis
2142 4671 2273 4726 viris
2295 4713 2310 4735 ,
2362 4670 2453 4739 qui
2485 4670 2534 4723 in
2565 4670 2753 4723 iisdem
2791 4682 2968 4722 rerum
3013 4680 3175 4721 acer-

1594 4764 1854 4819 bitatibus
1876 4764 2077 4818 versati
2103 4773 2230 4817 sunt
2258 4802 2273 4827 ,
2304 4762 2451 4816 velut
2480 4763 2804 4831 colloquitur
2828 4761 2851 4815 ?
2879 4758 3012 4813 Nam
3049 4776 3172 4814 cum

1594 4856 1714 4910 illos
1747 4871 1813 4909 ex
1852 4864 1931 4908 tot
1982 4855 2252 4923 tantisque
2290 4852 2668 4910 afﬂictionibus
2710 4853 2801 4906 Dei
2846 4853 3176 4921 benignitate

1596 4948 1810 5002 tandem
1847 4947 2139 5016 aliquando
2173 4956 2450 5001 extractos
2475 4946 2645 5001 fuisse
2681 4945 2827 5017 legit,
2862 4955 3039 4999 tamne
3067 4946 3172 4998 im-

1596 5040 1683 5106 pie
1714 5036 1795 5091 vel
1837 5036 1904 5090 de
1935 5036 2130 5090 summi
2183 5036 2422 5091 numinis
2471 5037 2750 5105 potentia.
2788 5036 2871 5089 vel
2901 5036 2965 5089 de
3006 5035 3180 5104 ipsius

1600 5145 1724 5200 erga
1778 5144 1876 5183 nos
1903 5143 2089 5182 amore
2113 5128 2405 5198 cogitabit,
2443 5137 2502 5182 ut
2529 5140 2623 5181 aut
2663 5144 2879 5181 manum
2917 5128 3036 5196 ejus
3080 5128 3177 5179 ali--

1600 5220 1891 5274 breviatam
1923 5234 2043 5273 esse
2074 5219 2143 5283 ",
2168 5233 2265 5272 nec
2294 5218 2405 5288 jam
2443 5219 2656 5272 salvare
2702 5231 2897 5287 posse,
2932 5228 3026 5269 aut
3053 5216 3178 5284 ejus

1601 5328 1730 5384 ergo
1760 5327 1859 5367 nos
1887 5313 2210 5367 charitatem
2257 5310 2535 5365 refrixisse
2562 5307 2897 5364 arbitretur?
2940 5307 3079 5374 Quid
3125 5310 3177 5359 in

1607 5404 1909 5475 bujusmodi
1940 5404 2199 5458 librorum
2234 5401 2466 5457 lcetione
2491 5400 2614 5455 aliis
2642 5399 2896 5465 accidat,
2934 5411 3175 5467 pronun-

2621 5577 2666 5607 ⁸⁸
2690 5574 2834 5631 Dsal.
2866 5584 3095 5639 cxxvm.
3117 5571 3176 5629 Β.
