3824 6394
590 206 703 265 ’ὀίΞἹ

1658 215 1891 272 JACOBI
1932 215 2133 270 Bl-LLII

2252 212 2704 269 LAEFATIONES.
3642 232 3712 285 3‘18

586 337 720 386 tiara
756 346 983 401 nequeo.
1043 331 1118 387 De
1144 345 1229 384 me
1252 341 1401 388 certe
1425 331 1701 388 aﬂirtnare
1740 348 1965 401 possum
1999 372 2014 395 ,
2042 346 2162 385 eam
2192 335 2236 392 Α
2268 328 2489 384 nomine
2528 343 2613 380 me
2639 327 2737 380 tibi
2766 326 3170 384 obstrictiorem
3196 342 3447 400 agnosco,
3465 347 3587 402 quam
3621 349 3712 411 quod

586 419 714 477 mihi
740 422 1053 491 plerumque
1080 438 1273 490 magno
1301 423 1498 477 solatio
1527 433 1691 491 atque
1714 422 1937 477 utilitati
1966 421 2150 476 fuisse.

581 517 663 571 Ex
697 531 801 584 quo
826 515 1029 571 factum
1062 524 1165 578 est,
1192 524 1251 567 ιιι
1299 514 1521 570 Grmcos
1550 514 1757 568 Latinis
1791 512 2152 583 coniungens,

585 611 635 660 iu
676 606 853 661 nobile
896 606 1023 659 illud
1075 608 1372 661 amicorum
1430 623 1526 676 par
1576 606 1788 661 tandem
1822 607 2152 671 inciderem,

583 700 842 754 Basilium
868 698 1116 768 Magnum
1145 699 1537 765 etGregorium
1570 692 1969 752 Nazianzénum
1999 699 2149 753 dico:

583 793 637 845 in
671 806 899 859 quorum
952 790 1173 857 scriptis
1225 800 1432 842 tantum
1480 804 1620 843 verte
1652 790 1872 858 pietatis
1899 829 1914 852 ,
1949 800 2152 842 tantum

579 882 839 937 doctrina:
890 891 1053 949 atque
1128 880 1448 948 eloquentia:
1513 879 1691 943 iuret,
1750 891 1807 934 ιιι
1856 879 2037 934 nescio
2085 896 2153 934 an

582 975 718 1042 apud
758 972 980 1028 Cra-cos
1006 972 1343 1039 Latinosque
1386 971 1615 1024 inveniri
1650 971 1880 1039 possint,
1911 971 1999 1038 qui
2036 974 2154 1038 plus

579 1064 902 1118 eruditionis
945 1080 1068 1117 cum
1124 1061 1316 1129 majori
1372 1062 1582 1116 dicendi
1636 1061 1894 1115 facultate
1937 1062 2155 1130 copula-

583 1158 712 1208 rint.

654 1245 735 1299 Me
757 1257 903 1299 certe
934 1244 1304 1298 Nazianzenus
1339 1245 1491 1313 gravi
1524 1243 1611 1298 illo
1652 1258 1714 1297 ac
1742 1243 1961 1297 sublimi
2016 1244 2154 1297 scri-

582 1337 739 1390 bendi
773 1352 966 1405 genere
1006 1338 1073 1387 ita
1108 1335 1321 1400 aliecit,
1365 1344 1424 1389 ut
1459 1335 1831 1389 incredibilem
1862 1336 2150 1404 quamdam

580 1428 995 1482 oblectationem
1061 1445 1123 1482 ex
1179 1428 1296 1494 ejus
1339 1428 1571 1483 lectione
1626 1442 1844 1496 semper
1892 1431 2149 1498 ceperim.

581 1523 842 1589 Quocirca
896 1524 1023 1576 mihi
1056 1522 1380 1593 jampridem
1430 1522 1572 1574 haud
1608 1521 1954 1574 mediocriter
1998 1522 2150 1576 dole-

582 1615 693 1678 bat,
726 1624 933 1667 tantum
954 1617 1125 1669 virum
1166 1617 1344 1671 minus
1369 1615 1683 1685 frequenter
1716 1617 1996 1672 hominum
2034 1632 2150 1671 ma-

582 1707 739 1758 nibus
767 1706 864 1760 teri
893 1746 907 1770 ,
945 1723 1104 1775 quant
1138 1707 1431 1775 singularis
1466 1709 1633 1777 ipsius
1681 1708 1937 1763 facundia
1991 1719 2152 1780 atque

580 1798 827 1853 doctrina
880 1800 1209 1853 merebatur.
1258 1799 1425 1869 Cujus
1474 1801 1549 1853 rei
1606 1815 1725 1853 cum
1768 1815 1887 1853 eam
1930 1815 2150 1855 causam

581 1907 701 1954 esse
739 1893 1145 1957 intellexissent,
1173 1892 1317 1960 quod
1367 1892 1438 1945 ita
1474 1891 1770 1945 Latinitate
1806 1892 2035 1947 donatus
2067 1908 2154 1947 es-

580 1996 680 2046 set,
714 1996 771 2036 ut
804 1984 1172 2051 theologorum
1207 1984 1387 2038 studia
1429 1984 1713 2038 minimum
1735 1984 1926 2051 juvare
1949 1998 2150 2053 posset,

578 2091 799 2143 operam
826 2076 1061 2145 suscepi,
1083 2091 1242 2144 quam
1283 2076 1356 2129 rei
1391 2076 1705 2144 theologica:
1733 2076 1920 2130 utilem
1948 2078 2147 2142 nescio,

580 2166 711 2219 mihi
739 2176 886 2219 certe
917 2168 1204 2220 admodum
1239 2167 1462 2222 arduam
1488 2184 1549 2221 ac
1582 2167 1876 2232 diiiicilem,
1905 2179 1961 2222 ut
1986 2184 2155 2238 quan-

579 2267 691 2310 tum
750 2254 934 2310 labore
971 2272 1034 2311 ac
1059 2256 1337 2326 diligentia
1382 2259 1637 2327 consequi
1701 2273 1913 2325 possem
1942 2299 1958 2325 ,
2008 2260 2153 2313 hunc

580 2358 855 2403 auctorem
889 2351 962 2403 ita
987 2359 1275 2413 verterem.
1316 2353 1440 2406 utsi
1472 2369 1589 2405 non
1618 2353 1939 2421 elegantior,
1967 2354 2147 2408 minus

577 2440 774 2495 saltem
805 2441 1074 2497 obscurus
1109 2444 1159 2495 in
1193 2442 1363 2497 lucem
1414 2445 1671 2513 prodiret.
1722 2444 1873 2500 Potui
1921 2455 2068 2501 certe
2098 2447 2151 2500 in

578 2531 997 2597 anaenioribus,
1031 2532 1270 2603 mihique
1313 2534 1469 2605 longe
1507 2536 1847 2606 gravioribus
1880 2539 2151 2593 scribendi

508 2632 513 2635 ‘
579 2622 911 2689 argumentis
949 2624 1177 2690 versari,
1201 2626 1295 2679 sed
1329 2624 1455 2679 vicit
1480 2627 1709 2693 publica:
1744 2628 1995 2685 utilitatis
2032 2641 2149 2683 stu-

583 2714 748 2777 diuli,
769 2716 853 2768 cui
887 2730 983 2784 pro
1009 2715 1145 2770 virili
1178 2726 1331 2785 parte
1358 2718 1591 2787 optimus
1622 2722 1852 2789 quisque
1884 2721 2153 2777 inservire

580 2805 760 2861 debet.
793 2803 902 2859 Nec
933 2822 1061 2861 vero
1087 2822 1272 2861 eorum
1310 2806 1543 2872 labores,
1565 2813 1655 2879 qui
1694 2811 1743 2865 in
1781 2812 1884 2866 hoc
1920 2812 2152 2881 pistrino

581 2908 706 2951 ante
740 2913 826 2951 me
856 2897 1215 2967 desudarunt,
1244 2901 1471 2956 eievabo
1502 2917 1565 2957 ac
1595 2903 1999 2973 suggillabo,ad
2022 2921 2149 2974 quo-

580 3006 699 3043 rum
728 2989 1088 3059 eloquentiam
1142 2991 1507 3064 doctrinaeque
1559 2994 1771 3048 laudem
1806 3011 1888 3051 me
1924 2997 2148 3053 minime
2176 3033 2221 3096 ς

577 3082 824 3149 aspirare
854 3096 1013 3150 posse
1041 3084 1214 3138 sentio
1241 3124 1255 3148 ,
1286 3084 1623 3156 ingenueque
1665 3085 1859 3141 fateor.
1888 3087 2000 3142 iioc
2030 3097 2147 3141 tan-

581 3183 692 3227 tum
746 3174 920 3227 dicam
948 3189 1043 3229 eos
1092 3176 1435 3244 gravioribus
1481 3177 1680 3232 studiis
1721 3179 1965 3234 addictos
1998 3218 2014 3245 ,
2052 3196 2153 3236 nec

579 3268 806 3319 fortasse
834 3265 936 3321 nisi
963 3265 1240 3320 recreandi
1272 3266 1442 3321 animi
1491 3282 1652 3322 causa
1684 3267 1735 3322 in
1767 3268 1870 3324 hac
1915 3270 2153 3325 transla-

581 3358 725 3412 tione
751 3369 1014 3422 versatos,
1047 3368 1124 3413 tot
1142 3358 1276 3414 locis
1314 3361 1382 3415 ab
1408 3362 1651 3416 auctoris
1679 3365 1951 3419 sententia
1979 3380 2151 3421 reces-

575 3446 737 3517 sisse,
770 3460 828 3504 ut
851 3452 982 3505 mihi
1008 3451 1278 3507 neminem
1307 3451 1425 3508 fore
1460 3457 1837 3523 persuadeam,
1867 3457 1956 3527 qui
1984 3459 2150 3512 inuti-

578 3543 679 3594 lem
711 3558 773 3594 ae
804 3557 1268 3611 supervacaneam
1321 3545 1461 3599 hanc
1512 3547 1810 3601 secundam
1845 3549 2147 3604 versionem

578 3634 743 3688 fuisse
773 3635 938 3688 dicat.
968 3632 1123 3689 Hunc
1149 3650 1311 3706 porro
1335 3637 1577 3694 laborem
1608 3655 1754 3708 cmn,
1780 3642 1937 3709 cujus
1980 3644 2149 3711 potis-

577 3727 769 3779 simum
827 3728 1030 3779 nomini
1068 3741 1447 3782 eonsecrarem
1480 3768 1495 3791 ,
1524 3747 1733 3784 mecum
1772 3734 1885 3800 ipse
1910 3734 2149 3803 dispice-

580 3832 717 3881 rem,
741 3820 922 3871 statim
962 3835 1101 3872 unus
1129 3821 1435 3884 occurristi,
1469 3822 1554 3875 cui
1600 3823 1846 3892 pluribus
1876 3831 1944 3880 de
1965 3828 2147 3883 causis

577 3912 773 3962 merito
798 3914 1191 3980 nuncupandus
1220 3910 1520 3965 videreturv

647 4000 887 4054 Primum
922 4001 1087 4065 enim,
1113 4003 1155 4055 si
1189 4019 1448 4072 personas
1488 4005 1631 4072 ipsas
1660 4016 1992 4075 spectemus,
2023 4011 2141 4063 cui-

579 4110 700 4145 nam
732 4107 915 4162 quteso
942 4097 1326 4163 congruentius
1355 4096 1538 4152 offerri
1587 4103 1756 4166 potuit
1783 4101 1886 4156 huc
1926 4104 2143 4171 optimi,

574 4184 967 4244 eruditissimi,
1024 4198 1187 4253 atque
1238 4187 1503 4255 imprimis
1554 4190 1858 4258 eloquentis
1910 4193 2146 4261 episcopi

580 4275 846 4341 volumen,
867 4292 1027 4345 quam
1060 4279 1470 4348 arcltiepierpo
1494 4291 1547 4334 et
1571 4283 1859 4345 cardinali,
1882 4285 2146 4354 singulari

579 4366 797 4429 virtute,
838 4366 1081 4419 doctrina
1128 4382 1192 4421 ac
1227 4385 1343 4422 rara
1371 4372 1598 4438 quadam
1622 4381 1676 4426 et
1701 4374 1899 4427 eximia
1932 4378 2139 4429 dicendi

2252 4365 2415 4419 Deum
2445 4368 2801 4419 immortalem
2840 4408 2855 4429 ,

582 4458 834 4509 t‘acudtate
864 4460 1088 4524 prmdito
1114 4458 1137 4511 ?
1177 4457 1382 4515 Deinde
1413 4476 1533 4515 cum
1568 4477 1661 4517 eos
1691 4478 1881 4518 omnes
1902 4506 1917 4529 ,
1957 4467 2045 4533 qui
2083 4467 2147 4518 de

575 4562 637 4599 re
678 4546 933 4600 litterario
964 4549 1103 4602 bene
1133 4552 1327 4605 mereri
1364 4556 1624 4617 student,
1659 4556 2024 4610 benevolentia
2058 4568 2146 4610 tua

574 4650 630 4693 et
662 4641 915 4695 comitate
950 4659 1165 4711 semper
1212 4646 1527 4713 complexus
1560 4648 1732 4703 fueris
1762 4688 1777 4713 ,
1819 4665 2146 4719 quacunque

574 4735 811 4801 pomeris
842 4736 1047 4787 ratione
1082 4734 1309 4802 juveris,
1346 4741 1629 4807 evexeris;
1668 4741 1912 4810 profecto
1950 4743 2146 4797 littera:

577 4827 703 4892 ipsa:
730 4826 779 4878 in
808 4835 981 4890 tuum,
1014 4839 1263 4895 tanquam
1289 4830 1340 4883 in
1371 4832 1560 4900 optimi
1592 4836 1832 4901 parentis
1858 4844 1909 4886 et
1932 4835 2145 4903 patroni

575 4916 749 4967 sinum
779 4915 1066 4985 confugere
1095 4918 1335 4985 gestiunt
1362 4940 1375 4974 ε
1410 4935 1515 4975 non
1564 4931 1672 4974 tam
1705 4931 1761 4974 ut
1789 4933 1838 4975 te
1876 4922 2149 4975 illustrent

575 5009 697 5073 (nec
721 5006 863 5060 enim
900 5008 1054 5075 aquis
1084 5008 1332 5064 Oceanus
1358 5012 1498 5082 eget)
1523 5026 1683 5079 quam
1710 5024 1768 5066 ut
1803 5030 1867 5066 ex
1892 5013 2149 5067 illustris—

573 5098 711 5150 simo
740 5104 833 5150 tuo
855 5098 1069 5152 nomine
1088 5100 1427 5168 splendorem
1451 5103 1581 5171 ipsa:
1622 5106 1861 5159 trahant.
1892 5104 2007 5159 iiue
2036 5121 2134 5158 ac-

572 5196 774 5240 cedunt
801 5189 969 5242 inulta
1005 5199 1093 5242 tua
1124 5200 1180 5244 et
1204 5191 1460 5260 prmelara
1508 5195 1559 5247 in
1585 5197 1850 5263 quosdam
1899 5211 2141 5250 meorum

573 5278 833 5335 beneﬁcia
866 5319 882 5344 ,
913 5295 1051 5350 quos
1077 5297 1200 5336 cura
1226 5299 1382 5351 usque
1429 5300 1492 5338 ac
1519 5285 1686 5339 vitam
1718 5286 1890 5356 ipsam
1940 5301 2140 5352 amem,

574 5383 679 5421 non
721 5370 896 5423 "tinus
926 5380 1073 5425 certe
1106 5386 1193 5426 me
1222 5373 1573 5441 magnitudini
1627 5386 1730 5427 tuae
1786 5376 1980 5429 debere
2013 5390 2145 5429 cen-

570 5471 687 5524 seo,
712 5475 875 5529 quam
905 5460 951 5518 si
980 5461 1049 5517 in
1069 5466 1330 5533 meipsum
1361 5479 1423 5518 ea
1455 5465 1806 5522 contulisses.
1840 5466 1948 5521 Sed
1994 5466 2141 5523 nullo

642 5638 691 5673 ‘7
724 5639 896 5711 [σοι.
932 5640 1095 5708 x,53.
1171 5640 1213 5673 ⁸⁸
1242 5639 1431 5696 Matth.
1466 5656 1583 5706 χιιι,
1618 5641 1702 5706 ll,
1729 5641 1818 5710 3‘5,
1850 5642 1939 5699 43.

1600 5851 1613 5891 ἱ

2264 420 2316 475 ἱιι
2348 420 2624 482 Ecclesiaz,
2657 420 3107 475 Christianissimi
3142 422 3315 491 regis,
3354 422 3582 495 totiusque
3601 429 3708 500 hujus

2263 509 2607 565 aiilictissimi
2647 512 2797 580 regni
2827 525 3045 565 causam
3101 521 3243 565 tanta
3277 512 3429 566 animi
3449 515 3712 579 sollicitudine

2265 602 2555 665 incumbis,
2590 610 2667 654 tot
2691 615 2872 665 curas,
2898 610 2977 655 tot
3007 614 3275 654 terumuas
3298 602 3518 671 suscipis,
3539 621 3590 661 eo
3619 612 3718 666 dein.

2263 709 2369 762 que
2399 695 2578 747 omnia
2614 706 2703 747 tua
2733 695 2911 749 studia
2944 695 3135 758 refers,
3172 706 3229 745 ut
3268 698 3505 750 trunCatis
3538 698 3720 770 (quando.

2262 788 2476 857 quidem
2515 802 2614 841 nec
2640 788 2818 841 sanari
2868 787 3090 849 volunt,
3131 801 3229 840 nec
3255 786 3370 841 sine
3397 801 3527 842 certa
3555 799 3723 863 corporis

2262 878 2504 947 pernicie
2535 877 2674 932 ultra
2713 878 2932 932 retineri
2987 877 3210 946 queunt)
3256 878 3468 943 putridis
3511 887 3722 950 membris,

2265 968 2483 1037 reliquie
2541 980 2720 1037 partes
2746 982 3152 1022 conserventur.
3178 968 3310 1033 Quis
3337 979 3495 1023 autem
3513 988 3597 1025 non
3612 976 3726 1039 videt,

2262 1071 2523 1127 quantum
2578 1059 2673 1112 tibi
2725 1061 2925 1114 laboris
2979 1059 3355 1128 perferendum
3409 1063 3506 1127 sit,
3539 1078 3723 1133 quantum

2268 1152 2630 1204 dimicationis
2665 1151 3024 1214 subeundmu,
3052 1163 3110 1205 ιιι
3149 1163 3228 1206 tot
3261 1152 3724 1222 Achitopheliumsah

2261 1242 2419 1309 vulpe
2455 1242 2738 1297 latentium
2795 1244 3018 1297 consilia
3072 1246 3342 1313 dissipes;
3387 1256 3435 1298 et
3468 1247 3574 1300 dum
3608 1250 3669 1302 alii
3694 1254 3725 1306 in

2262 1342 2447 1399 aperto
2474 1333 2614 1387 bello
2643 1320 2917 1403 egregiam
2973 1334 3281 1403 reipublicae
3325 1352 3525 1404 operam
3558 1356 3725 1405 navant,

2259 1424 2549 1489 provideas
2581 1427 2797 1478 interim
2827 1466 2843 1491 ,
2878 1441 2945 1479 ne
2968 1428 3094 1495 quid
3136 1429 3202 1481 ab
3238 1428 3456 1482 occultis
3481 1430 3672 1486 hostibus
3693 1453 3730 1488 rt

2259 1514 2573 1568 detrimenti
2605 1518 2887 1580 patiatur?
2926 1518 3017 1571 Est
3047 1518 3265 1587 quidem
3294 1521 3503 1572 omnino
3544 1538 3665 1588 grave
3690 1543 3730 1580 ac

2261 1606 2547 1660 molestum
2588 1609 2659 1671 ei,
2686 1610 2775 1677 qui
2804 1624 2867 1663 ex
2907 1610 3241 1678 publicorum
3274 1613 3583 1682 negotiorum
3606 1618 3736 1667 tantul-

2187 1690 2231 1748 B
2261 1699 2401 1754 tibus
2430 1701 2497 1753 ad
2528 1701 2830 1755 studiorum
2876 1703 3107 1769 vitmque
3168 1703 3593 1772 tranquillitatem
3616 1708 3734 1776 (cujus

2255 1793 2592 1848 dulcedinem
2630 1809 2787 1849 nemo
2822 1795 2945 1859 scit,
2990 1796 3089 1849 nisi
3127 1799 3217 1865 qui
3243 1798 3493 1865 gusmvit)
3527 1813 3738 1853 sescasse-

2255 1887 2444 1947 ruerit,
2476 1901 2539 1939 ex
2571 1886 2672 1939 hoc
2706 1886 2904 1954 quietis
2941 1886 3085 1940 velut
3110 1887 3360 1955 paradiso
3388 1890 3591 1955 quodam
3611 1900 3737 1943 extur-

2254 1981 2392 2043 bari,
2418 1988 2579 2046 atque
2603 1978 2670 2031 ad
2705 1977 3037 2045 publicarum
3057 1991 3237 2033 rerum
3271 1980 3739 2044 administrationem,

2256 2082 2331 2124 tot
2357 2071 2618 2125 molestiis
2657 2071 2935 2131 refertam,
2975 2079 3051 2123 tot
3086 2070 3369 2125 hominum
3398 2073 3741 2135 0dii$,ill\'ilii1‘°

2252 2179 2355 2233 que
2384 2165 2710 2232 expositam,
2744 2165 2911 2217 trahi.

2326 2251 2525 2307 Verum
2574 2254 2809 2311 hominis
2845 2266 2929 2309 est
2977 2272 3111 2311 vere
3140 2254 3434 2311 Christiani
3465 2296 3479 2318 ,
3506 2271 3609 2308 cum
3634 2254 3747 2308 Paulo

2254 2359 2640 2414 qumrere,n0n
2673 2346 2813 2412 quod
2837 2346 2963 2410 sibi,
2987 2348 3080 2401 sed
3107 2348 3249 2417 quod
3282 2348 3469 2401 multis
3500 2348 3752 2408 ntilcest",

2252 2451 2419 2505 seque
2451 2446 2620 2490 totum
2675 2438 2989 2507 rcipubiica:
3040 2439 3365 2494 Christiana:
3399 2441 3662 2494 COIlllliotiiS
3691 2442 3751 2491 dc-

2254 2541 2467 2591 vovere.
2498 2528 2671 2596 Atque
2704 2528 2829 2583 iliud
2872 2531 3005 2584 satis
3034 2531 3432 2586 animadvertit
3459 2531 3660 2600 insignis
3696 2540 3755 2581 tua

2253 2617 2536 2687 prudentia
2565 2659 2580 2681 ,
2614 2619 2941 2688 multiplices
2994 2622 3114 2675 illas
3145 2622 3329 2677 omnis
3384 2624 3590 2690 generis
3632 2622 3755 2681 dotes.

2253 2708 2449 2778 quibus
2476 2720 2527 2765 te
2560 2708 2818 2765 Dominus
2851 2714 3135 2766 exornavit
3164 2752 3179 2777 ,
3212 2728 3321 2767 non
3360 2713 3415 2767 in
3454 2715 3552 2767 hoc
3576 2712 3657 2765 tibi
3681 2726 3760 2765 cm-

2254 2806 2392 2857 ditas
2424 2802 2611 2869 fuisse,
2641 2813 2698 2855 ut
2725 2819 2819 2858 eas
2851 2803 2934 2858 vel
2967 2805 3188 2860 sudario
3224 2806 3519 2861 obvolutus
3544 2822 3601 2859 ac
3622 2821 3758 2858 recou—

2252 2894 2390 2947 ditas
2439 2894 2678 2958 habeas,
2716 2894 2798 2947 vel
2834 2904 2993 2950 terra:
3043 2896 3316 2963 infodias;
3376 2900 3474 2953 sed
3522 2908 3579 2951 ut
3624 2910 3765 2964 magno

2254 2989 2461 3044 foenore
2489 3005 2689 3060 augeas
2721 2991 3115 3060 etamplilices,
3157 3002 3325 3062 atque
3353 3000 3413 3045 ut
3449 2990 3693 3045 fabulosus
3711 2989 3767 3039 ille

2252 3083 2401 3137 Atlas
2427 3083 2623 3138 caelum
2648 3121 2663 3148 ,
2698 3084 2779 3139 sic
2803 3092 2855 3138 ιιι
2889 3084 3219 3148 Ecclesium,
3255 3100 3382 3154 qua:
3416 3099 3624 3153 regnum
3663 3082 3769 3133 (αῖο-

2254 3187 2369 3224 rum
2406 3188 2434 3225 a
2472 3173 2688 3228 (lin-isto
2729 3175 3083 3243 appellatur“
3126 3189 3362 3244 qumque
3396 3184 3450 3229 te
3481 3175 3531 3227 in
3558 3173 3773 3227 cardinum

2252 3279 2468 3318 auorum
2511 3281 2795 3320 numerum
2854 3267 3082 3331 ascivit,
3115 3283 3211 3337 pro
3252 3268 3406 3323 virili
3434 3275 3523 3320 tua
3556 3276 3685 3335 parte
3702 3261 3772 3313 iul-

2252 3358 2362 3413 cire
2392 3373 2454 3412 ac
2487 3359 2757 3413 sustinere
2778 3375 2952 3414 cures.
2984 3359 3038 3413 id
3063 3361 3204 3429 quod
3230 3375 3375 3414 sane
3414 3374 3623 3414 summo
3648 3354 3777 3407 stmiio

2253 3448 2386 3503 facis
2413 3468 2427 3503 ι
2452 3460 2507 3504 et
2532 3453 2657 3518 quia
2689 3450 2823 3504 lacis
2851 3490 2866 3514 ,
2910 3452 3114 3506 idcirco
3160 3452 3547 3520 improborum
3595 3446 3779 3501 omnium

2250 3543 2369 3595 odia
2397 3542 2448 3594 in
2483 3552 2533 3595 te
2562 3543 2871 3597 concitasti.
2911 3544 3367 3613 Quotusqnisque
3407 3544 3557 3597 enim
3581 3552 3651 3594 est
3673 3538 3787 3591 hodie

2251 3635 2438 3703 patria:
2487 3635 2717 3702 lideique
2767 3636 2980 3695 hostis,
3017 3637 3106 3705 qui
3156 3652 3262 3689 non
3306 3635 3481 3689 simul
3528 3645 3716 3702 quoque
3747 3638 3784 3678 le

2251 3728 2602 3782 acerbissimo
2632 3728 2756 3780 odio
2789 3728 3125 3782 insectetur?
3164 3728 3303 3794 Quis
3337 3727 3591 3781 fattiosus
3629 3721 3789 3776 libellus

2251 3818 2335 3871 his
2372 3834 2559 3872 novem
2594 3821 2751 3871 annis
2803 3820 2854 3872 itt
2882 3820 3053 3874 lucem
3089 3820 3312 3888 prodiit,
3348 3820 3405 3873 in
3445 3834 3557 3888 quo
3606 3814 3788 3870 nominis

2252 3910 2326 3963 tui
2350 3908 2490 3962 fama
2527 3911 2798 3977 perpetuis
2844 3910 3268 3980 {mdissimisque
3317 3910 3599 3967 conviciis
3629 3923 3716 3961 non
3749 3905 3795 3955 ut

2248 4002 2529 4056 lacerata?
2574 4002 2893 4072 Quanquam
2929 4006 3061 4073 quid
3090 4006 3292 4058 mirum
3331 4016 3389 4059 te
3424 4000 3792 4057 virulentislitr

2250 4095 2368 4162 guis
2390 4095 2517 4165 peti,
2542 4111 2663 4149 cum
2693 4107 2747 4148 ct
2774 4096 2924 4151 Eii-as
2957 4097 3171 4152 lsraelis
3207 4100 3615 4164 perturbatur,
3643 4105 3688 4147 et
3709 4108 3798 4156 apo-

2250 4186 2371 4240 stoli
2401 4186 2704 4252 temulenti,
2736 4198 2788 4241 et
2825 4188 3021 4242 Paulus
3072 4190 3325 4250 insanus,
3363 4198 3423 4242 et
3460 4183 3794 4257 pateriamiiis!

2252 4277 2365 4344 ipse
2400 4276 2704 4329 Beelzebub
2736 4317 2749 4338 ,
2780 4278 3029 4346 appellati
3067 4278 3177 4331 sint
3206 4278 3230 4331 ἰ
3286 4278 3447 4344 Quid
3502 4287 3677 4329 autem
3705 4311 3717 4332 ,
3742 4281 3799 4335 ρει

2904 4368 2998 4421 tibi
3032 4368 3097 4421 ad
3138 4368 3367 4421 laudem
3409 4366 3681 4421 illustrius
3702 4359 3795 4411 arci

2247 4457 2372 4509 dere
2394 4465 2577 4523 queat,
2611 4473 2771 4525 quam
2802 4459 2942 4525 quod
2996 4459 3215 4512 eosdem
3254 4458 3471 4512 hostes
3508 4456 3793 4516 habes.th

2245 4550 2492 4604 Christus
2519 4590 2534 4610 ,
2565 4566 2699 4620 quos
2749 4551 2938 4615 religio
2966 4591 2981 4614 ,
3013 4566 3149 4619 quos
3196 4552 3392 4619 patria
3429 4589 3448 4615 ,
3482 4564 3624 4617 quos
3663 4560 3797 4597 omne

2248 4642 2368 4694 boni
2395 4642 2417 4692 ’ἰ
2451 4642 2602 4706 Quod
2641 4643 2707 4695 iis
2746 4642 3022 4710 displiccs,
3054 4642 3252 4711 quibus
3284 4643 3535 4710 placere
3560 4653 3712 4693 nemo
3731 4634 3797 4687 sia

2248 4735 2468 4802 periidia
2496 4736 2712 4803 possit?
2750 4734 2903 4800 Quod
2948 4735 3015 4789 ab
3055 4736 3120 4789 iis
3149 4736 3305 4789 omni
3345 4734 3728 4790 coiiviciorum
3756 4740 3797 4791 8“-

2250 4842 2378 4881 nere
2413 4827 2785 4897 proscinderis
2819 4867 2833 4892 ,
2874 4827 2965 4895 qui
2993 4826 3297 4881 Ecciesiam
3337 4827 3543 4896 prius,
3576 4822 3661 4876 vel
3688 4820 3802 4889 potita

2247 4919 2451 4989 seipsos
2482 4923 2546 4972 ab
2572 4919 2811 4972 Ecclesia
2842 4918 3167 4974 sciderunt?
3199 4917 3369 4982 Quos
3412 4930 3476 4972 tu
3513 4915 3713 4984 optima
3741 4909 3802 4957 bet

2249 5011 2330 5065 cie
2358 5014 2567 5065 ratione
2593 5012 2896 5075 ulcisceris,
2924 5027 3045 5064 cum
3083 5012 3495 5079 itttjiurtssittta
3539 5022 3727 5066 eorum
3748 5017 3802 5055 uti

2241 5103 2429 5158 ledicta
2459 5106 2784 5169 contemnis,
2821 5105 3234 5171 teterrimasque
3266 5102 3545 5173 linguas,
3581 5116 3698 5170 qua:
3729 5099 3797 5148 bet

2243 5195 2383 5263 loqui
2418 5210 2521 5248 non
2557 5196 2884 5260 didicerunt,
2917 5196 3053 5249 male
3074 5195 3217 5262 loqui
3264 5195 3460 5253 sinis.
3501 5196 3797 5256 Disrumput

2246 5296 2332 5338 tur
2353 5287 2496 5340 enim
2532 5288 2736 5349 miseri,
2766 5304 2886 5341 cum
2922 5288 3163 5343 tenibilo
3197 5288 3402 5353 magis
3450 5300 3657 5341 eorum
3682 5280 3801 5335 call"

2243 5377 2367 5441 niis,
2400 5393 2564 5448 quam
2609 5379 2930 5449 elephantos
2977 5379 3190 5433 Indicos
3236 5379 3527 5445 [uilicum
3574 5372 3801 5430 morsibtt

2244 5469 2572 5525 connnoveri
2612 5470 2815 5526 vident.
2844 5470 2989 5526 Satis
3041 5482 3233 5539 graves
3294 5465 3669 5538 iniquissimi
3720 5463 3767 5515 in
