3824 6394
489 263 588 318 551
1559 259 1791 318 JACOBI
1831 257 2028 314 BlLLll
2067 252 2595 314 PBASFATIONES.
3617 253 3704 308 552

491 376 548 434 In
585 385 636 430 te
667 388 769 429 non
799 375 993 430 mirum
1032 373 1164 428 livor
1194 374 1239 429 si
1271 382 1522 444 torqueat
1558 390 1706 429 arma
1736 396 1748 431 :

2085 382 2132 438 Α
2161 371 2319 434 Οὐδὲ,
2343 371 2470 442 τεὴν
2507 371 2707 442 ἀρετὴν
2739 371 2820 424 ὅτι
2855 369 3119 442 βάσκανον
3149 369 3303 441 δμμα
3331 367 3567 432 τιταίνει,

571 466 764 522 Virtuti
797 481 1006 534 semper
1038 465 1215 520 tristia
1240 465 1380 520 bella
1412 469 1540 521 ciet.

2229 461 2426 534 Θαῦμά
2458 464 2513 533 μ’
2542 463 2682 532 ἔχει·
2713 462 2894 525 καλοῖς
2923 465 2951 516 ὁ
2977 462 3168 532 φθόνος
3195 462 3385 534 ἐχθρὸς
3415 463 3517 516 ἀει.

492 557 673 612 Invida
713 557 987 612 tabescant
1015 555 1092 611 vis
1118 555 1362 626 agmina;
1401 559 1552 610 turba
1583 557 1764 611 dolore

2162 553 2435 624 Τήκεσθαι
2463 555 2754 627 φθονεροὺς
2787 554 3008 619 ἐθέλεις,
3035 557 3128 608 καὶ
3153 555 3387 626 ἀνάρσια
3416 553 3553 624 φῦλα

565 648 809 718 Angatur
834 647 1022 702 rabido
1054 646 1300 717 dogmata
1330 662 1496 715 prava
1532 649 1756 702 serens?

2230 647 2530 716 Αῐρετικῶν
2562 652 2848 720 κρατεροῖς
2881 649 3100 718 ἄλγεσιν
3129 648 3446 719 ἐμπελὰᾳν;

494 740 780 796 Certamen
817 749 963 806 certa
994 738 1150 805 fidei;
1183 739 1423 805 virtutis,
1452 748 1510 794 ut
1535 740 1686 802 olim,

2163 736 2388 789 Εὑσεὸἐϊ
2412 739 2718 811 προμάχιζε
2746 739 2888 810 λόγῳ
2907 756 2921 770 ·
2958 739 3294 811 χραίσμησον
3329 739 3518 792 ἄνακτι
3536 754 3551 772 ⁶

567 833 736 900 Perge
764 833 933 898 viam;
970 833 1051 886 fer
1081 845 1236 900 opem
1267 831 1660 899 consiliumque
1699 818 1940 884 throno;

1906 818 1940 881 .1
2236 830 2499 898 Παντοίης
2536 833 2768 903 ἀρετῆς,
2797 834 2871 896 ὡς
2900 831 3238 903 τοπὰροιθεν,
3274 833 3416 901 ἕχον.

497 922 621 994 lgne
649 939 774 978 suos
808 934 930 976 uret
963 923 1136 977 livor:
1166 923 1430 990 disrupta,
1461 922 1656 978 furoris

2169 919 2241 988 Δὴ
2276 921 2394 973 τότε
2428 923 2522 976 καὶ
2561 922 2848 995 φθονεροὺς
2875 923 3024 994 τήξει
3054 922 3276 991 φθόνος’
3305 923 3575 989 ἀντιθέους
3599 943 3645 979 τε

568 1014 790 1070 Occidet
827 1029 949 1096 esca
979 1013 1080 1078 sui,
1113 1027 1244 1081 gens
1273 1013 1490 1068 inimica
1521 1014 1652 1068 Deo.

2239 1012 2434 1082 Ὀψεαι
2474 1015 2753 1086 αὑτοφόνῳ
2779 1015 3139 1085 βοσκομὲνους
3173 1015 3356 1086 μανίῃ.

1066 1279 1316 1342 Eiusdem
1352 1281 1517 1332 aliua.

2657 1277 2766 1332 Τοῦ
2801 1281 2987 1334 αὑτοῦ
3016 1281 3233 1349 ἕτερον.

500 1374 799 1429 Pandoram
840 1371 1020 1426 divum
1069 1372 1288 1424 donavit
1321 1373 1474 1440 copia
1506 1372 1746 1426 mundo:

2169 1368 2463 1440 Πανδώρην
2492 1369 2619 1422 ποτὲ
2650 1369 2788 1422 δῶκε
2820 1369 2955 1422 Θεῶν
2994 1372 3152 1442 χορὸς
3182 1371 3455 1444 ἡμερίοισι
3475 1387 3487 1400 ·

572 1462 875 1516 Pandarum
905 1460 1057 1514 nobis
1089 1469 1138 1514 te
1169 1460 1311 1513 dedit
1343 1459 1714 1530 Omnipotens.

2245 1461 2532 1532 Πάνδωρον
2563 1479 2621 1513 σε
2656 1461 2824 1532 μέγας
2853 1462 2982 1531 ἡμῖν
3011 1461 3178 1516 ἔδωκε
3212 1462 3359 1526 Θεός.

501 1556 579 1610 11ιὶ
606 1557 660 1609 in
695 1553 990 1625 perniciem
1019 1563 1258 1608 nostram
1296 1556 1442 1622 (nam
1483 1553 1815 1622 perniciosos

2199 1555 2228 1606 li
2265 1553 2361 1623 μὲν
2395 1555 2480 1606 ἐπ’
2503 1553 2770 1624 ’ἀργαλέῳ
2806 1554 3058 1625 μερόπων
3100 1553 3285 1625 κακῷ·
3313 1555 3388 1618 ὡς
3415 1554 3525 1626 γὰρ
3555 1555 3709 1626 ἐῴκει,

573 1645 883 1702 Perniciosa
911 1646 1066 1700 decet
1104 1648 1318 1700 mittere
1355 1646 1490 1700 dona
1527 1645 1702 1716 deos).
1832 1629 1837 1636 ’

2237 1642 2571 1713 Οὐλομένους
2607 1643 2844 1713 πέμπειν
2876 1641 3028 1695 οῠλια
3053 1643 3200 1715 δῶρα
3223 1645 3377 1708 Θεούς
3397 1659 3409 1676 ·

503 1737 602 1794 llic
625 1752 754 1792 vero
785 1737 850 1792 ad
882 1737 1093 1807 generis
1118 1737 1420 1792 certissima
1445 1738 1727 1792 commoda
1773 1736 1944 1790 nostri
1975 1754 1989 1790 :

2203 1736 2270 1798 Ος
2301 1733 2344 1786 δ’
2382 1735 2473 1787 ἐπὶ
2504 1734 2582 1804 τῷ
2617 1735 2829 1789 πάντων
2873 1735 3092 1806 ἀγαθῷ·
3129 1737 3222 1789 καὶ
3253 1736 3362 1809 γὰρ
3407 1739 3713 1810 παναρίστου

572 1829 864 1884 Commoda
888 1828 1085 1898 quippe
1117 1829 1288 1883 bonus
1318 1829 1410 1882 dat
1445 1842 1543 1882 sua
1573 1828 1709 1883 dona
1755 1827 1914 1882 Deus.

2239 1825 2425 1880 Πάντα
2457 1825 2589 1878 Θεοῦ
2622 1826 2852 1896 χθονίοις
2880 1829 3123 1899 χρήσιμα
3147 1829 3294 1902 δῶρα
3323 1829 3495 1883 πέλει.

621 1983 699 2044 In
725 1982 1183 2045 Nazianzenam
1213 1983 1288 2041 Β.
1311 1979 1530 2042 Jacobi
1559 1979 1734 2041 Billii
1771 1980 2014 2042 abbatis
2048 1979 2416 2044 Michaelini
2445 1980 2917 2043 translationem
2949 1984 3104 2047 God.
3140 1985 3365 2048 Billius
3395 1989 3618 2064 frater,

1812 2082 2001 2144 abbas
2040 2083 2416 2145 Vincentius.

503 2227 794 2298 Gregorius
827 2225 1092 2297 quondam
1124 2225 1297 2293 patria
1336 2225 1522 2279 tellure
1557 2223 1795 2294 fugatus,
2174 2223 2461 2277 Condolutt
2497 2224 2666 2279 frater
2704 2225 2950 2298 profugo,
2980 2228 3266 2298 docuitque
3307 2241 3585 2302 rogantem

574 2319 866 2390 Appulerat
893 2317 1049 2372 sedes
1077 2317 1232 2371 exsul
1263 2317 1330 2370 ad
1355 2316 1646 2370 Occiduas.
2245 2313 2460 2367 Mallius
2488 2317 2741 2370 Ausoniis
2772 2318 2935 2372 verba
2971 2334 3164 2375 sonare
3193 2321 3385 2375 modis.

505 2411 780 2479 Excepere
809 2408 984 2463 virum
1017 2407 1232 2476 quidam
1264 2425 1277 2460 :
1308 2408 1400 2460 sed
1433 2405 1585 2460 balba
1620 2407 1902 2474 loquentes
2023 2393 2031 2401 ’
2174 2404 2404 2459 Miratur
2435 2406 2546 2475 jam
2591 2405 2901 2475 Gregorius,
2929 2409 3242 2480 dubitatque
3276 2410 3560 2483 Pelasgum

577 2496 918 2576 llunqgliam
953 2496 1111 2550 balbe
1144 2495 1483 2550 condocuere
1514 2495 1679 2563 loqui.
2252 2497 2439 2552 Dicere
2469 2512 2529 2552 se
2571 2501 2794 2567 posthac
2823 2500 3036 2567 debeat,
3063 2502 3392 2572 an,Latium.

627 2655 678 2718 G
733 2642 1168 2716 Genebrardus
1222 2650 1561 2729 Theologus
1611 2651 2011 2726 Parisiensis,
2045 2652 2127 2712 ad
2150 2654 2227 2712 D.
2267 2652 2567 2713 Jacobum
2605 2653 2861 2714 Billium
2893 2656 3401 2733 coznobiarcham,
3436 2661 3622 2721 trium

1096 2750 1448 2830 linguarum
1471 2751 1939 2828 peritissimum,
1977 2752 2268 2833 Gregorii
2287 2753 2671 2815 Nazianzeni
2700 2756 3118 2837 interpretem.

506 2898 824 2968 Gregorium
853 2897 923 2952 ob
959 2913 1171 2952 versum
1198 2904 1378 2950 nostra
1410 2906 1458 2948 te
1485 2911 1618 2950 voce
1649 2895 1849 2949 salutat

2172 2895 2301 2948 Δῖάν
2335 2913 2426 2949 σου
2466 2897 2708 2968 κεφαλὴν
2736 2898 3026 2964 ἁσπάζοντ’
3061 2900 3196 2953 ἐννὲῗ
3220 2899 3463 2970 ἀδελφαὶ,

579 2988 748 3044 Pieris
777 2996 831 3044 et
857 2988 1136 3044 Charitum
1168 2989 1306 3042 nuda
1331 3002 1527 3042 corona
1573 2987 1758 3041 trium.

2101 2973 2140 3028 (ἶ
2245 2989 2412 3041 Ταυτὶ
2441 3007 2501 3042 τε
2530 2991 2880 3062 γυμνοχρόων
2905 2990 3072 3063 δρῶσι
3103 2992 3234 3064 γένη
3255 2992 3531 3065 Χαρίτων.

509 3080 648 3148 Quin
675 3089 730 3136 et
765 3079 1060 3150 Gregorius
1090 3089 1239 3133 tanto
1270 3093 1366 3146 pro
1399 3091 1621 3132 munere
1650 3092 1892 3134 summas

2176 3080 2216 3131 Γ
2223 3081 2473 3152 ρηγόριος
2509 3083 2738 3146 δἀὐτὸς
2775 3080 2973 3146 ζαθέαν
3009 3083 3077 3136 δι’
3107 3085 3239 3155 ἐμοῦ
3263 3085 3423 3156 χάριν
3457 3083 3615 3153 οἶδεν,

587 3169 720 3224 Cum
747 3185 996 3240 superum
1029 3178 1208 3239 grates
1235 3169 1448 3239 agmine
1474 3179 1660 3238 gratus
1690 3171 1820 3240 agit.

2248 3171 2397 3225 ’Όττι
2430 3173 2528 3242 μὲν
2553 3173 2629 3237 ὡς
2674 3174 2878 3246 Ἑρμῆν
2911 3173 3034 3245 ἔσχε
3067 3193 3124 3229 σε
3156 3177 3431 3233 Αὐσόνιον.

507 3262 641 3318 Nam
667 3277 786 3317 cum
817 3261 1113 3317 barbaricis
1133 3261 1259 3316 olim
1296 3259 1614 3331 graderetur
1641 3260 1694 3314 in
1727 3261 1891 3327 arvis,

2214 3263 2275 3314 Εν
2308 3263 2510 3335 χώραις
2559 3266 2832 3337 πρόπαλαι
2866 3266 2975 3338 γὰρ
3021 3268 3212 3336 ἐνῴκει
3267 3268 3724 3343 βαρϐαροφώνοις,

579 3357 718 3412 Arte.
743 3366 831 3411 tua
859 3355 970 3426 jam
1000 3370 1139 3411 nunc
1177 3369 1340 3424 regna
1379 3353 1568 3408 Latina
1605 3363 1773 3409 tenet.

2245 3354 2358 3408 Νῦν
2381 3355 2437 3408 δὲ
2466 3357 2577 3426 ἔχει
2605 3356 2691 3410 διὰ
2720 3357 2812 3411 σοῦ
2849 3361 3050 3412 σκῇνεα
3085 3360 3383 3430 Ῥωμαϊκά.

504 3497 1100 3569 ΙοαηηίἐὈΙιαεαγὰἱ
1137 3504 1551 3584 Aqnipersani
1597 3503 1677 3564 ad
1699 3504 2014 3566 Mecaenatt

2224 3522 2294 3562 im
2324 3508 2398 3564 D.
2434 3506 2732 3565 Iacobum
2762 3505 3039 3581 Bilii-um,
3073 3510 3289 3572 Sancti
3321 3513 3649 3574 Michaelis
3675 3515 3734 3573 in

581 3587 809 3677 Eremo
840 3583 1135 3645 Abbatem
1163 3585 1718 3655 ornatissimum,et
1746 3584 1821 3642 D.
1847 3584 2138 3661 Gregorii
2165 3585 2438 3662 episcopi
2465 3584 2848 3648 Nazianzeni
2869 3587 3264 3667 interpretem
3291 3591 3730 3670 ﬁdelissimum,

578 3682 978 3743 epigramma.

509 3784 578 3839 Ut
620 3783 802 3839 Tobiae
825 3779 994 3836 hicem
1022 3782 1232 3838 soboles
1270 3785 1528 3851 perehara
1574 3783 1780 3851 parenti
2179 3781 2284 3836 Sed
2324 3792 2378 3835 tu
2409 3793 2665 3850 praaterea
2701 3798 2884 3841 vocem
2916 3801 3037 3841 cum
3072 3787 3272 3844 lumine
3306 3792 3508 3855 reddis,

579 3875 829 3930 Restim“
857 3874 928 3938 re,
955 3873 1034 3928 sic
1064 3881 1120 3927 ω
1160 3871 1360 3926 lumina
1394 3871 1676 3942 Gregorio.
2199 3892 2208 3898 '
2249 3871 2321 3927 Ut
2344 3873 2500 3928 modo
2530 3889 2653 3928 cum
2677 3873 2882 3933 Graecis
2906 3877 3065 3932 verba
3095 3878 3287 3936 Latina
3316 3896 3495 3940 sonet.

507 3966 600 4022 Ille
638 3966 853 4036 qdidem
897 3965 1068 4034 patris
1105 3978 1174 4019 ex
1209 3964 1381 4019 oculis
1423 3965 1652 4034 caligine
1685 3964 1858 4034 pulsa,
2179 3961 2268 4018 Sic
2297 3977 2393 4033 per
2425 3972 2477 4019 te
2509 3964 2791 4036 (prteclara
2820 3967 2925 4022 duo
2959 3970 3239 4041 miracula)
3269 3989 3445 4043 nuper

583 4057 663 4112 Tu
697 4059 825 4112 Vero
857 4071 888 4110 a
919 4065 1031 4111 toto
1059 4069 1284 4125 corpore
1311 4054 1579 4125 Gregorii.
2247 4053 2436 4110 Caecus
2462 4066 2516 4111 et
2551 4055 2778 4124 elinguis
2814 4073 2958 4114 nunc
2989 4060 3155 4128 videt,
3178 4073 3234 4118 et
3261 4064 3526 4136 loquitur.

508 4145 664 4202 lllum
693 4160 818 4200 nam
845 4144 1010 4201 veluti
1043 4143 1185 4200 fante
1220 4155 1449 4200 caecarat
1477 4145 1734 4214 hirundo,
2176 4144 2278 4201 Vis
2314 4145 2547 4201 referam
2580 4148 2791 4217 majus?
2829 4149 2965 4206 Toto
2997 4153 3108 4220 jam
3146 4155 3314 4228 fulget
3353 4159 3407 4213 in
3453 4161 3608 4230 orbe,

580 4234 736 4291 Hunc
761 4235 835 4291 ita
869 4235 1183 4292 mendorum
1209 4235 1388 4291 versio
1423 4236 1579 4306 plena
1617 4237 1786 4307 prior.
2249 4237 2352 4305 Qui
2382 4239 2531 4294 velut
2560 4239 2614 4295 in
2647 4242 3038 4348 tenebriséante
3071 4248 3312 4319 sepultus
3342 4259 3481 4307 erat.

1574 4388 1873 4469 Ejusdem
1905 4389 2209 4452 Chatardi
2250 4390 2334 4452 ad
2372 4391 2678 4454 lectorem.

515 4536 822 4608 Squallidus
845 4535 899 4592 in
929 4551 1076 4616 caeco
1115 4533 1376 4605 'osephus
1413 4550 1656 4602 carcere,
1683 4537 1878 4606 dignus
2104 4543 2157 4602 ι)
2232 4538 2461 4610 ιῡὶειιιιε
2487 4541 2579 4611 qui
2615 4541 2801 4598 volitet
2826 4554 3018 4600 cuncta
3051 4559 3149 4616 per
3173 4561 3266 4603 ora
3298 4550 3497 4607 virum.

583 4628 685 4683 Vix
713 4637 831 4685 erat
860 4637 1077 4696 aspestu
1110 4628 1275 4699 regis,
1301 4635 1355 4682 et
1380 4625 1635 4697 alloquio.
2177 4629 2390 4698 Billius,
2418 4632 2580 4704 idque
2613 4634 2785 4691 libens
2818 4652 3012 4709 magno
3040 4641 3236 4696 sudore
3266 4645 3475 4714 peregit

512 4721 640 4776 Inde
665 4719 758 4776 sed
782 4718 1024 4783 eductus,
1052 4719 1194 4773 tmdo
1220 4718 1490 4788 squallore
1529 4727 1765 4785 remoto,
2252 4717 2418 4788 Unus,
2443 4721 2586 4791 quod
2618 4724 2772 4778 multi
2805 4739 2910 4780 non
2953 4736 3176 4797 potuere
3207 4731 3391 4786 simul.

579 4809 850 4878 Principis
877 4818 930 4863 et
961 4809 1137 4879 populi
1164 4809 1356 4879 dignus
1379 4823 1564 4864 amore
1592 4807 1713 4864 fuit.
2178 4808 2440 4868 Praestitis
2470 4813 2559 4867 hic
2583 4811 2736 4868 labor
2755 4825 2858 4882 est,
2881 4830 2989 4885 quo
3021 4832 3126 4873 non
3153 4822 3499 4889 praestantior
3520 4825 3682 4891 alter,

515 4899 606 4956 Sic
632 4915 845 4970 quoque
869 4898 1162 4970 Gregorius
1187 4899 1314 4954 dum
1351 4900 1602 4955 I=ordidus
1627 4911 1752 4956 ante
1775 4900 1984 4970 jaceret

1921 4911 1984 4956 "et
2248 4899 2544 4972 Pluresque
2580 4903 2780 4975 ingenii
2807 4906 2898 4975 qui
2931 4907 3025 4962 tibi
3055 4921 3235 4965 servet
3263 4927 3392 4980 opes
3419 4933 3431 4968 :

582 4989 821 5058 Obsitus,
851 4991 1098 5062 indignus
1121 4991 1213 5060 qui
1247 4991 1538 5060 legeretur,
1566 5000 1701 5047 erat.
2179 4986 2258 5041 Ex
2295 4990 2375 5045 his
2409 5006 2544 5060 quas
2583 4991 2738 5048 facile
2769 4995 2975 5051 fulvum
3010 5001 3158 5054 velut
3187 5019 3364 5074 ungue
3397 5006 3618 5065 leonem

514 5083 666 5137 Nulla
693 5083 891 5138 etenim
927 5083 1177 5152 gravibus
1211 5082 1355 5136 vitiis
1382 5083 1588 5152 pagella
1623 5083 1842 5138 carebat

2245 5077 2522 5148 Primitiis,
2555 5083 2728 5140 lector
2755 5079 3001 5154 candide,
3032 5106 3189 5146 nosse
3216 5106 3387 5163 potes.

586 5172 653 5227 Et
689 5173 806 5228 sine
839 5185 1021 5226 mente
1051 5186 1243 5225 sonum
1280 5171 1486 5240 singula
1515 5173 1680 5226 verba
1713 5172 1934 5228 dabant.
2174 5168 2358 5226 Nescit
2387 5181 2441 5226 et
2467 5175 2771 5232 exstinctus
2801 5178 2964 5250 (dictu
3003 5183 3271 5255 mirabile)
3308 5192 3539 5259 praesul,

515 5267 614 5320 Ast
651 5267 745 5321 tibi
787 5280 954 5336 purus
990 5264 1162 5328 adest,
1191 5272 1246 5317 et
1273 5264 1463 5332 Quovis
1491 5265 1681 5332 purior
1712 5279 1864 5330 auro,
2246 5263 2502 5322 Prtesulis
2532 5267 2754 5325 alterius
2783 5271 2893 5341 jam
2935 5275 3203 5329 redivivus
3235 5293 3358 5346 ope.

591 5358 658 5413 Ut
681 5359 913 5428 primum
941 5355 1167 5412 accessit
1195 5354 1395 5410 Biblica
1425 5355 1578 5410 docta
1619 5370 1830 5411 manus.
2174 5357 2352 5426 Atque
2392 5359 2466 5413 ita
2496 5361 2586 5431 qui
2620 5363 2765 5416 clara
2796 5364 3023 5421 ﬂorebat
3049 5368 3099 5422 in
3145 5369 3361 5427 Hellade
3392 5383 3636 5444 tantum,

517 5445 667 5504 Nunc
698 5450 866 5505 oculis
895 5464 1099 5519 regum,
1132 5461 1273 5504 nunc
1308 5461 1516 5503 summo
1547 5446 1741 5518 dignus
1771 5447 1999 5516 honore,
2249 5448 2400 5507 Nunc
2427 5453 2590 5510 etiam
2621 5463 2731 5512 tota
2762 5455 2920 5513 floret
2953 5459 3002 5513 in
3033 5461 3295 5518 Ausonia.

589 5649 632 5680 ’³
669 5646 801 5704 Tob.
840 5665 915 5715 ιι,
948 5649 1135 5704 1545.
