3824 6394
140 369 219 429 335

150 502 2236 541 Μ

1130 341 1363 399 JACOBI
1404 340 1598 395 BlLLll
1636 339 2167 397 PREFATIONES.
2257 294 2260 298 Δ

638 644 955 711 JACOBUS
1013 642 1327 715 BILLIUS,
1392 640 1629 701 ABBAS
1685 641 1746 698 S.
1806 638 2208 699 MICHAELIS
2263 639 2339 697 ΙΝ
2396 640 2677 710 EREMO,

1413 801 1513 843 P10
1560 799 1819 843 LECTORI
1862 800 1893 843 S

176 1078 236 1131 En
260 1072 431 1131 habes,
476 1065 562 1135 pie
605 1064 819 1130 Lector,
848 1064 1105 1118 eximium
1143 1064 1287 1116 illum
1321 1063 1617 1118 Orientalis
1646 1068 1693 1126 Α
1722 1066 2081 1135 lnterpretum
2116 1065 2541 1130 translationem,
2572 1064 2726 1134 cuius
2756 1072 2863 1119 tum
2900 1076 3008 1121 toto
3034 1070 3167 1120 orbe
3194 1081 3279 1119 sa-

124 1166 323 1228 Ecclesia:
357 1162 620 1214 doctorem
671 1156 988 1226 Gregorium
1039 1171 1067 1208 a
1121 1156 1276 1210 nobis
1322 1154 1615 1211 Latinitate

122 1268 320 1317 donatum
350 1268 363 1306 :
402 1267 463 1306 ex
504 1251 655 1319 cuius
686 1248 921 1303 lectione
950 1248 1150 1301 utinam
1179 1256 1383 1301 tantum
1414 1247 1620 1303 fructus

122 1355 192 1409 tibi
214 1361 382 1417 capere
408 1343 681 1411 contingat
704 1380 720 1405 ,
753 1350 1013 1410 quantum
1044 1340 1243 1394 laboris
1268 1354 1331 1393 ac
1357 1340 1620 1397 molestia

118 1447 188 1499 fuit
212 1439 343 1495 nobis
366 1436 413 1489 in
440 1449 502 1488 eo
530 1432 791 1488 vertendo
813 1430 1171 1486 subeundum.
1197 1429 1298 1484 Vix
1329 1430 1469 1485 enim
1499 1432 1621 1486 cui-

120 1550 240 1606 quam
262 1528 495 1585 credibile
526 1527 765 1580 futurum
792 1534 895 1589 est,
918 1539 1077 1593 quam
1106 1523 1306 1578 invitus
1330 1522 1415 1578 hic
1436 1534 1623 1578 auctor

117 1626 223 1695 apud
248 1637 334 1677 nos
376 1617 787 1689 peregrinetur,
820 1616 921 1669 nisi
960 1616 1047 1684 qui
1094 1614 1248 1682 hujus
1296 1616 1371 1668 rei
1407 1616 1621 1683 pericu-

118 1724 197 1773 lum
233 1714 419 1770 fecerit.
458 1710 571 1764 Hoc
605 1724 734 1763 vero
764 1718 814 1762 te
842 1707 1172 1763 exorandum
1206 1707 1408 1771 habeo,
1438 1723 1505 1761 ne
1539 1722 1622 1762 me

112 1821 180 1864 aut
206 1808 348 1862 nimis
377 1804 553 1874 supini
591 1800 869 1871 cujusdam
909 1800 1004 1855 otii
1038 1800 1335 1853 notandum
1364 1815 1584 1854 censeas
1606 1839 1623 1865 ,

113 1905 179 1974 qui
198 1902 325 1956 velut
350 1914 458 1953 rem
488 1906 689 1962 actam,
728 1902 786 1947 ut
817 1895 920 1948 dici
953 1893 1111 1958 solet,
1141 1908 1247 1947 non
1282 1894 1399 1948 sine
1432 1908 1625 1963 magno

109 1993 326 2061 temporis
356 1988 638 2056 dispendio
666 1999 857 2039 rursus
889 1984 1090 2054 egerim
1119 2000 1133 2047 ;
1166 1993 1257 2037 aut
1286 1998 1473 2051 parum
1498 1998 1627 2037 can-

111 2085 192 2140 didi
216 2082 362 2136 animi
395 2093 516 2133 esse
540 2077 785 2145 iudices,
815 2076 904 2144 qui
937 2076 990 2128 in
1032 2076 1244 2130 labores
1276 2075 1500 2129 aliorum
1540 2078 1627 2129 in—

108 2176 324 2238 troierim,
362 2174 607 2241 ipsisque
654 2170 860 2223 meritae
900 2168 1070 2223 laudis
1113 2177 1486 2238 argumentum
1515 2168 1625 2221 eri-

106 2284 203 2337 pere
222 2268 309 2322 sim
338 2273 589 2319 conatus.
618 2261 856 2328 Quorum
888 2270 1176 2328 utrumque
1200 2259 1378 2323 facile,
1412 2275 1439 2312 a
1466 2270 1538 2321 te,
1571 2270 1629 2313 ut

103 2361 274 2428 opinor,
304 2355 594 2417 obtinebo,
640 2353 685 2405 si
735 2352 891 2405 modo
940 2359 1143 2404 tantum
1176 2351 1328 2404 tibia
1366 2352 1628 2420 graviori-

1723 1170 2004 1213 crosancta
2037 1171 2153 1215 erat
2183 1159 2481 1212 auctoritas
2505 1200 2520 1223 ,
2560 1160 2806 1227 Aquilam
2838 1160 2998 1213 etiam
3033 1168 3086 1214 et
3124 1160 3281 1232 Sym-

1722 1251 1973 1304 machum
2010 1260 2065 1304 et
2093 1251 2515 1305 Theodotiouem
2550 1251 2864 1320 plerumque
2892 1252 3235 1305 consulerent
3265 1270 3278 1304 :

1728 1350 1786 1394 ut
1813 1342 1856 1395 si
1895 1343 2019 1411 quid
2052 1343 2182 1410 ipsis
2217 1343 2462 1412 caliginis
2491 1343 2817 1408 oboriretur,
2841 1344 3143 1412 huiusmodi
3171 1344 3283 1398 col-

1723 1434 1920 1487 latione
1950 1434 2143 1489 discuti
2180 1444 2377 1503 posset.

1737 1573 1745 1585 ,
1794 1525 1945 1592 Quod
1982 1526 2196 1593 quidem
2241 1528 2307 1580 ad
2356 1541 2440 1581 me
2483 1528 2707 1593 attinet,
2737 1529 2883 1597 potui
2915 1530 3015 1585 hoc
3050 1538 3282 1598 tempus,

1726 1618 1865 1685 quod
1905 1616 2251 1687 Gregorianze
2287 1620 2518 1671 versioni
2552 1621 2735 1673 datum
2768 1632 2880 1684 est,
2916 1620 3071 1689 longe
3113 1636 3285 1673 amoe-

1726 1710 1972 1763 nioribus
2001 1711 2678 1780 mihiqueiucundioribus
2705 1714 2900 1767 studiis
2931 1715 3237 1778 impendere
3269 1732 3283 1767 :

1725 1802 1816 1855 sed
1857 1802 2207 1870 quorumdam
2257 1804 2482 1856 consilio
2529 1813 2688 1870 atque
2732 1805 3035 1858 auctoritati
3077 1806 3272 1858 ceden-

1726 1895 1850 1947 dum
1882 1894 2096 1961 putavi,
2132 1895 2222 1962 qui
2258 1895 2569 1948 doctissimo
2595 1896 2808 1963 quidem
2853 1897 2999 1959 viro,
3030 1908 3281 1951 caeterum

1726 1988 1865 2054 apud
1894 1987 2115 2041 Latinos
2143 1988 2322 2052 nimis,
2356 1996 2415 2039 ut
2442 1987 2677 2050 aiebant,
2707 1989 2958 2051 obscuro,
2991 1991 3202 2057 Suique,
3231 1999 3289 2043 ut.

1728 2074 2088 2144 Hieronymus
2121 2075 2377 2142 loquitur,
2417 2076 2651 2143 dispari,
2695 2077 2831 2132 lucis
2858 2078 3055 2146 aliquid
3084 2094 3148 2132 ex
3190 2081 3289 2133 hac

1729 2175 1912 2220 nostra
1956 2167 2297 2220 traductione
2336 2183 2679 2222 accessurum
2716 2170 2847 2223 mihi
2882 2164 3029 2224 certo
3063 2171 3285 2238 pollice-

1728 2262 1943 2313 bantur.
1986 2259 2135 2313 Hanc
2164 2260 2346 2329 itaque
2374 2263 2706 2329 provinciam
2738 2264 2971 2333 suscepi,
3000 2281 3159 2333 quam
3189 2267 3290 2319 uti-

1729 2351 1833 2405 lem
1864 2352 2046 2405 nescio
2066 2393 2079 2417 ,
2117 2352 2244 2405 mihi
2272 2362 2417 2405 certe
2451 2355 2520 2406 ita
2556 2368 2773 2423 gravem
2801 2370 2864 2409 ac
2893 2357 3198 2423 molestam,
3233 2369 3290 2410 ut

103 2452 178 2503 bus
215 2448 311 2501 tuis
347 2444 544 2499 studiis
577 2443 671 2497 Otii
705 2441 902 2505 fuerit,
930 2452 989 2495 ut
1017 2456 1235 2506 eorum,
1270 2442 1359 2509 qui
1391 2451 1516 2495 ante
1547 2456 1631 2496 me
1659 2439 1702 2493 B
1731 2441 2040 2497 inchoatum
2085 2458 2220 2511 opus
2267 2445 2587 2511 abrumpere
2632 2461 2695 2498 ac
2735 2448 3006 2514 perpetuis
3055 2450 3289 2503 tenebris

101 2545 140 2595 in
162 2543 247 2596 hoc
279 2540 493 2610 negotio
526 2538 727 2592 versati
757 2547 908 2600 sunt,
937 2536 1349 2590 translationem
1383 2552 1503 2590 cum
1530 2539 1629 2591 hac

100 2647 264 2703 nostra,
289 2646 341 2690 et
371 2647 671 2702 utramque
694 2633 759 2686 ad
778 2632 1054 2701 exemplar
1075 2630 1345 2697 Graecum,
1373 2640 1627 2700 tanquam

98 2725 368 2794 adLydinm
395 2723 640 2793 lapidem
667 2762 681 2787 ,
706 2721 990 2792 explorare
1014 2729 1191 2776 vacet.
1227 2720 1377 2787 Quod
1410 2721 1452 2774 si
1478 2720 1629 2785 fece—

94 2818 173 2881 ris,
206 2832 303 2870 non
331 2816 592 2884 equidem
631 2813 852 2880 dubito,
895 2813 1023 2882 quin
1058 2815 1131 2866 ita
1164 2812 1241 2866 sis
1289 2813 1633 2867 existimatu-

94 2924 193 2973 ηις,
216 2908 451 2962 laborem
481 2907 636 2961 hunc
665 2914 907 2960 nostrum
941 2920 1045 2958 non
1084 2904 1239 2959 modo
1270 2921 1374 2959 non
1416 2906 1629 2959 inanem

91 3017 139 3055 ac
171 3014 667 3071 supervacaneum,
711 2998 805 3052 sed
847 2997 1010 3052 etiam
1051 3011 1217 3065 prope
1266 2999 1629 3053 necessarium

90 3093 242 3147 fuisse.
286 3092 581 3147 Neminem
633 3091 889 3155 insector,
939 3088 1138 3142 nullius
1178 3099 1353 3142 errata
1389 3090 1630 3142 traduco.

86 3185 342 3240 Barbarum
372 3195 461 3240 est
489 3183 821 3254 sngillandis
853 3181 1081 3235 aliorum
1125 3181 1402 3237 laboribus
1434 3182 1634 3252 ingenii

87 3274 954 3347 doctrinaequelaudemaucupari.
986 3272 1305 3339 Monstrum,
1332 3289 1435 3327 non
1463 3275 1637 3327 hemi-

82 3384 179 3421 nem
199 3384 311 3423 esse
336 3378 555 3430 statuo,
592 3365 682 3434 qui
716 3364 818 3432 piis
843 3363 1070 3416 aliorum
1098 3365 1381 3417 conatibus
1410 3363 1635 3417 studiis-

86 3474 168 3527 que
204 3474 302 3513 non
348 3459 583 3522 favere,
637 3457 730 3511 sed
764 3455 1071 3508 obtrectare
1118 3454 1299 3524 cupit,
1342 3470 1639 3524 eorumque

78 3548 230 3618 lapsus
282 3551 603 3605 crudeliter
651 3548 828 3617 potius
879 3539 1133 3619 detegere
1183 3557 1346 3615 atque
1396 3547 1637 3600 omnium

80 3635 222 3696 oculis
256 3658 542 3711 exponere
591 3652 845 3705 conatur,
888 3656 1048 3711 quam
1098 3640 1333 3694 fraterne
1368 3640 1637 3704 obvelare,

75 3736 141 3787 vel
163 3736 343 3790 saltem
376 3749 692 3790 exettsare.
717 3732 823 3787 Sed
856 3744 913 3788 ut
945 3732 1208 3787 nefarium
1240 3732 1294 3785 in
1328 3732 1514 3800 primis
1542 3733 1641 3785 ha-

1731 2531 1986 2584 damuare
2020 2545 2123 2585 non
2155 2532 2321 2586 semel
2347 2532 2650 2602 cogitarim.
2693 2533 2844 2599 Quod
2888 2537 2932 2591 si
2974 2539 3117 2592 vires
3143 2555 3292 2593 meas

1731 2623 1897 2691 probe
1925 2622 2235 2690 exploratas
2265 2624 2570 2679 habuissem
2597 2666 2612 2691 ,
2651 2638 2812 2696 atque
2842 2638 2900 2682 ut
2944 2630 3203 2686 Dominus
3238 2634 3289 2685 in

1732 2713 2024 2782 Evangelio
2054 2714 2324 2779 admonet,
2354 2726 2599 2783 sumptus
2628 2721 2694 2771 ad
2724 2734 2835 2773 rem
2864 2721 3167 2788 huiusmodi
3201 2738 3294 2776 ne-

1734 2806 1999 2861 cessarios
2024 2817 2415 2873 computassem
2433 2811 2513 2873 ⁸⁰;
2560 2811 2603 2864 si
2644 2825 2909 2866 summam
2950 2814 3129 2883 operis
3159 2814 3311 2890 dilli-.

1735 2901 1987 2955 cultatem
2008 2944 2023 2969 ,
2068 2905 2313 2971 corporis
2346 2905 2621 2974 plusquam
2653 2909 2879 2963 vitream
2909 2910 3291 2977 valetudinem,

1736 2994 2099 3065 doctrinaeque
2135 2999 2448 3051 tenuitatem
2480 3001 2660 3053 animo
2687 3003 3090 3070 perpendissem
3114 3044 3126 3067 ,
3160 3021 3296 3058 nun-

1736 3101 1895 3154 quam
1918 3125 1933 3151 ,
1963 3090 2035 3141 ita
2067 3104 2149 3141 me
2183 3090 2322 3143 Deus
2348 3100 2528 3156 amet,
2568 3091 2691 3145 huic
2722 3094 3043 3148 traductioni
3080 3113 3296 3152 manum

1738 3176 2079 3244 adiecissem.
2132 3176 2236 3231 Sed
2291 3193 2413 3231 vera
2466 3189 2548 3233 est
2610 3180 2938 3250 Thucydidis
2992 3189 3296 3253 sententia,

1751 3269 1982 3339 Ἀμαθία
2009 3269 2207 3340 θράσος
2228 3314 2240 3337 ,
2270 3272 2297 3322 ὁ
2323 3271 2577 3341 λογισμὸς
2603 3272 2829 3333 δ’,ὃκνον
2858 3276 3033 3347 φέρει.
3067 3277 3174 3332 Nec
3202 3280 3298 3333 abs

1740 3374 1799 3414 re
1826 3360 1886 3411 τὸ
1920 3359 2089 3412 Γνῶθι
2135 3360 2375 3426 σεαυτόν,
2418 3363 2549 3415 tanti
2603 3362 2672 3415 ab
2718 3365 2929 3417 erudita
2975 3365 3300 3432 antiquitate

1742 3452 1940 3506 factum
1974 3460 2077 3517 est,
2120 3461 2177 3505 ut
2204 3452 2254 3505 id
2284 3468 2385 3506 non
2420 3454 2629 3507 mortali
2664 3456 2895 3523 cuipiam
2917 3495 2933 3519 ,
2959 3457 3050 3510 sed
3084 3456 3213 3521 Deo,
3245 3467 3301 3510 et

1742 3544 1963 3597 deorum
1991 3542 2391 3611 sapientissimo
2416 3545 2818 3598 attribuendum
2848 3545 3194 3599 existimarit.
3226 3547 3301 3598 Ac

1742 3635 1871 3688 mihi
1893 3621 2041 3689 idem
2075 3651 2294 3705 prorsus
2323 3637 2591 3691 accidisse
2620 3638 2817 3699 sentio,
2846 3638 2986 3706 quod
3015 3638 3303 3708 navigandi

1745 3726 2097 3783 insolentibus
2138 3744 2236 3782 usu
2285 3729 2471 3781 venire
2501 3728 2671 3794 solet;
2718 3728 2809 3797 qui
2858 3729 3222 3783 allubescente
3272 3744 3303 3782 e

77 3825 277 3880 bendum
313 3835 398 3881 est
418 3866 434 3890 ,
480 3841 555 3879 ex
608 3823 909 3877 alienarum
942 3823 1375 3877 lucubrationum
1408 3824 1638 3876 insecta-
1667 3795 1710 3852 ο
1747 3822 1887 3867 terra
1911 3816 2077 3869 maris
2097 3825 2313 3884 aspectu
2342 3817 2473 3869 mira
2494 3832 2617 3870 cum
2643 3817 2806 3871 animi
2828 3817 3101 3887 voluptate
3122 3820 3300 3872 navim

72 3918 189 3972 tione
230 3935 294 3974 ac
330 3918 710 3988 depressione
742 3929 1020 3977 crescere,
1068 3915 1379 3983 aditumque
1424 3914 1523 3967 sibi
1574 3913 1640 3968 ad

73 4010 319 4065 hominum
369 4012 596 4065 famam
654 4009 867 4063 munire
915 4007 1102 4062 velle:
1152 4007 1224 4060 ita
1266 4023 1386 4060 cum
1439 4006 1641 4075 publici

68 4106 303 4159 commodi
331 4120 514 4160 causa
549 4103 611 4157 id
643 4100 915 4169 postulat,
959 4100 1160 4154 nemini
1198 4100 1327 4153 vitio
1366 4100 1501 4153 verti
1541 4097 1640 4151 de-

68 4195 167 4259 bet,
211 4213 323 4251 rem
357 4197 433 4251 ab
480 4196 626 4253 aliis
677 4201 964 4247 tractatam
1016 4199 1340 4256 retractare,
1386 4206 1449 4244 ac
1496 4190 1641 4242 velut

62 4286 143 4341 sub
177 4288 433 4343 incudem
494 4300 792 4341 revocare.
836 4284 1007 4339 Nimis
1044 4284 1189 4339 enim
1245 4283 1485 4351 profecto
1539 4282 1641 4337 sibi

65 4389 250 4445 arrogat
278 4379 376 4448 qni
418 4374 780 4432 contumelia
815 4388 875 4429 se
912 4374 1051 4429 allici
1082 4382 1301 4441 censet,
1335 4374 1378 4428 si
1411 4373 1533 4441 quis
1558 4372 1646 4425 vel

60 4484 157 4535 qua:
200 4472 314 4540 ipse
361 4467 723 4541 scripserit,
768 4468 1058 4521 emendare
1099 4482 1161 4521 ac
1209 4464 1520 4534 perpolire,
1564 4462 1646 4516 vel

60 4564 194 4616 etiam
227 4564 414 4617 eidem
450 4559 720 4615 ritaterite
744 4599 759 4624 ,
801 4560 847 4612 si
886 4558 937 4612 id
982 4574 1012 4613 e
1047 4573 1105 4612 re
1134 4557 1394 4612 litteraria
1426 4557 1537 4609 fore
1566 4556 1647 4608 vi-

58 4650 239 4721 deatur,
286 4652 630 4710 secundam
673 4663 894 4703 manum
930 4647 1179 4702 admoliri
1216 4647 1404 4699 audeat
1443 4664 1455 4698 :
1491 4645 1646 4698 modo

59 4745 153 4799 dum
186 4747 293 4801 illae
336 4747 677 4801 teterrimae
706 4751 888 4811 pestes
926 4740 1114 4811 procul
1159 4747 1464 4802 arceantur,
1513 4737 1648 4790 livor

56 4847 96 4891 et
117 4840 467 4897 obtrectandi
498 4838 786 4896 studium.
817 4836 971 4904 Quod
1002 4850 1124 4889 cum
1156 4835 1209 4887 in
1240 4833 1387 4888 omni
1414 4831 1646 4898 scripto-

54 4946 150 4985 rum
182 4950 390 5003 genere
425 4935 729 4987 hactenus
759 4928 972 4983 licuerit
1001 4925 1125 4998 (nec
1159 4925 1302 4980 enim
1340 4924 1456 4979 sine
1488 4937 1646 4977 causa

54 5020 340 5080 Grecorum
368 5022 703 5095 proverbio
728 5019 943 5082 dicitur,
971 5017 1227 5088 δευτέρας
1248 5015 1534 5087 φροντίδας
1560 5030 1648 5065 σο-

52 5118 273 5186 ςωτέρας
316 5114 530 5183 εἶναι),
568 5125 696 5167 tum
736 5125 869 5165 vero
914 5111 964 5163 in
1009 5107 1434 5162 traductionibus
1477 5104 1644 5158 multo

45 5204 217 5271 iustius
251 5205 716 5264 concedendum
744 5213 860 5269 est;
902 5216 1127 5270 quarum
1167 5198 1321 5267 copia
1366 5206 1526 5266 atque
1563 5196 1644 5250 di-

49 5302 278 5362 versitas,
314 5312 378 5353 ut
425 5296 591 5353 nihil
626 5293 774 5348 aliud
824 5292 1073 5347 utilitatis
1116 5291 1323 5360 pariat,
1370 5290 1472 5343 hoc
1500 5296 1671 5342 certe,

48 5391 292 5444 commodi
331 5389 521 5443 affert
545 5426 563 5451 ,
619 5382 769 5452 quod
798 5398 865 5437 ex
894 5381 1123 5450 plurium
1158 5380 1509 5446 interpretum
1540 5374 1651 5428 col-

44 5479 223 5537 latione
252 5482 529 5536 auctoris
562 5474 851 5531 sententia
892 5472 1092 5529 clarius
1130 5469 1405 5524 elucescit.
1453 5466 1542 5520 Sic
1575 5464 1652 5517 vi-

45 5571 211 5628 demus
262 5590 293 5627 a
348 5572 585 5642 priscis
647 5566 755 5620 illis
802 5564 1055 5619 Ecclesia:
1085 5559 1396 5615 doctoribus
1425 5557 1652 5610 libenter

41 5665 333 5722 factitatum
360 5678 535 5725 esse,
565 5668 640 5713 ut
673 5667 865 5726 praeter
888 5655 1118 5710 nubilem
1144 5652 1285 5706 illam
1314 5646 1653 5717 septuaginta

97 5802 136 5831 ⁸⁸
164 5800 299 5857 Luc.
336 5813 463 5861 uv,
507 5792 619 5849 28.

1746 3906 2138 3976 ingrediuntur,
2176 3908 2279 3962 laeti
2310 3910 2473 3963 etiam
2518 3920 2573 3965 et
2618 3910 2826 3965 alacres
2872 3912 3051 3967 littora
3100 3914 3302 3983 legunt,

1745 3999 1921 4067 quoad
1958 4000 2009 4054 in
2038 4001 2202 4054 altqu
2234 4004 2504 4071 pervecti,
2555 4004 2815 4058 subducta
2859 4005 2968 4075 iam
3018 4007 3166 4059 omni
3216 4007 3303 4060 illa

1698 4138 1701 4141 ,
1746 4092 2076 4147 amoenitatis
2124 4094 2333 4161 specie,
2373 4095 2424 4147 in
2461 4096 2808 4162 gravissimos
2848 4097 3044 4165 capitis
3091 4096 3302 4152 dolores

1748 4183 2009 4251 incidunt,
2037 4199 2346 4254 nauseaque
2367 4186 2561 4240 misere
2586 4186 2925 4241 divexantur.
2954 4188 3032 4241 Ad
3054 4191 3299 4243 eumdem

1746 4275 1889 4329 enim
1918 4275 2031 4344 ipse
2060 4291 2270 4346 quoque
2301 4277 2515 4330 modum
2543 4277 2595 4331 in
2625 4278 2724 4332 hac
2773 4278 3109 4333 traductione
3130 4320 3145 4344 ,
3181 4295 3302 4333 cum

1747 4365 1905 4433 primi
1930 4366 2107 4421 aditus
2133 4366 2394 4422 facilitate
2424 4368 2635 4423 illectus
2664 4375 2718 4422 et
2750 4370 3050 4433 inescatus,
3080 4369 3303 4437 iuvenili

1748 4457 1978 4525 quodam
2012 4458 2176 4511 animi
2210 4458 2406 4512 ardore
2440 4474 2503 4511 ac
2533 4460 2796 4528 praecipiti
2827 4460 3031 4529 impetu
3070 4462 3301 4514 stadium

1748 4563 1914 4601 unum
1944 4559 2104 4616 atque
2137 4550 2363 4604 alterum
2399 4566 2649 4605 emensus
2678 4550 2898 4606 fuissem
2929 4569 2945 4606 :
2982 4554 3052 4606 ita
3084 4564 3306 4621 repente

1750 4637 1955 4693 lubrica
1984 4642 2164 4693 omnia
2198 4656 2548 4711 gressumque
2591 4642 2865 4707 fallentia,
2910 4645 2980 4696 ita
3028 4659 3215 4712 aspera
3251 4658 3305 4699 et

1749 4727 2022 4783 salebrosa
2049 4732 2247 4799 reperi,
2267 4742 2443 4785 utnec
2468 4733 2674 4802 regredi
2695 4732 2806 4799 iam
2830 4745 2940 4802 prte
2962 4735 3184 4803 pudore,
3206 4752 3305 4791 nec

1749 4821 1996 4888 progredi
2033 4820 2147 4874 sine
2186 4822 2426 4889 periculo
2462 4837 2694 4888 possem.
2730 4822 2960 4877 Tantum
3006 4826 3060 4885 in
3110 4842 3195 4879 me
3230 4837 3305 4880 te-

1750 4918 1970 4972 meritas
2000 4915 2187 4979 valuit,
2218 4931 2337 4984 qua:
2376 4931 2479 4969 non
2508 4915 2684 4968 minus
2709 4930 2869 4983 quam
2900 4915 3157 4980 ebrietas,
3183 4931 3302 4983 spes

1744 5003 1897 5071 iubet
1930 5018 2050 5058 esse
2096 5011 2278 5067 ratas,
2320 5003 2372 5054 in
2414 5002 2594 5069 praelia
2632 5002 2801 5057 trudit
2832 5005 3126 5057 inermem!
3164 5006 3305 5057 luer-

1750 5111 1890 5150 mem
1919 5095 2063 5149 enim
2092 5094 2249 5163 plane
2280 5110 2361 5149 me
2386 5109 2505 5148 esse
2538 5094 2734 5160 lateor,
2754 5095 2896 5165 quod
2924 5097 3133 5164 quidem
3162 5098 3227 5151 ad
3257 5100 3307 5149 id

1754 5186 1981 5249 attinet,
2033 5194 2092 5238 ut
2143 5201 2264 5239 cum
2314 5195 2462 5239 tanto
2516 5185 2713 5240 Milone
2744 5196 2977 5255 quantus
3012 5199 3093 5241 est
3126 5198 3311 5241 noster

1753 5276 2045 5346 Gregorius
2077 5275 2339 5330 facundiae
2362 5277 2657 5330 certamine
2678 5275 2941 5330 dimicare
2963 5292 3172 5344 queam,
3198 5279 3310 5331 cxi-

1750 5368 1991 5437 miasque
2021 5368 2187 5436 ipsius
2214 5368 2366 5422 dotes
2400 5366 2591 5420 Latina
2628 5367 2873 5421 oratione
2902 5382 3307 5436 reprzesentare.

1752 5460 1923 5527 Atque
1953 5460 2094 5514 haud
2122 5460 2235 5515 scio
2264 5475 2328 5512 an
2376 5459 2661 5527 quisquam
2701 5458 2772 5512 sit
2802 5467 2950 5512 tanta
2994 5460 3202 5513 dicendi
3234 5459 3314 5513 fa-

1752 5551 1950 5605 cultate
1974 5567 2037 5606 ac
2059 5552 2344 5606 verborum
2371 5551 2522 5619 copia
2554 5550 2833 5617 praeditus,
2863 5550 2953 5618 qui
2983 5559 3087 5604 tam
3120 5552 3315 5606 uberes

1752 5653 1805 5696 et
1835 5644 2082 5713 profusas
2108 5645 2426 5714 eloquentia:
2462 5656 2591 5711 opes
2619 5642 2691 5696 ita
2720 5657 2750 5696 e
2779 5640 2985 5697 Graecia
3017 5642 3070 5697 in
3105 5642 3311 5697 Latimr

3306 5796 3319 5833 l
