3824 6394
519 349 622 373 ηοω

518 374 625 403 Uda

1578 344 1816 401 JACOBI
1860 345 2061 400 BILLII
2101 346 2634 402 PlirEFATlONES.
3410 404 3425 418 ‘
3618 365 3694 422 εδδ

522 476 807 535 asportare
837 465 1025 533 possit,
1059 474 1116 516 ut
1146 478 1251 517 non
1287 474 1509 515 nnntum
1554 464 1660 517 illis
1685 464 1871 533 gratia:
1898 465 2090 533 pretii-
2128 476 2167 527 Α
2199 477 2318 520 ctus
2347 482 2488 530 sum,
2517 464 2783 536 permulta
2808 478 2978 534 eaque
3001 464 3408 535 castigatissima
3433 476 3695 543 exemplaria

518 574 623 629 que
646 575 708 613 ex
736 557 1039 627 huiusmodi
1068 556 1465 611 transvectione
1488 555 1739 629 decedat,
1760 566 2093 626 cogaturque

523 652 736 705 tandem
761 651 859 703 hoc
885 648 1101 703 llomeri
1128 663 1287 702 versu
1312 649 1411 710 uti,

662 788 946 855 Δυστήνων
967 785 1023 837 δέ
1048 802 1106 837 τε
1136 784 1323 847 παῖδες
1352 784 1424 855 ἐῷ
1450 785 1602 853 μένει
1628 785 1901 838 ἀντιόωσι.

592 920 723 973 Nam
789 936 909 974 cum
940 919 1085 972 nulla
1142 918 1320 987 lingua
1365 928 1475 971 tam
1508 918 1662 987 inops
1694 928 1854 987 atque
1908 921 2092 991 jejuna

522 1013 631 1076 sit,
689 1012 816 1081 quin
853 1012 1147 1081 permultas
1185 1027 1345 1066 voces
1403 1010 1623 1077 habeat,
1665 1027 1785 1080 qua:
1844 1013 1897 1066 in
1934 1014 2093 1067 aliam

521 1102 755 1172 linguam
832 1104 947 1156 sine
1021 1102 1243 1156 molesto
1292 1102 1578 1156 verborum
1642 1104 1872 1157 circuitu
1932 1115 2096 1171 atque

521 1196 799 1265 elegantiae
850 1195 1134 1266 dispendio
1173 1194 1451 1249 transferri
1518 1206 1808 1263 nequeant,
1844 1197 1971 1265 quid
2009 1197 2095 1250 hic

521 1302 644 1341 cum
686 1302 750 1341 eo
814 1299 1033 1342 auctore
1090 1288 1355 1356 interpres
1418 1286 1610 1351 faciet,
1656 1287 1746 1355 qui
1794 1289 1845 1341 in
1912 1288 2093 1357 copio-

523 1380 737 1433 sissima
770 1394 833 1433 ac
862 1380 977 1433 sine
1008 1378 1171 1433 dubio
1195 1378 1434 1432 omnium
1464 1378 1889 1447 locopletissima
1916 1378 2095 1445 lingua

522 1473 811 1525 verborum
838 1471 1074 1540 argutias
1096 1471 1449 1539 undecunque
1474 1480 1653 1538 captat
1678 1486 1693 1525 ;
1722 1480 1779 1523 ιιι
1800 1480 1932 1539 quot
1955 1469 2096 1538 ejuso

524 1564 667 1617 modi
696 1579 859 1618 voces
893 1563 1126 1618 orationi
1163 1565 1476 1632 asperserit,
1512 1572 1589 1617 tot
1624 1578 1759 1633 pene
1789 1578 1978 1618 cruces
2010 1563 2094 1617 in-

526 1657 749 1722 terpreti
781 1658 965 1711 fixisse
995 1657 1259 1711 videatur.

595 1749 734 1814 Quid
753 1750 818 1803 de
841 1750 1065 1816 prolixis
1089 1749 1191 1803 illis
1214 1750 1449 1818 periodis
1470 1751 1665 1819 dicam,
1692 1767 1809 1820 qua:
1834 1762 1887 1804 ut
1908 1749 2096 1805 ϐιωρο

531 1843 769 1897 sermoni
804 1842 874 1896 ob
904 1844 1255 1897 connectendi
1287 1843 1602 1898 facilitatem
1632 1861 1736 1898 non
1770 1860 1957 1913 parum
1980 1859 2098 1912 gra-
2130 1824 2172 1877 Β

525 1940 614 1990 tite
638 1946 800 2004 atque
833 1936 1137 1989 ornamenti
1175 1934 1438 2001 afferunt,
1478 1939 1549 1989 ita
1587 1952 1706 1990 cum
1742 1936 1933 1990 Latine
1967 1934 2096 1990 effe-

523 2033 733 2092 runtur,
764 2025 987 2080 nimium
1018 2027 1106 2080 diu
1140 2042 1458 2093 suspensum
1490 2028 1710 2082 lectoris
1744 2029 1984 2081 animum
2020 2039 2097 2080 te-

524 2129 670 2179 nent,
703 2133 799 2171 nec
822 2117 936 2171 sine
960 2118 1190 2186 quodam
1222 2117 1436 2172 fastidio
1472 2120 1931 2173 transmittuntur.
1961 2118 2082 2171 Jam

521 2225 653 2265 vero
681 2209 1017 2264 brevissima:
1048 2209 1151 2263 illa:
1179 2210 1471 2265 allusiones
1500 2226 1618 2278 qua:
1652 2222 1765 2267 toto
1794 2227 1957 2281 opere
1995 2230 2093 2266 nn-

522 2303 687 2370 dique
712 2316 913 2370 sparsze
942 2310 1105 2367 sunt,
1149 2316 1311 2370 quam
1347 2312 1613 2356 attentum
1659 2318 1722 2357 ac
1754 2303 2095 2372 diligentem,

522 2409 683 2464 quam
715 2409 821 2449 non
850 2394 1007 2448 modo
1038 2393 1219 2448 multa:
1244 2394 1496 2449 lectionis
1520 2434 1536 2460 ,
1569 2396 1663 2450 sed
1708 2396 1872 2449 etiam
1925 2395 2099 2451 felicis

522 2487 802 2556 cujusdam
848 2487 1123 2542 memoriae
1165 2487 1511 2555 interpretem
1554 2489 1870 2556 requirunt,
1912 2497 2099 2556 utpote

524 2595 643 2648 quae
669 2578 753 2633 vel
785 2580 1046 2649 ignorata:
1078 2579 1162 2633 vel
1196 2580 1481 2649 neglectim
1520 2590 1881 2645 transcursae,
1918 2590 2098 2635 tantas

525 2685 916 2739 nonnunquam
941 2670 1224 2739 interpreti
1252 2671 1503 2725 tenebras
1537 2670 1847 2736 offundunt,
1878 2682 1935 2727 ut
1967 2674 2099 2741 psit-

524 2764 630 2817 taci
654 2778 803 2817 more
824 2764 950 2831 quid
976 2763 1227 2832 loquatur
1257 2764 1485 2829 ineSciat,
1514 2774 1673 2833 atque
1697 2775 1755 2817 ut
1776 2762 1895 2819 Jobi
1917 2766 2097 2819 verbis

523 2865 667 2916 utar,
700 2854 878 2917 ἄλλοις
909 2856 1137 2926 νήχηται
1171 2854 1349 2923 λόγοις
1372 2894 1386 2918 ,
1431 2871 1597 2924 seque
1637 2857 1783 2911 velut
1825 2858 1877 2912 in
1923 2858 2099 2914 alieno

523 2949 662 3005 ccelo
690 2963 808 3002 esse
839 2947 1175 3001 arbitretur?
1218 2946 1293 3001 Ex
1324 2963 1432 3016 quo
1472 2950 1608 3002 satis
1653 2961 1875 3017 apparet
1903 2950 2098 3019 quibus

524 3041 791 3113 przesidiis
822 3040 1145 3096 instructum
1177 3055 1298 3093 eum
1331 3058 1451 3094 esse
1482 3051 1759 3108 oporteat,
1788 3041 1881 3110 qui
1914 3043 1965 3095 in
2007 3042 2099 3096 hu-

518 3134 755 3202 jusniodi
782 3132 1001 3202 scriptis
1029 3130 1422 3187 transferendis
1444 3134 1717 3202 specimen
1744 3134 1826 3188 sui
1859 3134 2098 3203 praebere

525 3228 694 3297 cupit.
753 3225 867 3280 lluc
916 3225 1159 3291 accedit,
1215 3227 1358 3295 quod
1418 3226 1744 3295 peculiarem
1810 3228 2099 3296 quamdam

523 3321 763 3388 plirasim
814 3319 975 3373 habet
1023 3317 1354 3389 Gregorius,
1412 3319 1828 3374 disertissimam
1883 3319 2101 3389 quidem

525 3414 670 3467 illam
707 3422 866 3481 atque
896 3412 946 3464 in
981 3413 1168 3480 primis
1197 3412 1489 3476 eruditam,
1519 3412 1612 3465 sed
1647 3428 1766 3481 qua:
1790 3411 1873 3466 vel
1898 3412 2104 3481 perspi-

527 3502 847 3558 cacissimos
879 3501 1191 3570 interpretis
1223 3501 1410 3556 oculos
1443 3515 1815 3568 saepenumero
1848 3501 2107 3569 perstrin-

530 3608 653 3668 gat,
698 3605 758 3650 ut
798 3595 900 3649 nisi
929 3608 1194 3648 summam
1232 3609 1416 3647 curam
1465 3592 2105 3662 animadversionemque

532 3687 874 3752 adhibuerit,
913 3685 1368 3755 quemadmodum
1414 3683 1566 3737 Ixion
1608 3683 1698 3738 ille
1728 3699 1826 3752 pro
1857 3685 2104 3742 adamata

530 3781 742 3836 Junone
766 3779 987 3841 nubem,
1020 3778 1102 3832 sic
1138 3777 1252 3845 ipse
1283 3791 1380 3847 pro
1410 3790 1535 3829 vera
1572 3776 1812 3831 auctoris
1838 3778 2104 3831 sententia

531 3889 636 3927 non
671 3872 772 3927 nisi
807 3871 978 3925 levem
1012 3872 1301 3938 quamdam
1341 3876 1394 3921 et
1425 3868 1635 3920 inanem
1666 3866 1954 3922 verborum
1986 3885 2105 3923 uni-

527 3966 683 4019 bram
738 3964 1112 4032 amplectatur.
1171 3959 1240 4014 Ut
1291 3961 1433 4013 enim
1475 3959 1675 4013 Daedali
1720 3968 1965 4027 statuas,
2003 3963 2107 4017 nisi

532 4056 861 4110 firmissimis
884 4054 1112 4109 vinculis
1138 4053 1587 4121 astringerentur,
1624 4052 1804 4124 fugam
1830 4054 2108 4123 corripere

532 4148 717 4202 solitas
746 4161 867 4201 esse
914 4146 1101 4201 scribit
1144 4144 1295 4197 Plato
1345 4157 1359 4195 :
1406 4143 1479 4196 ita
1516 4160 1809 4212 germanus
1850 4143 2108 4215 'l‘heologi

534 4256 726 4293 sensus
760 4239 865 4293 nisi
910 4237 1213 4292 arctissima
1254 4237 1550 4290 attentione
1584 4250 1648 4289 ac
1679 4236 1957 4306 diligentia
1992 4238 2110 4291 vin-

534 4332 726 4395 ciatur,
770 4329 1052 4399 interpreti
1098 4330 1253 4397 quasi
1296 4330 1363 4381 de
1395 4327 1646 4381 manibus
1683 4327 1932 4382 elabitur.
1979 4326 2109 4394 Qua:

533 4427 712 4480 omnia
764 4440 887 4479 cum
926 4438 1009 4477 me
1044 4424 1197 4476 miris
1244 4421 1416 4475 modis
1471 4420 1758 4484 torserint,
1811 4432 1920 4475 tum
1980 4422 2107 4476 illud

532 4519 692 4589 longe
728 4515 1099 4573 vehementius
1121 4515 1357 4568 animum
1389 4513 1725 4567 exeruciavit
1748 4552 1763 4576 ,
1801 4514 1943 4581 quod
1971 4511 2107 4566 ller-

535 4615 798 4683 vagianus
840 4610 1046 4672 codex,
1091 4608 1180 4675 qui
1231 4620 1368 4660 unus
1399 4606 1752 4674 suppetebat,
1786 4616 1863 4659 tot
1894 4618 2110 4673 tamque

536 4704 693 4759 l'tedis
731 4701 1011 4758 erroribus
1036 4699 1299 4760 scatebat,
1333 4707 1391 4749 ut
1415 4696 1478 4749 ad
1505 4697 1605 4750 hoc
1628 4695 1814 4763 Augiaa
1839 4695 2107 4748 stabulum

538 4796 935 4867 repurgandum
982 4809 1089 4847 non
1135 4808 1240 4845 uno
1289 4790 1520 4845 llercule
1569 4804 1705 4859 opus
1737 4774 1898 4843 esset.
1954 4787 2109 4841 Nulla

537 4891 747 4955 oratio,
773 4886 921 4941 nulla
957 4884 1340 4955 propemodum
1382 4882 1573 4951 pagina
1601 4880 1935 4949 gravissimis
1966 4894 2110 4934 men-

538 4984 620 5035 dis
655 4979 912 5043 vacabat;
946 4973 1289 5044 ὀλοσώματος
1313 5014 1327 5037 ,
1377 4982 1435 5025 ιιι
1483 4973 1552 5025 ita
1591 4972 1797 5036 dicam,
1838 4981 1954 5024 erat
1996 4970 2110 5024 haec

538 5076 717 5143 plaga.
770 5069 1032 5136 Quocirca
1087 5083 1208 5121 cum
1254 5064 1548 5133 deploratis
1598 5062 1799 5118 morbis
1846 5063 2109 5117 medicam

538 5179 757 5218 manum
806 5162 1093 5215 admovere
1145 5156 1339 5212 medici
1386 5165 1604 5219 vetent,
1648 5170 1715 5210 ne
1746 5155 1861 5223 ipse
1889 5155 2108 5224 quidem

536 5272 755 5311 causam
788 5254 945 5308 ullam
979 5266 1101 5308 esse
1134 5249 1352 5320 putavi,
1379 5262 1475 5302 cur
1501 5249 1552 5300 in
1588 5258 1697 5301 tam
1734 5255 1991 5316 corrupto
2024 5257 2110 5299 at-

538 5366 641 5414 que
680 5346 963 5401 insanabili
996 5344 1181 5399 codice
1208 5344 1408 5396 diutius
1446 5357 1532 5395 me
1574 5340 1721 5394 inani
1762 5339 1947 5394 labore
1980 5354 2111 5393 con-

540 5443 777 5493 ficerent.

610 5530 895 5599 Tantisper
924 5531 1108 5598 itaque
1144 5526 1274 5581 mihi
1313 5527 1385 5579 ab
1420 5526 1630 5593 incepta
1664 5525 1911 5578 versione
1957 5523 2110 5591 quie-

536 5631 644 5674 tem
678 5622 970 5689 imperavi,
1002 5621 1177 5688 quoad
1217 5617 1281 5670 ab
1316 5616 1495 5669 amico
1519 5615 1751 5683 quodam
1784 5614 1985 5669 certior
2028 5614 2106 5664 fa-

607 5798 719 5865 (76)
758 5798 901 5867 Soph
932 5838 945 5865 ,
1001 5797 1177 5864 Μαίη
1208 5808 1349 5850 ιω.
1384 5792 1507 5849 878.

2197 560 2254 613 in
2310 558 2696 613 illustrissimte
2744 557 2942 627 regina:
2979 557 3303 613 bibliotheca
3346 574 3489 624 esse,
3521 580 3699 633 quorum

2196 668 2300 721 ope
2338 664 2501 721 atque
2542 652 2852 720 adjumento
2882 650 3277 705 insanabilibus
3305 651 3488 723 alioqui
3521 661 3702 717 vulneri-

2197 744 2297 800 bus
2330 744 2652 798 medicinam
2691 742 2885 798 afferre
2929 758 3165 814 possem.
3217 742 3332 810 Quo
3379 749 3552 803 nuntio
3579 768 3702 822 supra

2197 851 2357 903 quam
2389 836 2494 889 dici
2530 846 2695 903 queat
2725 836 3049 899 oblectatus,
3085 850 3181 903 per
3212 835 3562 893 doctissimum
3583 855 3704 911 atque

2198 926 2647 980 humanissimum
2674 925 2849 978 virum
2890 923 3223 977 Ludovicum
3261 922 3522 992 Busazum,
3544 930 3702 997 regium

2197 1018 2581 1081 confessorem,
2622 1019 2765 1072 haud
2810 1031 3007 1087 magno
3046 1018 3263 1087 negotio
3292 1032 3321 1071 a
3366 1022 3536 1086 regina
3577 1022 3706 1089 impe-

2188 1111 2358 1173 travi,
2387 1118 2445 1164 ut
2480 1110 2610 1163 mihi
2639 1108 2827 1164 liceret
2851 1109 3094 1165 codicem
3126 1124 3287 1163 unum
3326 1107 3458 1169 (nec
3482 1110 3605 1164 enim
3625 1113 3708 1179 plu-

2200 1219 2286 1258 rcs
2328 1202 2488 1257 simul
2536 1217 2691 1265 passa
2732 1202 2848 1271 est)
2893 1217 2959 1255 ex
2993 1201 3161 1271 ipsius
3194 1199 3504 1255 bibliotheca
3546 1218 3709 1258 mecum

2198 1294 2406 1349 efferre.
2428 1292 2548 1347 Tuli
2574 1294 2735 1363 igitur
2761 1291 3152 1362 amplissimum
3185 1290 3424 1345 codicem
3447 1292 3711 1358 capitalibus

2199 1383 2392 1441 litteris
2423 1398 2737 1449 exaratum,
2788 1395 2998 1440 tantum
3056 1384 3399 1451 antiquitatis
3444 1400 3546 1453 pra:
3580 1399 3627 1438 se
3658 1384 3715 1440 [ει

2202 1490 2429 1543 rentem,
2466 1489 2525 1532 ut
2555 1478 2726 1547 ipsius
2752 1475 3145 1546 propemodum
3174 1473 3421 1542 Gregorii
3448 1485 3589 1528 artata
3614 1476 3714 1530 scri-

2200 1582 2322 1641 ptus
2345 1584 2467 1626 esse
2496 1570 2775 1624 videretur
2801 1586 2814 1623 :
2846 1569 2956 1638 qui,
2991 1578 3188 1637 praeter
3210 1566 3465 1635 epistolas
3486 1577 3535 1621 et
3557 1583 3715 1633 versus,

2197 1661 2377 1716 omnia
2406 1661 2576 1731 ipsius
2605 1675 2767 1729 opera
2805 1656 3140 1714 continebat.
3182 1658 3353 1723 Quem
3396 1673 3511 1711 cum
3553 1658 3718 1726 paucis-

2201 1754 2353 1808 simis
2391 1753 2579 1807 diebus
2624 1750 2928 1806 incredibili
2970 1749 3249 1805 celeritate
3295 1748 3723 1817 pet-legissem,“

2198 1860 2374 1914 eoque
2404 1846 2691 1900 innumera
2729 1843 2846 1899 loca
2884 1859 3004 1913 qua:
3032 1844 3083 1896 in
3117 1842 3383 1910 impresso
3410 1842 3590 1897 vitiose
3617 1841 3723 1911 lege-

2196 1937 2415 2001 bantur,
2470 1936 2767 2006 integritati
2812 1950 2925 1990 sna:
2973 1934 3365 1997 restituisscm,
3414 1933 3587 1989 statim
3633 1950 3724 1987 eum

2198 2029 2441 2083 Athenas
2472 2026 2601 2096 (quo
2631 2027 2773 2081 enim
2807 2026 2913 2081 alio
2946 2026 3169 2080 nomine
3193 2024 3609 2090 incomparabile
3631 2023 3724 2075 illud

2200 2123 2461 2176 bonarum
2493 2121 2737 2176 onmium
2764 2119 3069 2173 litterarum
3112 2116 3556 2187 gazophylacium
3591 2115 3727 2185 appel-

2198 2215 2379 2287 lem?)
2415 2214 2756 2270 referendum
2789 2212 2976 2278 habui,
3004 2222 3063 2266 ut
3093 2211 3323 2267 alterum
3353 2209 3614 2279 exemplar
3640 2211 3727 2262 inde

2201 2324 2387 2363 rursus
2414 2306 2706 2362 auferrem.
2736 2306 2793 2360 In
2835 2306 2939 2360 hoc
2965 2304 3242 2359 sexdecim
3272 2304 3537 2357 duntaxat
3565 2301 3729 2355 oratio-

2200 2419 2296 2458 nes
2318 2414 2505 2470 erant,
2540 2400 2875 2457 doctissimis
2910 2397 3114 2453 Nicette
3154 2395 3404 2452 Serronii
3452 2404 3729 2449 commenta-

2202 2497 2299 2550 riis
2332 2495 2635 2558 illustrataa,
2660 2491 2883 2547 intextis
2904 2490 3067 2544 etiam
3089 2487 3414 2559 quibusdam
3444 2485 3591 2542 Pselli
3611 2500 3731 2539 enar-

2203 2588 2503 2643 rationibus
2532 2586 2585 2639 in
2613 2585 2928 2640 obscuriora
2970 2582 3087 2637 loca
3133 2581 3392 2637 secunda:
3423 2578 3658 2634 orationis
3680 2576 3734 2630 De

2203 2676 2479 2732 Paschate.
2500 2676 2616 2742 Quo
2638 2675 2853 2744 quidem
2884 2672 3158 2728 volumine
3183 2687 3310 2726 cum
3341 2670 3473 2725 mihi
3504 2684 3590 2738 pro
3608 2667 3733 2723 animi

2200 2768 2464 2821 arbitratu
2501 2766 2574 2820 uti
2608 2764 2821 2829 liceret,
2852 2779 2955 2817 non
2987 2762 3146 2817 modo
3202 2763 3270 2816 ad
3300 2777 3368 2816 ea
3412 2776 3529 2830 qua:
3564 2759 3735 2813 inchoa-

2201 2874 2383 2912 veram
2405 2873 2468 2912 ac
2493 2856 2637 2912 velut
2657 2870 2755 2925 pro
2780 2854 3055 2910 derelictis
3078 2852 3372 2917 habebam,
3389 2852 3735 2923 prosequenda,

2201 2951 2295 3006 sed
2325 2952 2389 3006 ad
2438 2967 2500 3007 ea
2532 2951 2695 3006 etiam
2736 2963 2856 3018 qua:
2903 2946 3121 3003 Nicetas
3162 2955 3567 3001 commentatus
3606 2943 3739 2996 fuerat

2202 3044 2445 3099 Romano
2475 3059 2729 3099 sermone
2760 3042 3011 3098 donanda
3045 3055 3131 3096 me
3162 3039 3405 3094 accinxi.
3447 3036 3554 3091 Nec
3583 3035 3698 3091 enim
3717 3051 3737 3083 ιι

2202 3137 2432 3206 publicis
2468 3136 2768 3192 commodis
2796 3135 3029 3189 alienum
3060 3132 3177 3187 fore
3201 3130 3421 3202 putavi,
3448 3129 3492 3183 si
3522 3139 3742 3182 commen-

2207 3240 2349 3284 tator
2377 3229 2567 3285 Latine
2594 3228 2927 3297 loqueretur,
2952 3225 3043 3295 qui
3067 3225 3316 3280 Grzecum
3342 3221 3609 3276 hominem
3629 3215 3742 3271 Gra-

2204 3336 2302 3375 cns
2332 3321 2447 3389 ipse
2476 3318 2943 3389 interpretandum
2976 3316 3239 3371 duxisset.
3278 3314 3442 3380 Quod
3474 3322 3640 3365 autem
3669 3322 3745 3360 non

2205 3427 2390 3466 omnes
2416 3410 2532 3478 ejus
2565 3409 3025 3473 connncntarios,
3054 3408 3147 3462 sed
3175 3421 3271 3461 eos
3308 3406 3491 3460 solum
3517 3445 3532 3469 ,
3572 3416 3685 3471 quos
3710 3400 3746 3450 in

2209 3505 2562 3576 panegyricus
2591 3503 2865 3558 orationes
2905 3501 3185 3564 ediderat,
3212 3500 3267 3553 in
3308 3510 3485 3553 tctum
3516 3490 3748 3551 converti.

2207 3598 2309 3652 hoc
2345 3582 2449 3652 nOn
2488 3608 2593 3651 tam
2626 3595 2827 3649 laboris
2853 3593 3088 3664 fugiendi
3122 3607 3284 3646 causa
3314 3590 3447 3654 feci,
3473 3604 3622 3659 quam
3643 3584 3749 3653 quod

2208 3704 2449 3755 vererer,
2477 3703 2543 3743 ne
2569 3686 2736 3741 nimia
2762 3687 2877 3740 haec
2906 3694 3090 3758 nostra
3125 3682 3394 3737 sedulitas
3424 3680 3545 3749 plus
3578 3674 3660 3731 tibi
3687 3686 3753 3724 Ia-

2209 3782 2280 3835 dii
2322 3796 2482 3849 quam
2538 3779 2793 3833 utilitatis
2850 3775 3088 3829 afferret.
3133 3773 3226 3829 Sic
3282 3774 3477 3841 itaque
3526 3764 3751 3836 negotium

2209 3870 2529 3940 temperavi,
2556 3879 2612 3921 ut
2643 3883 2736 3923 eas
2766 3867 2985 3937 quidem
3018 3864 3432 3929 enarrationes,
3466 3874 3583 3931 qua:
3608 3854 3665 3909 ad
3692 3866 3754 3904 te-

2211 3982 2325 4020 rum
2374 3964 2551 4034 potius
2596 3977 2758 4030 qnam
2806 3961 3095 4013 verborum
3146 3955 3582 4025 explicationem
3617 3949 3755 4002 facere

2209 4060 2553 4121 videbantur,
2583 4065 2725 4109 totas
2749 4052 2970 4107 Latinas
3000 4052 3229 4106 facerem
3253 4068 3266 4103 :
3293 4064 3366 4103 ex
3392 4049 3463 4104 iis
3485 4056 3651 4100 autem
3670 4053 3757 4109 qua

2217 4166 2323 4204 non
2348 4159 2455 4203 tam
2487 4163 2574 4201 res
2606 4147 2750 4214 ipsas
2768 4142 3130 4213 exponebant,
3155 4156 3320 4209 quam
3346 4135 3617 4214 prationis
3634 4131 3756 4185 verba

2211 4242 2332 4297 aliis
2361 4240 2542 4295 verbis
2574 4237 2951 4307 exprimehant
2973 4274 2987 4298 ,
3035 4232 3325 4286 utilissima
3371 4238 3585 4284 tantum
3611 4235 3760 4279 escer-

2212 4347 2414 4403 perem,
2448 4341 2609 4398 atque
2636 4330 2689 4382 in
2721 4326 3049 4382 scholiorum
3083 4323 3313 4378 formam
3348 4320 3662 4390 redigerem.

2213 4399 2372 4481 etiam
2398 4425 2440 4479 si
2467 4421 2593 4491 quid
2620 4420 2749 4473 mihi
2775 4416 3035 4478 occurrit,
3065 4414 3206 4484 quod
3234 4412 3451 4467 Niceta:
3485 4399 3762 4477 expositioni

2140 4530 2187 4589 ο
2216 4532 2319 4571 non
2341 4513 2677 4570 incommode
2703 4511 2863 4579 adjici
2888 4522 3047 4577 posse
3078 4505 3387 4568 videretur,
3412 4502 3467 4557 id
3497 4512 3691 4571 quoque
3707 4495 3765 4545 ἱιι⁴

2214 4621 2394 4662 serere
2426 4620 2530 4659 non
2559 4601 2796 4657 dubitavi
2825 4618 2838 4653 :
2869 4597 3029 4652 affixo
3051 4606 3229 4650 tamen
3260 4594 3386 4649 fere
3414 4603 3628 4662 semper
3651 4593 3762 4638 aste-

2218 4701 2377 4763 risco,
2412 4706 2468 4750 ut
2500 4705 2686 4749 nostra
2712 4708 2742 4746 a
2770 4690 3042 4745 Nicetanis
3072 4686 3286 4741 facilius
3336 4686 3765 4739 internoscantur.

2215 4788 2368 4855 Quod
2392 4785 2605 4855 quidem
2631 4781 2916 4837 consilium
2936 4787 3178 4834 nostrum
3204 4775 3300 4829 tibi
3329 4775 3500 4829 facile
3525 4770 3765 4855 prolatum

2215 4854 2283 4934 iri
2321 4854 2557 4933 confido.
2602 4877 2778 4943 Atque
2821 4871 2910 4926 hic
2940 4884 3153 4939 quoque
3182 4883 3380 4921 verum
3417 4880 3545 4919 esse
3573 4854 3771 4927 ccinperi

2215 4973 2357 5043 quod
2392 4969 2672 5039 proverbio
2703 4966 3112 5041 Grmcodicitur
3139 4964 3249 5030 (76)
3269 5002 3285 5026 ,
3323 4961 3505 5021 Πόνος
3536 4956 3669 5021 πόνῳ

2210 5082 2297 5118 νον
2332 5062 2507 5133 φέρει.
2534 5058 2603 5115 Ut
2624 5059 2766 5111 enim
2800 5059 3007 5127 primus
3037 5057 3125 5110 ille
3154 5053 3526 5123 Gregoriana:
3551 5044 3772 5101 versiouis

2212 5134 2361 5210 labor
2392 5154 2619 5208 alterum
2647 5150 2882 5205 laborem
2918 5148 3195 5214 suscipere
3217 5187 3232 5210 ,
3268 5146 3385 5198 hoc
3411 5153 3503 5196 est
3522 5182 3537 5205 ,
3568 5140 3770 5193 Nicctam

2211 5245 2420 5301 Latinis
2458 5243 2681 5296 auribus
2731 5239 2989 5294 exhibere
3032 5256 3120 5293 me
3143 5237 3329 5306 coegit
3362 5254 3378 5289 :
3427 5237 3507 5289 ita
3544 5228 3775 5289 secundus

2213 5338 2301 5393 hic
2333 5337 2508 5399 fabor,
2538 5334 2691 5404 quasi
2728 5331 2947 5403 quidam
2979 5330 3294 5400 Eurysteus,
3336 5329 3480 5382 mihi
3515 5323 3630 5379 novi
3657 5321 3773 5373 iabo-

2214 5429 2288 5483 ris
2313 5426 2638 5495 suscipiendi
2669 5424 3050 5479 necessitatem
3076 5408 3364 5490 imposuit.
3392 5420 3563 5474 Venit
3586 5414 3711 5467 enim
3735 5410 3776 5461 in

2216 5530 2447 5573 mentem
2472 5516 2869 5572 subverendum
2894 5528 3033 5577 esse,
3069 5527 3137 5567 nc
3166 5526 3365 5582 parum
3404 5512 3511 5564 sibi
3538 5506 3778 5563 constaret

2216 5610 2301 5664 hic
2334 5619 2515 5663 noster
2544 5607 2720 5673 labor,
2756 5604 2802 5660 si
2840 5603 3162 5673 quibusdam
3190 5584 3552 5655 orationibus
3572 5639 3586 5663 ,
3614 5588 3781 5664 partim
