3824 6394
137 426 218 481 537

1164 419 1397 474 JACOBI
1439 420 2201 487 BILLII‘PRJEFATIONES.

3222 423 3329 475 538

137 545 440 599 contractiore
458 537 1252 607 exposuioue,partimintegro
1270 542 1659 595 commentario
1689 550 1733 603 Λ
1765 542 1983 597 bricata:
2020 541 2195 594 futura
2237 546 2396 603 sunt,
2449 546 2609 606 alque
2640 544 2696 590 ut
2732 536 2903 592 Grmci
2947 536 3132 590 aiunt:
3164 538 3325 591 Οὐδὲν

134 629 402 697 explanatis,
438 629 657 698 reliquae
688 631 833 685 velut
863 631 1045 685 notha:
1071 631 1189 686 sine
1214 632 1319 687 ullo
1346 635 1652 688 annotatio-

134 742 232 783 nuin
271 721 505 776 comitatu
550 722 864 789 prodirent,
922 737 1040 776 cum
1076 730 1248 776 tamen
1282 725 1411 793 ipsa;
1443 740 1654 795 quoque

131 813 441 884 compluribus
470 810 602 867 locis
632 813 813 869 lumen
855 812 1069 884 aliquod
1102 813 1478 883 explicationis
1513 817 1652 871 haud

130 907 256 960 dubie
281 902 589 971 ﬂagitarent.

180 998 297 1065 Ergo
324 995 371 1047 in
402 993 495 1048 has
523 996 685 1049 etiam
733 996 941 1051 scholia
988 996 1299 1051 elucubravi
1322 1040 1336 1063 ,
1369 998 1651 1066 prolixita-

126 1098 210 1143 tem
235 1087 412 1155 ubique
449 1098 709 1155 quantum
753 1087 904 1142 licuit
950 1088 1127 1141 vitans
1157 1104 1170 1140 :
1215 1098 1273 1141 ut.
1301 1088 1346 1141 si
1382 1086 1521 1143 forte
1560 1088 1655 1143 Ni-

124 1191 227 1235 cetae
262 1179 622 1245 interpretatio
652 1161 960 1247 prolixitate
1002 1178 1182 1247 aliqua
1224 1179 1461 1233 animum
1503 1189 1651 1235 tuum

123 1268 347 1325 interdum
376 1266 741 1336 suboﬂ‘endat,
773 1269 890 1325 haec
918 1269 1157 1324 molestia
1193 1268 1515 1324 scholiorum
1558 1284 1654 1324 no—

121 1370 317 1414 strorum
350 1358 608 1413 brevitate
651 1360 912 1414 diluatur.
971 1359 1047 1413 De
1086 1360 1280 1429 quibus
1326 1360 1457 1414 nihil
1511 1360 1654 1415 aliud

121 1453 296 1515 dicam,
327 1451 423 1504 nisi
460 1465 546 1505 me
575 1466 787 1505 summa
834 1468 964 1507 cura
1009 1452 1392 1523 diligentiaque
1432 1461 1654 1507 conten-

120 1544 252 1611 disse,
286 1554 340 1598 ut
381 1544 466 1597 hic
489 1553 681 1601 auctor
711 1544 988 1614 aliquanto
1016 1548 1216 1600 clarior
1246 1554 1299 1600 et
1337 1548 1572 1616 apertior
1600 1549 1650 1600 in

117 1651 274 1692 manus
304 1646 416 1690 tuas
440 1638 767 1704 perveniret.
788 1637 971 1705 Adjeei
991 1646 1254 1708 praeterea
1279 1637 1450 1692 Nonni
1482 1653 1652 1708 Opus—

118 1725 294 1788 cnlum,
332 1739 435 1791 quo
484 1725 740 1794 profanas
777 1729 1031 1782 historias
1066 1737 1121 1782 et
1152 1728 1361 1782 fabulas
1400 1730 1650 1799 exponit,

117 1817 168 1870 de
192 1816 368 1885 quibus
406 1816 479 1887 it.
500 1814 788 1872 luvectivis
819 1818 1082 1873 adversus
1125 1818 1393 1873 Julianum
1423 1821 1651 1888 Aposta—

117 1920 199 1962 tam
249 1911 565 1962 mentionem
620 1908 1274 1982 facitGregoriasqued
1298 1913 1457 1965 etiam
1483 1913 1653 1981 ipsum
1689 1904 1730 1956 Β

113 2002 162 2055 de
182 1999 351 2054 Grteco
381 2001 432 2054 in
471 1999 725 2054 Latinum
761 2005 1147 2058 convertimus.
1186 2003 1315 2057 illud
1345 2015 1521 2057 autem
1560 2020 1653 2058 ve-

112 2092 203 2157 lim,
237 2092 355 2145 mihi
388 2092 564 2146 fraudi
610 2108 676 2147 ne
707 2094 799 2157 sit,
826 2095 967 2163 quod
995 2096 1158 2149 multa
1184 2097 1299 2150 loca
1325 2096 1533 2151 Veteris
1555 2094 1656 2149 Te-

110 2183 327 2236 stamenti
361 2182 523 2235 aliter
560 2185 731 2247 verti,
768 2199 927 2253 quam
972 2185 1024 2237 in
1063 2184 1288 2253 Vulgata
1322 2183 1658 2238 traductione

116 2271 403 2326 habeantur.
430 2271 568 2325 Nam
594 2289 713 2327 cum
738 2275 868 2327 mihi
900 2290 1020 2329 cum
1048 2290 1111 2329 eo
1137 2276 1355 2329 homine
1385 2290 1470 2329 res
1494 2286 1655 2338 esset,

111 2368 185 2434 qui
233 2383 331 2421 non
379 2367 486 2420 alia
542 2383 702 2437 quam
740 2367 881 2422 LXX
922 2368 1277 2438 lnterpretum
1309 2369 1660 2424 translatione

107 2468 332 2525 uteretur,
372 2459 558 2514 decuit
588 2474 673 2513 me
698 2460 972 2529 profecto,
1010 2461 1116 2514 imo
1149 2462 1369 2515 omnino
1401 2462 1658 2529 oportuit,

104 2552 241 2618 ipsius
263 2551 501 2621 vestigiis
529 2551 581 2604 in
611 2552 857 2606 versione
879 2568 995 2607 mea
1023 2553 1296 2620 insistere,
1319 2562 1485 2622 atque
1511 2569 1662 2607 eam-

105 2646 203 2695 dem
238 2645 649 2699 translationem
693 2646 868 2715 sequi.
912 2645 1127 2715 Alioqui
1162 2646 1461 2700 innumeris
1495 2661 1663 2716 prope

106 2731 218 2787 lucis
252 2748 347 2788 nec
376 2734 633 2803 Gregorii
667 2736 957 2805 explicatio
997 2752 1119 2791 cum
1167 2737 1461 2805 Scripturte
1493 2746 1660 2804 textu,

106 2839 186 2878 nec
229 2823 429 2880 Nicetze
476 2828 747 2897 expositio
782 2842 903 2882 cum
934 2827 1220 2899 Gregorii,
1263 2830 1665 2898 Scriptttrmque

104 2916 260 2971 verbis
288 2917 393 2971 ulle
422 2919 592 2973 modo
625 2922 978 2988 quadrasset;
1030 2934 1212 2974 verum
1241 2919 1384 2973 aliud
1414 2920 1539 2973 tibia
1561 2959 1578 2985 ,
1610 2930 1667 2973 ut

106 3009 242 3078 vulgo
267 3010 371 3065 dici
401 3011 568 3074 solet,
604 3013 922 3079 cecinisset,
954 3012 1095 3066 aliud
1123 3027 1217 3083 pes
1251 3013 1523 3068 saltasset.

153 3099 266 3156 Haec
285 3113 433 3168 sunt,
461 3102 685 3168 Lector,
709 3119 827 3173 qua:
853 3105 918 3158 ad
942 3103 1003 3158 D.
1023 3104 1291 3175 Gregorii,
1318 3107 1425 3159 imo
1445 3112 1508 3158 ad
1536 3114 1669 3159 tem-

100 3196 159 3265 pli
182 3199 302 3262 Dei,
339 3199 502 3268 cujus
535 3199 626 3254 ille
659 3199 796 3269 lapis
823 3201 979 3255 vivus
1015 3199 1152 3261 fuit,
1196 3199 1606 3252 exornationem
1639 3212 1666 3248 a

96 3289 232 3345 nobis
276 3292 472 3347 collata
530 3302 699 3347 sunt:
742 3309 862 3362 quae
906 3293 952 3347 si
990 3292 1055 3346 ad
1104 3291 1300 3344 virium
1360 3300 1666 3345 nostrarum

97 3383 346 3439 modulum
374 3387 696 3455 exigantur,
748 3400 853 3438 non
896 3399 1060 3454 parva
1108 3382 1379 3445 fortasse;
1415 3383 1457 3436 si
1491 3390 1669 3434 autem

101 3475 157 3529 ad
189 3476 551 3532 excellentem
602 3475 842 3530 aucturis
887 3475 1203 3544 dignitatem
1252 3473 1669 3543 perpendantur,

103 3566 260 3623 utinus
288 3584 457 3639 quam
491 3568 589 3641 pili
620 3581 944 3638 caprarum,
990 3566 1261 3637 pellesque
1305 3566 1536 3619 arietum
1580 3580 1671 3618 ru-

93 3776 382 3829 ΙΑΚΩΒΟΣ
414 3777 461 3827 0
503 3774 801 3827 ΒΙΛΛΙΟΣ
857 3774 1021 3825 ΤΟΙΣ
1060 3771 1673 3835 ENTEE'EOJIENOIS

620 3845 666 3895 E
680 3846 723 3895 Υ
756 3846 807 3895 ll
812 3845 902 3895 PA
917 3845 1046 3895 TTE
1050 3845 1077 3894 I
1081 3844 1146 3893 Ν.

147 3938 422 3991 Κάλλιστα
450 3938 559 4008 μὲν
590 3936 683 3989 καὶ
710 3934 1122 4004 φιλοσοφώτατοι
1148 3933 1221 4003 τῷ
1250 3934 1420 4005 Σιρὰχ
1442 3934 1672 4005 εἴρηται,

92 4030 173 4098 Μὴ
197 4029 518 4095 ,ϐιάζεσοαι
552 4028 683 4081 δεῖν
717 4028 873 4096 ῥοῦν·
914 4028 1183 4098 ποταμοῦ
1204 4045 1215 4055 ·
1268 4027 1377 4096 ἐγὼ
1407 4028 1463 4080 δὲ
1497 4046 1679 4100 προσ-

92 4120 222 4193 θείην
252 4124 317 4176 ἂν
354 4124 463 4176 οὐκ
498 4121 834 4183 ἀπεικότως,
861 4122 942 4173 ὅτι
981 4122 1115 4192 μηδὲ
1159 4120 1258 4191 τὴν
1299 4120 1480 4190 φύσιν.
1511 4122 1681 4174 Τοῦτο

91 4213 138 4264 δὲ
160 4214 296 4283 λέγω
328 4216 433 4285 οὐχ
466 4212 664 4276 ἁπλῶς
702 4212 957 4276 εἰκάζων,
1002 4213 1122 4265 οὐδὲ
1170 4217 1282 4276 τοῖς
1313 4212 1488 4266 ἄλλων
1536 4214 1683 4265 ὑπο-

89 4304 322 4375 δείγμασι
350 4304 640 4369 πεισθεὶς,
677 4303 791 4357 ἀλλ’
824 4304 960 4375 αὐτῇ
998 4307 1062 4375 τῇ
1096 4305 1263 4375 πείρᾳ
1310 4303 1515 4374 μαθὼν,
1552 4305 1683 4375 ὅσης

90 4399 217 4451 ἐστὶν
239 4399 507 4469 εὐηθείας
540 4399 638 4451 καὶ
672 4397 1034 4466 ματαιότητος
1056 4397 1153 4467 τὴν
1185 4398 1320 4467 πρὸς
1345 4396 1683 4466 ἐπιτήδευμά

86 4504 129 4540 τι
171 4491 511 4563 προσφόρως
550 4489 648 4541 καὶ
692 4487 907 4550 οἰκείως
945 4488 1173 4557 ἔχουσαν
1218 4487 1397 4558 ψυχὴν
1444 4486 1526 4555 ἐφ’
1561 4487 1682 4539 ἐτέ-

1755 634 1782 685 ὁ
1814 631 1994 701 βωμὸς
2023 630 2157 701 πρὸς
2188 628 2245 681 τὸ
2279 628 2440 699 ἱερόν.
2484 627 2711 696 lngenue
2756 628 2897 680 enim
2951 638 3002 680 et
3051 627 3166 681 sine
3221 630 3326 684 ulle
3378 684 3383 691 ,

1753 726 2041 778 verborum
2071 722 2193 776 fuco
2218 721 2407 785 fateor,
2434 730 2638 774 tantum
2666 721 2807 775 inter
2827 720 3071 775 Grzecum
3100 721 3325 775 Nazian-

1756 828 1946 870 zeuum
1980 824 2034 866 et
2059 822 2296 866 nostram
2327 815 2625 866 versionem
2660 811 2951 873 interesse,
2986 822 3041 864 ut
3076 812 3118 865 si
3153 828 3240 866 res
3273 813 3322 865 in

1754 905 2158 961 contentionem
2189 904 2391 969 veniat,
2422 917 2528 957 non
2560 903 2731 973 magis
2758 903 2871 957 [nec
2890 905 2956 957 ad
2984 903 3123 957 illius
3147 904 3325 972 splen-

1754 999 1971 1061 dorem,
2027 1013 2189 1068 quam
2236 1005 2427 1051 noctua
2478 997 2544 1050 ad
2594 998 2923 1051 meridianos
2965 998 3095 1053 solis
3148 998 3326 1052 radios

1753 1090 2055 1144 consistere
2085 1088 2273 1157 possit.
2305 1088 2409 1142 Sed
2450 1103 2571 1142 cum
2600 1086 2847 1142 Christus
2874 1090 2981 1143 duo
3014 1089 3100 1143 illa
3131 1106 3329 1159 panpe-

1753 1179 1831 1232 ris
1858 1178 2030 1232 vidum
2066 1180 2294 1242 minuta,
2321 1176 2668 1246 amplissimis
2697 1178 2858 1231 etiam
2892 1179 3115 1232 divitum
3142 1196 3329 1234 mune-

1755 1270 1942 1334 ribus,
2008 1285 2126 1339 qute
2176 1284 2337 1339 opum
2380 1269 2591 1322 nonnisi
2646 1269 3091 1340 περισσεύματα,
3141 1280 3224 1331 et,
3275 1281 3329 1325 ut

1753 1360 1923 1415 Plauti
1959 1363 2123 1416 verbo
2150 1369 2294 1423 utar,
2323 1359 2674 1429 praesegmina
2713 1359 2956 1428 qumdam
2989 1369 3179 1422 erant,
3211 1360 3329 1429 plu-

1756 1458 1833 1510 ris
1876 1452 2159 1508 aestimarit
2194 1474 2203 1507 :
2244 1453 2401 1506 debet
2448 1450 2692 1520 profecto
2729 1450 2821 1503 tibi
2867 1465 3079 1519 quoque
3119 1460 3328 1520 gratum

1754 1564 1872 1603 esse
1903 1548 1963 1600 τὸ
2000 1546 2139 1600 κατὰ
2169 1545 2395 1613 δύναμιν
2423 1561 2435 1573 ο
2470 1544 2598 1597 libet
2630 1543 2768 1597 enim
2808 1543 2908 1597 hoc
2942 1543 3058 1595 loco
3086 1542 3328 1619 Gregorii

1760 1641 1931 1695 nostri
1964 1639 2123 1693 verba
2154 1651 2435 1705 usurpare.
2462 1634 2643 1704 Iniqua
2676 1635 2818 1688 enim
2844 1649 3061 1703 prorsus
3086 1635 3212 1687 mihi
3236 1635 3331 1688 abs

1758 1743 1807 1787 te
1838 1733 2011 1802 gratia
2050 1731 2394 1799 rependetur.
2434 1729 2476 1781 si
2528 1742 2623 1796 pro
2677 1738 2825 1781 tanto
2867 1728 3047 1782 labore
3086 1728 3333 1782 utilitatis

1757 1835 1858 1879 tua?
1895 1840 2056 1879 causa
2095 1834 2377 1893 suscepto,
2423 1823 2554 1876 nihil
2605 1821 2744 1876 aliud
2786 1837 2944 1890 quam
2985 1824 3333 1877 obtrectatio-

1761 1932 1878 1971 nem
1914 1917 2223 1987 laborisque
2246 1916 2413 1971 nostri
2444 1914 2872 1983 suggillationcm
2898 1913 3118 1970 referas.
3148 1916 3331 1983 Longe

1760 2011 1904 2063 enim
1937 2010 2141 2079 :equius
2185 2024 2246 2062 ac
2280 2008 2588 2064 Christiano
2629 2010 2844 2073 homine
2890 2008 3098 2076 dignius
3145 2017 3227 2061 est
3267 2008 3334 2060 ob

1759 2102 1923 2154 multa
1955 2103 2088 2155 bene
2116 2101 2256 2156 dicta
2284 2101 2346 2154 ad
2375 2102 2616 2170 quaedam
2642 2110 2817 2155 errata
2842 2100 3151 2157 connivere,
3172 2112 3332 2166 quam

1759 2194 1828 2247 ob
1862 2195 2103 2261 quaedam
2138 2204 2314 2245 errata
2364 2204 2533 2247 totum
2581 2208 2715 2263 Opus
2751 2194 3027 2253 lacerare,
3058 2206 3120 2245 ac
3150 2205 3333 2244 scara-

1760 2283 1904 2337 liznos
1932 2284 2165 2345 imitari,
2196 2284 2285 2352 qui
2335 2285 2620 2355 unguentis
2654 2286 2828 2337 minus
2867 2282 3111 2336 delectati
3155 2282 3333 2351 putida

1762 2382 2161 2429 coasectantur.
2185 2374 2501 2444 Quanquam
2530 2391 2631 2428 non
2661 2386 2767 2428 tam
2796 2383 2916 2442 peto
2942 2382 2999 2426 ut
3032 2374 3097 2426 ad
3125 2389 3337 2427 errores

1765 2468 2050 2537 lapsusque
2074 2480 2289 2524 nostros
2320 2470 2631 2533 conniveas,
2665 2484 2824 2537 quam
2867 2479 2922 2520 ut
2962 2468 3029 2520 ab
3068 2468 3338 2520 obtrecta«

1766 2561 1910 2615 tione
1956 2570 2008 2614 et
2058 2561 2429 2615 maledicentia
2492 2570 2778 2629 temperes.
2844 2558 3195 2612 Admouendo
3259 2557 3338 2612 vel

1764 2651 1927 2705 etiam
1976 2653 2297 2721 corrigendo
2343 2668 2406 2706 ea
2457 2655 2509 2707 in
2554 2653 2747 2722 quibus
2773 2666 2984 2707 errasse
3017 2650 3340 2715 videbimur,

1767 2758 1876 2797 rem
1907 2752 1960 2798 et
1989 2743 2119 2797 mihi
2153 2760 2260 2797 non
2310 2745 2611 2811 ingratam,
2660 2755 2711 2799 et
2742 2742 2861 2798 aliis
2903 2742 3088 2797 utilem
3132 2741 3296 2796 facies
3328 2763 3340 2797 ε

1768 2833 2094 2888 oblatrando
2146 2844 2200 2889 et
2241 2836 2623 2890 calumniando
2670 2850 2771 2890 nec
2818 2835 2937 2889 aliis
2983 2834 3261 2904 proderis.
3289 2838 3345 2886 et

1769 2928 1920 2998 gravi
1946 2927 2178 2981 crimine
2204 2930 2433 2997 leipsum
2460 2927 2786 2997 obstringes.
2805 2927 2936 2982 Nam
2960 2942 3079 2981 cum
3098 2925 3345 2979 Christus

1772 3018 1838 3071 iis
1869 3018 2034 3072 etiam
2072 3033 2099 3071 a
2127 3018 2323 3087 quibus
2352 3020 2546 3089 injuria
2580 3020 2734 3074 nobis
2764 3030 2881 3074 orta
2921 3029 3024 3086 est,
3065 3019 3231 3073 vicem
3261 3032 3346 3070 re-

1773 3108 1921 3164 ferre
1948 3111 2232 3177 prohibeat
2265 3128 2278 3164 :
2320 3122 2524 3180 quanto
2555 3111 2767 3165 tandem
2798 3111 3034 3165 atrocior
3065 3124 3157 3164 eos
3187 3123 3346 3178 poena

1779 3210 1982 3265 manet,
2013 3203 2102 3270 qui
2139 3203 2275 3257 bene
2313 3204 2378 3257 de
2412 3217 2470 3257 se
2508 3213 2806 3267 merentes,
2850 3214 2943 3258 aut
2969 3211 3117 3258 certe
3153 3200 3344 3255 mereri

1773 3295 2052 3349 studentes
2120 3293 2307 3349 rabido
2359 3296 2518 3351 dente
2570 3295 2945 3349 insectantur?
2983 3296 3025 3347 A
3069 3310 3174 3363 quo
3217 3294 3346 3347 vitio

1774 3384 1978 3437 utinam
2033 3395 2084 3439 te
2133 3385 2273 3438 Deus
2321 3400 2535 3455 semper
2583 3385 2903 3439 incolumem
2956 3392 3151 3439 servet.
3205 3381 3347 3435 Bene

1775 3476 1917 3539 vale,
1949 3476 2150 3544 optime
2178 3476 2394 3542 Lector,
2424 3486 2477 3531 et
2516 3477 2753 3532 laborem
2784 3476 2927 3530 hunc
2954 3485 3194 3530 nostrum
3224 3473 3347 3527 boni

1777 3570 2018 3623 consule.

1808 3770 2128 3827 JACOBUS
2166 3767 2973 3910 BILL;%.;EIEUEC(77'%RIBUS
3030 3767 3315 3823 FELICI-

1845 3934 2163 3988 lleetissime
2223 3943 2278 3987 et
2345 3930 2749 3998 sapientissime
2804 3929 2996 3986 Sirach
3060 3931 3351 3986 dicit:Ne

1777 4026 1975 4078 coneris
2020 4034 2206 4079 contra
2256 4025 2416 4076 ictum
2460 4023 2609 4092 ﬂuvii
2650 4022 2730 4076 ⁸¹.
2769 4021 3165 4091 subjttnxissetn
3191 4063 3207 4088 ,
3244 4038 3350 4077 non

1779 4117 2031 4182 absurde,
2063 4130 2239 4184 neque
2273 4124 2460 4169 contra
2510 4124 2761 4167 naturam
2810 4123 2864 4168 et
2913 4114 3170 4168 indolem.
3222 4113 3353 4169 Illud

1779 4218 1959 4263 autem
1995 4224 2098 4262 non
2132 4224 2195 4262 ex
2227 4207 2537 4277 conjectura
2581 4217 2784 4261 temere
2815 4206 3052 4276 profero,
3090 4222 3193 4260 non
3223 4208 3357 4261 alio-

1780 4317 1899 4356 rum
1952 4302 2175 4355 edoctus
2214 4298 2508 4368 exemplis;
2577 4300 2689 4368 ipsa
2744 4313 2980 4367 namque
3026 4299 3353 4367 experientia

1782 4390 1941 4444 didici
1978 4404 2138 4458 quam
2173 4389 2332 4442 inane
2360 4390 2429 4441 sit
2452 4396 2505 4440 et
2534 4388 2776 4453 iniquum
2809 4388 3092 4441 retrahere
3121 4396 3353 4441 mentem

1781 4484 1847 4537 ab
1880 4482 2101 4537 utilibus
2130 4480 2432 4549 amicisque
2464 4481 2661 4535 studiis
2684 4520 2699 4545 ,
2745 4490 2799 4534 et
2847 4480 3069 4534 invitam
3103 4481 3168 4535 ad
3212 4481 3356 4533 aliud

92 4598 176 4648 ραν
208 4584 330 4637 τινὰ
374 4581 519 4671 τοῦ.
537 4580 659 4651 βίου
704 4581 845 4633 ἰδέαν
879 4580 1237 4650 ἀποτρέπειν,
1288 4580 1384 4634 καὶ
1416 4578 1505 4649 βίᾳ
1545 4578 1659 4649 μεθ-

1793 4576 1916 4630 vitae
1946 4589 2113 4644 genus
2138 4583 2477 4628 convertere.

88 4689 193 4727 ελκε
200 4694 246 4728 ιν
254 4720 265 4729 .

160 4767 374 4836 Ἐπειδὴ
402 4766 526 4836 γὰρ
555 4766 737 4836 τρίτον
771 4764 869 4835 ἤδη
906 4763 1023 4828 ἔτος
1059 4764 1139 4826 εἰς
1166 4762 1233 4815 τὰ
1264 4763 1404 4817 οἴκοι
1429 4763 1681 4816 διδασκα-

87 4854 185 4911 λεῖα
215 4861 496 4931 φοιτήσας
544 4857 668 4921 ἃλις
709 4857 852 4927 ἔχειν
895 4855 1049 4922 ἔδοξα
1095 4857 1192 4927 τῆς
1235 4852 1497 4927 ὲγχωρῖου
1529 4873 1680 4909 στοι-

88 4951 363 5017 χειώσεως,
401 4952 507 5003 ἐπὶ
544 4949 646 5021 τὴν
675 4949 979 5018 Λουτηκίαν
1003 4947 1308 5019 ἐπέμφθην,
1346 4948 1420 5011 ὡς
1450 4947 1514 5017 δὴ
1548 4947 1679 5018 μεθ-

88 5041 207 5108 έξων
263 5042 632 5114 τελειοτέρας
673 5040 1024 5106 παιδεύσεως,
1068 5041 1164 5093 καὶ
1197 5039 1418 5111 μείζονα
1448 5041 1546 5111 τὴν
1574 5041 1681 5095 ἀπὸ

87 5134 181 5184 τῶν
224 5136 405 5204 λόγων
472 5128 756 5203 ὠερέλειαν
820 5132 1265 5203 καρπωσόμενος.
1319 5134 1532 5201 Ἔγωγε
1593 5129 1685 5186 οὖν

86 5227 268 5283 αὐτίκα
307 5228 414 5300 μὲν
443 5231 576 5290 τοῖς
609 5228 709 5299 τὴν
745 5226 1052 5297 Ῥωμαίων,
1082 5226 1247 5295 ὀλίγῳ
1272 5224 1314 5276 δ’
1346 5224 1569 5295 ὕστερον
1591 5224 1687 5277 καὶ

84 5323 183 5385 τοῖς
205 5326 305 5394 τὴν
346 5323 645 5391 Ἑλλήνων
670 5320 1013 5374 διδάσκουσιν
1057 5317 1294 5389 ἐμαυτὸν
1336 5316 1516 5390 φέρων
1546 5334 1689 5387 παρ-

84 5413 267 5470 deum.
322 5417 441 5470 Kal.
474 5414 550 5484 δὴ
594 5414 688 5467 καὶ
747 5414 895 5476 ἐντὸς
936 5414 996 5465 οὐ
1036 5409 1232 5464 πολλοῦ
1278 5410 1489 5481 χρόνω,
1528 5411 1575 5461 εἰ
1613 5409 1685 5479 μὴ

84 5509 335 5578 περιττήν
370 5522 515 5558 τινα
550 5505 649 5556 καὶ
696 5504 1026 5575 Θαυμασίαν,
1066 5501 1201 5555 ἀλλὰ
1244 5516 1379 5558 τοσα
1393 5502 1509 5573 ἕνην
1541 5516 1601 5567 γε
1632 5501 1686 5552 ὲν

156 5692 199 5723 ⁸¹
238 5694 420 5749 Eccli.
464 5709 548 5757 tv,
589 5690 674 5743 52.

155 5873 265 5942 (π)
301 5874 457 5927 Edit.
490 5870 692 5925 Colon.
729 5865 1073 5941 [LipsicnSJ]
1116 5864 1254 5920 1690.

1856 4756 1974 4811 Jam
2022 4756 2166 4811 domi
2196 4757 2309 4825 {per
2346 4766 2458 4808 tres
2511 4767 2679 4807 annos
2725 4751 2940 4806 scholas
2984 4751 3357 4821 frequentave-

1785 4866 1925 4911 ram.
1959 4864 2079 4904 cum
2110 4849 2300 4917 patriis
2333 4845 2678 4911 rudimentis,
2708 4845 2936 4900 aliorum
2967 4845 3190 4916 judicio,
3226 4844 3358 4898 satis

1789 4946 2107 5008 instructus,
2158 4941 2425 4998 Lutetiam
2467 4940 2665 4994 missus
2704 4956 2859 5005 sum,
2908 4949 2969 4994 ut
3022 4938 3358 5010 perfectioris

1787 5035 2145 5089 institutionis
2179 5033 2362 5088 socius
2393 5040 2448 5084 et
2476 5030 2751 5099 particeps
2787 5029 3043 5097 majorem
3076 5043 3138 5082 ex
3165 5026 3359 5080 studiis

1783 5126 2018 5182 fructum
2063 5126 2462 5194 utilitatemque
2500 5126 2855 5194 perciperem.
2912 5120 3165 5174 Protinus
3201 5119 3361 5188 igitur

1783 5219 1979 5275 Latine
2024 5227 2078 5274 et
2136 5219 2296 5289 paulo
2342 5228 2462 5290 post
2518 5217 2705 5273 Grmce
2770 5214 3090 5270 ducentibus
3130 5212 3362 5266 libenter

1787 5313 2159 5380 memetipsum
2194 5312 2411 5365 tradidi.
2438 5312 2503 5365 Et
2528 5311 2742 5379 quidem
2771 5310 2908 5362 intra
2937 5308 3100 5360 breve
3126 5313 3358 5372 tempus,

1785 5405 1831 5458 si
1880 5420 1985 5458 non
2039 5419 2201 5473 supra
2255 5405 2469 5458 modum
2528 5403 3075 5469 admiratiouenique,
3124 5407 3179 5450 at
3214 5406 3360 5449 certe

1789 5508 1997 5552 tantum
2032 5498 2085 5553 in
2121 5509 2349 5568 utraque
2406 5497 2584 5567 lingua
2649 5494 2873 5561 profeci,
2920 5505 2999 5561 ut,
3040 5491 3182 5547 absit
3222 5506 3250 5544 a
3280 5502 3364 5541 me
