3824 6394
509 464 514 472 ’
542 456 651 510 559

1636 448 1871 504 JACOBI
1911 445 2110 502 BlLLll

2230 445 2304 499 ιᾹΞ
2315 443 2560 498 FATION
2571 441 2667 500 ES.
3647 435 3723 494 3m

544 557 878 638 arrogantia,
915 559 1276 634 nee'i'mpensi
1308 581 1409 620 met
1452 579 1614 619 causa
1655 565 1811 633 pretii
1843 573 2110 634 parentes,

2230 561 2454 632 ἑκατέρᾳ
2479 560 2586 612 τῶν
2612 555 2866 627 γλωττῶν
2899 551 3177 625 προκοπὴν
3223 549 3566 619 ἐποιησάμην,
3601 551 3724 629 ὥστε,

545 679 644 716 nec
672 661 904 728 suscepti
945 667 1002 712 ut
1029 675 1114 712 me
1147 657 1506 712 informarent
1541 656 1740 710 laboris
1775 657 2113 710 institutores

545 767 609 804 ac
661 748 1059 817 lndimagistros
1122 747 1431 816 pteniteret.
1496 745 1738 816 lntcgros
1787 759 1881 800 sex
1944 759 2114 799 annos

546 852 825 910 postquam
861 840 968 895 illis
1000 841 1052 893 in
1086 839 1290 894 Scholis
1317 852 1784 908 perseverassem,
1828 836 2114 892 accersivit

547 940 848 1000 tne'pater,
888 941 940 984 et
988 931 1127 998 apud
1165 943 1241 999 ise
1297 929 1438 982 haud
1491 927 1580 982 diu
1623 929 1896 982 detentum
1933 927 2114 981 Picta-

546 1025 690 1076 vium
750 1023 933 1087 tnisit,
991 1022 1180 1076 urbem
1239 1021 1324 1074 his
1383 1020 1571 1075 diebus
1624 1021 1675 1074 in
1739 1022 1885 1074 omni
1940 1020 2114 1076 Gallia

547 1115 1050 1184 praestantissimam
1084 1112 1631 1184 ﬂorentissimatnque
1672 1112 2115 1184 jurisprudentiae

547 1220 796 1262 εριειιιιιι.

622 1467 820 1536 Ecquis
855 1467 1183 1537 exprimeret
1232 1465 1397 1518 verbo
1441 1478 1561 1532 qua:
1602 1461 1732 1516 mihi
1779 1459 2025 1530 voluptas
2062 1469 2116 1513 et

552 1576 675 1630 qtne
707 1558 1068 1613 fueritlmtitia
1099 1558 1152 1610 in
1183 1557 1498 1612 societatem
1542 1554 1631 1624 jus
1655 1554 1905 1624 legesque
1937 1551 2117 1606 colen-

551 1651 680 1706 tium
713 1649 948 1704 ascribi?
988 1648 1102 1702 ﬂoc
1147 1647 1290 1702 enim
1337 1647 1448 1701 fere
1476 1645 1730 1714 juvenum
1775 1645 1964 1698 vitium
1994 1653 2114 1702 est.

549 1755 610 1796 ut
667 1743 902 1796 assuetis
962 1741 1143 1795 satiati
1200 1755 1336 1793 nova
1388 1753 1599 1808 semper
1641 1745 1857 1807 captent
1900 1744 1956 1790 et
1993 1735 2118 1788 totis

549 1837 907 1904 insequantur
948 1833 1174 1886 viribus.
1214 1831 1318 1885 Sed
1357 1844 1627 1885 evanuere
1672 1829 1781 1883 cito
1830 1827 2116 1897 voluptatis

2217 649 2302 702 ἵνα
2340 651 2504 721 μηδὲν
2531 647 2782 720 φορτικὸν
2819 646 2977 708 εἴπω,
3013 643 3146 715 μηδὲ
3177 643 3286 703 τοῖς
3311 638 3513 708 γονεῦσι
3540 648 3723 714 μεταμέ-

2216 740 2327 792 λειν
2351 740 2450 809 τῆς
2488 740 2574 791 ἐπ’
2606 739 2728 809 ἐμοὶ
2750 736 3017 806 δαπάνης,
3049 732 3180 804 μηδὲ
3207 734 3316 794 τοῖς
3344 728 3643 799 καθηγηταῖς
3659 737 3724 790 καὶ

2216 831 2554 895 διδασκάλοις
2575 823 2649 882 ὧν
2677 830 2767 881 ἐπὶ
2794 831 2866 898 τῇ
2889 825 3131 896 ἡμετέρᾳ
3159 820 3435 875 παιδεύσει
3459 821 3723 891 ἐμόχθησαν,

2224 922 2405 987 Ἕξδέ
2450 922 2624 975 ἐτεσιν
2670 921 2810 984 ὃλοις
2862 912 3295 986 ἐναπομείναντὰ
3336 928 3402 981 με
3448 915 3548 974 τοῖς
3594 914 3726 968 ἐκεῖπ

2219 1015 2620 1086 παιδευτηρίοις
2658 1009 3150 1085 μεταπεμψάμενος
3179 1009 3206 1059 ὁ
3233 1006 3433 1074 πατῆρν
3461 1007 3544 1056 καὶ
3573 1006 3726 1077 βραχύν

2217 1126 2340 1162 τινα
2367 1108 2554 1179 χρόνον
2578 1105 2706 1176 παρ’
2736 1101 2911 1172 ἐαυτῷ
2938 1095 3244 1188 κατασχὼν,
3281 1096 3372 1146 ἐπὶ
3403 1094 3461 1146 τὸ
3494 1095 3726 1149 Πικτάδιον

2218 1199 2554 1261 ἀπέστειλεν,
2584 1196 2740 1250 πόλιν
2775 1196 2874 1265 τῆς
2905 1187 3044 1246 κατὰ
3080 1191 3181 1260 τὴν
3218 1187 3445 1258 νομικὴν
3483 1187 3727 1258 ἐπιστήμην

2219 1291 2463 1352 εὐκλείας
2493 1289 2612 1340 τότε
2651 1289 2717 1342 τὰ
2763 1287 3001 1356 πρωτεῖα
3051 1279 3355 1352 φερομένην
3395 1277 3452 1328 ἐν
3489 1277 3647 1348 ἁπάσῃ
3681 1283 3727 1349 τῇ

2216 1381 2434 1452 Γαλλίᾳ.

2289 1474 2399 1526 Καὶ
2441 1471 2522 1534 τίς
2557 1471 2622 1524 ἂν
2665 1468 2742 1539 τῷ
2773 1469 2914 1537 λόγῳ
2955 1465 3354 1538 παραστήσειεν
3389 1461 3464 1525 ὡς
3492 1463 3637 1532 ήδέιιις
3665 1465 3729 1517 καί

2223 1567 2341 1640 μεθ’
2372 1569 2501 1637 ὅσης
2535 1567 2631 1636 τῆς
2662 1564 3013 1635 περιχαρείας
3040 1565 3150 1625 τοῖς
3179 1563 3274 1633 τὴν
3297 1562 3487 1632 τέχνην
3512 1561 3640 1630 τήνδε
3663 1579 3726 1630 μευ

2219 1658 2424 1711 τιοῦσιν
2470 1657 2703 1728 ἐμαυτὸν
2753 1653 3118 1723 ἐγκατέλεξας
3163 1653 3310 1705 Φιλεῖ
3349 1651 3456 1722 γὰρ
3502 1651 3531 1720 ή
3571 1653 3728 1721 νεότης,

2219 1753 2329 1814 τοῖς
2381 1749 2710 1820 εἰθισμένοις
2759 1745 3198 1818 ἀπαρεσκομένη,
3250 1743 3310 1796 τὸ
3343 1742 3520 1795 καινὸν
3559 1743 3628 1794 ἀεὶ
3661 1742 3730 1812 θήρ

2225 1845 2416 1919 ρᾶσθαι
2441 1845 2534 1898 καὶ
2568 1842 2706 1897 κατὰ
2732 1841 2929 1913 κράτος
2959 1838 3194 1913 διώκειν,
3236 1836 3401 1891 Ἀλλὶ
3415 1836 3510 1888 οὐκ
3534 1836 3611 1887 ἐπὶ
3633 1835 3731 1886 πολὺ

550 1925 837 1980 illecebrae.
897 1922 1096 1977 Primis
1129 1922 1302 1991 legum
1344 1921 1623 1975 elementis
1676 1921 1910 1974 imbutus
1959 1919 2114 1990 (nam

2230 1937 2496 2010 παρετάθη
2536 1953 2624 2006 μοι
2653 1935 2711 1986 τὸ
2740 1934 2836 2003 τῆς
2861 1930 3074 2002 ἡδονῆς.
3113 1932 3200 1993 Ὠς
3239 1929 3368 2000 γὰρ,
3408 1927 3473 1980 τὰ
3510 1927 3732 1995 «perﬂat:

550 2033 649 2074 sua
673 2015 894 2070 Themis
926 2029 1031 2066 non
1063 2013 1235 2081 aperit
1266 2011 1522 2082 mysteria
1554 2011 1653 2065 nisi
1685 2012 1835 2078 prius
1865 2011 2114 2080 initiatis)

549 2108 698 2162 intus
737 2105 888 2175 quasi
926 2114 1265 2172 transgresso
1303 2103 1485 2155 limine
1531 2103 1800 2156 admissus
1834 2117 1993 2155 sum:
2029 2115 2117 2153 ve-

549 2213 669 2251 rum
710 2197 760 2251 in
808 2195 1066 2250 interiora
1100 2194 1405 2262 penetranti
1445 2195 1524 2248 sic
1571 2208 1757 2261 aspera
1801 2194 2002 2257 omnia,
2040 2194 2118 2246 sic

549 2297 718 2352 ardua
779 2305 832 2350 et
897 2293 1172 2348 inaccessa
1229 2301 1422 2360 prteter
1481 2307 1630 2360 spem
1685 2306 2004 2360 apparuere,
2061 2298 2118 2344 ut

551 2391 695 2455 quod
739 2386 982 2441 venerim
1042 2383 1364 2448 Pictavium,
1421 2383 1548 2436 tnihi
1592 2397 1926 2451 nequaquam
1967 2383 2118 2451 igno-

549 2479 1090 2546 scerem,urbemque
1116 2475 1261 2529 illam
1290 2489 1536 2528 vocarent
1560 2489 1708 2527 vana:
1739 2473 1918 2527 sedem
1952 2472 2119 2528 felici-

551 2574 702 2626 tatis.
741 2570 841 2639 lpsi
889 2579 1066 2622 tamen
1117 2567 1331 2634 ingenio
1377 2565 1483 2618 vim
1537 2564 1794 2630 inferens,
1828 2565 1968 2618 ultra
1996 2581 2120 2634 pro-

551 2665 701 2732 gredi
731 2662 876 2718 omni
904 2675 1006 2730 ope
1039 2659 1338 2724 tentabam,
1378 2666 1432 2710 et
1469 2657 1622 2726 juxta
1672 2657 1799 2710 illud
1851 2657 2117 2734 Apostoli,

552 2760 622 2809 ad
651 2773 709 2809 ea
732 2770 849 2824 qua:
877 2753 1145 2806 anteriora
1179 2761 1329 2805 erant
1361 2751 1622 2818 [meipsum
1657 2751 1930 2804 extendere
1953 2752 2019 2805 δ’.
2050 2752 2121 2805 At

553 2849 643 2904 illa
676 2847 804 2918 quid
840 2846 969 2899 mihi
1007 2844 1208 2912 profuit
1242 2843 1409 2896 animi
1448 2843 1760 2897 contentio?
1808 2843 1886 2898 Ad
1913 2844 2110 2914 expeti-

555 2951 665 2994 tam
693 2955 797 2993 non
830 2937 1050 3006 perveni
1083 2935 1223 3004 juris
1251 2934 1570 2998 scientiam;
1600 2933 1728 3004 quin
1751 2944 1806 2988 et
1828 2935 1939 3004 ipsa
1974 2935 2123 3004 prior

554 3034 825 3094 institutio
863 3031 1154 3101 plurimum
1187 3029 1494 3083 detrimenti
1520 3028 1758 3096 pertulit.
1789 3028 1950 3098 Spem
1978 3030 2120 3084 enim

552 3141 732 3181 meam
769 3138 872 3178 non
905 3122 1064 3177 modo
1091 3119 1276 3174 fefellit
1309 3119 1754 3190 jurisprndentia,
1777 3136 1915 3192 pene
1945 3131 2116 3178 totum

554 3221 719 3272 etiam
752 3215 960 3270 efﬂuxit
993 3214 1133 3283 quod
1165 3213 1219 3265 in
1261 3226 1456 3282 magna
1494 3213 1625 3266 urbe
1658 3227 2117 3281 comparaverant.

557 3313 624 3366 Et
654 3313 792 3366 idem
818 3310 930 3364 fere
962 3307 1089 3361 mihi
1125 3305 1352 3376 contigit
1382 3307 1522 3373 quod
1555 3305 1622 3360 iis
1653 3306 1850 3376 quibus
1876 3307 2121 3361 vitiatum

555 3413 641 3460 est
691 3403 930 3474 palatum
967 3399 1186 3454 :cibum
1246 3398 1478 3467 aliquem
1535 3398 1639 3451 illis
1693 3396 1925 3465 offeras,
1983 3412 2125 3468 aegre

555 3497 775 3562 ferunt;
827 3493 1120 3564 quemlibet
1177 3492 1372 3547 deinde
1407 3490 1735 3560 apposueris,
1770 3490 1975 3558 pariter
2037 3505 2124 3542 re-

555 3597 756 3658 spuunt
797 3593 1153 3657 aspernantes
1191 3602 1204 3637 :
1243 3584 1320 3638 sic
1361 3577 1414 3636 et
1441 3598 1538 3636 nos
1578 3595 1674 3650 spe
1710 3582 1918 3636 sublata
1957 3580 2125 3648 juris-

556 3682 877 3750 prudentiae,
906 3687 962 3734 et
993 3693 1121 3749 erga
1147 3691 1265 3732 eam
1291 3675 1429 3730 male
1457 3672 1653 3738 affecti,
1680 3688 1868 3728 omnes
1891 3689 1954 3727 ex
1973 3690 2127 3742 thtto

557 3773 766 3827 litteras
813 3770 1049 3826 aversati
1097 3783 1284 3822 sumus
1342 3776 1396 3821 et
1446 3765 1794 3829 horruimus,
1841 3766 2127 3836 cujuslibet

557 3863 878 3920 eruditionis
911 3859 1194 3915 fastidiosi.

635 4125 876 4195 Longum
920 4124 1083 4192 igitur
1127 4123 1304 4179 valere
1329 4121 1507 4180 studio
1541 4138 1662 4178 cum
1698 4123 1955 4178 dixissem
1989 4125 2130 4181 litte-

565 4234 771 4284 rarum,
839 4219 1098 4286 meipsum
1163 4216 1367 4272 deliciis
1426 4228 1480 4272 et
1525 4219 2002 4274 comessationibus
2048 4230 2130 4274 to-

565 4321 681 4367 tum
713 4309 916 4372 addixi,
954 4309 1196 4364 mollitiei
1228 4309 1595 4380 voluptatique
1624 4311 1863 4366 serviens
1888 4312 2126 4377 omnino,

561 4417 665 4472 pto
699 4401 920 4455 musteis
945 4399 1304 4470 frequentans
1335 4402 1725 4470 splneristcria,
1762 4403 1933 4458 donec
1966 4418 2129 4472 prava

563 4503 620 4549 et
673 4492 1030 4548 immoderata
1076 4493 1289 4548 vivendi
1343 4495 1737 4550 consuetudine
1795 4496 1847 4549 in
1911 4511 2129 4567 gravem

2219 2033 2316 2103 τῆς
2338 2031 2532 2100 τέχνης
2563 2025 2892 2096 κατηκηθεὶς
2944 2024 3024 2092 (Οὐ
3066 2023 3174 2094 γὰρ
3203 2020 3361 2089 θέμις
3393 2023 3638 2072 κοινωνεῖν
3657 2020 3734 2070 τῶν

2222 2121 2530 2192 μυστηρίων
2561 2121 2670 2182 τοῖς
2703 2118 2775 2188 μὴ
2813 2115 3073 2186 πρότερον
3101 2110 3396 2184 μυηθεῖσι),
3419 2111 3504 2162 καὶ
3534 2110 3667 2162 οίονεί
3688 2111 3733 2162 τὰ

2219 2212 2465 2284 πρόθυρα
2491 2209 2699 2272 διαϐὰς,
2737 2208 2881 2261 ἔνδον
2920 2206 3206 2276 ἐγενόμην,
3228 2205 3340 2264 τοῖς
3373 2199 3576 2271 βαθέσιν
3601 2201 3736 2262 αὐτοῖς

2219 2304 2556 2376 ἐμϐατεύων,
2598 2301 2739 2355 οὕτω
2776 2298 3006 2354 δύσκολα
3049 2299 3246 2358 πάντα,
3283 2292 3427 2347 οὕτω
3461 2295 3640 2364 τραχέα
3671 2291 3735 2344 καὶ

2219 2397 2510 2465 δυσέφικτα
2544 2394 2694 2466 παρὰ
2729 2396 2826 2465 τὴν
2876 2395 3013 2464 ἐμὴν
3066 2392 3255 2445 ἐλπίδα
3313 2385 3736 2451 κατέλαϐον,ὧστε

2221 2490 2391 2542 πολλὰ
2416 2489 2648 2560 ἐμαυτὸν
2692 2486 3000 2558 μέμφεσθαι
3027 2485 3124 2555 τῆς
3150 2483 3240 2536 ἐπὶ
3268 2483 3328 2536 τὸ
3361 2479 3630 2534 Ιῐικτάειον

2220 2582 2436 2652 δημίας,
2474 2583 2566 2634 καὶ
2597 2581 2758 2650 κενὴν
2790 2578 3064 2650 μακαρίαν
3094 2577 3191 2647 τὴν
3230 2575 3387 2628 πόλιν
3427 2573 3620 2641 ἐκείνην
3643 2573 3738 2624 ἀπο·

2223 2671 2425 2724 καλεῖν.
2452 2673 2526 2724 Οὐ
2554 2673 2656 2742 μήν
2689 2669 2823 2723 ἀλλὰ
2849 2669 2940 2722 καὶ
2972 2669 3070 2738 τὴν
3093 2666 3253 2734 φύσιν
3281 2665 3452 2735 αὐτὴν
3484 2663 3738 2734 βιαζόμενος

2223 2764 2280 2826 ἐς
2301 2762 2362 2814 τὸ
2395 2763 2580 2832 πρόσω
2613 2763 2830 2832 χωρεῖν,
2869 2760 2983 2821 καὶ,
3018 2759 3078 2810 τὸ
3107 2756 3200 2810 τοῦ
3238 2755 3576 2814 Ἀποστόλου.
3601 2757 3669 2816 είς
3691 2751 3741 2805 rit

2221 2856 2558 2924 ἔμπροσθεν
2583 2854 3046 2912 ἑπεκτείνεσθαι,
3075 2849 3216 2904 κατὰ
3248 2850 3429 2902 πάντα
3460 2848 3635 2919 τρόπον
3677 2847 3742 2896 ἐπ-

2224 2945 2563 3017 εχείρουν.Τί
2584 2944 2638 2997 δὲ
2670 2945 2766 3014 τῆς
2791 2944 3150 3014 βεϐιασμένης
3176 2942 3385 3012 ταύτης
3409 2939 3622 3008 σπουδῆς
3643 2936 3742 2988 ὠνά-

2228 3054 2366 3107 μην;
2398 3037 2540 3108 Πρὸς
2577 3035 2654 3106 τῷ
2681 3036 2780 3105 τῆς
2803 3035 3120 3106 διωχθείσης
3156 3033 3350 3104 τέχνης
3384 3032 3661 3100 ἀποτυχεῖν,
3688 3028 3740 3078 ἔτι

2226 3129 2316 3182 καὶ
2347 3130 2423 3191 εἰς
2453 3128 2550 3200 τὴν
2596 3128 2828 3198 ἀρχαίαν
2862 3127 3141 3181 παίδευσιν
3174 3123 3490 3195 ἐζημιώθην
3509 3139 3520 3152 ·
3546 3123 3599 3175 οὐ
3629 3119 3741 3190 μόνον

2225 3219 2332 3288 γὰρ
2359 3219 2457 3290 τῆς
2491 3218 2834 3288 ἐλπισθείσης
2856 3219 3162 3288 ἐπιστήμης
3193 3217 3512 3289 διήμαρτον,
3546 3214 3658 3268 ἀλλὰ
3680 3213 3743 3264 καί

2229 3308 2413 3378 σχεδόν
2438 3327 2488 3361 τι
2512 3308 2730 3379 διερρύη
2766 3311 2871 3361 πᾶν
2905 3308 3081 3372 τούτο,
3111 3309 3246 3379 ὅπερ
3274 3325 3367 3378 μοι
3400 3306 3743 3375 συνειλεγμένον

2224 3397 2292 3470 ἦν
2317 3403 2371 3453 ἐν
2397 3403 2461 3470 τῇ
2492 3399 2866 3469 μεγαλοπόλει.
2901 3400 3010 3452 Καὶ
3050 3383 3434 3469 παραπλήέιὸν
3469 3416 3518 3451 τι
3559 3394 3746 3450 πέπονθα

2228 3495 2337 3554 τοῖς
2368 3491 2465 3562 τὴν
2507 3491 2694 3558 γεῦσιν
2741 3491 3173 3563 διεφθαρμένοις,
3223 3491 3294 3553 οἳ,
3344 3491 3556 3545 ἐπειδὰν
3583 3489 3692 3559 πρός
3709 3503 3746 3539 τι

2226 3585 2333 3636 τῶν
2382 3583 2653 3653 ἐδωδίμων
2694 3583 2832 3646 εἶδος
2881 3583 3277 3654 δυσχεράνωσι,
3331 3585 3427 3637 καὶ
3465 3582 3591 3653 πρὸς
3617 3578 3748 3633 ὁτιοῦν

2212 3675 2425 3744 ’ὁμοίως
2444 3673 2552 3725 τῶν
2577 3674 3032 3744 προσφερομένων
3049 3675 3224 3744 ἀηδῶς
3248 3675 3434 3745 έχουσι
3457 3690 3469 3701 '
3491 3671 3653 3725 τοῦτον
3672 3671 3747 3736 γὰρ

2229 3769 2323 3819 καὶ
2353 3768 2512 3837 ἡμεῖς
2539 3767 2736 3836 τρόπον
2773 3762 2839 3838 ἧς
2877 3766 3172 3837 ἠλπίζομεν
3207 3768 3440 3838 νομικῆς
3474 3761 3748 3830 ἀποσφαλέν-

2228 3876 2336 3921 τες,
2371 3859 2466 3911 καὶ
2496 3858 2630 3928 πρὸς
2667 3858 2869 3928 ταύτην
2893 3857 3418 3930 δυσαρεστήσαντες,
3461 3850 3749 3916 πάνταςέπί-

2232 3965 2331 4019 σης
2372 3951 2496 4010 τοὺς
2527 3947 2715 4014 λόγους
2763 3949 3124 4018 ἐμισήσαμεν,
3177 3949 3269 4000 καὶ
3320 3939 3749 4017 ἀπεστρεψάμεθαι

2231 4042 2325 4094 καὶ
2359 4040 2493 4110 πρὸς
2525 4041 2633 4093 πᾶν
2680 4039 2923 4100 παιδείας
2961 4039 3114 4108 γένος
3143 4040 3448 4102 κακοσίτως
3472 4036 3746 4104 διετέθημεν.

2302 4131 2478 4184 Πολλὰ
2520 4132 2696 4184 τοίνυν
2735 4131 2942 4203 χαίρειν
2989 4131 3202 4202 φράσας
3242 4133 3308 4201 τῇ
3351 4127 3633 4199 φιλολογίᾳ,
3667 4124 3750 4176 ὅλον

2232 4223 2468 4294 ἐμαυτὸν
2493 4225 2671 4293 τρυφῇ
2697 4223 2790 4275 καὶ
2818 4221 3022 4292 κώμοις
3047 4221 3260 4274 ἔκδοτον
3279 4222 3534 4292 ἐποίησα,
3555 4220 3609 4271 τὸ
3631 4214 3750 4286 ἁδρὸν

2233 4316 2325 4368 καὶ
2353 4314 2604 4384 ἐφήδονον
2643 4315 2702 4380 ἐξ
2723 4314 2961 4378 ἅπαντος
2990 4313 3328 4385 θεραπεύων,
3375 4315 3469 4368 καὶ
3501 4314 3563 4366 τὰ
3594 4326 3754 4379 σφαιρι·

2237 4409 2429 4477 στήρια
2475 4407 2594 4459 ἀντὶ
2642 4406 2750 4459 τῶν
2809 4406 3074 4476 μουσείων
3125 4406 3400 4476 ἐλόμενος,
3454 4406 3600 4475 ἄχρις
3635 4395 3682 4452 οὗ
3711 4400 3754 4448 ἐκ

2238 4500 2513 4572 μοχθηρᾶς
2569 4501 2662 4552 καὶ
2697 4497 3047 4569 πλημμελοῦς
3075 4498 3282 4568 διαίτης
3318 4501 3400 4560 είς
3426 4496 3647 4568 χαλεπήν
3672 4503 3758 4543 τινι

563 4585 1002 4654 obstinatumque
1032 4585 1278 4640 morbum
1313 4587 1500 4651 incidi,
1528 4586 1621 4657 qui
1648 4603 1732 4642 me
1768 4603 1864 4659 per
1897 4600 2123 4658 quatuor

2239 4593 2331 4644 καὶ
2374 4591 2644 4660 δύσμαχον
2676 4589 2984 4660 ἀρρωστίαν
3029 4589 3302 4650 ἐνέπεσον,
3340 4589 3401 4671 ἐς
3444 4585 3509 4658 ἧς
3551 4585 3756 4649 τέτταρας

563 4695 782 4735 menses
811 4681 865 4735 in
906 4681 1044 4736 lecto
1078 4679 1299 4734 retinuit
1322 4678 1591 4748 jacentem
1633 4691 1686 4735 et
1715 4694 1850 4749 pene
1879 4680 2131 4738 confecit.

564 4771 755 4828 Morbo
811 4773 1120 4841 quiescente
1167 4781 1224 4825 et
1277 4771 1458 4839 fugata
1507 4772 1668 4840 febri,
1718 4773 2002 4838 vehiculo,
2034 4790 2134 4830 nec

562 4865 708 4918 enim
731 4865 977 4934 equitare
1006 4879 1114 4932 pra:
1140 4863 1304 4916 nimia
1337 4863 1650 4918 infirmitate
1669 4873 1931 4932 poteram,
1966 4865 2137 4933 impo—

566 4959 704 5010 situs
731 4970 849 5009 sum
877 4965 930 5008 et
957 4955 1172 5007 domum
1193 4963 1470 5022 paternam
1491 4955 1711 5012 relatus.
1742 4953 1856 5008 illic
1886 4963 1939 5009 et
1967 4956 2134 5010 multo

569 5060 829 5115 tempore.
866 5055 920 5099 et
945 5059 1075 5099 cura
1109 5059 1214 5098 non
1247 5045 1488 5110 minima,
1546 5061 1750 5098 necnon
1802 5054 1919 5100 arte
1961 5047 2132 5100 medi-

565 5153 754 5192 corum
817 5151 956 5206 opus
991 5135 1155 5190 habtti
1193 5147 1249 5189 ut
1276 5137 1553 5204 deperdita
1589 5136 1837 5192 valetudo
1883 5138 2135 5193 reﬁcere-

565 5239 675 5282 tnr.
713 5227 809 5281 Vix
842 5235 1022 5281 autem
1058 5242 1088 5281 e
1125 5227 1315 5280 morbo
1343 5236 1642 5280 recreatum
1667 5266 1682 5292 ,
1730 5229 1971 5296 corporis
2009 5230 2138 5282 viri-

565 5321 669 5374 bus
698 5319 983 5388 reparatis,
1010 5317 1075 5370 ad
1107 5318 1345 5372 studium
1384 5317 1684 5373 litterarum
1711 5319 1990 5374 continuis
2020 5337 2137 5374 sero

566 5412 820 5465 monibus
853 5410 1098 5464 incitavit
1135 5425 1221 5464 me
1264 5419 1455 5476 pater:
1495 5411 1595 5464 etsi
1630 5411 1773 5465 enim
1809 5412 2138 5474 illitteratus,

569 5512 625 5558 at
655 5513 802 5557 certe
829 5501 1194 5556 litteratorum
1237 5502 1642 5556 amantissimus
1673 5513 1728 5556 et
1764 5503 1981 5558 fervens
2022 5504 2138 5556 lan-

571 5595 750 5658 dator,
789 5604 846 5647 ut
874 5595 916 5648 si
954 5595 1221 5663 quispiam
1251 5594 1409 5649 alius.
1463 5593 1560 5648 Cui
1593 5593 1736 5647 inter
1766 5594 1869 5648 alia
1913 5610 2133 5662 repone-

571 5684 694 5739 bam
732 5686 796 5740 ad
829 5686 1154 5740 excolendas
1205 5685 1425 5740 altiores
1473 5684 1728 5740 scientias
1769 5700 1853 5740 me
1893 5694 2137 5756 paratum

650 5886 694 5916 θ’
719 5883 944 5950 Philipp.
983 5901 1063 5952 ιιι,
1097 5887 1180 5940 15.

2247 4683 2421 4753 μῆνας
2454 4679 2545 4732 ἐπὶ
2573 4678 2756 4750 κλίνης
2789 4677 3139 4731 κατακεῖσθαί
3181 4694 3269 4747 μοι
3311 4653 3508 4747 σιῖνέϐη
3541 4674 3623 4728 καὶ
3651 4669 3759 4737 παρὰ

2245 4773 2438 4845 μικρὸν
2465 4770 2769 4824 ἀποθανεῖνι
2785 4770 3147 4838 Λωφήσαντος
3166 4768 3222 4821 δέ
3246 4767 3342 4819 τοῦ
3366 4766 3756 4839 ἀρρωστήματκ.

2241 4866 2334 4918 καὶ
2378 4862 2470 4916 τοῦ
2509 4861 2740 4932 πυρετοῦ
2770 4862 2834 4912 ἐκ
2890 4859 3064 4912 ποδῶν
3110 4859 3427 4928 γενομένου,
3474 4856 3652 4928 φορείῳ
3685 4849 3758 4901 τινὶ

2241 4953 2508 5017 ἐντεθείς’
2541 4953 2599 5005 ού
2631 4951 2740 5020 γὰρ
2776 4950 3025 5003 ἱππεύειν
3060 4946 3169 5013 οἷός
3205 4965 3264 5002 τε
3307 4946 3379 5020 ἦν
3416 4950 3518 5002 ὑπὸ
3548 4947 3636 5014 τῆς
3662 4945 3759 5007 ἄγαν

2241 5044 2526 5108 ἀσθενείας
2549 5060 2563 5075 ·
2596 5045 2652 5106 ἐς
2682 5043 2773 5096 τὸν
2811 5041 3063 5112 πατρῷον
3093 5036 3238 5094 οἷκον
3279 5039 3607 5113 ἀπηνέχθην.
3639 5030 3760 5087 Ἔνθα

2248 5156 2335 5208 μοι
2365 5139 2457 5192 καὶ
2488 5135 2682 5188 πολλοῦ
2718 5134 2931 5207 χρόνου,
2975 5135 3068 5187 καὶ
3104 5135 3302 5205 πολλῆς
3357 5131 3667 5203 ἐπιμελείας,
3697 5123 3762 5175 καὶ

2246 5228 2397 5299 παρὰ
2437 5228 2544 5280 τῶν
2588 5227 2787 5297 ίατρῶν
2843 5227 3160 5299 ἐπικουρίας
3205 5227 3397 5296 ἐδέησε
3451 5224 3577 5296 πρὸς
3613 5220 3662 5271 τὸ
3694 5214 3761 5279 τὴν

2242 5320 2443 5386 ὒγίειαν
2475 5319 2810 5374 ἀπελθοῦσαν
2849 5319 3308 5374 ἀνακαλέσασθαι.
3346 5319 3516 5380 Μόλις
3545 5315 3595 5366 δὲ
3625 5315 3675 5363 ἐκ
3695 5307 3762 5372 τῆς

2239 5411 2393 5463 νόσου
2423 5410 2745 5480 ἀνενεγκὼν,
2775 5412 2866 5465 καὶ
2888 5413 2985 5483 τὴν
3018 5411 3111 5464 τοῦ
3141 5410 3394 5481 σώματος
3431 5407 3641 5476 δύναμιν
3665 5401 3762 5450 ἀνι.

2240 5503 2549 5574 λεξάμενος,
2586 5507 2831 5576 συνεχέσι
2856 5507 3034 5575 λόγοις
3064 5505 3462 5576 παρορμῶντός
3489 5514 3550 5572 με
3573 5495 3648 5549 τοῦ
3674 5508 3763 5558 τεν.

2239 5598 2500 5666 νήσαντος
2533 5597 2669 5667 πρὸς
2690 5597 2785 5668 τὴν
2816 5599 3124 5668 φιλολογίαν
3181 5595 3265 5667 (ἦν
3299 5597 3371 5665 γά
3382 5614 3436 5668 ρ,
3463 5596 3508 5646 εἰ
3529 5590 3610 5644 καὶ
3633 5585 3763 5648 λόῖων

2241 5686 2484 5758 ἄμοιρος.
2546 5688 2660 5742 ἀλλ’
2703 5686 2795 5747 οὖν
2842 5691 2949 5746 τῶν
2986 5691 3110 5762 περὶ
3166 5689 3360 5744 λόνους
3413 5676 3763 5740 ἐσπουδακότων
