3824 6394
119 467 198 526 ω
1176 484 1403 542 IACOBI
1449 492 1651 550 BlLLll
1694 499 2213 568 PREFATIONES.

117 583 322 654 ἐραστὴς
354 586 448 638 καὶ
479 585 677 658 θερμὸς
707 588 1008 660 ἐπαινετης,
1036 594 1084 644 εί
1118 596 1208 648 καί
1236 615 1319 662 τις
1355 601 1553 674 ἄλλος),

120 676 201 747 μὲν
228 675 356 729 ἄλλα
384 677 601 748 ἕτοιμος
627 675 763 732 εἶναι
796 681 1032 750 ἔφασκον
1064 689 1176 750 τοῖς
1214 689 1517 758 καλλίστοις
1544 695 1654 751 τῶν

119 766 426 839 μαθημάτων
443 771 840 840 ἐμφιλοπονεῖν,
862 773 960 844 τὴν
981 774 1036 827 δὲ
1060 780 1290 852 νομικὴν
1323 783 1487 856 μόνην
1513 805 1654 859 παρ-

115 859 352 933 ῃτούμην,
393 860 490 914 ἆτε
537 863 673 933 πρὸς
705 864 873 936 αὐτὴν
905 865 1200 939 ἀλλοτρίως
1234 875 1328 928 καὶ
1374 879 1650 946 παντελῶς

113 952 472 1024 ἀνεπιτηδείως
500 953 657 1026 έχων,
696 956 792 1010 καὶ
840 956 1017 1030 μάτην
1050 960 1185 1033 αὐτῇ
1227 963 1319 1018 δύο
1363 965 1455 1039 ἐτη
1486 987 1654 1042 προσ-

111 1041 388 1106 αναλώσας.
436 1044 843 1113 ’Δντιτείνοντος
892 1049 950 1103 δέ
982 1068 1127 1116 τινος
1154 1054 1262 1111 τῶν
1312 1058 1450 1113 κατὰ
1498 1041 1652 1131 γένος

110 1134 488 1206 προσηκόντων,
518 1137 687 1194 εῑκειν
729 1142 1100 1216 ἠναγκάσθην,
1150 1148 1244 1202 καὶ
1284 1149 1382 1222 τὴν
1420 1152 1652 1224 ἐπαχθε-

112 1227 285 1298 στάτην
311 1244 400 1298 μοι
433 1227 626 1301 τέχνην
663 1226 820 1296 αὖθις
851 1234 1190 1300 ἀσπάζεσθαι
1223 1240 1316 1293 καὶ
1348 1243 1647 1314 περιέπειν,

109 1317 171 1382 ὡς
192 1319 392 1389 μήποτε
417 1319 644 1392 ὤφελον.

179 1410 300 1464 Ἀπὸ
333 1411 442 1484 γάρ
481 1412 590 1468 τῶν
622 1416 1070 1488 προσφυεστέρων
1113 1419 1206 1473 ἐπὶ
1253 1421 1323 1475 τὰ
1353 1423 1452 1478 οὐκ
1478 1425 1651 1481 οίκεῖα

112 1503 486 1574 μεθελκυσθεὶς,
526 1505 666 1560 ἐπτά
695 1508 788 1560 καὶ
817 1507 948 1562 δέκα
988 1510 1163 1581 μῆνας
1202 1513 1259 1567 ἐν
1302 1516 1367 1586 τῇ
1406 1517 1651 1591 Αὐρηλία

107 1595 174 1656 εἰς
199 1593 343 1648 οὐδὲν
385 1597 652 1667 χρήσιμον
687 1598 960 1670 ἀνήλωκα,
1008 1603 1122 1665 τοῖς
1159 1603 1472 1674 ἡλικιώταις
1511 1626 1648 1681 συμ-

110 1683 424 1754 μαινόμενος,
457 1687 571 1749 καὶ,
604 1686 691 1741 ἵνα
716 1688 948 1742 συνελὼν
988 1691 1146 1756 είπω,
1187 1692 1248 1746 τὸ
1279 1695 1492 1760 παίζειν
1528 1698 1650 1752 ἀντὶ

108 1776 316 1847 σπουδῆς
345 1778 506 1848 ἔχων,
537 1781 650 1859 καὶΔ
664 1782 784 1844 ταῖς
821 1781 914 1834 τοῦ
959 1781 1210 1854 σώματος
1243 1786 1454 1856 ἡδοναῖς
1485 1789 1650 1859 ἐγκα-

105 1867 435 1937 λινδούμενος.
478 1870 535 1922 Ὅ
581 1853 651 1923 δὲ’
687 1872 887 1943 πατὴρ,
930 1873 999 1927 τὰ
1032 1853 1150 1928 κατ’
1323 1853 1644 1949 πυθόμενος,

3211 531 3320 590 3ιῖ

1589 606 1656 708 τὰ
1687 619 1730 674 Α
1759 619 2194 713 οξρεάῖιιιηιιιυε,
2250 640 2352 681 una
2417 636 2618 684 tantum
2665 645 2887 708 excepta
2932 640 3106 713 legum
3149 647 3316 701 disci-

1755 704 1896 774 plina
1918 749 1933 772 ,
1966 724 2090 766 cum
2126 714 2193 768 ad
2227 730 2344 770 eam
2380 718 2590 787 ineptus
2618 722 2686 777 ab
2715 704 2884 796 eaque
2910 704 3115 787 alienus
3140 749 3317 790 essem

1753 797 1994 866 omnino,
2035 801 2246 874 ipsique
2292 805 2490 864 frustra
2525 809 2751 868 duorum
2800 831 3061 876 annorum
3109 823 3322 881 labores

1753 886 2154 984 impendissem.
2199 895 2302 950 Sed
2353 903 2674 969 repugnavit
2721 918 2790 958 ex
2839 912 3150 976 parentibus
3197 915 3318 984 qni-

1754 974 1877 1076 dam
1914 995 1929 1032 :
1963 981 2084 1076 ideo
2132 985 2347 1054 cedere,
2411 991 2654 1062 mihique
2712 974 3124 1059 molestissimas
3168 974 3317 1076 leges

1754 1065 1948 1123 iterum
1975 1071 2214 1130 salutare
2238 1087 2458 1164 coactus
2487 1096 2606 1137 sum
2640 1093 2695 1140 et
2731 1089 3010 1154 amplecti;
3044 1096 3186 1163 quod
3212 1065 3319 1152 uti-

1753 1172 1876 1213 nam
1900 1176 2008 1216 non
2044 1162 2291 1222 fecissem
2325 1162 2330 1172 ἶ
2982 1193 2989 1200 ·

1823 1427 2034 1484 Etenim
2064 1433 2285 1489 remotis
2307 1436 2501 1492 studiis
2524 1438 2576 1493 in
2593 1454 2714 1509 quae
2740 1444 3056 1512 propensior
3086 1445 3310 1515 indoles,

1752 1525 1813 1572 ut
1839 1518 1941 1587 ipsi
1971 1523 2260 1578 contrariis
2293 1527 2630 1583 attenderem
2656 1569 2672 1596 ,
2726 1531 2960 1588 Aureliae
3007 1543 3210 1599 septem
3258 1545 3315 1592 et

1753 1607 1935 1663 decem
1975 1624 2188 1668 menses
2237 1614 2509 1671 incassum
2553 1620 2803 1688 perdidi,
2860 1637 2980 1678 cum
3032 1629 3315 1683 coaetaneis

1751 1695 1912 1752 simul
1959 1698 2256 1770 insaniens,
2285 1712 2358 1771 et,
2388 1714 2446 1760 ut
2480 1708 2669 1776 paucis
2715 1709 2910 1775 dicam,
2961 1712 3072 1767 ludi
3109 1722 3310 1769 tantum

1751 1787 1983 1858 flagrans
2012 1805 2220 1860 amore,
2251 1795 2728 1869 voluptatibusque
2755 1803 2997 1871 corporis
3018 1803 3312 1864 involutus.

1751 1877 1877 1936 llaec
1925 1884 2073 1937 audit
2102 1894 2302 1952 pater:
2341 1890 2523 1943 statim
2575 1906 2680 1960 qua
2703 1884 3029 1950 decreverat
3075 1905 3132 1949 ut
3169 1898 3312 1951 invi-

104 1959 183 2011 καὶ
209 1959 343 2012 πάνυ
379 1961 651 2030 μετανοῶν
675 1964 759 2031 ἐφ’
793 1960 873 2026 οἷς
899 1965 1100 2019 ἄκοντά
1128 1983 1192 2038 με
1217 1971 1280 2039 τῇ
1315 1974 1506 2044 νομικῇ
1539 1973 1641 2026 πά-

1751 1980 1860 2026 tum
1921 1989 2007 2029 me
2058 1991 2245 2034 rursus
2310 1981 2376 2035 ad
2430 1959 2906 2052 jurisprudentiam
2969 1988 3314 2056 compelleret

105 2049 170 2102 λιν
197 2051 580 2122 συγκατείρξας
601 2052 810 2124 ἔτυχεν,
846 2056 1041 2109 αὐτίκα
1069 2057 1132 2128 δὴ
1168 2059 1308 2127 μάλα
1355 2063 1490 2133 πρὸς
1523 2064 1648 2117 ἐαυ-

104 2140 176 2191 τὸν
203 2141 512 2194 ἐπανελθεῖν
552 2133 866 2207 ὲκέλευσενξ
903 2147 988 2199 ἵνα
1033 2147 1096 2200 τὸ
1136 2149 1501 2206 δυσκάθεκτόν
1545 2174 1647 2227 μου

101 2229 192 2280 τῶν
231 2230 416 2300 ὁρμῶν
457 2233 550 2285 καὶ⁸
593 2235 730 2304 πρὸς
772 2237 878 2289 πᾶν
924 2233 1061 2300 εἶδος
1101 2238 1366 2312 φλυαρίας
1408 2248 1640 2317 κεχυμέο

103 2337 174 2371 νον
198 2321 365 2385 οὕτως
402 2325 724 2396 ἀναστείλῃ,
759 2330 853 2380 καὶ
890 2328 1051 2382 οἱονεὶ
1093 2329 1310 2400 δεσμοῖς
1346 2351 1486 2390 τισιν
1524 2338 1646 2390 ἐπιο

105 2413 300 2485 adria-

158 2503 280 2555 Τότε
317 2503 381 2574 δὴ
432 2503 620 2577 ὥσπερ
660 2509 723 2562 ἐκ
767 2509 956 2580 βαθέος
1004 2513 1172 2570 ὕπνου
1215 2518 1522 2582 διαναστάς,
1555 2521 1647 2573 καὶ

98 2589 175 2642 τοῦ
192 2591 382 2656 ἀθλίως
396 2594 730 2660 ἀπολωλότος
755 2601 946 2670 χρόνου
974 2607 1052 2668 εἰς
1078 2608 1429 2678 συναίσθησιν
1452 2609 1642 2674 ἐλθὼν,

101 2685 176 2734 καὶ
201 2683 299 2753 τῆς
318 2685 566 2756 νεότητος
598 2689 779 2762 πάσης
807 2694 866 2745 ἐν
905 2698 1014 2759 τοῖς
1045 2700 1294 2768 ματαίοις
1316 2702 1647 2772 διατριφθεί-

103 2788 183 2840 σης
210 2774 413 2829 ἔννοιαν
445 2777 758 2848 λαμϐάνων,
810 2785 1030 2856 μεγάλῳ
1084 2788 1266 2842 πένθει
1299 2791 1642 2864 συνεσχέθην,

100 2868 176 2918 καὶ
202 2870 265 2938 τῇ
302 2869 579 2942 φιλολογίᾳ
617 2875 1074 2932 καταλλάττεσθαι
1117 2883 1209 2934 καὶ
1259 2884 1463 2956 ταύτης
1494 2902 1648 2956 περι-

100 2956 303 3023 έχεσθαι
331 2959 576 3028 διέγνων.
609 2963 909 3036 Τοιγαροῦν
937 2973 1057 3033 ταῖς
1084 2970 1286 3040 βίϐλοις
1307 2975 1521 3048 νύκτωρ
1553 2979 1646 3031 καὶ

101 3044 394 3116 μεθημεραν
425 3052 832 3123 συγγινόμενος,
853 3059 946 3110 καὶ
963 3061 1097 3131 πρὸς
1124 3063 1235 3116 τοδὶ
1253 3064 1313 3117 τὸ
1334 3044 1500 3136 ἔργον
1523 3085 1646 3121 συν-

97 3134 213 3201 εχῶς
247 3137 484 3206 ἐμαυτὸν
531 3146 890 3213 κατεπείγων,
936 3149 994 3201 ἐν
1040 3150 1230 3222 βραχεῖ
1263 3157 1488 3227 μετρίαν
1523 3159 1646 3213 τινὰ

93 3224 174 3295 τὴν
193 3229 246 3280 ἐν
275 3231 386 3293 τοῖς
418 3229 595 3300 λόγοις
630 3235 858 3308 δύναμιν
892 3241 1162 3307 συνέλεξα.
1207 3246 1278 3297 Τό
1306 3224 1376 3314 γε.
1399 3249 1512 3320 μὴν
1547 3252 1644 3322 τῆς

95 3319 395 3414 παροιμίας,
426 3323 524 3393 τῆς
571 3325 752 3381 ἁλωτά
794 3330 970 3385 πάντα
1021 3334 1168 3405 πόνῳ
1225 3338 1316 3389 καὶ
1362 3317 1643 3414 ἐπιμελείᾳ
1670 3317 1712 3375 C

94 3405 211 3462 εἶναι
234 3411 522 3485 λεγούσης,
551 3416 763 3489 ἀληθῶς
796 3420 959 3491 ἔχειν,
1003 3424 1058 3477 ἔν
1093 3442 1150 3479 τε
1195 3431 1259 3499 τῇ
1290 3429 1398 3483 τῶν
1431 3405 1644 3487 ’ίταλῶν

93 3502 172 3553 καὶ
196 3503 375 3575 πολλῷ
409 3507 608 3577 μᾶλλον
645 3512 704 3564 ἐν
739 3516 804 3584 τῇ
827 3515 954 3580 ,τῶν
993 3516 1259 3589 Ἑλλήνων
1286 3523 1497 3597 γλώττῃ
1523 3544 1645 3580 κατ-

93 3590 272 3659 έμαθον
295 3612 310 3624 ο
353 3595 442 3666 ἦν,
504 3599 846 3654 παντάπασιν
887 3606 1271 3678 ἀπορρυεῖσαν,
1309 3612 1400 3663 καὶ
1436 3590 1512 3682 at?)
1545 3613 1642 3682 τῆς

94 3680 242 3754 λήθης
270 3684 421 3756 βυθῷ
449 3690 867 3754 καταποθεῖσαν,
893 3695 1169 3764 μεγίστοις
1198 3699 1379 3762 πόνοις
1409 3702 1503 3753 σὺν
1527 3701 1644 3772 Θεῷ

96 3772 222 3843 μόνῳ
251 3776 416 3830 πάλιν
442 3778 780 3853 ἐκτησάμην,
811 3784 932 3838 ὅσον
969 3802 1030 3853 γε
1065 3787 1200 3856 πρὸς
1227 3790 1286 3842 τὸ
1318 3789 1424 3844 τῶν
1460 3792 1644 3863 Ἐλλη-

94 3867 211 3918 νιστὶ
226 3867 613 3941 φθεγγομένων
635 3876 1078 3946 συγγραμμάτων
1095 3881 1392 3934 ὁπωστιοῦν
1412 3885 1641 3952 ἐπαΐειν,

91 3957 166 4010 καὶ
192 3959 250 4011 οὑ
279 3961 425 4014 πάνυ
447 3979 500 4016 τι
526 3963 620 4016 τοῦ
656 3966 939 4037 ἑρμηνέως
962 3970 1185 4025 δεῖσθαι.

148 4047 242 4100 Τοῦ
266 4049 323 4103 δὲ
353 4052 560 4123 πατρὸς
584 4055 642 4108 ἐν
681 4055 894 4128 λιπαρῷ
928 4059 1004 4130 τῷ
1029 4062 1174 4133 γήρᾳ
1212 4062 1302 4115 τὸν
1333 4063 1445 4132 βίον
1478 4082 1643 4119 κατα-

90 4137 424 4208 πρῷαειτος,
451 4145 544 4197 καὶ
589 4146 687 4216 τὴν
732 4148 1034 4218 ἀναγκαίαν
1080 4153 1337 4223 είσφοράν
1375 4159 1439 4227 τῇ
1485 4157 1642 4226 φύσει

87 4224 571 4304 λειτουργήσαντος,
601 4239 788 4311 ἐπειδὴ
826 4241 997 4296 πολλὰ
1024 4239 1093 4314 ἦν
1136 4244 1205 4298 τὰ
1243 4245 1334 4299 τὸν
1377 4224 1642 4321 ἡμέτερον

86 4318 188 4374 νοῦν
213 4323 568 4394 θορυϐοῦντα,
600 4330 694 4382 καὶ
719 4330 818 4401 τῆς
843 4332 1124 4403 ἐρωμένης
1159 4354 1247 4406 μοι
1281 4318 1635 4408 φιλομαθείας

87 4410 202 4479 πρὸς
243 4413 368 4482 βίαν
409 4417 762 4484 ἀποσπῶντα,
810 4423 910 4476 οὐκ
942 4424 1149 4495 ἤνεγκα
1189 4429 1638 4499 τυραννούμενος,

85 4503 162 4554 καὶ
187 4504 290 4557 τῶν
318 4509 602 4578 κοσμικῶν
629 4513 970 4582 πραγμάτων
997 4517 1053 4568 ἐν
1078 4517 1226 4587 μέσῳ
1257 4521 1636 4590 στρεφόμενος.

1750 2064 1972 2120 damnat
2011 2070 2356 2137 sententiam,
2400 2073 2662 2144 iubetque
2689 2091 2848 2144 quam
2891 2078 3122 2146 primum
3155 2079 3222 2134 ad
3252 2075 3314 2136 εδ

1749 2155 1970 2223 reverti,
1993 2167 2051 2210 ut
2079 2160 2363 2216 effrenatas
2389 2162 2695 2234 ell‘usasque
2729 2166 2781 2220 in
2816 2182 2977 2223 omne
3006 2170 3312 2237 petulantiae

1749 2261 1915 2316 genus
1957 2249 2174 2304 tandem
2209 2268 2356 2308 meas
2404 2266 2651 2312 coerceat
2693 2259 3032 2329 cupiditates,
3071 2270 3126 2317 et
3167 2265 3312 2318 velut

1749 2337 2070 2405 quibusdam
2103 2341 2335 2399 vinculis
2364 2346 2717 2416 constringat.

1821 2517 1916 2572 Ηιε
1946 2531 2219 2588 permotus
2246 2533 2491 2579 excutior
2521 2525 2664 2580 velut
2687 2541 2718 2581 e
2755 2528 2906 2593 gravi
2932 2543 3122 2585 somno
3147 2546 3160 2582 :
3187 2546 3310 2585 mox

1749 2605 2036 2663 infeliciter
2072 2611 2252 2665 tritum
2281 2621 2491 2682 tempus
2517 2615 2697 2668 animo
2719 2614 2956 2680 volvens,
2986 2631 3308 2687 omnemque

1748 2707 2004 2766 reputans
2054 2701 2208 2771 nugis
2241 2703 2475 2756 deditam
2523 2703 2897 2774 juventutem,
2951 2707 3060 2763 alto
3099 2723 3311 2778 premor

1749 2789 1954 2855 dolore,
1981 2791 2033 2845 in
2062 2792 2290 2862 gratiam
2318 2793 2493 2848 redire
2511 2809 2632 2848 cum
2657 2793 2850 2850 litteris
2872 2796 3089 2851 instituo
3110 2811 3309 2866 easque

1748 2881 1948 2938 colere.
1999 2880 2107 2936 Nec
2150 2898 2298 2938 mora
2337 2901 2351 2938 :
2388 2884 2478 2938 diu
2526 2895 2796 2940 noctuque
2841 2901 2964 2940 cum
2999 2886 3152 2941 libris
3179 2901 3310 2941 con-

1748 2983 2015 3037 versatus,
2046 2983 2099 3027 et
2129 2976 2194 3028 ad
2230 2975 2469 3030 laborem
2493 2975 2606 3030 sine
2640 2977 3036 3035 intermissione
3081 2988 3308 3036 memet-

1746 3062 1919 3132 ipsum
1971 3077 2261 3128 exacuens,
2295 3067 2442 3120 brevi
2469 3067 2751 3122 nonnullos
2777 3069 3074 3124 litterarum
3103 3071 3309 3128 fructus

1746 3154 1956 3224 collegi.
2016 3155 2168 3221 Quod
2203 3168 2382 3212 autem
2423 3158 2552 3214 dicit
2593 3161 2934 3229 proverbium
2971 3180 2984 3215 :
3028 3160 3216 3218 Studio
3255 3172 3310 3218 et

1745 3260 1909 3314 opera
1951 3247 2108 3301 facile
2142 3249 2322 3302 omnia
2358 3252 2656 3318 comparari
2687 3242 2928 3321 possunt',
2969 3255 3098 3308 illud
3120 3271 3306 3321 venum

1745 3349 1864 3390 esse
1896 3338 2119 3406 cognovi
2142 3353 2209 3392 ex
2237 3339 2417 3394 ltalica
2455 3350 2510 3395 et
2539 3342 2772 3397 maxime
2801 3358 2867 3398 ex
2894 3341 3078 3398 Graeca
3107 3344 3304 3414 lingua.

1748 3423 1896 3479 lianc
1955 3428 2150 3496 quippe
2203 3439 2468 3485 mortuam
2503 3447 2737 3502 prorsus
2787 3449 3129 3502 mersamque
3168 3436 3306 3491 obli-

1745 3517 1922 3572 vionis
1998 3519 2263 3584 profundo
2335 3521 2580 3590 plurimis
2642 3525 2950 3590 laboribus,
3022 3526 3130 3581 Deo
3193 3528 3306 3582 solo

1739 3606 1981 3676 juvante,
2021 3613 2265 3666 revocavi
2299 3614 2540 3682 scivique
2561 3626 2819 3684 quantum
2858 3631 2988 3671 sane
3015 3617 3144 3671 mihi
3171 3633 3305 3686 opus

1744 3711 1864 3755 erat
1896 3711 1954 3756 ut
1987 3703 2202 3760 Graecos
2227 3715 2476 3761 auctores
2509 3709 2994 3778 quomodocunque
3039 3707 3304 3779 intellige-

1746 3807 1856 3847 rem
1888 3803 1943 3848 et
1971 3796 2086 3850 sine
2114 3797 2425 3866 interpretis
2451 3799 2665 3853 auxilio.

1814 4055 1982 4112 Porro
2029 4073 2150 4112 cum
2185 4069 2337 4128 pater
2382 4061 2433 4115 in
2478 4061 2617 4117 bona
2670 4073 2944 4119 senectute
2984 4064 3104 4119 vitae
3143 4065 3301 4122 finem

1745 4147 2094 4218 implevisset,
2123 4152 2596 4224 necessariumque
2625 4155 2874 4212 solvisset
2903 4166 3108 4212 naturae
3139 4159 3306 4214 tribu-

1742 4247 1882 4306 tum,
1913 4255 2099 4296 eorum
2135 4257 2255 4312 quae
2284 4244 2413 4298 mihi
2448 4246 2644 4314 saepius
2671 4247 3078 4316 obstrepebant,
3131 4260 3185 4304 ct
3210 4265 3306 4320 per

1743 4332 1851 4386 vim
1883 4333 2184 4388 avellebant
2206 4343 2437 4390 mentem
2473 4351 2504 4390 a
2543 4336 2796 4392 familiari
2824 4339 3066 4395 discendi
3097 4343 3306 4412 cupidi-

1744 4433 1873 4491 tate,
1909 4441 2014 4482 non
2046 4425 2141 4479 tuli
2173 4428 2534 4495 tyrannidem,
2585 4444 2686 4483 nec
2722 4432 3097 4500 temporalium
3139 4449 3305 4502 nego-

1744 4515 1938 4570 tiorum
1981 4530 2102 4585 qua}
2153 4517 2290 4572 latus
2338 4518 2471 4573 mihi
2516 4520 2800 4588 cingebant
2830 4521 3150 4578 molestiam.
3202 4525 3306 4578 Ea~

84 4593 166 4646 Διά
188 4597 343 4652 τοῦτο
379 4601 586 4665 πάντας
619 4604 743 4667 τοὺς
773 4605 880 4658 ἀπὸ
915 4605 1102 4674 γένους
1135 4627 1223 4678 μοι
1253 4610 1408 4674 ὄντας
1439 4613 1634 4678 λαθὼν,

84 4677 412 4710 ,ειητμμλι
461 4708 472 4710 _
536 4709 539 4710 ,
635 4696 646 4710 .
759 4697 767 4710 .
853 4699 945 4710 ..η
1040 4700 1064 4710 ..
1309 4705 1318 4710 .
1413 4706 1424 4710 ,
1493 4707 1502 4710 -

1750 4614 1984 4675 propter,
2040 4606 2224 4660 insciis
2252 4609 2502 4662 omnibus
2531 4612 2796 4680 cOgnatis,
2831 4621 2888 4666 ut
2936 4615 3080 4681 potui
3137 4615 3306 4670 celer-

95 4679 106 4694 ο
197 4677 222 4700 τ
395 4691 406 4705 ,
759 4697 767 4714 ι
853 4700 864 4717 ς
1040 4700 1064 4712 η.
1138 4677 1144 4678 7
1413 4706 1424 4722 ο
1624 4677 1628 4678 7

82 4698 144 4745 ως
171 4702 311 4756 ειχον
342 4707 564 4761 ταχους,
600 4696 680 4758 είς
718 4714 817 4766 την
867 4699 1144 4754 Α6ενιωνα
1187 4705 1362 4772 φυγὰς
1396 4707 1636 4777 ῳχόμην.

93 4774 222 4829 Ἐκεῖ
255 4780 312 4833 δὲ
350 4785 543 4854 μακρᾷ
577 4802 682 4838 τινι
714 4787 852 4858 νόσῳ
900 4792 1332 4859 προσπαλαίσας,
1369 4797 1461 4849 καὶ
1489 4798 1642 4863 τέλος

84 4866 228 4939 αὐτὴν
255 4875 694 4940 καταπαλαίσας,
735 4882 847 4942 τοῖς
876 4879 1100 4950 βιϐλίοις
1131 4887 1520 4959 προσεκείμην,
1549 4891 1640 4943 καὶ

81 4957 158 5010 ἐπὶ
187 4964 419 5034 μαθήσει
445 4966 618 5034 λόγων
665 4970 896 5039 ἐμαυτὸν
925 4976 1035 5036 τοῖς
1084 4976 1261 5039 πόνοις
1290 4957 1635 5051 κατέτρυχον.

149 5051 228 5105 Ἐν
247 5053 459 5118 τούτοις
491 5057 546 5110 δὲ
577 5058 690 5112 ὄντι
730 5079 839 5131 μοι,
871 5063 1098 5118 καὶτῶν
1131 5067 1305 5135 λόγων
1341 5070 1638 5141 φιλοτίμοις

81 5141 517 5218 ἀντιποιουμένῳ,
559 5151 737 5222 ἀγαθῇ
773 5171 877 5208 τινι
912 5155 1048 5229 τύχῃ
1090 5160 1393 5231 ἐγνωρίσθη
1433 5163 1638 5232 Πέτρος

81 5230 464 5323 ὁ-Γαλισαρδὸς,
499 5239 606 5293 τῶν
651 5242 770 5296 ἐκεῖ
819 5244 1206 5315 θεολογούντων
1239 5230 1278 5304 ῦὸ
1324 5230 1633 5323 κορυφαῖος,

81 5317 131 5376 οὗ
156 5326 248 5395 τὴν
275 5328 463 5396 φιλίαν
504 5332 562 5384 ἐν
600 5332 698 5402 τῆς
740 5334 880 5405 ἐμῆς
914 5337 1255 5408 εὐδαιμονίας
1287 5317 1438 5412 μέρει
1469 5317 1637 5407 τιθεὶς

81 5413 130 5463 οὐ
159 5415 460 5487 παύσομαι.
494 5420 586 5491 Μὴ
609 5423 714 5494 γὰρ
745 5423 960 5480 πώποτε
1006 5428 1216 5494 γένοιτό
1253 5448 1318 5499 με
1347 5431 1486 5484 οὕτω
1515 5433 1637 5502 μαί·

82 5503 265 5571 νεσθαι,
288 5506 434 5560 ὥστε
454 5512 553 5580 τῆς
574 5513 758 5581 τιμίας
779 5515 992 5586 ἐκείνης
1018 5517 1262 5586 κεφαλῆς
1282 5520 1633 5590 ἀμνημονεῖν,

81 5593 160 5644 καὶ
182 5595 634 5655 ἐπιλανθάνεσθαι
670 5597 743 5657 ὧν
773 5606 908 5676 πρὸς
940 5608 1105 5660 αὑτοῦ
1151 5605 1211 5662 εὖ
1243 5609 1500 5664 πέπονθα.
1537 5607 1638 5666 Οὗ-

82 5699 156 5748 τος
179 5689 284 5761 γὰρ
322 5691 682 5765 πλανωμένην
724 5714 824 5766 μου
872 5697 970 5768 τὴν
1010 5700 1342 5767 φιλοπονίαν,
1385 5703 1477 5755 καὶ
1510 5703 1640 5757 ἀτά-

83 5789 204 5842 κτως
230 5783 539 5855 φερομένην
571 5789 649 5850 εἰς
689 5787 899 5844 εὐθεῖαν
940 5790 1058 5844 ὁδὸν
1095 5792 1190 5845 καὶ
1223 5793 1483 5863 ἀνήγαγε,
1519 5797 1632 5859 καὶ,

83 5867 123 5920 εί
149 5870 216 5942 μὴ
244 5873 392 5943 μέγα
420 5893 507 5944 μοι
538 5878 597 5932 τὸ
627 5879 720 5932 τοῦ
755 5882 1017 5953 Αἰσχύλου
1057 5886 1248 5951 εἰπεῖν,
1296 5887 1484 5958 νήπιον
1511 5887 1638 5943 ὄντα

1745 4697 1902 4762 rime,
1959 4698 2290 4753 Avenionem
2356 4699 2631 4767 profectus
2689 4719 2828 4756 sum.
2880 4705 2990 4758 Illic
3051 4705 3302 4760 diuturno

1739 4790 1969 4859 quodam
2003 4805 2126 4846 cum
2157 4789 2345 4845 morbo
2375 4792 2674 4860 decertavi;
2728 4811 2833 4864 quo
2888 4797 3101 4851 tandem
3146 4813 3304 4862 supe-

1738 4892 1877 4946 rato,
1930 4882 2170 4952 impallui
2231 4883 2707 4948 librisassiduus,
2771 4888 3112 4959 invictusque
3160 4891 3302 4946 vires

1737 4973 1985 5028 exhausit
2013 4974 2182 5030 labor.

1810 5063 1888 5117 Eo
1912 5079 1998 5120 res
2029 5066 2395 5123 devenerant:
2419 5069 2624 5125 litteras
2650 5080 2825 5126 autem
2850 5081 3104 5141 appetens
3121 5075 3300 5136 enixe,

1736 5157 1970 5226 benigna
1999 5159 2228 5226 quadam
2266 5162 2478 5215 fortuna
2506 5163 2949 5218 consuetudinem
2983 5163 3136 5231 junxi
3175 5181 3297 5218 cum

1735 5250 1968 5306 cit-italis
2010 5251 2150 5306 illius
2199 5253 2566 5324 theologorum
2620 5255 2863 5326 principe
2917 5255 3078 5312 Petro
3145 5257 3299 5312 Gali-

1735 5333 1917 5408 sardo,
1975 5345 2124 5415 cujus
2178 5347 2468 5401 amicitiam
2526 5349 2579 5402 in
2626 5364 2908 5404 numerum
2958 5365 3145 5405 eorum
3181 5367 3299 5420 qua:

1737 5435 2046 5492 felicitatem
2101 5436 2230 5490 mihi
2281 5448 2608 5507 pepererunt
2651 5438 2854 5495 referre
2891 5455 2998 5495 non
3030 5441 3296 5500 desinam.

1732 5526 1806 5581 Ea
1838 5528 1978 5581 enim
2006 5529 2190 5597 procul
2226 5545 2254 5582 a
2283 5544 2367 5584 me
2393 5546 2608 5600 semper
2641 5533 2950 5601 insipientia
2974 5573 2992 5600 ,
3037 5544 3096 5592 ut
3130 5537 3300 5591 Itono-

1734 5622 1887 5674 randi
1918 5621 2059 5676 illius
2091 5623 2190 5676 viri
2227 5623 2537 5691 obliviscar,
2562 5635 2614 5679 et
2644 5641 2709 5680 cx
2737 5626 2918 5681 animo
2947 5643 3066 5683 meo
3097 5628 3301 5684 b.cneli-

1735 5711 1945 5767 ciorum
2009 5716 2202 5784 quibus
2258 5732 2343 5770 me
2403 5719 2696 5772 cumulavit
2751 5720 2964 5773 excidat
3019 5722 3295 5774 memoria.

1735 5799 1868 5856 Nam
1912 5804 1962 5857 in
1994 5807 2184 5861 studiis
2212 5807 2325 5875 ipse
2351 5823 2433 5861 me
2473 5819 2753 5878 vagantem
2794 5811 3098 5865 inordinate
3135 5811 3295 5864 retin»

1733 5893 1813 5950 xit
1842 5895 1892 5949 in
1924 5896 2059 5952 viam
2089 5907 2326 5964 rectam;
2358 5911 2430 5963 et,
2461 5900 2501 5956 si
2531 5903 2657 5956 mihi
2687 5901 2766 5957 fas
2794 5911 2874 5958 est
2909 5903 3035 5958 illud
3050 5900 3294 5973 Eschyli
