3824 6394
513 441 618 470 ’ΞῙἏ

513 460 620 496 0100

1611 436 1845 492 JACOBI
1885 435 2077 492 BlLLll

2191 436 2656 492 \z’EFATlONEb.
3648 431 3728 492 ’ὀμ

513 566 802 622 usurpare.
831 566 896 605 ex
922 551 1086 606 stulto
1115 559 1169 605 et
1194 550 1534 621 imprudente
1566 551 1882 618 prudentem
1905 547 2077 603 reddi-

2191 551 2430 622 tonplv,
2463 551 2645 604 έννουν
2676 549 2861 622 ἔθηκε,
2891 545 2987 602 καὶ
3023 546 3238 620 φρενῶν
3271 525 3539 601 ἐπίϐολον.
3568 547 3730 603 τοσοῦ-

513 648 592 702 dit
627 656 681 700 et
715 645 909 698 mentis
943 653 1265 714 compotem.
1319 645 1488 698 Tanta
1546 653 1665 697 erat
1717 642 1860 696 illius
1900 640 1953 694 in
2001 655 2086 694 me

512 736 843 797 humanitas,
878 744 934 788 ut
957 750 1120 805 saepe,
1146 734 1402 804 depositis
1429 750 1547 803 quae
1573 732 1802 787 habebat
1836 733 1887 785 in
1922 730 2087 785 mani-

512 829 636 891 bus,
689 828 822 882 mihi
861 829 1018 882 daret
1063 843 1283 896 operam
1313 867 1327 890 ,
1389 836 1439 879 et
1505 842 1626 894 qua:
1675 825 1894 878 utilitati
1956 838 2087 877 meae

513 922 880 978 conducerent
913 921 1024 976 suis
1053 920 1220 991 ipsius
1259 919 1452 973 studiis
1484 925 1836 988 prmponeret.
1885 915 2084 970 invise-

510 1015 636 1069 bam
688 1014 858 1086 igitur
910 1029 1033 1069 eum
1073 1022 1335 1083 quantum
1382 1019 1436 1065 et
1487 1011 1915 1080 quotiescunque
1953 1006 2084 1060 mihi

512 1106 734 1170 libebat,
777 1105 1147 1175 maioremque
1169 1104 1271 1157 diei
1310 1113 1514 1172 partem
1545 1117 1665 1156 cum
1709 1115 1773 1156 eo
1803 1098 2084 1164 ducebam,

511 1200 761 1272 plurimis
788 1199 1063 1269 variisque
1092 1198 1254 1251 ditior
1287 1210 1504 1265 semper
1530 1191 1947 1247 eruditionibus.

585 1292 678 1346 Ille
745 1290 985 1361 quidem,
1037 1289 1116 1342 vir
1167 1288 1314 1342 omni
1373 1287 1620 1340 doctrina
1696 1283 2083 1353 propemodum

513 1384 783 1447 excultus,
836 1382 1002 1436 multa
1051 1381 1299 1442 libenter,
1352 1380 1606 1434 libentius
1650 1392 1780 1431 vero
1816 1376 2087 1430 rhetorice

513 1477 706 1532 doctus
730 1474 1056 1529 rhetoricam
1097 1489 1182 1527 me
1210 1474 1451 1526 docebat.
1496 1469 1567 1524 Ut
1603 1480 1779 1524 autem
1809 1484 1841 1522 a
1881 1467 2087 1522 theolo-

513 1573 620 1642 gia,
657 1568 808 1633 cuius
832 1577 951 1621 erat
978 1565 1202 1628 arbiter,
1231 1565 1453 1618 omnino
1478 1579 1586 1617 non
1624 1560 1922 1624 recederet,
1952 1559 2084 1612 artis

515 1662 767 1718 oratoriae
800 1667 1088 1728 praecepta,
1117 1657 1182 1708 de
1217 1656 1414 1725 quibus
1441 1656 1579 1710 inter
1606 1668 1704 1708 nos
1731 1652 2083 1720 colloquium,

516 1752 852 1824 inspicienda
943 1748 1274 1804 monstrabat
1350 1747 1400 1800 in
1471 1746 1857 1814 interpretibus
1919 1757 2087 1797 sacrae

517 1847 814 1917 Scriptura:
843 1853 896 1899 et
931 1844 996 1896 iis
1025 1842 1113 1910 qui
1145 1843 1231 1910 pia
1277 1839 1538 1893 orationis
1583 1845 1899 1906 argumenta
1931 1834 2086 1889 insti—

2193 660 2283 696 τον
2306 643 2413 715 γάρ
2435 639 2503 714 ἦν
2525 643 2674 714 αὐτῷ
2695 643 2754 696 τὸ
2777 641 2963 713 περιὸν
2995 640 3093 712 τῆς
3121 640 3201 704 είς
3225 639 3324 711 ἐμὲ
3339 639 3729 711 φιλανθρωπίας,

2193 734 2332 787 ὥστε
2354 735 2448 788 καὶ
2474 734 2584 788 τῶν
2618 735 2676 787 ἐν
2707 733 2864 806 χερσὶ
2897 731 3157 794 πολλάκις
3183 731 3478 801 ἀφέμενον,
3502 731 3617 801 ἐμοὶ
3636 749 3732 802 sxa-

2192 825 2397 890 λάζειν,
2427 827 2521 882 καὶ
2547 827 2765 881 πλείονα
2793 826 2892 897 τῆς
2920 824 3060 895 ἐμῆς
3093 822 3358 892 ὡφελείας
3384 823 3416 896 ἢ
3445 823 3544 893 τῆς
3579 824 3734 876 Eua-.55

2193 918 2576 990 πραγματείας
2597 918 2754 986 λόγον
2776 913 3123 988 ποιήσασθαι.
3155 915 3451 986 Χρὼμενος
3475 911 3566 968 οὖν
3585 916 3736 985 τάνδρὶ

2192 1013 2292 1066 ὅσα
2322 1012 2416 1066 καὶ
2441 1011 2632 1075 ὁσάκις
2659 1009 2968 1081 βουλομένῳ
3016 1025 3106 1080 μοι
3133 1003 3222 1080 ἦν,
3255 1007 3316 1061 τὸ
3342 1008 3477 1061 πολὺ
3509 1007 3602 1078 τῆς
3630 1009 3738 1079 ἡμέ-

2195 1123 2295 1176 ρας
2321 1105 2436 1176 μετῗ
2459 1103 2623 1158 αὐτοῦ
2651 1105 2821 1176 ήμην,
2845 1103 2933 1157 ἀεί
2960 1119 3012 1155 τι
3041 1102 3182 1156 κατά
3210 1101 3456 1155 παιδείαν
3480 1101 3742 1172 ἐμπορευό-

2196 1214 2376 1271 μενος.

2274 1290 2332 1343 Ὀ
2362 1288 2416 1341 δὲ
2447 1289 2540 1342 καὶ
2572 1286 2744 1341 πολλά
2779 1287 2878 1358 μὲν
2908 1285 3044 1342 ἀλλα
3071 1286 3321 1356 ἀσμένως
3343 1284 3466 1356 ἐμοὶ
3493 1285 3740 1357 παρεδίδου

2195 1381 2398 1454 (πάσης
2429 1381 2540 1453 γάρ
2563 1381 2897 1444 παιδεύσεως
2924 1381 3004 1442 είς
3026 1378 3196 1450 αὐτὴν
3225 1377 3410 1448 σχεδὸν
3431 1376 3650 1446 ἐφθάκει
3667 1379 3740 1449 τὴν

2193 1472 2490 1546 ἀκρότητα)
2523 1472 2921 1544 άσμενέστερον
2957 1471 3014 1524 δὲ
3040 1470 3138 1543 τὴν
3163 1469 3457 1542 ῥητορικὴν
3477 1469 3740 1536 ἐδίδασκεν,

2193 1561 2260 1637 ἦς
2286 1566 2545 1635 πλείστην
2575 1561 2688 1635 εἶχε
2713 1563 2811 1635 τὴν
2833 1561 3141 1634 ἐμπειρίαν.
3176 1563 3295 1615 Ἵνα
3333 1561 3390 1615 δέ
3424 1561 3498 1632 μὴ
3521 1561 3738 1632 πάμπαν,

2191 1656 2259 1731 ἦς
2299 1659 2649 1729 ἐπρέσϐευεν,
2681 1655 2952 1726 ἀποσταίη
2985 1657 3082 1728 τῆς
3114 1654 3413 1724 θεολογίας,
3456 1654 3524 1708 τά
3558 1655 3650 1724 τῆς
3677 1656 3742 1708 τέ-

2192 1769 2324 1823 χνης
2360 1749 2796 1820 παραγγέλματα
2829 1748 3121 1819 κινούμενα
3162 1747 3386 1820 θεωρεῖν
3421 1750 3666 1818 παρεῖχεν
3699 1749 3742 1799 ἐν

2191 1847 2303 1908 τοῖς
2331 1844 2429 1914 τῆς
2463 1844 2613 1915 ἱερᾶς
2654 1842 2874 1912 Γραφῆς
2917 1840 3230 1909 ἐξηγηταῖς,
3275 1839 3369 1893 καὶ
3401 1839 3637 1902 εὐσεϐεῖς
3657 1840 3742 1892 τῶν

516 1947 751 1993 luerunt.
791 1935 915 1989 llazc
941 1935 1127 1988 eadem
1173 1932 1428 1985 laudabat
1459 1930 1839 1998 indicabatque
1870 1928 1923 1982 in
1963 1927 2077 1982 aliis

2191 1938 2364 2006 λόγων
2392 1935 2676 1999 ὑποθέσεις
2704 1935 3146 2006 ἐνστησαμένοις.
3183 1934 3383 1987 Ἐποίει
3409 1933 3465 1987 δὲ
3495 1933 3644 1986 τοῦτο
3671 1934 3742 1986 καὶ

513 2030 763 2086 omnibus
803 2022 910 2097 qui'
929 2024 1194 2080 sermonis
1233 2024 1434 2077 virtute
1463 2033 1519 2076 et
1559 2021 1833 2089 elegantia
1881 2033 2082 2073 nomen

513 2121 614 2177 sibi
642 2128 1047 2190 compararunt,
1078 2128 1133 2172 at
1160 2117 1430 2187 prrecipue
1474 2117 1525 2170 in
1554 2115 1818 2183 Gregorio
1851 2112 2086 2167 Nazian-

513 2227 648 2268 zeno
678 2210 831 2279 cujus
861 2209 914 2264 in
946 2210 1174 2265 dicendo
1203 2207 1568 2276 eloquentiam
1605 2217 1659 2260 et
1696 2205 2083 2260 sublimitatem

513 2303 751 2359 maxime
799 2302 1118 2357 mirabatur.
1174 2301 1276 2369 lpsi
1317 2310 1496 2352 tamen
1559 2312 1782 2366 operum
1838 2295 2086 2367 Gregorii

513 2394 676 2452 lectio
703 2394 965 2449 molestia:
999 2391 1246 2446 nonnihil
1273 2389 1516 2445 creabat.
1562 2389 1694 2442 Eum
1728 2388 1870 2443 enim
1902 2386 2086 2442 dolore

514 2487 740 2542 multum
775 2484 1041 2540 afﬁciebat
1070 2483 1406 2539 obscuritate
1449 2480 1648 2536 referta
1684 2478 2080 2548 interpretatio,

511 2595 632 2651 qua:
665 2577 912 2649 pluribus
962 2578 1014 2630 in
1062 2576 1200 2630 locis
1247 2575 1462 2637 vitiosa,
1505 2573 1674 2628 instar
1705 2572 1864 2626 nubis
1905 2571 2086 2638 cujus-

513 2678 660 2736 dam,
707 2672 1020 2727 otlundebat
1048 2672 1168 2725 viro
1202 2668 1519 2724 doctissimo
1549 2668 1835 2728 tenebras,
1885 2674 1938 2719 et
1977 2679 2082 2718 non

509 2769 683 2822 solum
712 2763 1018 2822 facundiam
1053 2764 1193 2832 ejus,
1241 2763 1334 2816 sed
1371 2762 1700 2830 scriptorum
1748 2758 1915 2812 etiam
1955 2772 2080 2811 sen-

511 2874 632 2915 sum
662 2856 1034 2912 obnubilabat.
1055 2855 1392 2924 Quandoque
1422 2853 1586 2922 igitur
1607 2852 1804 2905 librum
1841 2850 2083 2918 indigna-

507 2949 723 3005 bundus
776 2939 1099 3017 projieiebat
1157 2944 1211 2999 in
1280 2931 1683 3010 pavimentum;
1759 2941 2082 3010 quandoque

508 3039 674 3094 etiarn
704 3055 732 3092 a
763 3054 851 3092 me
878 3036 1189 3106 postulabat
1226 3044 1284 3089 ut
1329 3050 1448 3104 quae
1500 3033 1731 3088 obscura
1766 3031 2082 3085 videbantur

510 3130 818 3184 accuratius
857 3129 1255 3212 dilucidiusque
1291 3127 1573 3182 redderem
1620 3135 1673 3178 et
1714 3123 2076 3193 explanarem.

467 3235 472 3239 '
509 3221 751 3291 Denique
773 3237 892 3276 cum
933 3220 1110 3274 omnis
1142 3220 1190 3272 ei
1227 3218 1568 3274 stomachum
1605 3225 1847 3271 moveret
1879 3215 2076 3279 versio,

511 3327 597 3366 me
622 3313 845 3381 rogabat
879 3318 936 3363 ut
971 3308 1265 3364 secundam
1297 3323 1511 3362 manum
1554 3306 1842 3374 adjicerem
1878 3305 2082 3375 Grego-

509 3403 612 3464 rio,
671 3413 726 3456 et
777 3401 908 3455 illud
970 3417 1109 3457 onus
1154 3399 1397 3455 humeris
1448 3400 1805 3468 imponercm,
1859 3397 2085 3465 publica:

508 3495 850 3563 pr05piciens
879 3493 1121 3548 utilitati.
1158 3492 1255 3547 Ast
1293 3508 1393 3563 ego
1434 3506 1566 3546 mea:
1609 3492 1804 3560 partim
1837 3489 2083 3544 conscius

508 3583 913 3650 imbecillitatis,
960 3599 1120 3653 quam
1158 3585 1272 3654 ipse
1304 3599 1403 3652 pro
1431 3583 1598 3636 nimia
1629 3583 1682 3635 in
1717 3598 1802 3635 me
1844 3582 2082 3636 benevo-

506 3679 675 3735 lentia
715 3693 819 3734 non
857 3690 1233 3749 persenserat,
1263 3681 1459 3749 partim
1498 3679 1680 3747 operis
1705 3677 1931 3730 arduum
1969 3693 2084 3731 me—

509 3777 668 3821 tuens
694 3766 1036 3839 fugiensque,
1075 3780 1257 3823 mente
1287 3778 1543 3825 caeterum
1574 3768 1738 3822 rebus
1783 3767 1903 3821 aliis
1956 3777 2084 3822 tunc

507 3859 774 3924 intentus,
805 3875 1146 3930 nequaquam
1179 3861 1325 3928 potui
1359 3860 1608 3928 precibus
1637 3858 1812 3923 ﬂecti;
1847 3859 1939 3912 sed
1966 3874 2082 3927 quae

507 3949 677 4004 semel
716 3965 1102 4020 proposueram
1133 3952 1506 4018 consertisque
1530 3949 1776 4003 tenebam
1811 3949 2076 4014 manibus,

507 4043 563 4094 in
596 4041 679 4095 Itis
718 4041 932 4110 perstiti
964 4051 1149 4096 tenax.
1195 4041 1308 4095 Illic
1346 4041 1511 4109 igitur
1551 4053 1654 4094 non
1686 4041 1896 4095 modico
1940 4050 2079 4095 tem-

506 4148 638 4202 pore
673 4141 944 4187 transacto
973 4134 1184 4187 domum
1219 4148 1306 4188 me
1352 4133 1551 4200 recepi.

577 4224 758 4280 Multis
794 4233 978 4295 postea
1023 4225 1360 4294 diversisque
1411 4238 1701 4292 percussus
1735 4223 2077 4290 vulneribus,

507 4317 667 4371 simul
702 4325 762 4370 ut
786 4316 1163 4370 remissionem
1192 4317 1482 4385 quamdam
1512 4326 1567 4371 et
1589 4321 1758 4371 otium
1793 4319 2075 4389 impetravi

507 4427 539 4463 a
567 4409 661 4464 Dei
694 4409 1002 4472 clementia,
1033 4410 1212 4463 dimisi
1255 4425 1374 4479 qua:
1418 4410 1546 4465 mihi
1589 4413 1887 4466 amoeniora
1923 4422 2078 4467 erant

503 4508 560 4555 et
602 4501 919 4556 arridebant
959 4502 1156 4570 magis,
1189 4503 1254 4555 ad
1300 4518 1436 4570 opus
1465 4513 1663 4560 memet
1695 4505 1905 4559 admovi
1941 4506 2074 4559 deti-

2191 2033 2249 2084 ἐν
2279 2031 2412 2082 πᾶσι
2444 2029 2542 2099 μὲν
2568 2028 2748 2092 ἄλλοις
2780 2031 2891 2092 τοῖς
2930 2027 3022 2079 ἐπὶ
3047 2027 3220 2096 λόγων
3251 2028 3480 2098 δυνάμει
3522 2029 3612 2080 καὶ
3639 2027 3743 2080 καλ,

2189 2122 2418 2192 λιφωνίᾳ
2466 2120 2862 2191 εὐδοκιμοῦσιν,
2903 2119 3198 2192 ὲξάιρέτως
3231 2119 3287 2172 δὲ
3329 2120 3386 2172 ἐν
3425 2118 3505 2189 τῷ
3537 2117 3742 2182 Ναζισν-

2190 2214 2336 2286 ςηνῷ
2369 2213 2675 2285 Γρηγορίῳ,
2711 2208 2772 2266 οὗ
2797 2211 2894 2282 τὴν
2918 2212 3049 2282 περὶ
3071 2210 3133 2263 τὸ
3161 2211 3342 2279 λέγειν
3370 2209 3646 2280 δεινότητα
3666 2209 3740 2260 καὶ

2189 2308 2490 2378 ὑψηγορίαν
2529 2307 2894 2377 διαφερόντως
2931 2303 3260 2374 ἐθαύμαζεν.
3309 2303 3383 2356 Οὐ
3429 2303 3534 2374 μὴν
3567 2301 3741 2372 ἀμιγὴς

2188 2399 2378 2470 ἀηδίας
2409 2396 2684 2460 παντελῶς
2714 2391 2782 2466 ἦν
2828 2395 2977 2466 αὐτῷ
3006 2393 3112 2447 τῶν
3157 2393 3346 2446 τούτου
3378 2394 3741 2463 συνταγμάτων

2188 2492 2564 2564 ἡάνάγνωσις.
2603 2487 2822 2541 Ἑλύπει
2856 2487 2964 2557 γὰρ
2993 2473 3158 2538 αὐτὸν
3191 2486 3251 2538 οὐ
3287 2483 3577 2556 μετρίωςὴ
3605 2484 3743 2554 μετιί⁶

2188 2601 2385 2656 φρασις
2435 2581 2702 2650 ἀσαφείας
2752 2579 3038 2655 ἀνάπλεως
3080 2573 3247 2639 οὖσα,
3300 2576 3392 2630 καὶ
3445 2578 3504 2629 ἐν
3555 2575 3744 2637 πολλοῖς

2187 2675 2522 2747 ὲσφαλμένη,
2546 2673 2775 2743 νεφέλης
2807 2671 2950 2734 τινὸς
2981 2670 3136 2742 δίκην
3169 2668 3590 2740 ἐλλογιμωτάτῳ
3611 2668 3745 2738 ἀνδρὶ

2186 2764 2612 2836 ἐπιπροσθοῦσα,
2661 2762 2756 2816 καὶ
2788 2762 2910 2831 οὐχὶ
2951 2761 3049 2832 τὴν
3079 2759 3332 2812 εὐέπειαν
3370 2758 3539 2812 αὐτοῦ
3585 2759 3744 2828 μόνον,

2183 2853 2318 2906 ἀλλά
2342 2852 2435 2905 καὶ
2458 2852 2548 2904 τὸν
2574 2850 2697 2904 νοῦν
2725 2850 2835 2903 τῶν
2857 2850 3256 2921 γεγραμμένων
3287 2848 3745 2917 συγκαλύπτουσα.

2183 2945 2274 2998 Διὸ
2302 2945 2395 2998 καλ⁵
2427 2942 2770 3011 ἀγανακτῶν,
2813 2941 2941 2994 ποτέ
2999 2941 3096 3011 μὲν
3125 2941 3220 2994 καὶ
3257 2941 3427 3012 αὐτὴν
3463 2941 3559 3012 τὴν
3588 2940 3747 3011 βίϐλον

2183 3039 2263 3101 είς
2293 3035 2557 3104 τούδαφος
2590 3035 2950 3107 ἀπέρριπτεν,
2990 3033 3120 3085 ποτέ
3158 3033 3216 3086 δέ
3266 3050 3334 3104 με
3371 3033 3440 3087 τὰ
3478 3032 3748 3095 σκοτεινῶς

2182 3129 2324 3200 ἔχειν
2363 3127 2624 3183 δοκοῦντα
2655 3125 2995 3197 τρανώτερον
3039 3125 3350 3195 ἐξηγεῖσθαι
3379 3127 3474 3179 καὶ
3500 3126 3751 3195 διασαφη-

2182 3220 2348 3284 νίζειν
2376 3219 2622 3274 ἐκέλευε·
2666 3218 2814 3282 τέλος
2862 3217 2918 3270 δὲ
2972 3216 3066 3269 καὶ
3113 3216 3248 3286 πρὸς
3279 3216 3408 3287 ὃλην
3461 3216 3558 3288 τὴν
3601 3218 3752 3288 μετὰ-

2186 3330 2385 3384 φρασιν
2437 3311 2792 3383 δυσχεράνας,
2851 3307 3152 3381 παρεκάλει
3208 3324 3274 3379 με
3315 3311 3472 3380 χεῖρα
3512 3309 3754 3379 δευτέραν

2185 3407 2411 3472 ἐπάγειν
2443 3403 2520 3474 τῷ
2562 3401 2863 3473 Γρηγορίῳ,
2921 3403 3014 3454 καὶ
3064 3399 3156 3452 τοῦ
3195 3403 3346 3471 κοινῇ
3396 3399 3756 3471 συμφέροντος

2185 3499 2344 3568 χάριν
2374 3495 2491 3549 τόδε
2539 3495 2599 3548 τὸ
2637 3493 2800 3564 ἄχθος
2840 3493 2926 3547 ἐπ’
2952 3491 3087 3563 ὤμῳ
3118 3491 3372 3562 ἄρασθαι.
3408 3490 3549 3560 Ἐγὼ
3577 3491 3651 3552 δὲ,

2187 3591 2286 3662 μὲν
2316 3589 2452 3662 πρὸς
2477 3587 2574 3659 τὴν
2601 3588 2741 3657 ἐμὴν
2779 3584 3060 3638 ἀσθένειαν
3096 3582 3335 3655 ἀφορῶν,
3383 3583 3452 3654 ἢν
3491 3582 3759 3648 αὐτὸς,δὰ

2182 3684 2244 3737 τὸ
2279 3673 2415 3754 πρὸς
2455 3681 2521 3753 μέ
2555 3679 2777 3750 φίλτρον
2810 3678 2912 3730 οὐκ
2937 3675 3130 3738 ἐσεῖδε,
3167 3674 3242 3745 πὴ
3276 3675 3332 3728 δὲ
3371 3674 3434 3727 τὸ
3460 3673 3552 3728 τοῦ
3597 3674 3756 3745 ἔργον

2182 3776 2439 3846 δυσχερὲς
2478 3772 2894 3841 εὐλαϐούμενος,
2938 3769 3032 3822 καὶ
3075 3767 3190 3839 ἅμα
3240 3768 3376 3840 πρὸς
3419 3767 3595 3832 ἀλλοις
3619 3767 3762 3836 ἔχων

2182 3869 2302 3921 τότε
2334 3869 2424 3921 τὸν
2452 3867 2596 3927 νοῦν,
2633 3864 2768 3934 πρὸς
2792 3861 2890 3932 τὴν
2911 3861 3124 3931 αἴτησιν
3153 3861 3252 3914 οὐκ
3285 3860 3602 3930 ἐκάμφθην’
3644 3859 3760 3912 ἀλλ’

2181 3956 2262 4024 οἷς
2293 3960 2438 4025 ama
2466 3957 2794 4029 προειλόμην
2847 3953 3271 4024 ἐνεκαρτέρησα,
3327 3951 3436 4005 τῶν
3471 3954 3528 4004 ἐν
3569 3969 3628 4022 χε
3644 3955 3762 4023 pata

2183 4051 2351 4124 ἀπρὶξ
2383 4053 2636 4122 ἐχόμενος
2659 4064 2675 4081 ·
2711 4047 2905 4118 συχνοῦ
2930 4046 2986 4098 δὲ
3017 4046 3209 4116 χρόνου
3234 4047 3353 4097 ἐκεῖ
3385 4045 3764 4116 διεληλυθότπ

2183 4143 2418 4198 ἐπανιὼν
2443 4142 2642 4195 οἴκαδε.

2253 4235 2482 4298 Πολλαῖς
2505 4251 2562 4287 τε
2601 4233 2692 4287 καὶ
2722 4231 2995 4294 ποικίλαις
3040 4230 3190 4303 παρά
3233 4229 3328 4284 τοῦ
3360 4229 3549 4302 καιροῦ
3585 4249 3766 4302 προσ-

2180 4328 2361 4390 ϐολαῖς
2410 4325 2656 4397 πληγεὶς,
2712 4323 2895 4394 ἐπειδὴ
2942 4323 3178 4386 ἀνέσεώς
3229 4340 3373 4386 τινος
3418 4324 3511 4376 καὶ
3562 4324 3770 4394 σχολῆς

2179 4418 2328 4490 παρὰ
2356 4417 2448 4472 τοῦ
2481 4417 2857 4487 φιλανθρώπου
2884 4415 3017 4468 Θεοῦ
3048 4412 3246 4484 τυχὼν,
3271 4414 3380 4466 τῶν
3437 4415 3774 4486 προύργιαι-

2178 4511 2347 4582 τέρων
2405 4507 2742 4579 ἀπηλλάγην,
2798 4505 3098 4577 τηνικαῦτα
3161 4505 3224 4574 δὴ
3271 4505 3412 4558 κατὰ
3490 4503 3776 4573 βελτίονος

503 4595 685 4649 ciente
717 4593 928 4649 meliori
958 4595 1288 4666 interprete,
1331 4607 1386 4650 et
1422 4598 1473 4650 in
1527 4595 1658 4650 illud
1699 4611 1907 4651 summa
1951 4611 2070 4650 cum

2191 4601 2458 4674 ἑρμηνέως
2488 4601 2720 4674 ἐρημίαν
2752 4599 2814 4652 τὸ
2858 4599 3014 4669 ἔργον
3065 4597 3442 4668 ἐπεϐαλόμην,
3483 4597 3590 4650 καὶ
3636 4601 3782 4669 μετά

504 4685 790 4742 alacritate
827 4697 882 4742 et
923 4688 1198 4758 diligentia
1225 4689 1468 4744 incubui.
1501 4688 1605 4744 Sed
1635 4704 1738 4743 non
1763 4688 1933 4743 multo
1954 4699 2075 4757 post

499 4781 729 4848 cognovi
771 4795 856 4835 me
909 4781 1170 4835 miserum
1224 4781 1431 4836 viribus
1471 4781 1645 4850 impar
1703 4796 1839 4834 onus
1892 4796 2073 4835 susce-

499 4874 647 4943 pisse
682 4891 694 4928 :
737 4873 864 4928 hinc
899 4874 1032 4927 mihi
1065 4875 1456 4928 succensebam
1498 4874 1639 4943 quod
1670 4873 1797 4927 illud
1842 4881 2073 4926 tractare

500 4982 607 5019 non
643 4965 1108 5019 relorn‘tidassetn.
1154 4966 1370 5020 Etenim
1415 4967 1545 5020 mihi
1585 4966 1840 5035 primtt‘m,
1871 4965 2014 5021 velut
2042 4982 2072 5020 e

498 5066 657 5123 portu
705 5056 960 5116 solventi.
1023 5071 1216 5110 serena
1251 5058 1430 5111 omnia
1479 5058 1877 5128 tranquillaque
1929 5057 2073 5112 vitle-

498 5147 716 5209 hantur,
762 5147 832 5199 ita
883 5154 941 5198 ut
983 5155 1038 5198 et
1075 5145 1208 5198 mihi
1244 5145 1308 5199 de
1371 5146 1586 5217 incepto
1631 5149 1936 5216 gratularer
1971 5156 2071 5200 :at

497 5238 708 5309 longius
735 5239 1024 5293 abductum
1061 5247 1211 5292 tanta
1237 5254 1322 5292 me
1370 5249 1661 5310 tempestas
1693 5249 1909 5309 tamque
1939 5256 2069 5311 gra-

496 5329 1102 5399 visjactavitprocella,
1144 5329 1463 5384 utvicinum
1496 5331 1809 5385 immineret
1854 5332 2070 5385 naufra-

497 5423 668 5492 gium.
694 5422 760 5476 Et
793 5433 944 5478 certe
977 5423 1262 5492 periissem
1301 5421 1635 5487 submersus,
1665 5424 1767 5476 nisi
1797 5423 2068 5478 emendati

495 5515 720 5584 quidam
759 5516 1162 5586 augustissima!
1229 5514 1430 5583 reginae
1483 5513 1606 5569 libri
1653 5516 1765 5585 jam
1816 5516 2067 5571 ﬂuctibus

497 5607 780 5677 abreptum
809 5610 1175 5664 reduxissent.
1210 5606 1308 5662 Ubi
1354 5605 1632 5676 adjutores
1673 5609 1804 5663 mihi
1845 5621 2064 5674 venere,

497 5709 610 5753 tum
645 5714 832 5755 secare
862 5704 1054 5766 undas,
1095 5701 1280 5757 multis
1318 5702 1534 5770 quidem
1582 5717 1703 5756 cum
1753 5701 2062 5767 sudoribus,

492 5800 550 5848 et
582 5791 808 5861 pelagus
843 5793 1312 5861 interpretationis
1352 5791 1622 5860 trajicere.

2180 4695 2361 4764 πάσης
2395 4692 2704 4764 προθυμίας
2735 4690 2828 4743 ἐπὶ
2855 4689 3029 4760 τούτῳ
3059 4691 3324 4759 ἐπέκυψα.
3361 4691 3494 4744 Μετ’
3523 4691 3598 4743 οὐ
3639 4693 3781 4744 πολὺ

2172 4787 2230 4839 δὲ
2265 4785 2510 4857 ᾐσθόμην
2538 4784 2739 4847 ἄθλιος,
2776 4781 2961 4853 μεῖζον
3003 4782 3034 4854 ἦ
3080 4782 3220 4835 κατά
3271 4782 3338 4852 μὲ
3370 4782 3606 4854 φορτίον
3637 4787 3784 4855 ἀρά-

2177 4891 2356 4945 μενος,
2393 4872 2680 4927 καὶπολλὰ
2708 4872 2940 4942 ἐμαυτὸν
2973 4864 3072 4942 τῆς
3115 4872 3392 4943 τολμηρᾶς
3423 4874 3652 4946 ταύτης
3697 4880 3788 4943 ἑγο

2173 4969 2474 5040 χειρήσεως
2513 4963 2955 5035 κατεμεμψάμην
2975 4980 2986 4992 ·
3023 4963 3114 5015 καὶ
3144 4964 3250 5034 γάρ
3279 4965 3360 5016 τοί
3389 4981 3442 5016 τι
3476 4965 3593 5034 μὲν
3632 4969 3792 5039 πρῶ.

2173 5077 2261 5112 τον
2290 5058 2480 5129 ὥσπερ
2519 5058 2582 5110 ἐκ
2609 5055 2829 5126 λιμένος
2873 5054 3124 5122 ἁνάγοντί
3157 5072 3247 5125 μοι
3273 5054 3423 5108 εὐδια
3456 5057 3663 5110 πάντα
3697 5064 3793 5113 καὶ

2171 5150 2412 5220 γαλήνης
2443 5147 2615 5220 μεστά
2647 5147 2915 5215 ἐφαίνετο,
2943 5145 3083 5198 ὥστε
3115 5147 3209 5198 καὶ
3234 5145 3327 5198 τοῦ
3354 5149 3794 5222 ἐγχειρήματος

2170 5241 2392 5312 ἐμαυτῷ
2426 5238 2742 5311 συνήδεσθαι
2769 5254 2782 5266 ·
2807 5237 3134 5310 πορρωτέρω
3151 5237 3206 5290 δέ
3238 5239 3498 5308 προϊόντα
3545 5260 3626 5312 με
3666 5261 3795 5296 τος-

2170 5333 2325 5397 οὗτος
2369 5332 2573 5404 χειμὼν
2615 5333 2709 5385 καὶ
2751 5331 2893 5385 οὕτω
2919 5330 3065 5402 δεινὴ
3094 5330 3229 5402 ζάλη
3258 5333 3602 5397 κατέλαϐεν,
3643 5339 3792 5392 (Ls-.5

2172 5427 2264 5478 καὶ
2289 5424 2480 5497 μικρὸν
2512 5423 2778 5478 ἀπέλιπον
2809 5422 2903 5476 τοῦ
2955 5423 3029 5493 μὴ
3057 5423 3442 5479 καταδύεσθαι.
3481 5427 3621 5483 Καὶ
3653 5435 3798 5485 πάν-

2170 5537 2273 5584 τως
2315 5521 2380 5573 ἂν
2407 5518 2771 5591 καταδρύχιος
2808 5519 2948 5583 ἔδυν,
2973 5520 3020 5572 εί
3059 5520 3133 5592 μὴ
3159 5521 3638 5593 ἐπηνωρθωμένα
3670 5535 3798 5584 τινὰ

2170 5613 2273 5682 τῆς
2310 5612 2449 5664 πάνυ
2487 5611 2804 5682 βασιλίσσης
2843 5611 3020 5681 βιϐλία
3059 5613 3181 5666 καθ’
3219 5613 3428 5667 ὑδάτων
3459 5616 3588 5690 ἤδη
3626 5625 3803 5694 φερά-

2177 5721 2333 5775 μενον
2363 5702 2727 5771 ἐπεκούφισαν
2747 5719 2759 5732 ο
2795 5703 2882 5772 ὐφ’
2914 5698 2990 5757 ὧν
3023 5704 3403 5778 βοηθούμενος,
3427 5709 3544 5763 τοῦ
3575 5713 3804 5769 κλύδω-

2171 5812 2261 5858 νος
2297 5794 2452 5864 μόγις
2484 5795 2760 5866 ὑπερῆρα,
2795 5797 2887 5850 καὶ
2926 5797 2986 5850 τὸ
3026 5797 3184 5868 τῆσδε
3217 5797 3316 5868 τῆς
3354 5809 3804 5876 μεταφράσεως

2172 5887 2306 5941 πέλα
2323 5905 2404 5957 [ος
2439 5887 2752 5959 διεπέρασα.
