3824 6394
171 373 262 430 διδ
689 365 693 369 ’
1158 368 1449 425 JOANNIS
1486 369 1954 428 LEUVENKLAll
1994 337 2394 434 ramento:
3285 376 3389 433 ato

226 480 403 536 [Ιολλοῦ
429 480 472 534 δ’
500 480 564 533 ἂν
608 478 958 553 ἐτιμησάμην
1008 482 1188 553 εὑρεῖν
1235 499 1356 536 τινα
1402 482 1513 536 τῶν
1546 499 1710 535 τυπο-

1892 487 2087 542 Mirum
2147 505 2311 559 porro
2352 488 2658 543 me'tenuit
2706 487 3035 544 desiderium
3073 492 3385 561 typugrapbi

167 572 513 647 γραφοὺντων,
566 573 711 636 ὅστις
753 573 868 645 ἅμα
916 574 994 645 τῷ
1027 575 1280 646 Ῥωμαίῳ
1322 575 1417 630 καὶ
1462 576 1553 628 τὸν
1592 575 1677 629 Ἑλ

1875 579 1904 632 ti
1934 596 2038 633 una
2062 597 2184 635 cum
2219 581 2474 636 versione
2507 580 2661 651 prelo
2687 581 2957 649 subjicere
2991 581 3153 635 vellet
3184 592 3385 636 textum

168 665 350 737 ληνικδν
386 665 675 736 Γρηγόριον
709 665 979 721 ὲκτυποῦν
1021 668 1292 731 ἐϐούλετο,
1334 669 1419 720 ἵνα
1459 667 1567 720 τῶν
1610 669 1678 720 ἐπ

1877 673 2060 741 regorii
2086 672 2359 737 Graecum,
2388 681 2445 727 ut
2483 672 2604 727 illas
2634 672 2732 742 ipsi
2764 672 3032 727 traderem
3059 687 3194 741 quas
3228 687 3387 734 erue-

168 758 477 830 ανορθὼσεων
497 757 736 821 ἐκείνων,
770 758 837 822 ἃς
864 760 928 812 ὲκ
954 759 1061 814 τῶν
1087 760 1188 830 τῆς
1218 759 1537 830 βασιλίσσης
1563 760 1678 813 ἀντι

1880 780 1929 818 ιη
1964 780 1994 819 e
2021 766 2224 835 regina:
2257 764 2657 834 exemplaribus
2691 764 3123 819 emendationes.
3168 764 3238 816 At
3278 764 3386 817 voti

168 851 361 922 γράφων
393 848 594 912 ἔλαϐον,
639 849 790 920 αὐτῷ
836 850 1142 922 μεταδοίην.
1189 853 1339 905 Ἐπεὶ
1385 852 1440 904 δὲ
1481 851 1678 905 τοιούτι

1875 858 2041 911 inime
2073 871 2318 925 compos,
2347 856 2633 924 diligenter
2672 856 2956 925 quaesitum
2994 868 3101 907 non
3139 852 3336 908 offendi
3372 875 3384 910 :

168 944 253 997 τινὶ
290 944 515 1012 ἐντυχεῖν
550 941 647 995 οὐκ
682 941 959 1012 ἐξεγένετό
992 962 1102 1015 μοι,
1145 944 1173 997 ὃ
1213 945 1396 998 λοιπόν
1437 945 1574 1009 ἐστι,
1614 946 1675 998 τὸ

1876 952 1956 1005 tod
2029 949 2194 1021 igitur
2251 959 2533 1019 superest,
2594 949 3097 1017 interpretationem
3139 948 3386 1003 Latinam

176 1035 409 1104 Ῥωμαῖον
436 1032 705 1104 ἑκδὶδωμι,
742 1036 790 1087 εἰ
833 1034 932 1105 μὲν
973 1035 1107 1104 πρὸς
1142 1035 1237 1107 τὴν
1270 1036 1363 1088 τοῦ
1405 1037 1686 1107 Γρηγορίοι

1879 1045 2023 1098 iitto.
2090 1040 2145 1095 Si
2194 1044 2561 1111 pcrpendatnr
2602 1041 2670 1095 ad
2720 1040 3025 1094 facundiam
3058 1040 3303 1108 Gregorii
3336 1048 3389 1093 et

167 1127 415 1197 λογιότητα
454 1127 545 1180 καὶ
579 1128 992 1197 μεγαλοφωνίαν
1031 1132 1455 1199 παραμετροῖτο,
1492 1132 1677 1201 παραρ

1879 1136 2138 1190 γοηιὶυηίδ
2202 1134 2537 1203 dignitatem,
2596 1132 2774 1187 nullus
2826 1132 3011 1186 dubito
3056 1132 3185 1200 quin
3230 1146 3389 1200 repu-

169 1215 543 1287 ριφθησόμενον,
579 1211 637 1268 εὖ
673 1212 807 1279 οῖδα,
839 1216 914 1280 ὡς
947 1218 1158 1281 οὐδενὸς
1200 1218 1367 1282 ἄξιον·
1395 1221 1442 1272 εἰ
1479 1220 1535 1272 δὲ
1572 1221 1676 1291 πρὸ

1875 1238 2017 1293 etnr,
2044 1237 2100 1280 nt
2130 1209 2330 1280 nullius
2366 1225 2557 1295 pretii;
2594 1225 2638 1278 si
2678 1238 2803 1277 vero
2826 1224 3076 1293 exigatur
3096 1224 3160 1277 ad
3192 1223 3385 1276 virium

167 1306 247 1375 τὴν
272 1305 531 1376 ἡμετέραν
564 1306 811 1378 δύναμιν,
837 1309 899 1362 οὑ
925 1309 1121 1381 μικρὸν
1156 1312 1287 1375 low;-
1315 1311 1677 1382 (pavqadpevox

1880 1328 2121 1372 istrarum
2179 1317 2478 1380 modulum,
2538 1331 2642 1369 non
2700 1315 3098 1371 contemnenda
3157 1316 3390 1368 fortasse

178 1396 427 1461 Ἐπιειχῶν
453 1397 508 1450 δὲ
539 1398 842 1469 ἀνθρώπων
872 1402 990 1454 ἐστὶ
1013 1402 1073 1455 τὸ
1112 1402 1254 1456 κατὰ
1288 1403 1517 1474 δύναμιν
1551 1404 1687 1457 ἀπαι

1878 1410 2107 1464 debitur.
2143 1409 2240 1465 Vir
2271 1411 2445 1465 bonus
2483 1409 2535 1463 id
2564 1408 2733 1476 exigit
2768 1408 2910 1477 quod
2937 1407 3143 1461 viribus
3173 1421 3388 1475 respon-

168 1490 276 1549 τεῖν,
306 1489 392 1541 καὶ
426 1490 589 1561 μηδὲν
618 1494 805 1563 πόρρω
835 1494 1134 1564 ἐπιζητεῖν.
1161 1494 1466 1568 Ἔρρωσθε,
1494 1490 1538 1549 ὦ
1562 1496 1678 1565 φιλο

1886 1513 1924 1567 t,
1972 1503 2106 1558 nihil
2159 1503 2321 1557 ultra.
2393 1501 2597 1565 Valete,
2651 1500 2849 1566 amici,
2894 1509 2949 1555 et
3005 1499 3391 1570 qualiscunque

170 1580 386 1647 κεφαλαὶ,
414 1583 505 1635 καὶ
527 1584 662 1655 πρὸς
682 1584 779 1655 τὴν
801 1586 1255 1658 ὁποιανδηποτοῦν
1276 1590 1538 1662 ἐργασίαν
1558 1587 1680 1659 ὴμῶ

1817 1589 1988 1644 nostri
2019 1589 2221 1645 laboris
2249 1604 2519 1645 memores
2544 1604 2643 1644 vos
2673 1599 2966 1660 gratosque
2994 1588 3244 1659 prmbete.

170 1672 542 1743 εὖγνωμονεῖτε.

1339 1970 1651 2031 JOANNIS
1678 1969 2182 2030 LEUVENKLAII

170 2135 249 2198 Ad
272 2136 845 2197 reverendissimum
878 2146 935 2195 et
970 2133 1463 2196 illustrissimum
1492 2132 1848 2209 Principem
1906 2133 1982 2191 D.
2011 2132 2337 2203 Joannem,
2392 2131 3005 2206 Monasteriensium,
3064 2131 3393 2195 Os-nabru-

298 2238 534 2316 giorum
561 2245 619 2295 et
647 2234 1187 2297 Paderboniorum
1228 2237 1595 2307 antistitem,
1632 2230 2027 2291 nobilissima
2061 2222 2351 2292 comitum
2382 2232 2775 2292 IIoianorum
2791 2242 2966 2311 gente
2986 2244 3222 2315 natum,

481 2334 803 2396 dominum
834 2352 1014 2395 suum
1040 2333 1605 2409 clementissimum,
1648 2335 1716 2396 in.
1744 2333 2036 2412 Gregorii
2064 2332 2455 2395 Nazianzeni
2484 2330 2813 2392 editionem
2840 2353 3035 2396 suam.

1583 2644 1705 2691 PRO
1712 2645 1925 2691 (EMIUM
1934 2677 1947 2689 .

223 2779 349 2836 Inter
373 2776 493 2843 alia,
526 2791 651 2848 qua:
680 2775 871 2847 primis
918 2774 987 2831 ab
1026 2773 1184 2829 annis
1213 2787 1377 2844 supra
1406 2788 1495 2829 res
1526 2782 1701 2830 czete-
1735 2778 1779 2833 B
1804 2774 2067 2843 aliquem,
2101 2773 2331 2828 aliorum
2378 2788 2593 2845 quoque
2618 2776 2855 2845 judicio,
2894 2783 3216 2831 consecutus
3248 2775 3398 2834 vide-

170 2888 241 2929 ras
273 2873 442 2926 animo
482 2885 607 2926 meo
665 2870 884 2925 fuerunt
936 2868 991 2923 in
1042 2868 1252 2924 deliciis
1304 2876 1358 2923 et
1404 2869 1709 2935 amoribus,
1815 2882 1908 2922 rer
1942 2883 1956 2919 :
1992 2864 2201 2921 liberali
2234 2866 2467 2933 quodam
2508 2868 2679 2922 animi
2714 2868 3000 2932 desiderio,
3025 2877 3078 2922 et
3104 2867 3396 2924 ambitione

173 2960 588 3017 reverendissime
643 2975 708 3014 ac
752 2958 1121 3015 illustrissitne
1158 2959 1450 3030 Princeps,
1499 2974 1713 3030 semper
1815 2959 2043 3014 honesta
2099 2958 2353 3030 (fatebor
2378 2961 2523 3014 enim
2564 2962 2706 3030 quod
2737 2975 2823 3015 res
2855 2961 2973 3027 est)
3009 2960 3293 3027 excitatus,
3337 2963 3393 3017 in

170 3055 352 3111 occulta
393 3052 626 3123 quadam
664 3062 721 3108 et
757 3052 1061 3107 incredibili
1110 3062 1321 3108 natura:
1354 3053 1713 3122 propensione
1815 3049 1917 3104 hoc
1941 3050 2072 3104 totis
2091 3050 2294 3105 viribus
2326 3050 2744 3105 incnmbendum
2786 3052 2937 3117 duxi,
2969 3059 3027 3105 ut
3054 3048 3096 3103 si
3123 3051 3210 3118 qui
3244 3061 3393 3105 vete-

171 3156 259 3200 tam
283 3145 601 3212 litterarum,
631 3161 794 3216 quam
824 3145 1161 3214 antiquitatis
1187 3146 1390 3200 Graecae
1412 3147 1710 3202 studiosum
1816 3156 1933 3196 rum
1959 3140 2273 3196 Graecorum
2306 3139 2430 3195 libri
2462 3141 2544 3196 vel
2572 3140 2819 3196 Latinam
2854 3143 2908 3197 in
2943 3142 3176 3212 linguam
3211 3143 3396 3197 hacte-

173 3252 242 3292 ωε
270 3236 425 3293 fuisse
456 3236 635 3292 fateor
667 3255 680 3290 :
715 3250 823 3305 qua
856 3235 1071 3305 quidem
1093 3233 1271 3305 lingua
1298 3235 1474 3290 omnis
1500 3238 1713 3305 generis
1814 3255 1917 3295 nus
1969 3226 2221 3294 conversi
2274 3253 2381 3293 non
2439 3246 2642 3298 essent,
2698 3237 2781 3292 vel
2838 3239 2892 3292 in
2945 3239 3391 3294 bibliothecarum

172 3329 543 3395 doctrinarum,
587 3338 647 3383 et
694 3327 974 3397 sapientia:
1012 3327 1305 3381 thesauros
1351 3327 1713 3397 amplissimos
1818 3330 2056 3387 tenebris
2101 3331 2485 3385 delitescentes
2531 3329 2760 3382 necdum
2798 3328 2933 3383 lucis
2964 3346 3183 3385 usuram
3234 3344 3392 3385 acce.

171 3421 399 3476 contineri
457 3420 968 3475 animadverterem.
1005 3417 1117 3474 llac
1167 3434 1297 3474 usos
1346 3429 1458 3473 tum
1508 3420 1713 3489 priscos
1814 3424 2044 3495 pissent,
2074 3439 2196 3479 meo
2226 3423 2407 3479 studio
2438 3431 2547 3476 tum
2581 3420 2830 3476 Latinam
2857 3424 3391 3492 vestemlinduerent,

172 3513 269 3567 illos
296 3512 670 3583 philosophos,
701 3518 812 3564 tum
850 3510 1186 3564 recentiores
1217 3524 1406 3564 eorum
1444 3509 1710 3578 interpreo
1817 3526 1929 3570 tum
1987 3531 2050 3570 ea
2108 3514 2355 3570 exornati
2420 3513 2635 3584 publice
2702 3514 2984 3569 hominum
3049 3514 3222 3571 oculis
3272 3528 3396 3569 sese

171 3614 252 3669 tes,
294 3605 466 3673 quise
501 3603 706 3659 scholas
749 3601 1048 3657 Platonicae
1093 3617 1443 3657 successores
1490 3601 1712 3656 Athenis
1814 3609 2144 3676 spectandos
2181 3588 2523 3661 exhiberem.
2598 3604 2710 3661 Hoc
2761 3606 2921 3661 modo
2977 3614 3391 3661 consecuturum

171 3693 494 3762 appellabant,
523 3692 793 3762 quidquid
815 3690 886 3746 de
912 3700 1031 3745 arte
1065 3690 1394 3756 disserendi,
1430 3692 1497 3745 de
1524 3700 1712 3745 orato-
1816 3716 1902 3756 me
1941 3702 2249 3771 sperabam,
2311 3710 2368 3754 ut
2406 3714 2513 3754 non
2554 3699 2763 3769 ignavas
2810 3699 3032 3770 pecudis
3082 3698 3135 3753 in
3184 3712 3392 3751 morem

174 3786 253 3849 ria,
282 3786 339 3840 de
385 3784 526 3840 civili
589 3784 898 3854 prudentia.
953 3784 1021 3839 de
1073 3784 1346 3849 moribUS,
1393 3785 1462 3839 de
1520 3794 1711 3838 nalnrn
1816 3792 1979 3846 vitam
2012 3792 2152 3845 banc
2184 3789 2618 3853 transirem,sed
2638 3787 3205 3858 emolumentialiquid
3234 3786 3395 3841 alier-

173 3892 342 3943 rernm,
398 3878 463 3932 de
502 3875 848 3946 geometricis
882 3876 1371 3945 astronomicisque
1413 3876 1714 3945 disciplinis
1818 3899 1929 3938 rem
1964 3883 2043 3937 rei
2082 3881 2385 3945 litterarite,
2413 3897 2576 3952 quam
2614 3897 2642 3933 a
2674 3896 2841 3951 puero
2881 3895 3122 3936 meorum
3161 3878 3396 3934 auctori‘

175 3969 287 4023 tradi
313 3978 501 4038 potest,
523 3967 826 4022 litterarum
863 3968 1229 4022 monumentis
1259 3968 1568 4036 complexos
1593 3983 1679 4023 ess

1883 3987 1928 4030 te
1964 3976 2231 4045 jussuquc
2272 3975 2559 4030 coluissem
2589 3992 2603 4041 ;
2640 3985 2694 4029 et
2725 3977 2864 4045 apud
2908 3975 3079 4030 bonos
3107 3973 3393 4044 optabilem

172 4063 381 4117 videbam
411 4076 425 4115 :
458 4064 561 4116 hac
625 4060 987 4115 maximarum
1041 4075 1138 4130 per
1196 4063 1381 4117 orbem
1438 4072 1711 4132 gestarum
1750 4126 1783 4135 _
1819 4069 1949 4122 mihi
1976 4069 2209 4122 nominis
2236 4049 2698 4122 existimationem
2729 4081 3005 4135 pararem.

173 4168 323 4208 rerum
350 4154 606 4209 historias
641 4151 1030 4222 comprehendi
1070 4169 1085 4208 :
1123 4153 1223 4207 huc
1253 4155 1388 4207 artis
1438 4153 1717 4209 medicinae
1743 4126 1785 4183 θ’
1886 4159 2072 4229 Itaque
2104 4173 2281 4213 meum
2317 4159 2421 4211 hoc
2455 4158 2757 4211 instilulttm
2800 4165 2858 4210 ut
2889 4171 2954 4211 eo
2985 4155 3199 4211 felicius
3233 4170 3395 4226 urge-

173 4260 336 4301 arcana
389 4246 667 4301 memoriae
723 4245 878 4313 prodi
915 4261 928 4298 :
962 4244 1062 4299 hac
1118 4244 1409 4299 illustrium
1440 4238 1717 4299 'Ecclesia:
1820 4265 1957 4315 rem,
1991 4251 2043 4304 in
2076 4252 2214 4304 hanc
2249 4248 2608 4304 clarissimam
2652 4248 2838 4302 urbem
2879 4263 2965 4304 me
2992 4248 3230 4310 contuli,
3276 4262 3397 4316 qua:

174 4339 343 4393 veteris
398 4339 678 4394 hominum
730 4338 797 4392 de
837 4339 1009 4393 sacris
1052 4337 1215 4393 rebus
1280 4337 1717 4392 accnratissimas
1819 4342 1888 4395 ob
1913 4341 2202 4409 insignium
2239 4341 2699 4413 typographornm
2738 4338 3002 4407 oliicinas,
3033 4355 3139 4395 non
3182 4340 3233 4393 in
3270 4338 3398 4394 Ger-

175 4432 525 4501 diSputationes
551 4444 675 4486 esse
713 4430 987 4499 expositas
1023 4448 1035 4483 :
1074 4430 1127 4482 in
1161 4430 1301 4483 hanc
1329 4428 1718 4497 deniquejuris
1820 4431 2001 4484 mania
2034 4432 2196 4484 modo
2224 4443 2445 4493 nostra,
2477 4430 2570 4484 sed
2602 4428 2747 4484 omni
2781 4429 2941 4483 etiam
2988 4427 3200 4496 Europa
3242 4425 3398 4494 longe

176 4524 311 4577 etiam
360 4524 551 4587 civilis,
597 4536 706 4592 quo
759 4521 985 4582 utimur.
1024 4520 1192 4575 libros
1234 4522 1306 4574 ita
1361 4521 1717 4587 transcriptos
1822 4524 2038 4592 lateque
2088 4522 2282 4576 merito
2336 4522 2665 4576 celebratur.
2732 4519 2831 4574 llic
2893 4520 3019 4574 dum
3062 4518 3399 4589 publicandis

176 4628 292 4678 esse,
330 4625 383 4669 ut
407 4615 577 4670 multa
610 4614 723 4668 loca
745 4652 763 4678 ,
799 4612 1129 4681 caeteroqnin
1172 4610 1578 4675 obscurissima,
1610 4610 1720 4663 sin-
1821 4617 2052 4686 egregiis
2079 4616 2405 4686 quibusdam
2439 4616 2739 4684 priscorum
2769 4611 3132 4667 monumentis
3158 4609 3396 4679 invigiln,

177 4706 612 4777 gularequoddam
644 4721 709 4761 ex
734 4705 1186 4774 interpretatione
1205 4703 1512 4758 Graecorum
1541 4702 1718 4755 lumen
1823 4725 1995 4763 annus
2030 4707 2140 4775 jam
2190 4706 2321 4761 mihi
2374 4706 2596 4775 quintus
2630 4705 2808 4770 agitur
2853 4701 3000 4772 (quo
3048 4699 3274 4769 publica:
3324 4698 3397 4749 rei

177 4801 430 4868 accipiant.
472 4799 628 4867 Quod
654 4810 787 4853 sane
813 4805 1147 4868 postremum
1171 4835 1185 4858 ο
1231 4796 1444 4848 tametsi
1475 4794 1541 4847 de
1570 4793 1722 4848 libris
1825 4798 2000 4853 fructu
2031 4798 2256 4866 nescio).
2291 4811 2396 4849 non
2429 4796 2548 4851 sine
2575 4795 2710 4849 meis
2734 4803 2884 4848 certe
2908 4792 3186 4845 laboribus
3202 4804 3399 4841 mrum-

178 4891 461 4959 quibusdam
497 4892 763 4944 hactenus
785 4888 945 4943 editis
979 4887 1217 4956 perspici
1247 4886 1382 4940 satis
1411 4886 1610 4956 possit;
1642 4896 1722 4939 ta-
1824 4889 2017 4959 nisque
2072 4887 2345 4951 maximis,
2392 4902 2512 4955 qua:
2549 4887 2813 4941 hactenus
2859 4881 2991 4937 mihi
3050 4896 3171 4935 cum
3217 4879 3399 4947 aliquo

178 4995 278 5035 men
299 4981 444 5051 longe
476 4980 690 5051 planius
719 4979 1019 5050 apparebit.
1054 4978 1141 5034 ubi
1169 4994 1234 5031 ωε
1265 4978 1524 5033 librorum
1563 4978 1718 5029 Βασι-
1825 4996 2211 5051 nonnunquam
2242 4980 2570 5033 valetudinis
2593 4979 2921 5034 detrimento
2942 4984 3071 5030 sunt
3090 4972 3399 5029 exantlatze.

179 5072 318 5128 λικῶν
361 5076 592 5145 epitome
628 5071 1091 5143 locupletissima,
1138 5087 1301 5141 quam
1348 5086 1379 5125 a
1419 5070 1723 5125 clarissimo
1824 5072 1969 5127 inter
2016 5071 2149 5126 alios
2190 5078 2370 5124 autem
2420 5071 2738 5140 scriptores,
2790 5081 2929 5139 quos
2985 5076 3133 5120 certo
3183 5063 3393 5133 judicio

180 5165 295 5230 viro,
315 5163 513 5220 Joanne
540 5164 838 5228 Sambuco,
860 5163 1122 5218 Caesarea:
1156 5161 1375 5216 fatniliae
1403 5159 1723 5225 domestico,
1825 5162 2062 5218 delectos
2103 5160 2365 5216 librorum
2399 5176 2507 5216 non
2551 5161 2822 5216 editorum
2865 5157 3183 5214 accessione
3213 5154 3403 5224 ampli-

182 5253 368 5313 homine
390 5259 517 5313 mihi
536 5257 868 5312 amicissimo
890 5263 1084 5311 nactus
1109 5268 1253 5323 sum,
1284 5254 1339 5308 in
1364 5252 1537 5308 lucem
1560 5266 1724 5322 opera
1826 5254 2088 5320 ﬁcandos,
2131 5265 2186 5311 et
2214 5255 2266 5308 in
2297 5269 2607 5309 sermonem
2653 5251 2905 5306 Latinum
2952 5248 3401 5305 transcribendos

182 5358 339 5403 nostra
365 5350 646 5419 prodierit.
1826 5348 2159 5412 existimavi,
2196 5347 2352 5402 facile
2394 5345 2695 5417 principem
2749 5342 2852 5399 sibi
2897 5342 3079 5398 locum
3109 5340 3403 5409 Gregorius

240 5438 351 5496 Haec
372 5455 469 5512 ego
500 5450 854 5511 posteaquam
879 5436 1085 5495 (ἐνεοῖς
1118 5437 1383 5493 contineri
1410 5436 1605 5493 lillet‘is
1629 5450 1725 5507 per
1755 5472 1800 5529 Β
1829 5442 1918 5497 hic
1940 5448 2124 5495 noster
2148 5439 2411 5502 vindicat,
2438 5438 2525 5493 cui
2561 5438 2632 5493 ob
2662 5451 2931 5492 summam
2975 5449 3156 5489 rerum
3192 5432 3404 5487 divina—

182 5538 368 5587 etatem
395 5532 697 5605 intelligere
725 5533 892 5605 coepi,
918 5534 998 5590 sic
1030 5534 1150 5604 ejus
1190 5547 1277 5589 me
1307 5532 1500 5601 linguae
1539 5531 1721 5586 studio
1755 5524 1785 5529 ”
1830 5548 1949 5589 rum
1998 5531 2268 5601 peritiam,
2318 5532 2616 5585 secundum
2668 5528 2935 5584 Joannem
2976 5524 3280 5595 apostolum
3331 5539 3401 5579 ex

185 5622 306 5688 dedi,
342 5625 538 5680 nullum
572 5636 637 5681 ut
678 5634 893 5696 tempus
940 5625 1091 5681 abire
1142 5626 1414 5689 sinerem,
1456 5639 1564 5695 quo
1614 5640 1717 5678 non
1830 5623 2022 5695 priscis
2043 5621 2358 5677 doctoribus
2376 5621 2500 5685 soli,
2526 5619 2781 5690 Thcologi
2799 5625 3213 5688 cognomentum
3239 5629 3403 5684 pecn-

186 5713 366 5786 aliquos
393 5717 441 5772 in
469 5733 531 5773 ea
564 5719 905 5788 percipienda
942 5733 1264 5789 progressus
1298 5717 1555 5773 facerem.
1613 5717 1715 5772 Ista
1829 5714 2033 5769 liariter
2058 5718 2143 5766 est
2184 5726 2526 5765 concessum.
2574 5709 2702 5779 Ejus
2748 5705 3157 5779 prmclarissima
3196 5702 3398 5772 ingenii

190 5808 447 5874 qualiquali
493 5809 765 5877 diligentia
819 5824 937 5866 mea
984 5826 1106 5867 cum
1143 5811 1356 5867 tandem
1408 5825 1561 5864 usum
1604 5810 1718 5879 ejus
1828 5809 2193 5865 monumenta,
2254 5817 2371 5869 qua:
2419 5802 2634 5870 quidem
2687 5800 2823 5870 typis
2864 5802 3125 5869 cxpressd
3182 5793 3397 5865 prodie-
