3776 6560
117 471 208 528 549
1131 474 1417 533 JOANNIS
1462 478 1677 535 LEUVE

1824 479 1925 536 ,ΑΗ
1964 479 2351 537 ΡΒᾸΕΕΑΤΙΟ.

3254 485 3360 542 550

120 589 297 641 tionem
328 582 411 638 De
452 594 609 640 recta
649 585 941 643 disserendi
999 587 1062 642 de
1093 588 1200 644 Deo
1245 593 1467 657 ratione,
1521 609 1682 662 quam
1712 609 1757 664 Α
1792 606 1993 649 temere
2024 610 2270 664 vaneque
2314 594 2443 662 dici,
2496 609 2646 650 more
2688 572 2840 650 nunc.
2874 572 3206 666 pervulgato,
3252 611 3358 665 quo

116 695 199 733 nos
234 678 283 730 in
319 678 523 734 ordine
568 680 862 734 secundam
914 682 1169 749 fecimus,
1231 683 1332 751 legi
1394 686 1684 754 perfectius

116 770 430 825 cruditiusve
466 779 676 838 potest.
722 771 790 825 Et
836 772 1056 841 scripsit
1104 775 1284 829 omnia
1329 776 1513 844 phrasi
1553 792 1684 833 sane

112 862 447 933 pereleganti,
503 863 733 929 munda,
784 864 1007 918 minime
1057 848 1329 930 barbara,
1384 868 1683 937 cujusmodi

112 954 542 1021 estGrzecorum,
583 955 674 1025 qui
714 956 981 1024 proximis
1011 957 1224 1012 saeculis
1246 959 1520 1025 vixerunt,
1555 975 1683 1015 ora-

113 1048 178 1098 tio
203 1064 215 1098 :
246 1047 310 1098 de
337 1061 453 1114 quo
479 1046 620 1101 licet
649 1049 942 1111 aestimare,
970 1064 1076 1104 non
1120 1066 1291 1119 usque
1318 1056 1453 1107 adeo
1492 1070 1682 1109 recen-

113 1148 203 1192 tem
237 1137 407 1191 Eliam
438 1138 597 1193 hune
630 1148 869 1194 nostrum
915 1155 1037 1196 esse
1062 1183 1078 1207 ,
1128 1144 1222 1197 sed
1269 1156 1394 1199 ante
1443 1145 1682 1215 pluscula

111 1242 223 1281 sane
246 1227 445 1281 saecula
489 1228 725 1285 vixisse.

168 1315 343 1372 Faciet
420 1317 612 1386 ipsius
674 1322 1189 1375 commentariorum
1265 1321 1554 1378 lectionem
1628 1324 1681 1379 id

109 1423 300 1477 quoque
322 1407 719 1476 iucundiorem
748 1452 764 1479 ,
810 1413 955 1481 quod
985 1413 1065 1468 eis
1110 1412 1404 1483 fragmenta
1436 1416 1679 1484 quaedam

115 1500 416 1569 scriptorum
479 1509 736 1556 veterum
804 1503 1207 1570 contineantur,
1280 1520 1509 1574 quorum
1583 1522 1682 1561 nos

115 1594 254 1647 hodie
280 1593 453 1647 libros
482 1592 732 1663 integros
760 1609 864 1649 non
906 1596 1189 1650 habemus.
1238 1596 1382 1652 Inter
1418 1598 1554 1654 alios
1598 1608 1682 1655 est

114 1700 332 1739 summus
389 1685 489 1740 ille
548 1687 846 1751 Maximus,
888 1686 1039 1754 cujus
1091 1687 1320 1744 Lutetiae
1358 1690 1680 1763 publicatus

114 1789 181 1833 est
240 1778 289 1831 in
359 1777 616 1848 Dionysii
705 1780 907 1850 scripta
984 1782 1422 1838 commentarius.
1491 1782 1680 1840 Exstat

114 1869 322 1937 ejusdem
354 1870 506 1938 apud
553 1870 774 1925 Graecus
810 1872 984 1927 adhuc
1018 1873 1117 1944 τῆς
1150 1873 1299 1938 θείας
1338 1875 1677 1947 λειτουργίας

1786 688 2118 755 emptoribus
2177 688 2505 755 imponatur,
2554 688 2868 742 existimet:
2900 689 3031 742 libet
3077 691 3177 743 hoc
3239 689 3359 743 loco

1784 791 1955 847 pauca
1986 777 2230 845 quadam
2265 778 2557 847 subjicere,
2589 778 2656 833 de
2681 779 2876 847 quibus
2907 788 2962 833 et
2997 793 3122 833 vere
3164 795 3265 833 nos
3306 780 3356 834 id

1785 869 2087 937 praedicare
2151 868 2325 922 lector
2384 869 2689 940 intelligat,
2742 878 2797 923 et
2853 870 3107 925 editionis
3160 881 3359 925 nostra

1784 962 2051 1015 rationem
2082 963 2403 1031 perspiciat.

1856 1054 2049 1106 Statim
2086 1054 2154 1107 ab
2197 1054 2352 1107 initio
2396 1054 2647 1122 prooemii
2704 1054 2790 1108 sui
2845 1061 3011 1108 tradit
3064 1053 3232 1119 Elias,
3281 1057 3353 1109 ab

1785 1143 2131 1200 Nazianzeuo
2173 1154 2380 1200 tantum
2421 1146 2700 1200 orationes
2730 1145 2846 1200 sive
2874 1148 3356 1201 commentationes

1784 1236 2058 1306 (nam'vox
2092 1236 2248 1306 λόγος
2293 1238 2593 1307 generatim
2635 1252 2665 1291 a
2714 1237 2989 1291 veteribus
3041 1247 3356 1306 usurpatur,

1783 1328 1849 1381 de
1877 1330 2067 1396 quovis
2114 1329 2318 1397 scripto
2356 1338 2519 1396 atque
2563 1328 2825 1397 tractatu)
2862 1342 3090 1381 numero
3133 1345 3205 1383 ιιι
3237 1343 3357 1383 esse

1781 1421 2105 1491 publicatos,
2148 1435 2282 1488 quas
2317 1422 2458 1473 inter
2500 1427 2555 1473 et
2589 1417 2830 1488 epistola:
2860 1427 3022 1472 certae
3050 1418 3238 1471 referri
3265 1419 3357 1470 tle-.-

1781 1513 1964 1577 beant,
2011 1514 2166 1584 cujus
2198 1512 2417 1582 generis
2448 1510 2553 1566 illa:
2584 1520 2733 1575 sunt,
2765 1526 2899 1579 quas
2925 1510 2991 1564 ad
3018 1510 3353 1570 Nectarium,

1781 1604 2094 1674 Evagrium,
2127 1604 2448 1659 Cledonium
2485 1603 2819 1672 perscripsit.
2848 1603 2961 1658 Hoc
2991 1602 3120 1656 Elia:
3154 1603 3354 1655 dictum

1781 1710 1905 1750 cum
1958 1697 2142 1749 animo
2182 1712 2301 1750 meo
2351 1696 2643 1750 insedisset
2692 1696 2877 1763 altius,
2920 1695 3152 1765 primum
3182 1711 3240 1749 ea
3272 1709 3357 1748 me

1779 1788 2002 1842 liberari
2035 1789 2289 1858 opinione
2318 1788 2697 1852 animadverti,
2736 1804 2898 1857 quam
2946 1786 3161 1841 Billium
3200 1802 3358 1841 secu-

1784 1885 1893 1930 tum
1918 1877 2084 1931 luisse
2112 1878 2288 1932 video.
2316 1876 2476 1930 Putat
2502 1877 2646 1931 enim
2674 1878 2993 1947 Gregorium
3025 1878 3165 1930 haud
3196 1878 3357 1930 dubie

116 1962 369 2032 ἑρμηνεία.
400 1961 583 2015 Liber
612 1961 680 2015 ad
709 1961 1074 2030 Thalassium,
1104 1964 1170 2018 ab
1200 1966 1388 2020 eodem
1420 1969 1675 2037 scriptus,
1708 1961 1752 2015 Β
1781 1970 1962 2040 plures
1999 1970 2064 2025 ad
2099 1971 2351 2039 populum
2397 1971 2515 2037 ejus
2563 1971 2776 2040 generis
2826 1972 3100 2025 orationes
3140 1971 3356 2026 habitas

116 2071 138 2106 a
178 2054 393 2109 Micaelo
440 2053 625 2124 Glyca
685 2056 904 2121 citatur,
967 2056 1120 2124 cujus
1162 2057 1402 2113 Annales
1449 2059 1675 2113 necdum

117 2146 261 2199 editos
326 2146 432 2201 hoc
492 2155 747 2215 tempore
773 2147 1242 2216 ,interpretamur:
1275 2150 1510 2218 itemque
1551 2168 1680 2205 κατ-

116 2238 302 2306 ήχησις,
356 2236 628 2303 εῑιοείων
677 2238 965 2309 δογμάτων
1020 2239 1310 2309 κεφάλαια,
1351 2242 1503 2311 cujus
1555 2242 1675 2297 libri

120 2340 271 2384 noster
298 2330 444 2385 Elias
474 2346 703 2402 quoque
742 2333 1006 2389 meminit.
1036 2333 1221 2388 Multis
1259 2335 1421 2389 etiam
1458 2337 1507 2389 in
1551 2335 1679 2391 locis

118 2422 233 2475 ﬁlias
259 2423 487 2490 indicat,
530 2439 598 2479 se
623 2423 758 2478 alias
790 2439 1005 2494 quoque
1049 2424 1378 2479 Nazianzeni
1408 2427 1680 2482 orationes

122 2515 365 2582 perpetuis
408 2515 838 2570 commentariis
885 2531 1194 2571 enarrasse.
1237 2516 1575 2587 Quapropter
1624 2528 1679 2573 et

122 2603 311 2661 Nicetas
348 2606 685 2671 Serronius,
716 2616 789 2662 'et
826 2608 1118 2679 Gregorius
1166 2611 1434 2676 Palamas,
1484 2620 1538 2665 et
1586 2611 1677 2665 alii

122 2695 279 2751 bucula
309 2699 473 2767 hujus
520 2715 718 2756 arasse
748 2702 916 2756 videri
950 2711 1211 2770 possunt;
1257 2702 1413 2757 'furta
1460 2703 1677 2773 quidem

122 2801 218 2840 esse
248 2787 410 2855 facta,
464 2790 665 2846 multis
721 2792 855 2847 locis
896 2776 1241 2861 deprehendi
1274 2802 1471 2862 potest.
1539 2794 1681 2848 Citat

124 2880 292 2947 passim
338 2883 407 2938 de
452 2883 803 2939 Nazianzeni
850 2887 1117 2954 poematis
1162 2901 1350 2942 versus
1395 2888 1677 2956 quosdam,

124 2974 327 3040 quicum
375 2975 433 3030 ia
471 2977 649 3031 editis
694 2991 946 3045 prorsum
998 2993 1103 3032 non
1155 2988 1455 3043 exstarent,
1492 2996 1588 3034 nos
1612 2984 1679 3035 ad

129 3068 494 3137 manuscriptos
534 3080 848 3139 poematum
879 3069 1049 3125 libros
1080 3083 1293 3125 nostros
1319 3082 1678 3140 recurrentes,

129 3159 366 3214 universos
429 3161 747 3227 reperimus
796 3176 810 3212 :
862 3160 912 3215 id
972 3162 1114 3230 quod
1185 3162 1365 3215 divino
1421 3162 1680 3217 beneficio

129 3247 294 3302 factum
338 3252 701 3316 crediderim,
776 3261 835 3304 ut
890 3267 996 3321 quo
1065 3264 1304 3321 tempore
1356 3252 1676 3308 Nazianzeni

130 3356 259 3407 opera
284 3344 366 3398 illa
404 3356 610 3400 nactus
636 3360 834 3410 essem,
870 3361 936 3399 ne
960 3346 1084 3415 quis
1117 3362 1179 3401 ea
1208 3346 1376 3415 ipsius
1408 3362 1528 3401 esse
1560 3348 1679 3401 infi-

131 3434 350 3501 ciaretur,
390 3436 639 3490 hominis
693 3437 829 3490 certi
865 3438 1200 3502 testimonio
1261 3437 1544 3491 commode
1601 3439 1678 3492 uti

133 3539 324 3591 possem.
356 3527 663 3583 Cansimile
685 3529 938 3596 quiddam
977 3529 1028 3582 in
1062 3530 1319 3593 Cmsario,
1354 3528 1678 3584 Nazianzeni

133 3631 351 3684 germano
378 3620 574 3686 fratre,
629 3621 762 3675 mihi
801 3623 1079 3687 usuvenit.
1113 3624 1258 3692 {Eum
1289 3632 1413 3677 ante
1449 3632 1680 3692 quatuor

136 3720 273 3761 annos
332 3710 514 3765 divina
571 3710 707 3764 mihi
762 3710 983 3780 largitas
1037 3713 1259 3775 obtulit;
1334 3729 1564 3782 cumque
1613 3715 1680 3768 de

136 3800 299 3869 scripto
320 3804 571 3859 nonnihil
620 3803 947 3869 dubitarem,
1003 3815 1282 3875 prapterea
1317 3807 1459 3876 quod
1501 3806 1681 3862 Caesa-

139 3894 246 3948 rium
274 3897 457 3953 aulicis
500 3898 737 3967 negotiis
768 3906 821 3953 et
862 3902 1152 3967 quastorio
1196 3916 1417 3955 munere
1451 3896 1680 3970 occupa—

137 3992 244 4048 tum,
292 4000 612 4059 matureque
655 3989 818 4044 rebus
865 3990 1116 4043 humanis
1146 4004 1450 4060 exemptum
1486 3992 1677 4057 fuisse,

142 4073 193 4128 de
229 4076 459 4149 Gregorii
510 4081 700 4135 fratris
745 4080 992 4135 oratione
1036 4082 1248 4137 funebri
1295 4085 1622 4153 accepissem
1661 4103 1674 4139 :

138 4178 237 4220 ecce
260 4172 515 4236 superiori
552 4186 697 4225 anno
724 4180 919 4225 testem
962 4170 1185 4241 Glycam
1219 4173 1456 4238 invenio,
1487 4174 1579 4237 qui
1611 4174 1679 4228 de

142 4256 225 4313 illis
252 4262 371 4331 ipsis
401 4264 632 4319 Caesarii
670 4264 915 4336 dialogis,
954 4280 1091 4334 quos
1116 4282 1259 4318 nunc
1292 4268 1520 4333 primum
1552 4267 1678 4323 Gre-

141 4352 247 4416 gorii
273 4356 430 4410 nostri
467 4356 839 4411 monumentis
869 4365 1012 4412 tomo
1045 4358 1206 4412 tertio
1246 4359 1581 4428 subjiciiuus,
1609 4360 1675 4413 ad

144 4444 324 4498 verbum
363 4447 624 4501 nonnulla
658 4448 814 4504 citat.

196 4534 324 4601 Quod
355 4540 397 4593 si
425 4541 531 4596 hoc
566 4554 783 4610 quoque
816 4539 1117 4593 addendum
1150 4548 1232 4593 est
1260 4540 1325 4595 de
1356 4540 1493 4603 Elia,
1526 4540 1677 4610 equi-

1777 2061 2031 2126 edidisse,
2062 2060 2214 2128 cujus
2244 2070 2329 2114 est
2361 2060 2472 2124 illa,
2498 2076 2604 2129 qua
2629 2060 2827 2114 dictum
2861 2060 3060 2114 Christi
3095 2075 3159 2113 ex
3187 2061 3359 2113 Evan-

1779 2151 1917 2222 gelio
1952 2150 2189 2205 Μαιηιωί
2228 2150 2499 2220 explanat.
2535 2150 2688 2215 Quod
2737 2151 2780 2204 si
2818 2166 3002 2205 verum
3031 2161 3196 2215 esset,
3236 2168 3360 2220 per-

1779 2243 2051 2311 quirendaa
2081 2241 2237 2295 nobis
2262 2250 2444 2295 essent
2473 2242 2836 2307 bibliothecae,
2858 2250 2913 2295 ut
2938 2257 3031 2297 cas
3057 2243 3353 2307 orationes,

1778 2333 1822 2389 si
1857 2350 1963 2388 non
1996 2349 2209 2399 omnes,
2244 2334 2434 2388 saltem
2470 2335 2755 2404 plerasque
2784 2334 2983 2403 publici
3029 2350 3159 2389 usus
3191 2350 3354 2389 causa

1780 2425 2170 2495 proferremus.
2215 2429 2284 2480 At
2324 2427 2426 2480 hoc
2474 2435 2587 2481 toto
2636 2427 2821 2481 labore
2870 2427 3226 2495 molestiaque
3270 2442 3357 2481 me

1779 2515 2000 2569 verbum
2050 2518 2152 2570 hoc
2184 2516 2404 2570 unicum
2443 2517 2572 2571 Elize
2613 2515 2776 2582 levat,
2814 2517 2899 2571 cui
2932 2517 3022 2586 qui
3066 2516 3226 2571 fidem
3259 2517 3356 2570 de-

1781 2608 1982 2671 trahat,
2014 2607 2254 2662 arbitror
2281 2606 2398 2661 fore
2424 2608 2716 2660 neminem;

1851 2699 1963 2753 lloc
2000 2700 2232 2769 primum
2285 2700 2651 2766 considerato,
2711 2700 2848 2769 coepi
2899 2700 3151 2768 deinceps
3185 2700 3355 2754 aciem

1779 2789 1942 2843 animi
2004 2788 2108 2843 mei
2159 2789 2395 2859 dirigere
2435 2789 2502 2843 ad
2554 2789 2868 2844 faciundum
2905 2791 2973 2845 de
3023 2790 3360 2845 orationibus

1781 2880 1872 2942 iis,
1916 2890 2184 2949 quotquot
2237 2891 2535 2946 exstarent,
2590 2881 2854 2947 judicium
2892 2902 2905 2936 :
2938 2900 3043 2952 quo
3096 2884 3355 2949 viderem,

1780 2982 2035 3027 essentne
2100 2973 2344 3041 germani
2396 2972 2539 3028 fetus
2583 2974 2739 3040 hujus
2773 2977 3009 3030 auctoris
3048 2990 3254 3042 omnes,
3290 2990 3359 3029 an

1782 3066 1883 3118 sub
1911 3064 2029 3132 ejus
2068 3066 2289 3119 nomine
2324 3067 2653 3136 supposititii
2691 3068 2967 3136 quidpiam
3008 3068 3265 3122 latitaret.
3298 3070 3358 3122 In

1782 3158 1884 3212 hac
1925 3173 2155 3212 censura
2206 3158 2570 3227 deprehendo,
2621 3159 2829 3213 duobus
2872 3159 2925 3214 in
2969 3160 3187 3227 scriptis
3234 3172 3361 3214 ante

1784 3265 1869 3303 me
1898 3249 2105 3302 Billium
2152 3250 2202 3302 id
2240 3251 2709 3317 animadvertisse,
2745 3252 2887 3321 quod
2934 3266 3020 3306 res
3052 3263 3153 3318 est,
3202 3253 3362 3305 nimi—

1786 3357 1901 3395 rum
1935 3355 1996 3393 ea
2038 3340 2381 3395 Nazianzeno
2431 3341 2594 3395 tribui
2643 3357 2985 3411 nequaquam
3024 3341 3268 3419 debere;
3304 3343 3357 3397 iu

1784 3433 1945 3486 tertio
1982 3441 2087 3485 tam
2134 3434 2330 3501 ipsum,
2388 3448 2550 3502 quam
2597 3446 2825 3489 caeteros
2863 3450 3055 3489 omnes
3096 3435 3359 3488 hactenus

1782 3525 2107 3582 alluciuatos
2155 3527 2345 3582 fuisse.
2398 3528 2589 3582 Priora
2638 3529 2742 3581 duo
2790 3536 2952 3595 sunt,
2998 3527 3359 3596 metaphrasi:

1785 3620 1838 3672 in
1870 3619 2260 3687 Ecclesiastcm,
2294 3636 2412 3690 qua:
2447 3621 2760 3691 Hieronymi
2808 3622 3116 3675 testimonio
3151 3620 3361 3687 Gregoo

1784 3711 1847 3764 rii
1882 3710 2341 3767 Neocaesariensis
2370 3722 2488 3780 est;
2538 3722 2593 3767 et
2628 3713 2910 3767 annotatio
2941 3714 2996 3765 in
3021 3710 3356 3765 Ezecltt'elum

1781 3812 1977 3867 vatem,
2027 3819 2145 3873 quae
2197 3813 2404 3859 tantum
2458 3806 2631 3870 abest,
2666 3814 2724 3858 ut
2764 3804 3089 3857 Nazianzeni
3142 3804 3232 3867 sit,
3264 3804 3359 3857 vix

1780 3905 1840 3947 ut
1893 3897 2095 3950 homini
2146 3897 2493 3952 mediocriter
2537 3897 2698 3951 docto
2743 3897 2903 3950 tribui
2946 3896 3161 3950 debeat.
3194 3894 3359 3947 Meta-

1781 3987 2002 4054 phrasin
2066 3988 2406 4042 retinendam
2471 3999 2757 4058 propterea
2813 3989 3161 4057 putabamus,
3212 3988 3357 4055 quod

1782 4079 1949 4132 Eliam
1974 4080 2323 4134 crederemus
2340 4083 2611 4135 communi
2639 4080 2886 4135 fortassis
2903 4095 3092 4135 errore
3115 4081 3356 4140 ductum,

1784 4171 1925 4225 inter
1951 4170 2197 4240 Gregorii
2230 4172 2397 4227 libros
2424 4188 2544 4226 eam
2583 4188 2896 4227 numerasse
2917 4173 3086 4241 :quod
3112 4172 3154 4225 si
3190 4171 3359 4224 maxi-

1781 4280 1867 4318 me
1897 4280 2080 4319 verum
2114 4267 2206 4329 sit,
2242 4266 2440 4319 mirum
2474 4267 2674 4319 nemini
2713 4265 2882 4319 videri
2919 4265 3099 4328 debet,
3142 4266 3358 4331 quando

1781 4358 1869 4410 vix
1906 4368 2123 4411 mortuo
2157 4358 2422 4427 Gregorio
2459 4359 2644 4411 titulus
2689 4357 2951 4410 orationis
2995 4356 3051 4408 in
3096 4353 3358 4407 Heronem

1781 4455 2020 4500 mutatus
2056 4447 2175 4511 fuit,
2229 4457 2285 4499 ut
2339 4446 2721 4516 Hieronymus,
2750 4445 2995 4514 Gregorii
3023 4454 3353 4508 comtaneus,

1781 4545 1981 4589 mouet.
2012 4538 2162 4602 Quod
2199 4538 2243 4590 si
2290 4538 2389 4590 hac
2423 4537 2632 4591 ratione
2682 4537 2868 4590 lecturi
2912 4550 3015 4589 non
3055 4535 3360 4590 satisfacie-

147 4626 239 4680 dem
274 4631 516 4688 existimo
572 4632 776 4687 vixisse
823 4633 878 4686 id
923 4633 1179 4702 temporis
1227 4633 1519 4695 hominem,
1552 4648 1672 4686 cum
1708 4644 1752 4698 D
1785 4644 1921 4694 mus,
1952 4639 2117 4681 restat
2153 4640 2205 4681 ut
2238 4628 2611 4696 polliceanmr,
2644 4628 2791 4681 onmi
2823 4643 2920 4682 nos
2953 4628 3133 4681 studio
3165 4626 3357 4695 genui-

146 4717 271 4773 Creta
294 4738 382 4792 per
406 4725 744 4780 Sarracenos
778 4733 1062 4794 occupata,
1088 4733 1143 4778 et
1164 4723 1476 4795 Byzantinis
1506 4724 1675 4791 impe-

147 4812 375 4868 ratoribus
420 4826 566 4870 esset
615 4815 887 4884 adempta,
947 4816 1203 4870 nimirum
1254 4815 1410 4868 annis
1449 4814 1516 4868 ab
1562 4828 1676 4868 aevo

151 4911 295 4956 nostro
316 4907 427 4970 plus
453 4909 633 4961 minus
664 4908 956 4962 sexcentis.
985 4907 1189 4962 Scribit
1216 4907 1357 4961 enim
1398 4907 1450 4959 in
1491 4920 1674 4973 prom-

150 4991 233 5045 tuio
279 4999 675 5054 commentariis
743 5001 1046 5069 praemisso,
1117 5000 1184 5054 ab
1247 5014 1306 5053 se
1370 5000 1420 5053 in
1487 4998 1676 5051 exsilio

152 5082 365 5152 Scriptum
420 5090 522 5146 hoc
576 5091 912 5146 elaboratum
982 5092 1173 5156 fuisse,
1235 5092 1377 5161 quod
1426 5091 1673 5145 exsilium

153 5186 250 5229 sane
277 5177 322 5233 in
361 5182 455 5239 hos
488 5186 637 5255 ipsos
662 5198 834 5239 annos
874 5184 1096 5239 savitize
1120 5182 1503 5253 .Sarracenicte
1535 5182 1674 5237 inci-

156 5264 254 5322 dere
280 5272 493 5333 videtur.

212 5359 295 5416 Tot
348 5370 650 5441 talibusque
687 5372 906 5441 scriptis
954 5388 1078 5427 cum
1130 5373 1209 5427 sic
1254 5381 1307 5425 et
1346 5368 1571 5440 expoliri
1622 5378 1676 5423 et

159 5457 306 5521 δυεθτί
335 5477 484 5529 posse
527 5464 856 5520 Nazianzeni
903 5466 1070 5521 libros
1118 5466 1443 5533 videremus,
1485 5480 1674 5534 parum

170 5550 296 5603 "tab
320 5553 398 5607 illa
439 5557 791 5627 perfectione,
824 5574 987 5627 quam
1027 5558 1078 5611 in
1107 5558 1431 5612 editionibus
1469 5559 1677 5625 prisco-

164 5648 254 5691 rum
276 5658 715 5706 monumentorum
746 5652 1094 5721 requirimus,
1119 5652 1372 5704 abessent
1402 5666 1416 5702 :
1448 5650 1676 5705 Billiano

164 5722 312 5789 labore
354 5754 450 5795 non
489 5746 763 5809 contenti,
818 5743 1107 5814 pristinum
1155 5743 1221 5796 ad
1267 5743 1568 5797 institutum
1613 5742 1677 5796 de

169 5814 335 5892 integro
376 5835 601 5889 animum
655 5836 971 5903 adjecimus.
1025 5835 1102 5889 Ne
1138 5851 1265 5890 vero
1301 5837 1563 5904 quispiam
1600 5836 1674 5898 id,

173 5917 280 5974 quod
306 5919 361 5975 de
385 5938 596 5994 operum
635 5928 961 5987 Nazianzeni
984 5930 1313 6000 perfectione
1338 5929 1674 5998 pollicemur,

1783 4736 1908 4772 num
1943 4720 2189 4789 Gregorii
2214 4722 2476 4790 scriptum
2511 4721 2990 4789 pervestigaturos,
3021 4721 3162 4787 quod
3200 4717 3359 4786 hujus

1780 4810 1895 4864 loco
1961 4811 2339 4865 substituatur.
2403 4810 2823 4863 Annotationcm
2906 4809 2961 4861 in
3024 4808 3357 4860 Ezecliielum

1781 4918 2002 4972 prorsus
2034 4918 2097 4956 ex
2138 4903 2375 4957 editione
2430 4910 2640 4964 nostra,
2695 4916 2789 4954 seu
2838 4899 3100 4970 spuriam,
3136 4898 3359 4964 ejicien-

1779 4995 1901 5048 dam
1949 4996 2361 5049 statuebamus:
2394 4993 2549 5062 cujus
2599 4993 2775 5047 locum
2820 5003 2878 5046 ut
2904 5006 3224 5060 germanum
3255 4989 3357 5042 ali-

1782 5089 1924 5155 quod
1973 5087 2216 5157 Gregorii
2264 5087 2525 5156 scriptum
2571 5095 2887 5152 occuparet,
2926 5084 3095 5138 libros
3144 5094 3357 5137 veteres

1780 5179 2066 5247 diligenter
2098 5179 2419 5242 evolvendo,
2470 5178 2683 5231 tandem
2735 5177 2785 5232 id
2816 5178 2958 5246 quod
3006 5176 3353 5247 optabamus,

1779 5271 1954 5340 adepti
1985 5288 2191 5326 sumus.
2228 5271 2360 5324 Nam
2389 5271 2441 5324 in
2472 5272 2609 5325 libro
2633 5270 2913 5325 Choniatze
2938 5284 3099 5323 manu
3128 5275 3355 5322 exarato

1779 5366 2163 5437 panegyricam
2196 5365 2442 5434 Gregorii
2475 5363 2804 5430 orationem,
2833 5363 3071 5416 habitam
3102 5362 3151 5413 in
3181 5359 3355 5414 hono—

1779 5473 1891 5510 rem
1925 5457 2142 5510 testium
2178 5456 2447 5521 veritatis,
2478 5454 2911 5518 Arianorumque
2954 5450 3188 5504 furorem
3230 5464 3355 5517 gra-

1779 5548 1936 5619 phice
1981 5548 2406 5611 describentem,
2444 5528 2746 5616 reperimus
2771 5559 2786 5597 :
2815 5558 2977 5612 quam
3009 5553 3161 5596 extra
3194 5540 3353 5594 dubi-

1782 5641 2037 5694 tationem
2072 5655 2286 5695 omnem
2324 5639 2485 5709 hujus
2530 5636 2769 5691 aucturis
2800 5648 2943 5701 esse,
2991 5644 3100 5687 tum
3142 5629 3351 5685 dicendi

1778 5732 2086 5797 character,
2117 5743 2227 5786 tum
2262 5746 2445 5786 rerum
2479 5731 2718 5799 ipsarum
2751 5728 2918 5783 facies
2945 5725 3204 5781 ostendit.

1852 5824 2092 5879 Tertium
2152 5824 2384 5893 denique
2450 5824 2708 5892 scriptum
2768 5821 2917 5882 illud.
2987 5819 3138 5886 cujus
3197 5816 3351 5866 modo

1783 5922 2107 5978 mentionem
2160 5921 2278 5987 feci,
2330 5928 2410 5976 est
2461 5918 2772 5973 Exhortatio
2823 5918 2889 5981 ad
2933 5915 3198 5983 virginem.
3237 5905 3349 5961 Hoc
