3824 6394
468 332 575 390 εει
1491 357 1781 421 JOANN‘IS
1819 367 2003 427 LEUV

2110 377 2283 435 KLAII
2321 383 2706 447 ΡῐίᾸΞΡΑΤΙΟ.

466 444 616 501 inter
648 450 922 507 orationes
950 455 1211 514 hactenus
1240 463 1465 520 relatum
1495 484 1598 539 est,
1623 487 1677 529 et
1705 477 2043 539 Nazianzeno

468 540 731 596 tributum
760 562 773 597 :
800 559 1026 613 quorum
1048 550 1203 607 alteri
1235 571 1422 623 parum
1451 577 1776 638 repugnans,
1806 574 2040 631 alterum

467 631 631 697 plane
664 649 949 703 perperam
981 638 1180 696 factum
1207 646 1315 701 aio.
1349 648 1487 706 Nam
1515 631 1564 709 isi
1589 631 1814 727 quidem
1843 676 1925 720 est
1951 667 2044 722 ali-

468 736 575 790 qua
614 726 987 794 rhythmorum
1036 734 1196 798 ratio,
1226 752 1388 806 quam
1421 726 1679 804 Aurelius
1708 754 2041 824 Augustinus

466 813 521 865 in
548 813 683 869 libro
708 815 783 870 De
804 823 1003 874 musica
1035 827 1220 891 tradit,
1250 840 1305 884 et
1331 847 1463 888 vero
1493 852 1921 902 consentaneum
1954 861 2040 906 est

3571 426 3651 483 53:2

2068 496 2116 552 A
2149 492 2340 552 Graeco
2372 500 2424 554 in
2459 500 2706 559 Latinum
2735 521 3041 566 sermonem
3075 518 3511 588 transcripsiums.
3536 539 3653 597 Αιιει-

2147 587 2386 657 reliquas
2416 608 2566 648 xxxii
2608 599 2885 655 orationes
2916 619 3039 657 cum
3094 608 3335 676 epistolis
3362 624 3411 667 et
3440 634 3654 687 poematis

2145 676 2407 736 hactenus
2446 686 2607 739 editis
2651 690 3069 759 complectitur:
3104 714 3222 766 quae
3268 676 3471 768 quidem
3508 722 3650 776 omnia

2143 766 2208 821 de
2234 772 2468 828 editione
2514 773 2741 832 Billiana
2785 785 3134 853 sumpsimus,
3168 804 3232 843 ne
3257 791 3402 859 prius
3434 812 3566 857 versa
3590 824 3655 863 re-

2141 862 2395 927 texendo,
2450 878 2630 921 actum
2689 886 2851 940 agere
2899 876 3224 933 videremur.
3274 883 3331 936 in
3383 892 3574 948 tertium
3612 914 3653 955 et

2141 950 2388 1007 ultimum
2433 965 2657 1023 tomum,
2706 965 2794 1029 qui
2851 974 2997 1022 totus
3043 970 3227 1025 itidem
3277 984 3449 1032 noster
3487 996 3577 1049 est,
3604 1006 3651 1045 ea

462 1004 578 1049 tmn
618 998 927 1066 Aristotele,
965 1015 1077 1061 tum
1113 1012 1391 1077 Athenaeo,
1432 1029 1486 1072 et
1526 1022 1669 1086 aliis,
1717 1027 1858 1082 dabo
1886 1032 2039 1100 equi-

459 1086 585 1142 dem
620 1088 941 1148 Nazianzeni
981 1097 1081 1151 hoc
1108 1103 1368 1171 scriptum
1399 1122 1540 1173 esse,
1578 1118 2033 1181 quemadmodum

464 1190 517 1234 et
557 1182 851 1239 Choniatas
890 1189 1141 1253 credidit,
1184 1203 1237 1247 et
1285 1200 1617 1268 exemplaria
1669 1208 2032 1265 vetustissima

462 1282 775 1331 testantur:
812 1293 996 1333 verum
1059 1282 1476 1357 haudquaquam
1532 1294 1675 1347 inter
1728 1300 2029 1368 orationes,

456 1364 553 1417 sed
581 1376 823 1431 pormata
856 1371 1043 1426 referri
1074 1376 1271 1432 debere
1306 1381 1449 1440 volo.
1482 1382 1614 1437 Nam
1646 1396 1818 1444 totum
1860 1393 2028 1449 meris

459 1455 727 1525 rhythmis
752 1472 982 1528 constat,
1011 1468 1086 1519 uti
1123 1484 1210 1522 res
1240 1470 1355 1540 ipsa
1389 1475 1668 1533 declarat:

666 1572 910 1653 I‘Iipehéye
943 1578 1127 1653 νύμφη
1162 1583 1419 1653 Χριστοῦ,

667 1643 879 1721 ᾼᾴξςιζέΔ
898 1664 989 1721 gon
1013 1643 1127 1702 ’τὸκί
1152 1643 1414 1721 νυὶιφίονλ

678 1714 1050 1792 apiarium;
1083 1738 1181 1773 astu
1190 1714 1285 1792 τὴὺ

678 1781 766 1834 Ἐν
794 1784 935 1855 λόγῳ
968 1781 1059 1841 δέαὶ
1094 1781 1282 1863 sopiat,
1317 1803 1421 1850 ctc.

452 1913 603 1980 Quod
655 1917 871 1985 quidem
921 1923 1061 1989 apud
1118 1940 1216 1977 nos
1266 1941 1294 1979 a
1357 1931 1570 1986 nemine
1625 1934 2019 2003 deprehensum

451 2008 734 2073 hactenus,
772 2011 823 2065 in
853 2014 1236 2083 antiquissimo
1282 2019 1419 2075 libro
1452 2037 1761 2092 poematum
1789 2028 2021 2084 Nazian-

448 2102 567 2153 zeni
603 2118 722 2155 meo
751 2116 989 2159 notatum
1020 2112 1206 2178 paucis
1236 2115 1415 2169 verbis
1443 2117 1645 2183 inveni,
1681 2138 1802 2191 qua:
1828 2124 2019 2180 Latine

445 2191 717 2259 proferam
750 2210 766 2250 :
801 2214 819 2246 ι
849 2197 903 2251 In
937 2198 1039 2255 hoc
1072 2204 1275 2273 scripto
1297 2205 1675 2277 Syrracusium
1724 2212 2019 2284 Gregorius

445 2283 708 2352 inmatur,
740 2290 831 2358 qui
858 2291 1006 2346 solus
1044 2306 1324 2362 poetarum
1365 2301 1637 2371 rhythmis
1687 2283 1853 2375 atque
1880 2307 2017 2363 colis

442 2392 572 2433 usus
600 2388 701 2445 est,
734 2384 882 2438 omni
914 2385 1016 2439 alia
1061 2389 1478 2445 scribendorum
1512 2410 1764 2450 versuum
1799 2402 2013 2468 poetica

440 2470 652 2526 ratione
679 2473 940 2542 neglecta.
958 2494 977 2527 ι
1015 2477 1255 2534 Errorex
1274 2484 1625 2554 ambiguitate
1654 2491 1802 2547 vocis
1829 2493 2010 2561 λόγος,

438 2577 560 2629 qum
590 2563 789 2629 passim
823 2566 875 2619 in
924 2566 1186 2624 librorum
1220 2571 1491 2630 lemmatis
1530 2582 1819 2648 reperitur,
1855 2595 2008 2641 ortus

438 2663 541 2706 est.
574 2653 703 2708 Nam
736 2670 795 2710 ea
846 2673 950 2713 non
997 2663 1299 2717 orationem
1352 2675 1563 2722 tantum
1600 2673 1891 2740 significat,
1934 2679 2010 2732 uti

433 2744 545 2812 jam
578 2754 735 2801 antea
767 2763 983 2819 quoque
1010 2755 1316 2811 monuimus
1348 2774 1362 2810 ε
1398 2758 1491 2811 sed
1523 2759 1575 2812 iu
1602 2776 1799 2830 genere
1820 2780 2006 2835 quant-

435 2836 519 2892 vis
550 2843 1055 2897 commentationem
1094 2855 1259 2916 atque
1298 2850 1580 2919 scriptum.
1618 2852 1735 2919 Quo
1766 2856 1882 2926 ipso
1921 2859 2000 2924 tit,

437 2938 496 2982 ut
522 2928 665 2983 Eiias
699 2942 882 2986 noster
910 2932 1157 3004 Gregorii
1192 2948 1436 3007 poemata
1468 2940 1662 3009 λόγους
1696 2946 2008 3019 ἐμμέτρους

434 3030 611 3074 vocet.
664 3022 777 3078 Hoc
810 3025 970 3079 modo
1016 3028 1337 3096 quibusdam
1382 3037 1630 3100 resectis,
1661 3047 1715 3091 et
1760 3043 2006 3096 oratione

432 3109 512 3164 De
534 3115 854 3183 martyribus
889 3118 1160 3184 reSIituta,
1193 3123 1590 3193 quinquaginta
1629 3139 1685 3182 et
1722 3131 1857 3185 duos
1895 3132 2003 3186 Na-

431 3202 677 3259 zianzeni
738 3216 1004 3263 tractatus
1057 3212 1337 3279 habemus,
1392 3230 1553 3284 quem
1611 3218 1826 3275 illorum
1881 3240 2002 3281 esse

429 3309 714 3350 numerum
757 3292 1045 3370 i‘ntegrum,
1080 3304 1222 3360 Elias
1258 3308 1532 3362 memoria:
1568 3313 1824 3379 prodidit.
1860 3316 2004 3381 Qua-

428 3391 646 3453 propter
696 3387 785 3442 hie
838 3390 1052 3458 quidem
1112 3394 1257 3464 quod
1311 3398 1541 3467 amplius
1604 3401 2000 3473 desideremus,

427 3476 559 3529 nihil
591 3488 694 3533 est.

498 3568 815 3638 Sequuntur
849 3573 1113 3641 epistolae,
1148 3591 1285 3647 quas
1317 3593 1423 3633 una
1453 3589 1663 3635 tantum
1693 3584 1902 3652 adjecta
1935 3592 2000 3645 de

425 3657 576 3715 libris
624 3678 781 3716 manu
824 3667 1041 3735 scriptis
1091 3671 1380 3726 auximus:
1412 3673 1648 3728 addituri
1703 3679 1999 3747 aliquando

426 3751 627 3819 plures,
661 3767 797 3821 quas
835 3757 937 3810 hoc
980 3769 1221 3827 tempore
1268 3767 1508 3821 nancisci
1559 3784 1664 3822 non
1702 3775 1996 3840 potuimus,

427 3843 641 3896 tametsi
697 3860 802 3898 non
855 3846 1188 3915 ignoremus,
1246 3856 1333 3909 ubi
1394 3857 1637 3912 locorum
1699 3865 1994 3930 supersint.

424 3930 674 3986 Poemata
710 3949 838 3989 vero
874 3947 1160 4008 tantopere
1195 3959 1338 3999 nunc
1367 3949 1549 4003 studio
1583 3962 1766 4005 nostro
1806 3971 1996 4009 excre-

424 4034 601 4088 scunt,
632 4034 685 4077 ut
714 4025 824 4091 jam
852 4029 1175 4097 prodeuntia
1221 4036 1371 4104 prius
1418 4039 1686 4097 editorum
1726 4049 1997 4115 magnitu-

424 4116 600 4169 dinem
642 4133 867 4174 numero
918 4136 1170 4178 versuum
1202 4140 1437 4197 aequent,
1475 4133 1716 4190 bonitate
1756 4141 1993 4206 pietate-

423 4222 527 4275 que
554 4208 708 4279 Iouge
738 4223 1014 4280 superent.
1051 4215 1203 4272 Unus
1264 4230 1433 4276 restat
1462 4226 1720 4280 adversus
1748 4231 1995 4299 Apolina-

422 4301 560 4353 rium
616 4301 769 4368 liber,
817 4308 1063 4360 versibus
1115 4324 1143 4361 a
1193 4310 1455 4382 Gregorio
1506 4320 1775 4388 scriptus,
1828 4339 1988 4401 quem

421 4390 596 4444 adhuc
627 4390 812 4446 Roma:
851 4396 902 4447 in
941 4394 1203 4453 Vaticana
1238 4404 1560 4461 bibliotheca
1594 4390 1900 4467 exstantem
1931 4426 1991 4470 ut

420 4480 653 4537 describi
698 4499 1037 4550 curarcmus,
1081 4489 1406 4560 jampridem
1454 4513 1672 4566 operam
1720 4504 1987 4571 dedimus,
2022 4514 2066 4569 D

420 4586 689 4643 sumptum
741 4577 904 4631 etiam
947 4579 1180 4648 aliquem
1236 4585 1556 4655 impensuri,
1602 4593 1698 4645 sed
1762 4593 1985 4655 frustra.

419 4662 761 4735 Quapropter
791 4668 889 4722 hoc
918 4673 1177 4740 scriptum
1210 4676 1316 4729 alio
1367 4687 1611 4748 tempore
1641 4687 1989 4754 perquiretur

418 4767 446 4803 a
482 4755 657 4820 nobis,
690 4756 743 4809 in
776 4756 984 4814 Italiam
1017 4765 1083 4831 (si
1115 4766 1222 4819 Deo
1251 4770 1424 4822 visum
1462 4773 1645 4843 luerit)
1675 4775 1779 4831 iter
1808 4782 1988 4835 susci-

417 4844 707 4915 p’entibus.
741 4848 873 4903 Nam
922 4853 975 4907 in
1030 4858 1216 4911 eadem
1264 4861 1520 4916 Vaticana
1555 4876 1821 4925 tractatus
1860 4872 1989 4929 Gre-

416 4938 549 5006 gorii
586 4939 722 4994 duos
751 4952 1049 5007 extremos,
1082 4964 1311 5017 quorum
1339 4954 1476 5008 alter
1497 4968 1580 5010 est
1609 4958 1675 5012 dc
1701 4962 1823 5028 lidc,
1850 4964 1987 5020 alter

415 5030 481 5081 de
515 5031 618 5085 fide
651 5031 886 5100 Nicaena,
923 5053 1210 5107 superesse
1241 5042 1428 5098 Graece
1480 5051 1786 5117 accepimus
1811 5072 1823 5108 :
1848 5071 1985 5123 quos

416 5121 577 5175 modo
617 5121 808 5180 Latine
856 5137 1065 5184 tantum
1100 5146 1129 5184 a
1176 5132 1369 5189 Rufino
1407 5151 1697 5197 conversos
1735 5144 1979 5216 legimus.

485 5212 562 5268 De
598 5215 697 5271 hac
725 5225 1245 5279 commemoratione
1277 5240 1463 5283 nostra
1488 5231 1657 5287 lector
1688 5236 1984 5308 intelligere
2022 5254 2025 5259 ‘

412 5312 611 5369 potest,
637 5322 739 5360 non
775 5321 895 5362 esse
918 5312 1015 5364 abs
1047 5326 1124 5375 re,
1144 5316 1285 5381 quod
1317 5316 1455 5371 hanc
1490 5322 1783 5380 editionem
1818 5344 1980 5397 quam

413 5394 658 5460 proxime
700 5399 765 5452 ad
819 5414 1045 5469 operum
1100 5404 1343 5471 Gregorii
1388 5409 1771 5477 perfectionem
1823 5436 1983 5477 acce-

414 5484 541 5538 dere
576 5486 831 5546 diximus.
864 5492 936 5545 Ea
967 5508 1096 5549 vero
1130 5505 1239 5549 tres
1265 5500 1486 5555 omnino
1517 5502 1567 5555 in
1598 5513 1771 5562 tomos
1797 5510 1981 5565 distri-

413 5575 579 5630 buere
620 5580 785 5635 certis
822 5581 888 5635 de
940 5586 1121 5641 causis
1164 5590 1336 5643 visum
1372 5601 1473 5656 est,
1508 5609 1738 5662 quorum
1771 5602 1979 5668 primus

414 5666 690 5722 orationes
736 5686 805 5724 xx
854 5688 976 5727 cmn
1027 5674 1232 5733 Elianis
1277 5684 1684 5739 commentariis
1714 5690 1976 5758 continet,

416 5767 665 5830 totusque
720 5770 917 5817 nostrae
962 5764 1188 5822 debetur
1239 5770 1534 5839 industrim,
1589 5778 1677 5845 qui
1733 5793 1855 5835 cum
1910 5784 1977 5837 de

2140 1041 2384 1112 Gregorii
2428 1061 2677 1117 poemata
2722 1055 3028 1127 referimus,
3060 1076 3180 1129 qua:
3229 1081 3371 1120 nunc
3408 1072 3652 1136 primnma

2138 1137 2295 1190 nobis
2330 1139 2453 1194 luce
2503 1141 2813 1199 donantur:
2843 1161 3099 1216 praeterea
3135 1152 3332 1210 Nicetae
3365 1172 3652 1221 commenta-

2136 1228 2274 1281 rium
2329 1231 2378 1284 in
2431 1232 2674 1304 Gregorii
2729 1242 3027 1297 sententias
3078 1253 3183 1300 tam
3229 1254 3495 1317 quaternis
3520 1272 3651 1325 quam

2133 1320 2361 1388 singulis
2407 1327 2651 1381 versibus
2696 1329 2930 1385 inclusas
2978 1335 3281 1403 adjicimus,
3330 1351 3382 1397 et
3417 1350 3650 1418 egregium

2131 1407 2312 1472 Pselli,
2346 1411 2639 1469 Christiani
2669 1419 2997 1489 philosophi,
3031 1426 3096 1479 de
3135 1427 3428 1486 difficilium
3448 1407 3652 1493 vl‘iaaian-

2130 1500 2248 1551 zeni
2303 1499 2542 1556 locorum
2598 1506 2869 1562 intellectu
2929 1512 3148 1569 librum.
3206 1518 3425 1576 Accedit
3474 1529 3531 1579 ad
3572 1532 3650 1585 hos

2128 1588 2392 1645 Caesarius
2452 1612 2684 1666 quoque,
2749 1617 3040 1671 germanus
3104 1608 3430 1669 Nazianzeni
3490 1618 3646 1685 frater,

2046 1724 2057 1733 .
2128 1682 2277 1751 cujus
2337 1689 2566 1741 antehac
2630 1691 2767 1743 nihil
2814 1696 3038 1751 omnino
3091 1699 3412 1771 scriptorum
3464 1715 3648 1777 prodiit.

2127 1773 2257 1842 Ejus
2290 1777 2535 1848 Dialogus
2582 1794 2869 1853 pr0pterea
2906 1790 3248 1857 potissimum
3278 1773 3515 1867 Gregorii
3539 1809 3649 1859 scri-

2052 1845 2094 1899 Β
2124 1863 2230 1931 ptis
2255 1845 2528 1923 addendos
2566 1845 2771 1940 putavi,
2808 1845 2951 1944 quod
2994 1880 3047 1933 in
3078 1882 3157 1936 eis
3196 1845 3455 1943 Caesaritt’ts
3477 1845 3649 1962 Grego-

2123 1954 2261 2007 rium
2294 1955 2511 2012 fratrem
2544 1976 2571 2013 a
2604 1964 2803 2032 seipso,
2838 1965 3088 2038 Leontio,
3119 1972 3378 2045 Gregorio
3418 1978 3648 2053 Nysseno,

2124 2044 2350 2110 Domno,
2380 2061 2434 2104 et
2466 2052 2585 2107 aliis
2613 2053 2971 2114 familiaribus
2991 2044 3402 2135 interrogatum,
3433 2072 3493 2125 de
3523 2090 3647 2141 quae-

2120 2140 2386 2196 stionibus
2419 2147 2753 2213 gravissimis
2804 2160 2917 2207 toto
2946 2156 3238 2221 quatriduo
3274 2140 3647 2230 respondentem

2120 2232 2444 2290 introduxit.
2468 2236 2603 2294 lluie
2625 2250 2677 2295 et
2695 2243 3085 2302 Annntationes
3110 2251 3160 2303 in
3185 2250 3429 2321 Gregorii
3452 2260 3645 2328 scripta,

2118 2325 2314 2392 quibus
2372 2326 2660 2386 lectionum
2710 2336 2945 2393 varietas
2988 2341 3321 2410 continetur,
3353 2358 3404 2401 et
3442 2350 3641 2407 Iudicem

2117 2421 2481 2474 necessarium
2510 2424 2847 2491 subjicimus.

2186 2506 2299 2563 Cur
2342 2521 2518 2566 autem
2569 2516 2620 2568 iu
2666 2520 3005 2578 orationibus
3055 2524 3387 2584 collocandis
3436 2534 3648 2590 ordinem

2116 2611 2144 2650 a
2166 2597 2322 2653 Billio
2343 2605 2713 2675 prtescriptum
2746 2611 2915 2665 secuti
2950 2629 3054 2668 non
3086 2617 3277 2683 simus,
3297 2637 3469 2678 causae
3495 2629 3649 2682 mutue

2114 2699 2261 2753 sunt,
2292 2705 2475 2760 eazque
2514 2710 2725 2763 graves.
2769 2699 2901 2755 Nam
2942 2705 3105 2760 duum
3152 2712 3377 2766 omnino
3419 2730 3644 2780 generum

2112 2787 2240 2830 sunt
2282 2779 2611 2838 Nazianzeni
2656 2789 2951 2847 orationes.
2997 2794 3238 2852 Aliarum
3291 2812 3514 2875 tempus,
3560 2824 3648 2876 quo

2110 2868 2194 2923 vel
2221 2872 2436 2942 scriptze
2459 2876 2586 2942 sint,
2622 2879 2703 2933 vel
2728 2885 3108 2954 pronuntiata,
3137 2892 3264 2948 sciri
3297 2868 3507 2965 potest:
3535 2868 3649 2954 alia-

2110 2975 2227 3015 rum
2275 2980 2379 3018 non
2422 2977 2616 3036 potest.
2662 2971 2829 3029 Primi
2874 2981 3087 3045 generis
3114 2993 3260 3049 sunt,
3303 2990 3566 3045 orationes
3585 2992 3651 3046 De

2106 3069 2255 3120 pace,
2285 3065 2470 3111 contra
2498 3058 2817 3128 Maximum,
2859 3068 2925 3121 ad
2969 3069 3226 3127 Basilium
3272 3087 3329 3131 et
3356 3088 3552 3147 patrem
3573 3082 3651 3134 ali-

2030 3178 2071 3236 c
2108 3152 2256 3211 quot,
2277 3149 2518 3217 purgatio
2543 3150 2679 3221 fuga:
2700 3154 2751 3207 in
2768 3154 3023 3225 Pontum,
3048 3161 3317 3233 pleraeque
3343 3168 3651 3225 laudationes

2108 3231 2383 3300 funebres,
2411 3248 2465 3292 et
2492 3239 2650 3295 aliae:
2676 3247 2922 3313 secundi,
2958 3231 3240 3309 orationes
3267 3257 3341 3309 ad
3378 3257 3651 3313 Eunomia-

2106 3341 2219 3388 nos,
2270 3330 2335 3382 de
2383 3341 2522 3385 recta
2557 3335 2847 3391 disserendi
2896 3341 2959 3394 de
3012 3342 3119 3399 Deo
3161 3349 3389 3413 ratione,
3424 3350 3495 3405 De
3523 3365 3643 3406 recta

2103 3419 2358 3473 doctrinm
2389 3425 2669 3489 sententia,
2693 3427 2771 3481 De
2799 3428 2938 3485 Filio
2966 3432 3107 3501 dum,
3132 3436 3207 3490 De
3234 3437 3438 3507 Spiritu
3468 3456 3650 3507 sancto,

2102 3506 2181 3561 De
2218 3510 2486 3565 moderata
2533 3516 2818 3574 disserendi
2866 3525 3088 3590 ratione,
3140 3527 3215 3581 De
3248 3529 3581 3597 Machabaais,
3604 3543 3650 3586 et

2102 3597 2221 3652 aliae
2252 3602 2577 3672 complures.
2613 3608 2764 3673 Quod
2810 3627 2932 3667 cum
2965 3615 3037 3668 ita
3073 3619 3163 3685 sit,
3202 3620 3255 3673 in
3299 3621 3649 3676 collocationis

2100 3692 2241 3743 serie
2272 3697 2529 3761 temporis
2562 3698 2749 3754 haberi
2799 3704 2941 3757 ratio
2978 3716 3123 3759 certa
3169 3713 3397 3777 nequit:
3428 3714 3500 3766 uti
3536 3730 3646 3782 pro-

2101 3778 2242 3835 fecto
2265 3798 2331 3837 ne
2355 3800 2381 3837 a
2405 3777 2561 3842 Billio
2583 3792 2797 3858 quidem
2829 3810 3082 3851 accurate
3105 3800 3289 3855 habita
3318 3812 3423 3869 est,
3450 3805 3492 3859 si
3520 3817 3649 3860 reete

2102 3884 2212 3923 rem
2245 3876 2670 3937 consideremus.

2170 3961 2303 4017 Nam
2342 3968 2550 4023 ratione
2594 3975 2851 4042 temporis
2880 3975 2946 4047 (si
2986 3980 3201 4047 quidem
3254 3986 3387 4041 Elite
3424 3988 3647 4043 Cretensi

2097 4062 2152 4106 et
2183 4053 2379 4111 Niceta:
2420 4058 2674 4116 Serronio
2714 4067 3002 4139 credimus)
3045 4085 3165 4126 esse
3206 4077 3380 4142 prima
3410 4079 3639 4145 debebat,

2098 4157 2203 4195 non
2258 4159 2319 4198 ea
2359 4162 2461 4215 qua
2516 4148 2691 4219 fugam
2742 4153 2794 4205 in
2834 4154 3063 4211 Pontum
3115 4176 3271 4217 suam
3303 4166 3511 4233 prolixe
3535 4185 3647 4237 pur-

2094 4243 2218 4301 gat,
2270 4238 2362 4289 sed
2418 4238 2609 4302 altera,
2664 4243 2817 4312 cujus
2864 4245 3149 4319 inscriptio
3195 4265 3374 4321 notat,
3430 4260 3647 4312 habitam

2095 4324 2262 4380 fuisse
2294 4328 2359 4381 ad
2391 4329 2508 4385 illos
2531 4334 2619 4400 qui
2651 4334 2824 4403 ipsum
2853 4337 3008 4394 initio
3035 4344 3373 4405 acciverant.
3394 4365 3492 4403 nec
3518 4362 3650 4417 post-

2093 4432 2253 4487 quam
2282 4421 2514 4477 senioris
2550 4440 2742 4478 munus
2786 4428 2833 4481 ei
2878 4432 3223 4489 commissum
3256 4436 3478 4504 fuisset,
3506 4455 3651 4494 vene-

2098 4511 2473 4567 rant.-Etenim
2520 4530 2581 4568 ea
2614 4520 2964 4583 pronuntiata
3004 4520 3105 4577 fuit
3151 4526 3203 4580 id
3247 4531 3530 4599 temporis,
3556 4547 3650 4600 quo

2094 4603 2325 4670 primum
2375 4607 2629 4661 sacerdos
2676 4608 2849 4664 factus
2898 4620 3015 4678 cst;
3067 4630 3131 4669 ac
3175 4621 3475 4674 secundum
3524 4623 3650 4675 hanc

2093 4694 2358 4749 actionem
2401 4696 2453 4750 in
2494 4696 2724 4754 Pontum
2773 4702 2998 4772 aufugit,
3035 4720 3062 4758 a
3093 4722 3195 4775 qua
3230 4708 3359 4778 fuga
3395 4728 3646 4776 reversus,

2091 4783 2144 4836 in
2174 4783 2377 4839 Pascha
2413 4795 2467 4840 et
2493 4789 2801 4843 tarditatem
2825 4794 3123 4847 orationem
3156 4796 3347 4850 habuit
3400 4800 3539 4867 (quae
3561 4800 3649 4852 hoc

2090 4875 2306 4929 nomine
2354 4880 2649 4931 secundum
2698 4880 2798 4933 sibi
2859 4881 3033 4937 locum
3092 4886 3440 4958 vindicabit),
3470 4891 3649 4957 illaque

2088 4964 2252 5029 dicta,
2290 4979 2383 5032 per
2406 4967 2573 5020 otium
2599 4967 2737 5038 fugze
2757 4969 2991 5025 Pontica:
3021 4975 3401 5045 purgationem
3426 4977 3648 5031 conscri-

2087 5056 2214 5122 psit.
2247 5053 2366 5108 Jam
2399 5058 2585 5114 Billius
2627 5071 2681 5114 et
2715 5062 2860 5116 illaut
2908 5067 3236 5133 orationem,
3271 5086 3397 5138 qua:
3433 5086 3648 5139 pronun-

2088 5148 2216 5201 tiata
2248 5159 2331 5203 est
2365 5151 2414 5204 in
2457 5152 2713 5208 electione
2741 5154 3089 5210 Doarensium
3119 5161 3385 5215 antistitis
3421 5161 3631 5226 Eulalii,

2083 5251 2206 5309 post
2233 5256 2351 5296 eam
2381 5244 2679 5310 collocavit,
2709 5261 2826 5315 qua:
2854 5248 2905 5300 in
2935 5251 3163 5307 concilio
3186 5268 3248 5307 cr.
3281 5255 3644 5324 episc0porum

2084 5342 2164 5384 est
2216 5333 2419 5389 habita.
2464 5336 2626 5406 Atqui
2674 5342 2824 5409 prior
2872 5345 3012 5397 dicta
3059 5354 3142 5399 est
3185 5347 3311 5401 vivo
3364 5347 3644 5401 etiamnum

2084 5420 2313 5485 Basilio,
2370 5429 2636 5494 posterior
2697 5446 2761 5484 eo
2814 5432 3125 5498 jamdudum
3178 5437 3345 5492 rebus
3400 5438 3638 5491 humanis

2082 5525 2352 5584 exempto.
2388 5518 2649 5575 Funebris
2674 5522 2727 5575 in
2764 5523 3020 5579 Basiliam
3052 5528 3223 5582 oratio
3250 5542 3528 5598 postrema
3557 5530 3645 5580 fuit

2081 5608 2341 5673 omnium,
2380 5610 2494 5665 sive
2542 5613 2916 5689 scriptionem,
2960 5620 3073 5673 sive
3123 5621 3503 5676 recitationem
3536 5638 3645 5689 spu—

2081 5707 2217 5763 ctes,
2249 5703 2590 5767 pronuntiata
2620 5705 2879 5762 Cmsareze
2909 5710 3288 5781 Cappadocum
3326 5714 3382 5767 in
3412 5725 3641 5767 extrema

2084 5802 2323 5855 senecta,
2372 5809 2493 5849 cum
2546 5797 2731 5853 relicta
2770 5800 3227 5873 Constantinopoli
3260 5803 3558 5875 Gregorius
3593 5803 3643 5858 in
