3776 6574
127 380 221 437 553

1179 373 1465 432 JOANNIS
1496 376 1959 434 LEUVENKLAII
1997 380 2394 441 ΡΒᾹΞΡΑΤΙΟ.

3266 387 3375 444 554

123 492 339 564 patriam
366 487 950 557 reverteretur.Atqui
977 486 1093 541 haec
1117 487 1294 542 locum
1322 497 1464 542 inter
1486 488 1854 557 prioresAet
1892 492 2265 546 auctoritatem
2323 493 2441 561 ejus
2499 499 2826 559 revocatum,
2886 505 3007 561 qua)
3053 491 3165 562 jam
3226 499 3371 566 apud

122 586 331 641 invenit.
366 583 411 638 Ε
453 586 743 640 contrario
765 583 884 637 duae
914 582 968 634 in
988 580 1263 635 lulianum
1296 581 1589 651 Augustum
1623 580 1701 634 in-

119 678 327 733 vectiva:
369 676 501 731 loco
564 684 843 745 postremo
882 681 1176 742 ponuntur,
1219 686 1339 740 quae
1377 674 1526 741 prius
1552 670 1703 725 luere

118 774 337 839 scriptae,
364 784 548 837 quam
580 767 661 822 vel
681 765 994 835 Gregorius,
1018 762 1104 817 vel
1134 762 1363 818 Basilius
1392 762 1698 817 antistitum

118 877 322 916 munere
363 860 531 929 fungi
580 858 890 928 coepissent.

172 950 291 1006 Haec
318 948 458 1003 mihi
487 962 709 1002 mecum
738 943 1063 1014 expendenti
1096 942 1269 997 visum
1298 943 1421 1007 fuit,
1463 941 1698 1011 primum

114 1044 169 1095 iis
198 1039 556 1094 orationibus
606 1037 659 1090 in
705 1035 944 1090 editione
976 1045 1160 1087 nostra
1205 1032 1382 1086 locum
1430 1032 1695 1096 tribuere,

112 1144 229 1198 quas
250 1127 482 1197 egregie
508 1135 708 1180 noster
738 1124 881 1178 Elias
909 1124 1172 1176 hactenus
1201 1123 1507 1191 incognitus
1537 1137 1696 1175 enar-

111 1231 307 1275 rasset:
362 1231 547 1287 atque
591 1218 699 1271 illis
744 1217 998 1284 deinceps
1050 1215 1187 1269 alias
1234 1213 1521 1281 subjicere,
1556 1212 1693 1267 Billii

109 1314 273 1367 labore
304 1309 512 1364 Latina
548 1318 701 1364 veste
724 1308 968 1363 donatas.
990 1305 1140 1361 Hanc
1170 1319 1347 1359 autem
1377 1306 1554 1374 spatio
1586 1320 1693 1359 non

108 1406 265 1473 exigui
307 1400 593 1470 temporis
624 1398 951 1463 absolutam,
1001 1408 1054 1451 et
1086 1411 1282 1465 magno
1311 1396 1529 1463 quidem
1568 1410 1690 1449 cum

106 1500 270 1553 labore
300 1494 782 1555 lucubrationem,
814 1505 910 1544 cur
943 1490 1010 1543 ad
1046 1488 1556 1542 reverendissitnam
1589 1502 1688 1539 ex-

107 1588 387 1640 celsitatem
437 1591 603 1635 tuam
660 1579 1001 1648 potissimum
1049 1578 1286 1638 mittam,
1325 1575 1692 1630 illustrissime

104 1678 364 1742 Princeps,
423 1672 612 1726 variis
655 1685 719 1724 ac
754 1670 1009 1741 gravibus
1052 1682 1184 1722 sane
1224 1668 1524 1721 rationibus
1574 1681 1691 1721 mo-

106 1784 235 1823 veor.
284 1767 553 1820 Primum
603 1774 712 1818 tam
765 1762 899 1817 clari
954 1760 1213 1815 antistitis
1265 1774 1432 1829 opera
1484 1759 1687 1813 nemini

106 1861 305 1922 rectius,
338 1872 522 1925 quam
557 1855 709 1910 claro
744 1854 928 1908 itidem
960 1850 1190 1907 antistiti
1222 1851 1475 1920 putabam
1506 1848 1689 1903 oll'crri
1720 1840 1763 1894 Β

108 1953 299 2007 debere.
327 1949 555 2003 Deinde.
580 1956 868 2018 patronum
905 1944 1037 1999 mihi
1072 1955 1460 2009 censoremque
1491 1936 1699 1994 litteris'

104 2047 360 2098 excultum
416 2040 678 2109 deligere
726 2038 891 2100 volui,
924 2044 1114 2091 contra
1156 2033 1541 2103 plerarumque
1571 2048 1688 2086 mo-

110 2152 224 2200 rem,
254 2134 344 2203 qui
383 2131 811 2186 lucubrationes
838 2143 964 2183 suas
996 2127 1305 2181 hominibus
1337 2125 1495 2196 plane
1534 2125 1685 2180 litte-

108 2242 264 2280 rarum
297 2224 588 2295 imperitis
629 2222 924 2277 inscribere
956 2236 1061 2275 non
1090 2230 1364 2275 verentur.

165 2318 270 2373 Hoc
311 2331 452 2372 vero
502 2313 903 2377 consideranti,
959 2328 1065 2367 non
1112 2311 1433 2365 occurrebat
1466 2310 1519 2365 in
1566 2318 1682 2365 toto

109 2422 286 2467 nostrae
323 2409 587 2465 nationis
622 2406 850 2476 imperio
887 2405 1173 2475 quisquam
1202 2405 1444 2458 virorum
1477 2403 1682 2472 princi-

112 2520 259 2573 pum,
302 2516 475 2572 quem
530 2496 733 2554 illustri
791 2497 1121 2567 prmstantiae
1178 2503 1282 2551 tuae
1340 2494 1680 2565 prml‘errem.

112 2596 295 2651 Etenim
327 2610 441 2648 non
484 2592 697 2648 eximia
731 2598 939 2643 tantum
980 2588 1242 2647 doctrinae
1284 2587 1403 2642 laus
1435 2586 1681 2641 omnium

115 2702 348 2743 consensu
396 2686 500 2740 tibi
555 2682 815 2739 tribuitur
850 2694 865 2734 :
900 2681 995 2735 sed
1039 2680 1204 2734 etiam
1255 2677 1531 2747 plerisque
1586 2691 1681 2745 per

113 2795 297 2835 omnem
332 2778 624 2846 Europam
655 2773 1068 2829 admirationem
1110 2772 1444 2826 merentibus
1474 2768 1673 2839 linguis

116 2887 223 2927 sane
244 2886 405 2941 quam
438 2870 731 2939 eleganter
776 2864 966 2919 uteris.
999 2862 1218 2917 Accedit
1253 2862 1320 2915 ad
1357 2860 1495 2924 haec,
1528 2858 1675 2927 quod

118 2965 155 3019 ei
181 2964 371 3033 regioni
416 2977 550 3017 cum
591 2958 821 3028 imperio
856 2964 1227 3026 potestateque
1277 2951 1487 3022 prmsis,
1513 2964 1543 3005 e
1573 2964 1681 3019 qua

119 3055 228 3109 mihi
246 3055 382 3108 avita
407 3053 731 3125 patritaque
757 3048 909 3118 origo
952 3047 1185 3101 ducitur.
1219 3044 1499 3099 Summam
1528 3040 1677 3095 enim

121 3158 212 3200 tum
255 3146 583 3216 potentiam,
617 3151 729 3195 tum
770 3138 1149 3194 auctoritatem
1190 3134 1403 3190 obtines
1435 3133 1488 3187 in
1526 3131 1675 3187 oeci-

122 3240 203 3293 dua
233 3238 495 3305 Saxonia,
552 3250 677 3307 quae
724 3232 928 3288 recenti
983 3229 1342 3300 appellatione
1397 3224 1676 3281 Vestualia

124 3331 306 3396 dicitur,
338 3345 467 3385 cum
503 3343 636 3384 vera
666 3326 737 3380 sit
766 3339 829 3379 ac
861 3332 1014 3378 vetus
1042 3320 1301 3384 Saxonia,
1321 3317 1680 3389 quemadmo-

122 3422 222 3477 dum
254 3422 524 3476 Cranzius
581 3418 726 3474 Saxo
757 3414 1032 3470 multoties
1075 3411 1129 3466 in
1166 3410 1411 3465 historiis
1449 3409 1562 3464 suis
1594 3408 1680 3461 in-

125 3512 287 3566 culcat.
327 3512 509 3567 Habes
543 3509 919 3579 episcopatum
958 3502 1464 3564 Munasteriensem,
1496 3513 1527 3553 a
1554 3513 1675 3553 ma-

124 3602 296 3669 joribus
343 3605 555 3660 nostris
606 3596 1117 3667 Mimingrodensem
1172 3592 1519 3663 appellatum.
1578 3589 1673 3659 qui

130 3696 258 3749 tertio
286 3696 398 3752 loco
438 3698 494 3751 in
538 3693 780 3750 Saxonia
822 3687 1165 3759 imperatoris
1214 3684 1448 3740 Caesaris
1484 3681 1671 3737 Caroli

128 3784 270 3857 Hagni
293 3790 522 3858 Augusti
577 3785 757 3841 studio
801 3782 1131 3837 constitutus
1164 3786 1268 3831 est.
1306 3775 1434 3846 Ejus
1465 3786 1679 3841 semper

132 3895 286 3948 magna
311 3881 409 3935 fuit
438 3879 700 3950 dignitas,
735 3890 854 3946 qua:
886 3872 971 3926 vel
1003 3870 1129 3925 inde
1165 3877 1342 3939 potest
1387 3864 1672 3929 aestimari,

130 3969 243 4036 quod
283 3986 399 4025 eum
448 3967 745 4039 aliquando
796 3961 1180 4019 Bremonensis
1229 3958 1674 4027 archiepiseOpus

131 4059 247 4115 hunc
270 4072 502 4130 peteret,
548 4075 655 4115 non
705 4058 854 4127 prius
884 4052 1220 4124 impetrarit,
1254 4064 1417 4119 quam
1464 4046 1677 4101 archie-

132 4151 423 4223 piscopatum
454 4154 535 4208 illi
574 4155 940 4221 postponeret,
985 4153 1040 4199 et
1072 4145 1125 4198 in
1157 4141 1532 4197 commendam
1566 4136 1671 4207 (uti

136 4243 457 4309 superioribus
500 4241 662 4295 annis
695 4238 925 4294 barbare
953 4231 1331 4303 loquebantur)
1378 4230 1672 4299 acciperet.

138 4330 189 4383 Es
213 4342 373 4387 autem
417 4334 552 4388 huic
579 4330 784 4401 optimo
808 4326 929 4396 jure
958 4323 1267 4395 praefectus,
1299 4319 1384 4374 vel
1427 4319 1496 4374 ob
1536 4318 1677 4372 insi-

137 4436 261 4487 gnem
286 4425 609 4494 sapientiam
652 4420 938 4483 tuam,‘vel
983 4419 1161 4487 prisca
1200 4411 1549 4468 nobilissima:
1586 4407 1673 4462 la-

1802 578 1997 632 rnultos
2043 578 2094 632 in
2130 588 2498 649 contemptum
2531 596 2670 648 pene
2708 590 2950 639 venerat.
2993 580 3172 638 llabcs
3203 595 3257 639 et
3290 589 3375 641 di-

1804 663 2028 724 tionem'
2059 669 2627 737 l’aderaabornensem,
2668 673 2721 727 in
2777 688 2883 742 qua
2942 674 3087 729 idem
3135 675 3366 734 Carolus

1800 760 2027 829 Magnus
2055 763 2448 832 episeOpatum,
2481 762 2756 818 Saxonum
2788 775 2948 835 gente
2975 767 3206 833 devicta,
3233 785 3365 825 con-

1798 853 1993 907 stituit.
2054 854 2231 909 Habes
2294 854 2719 925 Osnabrugicam
2785 857 3061 927 denique,
3134 859 3366 929 primam

1797 944 2035 998 omnium
2082 946 2135 999 in
2178 946 2416 1001 Saxonia
2457 947 2642 1001 sedem
2688 949 2990 1003 antistitum
3024 948 3365 1007 Christiano-

1796 1047 1935 1096 rum,
1984 1033 2226 1102 ejusdem
2280 1035 2625 1102 imperatoris
2674 1037 3002 1093 auetoritate
3057 1041 3363 1097 munitam:

1795 1124 1850 1177 in
1901 1123 2054 1192 cujus
2111 1125 2565 1191 immunitatibus,
2620 1142 2743 1197 quae
2808 1129 3087 1201 privilegia
3147 1142 3363 1197 vocant,

1792 1216 2049 1285 quiddam
2074 1217 2269 1270 merito
2294 1217 2700 1273 memorandum
2732 1221 2798 1273 ad
2832 1235 3046 1277 omnem
3078 1225 3354 1292 posteritao

1795 1317 1901 1360 tem
1937 1308 2265 1363 continetur.

1867 1396 2039 1452 Lubet
2075 1408 2256 1454 autem
2293 1399 2405 1469 ipsa
2451 1400 2717 1456 Carolina
2758 1403 3162 1460 constitutionis
3195 1408 3361 1461 verba

1790 1490 1953 1544 certis
2007 1492 2073 1545 de
2127 1482 2307 1547 causis
2346 1493 2449 1548 hoc
2504 1494 2621 1548 loco
2665 1509 2887 1564 ponere,
2936 1511 3057 1565 qua:
3096 1497 3361 1566 hodieque

1788 1580 2018 1648 publicis
2069 1582 2381 1651 diplomatis
2437 1586 2698 1654 inscripta
2752 1596 3060 1654 supersunt.
3126 1606 3143 1638 ‹
3176 1587 3361 1643 Eidem

1787 1677 2066 1746 episcOpo,
2129 1676 2302 1745 inquit
2351 1676 2579 1731 Carolus
2632 1677 2721 1731 ille
2774 1676 2997 1747 Magnus
3044 1679 3359 1749 imperatur.

1801 1769 2025 1839 ejusque
2063 1767 2468 1825 successoribus
2514 1768 2818 1847 libertatem
2873 1781 3185 1839 perpetuam
3236 1786 3362 1825 con-

1790 1862 2057 1927 cedimus,
2094 1870 2150 1916 et
2191 1862 2259 1915 ab
2285 1861 2430 1917 omni
2478 1862 2645 1931 regali
2684 1862 2910 1932 imperio
2936 1863 3359 1920 absolutionem:

1790 1950 1893 2003 nisi
1938 1949 2078 2004 forte
2123 1950 2425 2018 contingat,
2467 1960 2524 2003 ut
2556 1950 2851 2019 imperator
2888 1951 3275 2017 Romanorum,
3307 1962 3363 2009 et

1788 2056 1879 2096 rex
1903 2041 2234 2105 Graecorum,
2269 2040 2566 2109 conjugalia
2601 2041 2805 2096 foedera
2837 2042 2976 2097 inter
3001 2042 3139 2098 ﬁlios
3170 2060 3357 2099 eorum

1786 2134 2104 2187 contrahere
2155 2132 2464 2203 disponant.
2516 2130 2667 2189 Tune
2715 2133 2859 2188 enim
2912 2132 3172 2189 Ecclesia:
3215 2135 3359 2191 illius

1782 2227 2067 2295 episcopus
2097 2240 2218 2280 cum
2251 2236 2465 2296 sumptu
2493 2240 2524 2280 a
2550 2240 2676 2298 rege
2708 2225 2791 2280 vel
2841 2226 3166 2294 imperatore
3197 2226 3358 2281 adhi-

1784 2313 1896 2369 bito
1943 2314 2181 2369 laborem
2224 2314 2386 2370 simul
2445 2323 2501 2370 et
2547 2316 2809 2370 honorem
2863 2314 3007 2370 illius
3068 2315 3353 2386 legationis

1785 2414 2051 2460 assumet.
2100 2404 2165 2460 Et
2201 2420 2267 2460 ea
2320 2406 2388 2462 de
2421 2422 2584 2462 causa
2617 2406 2925 2469 statuimus,
2962 2414 3021 2461 ut
3063 2391 3117 2461 in
3162 2408 3359 2461 eodem

1782 2496 1900 2552 loco
1930 2496 2133 2553 Graeca
2175 2496 2489 2568 Latinaeque
2538 2498 2740 2554 schola:
2773 2498 2826 2553 in
2866 2506 3186 2569 perpetuum
3212 2498 3363 2553 ordl-

1784 2590 2003 2645 natione
2059 2598 2247 2645 nostra
2306 2600 2613 2645 maneant:
2655 2605 2755 2644 nec
2817 2604 3055 2659 unquam
3121 2589 3356 2646 clericos

1783 2684 2067 2752 utriusque
2100 2683 2299 2754 linguae
2332 2698 2531 2755 gnaros
2569 2683 2849 2739 defuturos
2880 2683 3227 2739 conﬁdimus.
3261 2702 3282 2736 ι

1852 2775 1966 2831 Hoc
1996 2775 2259 2845 majorum
2304 2776 2550 2830 instituto
2602 2784 2784 2830 motus
2814 2774 2957 2829 haud
3003 2774 3165 2830 dubie
3190 2791 3356 2846 supe-

1782 2865 1913 2921 riori
1943 2879 2085 2919 anno
2116 2864 2369 2919 dominus
2414 2874 2624 2929 noster,
2652 2864 2950 2933 imperator
2981 2862 3173 2918 Caesar
3194 2863 3360 2920 Maxi-

1782 2956 2035 3012 milianus
2088 2953 2131 3010 ll
2163 2954 2302 3025 Aug.
2338 2955 2499 3009 liliam
2526 2970 2677 3010 suam
2707 2970 2890 3025 regum
2923 2954 3360 3011 Christianorum

1784 3047 2018 3102 maximo
2033 3047 2349 3117 desponsam
2370 3061 2467 3116 per
2495 3058 2547 3102 te
2577 3046 2920 3116 potissimum
2943 3047 3140 3102 deduci
3164 3048 3354 3103 voluit;

1782 3155 1890 3211 quo
1927 3138 2141 3209 quidem
2174 3139 2227 3193 in
2269 3150 2495 3193 munere
2521 3139 2769 3193 obeundo
2798 3153 3046 3207 magnam
3072 3138 3354 3196 industria:

1781 3231 2184 3303 prudentiaeque
2226 3230 2443 3285 laudem
2494 3228 2766 3284 invenisti.
2813 3228 2967 3295 Quod
2993 3229 3039 3284 si
3072 3240 3217 3285 recte
3241 3247 3357 3286 rem

1781 3323 2049 3379 aestimare
2077 3322 2326 3389 velimus,
2358 3320 2628 3390 majorem
2664 3320 2718 3375 in
2756 3320 2823 3376 iis
2857 3320 2991 3375 locis
3028 3329 3355 3390 potestatem

1779 3430 1809 3468 a
1844 3414 2027 3470 multis
2056 3414 2213 3469 annis
2256 3413 2448 3469 habuit
2489 3427 2653 3468 nemo
2687 3431 2700 3467 :
2734 3428 2893 3483 quam
2924 3413 3142 3483 quidem
3177 3414 3354 3469 felici-

1780 3514 1944 3560 tatem
1977 3506 2102 3560 boni
2137 3519 2326 3560 omnes
2369 3504 2583 3558 eximia:
2624 3504 2808 3559 virtuti
2856 3513 2959 3557 tua:
2993 3504 3231 3560 debitam
3271 3504 3359 3559 fa-

1782 3605 1979 3661 tentur,
2024 3611 2089 3651 ac
2122 3596 2218 3650 tibi
2268 3594 2630 3666 gratulantur.
2663 3596 2905 3661 Quorum
2940 3596 2995 3650 in
3038 3611 3266 3652 numero
3295 3607 3359 3654 ut

1779 3702 1863 3742 me
1915 3701 2130 3758 quoque
2179 3686 2463 3742 arbitreris
2513 3700 2655 3753 esse,
2710 3700 2775 3741 ac
2821 3699 2997 3740 meam
3043 3686 3185 3741 hanc
3212 3688 3358 3743 velut

1779 3778 2229 3834 acclamationem
2254 3777 2489 3847 benigne
2518 3777 2776 3847 accipias,
2804 3777 2968 3833 etiam
2995 3787 3158 3847 atque
3186 3779 3353 3834 etiam

1776 3884 1925 3940 rogo.
1958 3869 2229 3925 Fortassis
2250 3868 2512 3925 olleretur
2532 3870 2823 3938 aliquando
2847 3870 2980 3925 mihi
3008 3870 3226 3926 occasio
3248 3872 3355 3927 mei

1776 3973 1901 4028 erga
1923 3968 2065 4013 tuam
2084 3960 2455 4014 excelsitatem
2472 3958 2637 4013 animi
2652 3960 3055 4015 venerationem
3075 3960 3355 4016 illustriori

1776 4049 2004 4115 quodam
2039 4058 2363 4119 argumento
2393 4049 2726 4105 declarandi.
2758 4049 2971 4105 Interea
3002 4064 3352 4121 summopere

1776 4150 1919 4210 peto,
1954 4148 2012 4195 ut
2041 4140 2285 4195 studium
2316 4140 2370 4195 in
2413 4142 2516 4196 hoc
2550 4156 2748 4210 genere
2779 4142 3009 4211 publicis
3048 4144 3353 4198 commodis

1777 4232 2068 4297 serviendi,
2094 4234 2240 4302 quod
2270 4232 2454 4288 animo
2482 4247 2602 4287 meo
2645 4232 2890 4303 pluribus
2923 4233 2990 4288 ab
3028 4233 3186 4287 annis
3223 4233 3357 4289 insi-

1777 4324 1887 4391 det,
1933 4340 2041 4378 non
2097 4324 2256 4380 modo
2308 4334 2521 4397 gratum
2576 4324 2781 4379 habeas
2823 4333 2986 4393 atque
3028 4324 3243 4393 probes,
3273 4325 3351 4380 uti

1776 4429 1907 4471 sane
1936 4415 2211 4470 facturum
2242 4426 2295 4471 te
2324 4416 2538 4470 conlido
2564 4433 2577 4469 :
2610 4415 2706 4471 sed
2731 4416 2895 4469 etiam
2925 4413 3113 4470 favore
3144 4425 3233 4470 tuo
3258 4415 3353 4471 be-

138 4513 264 4568 inilizn
291 4526 387 4571 tua:
418 4516 636 4572 merita.
677 4512 811 4567 Nam
858 4509 999 4597 ουρ
1048 4502 1521 4577 Mimingrodensis
1569 4515 1669 4554 an-
1704 4540 1750 4595 Β
1780 4506 2155 4577 nignitateque
2186 4507 2359 4577 magis
2382 4506 2614 4571 excites,
2640 4521 2802 4576 quam
2836 4506 3117 4561 exhaustis
3161 4508 3345 4577 gravi-

140 4603 259 4661 tistes
296 4624 517 4665 numero
568 4623 687 4674 xu,
731 4620 911 4661 eomes
951 4603 1208 4667 Huianus,
1261 4605 1491 4669 agnatus
1522 4603 1667 4657 tuus,

143 4690 566 4773 Tekeneburgensi
592 4699 809 4761 comite,
840 4697 1065 4765 aliisque
1091 4692 1334 4755 domitis,
1366 4689 1457 4759 qui
1493 4686 1673 4741 Eccle-

142 4787 212 4842 S'Ia:
235 4797 585 4859 possessiones
614 4800 803 4848 contra
831 4791 920 4860 jus
956 4788 1148 4855 fasque
1176 4787 1517 4847 invaserant,
1561 4779 1665 4832 im-

148 4884 328 4939 mortale
378 4902 573 4942 nomen
627 4887 711 4954 (ut
766 4884 936 4954 ipsius
990 4879 1236 4935 historici
1290 4875 1470 4931 verbis
1522 4870 1669 4940 utar)

145 4973 253 5037 alliud
279 4990 394 5032 suos
408 4978 650 5047 reliquit,
673 4987 893 5046 prepter
916 4973 1130 5027 additas
1160 4968 1385 5025 dimcesi
1414 4966 1665 5027 ditiones,

1780 4598 1881 4653 bus
1910 4598 2175 4654 molestiis
2215 4598 2453 4668 experiri
2489 4598 2790 4669 jucundum
2838 4607 2945 4655 est.
2983 4598 3132 4664 Vale,
3164 4599 3355 4655 claris-

1778 4688 1914 4743 sime
1939 4687 2220 4759 Princeps,
2251 4703 2447 4758 meque
2478 4704 2575 4758 per
2614 4689 2755 4743 hanc
2788 4688 3222 4745 lucubrationem
3265 4704 3352 4745 re-

1776 4780 2178 4834 verendissimaa
2199 4780 2498 4836 excelsitati
2524 4792 2629 4836 tua:
2654 4796 2716 4837 se
2740 4783 3064 4846 tradentem,
3090 4782 3143 4837 in
3166 4797 3351 4838 eorum

1780 4887 2085 4936 numerum,
2118 4886 2258 4940 quos
2290 4871 2462 4944 gratia
2506 4872 2995 4943 benevolentiaque
3030 4882 3122 4928 tua
3162 4873 3354 4945 digna-

1775 5015 1793 5020 -
1807 4977 1876 5026 :8,
1907 4963 2152 5033 recipito.

938 5168 1078 5221 ΕΙΣ
1126 5161 1624 5219 ΓΡΗΙὊΡΙΟΝ
1674 5160 1835 5241 ΤΟΝ
1881 5160 2519 5214 ΝᾹΖΙΑΝΖΗΝΟΝ

1402 5254 1486 5307 ΙΩ.
1519 5256 1560 5305 0
1583 5250 2038 5308 ΛΕΩΓΚΛΑΙΟΣ.

578 5467 693 5527 DE
723 5462 1159 5528 GREGORIO
1186 5420 1672 5527 ΝΑΖΙΑΝΞΕΑ

1814 5460 2154 5525 ὈΑΝΝΕΞ
2186 5458 2294 5521 LE
2305 5457 2873 5523 UVENKLAIUS.

165 5667 421 5750 Γρηγορὶοιο
449 5685 661 5753 λόγους,
701 5683 840 5754 μέγα
866 5680 1053 5751 χρῆμα
1081 5679 1175 5731 καὶ
1218 5680 1588 5755 ’Δττικοεργὲς

224 5765 503 5840 ”’Δτρεκέως,
525 5778 583 5829 ὲν
610 5777 749 5845 ἐμῇς
778 5773 939 5844 ἡνίκα
978 5771 1165 5842 χερσὶν
1199 5770 1305 5842 ἔχω
1323 5790 1335 5803 ·

1778 5679 2026 5750 Gregorii
2051 5677 2266 5747 quoties
2294 5672 2481 5744 Hybla:
2514 5671 2839 5741 redolentia;
2844 5677 3034 5724 nectar

1850 5772 1904 5827 In
1943 5770 2192 5825 manibus
2222 5782 2375 5824 verso
2398 5765 2600 5835 scripta
2630 5764 2831 5821 diserta
2856 5764 3034 5821 meis:
3071 5751 3089 5833 ,ί
