3776 6512
79 310 153 365 357

1012 289 1300 347 JOANNIS
1342 288 1472 346 LEU
1485 286 1809 345 VENKLAH
1846 284 2221 341 PREFATIO

3165 278 3276 339 553

75 420 263 479 tianzeni
290 415 432 472 libris
456 428 564 469 non
590 410 748 468 editis
774 422 901 480 spes
931 416 1085 471 erat,
1112 421 1250 475 quos
1277 408 1400 461 dum
1460 406 1574 475 api-
1610 411 1656 467 Α
1686 403 1856 458 moria
1887 402 2098 472 publice
2137 402 2270 456 visis
2315 400 2515 455 rectius
2545 398 2784 468 impendi
2825 398 3065 455 laborem
3099 398 3269 455 inter-
3344 442 3351 449 .

73 526 306 578 meremur,
330 509 381 563 in
405 508 512 562 alio
535 506 734 562 versari
759 504 1095 559 malebamus
1116 498 1578 566 interpretationis

73 620 234 679 genere,
261 617 356 671 quo
377 598 673 669 paratiores
701 594 767 649 ad
793 593 1197 649 Nazianzenum
1231 590 1530 644 rediremus
1558 608 1573 643 :

76 704 209 767 itaque
244 692 674 760 Xenophonteam
708 687 915 742 interea
942 682 1373 739 lucubrationem
1414 682 1581 751 publi-

72 782 493 855 mi,etGregorii
521 780 750 853 Nysseni
788 795 858 834 xv
885 775 1167 831 orationes
1206 776 1261 828 in
1302 773 1579 828 Canticum

71 880 365 939 canticorum,
417 871 871 937 Constantinique
933 866 1203 921 Manassis
1268 866 1578 921 Chronicon

73 977 387 1040 interpretatus
418 979 562 1019 sum.
586 960 796 1026 Quibus
818 960 1071 1014 ontnihus
1094 959 1429 1029 expellendis
1455 960 1579 1012 dum

70 1069 298 1129 occupatus
325 1063 403 1110 est
453 1053 669 1106 animus
718 1064 892 1114 meus,
927 1063 1092 1117 seque
1124 1060 1293 1102 totum
1326 1048 1581 1103 alacriter

71 1156 113 1206 ad
156 1146 551 1204 elaborationem
612 1142 876 1196 instituta:
914 1138 1163 1208 Gregorii
1212 1139 1581 1193 conversionis

68 1252 201 1313 parat;
239 1237 570 1293 commodum
612 1234 927 1301 Theologus
970 1240 1158 1285 noster
1196 1230 1389 1284 Latina
1428 1239 1582 1283 veste

68 1334 207 1402 vigiliis
252 1329 347 1383 tuis
388 1336 614 1383 ornatus
666 1324 865 1393 prodit.
898 1321 1028 1389 Qua:
1075 1336 1163 1375 res
1194 1336 1300 1375 non
1355 1329 1567 1375 tantum

70 1442 140 1481 non
166 1423 360 1477 molesta
401 1418 567 1489 (quod
615 1416 906 1471 usuvenire
943 1415 1223 1485 plerisque
1248 1410 1406 1479 solet,
1439 1426 1582 1480 aegre

70 1517 299 1573 ferentibus
323 1511 541 1566 edicere
572 1510 730 1580 quasi
755 1508 1051 1563 luminibus
1096 1507 1210 1561 suis
1237 1506 1394 1575 alios)
1440 1506 1582 1560 acci-

73 1606 288 1662 ditanimo
312 1617 461 1667 meo;
500 1600 599 1655 sed
627 1600 790 1653 etiam
827 1597 1089 1667 voluptati
1127 1597 1249 1663 fuit,
1278 1598 1579 1665 prtesertim

70 1708 345 1767 posteaquam
369 1692 617 1761 inspecto
638 1688 799 1753 libro,
826 1697 880 1744 et
902 1689 1181 1758 eleganter
1207 1692 1303 1743 abs
1332 1698 1383 1744 te
1403 1705 1580 1753 versa,

72 1760 136 1841 nec
176 1760 271 1840 sine
322 1760 526 1853 judicio
584 1779 845 1850 pleraque
904 1778 1164 1834 viderem.
1228 1781 1424 1835 Verum
1486 1781 1575 1834 ubi
1611 1760 1653 1814 Β

71 1879 256 1946 deinceps
282 1874 343 1928 ad
393 1884 483 1928 tua
521 1872 737 1927 collatis
778 1872 879 1936 iis,
933 1886 1055 1941 quae
1096 1872 1209 1941 ipse
1238 1870 1486 1926 Latinam
1521 1872 1574 1927 in

68 1972 238 2037 Exiguam
290 1965 756 2037 transsripsissem
782 2005 797 2031 ,
836 1966 889 2018 in
920 1965 1259 2018 orationibus
1304 1980 1396 2018 xix
1442 1979 1579 2034 prte-

69 2064 164 2116 dare
187 2062 242 2115 ab
267 2060 376 2114 Elia
408 2058 661 2114 Cretensi
706 2058 979 2111 enarratis
1012 2058 1180 2111 multa
1214 2072 1339 2112 cum
1372 2058 1440 2112 ob
1482 2073 1575 2113 va-

73 2157 144 2206 nas
160 2163 431 2206 nostrorum
459 2150 717 2206 codicum
750 2148 1259 2217 antiquissimorum
1294 2148 1573 2217 lectiones,

71 2261 142 2304 una
182 2254 343 2300 acutas
390 2243 689 2297 admodum
750 2242 882 2296 Elia:
942 2241 1361 2306 deelarationes,
1422 2241 1579 2314 longe

74 2342 181 2394 aliter
207 2356 231 2393 a
266 2354 342 2393 me
368 2339 642 2403 traducta,
673 2351 834 2405 quam
874 2336 981 2391 tuis
1011 2336 1062 2389 in
1095 2335 1248 2390 libris
1274 2336 1577 2404 reperiren-

73 2444 143 2493 tur,
169 2431 633 2485 animadverterent
672 2447 686 2484 :
721 2428 946 2483 minime
983 2428 1077 2482 tibi
1123 2427 1407 2482 molestum
1461 2428 1577 2483 fore

76 2524 280 2591 putabam,
312 2523 352 2576 si
400 2521 506 2575 hac
546 2519 771 2589 quidem
829 2516 883 2571 in
917 2524 1070 2587 parte
1101 2530 1200 2586 pro
1248 2517 1356 2571 tuis
1386 2528 1576 2571 nostra

74 2628 150 2665 cum
182 2612 355 2666 Elianis
399 2610 812 2665 commentariis
868 2607 1154 2677 conjuncta
1200 2621 1516 2673 reponerem
1560 2626 1573 2662 :

76 2717 203 2766 cetera
239 2719 370 2767 vero,
430 2718 553 2772 quae
609 2703 807 2771 partim
857 2700 1058 2755 Niceten
1108 2698 1329 2768 adjutus
1385 2713 1576 2768 opera,

76 2796 211 2862 partim
236 2811 319 2864 per
346 2806 395 2849 te
422 2794 659 2849 feliciter
684 2808 749 2848 ac
792 2793 1034 2848 studiose
1075 2791 1450 2846 transtulisses
1474 2831 1489 2855 ,
1526 2793 1577 2846 in

77 2885 585 2941 editioneNazianzeni
614 2894 799 2940 nostra
844 2900 1068 2952 prorsus
1098 2885 1175 2939 uti
1222 2884 1319 2939 abs
1357 2893 1410 2939 te
1440 2884 1578 2938 facta

77 2977 257 3043 inissent,
281 2980 586 3034 retinerem.
616 2978 793 3047 Atque
824 2978 927 3031 hoc
953 2977 1172 3046 quidem
1196 2978 1336 3032 citra
1362 2992 1575 3032 omnem

81 3069 267 3124 invidiam
296 3085 357 3125 eo
382 3070 497 3124 ﬁeri
532 3085 563 3123 a
601 3083 686 3123 me
720 3083 875 3139 posse
903 3068 1267 3124 conlidentius
1294 3068 1577 3123 existima-

79 3159 175 3223 bam,
200 3162 319 3229 quod
350 3161 606 3217 nonnulla
638 3132 750 3229 jam
781 3160 1114 3216 Nazianzeni
1156 3160 1359 3231 scripta
1387 3168 1579 3216 nactus
1607 3132 1649 3189 θ

76 3264 215 3317 essein,
236 3252 414 3323 quibus
444 3268 730 3322 nunquam
776 3252 1040 3308 hactenus
1068 3261 1253 3307 nostra
1297 3267 1432 3307 sane
1461 3267 1576 3307 me-

1681 496 1999 569 pretationis
2040 493 2197 548 amici
2224 492 2570 563 judicabant’,
2601 506 2762 561 quam
2794 490 2838 546 si
2873 492 2971 546 abs
3017 506 3074 545 re
3118 492 3272 560 prius

1681 588 1955 645 elaborata
1990 589 2143 657 quasi
2175 594 2570 641 retexerentur.
2602 585 2900 640 Accessere
2932 585 3190 655 deinceps
3214 595 3267 639 et

1683 680 1789 735 alia
1824 681 2095 751 quardam,
2130 678 2257 733 hinc
2286 676 2410 731 inde
2457 685 2713 747 congesta
2749 676 2946 746 partim
3002 676 3269 731 industria

1685 782 1896 837 nostra,
1957 770 2153 840 partim
2205 770 2506 823 amicorum
2558 782 2694 838 ope,
2740 771 2877 836 qum‘
2905 768 3018 837 ipsa
3052 782 3267 838 quoque

1684 882 1808 922 cum
1871 864 2217 919 Nazianzeno
2273 862 2325 916 in
2374 861 2549 916 lucem
2580 861 2905 931 proferenda
2960 863 3268 917 necessario

1683 959 2024 1014 viderentur.
2080 955 2136 1010 ln
2188 970 2295 1025 quo
2327 968 2526 1020 genere
2564 952 2767 1007 Niceten
2812 954 3265 1008 commentarium

1686 1050 1741 1105 in
1776 1049 2079 1104 sententias
2108 1056 2217 1102 tam
2247 1046 2474 1117 singulis
2512 1061 2675 1116 quam
2716 1046 3000 1115 quaternis
3029 1047 3269 1102 inclusas

1685 1144 1953 1207 versibus,
2007 1141 2171 1196 Pselli
2214 1140 2280 1195 de
2308 1139 2603 1193 dillicilium
2652 1137 2980 1193 Nazianzeni
3027 1138 3267 1193 locorum

1684 1235 1959 1290 intellectu
1993 1234 2209 1296 librum,
2250 1232 2469 1287 CEPSﬂl‘ll
2519 1232 2761 1301 germani
2797 1230 3127 1285 Nazianzeni
3160 1232 3270 1286 ira-

1685 1328 1783 1382 tris
1804 1326 2043 1396 dialogos
2067 1340 2140 1388 tv,
2168 1333 2311 1377 tumo
2335 1323 2493 1376 tertio
2516 1321 2894 1376 exhibebimus
2930 1320 3028 1375 :‘ut
3058 1329 3266 1375 taceam

1684 1422 1749 1475 de
1800 1419 2087 1473 multorum
2137 1417 2381 1471 locorum
2445 1413 2918 1478 restitutionihus,
2952 1428 3071 1480 qua:
3116 1412 3269 1467 libris

1684 1512 1887 1581 aliquot
1928 1509 2251 1564 veneranda:
2323 1505 2611 1561 vetustatis
2658 1504 2837 1558 studio
2888 1513 3070 1556 nostro
3110 1503 3271 1557 colle-

1683 1606 1785 1660 ctis
1811 1613 1862 1659 et
1898 1602 2107 1658 collatis
2140 1600 2421 1656 debentur.
2462 1601 2803 1668 Quapropter
2837 1598 3086 1666 equidem
3121 1595 3255 1649 mihi

1684 1697 1965 1767 polliceor,
2000 1706 2049 1750 te
2078 1696 2254 1749 virum
2285 1694 2583 1763 sapientem
2634 1706 2698 1746 ac
2723 1691 2962 1754 doctum,
3005 1688 3265 1758 optimam

1685 1792 1739 1845 in
1773 1800 1984 1860 partem
2019 1787 2307 1843 consilium
2344 1795 2586 1840 nostrum
2619 1783 3127 1852 interpretaturum.
3172 1782 3270 1836 Deo

1685 1864 1776 1939 bet
1808 1883 1952 1937 enim
1977 1882 2169 1935 abesse
2192 1896 2311 1934 cum
2346 1878 2491 1933 omni
2516 1878 2581 1932 ab
2604 1878 2881 1931 hominum
2906 1890 3125 1942 genere,
3157 1884 3268 1928 tum

1686 1972 1941 2027 litteratis
1968 1970 2313 2040 potissimum
2345 1969 2546 2023 invidia
2576 1986 2590 2022 :
2619 1968 2817 2036 quibus
2857 1980 2976 2019 esse
3008 1964 3137 2018 nihil
3175 1979 3272 2019 an-

1686 2064 1891 2133 tiquius
1917 2078 2015 2132 par
2041 2071 2145 2127 est,
2185 2078 2344 2132 quam
2377 2072 2435 2116 ut
2462 2072 2518 2116 et
2548 2062 2646 2131 ipsi
2682 2062 2939 2129 juvandae
2983 2060 3108 2112 totis
3134 2058 3268 2112 viri-

1684 2158 1785 2212 bus
1824 2155 2134 2226 reipublicae
2181 2154 2472 2219 studeant,
2508 2163 2563 2209 et
2602 2154 2737 2207 alios
2770 2155 2910 2208 idem
2961 2156 3267 2215 institutum

1685 2256 1938 2315 urgentes
1985 2260 2090 2299 non
2120 2245 2278 2298 modo
2323 2259 2429 2298 non
2461 2245 2629 2299 livore
2660 2246 2892 2313 quodam
2928 2248 3263 2317 impediant;

1686 2332 1781 2387 sed
1814 2332 1980 2388 etiam
2014 2332 2155 2386 ultro
2188 2333 2465 2387 benevolis
2494 2333 2970 2392 cohortationibus
3004 2341 3264 2396 excitent.

1685 2427 1807 2492 Qua'
1856 2426 1921 2479 de
1967 2440 2027 2481 re
2068 2425 2312 2493 pluribus
2358 2440 2612 2495 agerem,
2675 2427 2776 2481 nisi
2808 2436 2859 2483 te
2910 2432 3264 2499 probaturum

1686 2518 1978 2572 editionem
2008 2518 2147 2572 hanc
2187 2516 2347 2585 plane
2368 2518 2718 2584 conﬁderem,
2749 2529 2802 2574 et
2834 2520 3080 2577 lubenter
3102 2525 3265 2578 etiam

1687 2610 2014 2676 agniturum,
2077 2608 2420 2677 conjunctam
2476 2609 2616 2663 hanc
2674 2626 2795 2665 esse
2827 2628 2931 2666 non
2986 2624 3093 2669 tam
3133 2631 3269 2671 mea:

1687 2716 1809 2754 cum
1865 2699 2023 2753 famae
2079 2701 2466 2770 propagatione
2515 2702 2661 2771 (nam
2708 2703 2852 2756 illam
2889 2720 2990 2775 ego
3047 2708 3271 2765 minime

1685 2794 1947 2863 spectavi,
1986 2794 2079 2847 sed
2107 2792 2397 2848 utilitatem
2431 2794 2698 2863 publicam
2731 2797 2952 2866 potius),
2980 2814 3141 2869 quam
3168 2802 3269 2855 lto-

1686 2900 1816 2940 nore
1843 2886 2211 2954 dignitateque
2241 2894 2329 2939 tua
2363 2903 2376 2939 :
2411 2901 2570 2953 quem
2598 2888 2664 2944 de
2708 2898 2787 2944 tot
2809 2891 3115 2946 orationum
3145 2908 3271 2962 poe-

1687 2991 1999 3047 matumque
2031 2980 2391 3033 conversione
2426 2981 2621 3034 merito
2667 2982 2793 3036 boni
2838 2997 3027 3039 omnes
3060 2993 3115 3039 et
3158 2984 3268 3041 Na-

1687 3071 1937 3125 zianzeni
1991 3080 2464 3125 monumentorum
2506 3073 2734 3127 studiosi
2792 3076 3071 3132 amabunt.
3116 3075 3265 3134 Vale.

1685 3161 1975 3217 Basilea.a.
2009 3163 2063 3217 d.
2100 3163 2133 3217 5
2162 3160 2300 3217 Non.
2332 3161 2453 3217 Jan.
2488 3179 2632 3219 anno
2658 3164 2868 3219 Domini
2898 3166 3031 3222 1571

2936 3388 3234 3402 —_

884 3530 1247 3593 Orthodoxo
1278 3530 1497 3591 lectori
1525 3528 1797 3591 Iacobus
1825 3528 2055 3590 Billius
2088 3527 2372 3590 salutem.

124 3821 220 3877 Cum
251 3826 296 3881 in
320 3826 596 3882 Basiliensi
626 3825 872 3897 Gregorii
914 3827 1086 3881 nostri
1135 3827 1373 3882 editione
1404 3828 1574 3883 Joan-

84 3926 164 3967 nem
185 3914 569 3972 Leuvenklaium
600 3918 874 3971 orationes
905 3916 1143 3987 aliquot,
1182 3916 1386 3973 Elianis
1416 3919 1578 3975 Com-

82 4010 286 4063 mentariis
315 4010 646 4080 explanatas,
699 4009 1039 4064 transtulisse
1072 4009 1326 4065 vidissem
1355 4051 1370 4076 ,
1401 4020 1567 4080 atque

85 4094 236 4167 insuper
282 4102 340 4155 ad
387 4102 572 4172 operis
632 4101 836 4156 calcem
885 4101 1264 4156 annotationes
1313 4103 1573 4169 quasdam

85 4186 287 4255 adiecisse,
314 4193 362 4247 in
390 4196 611 4264 quibus,
642 4192 937 4247 laureolam
966 4193 1174 4248 scilicet
1205 4193 1258 4247 in
1295 4202 1573 4248 mustaceo

86 4288 276 4345 quarens,
295 4284 335 4337 si
363 4284 510 4354 quid,
545 4284 598 4339 in
628 4299 738 4354 quo
762 4282 1005 4337 auctoris
1038 4292 1272 4337 mentem
1307 4298 1413 4337 non
1443 4282 1578 4338 satis

84 4363 115 4414 ei
147 4382 373 4427 assecutus
408 4387 533 4429 esse
575 4372 782 4435 videar,
818 4371 1231 4437 animadvertit,
1276 4371 1439 4443 idque
1472 4386 1579 4427 non

1685 3830 1901 3900 quidem
1940 3827 2362 3884 Leuvenklaium
2389 3868 2405 3897 ,
2437 3827 2619 3898 iniquo
2654 3826 2832 3883 animo
2863 3826 3097 3883 laturum
3122 3870 3138 3896 ,
3180 3829 3265 3896 si,

1685 3922 1827 3991 quod
1865 3915 1956 3977 ille
1980 3922 2120 3991 juris
2167 3921 2218 3975 in
2248 3936 2335 3975 me
2379 3920 2738 3990 sumpsisset,
2788 3920 2930 3976 idem
2966 3937 3180 3993 quoque
3211 3925 3266 3978 in

1688 4030 1807 4070 eum
1839 4029 2186 4084 usurparem.
2224 4011 2394 4083 Hujus
2427 4027 2591 4083 porro
2623 4014 2721 4080 rei,
2756 4027 2861 4068 non
2893 4028 2958 4067 ex
2990 4014 3261 4082 omnibus,

1687 4121 1807 4175 quae
1828 4122 1895 4160 ex
1928 4106 2029 4161 hoc
2060 4114 2279 4161 auctore
2311 4103 2585 4160 transtulit
2623 4104 2810 4175 (nimis
2835 4104 2979 4159 enim
3014 4106 3119 4161 hoc
3146 4105 3267 4161 lon-

1688 4211 1811 4266 gum
1846 4196 2057 4261 ruisset,
2084 4210 2187 4251 nec
2210 4196 2425 4250 animus
2456 4204 2575 4250 erat
2603 4195 2776 4250 bonas
2800 4196 2965 4252 horas
2988 4206 3096 4251 tam
3123 4198 3267 4253 male

1687 4288 1997 4359 collocare),
2030 4288 2121 4343 sed
2151 4302 2216 4343 ex
2257 4289 2418 4342 unico
2442 4286 2702 4357 opusculo
2736 4288 3034 4357 periculum
3085 4289 3265 4346 facere

1688 4378 1912 4448 placuit,
1959 4389 2013 4433 et
2054 4378 2273 4448 quidem
2314 4392 2382 4433 ex
2433 4391 2532 4443 eo,
2583 4380 2726 4447 quod
2769 4378 2933 4435 totius
2977 4379 3266 4437 voluminis

86 4461 157 4509 ‘3'“
179 4472 227 4512 ει
252 4476 335 4517 δυο
364 4464 605 4534 ingenim
639 4477 799 4532 quam
835 4477 903 4517 εκ
952 4462 1084 4517 Elia!
1113 4464 1365 4533 aliusque
1395 4463 1579 4531 CUIUS-
1613 4474 1657 4529 D
1684 4470 1836 4525 frons
1865 4480 1985 4524 erat
2014 4488 2028 4525 :
2060 4480 2120 4524 ut
2149 4470 2377 4540 proinde
2402 4470 2532 4525 mihi
2564 4486 2753 4538 parum
2778 4471 3076 4528 verisimile
3097 4482 3261 4539 esset,

87 4545 166 4599 dim
180 4547 319 4608 Graeci
345 4556 647 4611 scholiasta:
669 4554 910 4625 vestigiis
936 4554 1025 4608 vix
1052 4553 1158 4608 dici
1194 4562 1393 4623 potest,
1420 4568 1579 4622 quam

88 4632 251 4697 libenter
276 4660 332 4701 ac
359 4647 479 4705 laeto
519 4647 706 4703 animo
741 4648 795 4702 id
831 4648 1091 4716 proferat.
1126 4646 1388 4716 Equidem
1423 4648 1582 4701 aliter

93 4731 326 4794 existimare
360 4757 462 4797 non
487 4751 733 4813 poteram
755 4781 772 4808 ,
804 4740 934 4809 quin
954 4782 973 4808 ,
1006 4742 1098 4811 qui
1135 4741 1185 4795 in
1223 4740 1419 4795 erratis
1449 4739 1583 4795 alio-

93 4834 171 4877 rum
194 4834 405 4889 notandis
450 4850 515 4890 ac
545 4833 891 4905 publicandis
920 4843 1029 4889 tam
1076 4832 1326 4888 sedulum
1375 4842 1430 4887 et
1460 4831 1583 4886 dili-

91 4927 242 4981 tentem
262 4938 311 4979 se
326 4928 657 4995 praebuisset,
694 4928 747 4981 in
784 4926 872 4993 iis,
904 4939 1024 4995 quae
1054 4924 1169 4994 ipse
1192 4923 1579 4989 transtulisset,

94 5021 162 5061 non
175 5025 395 5073 summam
413 5020 703 5090 quamdam
727 5019 1027 5074 doctrinam
1051 5026 1213 5086 atque
1234 5016 1580 5081 industriam,

92 5101 348 5162 καὶπάντων
380 5112 484 5166 τῶν
532 5112 723 5184 μώμου
758 5110 925 5182 βελῶν
958 5111 1261 5181 ἁνωτέραν,
1294 5108 1579 5180 praestitis-

95 5201 161 5245 set.
196 5194 282 5253 Sed
326 5210 496 5260 tamen
540 5220 663 5259 cum
710 5204 785 5258 ita
819 5203 933 5259 fere
984 5213 1177 5257 natura
1208 5208 1577 5270 comparatum

95 5291 367 5360 essescirem,
393 5306 449 5351 ut
484 5298 575 5367 qui
615 5296 668 5351 in
701 5295 928 5351 aliorum
958 5294 1176 5363 scriptis
1211 5290 1498 5348 censendis
1527 5302 1582 5347 et

96 5382 309 5445 ﬁrpendis
335 5386 568 5446 lubenter
590 5397 900 5457 versantur,
936 5385 1208 5442 interdum
1240 5384 1292 5438 in
1329 5384 1443 5439 suis
1476 5399 1580 5439 cte-

96 5469 269 5537 tntiant,
298 5477 346 5533 in
381 5492 611 5538 mentem
662 5481 797 5537 mihi
835 5478 983 5534 venit
1024 5476 1299 5547 experiri,
1353 5490 1422 5531 an
1466 5476 1580 5546 ipse

98 5559 167 5617 hoc
198 5569 239 5623 in
279 5590 455 5644 genere
485 5578 633 5650 αὑτῷ
661 5578 740 5649 τῷ
790 5576 978 5649 μέτρῳ
1000 5616 1013 5641 ,
1075 5582 1134 5628 ut
1165 5571 1383 5628 Hesiodi
1414 5573 1579 5628 verbo

101 5661 197 5717 "mi
235 5667 429 5731 Sratiam
474 5672 520 5725 ei
556 5670 796 5725 remetiri
829 5682 1064 5738 possem.
1103 5664 1285 5735 Neque
1314 5665 1458 5719 enim
1489 5682 1575 5719 ar-

100 5740 291 5818 bitrabar,
330 5775 422 5816 nou
448 5761 567 5821 dico
608 5776 926 5833 quemquam
962 5758 1159 5822 alium,
1191 5757 1283 5812 sed
1311 5770 1377 5811 ne
1401 5757 1574 5827 ipsum

1687 4563 1853 4618 multa
1890 4562 1999 4617 illic
2026 4561 2221 4618 oﬂendi
2273 4577 2464 4631 posse,
2496 4577 2617 4633 quae
2647 4564 2997 4631 quantumvis
3044 4579 3265 4620 moroso

1684 4657 1873 4714 lectori
1904 4657 2082 4711 minus
2113 4656 2493 4712 satisfacerent
2520 4674 2534 4710 :
2562 4657 3021 4727 quandoquidem,
3058 4658 3103 4710 si
3132 4658 3263 4726 quid

1684 4763 1769 4807 est
1806 4752 1862 4807 in
1895 4751 2004 4805 ullo
2054 4749 2273 4805 homine
2306 4749 2550 4819 ingenii,
2584 4749 2627 4803 si
2675 4748 2803 4817 quid
2846 4750 3125 4803 industriae
3148 4790 3163 4813 ,
3198 4765 3263 4806 ac

1685 4843 2001 4915 diligentiae,
2029 4841 2081 4897 id
2106 4841 2157 4895 in
2180 4840 2359 4911 operis
2386 4840 2651 4910 principio
2678 4841 3019 4910 potissimum
3050 4842 3264 4898 elucere

1684 4936 1861 4991 solet:
1894 4950 1999 4989 nec
2022 4934 2133 4990 fere
2161 4933 2473 5004 quisquam,
2505 4932 2608 4986 nisi
2643 4932 2804 5000 plane
2833 4932 3078 5001 stupidus
3106 4974 3121 4997 ,
3154 4944 3262 4987 tam

1683 5020 1791 5075 cito
1815 5019 2131 5083 dormitare,
2166 5018 2361 5072 nedum
2393 5024 2629 5071 stertere
2664 5016 2871 5084 incipit.
2915 5015 3066 5071 lianc
3096 5018 3263 5086 igitur

1684 5109 1863 5165 Vitam
1896 5124 2017 5164 cum
2042 5106 2405 5164 attentissime
2432 5105 2805 5177 perlegissem,
2831 5122 2953 5162 cum
2974 5122 3147 5177 eaque
3183 5108 3257 5174 ip—

1684 5197 1798 5253 sius
1830 5197 2239 5253 translationem
2265 5196 2644 5262 contulissem,
2664 5212 2854 5267 magna
2883 5211 3015 5252 sane
3035 5198 3266 5252 admira-

1686 5290 1831 5345 tione
1849 5299 2070 5359 repente
2088 5305 2206 5344 sum
2227 5288 2473 5348 aﬂ‘ectus.
2488 5287 2655 5343 Plane
2675 5288 2896 5354 etenim,
2920 5298 2981 5342 ut
3000 5304 3121 5343 cum
3135 5287 3265 5342 Gre-

1682 5382 1833 5451 gorio
1865 5390 2050 5436 nostro
2070 5381 2281 5450 loquar,
2302 5375 2460 5453 εὗρον
2488 5380 2712 5435 ἄπιστα.
2735 5378 2970 5442 Etenim,
2994 5387 3053 5433 ut
3073 5393 3263 5433 versus

1682 5475 1830 5545 ipsos
1854 5489 1959 5529 non
1984 5474 2162 5538 καλῶς
2188 5474 2272 5543 (ιιι
2293 5473 2356 5528 de
2382 5472 2603 5528 Platone
2624 5470 2851 5541 Gorgias
2879 5470 3139 5541 dicebat),
3166 5470 3261 5526 sed

1682 5565 1923 5620 κάκιστα
1947 5581 2171 5637 prorsus
2196 5566 2549 5639 ἱαμϐίζοντας
2568 5606 2583 5631 ,
2609 5576 2773 5635 atque
2799 5563 2998 5633 ubique
3020 5580 3259 5635 παρανο-

1685 5655 1940 5727 μοῦντας,
1968 5658 2237 5722 omittam,
2266 5657 2443 5712 inveni
2475 5670 2623 5719 eum,
2658 5653 3004 5724 quialiorum
3035 5656 3258 5710 ollendi-

1683 5749 1800 5805 cuia
1830 5760 1935 5803 tam
1971 5749 2158 5806 sedulo
2190 5748 2473 5815 explorat,
2510 5748 2561 5804 in
2590 5747 2717 5819 ,ipso
2754 5747 2941 5806 limine
2973 5748 3258 5820 plusquam
