  <div class='ocr_page' id='page_1' title='image "/cluster/home/n/w/nwhite01/storage/ocr_20150623/35/hvd.32044024473308/185.png"; bbox 0 0 3776 6506; ppageno 0'>
   <div class='ocr_carea' id='block_1_1' title="bbox 510 292 618 350">
    <p class='ocr_par' dir='ltr' id='par_1_1' title="bbox 510 292 618 350">
     <span class='ocr_line' id='line_1_1' title="bbox 510 292 618 350; baseline -0.019 1"><span class='ocrx_word' id='word_1_1' title='bbox 510 292 618 350; x_wconf 74' lang='lat'><strong>359</strong></span> 
     </span>
    </p>
   </div>
   <div class='ocr_carea' id='block_1_2' title="bbox 1690 280 3694 339">
    <p class='ocr_par' dir='ltr' id='par_1_2' title="bbox 1690 280 3694 339">
     <span class='ocr_line' id='line_1_2' title="bbox 1690 280 3694 339; baseline 0 -2"><span class='ocrx_word' id='word_1_2' title='bbox 1690 283 1842 338; x_wconf 85' lang='lat' dir='ltr'><strong>FED.</strong></span> <span class='ocrx_word' id='word_1_3' title='bbox 1882 281 2187 339; x_wconf 80' lang='lat' dir='ltr'><strong>MORELLI</strong></span> <span class='ocrx_word' id='word_1_4' title='bbox 2226 280 2595 336; x_wconf 65' lang='lat' dir='ltr'><strong>PROGEMIA.</strong></span> <span class='ocrx_word' id='word_1_5' title='bbox 3618 283 3694 338; x_wconf 77' lang='lat'><strong>560</strong></span> 
     </span>
    </p>
   </div>
   <div class='ocr_carea' id='block_1_3' title="bbox 503 374 3697 472">
    <p class='ocr_par' dir='ltr' id='par_1_3' title="bbox 503 374 3697 472">
     <span class='ocr_line' id='line_1_3' title="bbox 503 374 3697 472; baseline -0.004 -7"><span class='ocrx_word' id='word_1_6' title='bbox 503 408 731 472; x_wconf 89' lang='lat' dir='ltr'><strong>centies,</strong></span> <span class='ocrx_word' id='word_1_7' title='bbox 778 421 887 461; x_wconf 89' lang='lat' dir='ltr'><strong>non</strong></span> <span class='ocrx_word' id='word_1_8' title='bbox 934 404 1123 460; x_wconf 90' lang='lat' dir='ltr'><strong>leviter</strong></span> <span class='ocrx_word' id='word_1_9' title='bbox 1159 398 1518 456; x_wconf 78' lang='lat' dir='ltr'><strong>oﬂ&#39;endentem</strong></span> <span class='ocrx_word' id='word_1_10' title='bbox 1540 437 1556 463; x_wconf 89' lang='lat'><strong>,</strong></span> <span class='ocrx_word' id='word_1_11' title='bbox 1612 397 1705 452; x_wconf 90' lang='lat' dir='ltr'><strong>sed</strong></span> <span class='ocrx_word' id='word_1_12' title='bbox 1761 395 2077 465; x_wconf 91' lang='lat' dir='ltr'><strong>turpissime</strong></span> <span class='ocrx_word' id='word_1_13' title='bbox 2104 400 2152 456; x_wconf 82' lang='grc' dir='ltr'>Α</span> <span class='ocrx_word' id='word_1_14' title='bbox 2180 394 2317 461; x_wconf 84' lang='lat' dir='ltr'><strong>Quid</strong></span> <span class='ocrx_word' id='word_1_15' title='bbox 2334 374 2479 448; x_wconf 85' lang='lat' dir='ltr'><strong>enim</strong></span> <span class='ocrx_word' id='word_1_16' title='bbox 2508 393 2779 459; x_wconf 80' lang='lat' dir='ltr'><strong>ethnicus,</strong></span> <span class='ocrx_word' id='word_1_17' title='bbox 2797 380 3197 463; x_wconf 89' lang='lat' dir='ltr'><strong>quantumlibet</strong></span> <span class='ocrx_word' id='word_1_18' title='bbox 3222 393 3520 449; x_wconf 84' lang='lat' dir='ltr'><strong>Christiano</strong></span> <span class='ocrx_word' id='word_1_19' title='bbox 3537 398 3697 454; x_wconf 87' lang='lat' dir='ltr'><strong>nomini</strong></span> 
     </span>
    </p>
   </div>
   <div class='ocr_carea' id='block_1_4' title="bbox 503 486 2082 563">
    <p class='ocr_par' dir='ltr' id='par_1_4' title="bbox 503 486 2082 563">
     <span class='ocr_line' id='line_1_4' title="bbox 503 486 2082 563; baseline -0.009 -6"><span class='ocrx_word' id='word_1_20' title='bbox 503 507 847 557; x_wconf 86' lang='lat' dir='ltr'><strong>corruenlem</strong></span> <span class='ocrx_word' id='word_1_21' title='bbox 866 510 1011 559; x_wconf 91' lang='lat' dir='ltr'><strong>eum,</strong></span> <span class='ocrx_word' id='word_1_22' title='bbox 1035 493 1127 563; x_wconf 90' lang='lat' dir='ltr'><strong>qui</strong></span> <span class='ocrx_word' id='word_1_23' title='bbox 1152 506 1260 555; x_wconf 90' lang='lat' dir='ltr'><strong>me,</strong></span> <span class='ocrx_word' id='word_1_24' title='bbox 1289 491 1333 545; x_wconf 94' lang='lat' dir='ltr'><strong>si</strong></span> <span class='ocrx_word' id='word_1_25' title='bbox 1350 490 1484 559; x_wconf 79' lang='lat' dir='ltr'><strong>quid</strong></span> <span class='ocrx_word' id='word_1_26' title='bbox 1513 488 1652 544; x_wconf 84' lang='lat' dir='ltr'><strong>forte</strong></span> <span class='ocrx_word' id='word_1_27' title='bbox 1673 487 1725 543; x_wconf 92' lang='lat' dir='ltr'><strong>in</strong></span> <span class='ocrx_word' id='word_1_28' title='bbox 1749 486 1953 542; x_wconf 64' lang='lat' dir='ltr'><strong>Griecis</strong></span> <span class='ocrx_word' id='word_1_29' title='bbox 1969 489 2082 542; x_wconf 88' lang='lat' dir='ltr'><strong>suis</strong></span> 
     </span>
    </p>
   </div>
   <div class='ocr_carea' id='block_1_5' title="bbox 504 579 2084 653">
    <p class='ocr_par' dir='ltr' id='par_1_5' title="bbox 504 579 2084 653">
     <span class='ocr_line' id='line_1_5' title="bbox 504 579 2084 653; baseline -0.012 -3"><span class='ocrx_word' id='word_1_30' title='bbox 504 590 781 650; x_wconf 88' lang='lat' dir='ltr'><strong>codicibus</strong></span> <span class='ocrx_word' id='word_1_31' title='bbox 812 585 1097 651; x_wconf 91' lang='lat' dir='ltr'><strong>invenerit,</strong></span> <span class='ocrx_word' id='word_1_32' title='bbox 1122 583 1267 653; x_wconf 93' lang='lat' dir='ltr'><strong>quod</strong></span> <span class='ocrx_word' id='word_1_33' title='bbox 1285 597 1314 636; x_wconf 91' lang='lat' dir='ltr'><strong>a</strong></span> <span class='ocrx_word' id='word_1_34' title='bbox 1342 581 1478 637; x_wconf 85' lang='lat' dir='ltr'><strong>meis</strong></span> <span class='ocrx_word' id='word_1_35' title='bbox 1504 580 1814 642; x_wconf 88' lang='lat' dir='ltr'><strong>dissentiat,</strong></span> <span class='ocrx_word' id='word_1_36' title='bbox 1839 580 1913 646; x_wconf 94' lang='lat' dir='ltr'><strong>id,</strong></span> <span class='ocrx_word' id='word_1_37' title='bbox 1940 579 2084 632; x_wconf 91' lang='lat' dir='ltr'><strong>nullo</strong></span> 
     </span>
    </p>
   </div>
   <div class='ocr_carea' id='block_1_6' title="bbox 505 671 2082 751">
    <p class='ocr_par' dir='ltr' id='par_1_6' title="bbox 505 671 2082 751">
     <span class='ocr_line' id='line_1_6' title="bbox 505 671 2082 751; baseline -0.01 -14"><span class='ocrx_word' id='word_1_38' title='bbox 505 682 748 737; x_wconf 87' lang='lat' dir='ltr'><strong>adhibito</strong></span> <span class='ocrx_word' id='word_1_39' title='bbox 775 678 1000 751; x_wconf 90' lang='lat' dir='ltr'><strong>judicio,</strong></span> <span class='ocrx_word' id='word_1_40' title='bbox 1039 687 1292 745; x_wconf 89' lang='lat' dir='ltr'><strong>tanquam</strong></span> <span class='ocrx_word' id='word_1_41' title='bbox 1327 672 1562 743; x_wconf 74' lang='grc' dir='ltr'><strong>ἕρμαιον</strong></span> <span class='ocrx_word' id='word_1_42' title='bbox 1604 671 1891 741; x_wconf 88' lang='lat' dir='ltr'><strong>arripiens,</strong></span> <span class='ocrx_word' id='word_1_43' title='bbox 1925 680 2082 740; x_wconf 85' lang='lat' dir='ltr'><strong>petu-</strong></span> 
     </span>
    </p>
   </div>
   <div class='ocr_carea' id='block_1_7' title="bbox 504 762 2081 833">
    <p class='ocr_par' dir='ltr' id='par_1_7' title="bbox 504 762 2081 833">
     <span class='ocr_line' id='line_1_7' title="bbox 504 762 2081 833; baseline -0.011 -3"><span class='ocrx_word' id='word_1_44' title='bbox 504 776 680 831; x_wconf 86' lang='lat' dir='ltr'><strong>lanter</strong></span> <span class='ocrx_word' id='word_1_45' title='bbox 704 773 758 827; x_wconf 89' lang='lat' dir='ltr'><strong>in</strong></span> <span class='ocrx_word' id='word_1_46' title='bbox 787 785 872 825; x_wconf 91' lang='lat' dir='ltr'><strong>me</strong></span> <span class='ocrx_word' id='word_1_47' title='bbox 901 768 1161 833; x_wconf 82' lang='lat' dir='ltr'><strong>insultat;</strong></span> <span class='ocrx_word' id='word_1_48' title='bbox 1209 766 1284 821; x_wconf 89' lang='lat' dir='ltr'><strong>ita</strong></span> <span class='ocrx_word' id='word_1_49' title='bbox 1325 766 1571 820; x_wconf 83' lang='lat' dir='ltr'><strong>hebetem</strong></span> <span class='ocrx_word' id='word_1_50' title='bbox 1602 771 1763 831; x_wconf 88' lang='lat' dir='ltr'><strong>atque</strong></span> <span class='ocrx_word' id='word_1_51' title='bbox 1807 762 2081 824; x_wconf 88' lang='lat' dir='ltr'><strong>obtusum,</strong></span> 
     </span>
    </p>
   </div>
   <div class='ocr_carea' id='block_1_8' title="bbox 505 852 2086 921">
    <p class='ocr_par' dir='ltr' id='par_1_8' title="bbox 505 852 2086 921">
     <span class='ocr_line' id='line_1_8' title="bbox 505 852 2086 921; baseline -0.008 -1"><span class='ocrx_word' id='word_1_52' title='bbox 505 878 566 921; x_wconf 92' lang='lat' dir='ltr'><strong>ut</strong></span> <span class='ocrx_word' id='word_1_53' title='bbox 593 881 697 920; x_wconf 92' lang='lat' dir='ltr'><strong>non</strong></span> <span class='ocrx_word' id='word_1_54' title='bbox 729 862 887 917; x_wconf 86' lang='lat' dir='ltr'><strong>modo</strong></span> <span class='ocrx_word' id='word_1_55' title='bbox 919 859 1123 915; x_wconf 89' lang='lat' dir='ltr'><strong>nullum</strong></span> <span class='ocrx_word' id='word_1_56' title='bbox 1175 856 1500 912; x_wconf 86' lang='lat' dir='ltr'><strong>mendosum</strong></span> <span class='ocrx_word' id='word_1_57' title='bbox 1534 852 1855 909; x_wconf 76' lang='lat' dir='ltr'><strong>vocabulum</strong></span> <span class='ocrx_word' id='word_1_58' title='bbox 1904 867 1998 921; x_wconf 92' lang='lat' dir='ltr'><strong>per</strong></span> <span class='ocrx_word' id='word_1_59' title='bbox 2026 866 2086 907; x_wconf 87' lang='lat' dir='ltr'><strong>se</strong></span> 
     </span>
    </p>
   </div>
   <div class='ocr_carea' id='block_1_9' title="bbox 507 946 2086 1016">
    <p class='ocr_par' dir='ltr' id='par_1_9' title="bbox 507 946 2086 1016">
     <span class='ocr_line' id='line_1_9' title="bbox 507 946 2086 1016; baseline -0.009 -5"><span class='ocrx_word' id='word_1_60' title='bbox 507 955 969 1014; x_wconf 87' lang='lat' dir='ltr'><strong>animadvertere,</strong></span> <span class='ocrx_word' id='word_1_61' title='bbox 997 951 1193 1005; x_wconf 87' lang='lat' dir='ltr'><strong>nedum</strong></span> <span class='ocrx_word' id='word_1_62' title='bbox 1222 950 1515 1004; x_wconf 88' lang='lat' dir='ltr'><strong>emendare</strong></span> <span class='ocrx_word' id='word_1_63' title='bbox 1563 946 1757 1016; x_wconf 88' lang='lat' dir='ltr'><strong>possit,</strong></span> <span class='ocrx_word' id='word_1_64' title='bbox 1798 946 1891 999; x_wconf 89' lang='lat' dir='ltr'><strong>sed</strong></span> <span class='ocrx_word' id='word_1_65' title='bbox 1922 946 2086 998; x_wconf 86' lang='lat' dir='ltr'><strong>etiam</strong></span> 
     </span>
    </p>
   </div>
   <div class='ocr_carea' id='block_1_10' title="bbox 510 1036 2086 1113">
    <p class='ocr_par' dir='ltr' id='par_1_10' title="bbox 510 1036 2086 1113">
     <span class='ocr_line' id='line_1_10' title="bbox 510 1036 2086 1113; baseline -0.01 -8"><span class='ocrx_word' id='word_1_66' title='bbox 510 1050 563 1105; x_wconf 90' lang='lat' dir='ltr'><strong>in</strong></span> <span class='ocrx_word' id='word_1_67' title='bbox 592 1045 883 1101; x_wconf 83' lang='lat' dir='ltr'><strong>levissimis</strong></span> <span class='ocrx_word' id='word_1_68' title='bbox 919 1043 1225 1113; x_wconf 88' lang='lat' dir='ltr'><strong>quibusque</strong></span> <span class='ocrx_word' id='word_1_69' title='bbox 1250 1038 1750 1107; x_wconf 90' lang='lat' dir='ltr'><strong>interpunctionum</strong></span> <span class='ocrx_word' id='word_1_70' title='bbox 1776 1036 2086 1091; x_wconf 70' lang='lat' dir='ltr'><strong>Gramarum</strong></span> 
     </span>
    </p>
   </div>
   <div class='ocr_carea' id='block_1_11' title="bbox 506 1125 2091 1198">
    <p class='ocr_par' dir='ltr' id='par_1_11' title="bbox 506 1125 2091 1198">
     <span class='ocr_line' id='line_1_11' title="bbox 506 1125 2091 1198; baseline -0.008 -6"><span class='ocrx_word' id='word_1_71' title='bbox 506 1138 653 1194; x_wconf 88' lang='lat' dir='ltr'><strong>vitiis</strong></span> <span class='ocrx_word' id='word_1_72' title='bbox 691 1136 887 1190; x_wconf 82' lang='lat' dir='ltr'><strong>misere</strong></span> <span class='ocrx_word' id='word_1_73' title='bbox 941 1134 1166 1197; x_wconf 64' lang='lat' dir='ltr'><strong>haereat,</strong></span> <span class='ocrx_word' id='word_1_74' title='bbox 1198 1141 1359 1198; x_wconf 90' lang='lat' dir='ltr'><strong>atque</strong></span> <span class='ocrx_word' id='word_1_75' title='bbox 1391 1129 1446 1182; x_wconf 92' lang='lat' dir='ltr'><strong>in</strong></span> <span class='ocrx_word' id='word_1_76' title='bbox 1491 1142 1708 1181; x_wconf 90' lang='lat' dir='ltr'><strong>sensum</strong></span> <span class='ocrx_word' id='word_1_77' title='bbox 1738 1126 1806 1180; x_wconf 89' lang='lat' dir='ltr'><strong>ab</strong></span> <span class='ocrx_word' id='word_1_78' title='bbox 1850 1125 2091 1179; x_wconf 81' lang='lat' dir='ltr'><strong>auctoris</strong></span> 
     </span>
    </p>
   </div>
   <div class='ocr_carea' id='block_1_12' title="bbox 508 1217 2089 1291">
    <p class='ocr_par' dir='ltr' id='par_1_12' title="bbox 508 1217 2089 1291">
     <span class='ocr_line' id='line_1_12' title="bbox 508 1217 2089 1291; baseline -0.01 -5"><span class='ocrx_word' id='word_1_79' title='bbox 508 1238 689 1286; x_wconf 91' lang='lat' dir='ltr'><strong>mente</strong></span> <span class='ocrx_word' id='word_1_80' title='bbox 712 1224 1104 1280; x_wconf 91' lang='lat' dir='ltr'><strong>alienissimum</strong></span> <span class='ocrx_word' id='word_1_81' title='bbox 1132 1235 1373 1291; x_wconf 67' lang='lat' dir='ltr'><strong>praeceps</strong></span> <span class='ocrx_word' id='word_1_82' title='bbox 1408 1219 1647 1274; x_wconf 79' lang='lat' dir='ltr'><strong>feratur:</strong></span> <span class='ocrx_word' id='word_1_83' title='bbox 1686 1233 1807 1272; x_wconf 91' lang='lat' dir='ltr'><strong>eum</strong></span> <span class='ocrx_word' id='word_1_84' title='bbox 1837 1217 2089 1286; x_wconf 89' lang='lat' dir='ltr'><strong>denique,</strong></span> 
     </span>
    </p>
   </div>
   <div class='ocr_carea' id='block_1_13' title="bbox 506 1308 2091 1393">
    <p class='ocr_par' dir='ltr' id='par_1_13' title="bbox 506 1308 2091 1393">
     <span class='ocr_line' id='line_1_13' title="bbox 506 1308 2091 1393; baseline -0.01 -17"><span class='ocrx_word' id='word_1_85' title='bbox 506 1322 597 1393; x_wconf 79' lang='lat' dir='ltr'><strong>qui</strong></span> <span class='ocrx_word' id='word_1_86' title='bbox 627 1320 791 1375; x_wconf 87' lang='lat' dir='ltr'><strong>etiam</strong></span> <span class='ocrx_word' id='word_1_87' title='bbox 819 1314 1206 1372; x_wconf 88' lang='lat' dir='ltr'><strong>celeberrimos</strong></span> <span class='ocrx_word' id='word_1_88' title='bbox 1242 1326 1484 1382; x_wconf 87' lang='lat' dir='ltr'><strong>quosque</strong></span> <span class='ocrx_word' id='word_1_89' title='bbox 1539 1310 1780 1364; x_wconf 82' lang='lat' dir='ltr'><strong>historiae</strong></span> <span class='ocrx_word' id='word_1_90' title='bbox 1832 1308 2091 1364; x_wconf 87' lang='lat' dir='ltr'><strong>ecclesia—</strong></span> 
     </span>
    </p>
   </div>
   <div class='ocr_carea' id='block_1_14' title="bbox 506 1400 2095 1480">
    <p class='ocr_par' dir='ltr' id='par_1_14' title="bbox 506 1400 2095 1480">
     <span class='ocr_line' id='line_1_14' title="bbox 506 1400 2095 1480; baseline -0.011 -9"><span class='ocrx_word' id='word_1_91' title='bbox 506 1417 654 1472; x_wconf 71' lang='lat' dir='ltr'><strong>stica:</strong></span> <span class='ocrx_word' id='word_1_92' title='bbox 686 1412 982 1480; x_wconf 89' lang='lat' dir='ltr'><strong>scriptores</strong></span> <span class='ocrx_word' id='word_1_93' title='bbox 1020 1407 1291 1477; x_wconf 75' lang='lat' dir='ltr'><strong>exagitat,</strong></span> <span class='ocrx_word' id='word_1_94' title='bbox 1350 1405 1403 1459; x_wconf 90' lang='lat' dir='ltr'><strong>in</strong></span> <span class='ocrx_word' id='word_1_95' title='bbox 1462 1402 1691 1457; x_wconf 91' lang='lat' dir='ltr'><strong>historia</strong></span> <span class='ocrx_word' id='word_1_96' title='bbox 1720 1404 1793 1456; x_wconf 90' lang='lat' dir='ltr'><strong>ita</strong></span> <span class='ocrx_word' id='word_1_97' title='bbox 1824 1400 2007 1454; x_wconf 85' lang='lat' dir='ltr'><strong>rudem</strong></span> <span class='ocrx_word' id='word_1_98' title='bbox 2037 1409 2095 1454; x_wconf 89' lang='lat' dir='ltr'><strong>et</strong></span> 
     </span>
    </p>
   </div>
   <div class='ocr_carea' id='block_1_15' title="bbox 506 1490 2094 1576">
    <p class='ocr_par' dir='ltr' id='par_1_15' title="bbox 506 1490 2094 1576">
     <span class='ocr_line' id='line_1_15' title="bbox 506 1490 2094 1576; baseline -0.012 -14"><span class='ocrx_word' id='word_1_99' title='bbox 506 1506 794 1576; x_wconf 85' lang='lat' dir='ltr'><strong>hospitem,</strong></span> <span class='ocrx_word' id='word_1_100' title='bbox 854 1510 915 1556; x_wconf 90' lang='lat' dir='ltr'><strong>ut</strong></span> <span class='ocrx_word' id='word_1_101' title='bbox 966 1514 1035 1554; x_wconf 92' lang='lat' dir='ltr'><strong>ne</strong></span> <span class='ocrx_word' id='word_1_102' title='bbox 1067 1494 1287 1568; x_wconf 83' lang='lat' dir='ltr'><strong>quidem</strong></span> <span class='ocrx_word' id='word_1_103' title='bbox 1332 1496 1384 1551; x_wconf 93' lang='lat' dir='ltr'><strong>in</strong></span> <span class='ocrx_word' id='word_1_104' title='bbox 1416 1511 1524 1564; x_wconf 87' lang='lat' dir='ltr'><strong>quo</strong></span> <span class='ocrx_word' id='word_1_105' title='bbox 1564 1494 1678 1548; x_wconf 84' lang='lat' dir='ltr'><strong>Arii</strong></span> <span class='ocrx_word' id='word_1_106' title='bbox 1727 1507 1882 1547; x_wconf 89' lang='lat' dir='ltr'><strong>error</strong></span> <span class='ocrx_word' id='word_1_107' title='bbox 1915 1490 2094 1544; x_wconf 84' lang='lat' dir='ltr'><strong>consi-</strong></span> 
     </span>
    </p>
   </div>
   <div class='ocr_carea' id='block_1_16' title="bbox 506 1583 2091 1668">
    <p class='ocr_par' dir='ltr' id='par_1_16' title="bbox 506 1583 2091 1668">
     <span class='ocr_line' id='line_1_16' title="bbox 506 1583 2091 1668; baseline -0.013 -13"><span class='ocrx_word' id='word_1_108' title='bbox 506 1609 635 1663; x_wconf 86' lang='lat' dir='ltr'><strong>stat,</strong></span> <span class='ocrx_word' id='word_1_109' title='bbox 666 1604 1010 1668; x_wconf 89' lang='lat' dir='ltr'><strong>perspectum</strong></span> <span class='ocrx_word' id='word_1_110' title='bbox 1044 1592 1280 1655; x_wconf 80' lang='lat' dir='ltr'><strong>habeat,</strong></span> <span class='ocrx_word' id='word_1_111' title='bbox 1336 1602 1522 1642; x_wconf 90' lang='lat' dir='ltr'><strong>verum</strong></span> <span class='ocrx_word' id='word_1_112' title='bbox 1559 1600 1682 1641; x_wconf 91' lang='lat' dir='ltr'><strong>eum</strong></span> <span class='ocrx_word' id='word_1_113' title='bbox 1734 1583 1882 1637; x_wconf 91' lang='lat' dir='ltr'><strong>velut</strong></span> <span class='ocrx_word' id='word_1_114' title='bbox 1926 1583 2091 1654; x_wconf 77' lang='grc' dir='ltr'><strong>διφυῆ</strong></span> 
     </span>
    </p>
   </div>
   <div class='ocr_carea' id='block_1_17' title="bbox 507 1675 2095 1762">
    <p class='ocr_par' dir='ltr' id='par_1_17' title="bbox 507 1675 2095 1762">
     <span class='ocr_line' id='line_1_17' title="bbox 507 1675 2095 1762; baseline -0.009 -17"><span class='ocrx_word' id='word_1_115' title='bbox 507 1690 799 1762; x_wconf 89' lang='lat' dir='ltr'><strong>quemdam</strong></span> <span class='ocrx_word' id='word_1_116' title='bbox 823 1686 1151 1753; x_wconf 87' lang='lat' dir='ltr'><strong>Cecropem,</strong></span> <span class='ocrx_word' id='word_1_117' title='bbox 1207 1679 1367 1736; x_wconf 89' lang='lat' dir='ltr'><strong>simul</strong></span> <span class='ocrx_word' id='word_1_118' title='bbox 1419 1689 1475 1734; x_wconf 92' lang='lat' dir='ltr'><strong>et</strong></span> <span class='ocrx_word' id='word_1_119' title='bbox 1526 1677 1866 1732; x_wconf 90' lang='lat' dir='ltr'><strong>teterrimum</strong></span> <span class='ocrx_word' id='word_1_120' title='bbox 1920 1675 2095 1730; x_wconf 73' lang='lat' dir='ltr'><strong>hmre‘</strong></span> 
     </span>
    </p>
   </div>
   <div class='ocr_carea' id='block_1_18' title="bbox 2184 481 3697 553">
    <p class='ocr_par' dir='ltr' id='par_1_18' title="bbox 2184 481 3697 553">
     <span class='ocr_line' id='line_1_18' title="bbox 2184 481 3697 553; baseline 0.002 -16"><span class='ocrx_word' id='word_1_121' title='bbox 2184 483 2412 538; x_wconf 88' lang='lat' dir='ltr'><strong>infestus</strong></span> <span class='ocrx_word' id='word_1_122' title='bbox 2434 494 2489 537; x_wconf 91' lang='lat' dir='ltr'><strong>et</strong></span> <span class='ocrx_word' id='word_1_123' title='bbox 2507 482 2756 537; x_wconf 88' lang='lat' dir='ltr'><strong>infensus</strong></span> <span class='ocrx_word' id='word_1_124' title='bbox 2771 483 2963 547; x_wconf 88' lang='lat' dir='ltr'><strong>hostis,</strong></span> <span class='ocrx_word' id='word_1_125' title='bbox 2990 481 3170 537; x_wconf 89' lang='lat' dir='ltr'><strong>acrius</strong></span> <span class='ocrx_word' id='word_1_126' title='bbox 3189 497 3285 551; x_wconf 92' lang='lat' dir='ltr'><strong>pro</strong></span> <span class='ocrx_word' id='word_1_127' title='bbox 3298 483 3473 553; x_wconf 81' lang='lat' dir='ltr'><strong>gentili</strong></span> <span class='ocrx_word' id='word_1_128' title='bbox 3491 485 3697 552; x_wconf 80' lang='lat' dir='ltr'><strong>scribere,</strong></span> 
     </span>
    </p>
   </div>
   <div class='ocr_carea' id='block_1_19' title="bbox 2188 569 3700 643">
    <p class='ocr_par' dir='ltr' id='par_1_19' title="bbox 2188 569 3700 643">
     <span class='ocr_line' id='line_1_19' title="bbox 2188 569 3700 643; baseline 0.003 -17"><span class='ocrx_word' id='word_1_129' title='bbox 2188 588 2252 627; x_wconf 90' lang='lat' dir='ltr'><strong>ac</strong></span> <span class='ocrx_word' id='word_1_130' title='bbox 2274 572 2532 627; x_wconf 88' lang='lat' dir='ltr'><strong>furiosius</strong></span> <span class='ocrx_word' id='word_1_131' title='bbox 2558 583 2745 626; x_wconf 90' lang='lat' dir='ltr'><strong>contra</strong></span> <span class='ocrx_word' id='word_1_132' title='bbox 2769 569 3111 627; x_wconf 83' lang='lat' dir='ltr'><strong>Christianos</strong></span> <span class='ocrx_word' id='word_1_133' title='bbox 3143 572 3454 628; x_wconf 87' lang='lat' dir='ltr'><strong>debacchari</strong></span> <span class='ocrx_word' id='word_1_134' title='bbox 3469 576 3700 643; x_wconf 86' lang='lat' dir='ltr'><strong>potuisset,</strong></span> 
     </span>
    </p>
   </div>
   <div class='ocr_carea' id='block_1_20' title="bbox 2186 662 3698 733">
    <p class='ocr_par' dir='ltr' id='par_1_20' title="bbox 2186 662 3698 733">
     <span class='ocr_line' id='line_1_20' title="bbox 2186 662 3698 733; baseline 0.004 -18"><span class='ocrx_word' id='word_1_135' title='bbox 2186 679 2350 733; x_wconf 89' lang='lat' dir='ltr'><strong>quam</strong></span> <span class='ocrx_word' id='word_1_136' title='bbox 2379 663 2423 718; x_wconf 90' lang='lat' dir='ltr'><strong>is</strong></span> <span class='ocrx_word' id='word_1_137' title='bbox 2451 662 2606 726; x_wconf 80' lang='lat' dir='ltr'><strong>facit,</strong></span> <span class='ocrx_word' id='word_1_138' title='bbox 2635 663 2725 731; x_wconf 91' lang='lat' dir='ltr'><strong>qui</strong></span> <span class='ocrx_word' id='word_1_139' title='bbox 2752 677 2811 717; x_wconf 87' lang='lat' dir='ltr'><strong>se</strong></span> <span class='ocrx_word' id='word_1_140' title='bbox 2842 662 3233 729; x_wconf 86' lang='lat' dir='ltr'><strong>Christianum,</strong></span> <span class='ocrx_word' id='word_1_141' title='bbox 3276 671 3332 718; x_wconf 92' lang='lat' dir='ltr'><strong>et</strong></span> <span class='ocrx_word' id='word_1_142' title='bbox 3357 665 3557 733; x_wconf 85' lang='lat' dir='ltr'><strong>quidem</strong></span> <span class='ocrx_word' id='word_1_143' title='bbox 3578 666 3698 721; x_wconf 66' lang='lat' dir='ltr'><strong>defa-</strong></span> 
     </span>
    </p>
   </div>
   <div class='ocr_carea' id='block_1_21' title="bbox 2186 753 3701 823">
    <p class='ocr_par' dir='ltr' id='par_1_21' title="bbox 2186 753 3701 823">
     <span class='ocr_line' id='line_1_21' title="bbox 2186 753 3701 823; baseline 0.002 -14"><span class='ocrx_word' id='word_1_144' title='bbox 2186 765 2388 819; x_wconf 87' lang='lat' dir='ltr'><strong>catum,</strong></span> <span class='ocrx_word' id='word_1_145' title='bbox 2422 753 2743 823; x_wconf 77' lang='lat' dir='ltr'><strong>proﬁtetur?</strong></span> <span class='ocrx_word' id='word_1_146' title='bbox 2766 753 2871 808; x_wconf 86' lang='lat' dir='ltr'><strong>Sed</strong></span> <span class='ocrx_word' id='word_1_147' title='bbox 2895 764 2953 809; x_wconf 91' lang='lat' dir='ltr'><strong>ut</strong></span> <span class='ocrx_word' id='word_1_148' title='bbox 2981 754 3048 808; x_wconf 89' lang='lat' dir='ltr'><strong>ad</strong></span> <span class='ocrx_word' id='word_1_149' title='bbox 3079 770 3192 809; x_wconf 90' lang='lat' dir='ltr'><strong>rem</strong></span> <span class='ocrx_word' id='word_1_150' title='bbox 3212 754 3448 817; x_wconf 85' lang='lat' dir='ltr'><strong>redeam,</strong></span> <span class='ocrx_word' id='word_1_151' title='bbox 3465 769 3572 809; x_wconf 89' lang='lat' dir='ltr'><strong>cum</strong></span> <span class='ocrx_word' id='word_1_152' title='bbox 3597 758 3637 811; x_wconf 91' lang='lat' dir='ltr'><strong>in</strong></span> <span class='ocrx_word' id='word_1_153' title='bbox 3656 760 3701 813; x_wconf 80' lang='lat' dir='ltr'><strong>iis</strong></span> 
     </span>
    </p>
   </div>
   <div class='ocr_carea' id='block_1_22' title="bbox 2186 845 3700 917">
    <p class='ocr_par' dir='ltr' id='par_1_22' title="bbox 2186 845 3700 917">
     <span class='ocr_line' id='line_1_22' title="bbox 2186 845 3700 917; baseline 0.001 -16"><span class='ocrx_word' id='word_1_154' title='bbox 2186 847 2640 901; x_wconf 84' lang='lat' dir='ltr'><strong>Annotationibus</strong></span> <span class='ocrx_word' id='word_1_155' title='bbox 2696 860 2834 915; x_wconf 92' lang='lat' dir='ltr'><strong>quas</strong></span> <span class='ocrx_word' id='word_1_156' title='bbox 2891 845 3018 899; x_wconf 89' lang='lat' dir='ltr'><strong>huic</strong></span> <span class='ocrx_word' id='word_1_157' title='bbox 3050 845 3188 902; x_wconf 69' lang='lat' dir='ltr'><strong>Vita:</strong></span> <span class='ocrx_word' id='word_1_158' title='bbox 3218 847 3552 917; x_wconf 72' lang='lat' dir='ltr'><strong>subiecimus,</strong></span> <span class='ocrx_word' id='word_1_159' title='bbox 3581 864 3700 917; x_wconf 83' lang='lat' dir='ltr'><strong>quam</strong></span> 
     </span>
    </p>
   </div>
   <div class='ocr_carea' id='block_1_23' title="bbox 2188 937 3703 1010">
    <p class='ocr_par' dir='ltr' id='par_1_23' title="bbox 2188 937 3703 1010">
     <span class='ocr_line' id='line_1_23' title="bbox 2188 937 3703 1010; baseline 0.004 -17"><span class='ocrx_word' id='word_1_160' title='bbox 2188 954 2329 1010; x_wconf 70' lang='lat' dir='ltr'><strong>saepe</strong></span> <span class='ocrx_word' id='word_1_161' title='bbox 2356 938 2714 1009; x_wconf 81' lang='grc' dir='ltr'><strong>δοκησίσοφος</strong></span> <span class='ocrx_word' id='word_1_162' title='bbox 2763 938 2868 992; x_wconf 90' lang='lat' dir='ltr'><strong>iste</strong></span> <span class='ocrx_word' id='word_1_163' title='bbox 2922 937 3211 1005; x_wconf 86' lang='lat' dir='ltr'><strong>interpres,</strong></span> <span class='ocrx_word' id='word_1_164' title='bbox 3268 950 3325 992; x_wconf 85' lang='lat' dir='ltr'><strong>et</strong></span> <span class='ocrx_word' id='word_1_165' title='bbox 3373 940 3425 994; x_wconf 90' lang='lat' dir='ltr'><strong>in</strong></span> <span class='ocrx_word' id='word_1_166' title='bbox 3482 946 3703 999; x_wconf 76' lang='lat' dir='ltr'><strong>vertendis</strong></span> 
     </span>
    </p>
   </div>
   <div class='ocr_carea' id='block_1_24' title="bbox 2189 1029 3704 1098">
    <p class='ocr_par' dir='ltr' id='par_1_24' title="bbox 2189 1029 3704 1098">
     <span class='ocr_line' id='line_1_24' title="bbox 2189 1029 3704 1098; baseline 0.001 -11"><span class='ocrx_word' id='word_1_167' title='bbox 2189 1032 2397 1087; x_wconf 68' lang='lat' dir='ltr'><strong>Graecis</strong></span> <span class='ocrx_word' id='word_1_168' title='bbox 2418 1032 2703 1094; x_wconf 86' lang='lat' dir='ltr'><strong>erraverit,</strong></span> <span class='ocrx_word' id='word_1_169' title='bbox 2740 1040 2795 1084; x_wconf 88' lang='lat' dir='ltr'><strong>et</strong></span> <span class='ocrx_word' id='word_1_170' title='bbox 2827 1029 2880 1083; x_wconf 93' lang='lat' dir='ltr'><strong>iu</strong></span> <span class='ocrx_word' id='word_1_171' title='bbox 2909 1030 3247 1098; x_wconf 78' lang='lat' dir='ltr'><strong>corrigendis</strong></span> <span class='ocrx_word' id='word_1_172' title='bbox 3287 1044 3458 1086; x_wconf 59' lang='lat' dir='ltr'><strong>caecus</strong></span> <span class='ocrx_word' id='word_1_173' title='bbox 3499 1033 3633 1089; x_wconf 82' lang='lat' dir='ltr'><strong>fuerit</strong></span> <span class='ocrx_word' id='word_1_174' title='bbox 3666 1047 3704 1089; x_wconf 86' lang='lat' dir='ltr'><strong>et</strong></span> 
     </span>
    </p>
   </div>
   <div class='ocr_carea' id='block_1_25' title="bbox 2190 1122 3701 1193">
    <p class='ocr_par' dir='ltr' id='par_1_25' title="bbox 2190 1122 3701 1193">
     <span class='ocr_line' id='line_1_25' title="bbox 2190 1122 3701 1193; baseline 0.002 -15"><span class='ocrx_word' id='word_1_175' title='bbox 2190 1125 2244 1179; x_wconf 93' lang='lat' dir='ltr'><strong>in</strong></span> <span class='ocrx_word' id='word_1_176' title='bbox 2280 1125 2364 1189; x_wconf 90' lang='lat' dir='ltr'><strong>iis,</strong></span> <span class='ocrx_word' id='word_1_177' title='bbox 2395 1139 2516 1193; x_wconf 69' lang='lat' dir='ltr'><strong>quae</strong></span> <span class='ocrx_word' id='word_1_178' title='bbox 2556 1124 2621 1175; x_wconf 91' lang='lat' dir='ltr'><strong>ad</strong></span> <span class='ocrx_word' id='word_1_179' title='bbox 2648 1122 2935 1176; x_wconf 89' lang='lat' dir='ltr'><strong>historiam</strong></span> <span class='ocrx_word' id='word_1_180' title='bbox 2966 1123 3258 1191; x_wconf 90' lang='lat' dir='ltr'><strong>pertinent,</strong></span> <span class='ocrx_word' id='word_1_181' title='bbox 3316 1122 3570 1177; x_wconf 84' lang='lat' dir='ltr'><strong>inscitiam</strong></span> <span class='ocrx_word' id='word_1_182' title='bbox 3592 1142 3701 1181; x_wconf 76' lang='lat' dir='ltr'><strong>suam</strong></span> 
     </span>
    </p>
   </div>
   <div class='ocr_carea' id='block_1_26' title="bbox 2190 1213 3702 1286">
    <p class='ocr_par' dir='ltr' id='par_1_26' title="bbox 2190 1213 3702 1286">
     <span class='ocr_line' id='line_1_26' title="bbox 2190 1213 3702 1286; baseline 0.001 -17"><span class='ocrx_word' id='word_1_183' title='bbox 2190 1216 2510 1286; x_wconf 88' lang='lat' dir='ltr'><strong>prodiderit,</strong></span> <span class='ocrx_word' id='word_1_184' title='bbox 2532 1214 2830 1268; x_wconf 87' lang='lat' dir='ltr'><strong>meridiana</strong></span> <span class='ocrx_word' id='word_1_185' title='bbox 2855 1213 2978 1268; x_wconf 89' lang='lat' dir='ltr'><strong>luce</strong></span> <span class='ocrx_word' id='word_1_186' title='bbox 3007 1213 3209 1268; x_wconf 90' lang='lat' dir='ltr'><strong>clarius</strong></span> <span class='ocrx_word' id='word_1_187' title='bbox 3242 1214 3604 1281; x_wconf 82' lang='lat' dir='ltr'><strong>demonstrato,</strong></span> <span class='ocrx_word' id='word_1_188' title='bbox 3626 1228 3702 1271; x_wconf 87' lang='lat' dir='ltr'><strong>tum</strong></span> 
     </span>
    </p>
   </div>
   <div class='ocr_carea' id='block_1_27' title="bbox 2192 1305 3703 1375">
    <p class='ocr_par' dir='ltr' id='par_1_27' title="bbox 2192 1305 3703 1375">
     <span class='ocr_line' id='line_1_27' title="bbox 2192 1305 3703 1375; baseline 0.002 -14"><span class='ocrx_word' id='word_1_189' title='bbox 2192 1324 2323 1365; x_wconf 90' lang='lat' dir='ltr'><strong>vero</strong></span> <span class='ocrx_word' id='word_1_190' title='bbox 2356 1307 2547 1362; x_wconf 86' lang='lat' dir='ltr'><strong>lectori</strong></span> <span class='ocrx_word' id='word_1_191' title='bbox 2595 1305 2999 1373; x_wconf 84' lang='lat' dir='ltr'><strong>conjiciendum</strong></span> <span class='ocrx_word' id='word_1_192' title='bbox 3031 1305 3365 1375; x_wconf 84' lang='lat' dir='ltr'><strong>relinquam,</strong></span> <span class='ocrx_word' id='word_1_193' title='bbox 3399 1322 3513 1361; x_wconf 90' lang='lat' dir='ltr'><strong>cum</strong></span> <span class='ocrx_word' id='word_1_194' title='bbox 3563 1308 3606 1362; x_wconf 91' lang='lat' dir='ltr'><strong>in</strong></span> <span class='ocrx_word' id='word_1_195' title='bbox 3630 1322 3703 1364; x_wconf 82' lang='lat' dir='ltr'><strong>unt</strong></span> 
     </span>
    </p>
   </div>
   <div class='ocr_carea' id='block_1_28' title="bbox 2194 1397 3705 1471">
    <p class='ocr_par' dir='ltr' id='par_1_28' title="bbox 2194 1397 3705 1471">
     <span class='ocr_line' id='line_1_28' title="bbox 2194 1397 3705 1471; baseline 0 -18"><span class='ocrx_word' id='word_1_196' title='bbox 2194 1400 2598 1471; x_wconf 86' lang='lat' dir='ltr'><strong>quateruioue,</strong></span> <span class='ocrx_word' id='word_1_197' title='bbox 2659 1410 2713 1453; x_wconf 88' lang='lat' dir='ltr'><strong>et</strong></span> <span class='ocrx_word' id='word_1_198' title='bbox 2766 1399 2983 1467; x_wconf 90' lang='lat' dir='ltr'><strong>quidem</strong></span> <span class='ocrx_word' id='word_1_199' title='bbox 3046 1397 3222 1466; x_wconf 90' lang='lat' dir='ltr'><strong>primo</strong></span> <span class='ocrx_word' id='word_1_200' title='bbox 3278 1400 3437 1455; x_wconf 88' lang='lat' dir='ltr'><strong>toties</strong></span> <span class='ocrx_word' id='word_1_201' title='bbox 3495 1403 3705 1470; x_wconf 82' lang='lat' dir='ltr'><strong>peccarit,</strong></span> 
     </span>
    </p>
   </div>
   <div class='ocr_carea' id='block_1_29' title="bbox 2196 1486 3704 1559">
    <p class='ocr_par' dir='ltr' id='par_1_29' title="bbox 2196 1486 3704 1559">
     <span class='ocr_line' id='line_1_29' title="bbox 2196 1486 3704 1559; baseline -0.001 -16"><span class='ocrx_word' id='word_1_202' title='bbox 2196 1500 2423 1559; x_wconf 87' lang='lat' dir='ltr'><strong>quanta,</strong></span> <span class='ocrx_word' id='word_1_203' title='bbox 2473 1490 2517 1544; x_wconf 91' lang='lat' dir='ltr'><strong>si</strong></span> <span class='ocrx_word' id='word_1_204' title='bbox 2551 1490 2732 1542; x_wconf 89' lang='lat' dir='ltr'><strong>omnia</strong></span> <span class='ocrx_word' id='word_1_205' title='bbox 2773 1501 2893 1556; x_wconf 66' lang='lat' dir='ltr'><strong>qua:</strong></span> <span class='ocrx_word' id='word_1_206' title='bbox 2932 1487 3048 1555; x_wconf 90' lang='lat' dir='ltr'><strong>ipse</strong></span> <span class='ocrx_word' id='word_1_207' title='bbox 3093 1486 3388 1549; x_wconf 87' lang='lat' dir='ltr'><strong>transtulit.</strong></span> <span class='ocrx_word' id='word_1_208' title='bbox 3425 1489 3485 1541; x_wconf 89' lang='lat' dir='ltr'><strong>ad</strong></span> <span class='ocrx_word' id='word_1_209' title='bbox 3515 1491 3704 1543; x_wconf 78' lang='lat' dir='ltr'><strong>eumdem</strong></span> 
     </span>
    </p>
   </div>
   <div class='ocr_carea' id='block_1_30' title="bbox 2197 1578 3706 1648">
    <p class='ocr_par' dir='ltr' id='par_1_30' title="bbox 2197 1578 3706 1648">
     <span class='ocr_line' id='line_1_30' title="bbox 2197 1578 3706 1648; baseline -0.001 -12"><span class='ocrx_word' id='word_1_210' title='bbox 2197 1582 2411 1637; x_wconf 90' lang='lat' dir='ltr'><strong>modum</strong></span> <span class='ocrx_word' id='word_1_211' title='bbox 2439 1581 2750 1636; x_wconf 79' lang='lat' dir='ltr'><strong>examinare</strong></span> <span class='ocrx_word' id='word_1_212' title='bbox 2780 1588 2941 1647; x_wconf 89' lang='lat' dir='ltr'><strong>atque</strong></span> <span class='ocrx_word' id='word_1_213' title='bbox 2970 1578 3232 1648; x_wconf 80' lang='lat' dir='ltr'><strong>colligere</strong></span> <span class='ocrx_word' id='word_1_214' title='bbox 3278 1578 3569 1643; x_wconf 75' lang='lat' dir='ltr'><strong>voluissem,</strong></span> <span class='ocrx_word' id='word_1_215' title='bbox 3592 1597 3706 1635; x_wconf 88' lang='lat' dir='ltr'><strong>erro-</strong></span> 
     </span>
    </p>
   </div>
   <div class='ocr_carea' id='block_1_31' title="bbox 2198 1670 3708 1730">
    <p class='ocr_par' dir='ltr' id='par_1_31' title="bbox 2198 1670 3708 1730">
     <span class='ocr_line' id='line_1_31' title="bbox 2198 1670 3708 1730; baseline -0.007 0"><span class='ocrx_word' id='word_1_216' title='bbox 2198 1690 2315 1730; x_wconf 87' lang='lat' dir='ltr'><strong>rum</strong></span> <span class='ocrx_word' id='word_1_217' title='bbox 2347 1674 2470 1728; x_wconf 90' lang='lat' dir='ltr'><strong>llias</strong></span> <span class='ocrx_word' id='word_1_218' title='bbox 2494 1682 2547 1727; x_wconf 87' lang='lat' dir='ltr'><strong>et</strong></span> <span class='ocrx_word' id='word_1_219' title='bbox 2571 1671 2827 1727; x_wconf 78' lang='lat' dir='ltr'><strong>colluvies</strong></span> <span class='ocrx_word' id='word_1_220' title='bbox 2860 1672 3178 1726; x_wconf 75' lang='lat' dir='ltr'><strong>exstitisset.</strong></span> <span class='ocrx_word' id='word_1_221' title='bbox 3200 1670 3325 1726; x_wconf 46' lang='lat' dir='ltr'><strong>llaec</strong></span> <span class='ocrx_word' id='word_1_222' title='bbox 3347 1670 3392 1725; x_wconf 89' lang='lat' dir='ltr'><strong>si</strong></span> <span class='ocrx_word' id='word_1_223' title='bbox 3415 1670 3708 1726; x_wconf 76' lang='lat' dir='ltr'><strong>Leuvenklaiu</strong></span> 
     </span>
    </p>
   </div>
   <div class='ocr_carea' id='block_1_32' title="bbox 509 1750 3708 1846">
    <p class='ocr_par' dir='ltr' id='par_1_32' title="bbox 509 1750 3708 1846">
     <span class='ocr_line' id='line_1_32' title="bbox 509 1750 3708 1846; baseline -0.007 -6"><span class='ocrx_word' id='word_1_224' title='bbox 509 1750 802 1846; x_wconf 66' lang='lat' dir='ltr'><strong>siarcham,</strong></span> <span class='ocrx_word' id='word_1_225' title='bbox 841 1788 896 1835; x_wconf 88' lang='lat' dir='ltr'><strong>et</strong></span> <span class='ocrx_word' id='word_1_226' title='bbox 930 1750 1296 1833; x_wconf 74' lang='lat' dir='ltr'><strong>orthodoxum</strong></span> <span class='ocrx_word' id='word_1_227' title='bbox 1356 1771 1513 1827; x_wconf 90' lang='lat' dir='ltr'><strong>nobis</strong></span> <span class='ocrx_word' id='word_1_228' title='bbox 1570 1783 1666 1839; x_wconf 92' lang='lat' dir='ltr'><strong>per</strong></span> <span class='ocrx_word' id='word_1_229' title='bbox 1698 1782 1961 1823; x_wconf 87' lang='lat' dir='ltr'><strong>summam</strong></span> <span class='ocrx_word' id='word_1_230' title='bbox 2000 1768 2088 1821; x_wconf 90' lang='lat' dir='ltr'><strong>in-</strong></span> <span class='ocrx_word' id='word_1_231' title='bbox 2121 1750 2165 1806; x_wconf 75' lang='grc' dir='ltr'><strong><em>Β</em></strong></span> <span class='ocrx_word' id='word_1_232' title='bbox 2195 1769 2418 1823; x_wconf 83' lang='lat' dir='ltr'><strong>molesta</strong></span> <span class='ocrx_word' id='word_1_233' title='bbox 2448 1766 2586 1820; x_wconf 79' lang='lat' dir='ltr'><strong>lectu</strong></span> <span class='ocrx_word' id='word_1_234' title='bbox 2628 1775 2773 1829; x_wconf 91' lang='lat' dir='ltr'><strong>sunt,</strong></span> <span class='ocrx_word' id='word_1_235' title='bbox 2799 1766 2972 1819; x_wconf 86' lang='lat' dir='ltr'><strong>discat</strong></span> <span class='ocrx_word' id='word_1_236' title='bbox 3006 1765 3436 1835; x_wconf 80' lang='grc' dir='ltr'><strong>μετριοφρονεῖν,</strong></span> <span class='ocrx_word' id='word_1_237' title='bbox 3466 1774 3633 1817; x_wconf 86' lang='lat' dir='ltr'><strong>etcum</strong></span> <span class='ocrx_word' id='word_1_238' title='bbox 3669 1779 3708 1817; x_wconf 84' lang='lat' dir='ltr'><strong>se</strong></span> 
     </span>
    </p>
   </div>
   <div class='ocr_carea' id='block_1_33' title="bbox 509 1859 2090 1941">
    <p class='ocr_par' dir='ltr' id='par_1_33' title="bbox 509 1859 2090 1941">
     <span class='ocr_line' id='line_1_33' title="bbox 509 1859 2090 1941; baseline -0.009 -11"><span class='ocrx_word' id='word_1_239' title='bbox 509 1876 722 1931; x_wconf 81' lang='lat' dir='ltr'><strong>scitiam</strong></span> <span class='ocrx_word' id='word_1_240' title='bbox 752 1872 956 1941; x_wconf 85' lang='lat' dir='ltr'><strong>pingat.</strong></span> <span class='ocrx_word' id='word_1_241' title='bbox 1000 1868 1321 1936; x_wconf 85' lang='lat' dir='ltr'><strong>Quanquam</strong></span> <span class='ocrx_word' id='word_1_242' title='bbox 1379 1862 1505 1917; x_wconf 91' lang='lat' dir='ltr'><strong>illud</strong></span> <span class='ocrx_word' id='word_1_243' title='bbox 1543 1871 1881 1931; x_wconf 88' lang='lat' dir='ltr'><strong>postremum</strong></span> <span class='ocrx_word' id='word_1_244' title='bbox 1912 1859 2090 1915; x_wconf 89' lang='lat' dir='ltr'><strong>minus</strong></span> 
     </span>
    </p>
   </div>
   <div class='ocr_carea' id='block_1_34' title="bbox 510 1951 2089 2022">
    <p class='ocr_par' dir='ltr' id='par_1_34' title="bbox 510 1951 2089 2022">
     <span class='ocr_line' id='line_1_34' title="bbox 510 1951 2089 2022; baseline -0.01 -5"><span class='ocrx_word' id='word_1_245' title='bbox 510 1966 706 2019; x_wconf 90' lang='lat' dir='ltr'><strong>mirum</strong></span> <span class='ocrx_word' id='word_1_246' title='bbox 739 1959 909 2015; x_wconf 89' lang='lat' dir='ltr'><strong>videri</strong></span> <span class='ocrx_word' id='word_1_247' title='bbox 941 1958 1124 2022; x_wconf 89' lang='lat' dir='ltr'><strong>debet,</strong></span> <span class='ocrx_word' id='word_1_248' title='bbox 1158 1955 1211 2010; x_wconf 92' lang='lat' dir='ltr'><strong>in</strong></span> <span class='ocrx_word' id='word_1_249' title='bbox 1258 1952 1476 2008; x_wconf 91' lang='lat' dir='ltr'><strong>homine</strong></span> <span class='ocrx_word' id='word_1_250' title='bbox 1509 1951 1813 2020; x_wconf 69' lang='lat' dir='ltr'><strong>praesertim</strong></span> <span class='ocrx_word' id='word_1_251' title='bbox 1867 1952 1941 2004; x_wconf 89' lang='lat' dir='ltr'><strong>ita</strong></span> <span class='ocrx_word' id='word_1_252' title='bbox 1995 1966 2089 2005; x_wconf 89' lang='lat' dir='ltr'><strong>ca-</strong></span> 
     </span>
    </p>
   </div>
   <div class='ocr_carea' id='block_1_35' title="bbox 510 2042 2090 2118">
    <p class='ocr_par' dir='ltr' id='par_1_35' title="bbox 510 2042 2090 2118">
     <span class='ocr_line' id='line_1_35' title="bbox 510 2042 2090 2118; baseline -0.009 -7"><span class='ocrx_word' id='word_1_253' title='bbox 510 2054 776 2118; x_wconf 89' lang='lat' dir='ltr'><strong>chectico,</strong></span> <span class='ocrx_word' id='word_1_254' title='bbox 803 2060 864 2107; x_wconf 91' lang='lat' dir='ltr'><strong>ut</strong></span> <span class='ocrx_word' id='word_1_255' title='bbox 892 2051 942 2106; x_wconf 93' lang='lat' dir='ltr'><strong>ei</strong></span> <span class='ocrx_word' id='word_1_256' title='bbox 978 2047 1153 2118; x_wconf 87' lang='lat' dir='ltr'><strong>magis</strong></span> <span class='ocrx_word' id='word_1_257' title='bbox 1189 2045 1401 2116; x_wconf 85' lang='lat' dir='ltr'><strong>placeat</strong></span> <span class='ocrx_word' id='word_1_258' title='bbox 1438 2044 1690 2097; x_wconf 89' lang='lat' dir='ltr'><strong>Zosimus</strong></span> <span class='ocrx_word' id='word_1_259' title='bbox 1717 2043 1995 2107; x_wconf 79' lang='lat' dir='ltr'><strong>ethnicus,</strong></span> <span class='ocrx_word' id='word_1_260' title='bbox 2036 2042 2090 2096; x_wconf 93' lang='lat' dir='ltr'><strong>in</strong></span> 
     </span>
    </p>
   </div>
   <div class='ocr_carea' id='block_1_36' title="bbox 507 2134 2093 2219">
    <p class='ocr_par' dir='ltr' id='par_1_36' title="bbox 507 2134 2093 2219">
     <span class='ocr_line' id='line_1_36' title="bbox 507 2134 2093 2219; baseline -0.009 -15"><span class='ocrx_word' id='word_1_261' title='bbox 507 2148 743 2219; x_wconf 73' lang='lat' dir='ltr'><strong>optimos</strong></span> <span class='ocrx_word' id='word_1_262' title='bbox 795 2145 1180 2213; x_wconf 89' lang='lat' dir='ltr'><strong>imperatores,</strong></span> <span class='ocrx_word' id='word_1_263' title='bbox 1240 2152 1304 2191; x_wconf 83' lang='lat' dir='ltr'><strong>ac</strong></span> <span class='ocrx_word' id='word_1_264' title='bbox 1358 2136 1426 2191; x_wconf 91' lang='lat' dir='ltr'><strong>de</strong></span> <span class='ocrx_word' id='word_1_265' title='bbox 1469 2134 1781 2190; x_wconf 87' lang='lat' dir='ltr'><strong>Christiana</strong></span> <span class='ocrx_word' id='word_1_266' title='bbox 1831 2134 2093 2204; x_wconf 80' lang='lat' dir='ltr'><strong>religione</strong></span> 
     </span>
    </p>
   </div>
   <div class='ocr_carea' id='block_1_37' title="bbox 509 2227 2093 2313">
    <p class='ocr_par' dir='ltr' id='par_1_37' title="bbox 509 2227 2093 2313">
     <span class='ocr_line' id='line_1_37' title="bbox 509 2227 2093 2313; baseline -0.011 -17"><span class='ocrx_word' id='word_1_267' title='bbox 509 2238 766 2313; x_wconf 66' lang='lat' dir='ltr'><strong>praeclare</strong></span> <span class='ocrx_word' id='word_1_268' title='bbox 793 2236 1043 2298; x_wconf 90' lang='lat' dir='ltr'><strong>meritos,</strong></span> <span class='ocrx_word' id='word_1_269' title='bbox 1085 2230 1339 2287; x_wconf 83' lang='lat' dir='ltr'><strong>caninam</strong></span> <span class='ocrx_word' id='word_1_270' title='bbox 1368 2242 1519 2283; x_wconf 90' lang='lat' dir='ltr'><strong>suam</strong></span> <span class='ocrx_word' id='word_1_271' title='bbox 1577 2227 1780 2281; x_wconf 86' lang='lat' dir='ltr'><strong>rabiem</strong></span> <span class='ocrx_word' id='word_1_272' title='bbox 1812 2241 2093 2293; x_wconf 83' lang='lat' dir='ltr'><strong>evomens,</strong></span> 
     </span>
    </p>
   </div>
   <div class='ocr_carea' id='block_1_38' title="bbox 508 2320 2095 2409">
    <p class='ocr_par' dir='ltr' id='par_1_38' title="bbox 508 2320 2095 2409">
     <span class='ocr_line' id='line_1_38' title="bbox 508 2320 2095 2409; baseline -0.011 -19"><span class='ocrx_word' id='word_1_273' title='bbox 508 2350 672 2409; x_wconf 89' lang='lat' dir='ltr'><strong>quam</strong></span> <span class='ocrx_word' id='word_1_274' title='bbox 694 2332 766 2404; x_wconf 86' lang='lat' dir='ltr'><strong>pii</strong></span> <span class='ocrx_word' id='word_1_275' title='bbox 795 2330 1111 2400; x_wconf 90' lang='lat' dir='ltr'><strong>scriptores,</strong></span> <span class='ocrx_word' id='word_1_276' title='bbox 1145 2340 1175 2379; x_wconf 88' lang='lat' dir='ltr'><strong>a</strong></span> <span class='ocrx_word' id='word_1_277' title='bbox 1211 2324 1409 2394; x_wconf 87' lang='lat' dir='ltr'><strong>quihus</strong></span> <span class='ocrx_word' id='word_1_278' title='bbox 1441 2336 1629 2376; x_wconf 92' lang='lat' dir='ltr'><strong>eorum</strong></span> <span class='ocrx_word' id='word_1_279' title='bbox 1664 2320 1852 2375; x_wconf 83' lang='lat' dir='ltr'><strong>laudes</strong></span> <span class='ocrx_word' id='word_1_280' title='bbox 1888 2320 2095 2375; x_wconf 88' lang='lat' dir='ltr'><strong>littera-</strong></span> 
     </span>
    </p>
   </div>
   <div class='ocr_carea' id='block_1_39' title="bbox 509 2412 2095 2487">
    <p class='ocr_par' dir='ltr' id='par_1_39' title="bbox 509 2412 2095 2487">
     <span class='ocr_line' id='line_1_39' title="bbox 509 2412 2095 2487; baseline -0.012 1"><span class='ocrx_word' id='word_1_281' title='bbox 509 2444 632 2487; x_wconf 83' lang='lat' dir='ltr'><strong>rum</strong></span> <span class='ocrx_word' id='word_1_282' title='bbox 658 2422 1026 2482; x_wconf 88' lang='lat' dir='ltr'><strong>monumentis</strong></span> <span class='ocrx_word' id='word_1_283' title='bbox 1052 2416 1444 2475; x_wconf 85' lang='lat' dir='ltr'><strong>commendatae</strong></span> <span class='ocrx_word' id='word_1_284' title='bbox 1476 2422 1628 2469; x_wconf 89' lang='lat' dir='ltr'><strong>sunt.</strong></span> <span class='ocrx_word' id='word_1_285' title='bbox 1677 2412 1855 2468; x_wconf 88' lang='lat' dir='ltr'><strong>Testis</strong></span> <span class='ocrx_word' id='word_1_286' title='bbox 1899 2422 1981 2468; x_wconf 90' lang='lat' dir='ltr'><strong>est</strong></span> <span class='ocrx_word' id='word_1_287' title='bbox 2009 2427 2095 2469; x_wconf 81' lang='lat' dir='ltr'><strong>ve-</strong></span> 
     </span>
    </p>
   </div>
   <div class='ocr_carea' id='block_1_40' title="bbox 510 2504 2097 2587">
    <p class='ocr_par' dir='ltr' id='par_1_40' title="bbox 510 2504 2097 2587">
     <span class='ocr_line' id='line_1_40' title="bbox 510 2504 2097 2587; baseline -0.011 -10"><span class='ocrx_word' id='word_1_288' title='bbox 510 2536 645 2577; x_wconf 89' lang='lat' dir='ltr'><strong>sana</strong></span> <span class='ocrx_word' id='word_1_289' title='bbox 676 2519 765 2573; x_wconf 90' lang='lat' dir='ltr'><strong>illa</strong></span> <span class='ocrx_word' id='word_1_290' title='bbox 819 2516 1087 2587; x_wconf 89' lang='lat' dir='ltr'><strong>planeque</strong></span> <span class='ocrx_word' id='word_1_291' title='bbox 1115 2508 1400 2578; x_wconf 89' lang='lat' dir='ltr'><strong>sacrilega,</strong></span> <span class='ocrx_word' id='word_1_292' title='bbox 1434 2516 1489 2561; x_wconf 90' lang='lat' dir='ltr'><strong>et</strong></span> <span class='ocrx_word' id='word_1_293' title='bbox 1535 2520 1603 2559; x_wconf 76' lang='lat' dir='ltr'><strong>ex</strong></span> <span class='ocrx_word' id='word_1_294' title='bbox 1632 2504 1920 2560; x_wconf 83' lang='lat' dir='ltr'><strong>Christiani</strong></span> <span class='ocrx_word' id='word_1_295' title='bbox 1948 2505 2097 2559; x_wconf 85' lang='lat' dir='ltr'><strong>orbis</strong></span> 
     </span>
    </p>
   </div>
   <div class='ocr_carea' id='block_1_41' title="bbox 513 2595 2097 2675">
    <p class='ocr_par' dir='ltr' id='par_1_41' title="bbox 513 2595 2097 2675">
     <span class='ocr_line' id='line_1_41' title="bbox 513 2595 2097 2675; baseline -0.013 -7"><span class='ocrx_word' id='word_1_296' title='bbox 513 2612 713 2667; x_wconf 88' lang='lat' dir='ltr'><strong>finibus</strong></span> <span class='ocrx_word' id='word_1_297' title='bbox 745 2624 867 2664; x_wconf 91' lang='lat' dir='ltr'><strong>cum</strong></span> <span class='ocrx_word' id='word_1_298' title='bbox 903 2614 1159 2675; x_wconf 88' lang='lat' dir='ltr'><strong>perpetua</strong></span> <span class='ocrx_word' id='word_1_299' title='bbox 1196 2599 1438 2671; x_wconf 89' lang='lat' dir='ltr'><strong>parentis</strong></span> <span class='ocrx_word' id='word_1_300' title='bbox 1468 2596 1549 2652; x_wconf 89' lang='lat' dir='ltr'><strong>sui</strong></span> <span class='ocrx_word' id='word_1_301' title='bbox 1581 2595 1876 2667; x_wconf 76' lang='lat' dir='ltr'><strong>ignominia</strong></span> <span class='ocrx_word' id='word_1_302' title='bbox 1911 2607 2097 2649; x_wconf 84' lang='lat' dir='ltr'><strong>exter—</strong></span> 
     </span>
    </p>
   </div>
   <div class='ocr_carea' id='block_1_42' title="bbox 516 2689 2096 2768">
    <p class='ocr_par' dir='ltr' id='par_1_42' title="bbox 516 2689 2096 2768">
     <span class='ocr_line' id='line_1_42' title="bbox 516 2689 2096 2768; baseline -0.012 -9"><span class='ocrx_word' id='word_1_303' title='bbox 516 2702 770 2759; x_wconf 88' lang='lat' dir='ltr'><strong>minanda</strong></span> <span class='ocrx_word' id='word_1_304' title='bbox 826 2697 1109 2768; x_wconf 80' lang='lat' dir='ltr'><strong>Apologia,</strong></span> <span class='ocrx_word' id='word_1_305' title='bbox 1153 2694 1204 2748; x_wconf 92' lang='lat' dir='ltr'><strong>in</strong></span> <span class='ocrx_word' id='word_1_306' title='bbox 1241 2706 1346 2762; x_wconf 90' lang='lat' dir='ltr'><strong>qua</strong></span> <span class='ocrx_word' id='word_1_307' title='bbox 1393 2692 1466 2744; x_wconf 85' lang='lat' dir='ltr'><strong>ita</strong></span> <span class='ocrx_word' id='word_1_308' title='bbox 1524 2705 1584 2744; x_wconf 90' lang='lat' dir='ltr'><strong>se</strong></span> <span class='ocrx_word' id='word_1_309' title='bbox 1616 2689 1775 2757; x_wconf 86' lang='lat' dir='ltr'><strong>gerit,</strong></span> <span class='ocrx_word' id='word_1_310' title='bbox 1811 2698 1870 2742; x_wconf 92' lang='lat' dir='ltr'><strong>ut</strong></span> <span class='ocrx_word' id='word_1_311' title='bbox 1916 2702 2096 2756; x_wconf 84' lang='lat' dir='ltr'><strong>queru-</strong></span> 
     </span>
    </p>
   </div>
   <div class='ocr_carea' id='block_1_43' title="bbox 516 2777 2098 2851">
    <p class='ocr_par' dir='ltr' id='par_1_43' title="bbox 516 2777 2098 2851">
     <span class='ocr_line' id='line_1_43' title="bbox 516 2777 2098 2851; baseline -0.012 -1"><span class='ocrx_word' id='word_1_312' title='bbox 516 2792 803 2851; x_wconf 83' lang='lat' dir='ltr'><strong>admodum</strong></span> <span class='ocrx_word' id='word_1_313' title='bbox 827 2790 893 2843; x_wconf 91' lang='lat' dir='ltr'><strong>de</strong></span> <span class='ocrx_word' id='word_1_314' title='bbox 926 2785 1151 2841; x_wconf 81' lang='lat' dir='ltr'><strong>Milesiis</strong></span> <span class='ocrx_word' id='word_1_315' title='bbox 1177 2781 1303 2836; x_wconf 90' lang='lat' dir='ltr'><strong>olim</strong></span> <span class='ocrx_word' id='word_1_316' title='bbox 1329 2780 1546 2849; x_wconf 85' lang='lat' dir='ltr'><strong>quidam</strong></span> <span class='ocrx_word' id='word_1_317' title='bbox 1574 2777 1806 2843; x_wconf 89' lang='lat' dir='ltr'><strong>dicebat,</strong></span> <span class='ocrx_word' id='word_1_318' title='bbox 1843 2792 1939 2831; x_wconf 90' lang='lat' dir='ltr'><strong>eos</strong></span> <span class='ocrx_word' id='word_1_319' title='bbox 1968 2778 2098 2831; x_wconf 83' lang='lat' dir='ltr'><strong>stul-</strong></span> 
     </span>
    </p>
   </div>
   <div class='ocr_carea' id='block_1_44' title="bbox 515 2870 2096 2946">
    <p class='ocr_par' dir='ltr' id='par_1_44' title="bbox 515 2870 2096 2946">
     <span class='ocr_line' id='line_1_44' title="bbox 515 2870 2096 2946; baseline -0.013 -3"><span class='ocrx_word' id='word_1_320' title='bbox 515 2900 601 2943; x_wconf 80' lang='lat' dir='ltr'><strong>tos</strong></span> <span class='ocrx_word' id='word_1_321' title='bbox 632 2899 738 2939; x_wconf 91' lang='lat' dir='ltr'><strong>non</strong></span> <span class='ocrx_word' id='word_1_322' title='bbox 777 2896 920 2946; x_wconf 79' lang='lat' dir='ltr'><strong>esse,</strong></span> <span class='ocrx_word' id='word_1_323' title='bbox 952 2879 1045 2935; x_wconf 87' lang='lat' dir='ltr'><strong>sed</strong></span> <span class='ocrx_word' id='word_1_324' title='bbox 1079 2877 1288 2939; x_wconf 88' lang='lat' dir='ltr'><strong>eadem,</strong></span> <span class='ocrx_word' id='word_1_325' title='bbox 1322 2888 1442 2942; x_wconf 83' lang='lat' dir='ltr'><strong>quae</strong></span> <span class='ocrx_word' id='word_1_326' title='bbox 1470 2872 1661 2927; x_wconf 90' lang='lat' dir='ltr'><strong>stultos</strong></span> <span class='ocrx_word' id='word_1_327' title='bbox 1686 2870 1885 2932; x_wconf 81' lang='lat' dir='ltr'><strong>facere,</strong></span> <span class='ocrx_word' id='word_1_328' title='bbox 1926 2870 1996 2921; x_wconf 90' lang='lat' dir='ltr'><strong>ita</strong></span> <span class='ocrx_word' id='word_1_329' title='bbox 2031 2871 2096 2923; x_wconf 91' lang='lat' dir='ltr'><strong>de</strong></span> 
     </span>
    </p>
   </div>
   <div class='ocr_carea' id='block_1_45' title="bbox 515 2962 2091 3034">
    <p class='ocr_par' dir='ltr' id='par_1_45' title="bbox 515 2962 2091 3034">
     <span class='ocr_line' id='line_1_45' title="bbox 515 2962 2091 3034; baseline -0.012 -1"><span class='ocrx_word' id='word_1_330' title='bbox 515 2994 582 3034; x_wconf 89' lang='lat' dir='ltr'><strong>eo</strong></span> <span class='ocrx_word' id='word_1_331' title='bbox 629 2992 734 3031; x_wconf 92' lang='lat' dir='ltr'><strong>non</strong></span> <span class='ocrx_word' id='word_1_332' title='bbox 768 2975 961 3030; x_wconf 69' lang='lat' dir='ltr'><strong>minus:</strong></span> <span class='ocrx_word' id='word_1_333' title='bbox 998 2967 1281 3027; x_wconf 86' lang='lat' dir='ltr'><strong>commode</strong></span> <span class='ocrx_word' id='word_1_334' title='bbox 1308 2966 1413 3020; x_wconf 90' lang='lat' dir='ltr'><strong>dici</strong></span> <span class='ocrx_word' id='word_1_335' title='bbox 1446 2966 1635 3034; x_wconf 89' lang='lat' dir='ltr'><strong>possit,</strong></span> <span class='ocrx_word' id='word_1_336' title='bbox 1666 2962 2091 3016; x_wconf 81' lang='lat' dir='ltr'><strong>Leuveuklaium</strong></span> 
     </span>
    </p>
   </div>
   <div class='ocr_carea' id='block_1_46' title="bbox 517 3055 2091 3142">
    <p class='ocr_par' dir='ltr' id='par_1_46' title="bbox 517 3055 2091 3142">
     <span class='ocr_line' id='line_1_46' title="bbox 517 3055 2091 3142; baseline -0.011 -17"><span class='ocrx_word' id='word_1_337' title='bbox 517 3068 772 3142; x_wconf 89' lang='lat' dir='ltr'><strong>gentilem</strong></span> <span class='ocrx_word' id='word_1_338' title='bbox 811 3082 916 3123; x_wconf 92' lang='lat' dir='ltr'><strong>non</strong></span> <span class='ocrx_word' id='word_1_339' title='bbox 954 3081 1098 3130; x_wconf 87' lang='lat' dir='ltr'><strong>esse,</strong></span> <span class='ocrx_word' id='word_1_340' title='bbox 1135 3062 1228 3117; x_wconf 91' lang='lat' dir='ltr'><strong>sed</strong></span> <span class='ocrx_word' id='word_1_341' title='bbox 1255 3060 1444 3113; x_wconf 90' lang='lat' dir='ltr'><strong>eadem</strong></span> <span class='ocrx_word' id='word_1_342' title='bbox 1476 3074 1595 3126; x_wconf 75' lang='lat' dir='ltr'><strong>qua:</strong></span> <span class='ocrx_word' id='word_1_343' title='bbox 1628 3057 1856 3127; x_wconf 86' lang='lat' dir='ltr'><strong>gentiles</strong></span> <span class='ocrx_word' id='word_1_344' title='bbox 1892 3055 2091 3109; x_wconf 82' lang='lat' dir='ltr'><strong>facere.</strong></span> 
     </span>
    </p>
   </div>
   <div class='ocr_carea' id='block_1_47' title="bbox 2193 1858 3711 1932">
    <p class='ocr_par' dir='ltr' id='par_1_47' title="bbox 2193 1858 3711 1932">
     <span class='ocr_line' id='line_1_47' title="bbox 2193 1858 3711 1932; baseline -0.005 -16"><span class='ocrx_word' id='word_1_345' title='bbox 2193 1861 2303 1916; x_wconf 81' lang='grc' dir='ltr'><strong>ἀπὸ</strong></span> <span class='ocrx_word' id='word_1_346' title='bbox 2327 1859 2421 1915; x_wconf 82' lang='grc' dir='ltr'><strong>τοῦ</strong></span> <span class='ocrx_word' id='word_1_347' title='bbox 2456 1861 2842 1932; x_wconf 80' lang='grc' dir='ltr'><strong>ἀναμαρτήτου</strong></span> <span class='ocrx_word' id='word_1_348' title='bbox 2874 1869 2981 1912; x_wconf 88' lang='lat' dir='ltr'><strong>tam</strong></span> <span class='ocrx_word' id='word_1_349' title='bbox 3022 1858 3180 1929; x_wconf 88' lang='lat' dir='ltr'><strong>longe</strong></span> <span class='ocrx_word' id='word_1_350' title='bbox 3207 1865 3468 1913; x_wconf 88' lang='lat' dir='ltr'><strong>remotqu</strong></span> <span class='ocrx_word' id='word_1_351' title='bbox 3494 1872 3597 1912; x_wconf 87' lang='lat' dir='ltr'><strong>esse</strong></span> <span class='ocrx_word' id='word_1_352' title='bbox 3628 1872 3711 1925; x_wconf 49' lang='lat' dir='ltr'><strong>per.</strong></span> 
     </span>
    </p>
   </div>
   <div class='ocr_carea' id='block_1_48' title="bbox 2192 1950 3708 2027">
    <p class='ocr_par' dir='ltr' id='par_1_48' title="bbox 2192 1950 3708 2027">
     <span class='ocr_line' id='line_1_48' title="bbox 2192 1950 3708 2027; baseline -0.006 -17"><span class='ocrx_word' id='word_1_353' title='bbox 2192 1956 2410 2027; x_wconf 88' lang='lat' dir='ltr'><strong>spiciat,</strong></span> <span class='ocrx_word' id='word_1_354' title='bbox 2437 1953 2801 2009; x_wconf 86' lang='lat' dir='ltr'><strong>necessariam</strong></span> <span class='ocrx_word' id='word_1_355' title='bbox 2829 1952 3008 2022; x_wconf 89' lang='lat' dir='ltr'><strong>potius</strong></span> <span class='ocrx_word' id='word_1_356' title='bbox 3052 1950 3107 2006; x_wconf 92' lang='lat' dir='ltr'><strong>in</strong></span> <span class='ocrx_word' id='word_1_357' title='bbox 3156 1951 3272 2006; x_wconf 90' lang='lat' dir='ltr'><strong>suis</strong></span> <span class='ocrx_word' id='word_1_358' title='bbox 3302 1950 3708 2020; x_wconf 85' lang='lat' dir='ltr'><strong>recognoscendis,</strong></span> 
     </span>
    </p>
   </div>
   <div class='ocr_carea' id='block_1_49' title="bbox 2192 2039 3711 2117">
    <p class='ocr_par' dir='ltr' id='par_1_49' title="bbox 2192 2039 3711 2117">
     <span class='ocr_line' id='line_1_49' title="bbox 2192 2039 3711 2117; baseline -0.006 -17"><span class='ocrx_word' id='word_1_359' title='bbox 2192 2063 2354 2117; x_wconf 87' lang='lat' dir='ltr'><strong>quam</strong></span> <span class='ocrx_word' id='word_1_360' title='bbox 2377 2046 2432 2100; x_wconf 91' lang='lat' dir='ltr'><strong>in</strong></span> <span class='ocrx_word' id='word_1_361' title='bbox 2468 2044 2719 2111; x_wconf 87' lang='lat' dir='ltr'><strong>aliorum,</strong></span> <span class='ocrx_word' id='word_1_362' title='bbox 2748 2044 2863 2113; x_wconf 89' lang='lat' dir='ltr'><strong>qui,</strong></span> <span class='ocrx_word' id='word_1_363' title='bbox 2894 2044 3020 2097; x_wconf 91' lang='lat' dir='ltr'><strong>dum</strong></span> <span class='ocrx_word' id='word_1_364' title='bbox 3055 2040 3514 2109; x_wconf 89' lang='lat' dir='ltr'><strong>vivnut,sibiipsis</strong></span> <span class='ocrx_word' id='word_1_365' title='bbox 3539 2039 3711 2093; x_wconf 78' lang='lat' dir='ltr'><strong>fortasse</strong></span> 
     </span>
    </p>
   </div>
   <div class='ocr_carea' id='block_1_50' title="bbox 2195 2132 3709 2207">
    <p class='ocr_par' dir='ltr' id='par_1_50' title="bbox 2195 2132 3709 2207">
     <span class='ocr_line' id='line_1_50' title="bbox 2195 2132 3709 2207; baseline -0.007 -15"><span class='ocrx_word' id='word_1_366' title='bbox 2195 2138 2401 2193; x_wconf 88' lang='lat' dir='ltr'><strong>mederi</strong></span> <span class='ocrx_word' id='word_1_367' title='bbox 2426 2135 2918 2207; x_wconf 45' lang='lat' dir='ltr'><strong>possuritgerratis,</strong></span> <span class='ocrx_word' id='word_1_368' title='bbox 2956 2134 3133 2202; x_wconf 76' lang='lat' dir='ltr'><strong>iisque</strong></span> <span class='ocrx_word' id='word_1_369' title='bbox 3166 2132 3484 2203; x_wconf 86' lang='lat' dir='ltr'><strong>plerumque</strong></span> <span class='ocrx_word' id='word_1_370' title='bbox 3512 2144 3709 2200; x_wconf 74' lang='lat' dir='ltr'><strong>perquam</strong></span> 
     </span>
    </p>
   </div>
   <div class='ocr_carea' id='block_1_51' title="bbox 2201 2225 3711 2297">
    <p class='ocr_par' dir='ltr' id='par_1_51' title="bbox 2201 2225 3711 2297">
     <span class='ocr_line' id='line_1_51' title="bbox 2201 2225 3711 2297; baseline -0.009 -12"><span class='ocrx_word' id='word_1_371' title='bbox 2201 2231 2433 2297; x_wconf 87' lang='lat' dir='ltr'><strong>levibus,</strong></span> <span class='ocrx_word' id='word_1_372' title='bbox 2469 2229 2821 2285; x_wconf 88' lang='lat' dir='ltr'><strong>traducendis</strong></span> <span class='ocrx_word' id='word_1_373' title='bbox 2852 2238 3015 2295; x_wconf 83' lang='lat' dir='ltr'><strong>atque</strong></span> <span class='ocrx_word' id='word_1_374' title='bbox 3053 2225 3388 2282; x_wconf 87' lang='lat' dir='ltr'><strong>insectandis</strong></span> <span class='ocrx_word' id='word_1_375' title='bbox 3421 2237 3612 2293; x_wconf 85' lang='lat' dir='ltr'><strong>operam</strong></span> <span class='ocrx_word' id='word_1_376' title='bbox 3643 2236 3711 2289; x_wconf 87' lang='lat' dir='ltr'><strong>po-</strong></span> 
     </span>
    </p>
   </div>
   <div class='ocr_carea' id='block_1_52' title="bbox 2197 2314 3713 2392">
    <p class='ocr_par' dir='ltr' id='par_1_52' title="bbox 2197 2314 3713 2392">
     <span class='ocr_line' id='line_1_52' title="bbox 2197 2314 3713 2392; baseline -0.008 -15"><span class='ocrx_word' id='word_1_377' title='bbox 2197 2333 2310 2389; x_wconf 87' lang='lat' dir='ltr'><strong>nat,</strong></span> <span class='ocrx_word' id='word_1_378' title='bbox 2375 2337 2542 2392; x_wconf 86' lang='lat' dir='ltr'><strong>seque</strong></span> <span class='ocrx_word' id='word_1_379' title='bbox 2589 2321 2845 2389; x_wconf 88' lang='lat' dir='ltr'><strong>deinceps</strong></span> <span class='ocrx_word' id='word_1_380' title='bbox 2896 2334 2960 2373; x_wconf 83' lang='lat' dir='ltr'><strong>ex</strong></span> <span class='ocrx_word' id='word_1_381' title='bbox 3015 2333 3211 2373; x_wconf 91' lang='lat' dir='ltr'><strong>eorum</strong></span> <span class='ocrx_word' id='word_1_382' title='bbox 3270 2332 3486 2372; x_wconf 88' lang='lat' dir='ltr'><strong>numero</strong></span> <span class='ocrx_word' id='word_1_383' title='bbox 3532 2314 3713 2369; x_wconf 80' lang='lat' dir='ltr'><strong>eximere</strong></span> 
     </span>
    </p>
   </div>
   <div class='ocr_carea' id='block_1_53' title="bbox 2196 2407 3710 2486">
    <p class='ocr_par' dir='ltr' id='par_1_53' title="bbox 2196 2407 3710 2486">
     <span class='ocr_line' id='line_1_53' title="bbox 2196 2407 3710 2486; baseline -0.011 -14"><span class='ocrx_word' id='word_1_384' title='bbox 2196 2418 2434 2481; x_wconf 88' lang='lat' dir='ltr'><strong>studeat,</strong></span> <span class='ocrx_word' id='word_1_385' title='bbox 2471 2416 2586 2486; x_wconf 81' lang='lat' dir='ltr'><strong>qui,</strong></span> <span class='ocrx_word' id='word_1_386' title='bbox 2618 2425 2675 2469; x_wconf 93' lang='lat' dir='ltr'><strong>ut</strong></span> <span class='ocrx_word' id='word_1_387' title='bbox 2717 2415 2783 2469; x_wconf 89' lang='lat' dir='ltr'><strong>de</strong></span> <span class='ocrx_word' id='word_1_388' title='bbox 2833 2412 3058 2467; x_wconf 82' lang='lat' dir='ltr'><strong>Ariauis</strong></span> <span class='ocrx_word' id='word_1_389' title='bbox 3107 2409 3330 2466; x_wconf 89' lang='lat' dir='ltr'><strong>dicebat</strong></span> <span class='ocrx_word' id='word_1_390' title='bbox 3382 2407 3710 2465; x_wconf 76' lang='lat' dir='ltr'><strong>Nazianzenus,</strong></span> 
     </span>
    </p>
   </div>
   <div class='ocr_carea' id='block_1_54' title="bbox 2197 2501 3708 2577">
    <p class='ocr_par' dir='ltr' id='par_1_54' title="bbox 2197 2501 3708 2577">
     <span class='ocr_line' id='line_1_54' title="bbox 2197 2501 3708 2577; baseline -0.011 -14"><span class='ocrx_word' id='word_1_391' title='bbox 2197 2511 2346 2563; x_wconf 91' lang='lat' dir='ltr'><strong>lenes</strong></span> <span class='ocrx_word' id='word_1_392' title='bbox 2376 2510 2478 2563; x_wconf 92' lang='lat' dir='ltr'><strong>sibi</strong></span> <span class='ocrx_word' id='word_1_393' title='bbox 2510 2518 2636 2563; x_wconf 90' lang='lat' dir='ltr'><strong>sunt</strong></span> <span class='ocrx_word' id='word_1_394' title='bbox 2662 2507 2894 2577; x_wconf 87' lang='lat' dir='ltr'><strong>judices,</strong></span> <span class='ocrx_word' id='word_1_395' title='bbox 2926 2504 3050 2559; x_wconf 89' lang='lat' dir='ltr'><strong>aliis</strong></span> <span class='ocrx_word' id='word_1_396' title='bbox 3075 2513 3259 2558; x_wconf 88' lang='lat' dir='ltr'><strong>autem</strong></span> <span class='ocrx_word' id='word_1_397' title='bbox 3294 2501 3463 2558; x_wconf 90' lang='lat' dir='ltr'><strong>severi</strong></span> <span class='ocrx_word' id='word_1_398' title='bbox 3485 2509 3708 2559; x_wconf 74' lang='lat' dir='ltr'><strong>censores;</strong></span> 
     </span>
    </p>
   </div>
   <div class='ocr_carea' id='block_1_55' title="bbox 2195 2588 3713 2667">
    <p class='ocr_par' dir='ltr' id='par_1_55' title="bbox 2195 2588 3713 2667">
     <span class='ocr_line' id='line_1_55' title="bbox 2195 2588 3713 2667; baseline -0.012 -12"><span class='ocrx_word' id='word_1_399' title='bbox 2195 2602 2418 2655; x_wconf 81' lang='lat' dir='ltr'><strong>vulnera</strong></span> <span class='ocrx_word' id='word_1_400' title='bbox 2445 2602 2668 2667; x_wconf 91' lang='lat' dir='ltr'><strong>habent,</strong></span> <span class='ocrx_word' id='word_1_401' title='bbox 2703 2607 2758 2656; x_wconf 88' lang='lat' dir='ltr'><strong>et</strong></span> <span class='ocrx_word' id='word_1_402' title='bbox 2791 2600 2912 2654; x_wconf 91' lang='lat' dir='ltr'><strong>aliis</strong></span> <span class='ocrx_word' id='word_1_403' title='bbox 2957 2598 3166 2652; x_wconf 88' lang='lat' dir='ltr'><strong>vibices</strong></span> <span class='ocrx_word' id='word_1_404' title='bbox 3209 2594 3503 2663; x_wconf 88' lang='lat' dir='ltr'><strong>objiciunt;</strong></span> <span class='ocrx_word' id='word_1_405' title='bbox 3541 2588 3713 2656; x_wconf 85' lang='lat' dir='ltr'><strong>turpiter</strong></span> 
     </span>
    </p>
   </div>
   <div class='ocr_carea' id='block_1_56' title="bbox 2197 2682 3713 2763">
    <p class='ocr_par' dir='ltr' id='par_1_56' title="bbox 2197 2682 3713 2763">
     <span class='ocr_line' id='line_1_56' title="bbox 2197 2682 3713 2763; baseline -0.011 -14"><span class='ocrx_word' id='word_1_406' title='bbox 2197 2694 2419 2759; x_wconf 87' lang='lat' dir='ltr'><strong>cadunt,</strong></span> <span class='ocrx_word' id='word_1_407' title='bbox 2444 2705 2497 2748; x_wconf 91' lang='lat' dir='ltr'><strong>et</strong></span> <span class='ocrx_word' id='word_1_408' title='bbox 2522 2693 2751 2763; x_wconf 86' lang='lat' dir='ltr'><strong>aliorum</strong></span> <span class='ocrx_word' id='word_1_409' title='bbox 2768 2688 3192 2747; x_wconf 85' lang='lat' dir='ltr'><strong>ofiensiunculas</strong></span> <span class='ocrx_word' id='word_1_410' title='bbox 3215 2687 3514 2757; x_wconf 80' lang='lat' dir='ltr'><strong>exagitant;</strong></span> <span class='ocrx_word' id='word_1_411' title='bbox 3538 2682 3582 2736; x_wconf 90' lang='lat' dir='ltr'><strong>in</strong></span> <span class='ocrx_word' id='word_1_412' title='bbox 3601 2691 3713 2753; x_wconf 66' lang='lat' dir='ltr'><strong>cinno</strong></span> 
     </span>
    </p>
   </div>
   <div class='ocr_carea' id='block_1_57' title="bbox 2196 2770 3712 2849">
    <p class='ocr_par' dir='ltr' id='par_1_57' title="bbox 2196 2770 3712 2849">
     <span class='ocr_line' id='line_1_57' title="bbox 2196 2770 3712 2849; baseline -0.011 -10"><span class='ocrx_word' id='word_1_413' title='bbox 2196 2787 2527 2849; x_wconf 87' lang='lat' dir='ltr'><strong>volutantur,</strong></span> <span class='ocrx_word' id='word_1_414' title='bbox 2576 2793 2633 2839; x_wconf 91' lang='lat' dir='ltr'><strong>et</strong></span> <span class='ocrx_word' id='word_1_415' title='bbox 2681 2799 2748 2840; x_wconf 81' lang='lat' dir='ltr'><strong>ex</strong></span> <span class='ocrx_word' id='word_1_416' title='bbox 2784 2784 3015 2838; x_wconf 87' lang='lat' dir='ltr'><strong>aliorqu</strong></span> <span class='ocrx_word' id='word_1_417' title='bbox 3064 2780 3293 2835; x_wconf 88' lang='lat' dir='ltr'><strong>maculis</strong></span> <span class='ocrx_word' id='word_1_418' title='bbox 3317 2778 3609 2847; x_wconf 79' lang='lat' dir='ltr'><strong>voluptatein</strong></span> <span class='ocrx_word' id='word_1_419' title='bbox 3641 2770 3712 2824; x_wconf 86' lang='lat' dir='ltr'><strong>sibi</strong></span> 
     </span>
    </p>
   </div>
   <div class='ocr_carea' id='block_1_58' title="bbox 2201 2866 3712 2948">
    <p class='ocr_par' dir='ltr' id='par_1_58' title="bbox 2201 2866 3712 2948">
     <span class='ocr_line' id='line_1_58' title="bbox 2201 2866 3712 2948; baseline -0.013 -15"><span class='ocrx_word' id='word_1_420' title='bbox 2201 2879 2447 2948; x_wconf 80' lang='lat' dir='ltr'><strong>ﬁngunt;</strong></span> <span class='ocrx_word' id='word_1_421' title='bbox 2479 2877 2716 2946; x_wconf 90' lang='lat' dir='ltr'><strong>denique</strong></span> <span class='ocrx_word' id='word_1_422' title='bbox 2743 2890 3034 2945; x_wconf 87' lang='lat' dir='ltr'><strong>oppressos</strong></span> <span class='ocrx_word' id='word_1_423' title='bbox 3056 2874 3308 2929; x_wconf 86' lang='lat' dir='ltr'><strong>trabibus</strong></span> <span class='ocrx_word' id='word_1_424' title='bbox 3338 2870 3513 2926; x_wconf 88' lang='lat' dir='ltr'><strong>oculos</strong></span> <span class='ocrx_word' id='word_1_425' title='bbox 3538 2866 3712 2925; x_wconf 83' lang='lat' dir='ltr'><strong>habent,</strong></span> 
     </span>
    </p>
   </div>
   <div class='ocr_carea' id='block_1_59' title="bbox 2199 2970 3179 3039">
    <p class='ocr_par' dir='ltr' id='par_1_59' title="bbox 2199 2970 3179 3039">
     <span class='ocr_line' id='line_1_59' title="bbox 2199 2970 3179 3039; baseline -0.004 -16"><span class='ocrx_word' id='word_1_426' title='bbox 2199 2980 2256 3023; x_wconf 88' lang='lat' dir='ltr'><strong>et</strong></span> <span class='ocrx_word' id='word_1_427' title='bbox 2294 2970 2532 3024; x_wconf 86' lang='lat' dir='ltr'><strong>festucas</strong></span> <span class='ocrx_word' id='word_1_428' title='bbox 2554 2970 2676 3023; x_wconf 90' lang='lat' dir='ltr'><strong>aliis</strong></span> <span class='ocrx_word' id='word_1_429' title='bbox 2709 2970 2909 3039; x_wconf 84' lang='lat' dir='ltr'><strong>probro</strong></span> <span class='ocrx_word' id='word_1_430' title='bbox 2941 2975 3179 3021; x_wconf 88' lang='lat' dir='ltr'><strong>vertunt.</strong></span> 
     </span>
    </p>
   </div>
   <div class='ocr_carea' id='block_1_60' title="bbox 525 3180 3676 3233">
    <p class='ocr_par' dir='ltr' id='par_1_60' title="bbox 525 3180 3676 3233">
     <span class='ocr_line' id='line_1_60' title="bbox 525 3180 3676 3233; baseline -0.005 -17"><span class='ocrx_word' id='word_1_431' title='bbox 525 3180 3676 3233; x_wconf 62' lang='lat'><strong>_________________,_____________________—</strong></span> 
     </span>
    </p>
   </div>
   <div class='ocr_carea' id='block_1_61' title="bbox 849 3354 3436 3435">
    <p class='ocr_par' dir='ltr' id='par_1_61' title="bbox 849 3354 3436 3435">
     <span class='ocr_line' id='line_1_61' title="bbox 849 3354 3436 3435; baseline -0.006 -4"><span class='ocrx_word' id='word_1_432' title='bbox 849 3366 1421 3432; x_wconf 78' lang='lat' dir='ltr'><strong>SANCTISSIMO</strong></span> <span class='ocrx_word' id='word_1_433' title='bbox 1456 3365 1564 3428; x_wconf 83' lang='lat' dir='ltr'><strong>AC</strong></span> <span class='ocrx_word' id='word_1_434' title='bbox 1594 3363 1765 3425; x_wconf 79' lang='grc' dir='ltr'><strong>ΒΕΑ</strong></span> <span class='ocrx_word' id='word_1_435' title='bbox 1782 3363 2126 3425; x_wconf 84' lang='lat' dir='ltr'><strong>TISSIMO</strong></span> <span class='ocrx_word' id='word_1_436' title='bbox 2152 3362 2257 3424; x_wconf 84' lang='lat' dir='ltr'><strong><em>PA</em></strong></span> <span class='ocrx_word' id='word_1_437' title='bbox 2274 3360 2431 3423; x_wconf 85' lang='lat' dir='ltr'><strong>ULO</strong></span> <span class='ocrx_word' id='word_1_438' title='bbox 2468 3361 2536 3434; x_wconf 84' lang='lat' dir='ltr'><strong>V,</strong></span> <span class='ocrx_word' id='word_1_439' title='bbox 2572 3358 3019 3422; x_wconf 85' lang='lat' dir='ltr'><strong>PONTIFICI</strong></span> <span class='ocrx_word' id='word_1_440' title='bbox 3048 3354 3436 3435; x_wconf 66' lang='lat' dir='ltr'><strong>MAXIMO,</strong></span> 
     </span>
    </p>
   </div>
   <div class='ocr_carea' id='block_1_62' title="bbox 1585 3543 2709 3591">
    <p class='ocr_par' dir='ltr' id='par_1_62' title="bbox 1585 3543 2709 3591">
     <span class='ocr_line' id='line_1_62' title="bbox 1585 3543 2709 3591; baseline -0.004 0"><span class='ocrx_word' id='word_1_441' title='bbox 1585 3548 1639 3591; x_wconf 90' lang='lat' dir='ltr'><strong>S.</strong></span> <span class='ocrx_word' id='word_1_442' title='bbox 1692 3548 1770 3590; x_wconf 83' lang='lat' dir='ltr'><strong>ET</strong></span> <span class='ocrx_word' id='word_1_443' title='bbox 1808 3545 2154 3591; x_wconf 67' lang='lat' dir='ltr'><strong>HUMILLIMA</strong></span> <span class='ocrx_word' id='word_1_444' title='bbox 2191 3546 2406 3589; x_wconf 81' lang='lat' dir='ltr'><strong>PEDUM</strong></span> <span class='ocrx_word' id='word_1_445' title='bbox 2452 3543 2709 3589; x_wconf 74' lang='lat' dir='ltr'><strong>OSCULA.</strong></span> 
     </span>
    </p>
   </div>
   <div class='ocr_carea' id='block_1_63' title="bbox 1886 3694 2396 3768">
    <p class='ocr_par' dir='ltr' id='par_1_63' title="bbox 1886 3694 2396 3768">
     <span class='ocr_line' id='line_1_63' title="bbox 1886 3694 2396 3768; baseline -0.002 -18"><span class='ocrx_word' id='word_1_446' title='bbox 1886 3694 2004 3768; x_wconf 54' lang='grc' dir='ltr'><strong>κει</strong></span> <span class='ocrx_word' id='word_1_447' title='bbox 2037 3695 2177 3752; x_wconf 88' lang='lat' dir='ltr'><strong>Edit.</strong></span> <span class='ocrx_word' id='word_1_448' title='bbox 2212 3694 2396 3767; x_wconf 75' lang='lat' dir='ltr'><strong>H309.)</strong></span> 
     </span>
    </p>
   </div>
   <div class='ocr_carea' id='block_1_64' title="bbox 592 3984 3712 4061">
    <p class='ocr_par' dir='ltr' id='par_1_64' title="bbox 592 3984 3712 4061">
     <span class='ocr_line' id='line_1_64' title="bbox 592 3984 3712 4061; baseline -0.001 -20"><span class='ocrx_word' id='word_1_449' title='bbox 592 3986 668 4042; x_wconf 90' lang='lat' dir='ltr'><strong>De</strong></span> <span class='ocrx_word' id='word_1_450' title='bbox 728 3985 1049 4043; x_wconf 86' lang='lat' dir='ltr'><strong>Sanctorum</strong></span> <span class='ocrx_word' id='word_1_451' title='bbox 1097 3984 1316 4040; x_wconf 87' lang='lat' dir='ltr'><strong>Patrum</strong></span> <span class='ocrx_word' id='word_1_452' title='bbox 1378 3997 1486 4043; x_wconf 88' lang='lat' dir='ltr'><strong>tam</strong></span> <span class='ocrx_word' id='word_1_453' title='bbox 1538 3986 1874 4055; x_wconf 74' lang='lat' dir='ltr'><strong>Grazcorum,</strong></span> <span class='ocrx_word' id='word_1_454' title='bbox 1931 4004 2092 4059; x_wconf 87' lang='lat' dir='ltr'><strong>quam</strong></span> <span class='ocrx_word' id='word_1_455' title='bbox 2121 3999 2164 4056; x_wconf 71' lang='grc' dir='ltr'><strong>ο</strong></span> <span class='ocrx_word' id='word_1_456' title='bbox 2202 3991 2366 4054; x_wconf 90' lang='lat' dir='ltr'><strong>tione,</strong></span> <span class='ocrx_word' id='word_1_457' title='bbox 2397 4005 2502 4044; x_wconf 91' lang='lat' dir='ltr'><strong>non</strong></span> <span class='ocrx_word' id='word_1_458' title='bbox 2533 3999 2618 4045; x_wconf 85' lang='lat' dir='ltr'><strong>est</strong></span> <span class='ocrx_word' id='word_1_459' title='bbox 2646 3988 3013 4060; x_wconf 86' lang='lat' dir='ltr'><strong>dedignatus:</strong></span> <span class='ocrx_word' id='word_1_460' title='bbox 3052 3989 3211 4061; x_wconf 86' lang='lat' dir='ltr'><strong>cujus</strong></span> <span class='ocrx_word' id='word_1_461' title='bbox 3266 3989 3498 4061; x_wconf 81' lang='lat' dir='ltr'><strong>vestigiis</strong></span> <span class='ocrx_word' id='word_1_462' title='bbox 3546 3988 3712 4044; x_wconf 78' lang='lat' dir='ltr'><strong>Genna-</strong></span> 
     </span>
    </p>
   </div>
   <div class='ocr_carea' id='block_1_65' title="bbox 514 4077 2094 4149">
    <p class='ocr_par' dir='ltr' id='par_1_65' title="bbox 514 4077 2094 4149">
     <span class='ocr_line' id='line_1_65' title="bbox 514 4077 2094 4149; baseline 0.001 -13"><span class='ocrx_word' id='word_1_463' title='bbox 514 4077 880 4135; x_wconf 77' lang='lat' dir='ltr'><strong>Romanorum</strong></span> <span class='ocrx_word' id='word_1_464' title='bbox 915 4079 1151 4148; x_wconf 88' lang='lat' dir='ltr'><strong>scriptis,</strong></span> <span class='ocrx_word' id='word_1_465' title='bbox 1177 4079 1488 4134; x_wconf 87' lang='lat' dir='ltr'><strong>beatissime</strong></span> <span class='ocrx_word' id='word_1_466' title='bbox 1514 4078 1700 4145; x_wconf 87' lang='lat' dir='ltr'><strong>Pater,</strong></span> <span class='ocrx_word' id='word_1_467' title='bbox 1729 4079 1852 4149; x_wconf 87' lang='lat' dir='ltr'><strong>jure</strong></span> <span class='ocrx_word' id='word_1_468' title='bbox 1875 4097 1939 4137; x_wconf 90' lang='lat' dir='ltr'><strong>ac</strong></span> <span class='ocrx_word' id='word_1_469' title='bbox 1980 4098 2094 4138; x_wconf 90' lang='lat' dir='ltr'><strong>me-</strong></span> 
     </span>
    </p>
   </div>
   <div class='ocr_carea' id='block_1_66' title="bbox 516 4153 2093 4239">
    <p class='ocr_par' dir='ltr' id='par_1_66' title="bbox 516 4153 2093 4239">
     <span class='ocr_line' id='line_1_66' title="bbox 516 4153 2093 4239; baseline -0.001 -11"><span class='ocrx_word' id='word_1_470' title='bbox 516 4173 623 4228; x_wconf 83' lang='lat' dir='ltr'><strong>rito</strong></span> <span class='ocrx_word' id='word_1_471' title='bbox 657 4170 763 4226; x_wconf 91' lang='lat' dir='ltr'><strong>dici</strong></span> <span class='ocrx_word' id='word_1_472' title='bbox 792 4178 988 4239; x_wconf 85' lang='lat' dir='ltr'><strong>potest,</strong></span> <span class='ocrx_word' id='word_1_473' title='bbox 1019 4169 1165 4236; x_wconf 89' lang='lat' dir='ltr'><strong>quod</strong></span> <span class='ocrx_word' id='word_1_474' title='bbox 1204 4169 1270 4223; x_wconf 86' lang='lat' dir='ltr'><strong>de</strong></span> <span class='ocrx_word' id='word_1_475' title='bbox 1299 4169 1538 4225; x_wconf 87' lang='lat' dir='ltr'><strong>Historia</strong></span> <span class='ocrx_word' id='word_1_476' title='bbox 1590 4153 1689 4225; x_wconf 88' lang='lat' dir='ltr'><strong>sua</strong></span> <span class='ocrx_word' id='word_1_477' title='bbox 1719 4172 1911 4227; x_wconf 89' lang='lat' dir='ltr'><strong>scribit</strong></span> <span class='ocrx_word' id='word_1_478' title='bbox 1942 4172 2093 4227; x_wconf 85' lang='lat' dir='ltr'><strong>Thu-</strong></span> 
     </span>
    </p>
   </div>
   <div class='ocr_carea' id='block_1_67' title="bbox 514 4262 2096 4336">
    <p class='ocr_par' dir='ltr' id='par_1_67' title="bbox 514 4262 2096 4336">
     <span class='ocr_line' id='line_1_67' title="bbox 514 4262 2096 4336; baseline 0.001 -19"><span class='ocrx_word' id='word_1_479' title='bbox 514 4264 764 4335; x_wconf 83' lang='lat' dir='ltr'><strong>cydides,</strong></span> <span class='ocrx_word' id='word_1_480' title='bbox 807 4262 1007 4332; x_wconf 78' lang='grc' dir='ltr'><strong>Κτῆμα</strong></span> <span class='ocrx_word' id='word_1_481' title='bbox 1052 4263 1108 4324; x_wconf 82' lang='grc' dir='ltr'><strong>ἐς</strong></span> <span class='ocrx_word' id='word_1_482' title='bbox 1138 4262 1225 4316; x_wconf 74' lang='grc' dir='ltr'>ἀεὶ</span> <span class='ocrx_word' id='word_1_483' title='bbox 1280 4262 1482 4332; x_wconf 84' lang='grc' dir='ltr'>μᾶλλον</span> <span class='ocrx_word' id='word_1_484' title='bbox 1533 4264 1566 4335; x_wconf 84' lang='grc' dir='ltr'>ἢ</span> <span class='ocrx_word' id='word_1_485' title='bbox 1604 4264 1893 4336; x_wconf 81' lang='grc' dir='ltr'><strong>ἀγώνισμα</strong></span> <span class='ocrx_word' id='word_1_486' title='bbox 1936 4266 1993 4328; x_wconf 76' lang='grc' dir='ltr'><strong>ἐς</strong></span> <span class='ocrx_word' id='word_1_487' title='bbox 2035 4265 2096 4318; x_wconf 81' lang='grc' dir='ltr'><strong>τὸ</strong></span> 
     </span>
    </p>
   </div>
   <div class='ocr_carea' id='block_1_68' title="bbox 516 4352 2094 4427">
    <p class='ocr_par' dir='ltr' id='par_1_68' title="bbox 516 4352 2094 4427">
     <span class='ocr_line' id='line_1_68' title="bbox 516 4352 2094 4427; baseline -0.011 1"><span class='ocrx_word' id='word_1_488' title='bbox 516 4354 856 4427; x_wconf 78' lang='grc' dir='ltr'><strong>παραχρῆμα</strong></span> <span class='ocrx_word' id='word_1_489' title='bbox 882 4353 1099 4407; x_wconf 81' lang='grc' dir='ltr'><strong>ἀκούειν</strong></span> <span class='ocrx_word' id='word_1_490' title='bbox 1116 4352 1416 4422; x_wconf 77' lang='grc' dir='ltr'><strong>ξύγκειται,</strong></span> <span class='ocrx_word' id='word_1_491' title='bbox 1452 4371 1767 4427; x_wconf 81' lang='lat' dir='ltr'><strong>perpetuum</strong></span> <span class='ocrx_word' id='word_1_492' title='bbox 1797 4358 2094 4412; x_wconf 79' lang='lat' dir='ltr'><strong>monimen-</strong></span> 
     </span>
    </p>
   </div>
   <div class='ocr_carea' id='block_1_69' title="bbox 518 4448 2095 4519">
    <p class='ocr_par' dir='ltr' id='par_1_69' title="bbox 518 4448 2095 4519">
     <span class='ocr_line' id='line_1_69' title="bbox 518 4448 2095 4519; baseline 0.003 -17"><span class='ocrx_word' id='word_1_493' title='bbox 518 4456 633 4502; x_wconf 88' lang='lat' dir='ltr'><strong>tum</strong></span> <span class='ocrx_word' id='word_1_494' title='bbox 659 4448 835 4516; x_wconf 88' lang='lat' dir='ltr'><strong>potius</strong></span> <span class='ocrx_word' id='word_1_495' title='bbox 859 4455 1100 4513; x_wconf 78' lang='lat' dir='ltr'><strong>exstare,</strong></span> <span class='ocrx_word' id='word_1_496' title='bbox 1128 4462 1291 4518; x_wconf 89' lang='lat' dir='ltr'><strong>quam</strong></span> <span class='ocrx_word' id='word_1_497' title='bbox 1319 4448 1462 4517; x_wconf 88' lang='lat' dir='ltr'><strong>quod</strong></span> <span class='ocrx_word' id='word_1_498' title='bbox 1496 4450 1662 4503; x_wconf 85' lang='lat' dir='ltr'><strong>animi</strong></span> <span class='ocrx_word' id='word_1_499' title='bbox 1696 4466 1856 4505; x_wconf 87' lang='lat' dir='ltr'><strong>causa</strong></span> <span class='ocrx_word' id='word_1_500' title='bbox 1884 4452 1935 4505; x_wconf 92' lang='lat' dir='ltr'><strong>iu</strong></span> <span class='ocrx_word' id='word_1_501' title='bbox 1964 4466 2095 4519; x_wconf 82' lang='lat' dir='ltr'><strong>prae-</strong></span> 
     </span>
    </p>
   </div>
   <div class='ocr_carea' id='block_1_70' title="bbox 516 4539 2096 4610">
    <p class='ocr_par' dir='ltr' id='par_1_70' title="bbox 516 4539 2096 4610">
     <span class='ocr_line' id='line_1_70' title="bbox 516 4539 2096 4610; baseline 0.001 -14"><span class='ocrx_word' id='word_1_502' title='bbox 516 4540 690 4596; x_wconf 86' lang='lat' dir='ltr'><strong>sentia</strong></span> <span class='ocrx_word' id='word_1_503' title='bbox 726 4539 996 4594; x_wconf 88' lang='lat' dir='ltr'><strong>audiatur.</strong></span> <span class='ocrx_word' id='word_1_504' title='bbox 1029 4539 1316 4595; x_wconf 86' lang='lat' dir='ltr'><strong>Enimvero</strong></span> <span class='ocrx_word' id='word_1_505' title='bbox 1355 4540 1620 4610; x_wconf 88' lang='lat' dir='ltr'><strong>ejusmodi</strong></span> <span class='ocrx_word' id='word_1_506' title='bbox 1658 4557 1936 4597; x_wconf 84' lang='lat' dir='ltr'><strong>sacrarum</strong></span> <span class='ocrx_word' id='word_1_507' title='bbox 1979 4560 2096 4597; x_wconf 85' lang='lat' dir='ltr'><strong>mu-</strong></span> 
     </span>
    </p>
   </div>
   <div class='ocr_carea' id='block_1_71' title="bbox 515 4631 2095 4704">
    <p class='ocr_par' dir='ltr' id='par_1_71' title="bbox 515 4631 2095 4704">
     <span class='ocr_line' id='line_1_71' title="bbox 515 4631 2095 4704; baseline -0.001 -14"><span class='ocrx_word' id='word_1_508' title='bbox 515 4649 699 4691; x_wconf 86' lang='lat' dir='ltr'><strong>sarum</strong></span> <span class='ocrx_word' id='word_1_509' title='bbox 742 4631 882 4688; x_wconf 85' lang='lat' dir='ltr'><strong>fetus</strong></span> <span class='ocrx_word' id='word_1_510' title='bbox 913 4633 984 4689; x_wconf 85' lang='lat' dir='ltr'><strong>ab</strong></span> <span class='ocrx_word' id='word_1_511' title='bbox 1020 4632 1253 4702; x_wconf 86' lang='lat' dir='ltr'><strong>ingeniis</strong></span> <span class='ocrx_word' id='word_1_512' title='bbox 1306 4632 1561 4687; x_wconf 76' lang='lat' dir='ltr'><strong>maximis</strong></span> <span class='ocrx_word' id='word_1_513' title='bbox 1593 4641 1649 4686; x_wconf 90' lang='lat' dir='ltr'><strong>et</strong></span> <span class='ocrx_word' id='word_1_514' title='bbox 1678 4633 1951 4688; x_wconf 85' lang='lat' dir='ltr'><strong>mentibus</strong></span> <span class='ocrx_word' id='word_1_515' title='bbox 1996 4650 2095 4704; x_wconf 92' lang='lat' dir='ltr'><strong>pu-</strong></span> 
     </span>
    </p>
   </div>
   <div class='ocr_carea' id='block_1_72' title="bbox 517 4720 2095 4796">
    <p class='ocr_par' dir='ltr' id='par_1_72' title="bbox 517 4720 2095 4796">
     <span class='ocr_line' id='line_1_72' title="bbox 517 4720 2095 4796; baseline 0 -15"><span class='ocrx_word' id='word_1_516' title='bbox 517 4725 749 4781; x_wconf 88' lang='lat' dir='ltr'><strong>rissimis</strong></span> <span class='ocrx_word' id='word_1_517' title='bbox 796 4724 1013 4794; x_wconf 87' lang='lat' dir='ltr'><strong>Deoque</strong></span> <span class='ocrx_word' id='word_1_518' title='bbox 1059 4720 1254 4777; x_wconf 79' lang='lat' dir='ltr'><strong>amatis</strong></span> <span class='ocrx_word' id='word_1_519' title='bbox 1308 4724 1638 4794; x_wconf 82' lang='lat' dir='ltr'><strong>exprompti,</strong></span> <span class='ocrx_word' id='word_1_520' title='bbox 1677 4725 1837 4794; x_wconf 89' lang='lat' dir='ltr'><strong>genio</strong></span> <span class='ocrx_word' id='word_1_521' title='bbox 1886 4727 2095 4796; x_wconf 79' lang='lat' dir='ltr'><strong>Optimo</strong></span> 
     </span>
    </p>
   </div>
   <div class='ocr_carea' id='block_1_73' title="bbox 516 4815 2093 4874">
    <p class='ocr_par' dir='ltr' id='par_1_73' title="bbox 516 4815 2093 4874">
     <span class='ocr_line' id='line_1_73' title="bbox 516 4815 2093 4874; baseline -0.001 0"><span class='ocrx_word' id='word_1_522' title='bbox 516 4817 785 4874; x_wconf 76' lang='lat' dir='ltr'><strong>comitatir</strong></span> <span class='ocrx_word' id='word_1_523' title='bbox 803 4816 1104 4872; x_wconf 88' lang='lat' dir='ltr'><strong>Canescent</strong></span> <span class='ocrx_word' id='word_1_524' title='bbox 1132 4815 1290 4872; x_wconf 89' lang='lat' dir='ltr'><strong>seclis</strong></span> <span class='ocrx_word' id='word_1_525' title='bbox 1310 4816 1827 4872; x_wconf 85' lang='lat' dir='ltr'><strong>innumerabilibus:</strong></span> <span class='ocrx_word' id='word_1_526' title='bbox 1852 4836 1871 4869; x_wconf 73' lang='grc' dir='ltr'><strong>ι</strong></span> <span class='ocrx_word' id='word_1_527' title='bbox 1898 4826 2093 4873; x_wconf 90' lang='lat' dir='ltr'><strong>etcum</strong></span> 
     </span>
    </p>
   </div>
   <div class='ocr_carea' id='block_1_74' title="bbox 516 4910 2097 4979">
    <p class='ocr_par' dir='ltr' id='par_1_74' title="bbox 516 4910 2097 4979">
     <span class='ocr_line' id='line_1_74' title="bbox 516 4910 2097 4979; baseline -0.001 -10"><span class='ocrx_word' id='word_1_528' title='bbox 516 4913 586 4971; x_wconf 88' lang='lat' dir='ltr'><strong>iis</strong></span> <span class='ocrx_word' id='word_1_529' title='bbox 615 4922 863 4966; x_wconf 87' lang='lat' dir='ltr'><strong>auctores</strong></span> <span class='ocrx_word' id='word_1_530' title='bbox 879 4910 1092 4965; x_wconf 89' lang='lat' dir='ltr'><strong>illorum</strong></span> <span class='ocrx_word' id='word_1_531' title='bbox 1109 4925 1172 4965; x_wconf 87' lang='lat' dir='ltr'><strong>ac</strong></span> <span class='ocrx_word' id='word_1_532' title='bbox 1189 4920 1442 4979; x_wconf 88' lang='lat' dir='ltr'><strong>parentes</strong></span> <span class='ocrx_word' id='word_1_533' title='bbox 1464 4921 1616 4979; x_wconf 88' lang='lat' dir='ltr'><strong>parte</strong></span> <span class='ocrx_word' id='word_1_534' title='bbox 1648 4911 1732 4966; x_wconf 91' lang='lat' dir='ltr'><strong>sui</strong></span> <span class='ocrx_word' id='word_1_535' title='bbox 1764 4912 2005 4979; x_wconf 80' lang='lat' dir='ltr'><strong>meliore,</strong></span> <span class='ocrx_word' id='word_1_536' title='bbox 2037 4924 2097 4968; x_wconf 91' lang='lat' dir='ltr'><strong>ut</strong></span> 
     </span>
    </p>
   </div>
   <div class='ocr_carea' id='block_1_75' title="bbox 516 5001 2094 5072">
    <p class='ocr_par' dir='ltr' id='par_1_75' title="bbox 516 5001 2094 5072">
     <span class='ocr_line' id='line_1_75' title="bbox 516 5001 2094 5072; baseline 0.001 -12"><span class='ocrx_word' id='word_1_537' title='bbox 516 5004 668 5060; x_wconf 79' lang='lat' dir='ltr'><strong>ccelis</strong></span> <span class='ocrx_word' id='word_1_538' title='bbox 693 5018 808 5058; x_wconf 68' lang='lat' dir='ltr'><strong>aevo</strong></span> <span class='ocrx_word' id='word_1_539' title='bbox 854 5001 1188 5072; x_wconf 91' lang='lat' dir='ltr'><strong>sempiterno</strong></span> <span class='ocrx_word' id='word_1_540' title='bbox 1216 5004 1489 5065; x_wconf 88' lang='lat' dir='ltr'><strong>fruuntur,</strong></span> <span class='ocrx_word' id='word_1_541' title='bbox 1540 5004 1622 5058; x_wconf 90' lang='lat' dir='ltr'><strong>sic</strong></span> <span class='ocrx_word' id='word_1_542' title='bbox 1666 5003 1718 5058; x_wconf 90' lang='lat' dir='ltr'><strong>in</strong></span> <span class='ocrx_word' id='word_1_543' title='bbox 1759 5006 1920 5060; x_wconf 83' lang='lat' dir='ltr'><strong>terris</strong></span> <span class='ocrx_word' id='word_1_544' title='bbox 1949 5004 2094 5062; x_wconf 85' lang='lat' dir='ltr'><strong>fama</strong></span> 
     </span>
    </p>
   </div>
   <div class='ocr_carea' id='block_1_76' title="bbox 513 5093 2094 5163">
    <p class='ocr_par' dir='ltr' id='par_1_76' title="bbox 513 5093 2094 5163">
     <span class='ocr_line' id='line_1_76' title="bbox 513 5093 2094 5163; baseline 0.001 -14"><span class='ocrx_word' id='word_1_545' title='bbox 513 5096 629 5149; x_wconf 89' lang='lat' dir='ltr'><strong>veri</strong></span> <span class='ocrx_word' id='word_1_546' title='bbox 654 5093 869 5150; x_wconf 88' lang='lat' dir='ltr'><strong>conscia</strong></span> <span class='ocrx_word' id='word_1_547' title='bbox 911 5094 1117 5158; x_wconf 87' lang='lat' dir='ltr'><strong>vivent,</strong></span> <span class='ocrx_word' id='word_1_548' title='bbox 1151 5094 1387 5163; x_wconf 89' lang='lat' dir='ltr'><strong>quandiu</strong></span> <span class='ocrx_word' id='word_1_549' title='bbox 1427 5095 1641 5163; x_wconf 91' lang='lat' dir='ltr'><strong>piorum</strong></span> <span class='ocrx_word' id='word_1_550' title='bbox 1698 5096 2094 5151; x_wconf 87' lang='lat' dir='ltr'><strong>studiosorum-</strong></span> 
     </span>
    </p>
   </div>
   <div class='ocr_carea' id='block_1_77' title="bbox 514 5187 2097 5259">
    <p class='ocr_par' dir='ltr' id='par_1_77' title="bbox 514 5187 2097 5259">
     <span class='ocr_line' id='line_1_77' title="bbox 514 5187 2097 5259; baseline 0.004 -18"><span class='ocrx_word' id='word_1_551' title='bbox 514 5202 620 5257; x_wconf 89' lang='lat' dir='ltr'><strong>que</strong></span> <span class='ocrx_word' id='word_1_552' title='bbox 652 5203 821 5258; x_wconf 91' lang='lat' dir='ltr'><strong>genus</strong></span> <span class='ocrx_word' id='word_1_553' title='bbox 836 5187 1115 5250; x_wconf 88' lang='lat' dir='ltr'><strong>consistet,</strong></span> <span class='ocrx_word' id='word_1_554' title='bbox 1141 5196 1196 5241; x_wconf 90' lang='lat' dir='ltr'><strong>et</strong></span> <span class='ocrx_word' id='word_1_555' title='bbox 1216 5202 1335 5256; x_wconf 69' lang='lat' dir='ltr'><strong>qua:</strong></span> <span class='ocrx_word' id='word_1_556' title='bbox 1376 5190 1679 5259; x_wconf 84' lang='grc' dir='ltr'><strong>μακαρῖται</strong></span> <span class='ocrx_word' id='word_1_557' title='bbox 1714 5188 1785 5243; x_wconf 87' lang='lat' dir='ltr'><strong>illi</strong></span> <span class='ocrx_word' id='word_1_558' title='bbox 1821 5191 2097 5247; x_wconf 62' lang='lat' dir='ltr'><strong>memoriae</strong></span> 
     </span>
    </p>
   </div>
   <div class='ocr_carea' id='block_1_78' title="bbox 514 5280 2092 5351">
    <p class='ocr_par' dir='ltr' id='par_1_78' title="bbox 514 5280 2092 5351">
     <span class='ocr_line' id='line_1_78' title="bbox 514 5280 2092 5351; baseline 0.003 -18"><span class='ocrx_word' id='word_1_559' title='bbox 514 5280 824 5351; x_wconf 85' lang='lat' dir='ltr'><strong>prodidere,</strong></span> <span class='ocrx_word' id='word_1_560' title='bbox 860 5280 1051 5332; x_wconf 88' lang='lat' dir='ltr'><strong>diurna</strong></span> <span class='ocrx_word' id='word_1_561' title='bbox 1090 5288 1467 5347; x_wconf 81' lang='lat' dir='ltr'><strong>nocturnaque</strong></span> <span class='ocrx_word' id='word_1_562' title='bbox 1502 5295 1662 5333; x_wconf 87' lang='lat' dir='ltr'><strong>manu</strong></span> <span class='ocrx_word' id='word_1_563' title='bbox 1697 5282 1934 5337; x_wconf 87' lang='lat' dir='ltr'><strong>versabit</strong></span> <span class='ocrx_word' id='word_1_564' title='bbox 1968 5300 1981 5336; x_wconf 86' lang='lat'><strong>:</strong></span> <span class='ocrx_word' id='word_1_565' title='bbox 2015 5282 2092 5337; x_wconf 88' lang='lat' dir='ltr'><strong>si-</strong></span> 
     </span>
    </p>
   </div>
   <div class='ocr_carea' id='block_1_79' title="bbox 2197 4081 3713 4155">
    <p class='ocr_par' dir='ltr' id='par_1_79' title="bbox 2197 4081 3713 4155">
     <span class='ocr_line' id='line_1_79' title="bbox 2197 4081 3713 4155; baseline -0.007 -17"><span class='ocrx_word' id='word_1_566' title='bbox 2197 4082 2690 4139; x_wconf 73' lang='lat' dir='ltr'><strong>diuerassiliensis</strong></span> <span class='ocrx_word' id='word_1_567' title='bbox 2734 4082 3017 4149; x_wconf 88' lang='lat' dir='ltr'><strong>insistens,</strong></span> <span class='ocrx_word' id='word_1_568' title='bbox 3060 4083 3117 4139; x_wconf 91' lang='lat' dir='ltr'><strong>in</strong></span> <span class='ocrx_word' id='word_1_569' title='bbox 3162 4084 3388 4155; x_wconf 83' lang='lat' dir='ltr'><strong>reliquis</strong></span> <span class='ocrx_word' id='word_1_570' title='bbox 3421 4081 3713 4153; x_wconf 82' lang='lat' dir='ltr'><strong>scriptoribus</strong></span> 
     </span>
    </p>
   </div>
   <div class='ocr_carea' id='block_1_80' title="bbox 2196 4174 3710 4233">
    <p class='ocr_par' dir='ltr' id='par_1_80' title="bbox 2196 4174 3710 4233">
     <span class='ocr_line' id='line_1_80' title="bbox 2196 4174 3710 4233; baseline -0.006 -1"><span class='ocrx_word' id='word_1_571' title='bbox 2196 4178 2576 4233; x_wconf 87' lang='lat' dir='ltr'><strong>enumerandis</strong></span> <span class='ocrx_word' id='word_1_572' title='bbox 2620 4174 2938 4232; x_wconf 87' lang='lat' dir='ltr'><strong>elaboravit.</strong></span> <span class='ocrx_word' id='word_1_573' title='bbox 3006 4176 3132 4232; x_wconf 71' lang='lat' dir='ltr'><strong>Haac</strong></span> <span class='ocrx_word' id='word_1_574' title='bbox 3208 4188 3474 4233; x_wconf 88' lang='lat' dir='ltr'><strong>tantorum</strong></span> <span class='ocrx_word' id='word_1_575' title='bbox 3527 4176 3710 4228; x_wconf 85' lang='lat' dir='ltr'><strong>virorum</strong></span> 
     </span>
    </p>
   </div>
   <div class='ocr_carea' id='block_1_81' title="bbox 2196 4264 3712 4337">
    <p class='ocr_par' dir='ltr' id='par_1_81' title="bbox 2196 4264 3712 4337">
     <span class='ocr_line' id='line_1_81' title="bbox 2196 4264 3712 4337; baseline -0.006 -16"><span class='ocrx_word' id='word_1_576' title='bbox 2196 4281 2379 4335; x_wconf 88' lang='lat' dir='ltr'><strong>opera,</strong></span> <span class='ocrx_word' id='word_1_577' title='bbox 2404 4265 2580 4321; x_wconf 91' lang='lat' dir='ltr'><strong>omnis</strong></span> <span class='ocrx_word' id='word_1_578' title='bbox 2601 4266 2819 4337; x_wconf 90' lang='lat' dir='ltr'><strong>generis</strong></span> <span class='ocrx_word' id='word_1_579' title='bbox 2835 4268 3121 4331; x_wconf 65' lang='lat' dir='ltr'><strong>doctrinm,</strong></span> <span class='ocrx_word' id='word_1_580' title='bbox 3146 4283 3212 4323; x_wconf 90' lang='lat' dir='ltr'><strong>ac</strong></span> <span class='ocrx_word' id='word_1_581' title='bbox 3236 4267 3470 4323; x_wconf 70' lang='lat' dir='ltr'><strong>cmlestis</strong></span> <span class='ocrx_word' id='word_1_582' title='bbox 3493 4274 3542 4322; x_wconf 92' lang='lat' dir='ltr'><strong>et</strong></span> <span class='ocrx_word' id='word_1_583' title='bbox 3561 4264 3712 4318; x_wconf 73' lang='lat' dir='ltr'><strong>divine</strong></span> 
     </span>
    </p>
   </div>
   <div class='ocr_carea' id='block_1_82' title="bbox 2197 4358 3712 4430">
    <p class='ocr_par' dir='ltr' id='par_1_82' title="bbox 2197 4358 3712 4430">
     <span class='ocr_line' id='line_1_82' title="bbox 2197 4358 3712 4430; baseline -0.004 -15"><span class='ocrx_word' id='word_1_584' title='bbox 2197 4359 2559 4428; x_wconf 86' lang='lat' dir='ltr'><strong>potissimum,</strong></span> <span class='ocrx_word' id='word_1_585' title='bbox 2611 4358 2759 4430; x_wconf 84' lang='lat' dir='ltr'><strong>gazis</strong></span> <span class='ocrx_word' id='word_1_586' title='bbox 2805 4358 3041 4428; x_wconf 86' lang='lat' dir='ltr'><strong>referta,</strong></span> <span class='ocrx_word' id='word_1_587' title='bbox 3080 4369 3136 4415; x_wconf 90' lang='lat' dir='ltr'><strong>et</strong></span> <span class='ocrx_word' id='word_1_588' title='bbox 3164 4380 3183 4413; x_wconf 80' lang='grc' dir='ltr'><strong>ι</strong></span> <span class='ocrx_word' id='word_1_589' title='bbox 3222 4361 3437 4416; x_wconf 88' lang='lat' dir='ltr'><strong>linenda</strong></span> <span class='ocrx_word' id='word_1_590' title='bbox 3480 4358 3645 4416; x_wconf 80' lang='lat' dir='ltr'><strong>cedro,</strong></span> <span class='ocrx_word' id='word_1_591' title='bbox 3674 4361 3712 4403; x_wconf 78' lang='lat' dir='ltr'><strong>et</strong></span> 
     </span>
    </p>
   </div>
   <div class='ocr_carea' id='block_1_83' title="bbox 2198 4442 3711 4522">
    <p class='ocr_par' dir='ltr' id='par_1_83' title="bbox 2198 4442 3711 4522">
     <span class='ocr_line' id='line_1_83' title="bbox 2198 4442 3711 4522; baseline 0.003 -17"><span class='ocrx_word' id='word_1_592' title='bbox 2198 4450 2343 4505; x_wconf 92' lang='lat' dir='ltr'><strong>tenui</strong></span> <span class='ocrx_word' id='word_1_593' title='bbox 2394 4453 2655 4505; x_wconf 87' lang='lat' dir='ltr'><strong>servanda</strong></span> <span class='ocrx_word' id='word_1_594' title='bbox 2707 4465 2984 4520; x_wconf 87' lang='lat' dir='ltr'><strong>cupresso,</strong></span> <span class='ocrx_word' id='word_1_595' title='bbox 3019 4470 3039 4502; x_wconf 70' lang='grc' dir='ltr'><strong>ι</strong></span> <span class='ocrx_word' id='word_1_596' title='bbox 3068 4453 3288 4520; x_wconf 90' lang='lat' dir='ltr'><strong>arculis,</strong></span> <span class='ocrx_word' id='word_1_597' title='bbox 3333 4448 3624 4522; x_wconf 69' lang='grc' dir='ltr'><strong>κειμηλίοις.</strong></span> <span class='ocrx_word' id='word_1_598' title='bbox 3652 4442 3711 4495; x_wconf 67' lang='lat' dir='ltr'><strong>bi‘</strong></span> 
     </span>
    </p>
   </div>
   <div class='ocr_carea' id='block_1_84' title="bbox 2196 4538 3711 4616">
    <p class='ocr_par' dir='ltr' id='par_1_84' title="bbox 2196 4538 3711 4616">
     <span class='ocr_line' id='line_1_84' title="bbox 2196 4538 3711 4616; baseline -0.009 -17"><span class='ocrx_word' id='word_1_599' title='bbox 2196 4544 2501 4609; x_wconf 87' lang='lat' dir='ltr'><strong>bliothecis,</strong></span> <span class='ocrx_word' id='word_1_600' title='bbox 2523 4559 2552 4597; x_wconf 89' lang='lat' dir='ltr'><strong>a</strong></span> <span class='ocrx_word' id='word_1_601' title='bbox 2583 4543 2930 4614; x_wconf 84' lang='lat' dir='ltr'><strong>pontificibus</strong></span> <span class='ocrx_word' id='word_1_602' title='bbox 2954 4560 3020 4600; x_wconf 91' lang='lat' dir='ltr'><strong>ac</strong></span> <span class='ocrx_word' id='word_1_603' title='bbox 3052 4545 3383 4616; x_wconf 89' lang='lat' dir='ltr'><strong>principibus</strong></span> <span class='ocrx_word' id='word_1_604' title='bbox 3406 4544 3591 4598; x_wconf 79' lang='lat' dir='ltr'><strong>litteras</strong></span> <span class='ocrx_word' id='word_1_605' title='bbox 3609 4538 3711 4590; x_wconf 83' lang='lat' dir='ltr'><strong>litte-</strong></span> 
     </span>
    </p>
   </div>
   <div class='ocr_carea' id='block_1_85' title="bbox 2196 4630 3713 4709">
    <p class='ocr_par' dir='ltr' id='par_1_85' title="bbox 2196 4630 3713 4709">
     <span class='ocr_line' id='line_1_85' title="bbox 2196 4630 3713 4709; baseline -0.007 -16"><span class='ocrx_word' id='word_1_606' title='bbox 2196 4648 2452 4707; x_wconf 87' lang='lat' dir='ltr'><strong>ratosque</strong></span> <span class='ocrx_word' id='word_1_607' title='bbox 2484 4635 2795 4692; x_wconf 87' lang='lat' dir='ltr'><strong>amantibus</strong></span> <span class='ocrx_word' id='word_1_608' title='bbox 2824 4646 2879 4691; x_wconf 92' lang='lat' dir='ltr'><strong>et</strong></span> <span class='ocrx_word' id='word_1_609' title='bbox 2908 4638 3108 4707; x_wconf 89' lang='lat' dir='ltr'><strong>pietate</strong></span> <span class='ocrx_word' id='word_1_610' title='bbox 3132 4639 3450 4709; x_wconf 85' lang='lat' dir='ltr'><strong>insignibus,</strong></span> <span class='ocrx_word' id='word_1_611' title='bbox 3486 4630 3713 4703; x_wconf 79' lang='lat' dir='ltr'><strong>magnifice</strong></span> 
     </span>
    </p>
   </div>
   <div class='ocr_carea' id='block_1_86' title="bbox 2196 4733 3711 4801">
    <p class='ocr_par' dir='ltr' id='par_1_86' title="bbox 2196 4733 3711 4801">
     <span class='ocr_line' id='line_1_86' title="bbox 2196 4733 3711 4801; baseline -0.009 -14"><span class='ocrx_word' id='word_1_612' title='bbox 2196 4733 2439 4794; x_wconf 79' lang='lat' dir='ltr'><strong>structis,</strong></span> <span class='ocrx_word' id='word_1_613' title='bbox 2479 4746 2673 4801; x_wconf 89' lang='lat' dir='ltr'><strong>magna</strong></span> <span class='ocrx_word' id='word_1_614' title='bbox 2708 4746 2773 4784; x_wconf 80' lang='lat' dir='ltr'><strong>ex</strong></span> <span class='ocrx_word' id='word_1_615' title='bbox 2806 4740 2959 4798; x_wconf 90' lang='lat' dir='ltr'><strong>parte</strong></span> <span class='ocrx_word' id='word_1_616' title='bbox 3009 4740 3162 4786; x_wconf 88' lang='lat' dir='ltr'><strong>sarta</strong></span> <span class='ocrx_word' id='word_1_617' title='bbox 3207 4740 3350 4787; x_wconf 89' lang='lat' dir='ltr'><strong>tecta</strong></span> <span class='ocrx_word' id='word_1_618' title='bbox 3392 4738 3510 4786; x_wconf 90' lang='lat' dir='ltr'><strong>sunt</strong></span> <span class='ocrx_word' id='word_1_619' title='bbox 3540 4734 3711 4779; x_wconf 85' lang='lat' dir='ltr'><strong>conser-</strong></span> 
     </span>
    </p>
   </div>
   <div class='ocr_carea' id='block_1_87' title="bbox 2196 4821 3711 4893">
    <p class='ocr_par' dir='ltr' id='par_1_87' title="bbox 2196 4821 3711 4893">
     <span class='ocr_line' id='line_1_87' title="bbox 2196 4821 3711 4893; baseline -0.005 -17"><span class='ocrx_word' id='word_1_620' title='bbox 2196 4833 2318 4877; x_wconf 88' lang='lat' dir='ltr'><strong>vata</strong></span> <span class='ocrx_word' id='word_1_621' title='bbox 2351 4833 2441 4878; x_wconf 87' lang='lat' dir='ltr'><strong>:et</strong></span> <span class='ocrx_word' id='word_1_622' title='bbox 2464 4821 2858 4893; x_wconf 69' lang='lat' dir='ltr'><strong>typographica:</strong></span> <span class='ocrx_word' id='word_1_623' title='bbox 2890 4823 3106 4877; x_wconf 90' lang='lat' dir='ltr'><strong>demum</strong></span> <span class='ocrx_word' id='word_1_624' title='bbox 3131 4824 3267 4877; x_wconf 89' lang='lat' dir='ltr'><strong>artis</strong></span> <span class='ocrx_word' id='word_1_625' title='bbox 3297 4823 3541 4877; x_wconf 84' lang='lat' dir='ltr'><strong>libroruin</strong></span> <span class='ocrx_word' id='word_1_626' title='bbox 3559 4823 3711 4887; x_wconf 64' lang='lat' dir='ltr'><strong>proin-1</strong></span> 
     </span>
    </p>
   </div>
   <div class='ocr_carea' id='block_1_88' title="bbox 2196 4914 3711 4988">
    <p class='ocr_par' dir='ltr' id='par_1_88' title="bbox 2196 4914 3711 4988">
     <span class='ocr_line' id='line_1_88' title="bbox 2196 4914 3711 4988; baseline -0.008 -14"><span class='ocrx_word' id='word_1_627' title='bbox 2196 4918 2384 4974; x_wconf 68' lang='lat' dir='ltr'><strong>condar</strong></span> <span class='ocrx_word' id='word_1_628' title='bbox 2426 4915 2689 4971; x_wconf 86' lang='lat' dir='ltr'><strong>beneﬁcio</strong></span> <span class='ocrx_word' id='word_1_629' title='bbox 2715 4915 2785 4970; x_wconf 88' lang='lat' dir='ltr'><strong>ab</strong></span> <span class='ocrx_word' id='word_1_630' title='bbox 2817 4915 3016 4987; x_wconf 88' lang='lat' dir='ltr'><strong>injuria</strong></span> <span class='ocrx_word' id='word_1_631' title='bbox 3072 4918 3335 4988; x_wconf 90' lang='lat' dir='ltr'><strong>temporis</strong></span> <span class='ocrx_word' id='word_1_632' title='bbox 3384 4914 3711 4976; x_wconf 84' lang='lat' dir='ltr'><strong>hominumque</strong></span> 
     </span>
    </p>
   </div>
   <div class='ocr_carea' id='block_1_89' title="bbox 2196 5007 3113 5077">
    <p class='ocr_par' dir='ltr' id='par_1_89' title="bbox 2196 5007 3113 5077">
     <span class='ocr_line' id='line_1_89' title="bbox 2196 5007 3113 5077; baseline 0 -15"><span class='ocrx_word' id='word_1_633' title='bbox 2196 5009 2465 5064; x_wconf 77' lang='lat' dir='ltr'><strong>vindicata</strong></span> <span class='ocrx_word' id='word_1_634' title='bbox 2488 5007 2727 5077; x_wconf 86' lang='lat' dir='ltr'><strong>quotidie</strong></span> <span class='ocrx_word' id='word_1_635' title='bbox 2760 5009 3113 5063; x_wconf 87' lang='lat' dir='ltr'><strong>reviviscunt.</strong></span> 
     </span>
    </p>
   </div>
   <div class='ocr_carea' id='block_1_90' title="bbox 2268 5086 3711 5169">
    <p class='ocr_par' dir='ltr' id='par_1_90' title="bbox 2268 5086 3711 5169">
     <span class='ocr_line' id='line_1_90' title="bbox 2268 5086 3711 5169; baseline -0.007 -16"><span class='ocrx_word' id='word_1_636' title='bbox 2268 5096 2379 5153; x_wconf 85' lang='lat' dir='ltr'><strong>Nec</strong></span> <span class='ocrx_word' id='word_1_637' title='bbox 2435 5097 2615 5152; x_wconf 89' lang='lat' dir='ltr'><strong>minus</strong></span> <span class='ocrx_word' id='word_1_638' title='bbox 2657 5098 2818 5154; x_wconf 88' lang='lat' dir='ltr'><strong>hodie</strong></span> <span class='ocrx_word' id='word_1_639' title='bbox 2869 5098 2923 5154; x_wconf 92' lang='lat' dir='ltr'><strong>in</strong></span> <span class='ocrx_word' id='word_1_640' title='bbox 2958 5097 3153 5155; x_wconf 85' lang='lat' dir='ltr'><strong>Galliis</strong></span> <span class='ocrx_word' id='word_1_641' title='bbox 3193 5114 3356 5169; x_wconf 90' lang='lat' dir='ltr'><strong>quam</strong></span> <span class='ocrx_word' id='word_1_642' title='bbox 3395 5098 3447 5153; x_wconf 90' lang='lat' dir='ltr'><strong>in</strong></span> <span class='ocrx_word' id='word_1_643' title='bbox 3472 5094 3597 5150; x_wconf 75' lang='lat' dir='ltr'><strong>‘ullis</strong></span> <span class='ocrx_word' id='word_1_644' title='bbox 3624 5086 3711 5143; x_wconf 81' lang='lat' dir='ltr'><strong>aliis</strong></span> 
     </span>
    </p>
   </div>
   <div class='ocr_carea' id='block_1_91' title="bbox 2196 5182 3710 5261">
    <p class='ocr_par' dir='ltr' id='par_1_91' title="bbox 2196 5182 3710 5261">
     <span class='ocr_line' id='line_1_91' title="bbox 2196 5182 3710 5261; baseline -0.006 -15"><span class='ocrx_word' id='word_1_645' title='bbox 2196 5190 2493 5247; x_wconf 90' lang='lat' dir='ltr'><strong>Christiani</strong></span> <span class='ocrx_word' id='word_1_646' title='bbox 2531 5191 2746 5261; x_wconf 88' lang='lat' dir='ltr'><strong>imperii</strong></span> <span class='ocrx_word' id='word_1_647' title='bbox 2786 5189 2921 5256; x_wconf 89' lang='lat' dir='ltr'><strong>oris,</strong></span> <span class='ocrx_word' id='word_1_648' title='bbox 2972 5192 3087 5247; x_wconf 69' lang='lat' dir='ltr'><strong>haec</strong></span> <span class='ocrx_word' id='word_1_649' title='bbox 3134 5191 3411 5246; x_wconf 76' lang='lat' dir='ltr'><strong>litteraria:</strong></span> <span class='ocrx_word' id='word_1_650' title='bbox 3457 5182 3710 5256; x_wconf 69' lang='lat' dir='ltr'><strong>reipublicze</strong></span> 
     </span>
    </p>
   </div>
   <div class='ocr_carea' id='block_1_92' title="bbox 2199 5272 3711 5355">
    <p class='ocr_par' dir='ltr' id='par_1_92' title="bbox 2199 5272 3711 5355">
     <span class='ocr_line' id='line_1_92' title="bbox 2199 5272 3711 5355; baseline -0.01 -18"><span class='ocrx_word' id='word_1_651' title='bbox 2199 5299 2328 5337; x_wconf 88' lang='lat' dir='ltr'><strong>cura</strong></span> <span class='ocrx_word' id='word_1_652' title='bbox 2361 5292 2414 5338; x_wconf 97' lang='lat' dir='ltr'><strong>et</strong></span> <span class='ocrx_word' id='word_1_653' title='bbox 2437 5284 2605 5353; x_wconf 89' lang='lat' dir='ltr'><strong>gloria</strong></span> <span class='ocrx_word' id='word_1_654' title='bbox 2623 5284 2767 5355; x_wconf 91' lang='lat' dir='ltr'><strong>viget</strong></span> <span class='ocrx_word' id='word_1_655' title='bbox 2788 5301 2803 5351; x_wconf 92' lang='lat'><strong>;</strong></span> <span class='ocrx_word' id='word_1_656' title='bbox 2827 5284 2929 5339; x_wconf 92' lang='lat' dir='ltr'><strong>sub</strong></span> <span class='ocrx_word' id='word_1_657' title='bbox 2958 5281 3195 5340; x_wconf 88' lang='lat' dir='ltr'><strong>Henrico</strong></span> <span class='ocrx_word' id='word_1_658' title='bbox 3222 5284 3312 5347; x_wconf 84' lang='lat' dir='ltr'><strong>1V,</strong></span> <span class='ocrx_word' id='word_1_659' title='bbox 3344 5296 3463 5353; x_wconf 89' lang='lat' dir='ltr'><strong>rege</strong></span> <span class='ocrx_word' id='word_1_660' title='bbox 3500 5272 3711 5334; x_wconf 81' lang='lat' dir='ltr'><strong>Christia-</strong></span> 
     </span>
    </p>
   </div>
   <div class='ocr_carea' id='block_1_93' title="bbox 513 5347 3709 5447">
    <p class='ocr_par' dir='ltr' id='par_1_93' title="bbox 513 5347 3709 5447">
     <span class='ocr_line' id='line_1_93' title="bbox 513 5347 3709 5447; baseline 0 -24"><span class='ocrx_word' id='word_1_661' title='bbox 513 5372 732 5443; x_wconf 88' lang='lat' dir='ltr'><strong>quidem</strong></span> <span class='ocrx_word' id='word_1_662' title='bbox 766 5372 863 5424; x_wconf 87' lang='lat' dir='ltr'><strong>hos</strong></span> <span class='ocrx_word' id='word_1_663' title='bbox 903 5371 1182 5425; x_wconf 88' lang='lat' dir='ltr'><strong>thesauros</strong></span> <span class='ocrx_word' id='word_1_664' title='bbox 1230 5370 1325 5440; x_wconf 88' lang='lat' dir='ltr'><strong>(ut</strong></span> <span class='ocrx_word' id='word_1_665' title='bbox 1375 5370 1554 5425; x_wconf 86' lang='lat' dir='ltr'><strong>aiebat</strong></span> <span class='ocrx_word' id='word_1_666' title='bbox 1606 5372 1869 5428; x_wconf 87' lang='lat' dir='ltr'><strong>Domitius</strong></span> <span class='ocrx_word' id='word_1_667' title='bbox 1931 5372 2090 5444; x_wconf 88' lang='lat' dir='ltr'><strong>Piso)</strong></span> <span class='ocrx_word' id='word_1_668' title='bbox 2124 5347 2170 5407; x_wconf 75' lang='grc' dir='ltr'><strong>θ</strong></span> <span class='ocrx_word' id='word_1_669' title='bbox 2201 5376 2428 5431; x_wconf 89' lang='lat' dir='ltr'><strong>nissimo</strong></span> <span class='ocrx_word' id='word_1_670' title='bbox 2480 5377 3050 5447; x_wconf 82' lang='lat' dir='ltr'><strong>clementissimoque,</strong></span> <span class='ocrx_word' id='word_1_671' title='bbox 3089 5386 3149 5432; x_wconf 90' lang='lat' dir='ltr'><strong>ut</strong></span> <span class='ocrx_word' id='word_1_672' title='bbox 3195 5378 3362 5431; x_wconf 89' lang='lat' dir='ltr'><strong>armis</strong></span> <span class='ocrx_word' id='word_1_673' title='bbox 3414 5374 3610 5433; x_wconf 86' lang='lat' dir='ltr'><strong>invicto,</strong></span> <span class='ocrx_word' id='word_1_674' title='bbox 3658 5365 3709 5416; x_wconf 66' lang='lat' dir='ltr'><strong>ila</strong></span> 
     </span>
    </p>
   </div>
   <div class='ocr_carea' id='block_1_94' title="bbox 517 5462 2092 5537">
    <p class='ocr_par' dir='ltr' id='par_1_94' title="bbox 517 5462 2092 5537">
     <span class='ocr_line' id='line_1_94' title="bbox 517 5462 2092 5537; baseline 0.004 -20"><span class='ocrx_word' id='word_1_675' title='bbox 517 5478 742 5518; x_wconf 87' lang='lat' dir='ltr'><strong>censere</strong></span> <span class='ocrx_word' id='word_1_676' title='bbox 773 5472 1005 5530; x_wconf 88' lang='lat' dir='ltr'><strong>oportet,</strong></span> <span class='ocrx_word' id='word_1_677' title='bbox 1034 5478 1141 5517; x_wconf 91' lang='lat' dir='ltr'><strong>non</strong></span> <span class='ocrx_word' id='word_1_678' title='bbox 1185 5462 1371 5519; x_wconf 84' lang='lat' dir='ltr'><strong>libros.</strong></span> <span class='ocrx_word' id='word_1_679' title='bbox 1410 5462 1617 5518; x_wconf 89' lang='lat' dir='ltr'><strong>Idcirco</strong></span> <span class='ocrx_word' id='word_1_680' title='bbox 1645 5464 1705 5519; x_wconf 92' lang='lat' dir='ltr'><strong>D.</strong></span> <span class='ocrx_word' id='word_1_681' title='bbox 1732 5464 2092 5537; x_wconf 86' lang='lat' dir='ltr'><strong>Hieronymus</strong></span> 
     </span>
    </p>
   </div>
   <div class='ocr_carea' id='block_1_95' title="bbox 520 5554 2091 5623">
    <p class='ocr_par' dir='ltr' id='par_1_95' title="bbox 520 5554 2091 5623">
     <span class='ocr_line' id='line_1_95' title="bbox 520 5554 2091 5623; baseline 0.004 -15"><span class='ocrx_word' id='word_1_682' title='bbox 520 5554 771 5608; x_wconf 58' lang='lat' dir='ltr'><strong>Ecclesiae</strong></span> <span class='ocrx_word' id='word_1_683' title='bbox 812 5554 1067 5609; x_wconf 66' lang='lat' dir='ltr'><strong>Romanis</strong></span> <span class='ocrx_word' id='word_1_684' title='bbox 1113 5558 1394 5609; x_wconf 84' lang='lat' dir='ltr'><strong>doctorum</strong></span> <span class='ocrx_word' id='word_1_685' title='bbox 1449 5555 1858 5623; x_wconf 84' lang='lat' dir='ltr'><strong>celeberrimus,</strong></span> <span class='ocrx_word' id='word_1_686' title='bbox 1918 5560 2091 5615; x_wconf 85' lang='lat' dir='ltr'><strong>eccle-</strong></span> 
     </span>
    </p>
   </div>
   <div class='ocr_carea' id='block_1_96' title="bbox 519 5645 2093 5722">
    <p class='ocr_par' dir='ltr' id='par_1_96' title="bbox 519 5645 2093 5722">
     <span class='ocr_line' id='line_1_96' title="bbox 519 5645 2093 5722; baseline 0.004 -22"><span class='ocrx_word' id='word_1_687' title='bbox 519 5645 765 5700; x_wconf 78' lang='lat' dir='ltr'><strong>siasricos</strong></span> <span class='ocrx_word' id='word_1_688' title='bbox 791 5651 1088 5715; x_wconf 82' lang='lat' dir='ltr'><strong>scriptores</strong></span> <span class='ocrx_word' id='word_1_689' title='bbox 1128 5648 1181 5702; x_wconf 89' lang='lat' dir='ltr'><strong>in</strong></span> <span class='ocrx_word' id='word_1_690' title='bbox 1212 5648 1457 5702; x_wconf 91' lang='lat' dir='ltr'><strong>ordinem</strong></span> <span class='ocrx_word' id='word_1_691' title='bbox 1496 5650 1764 5718; x_wconf 80' lang='lat' dir='ltr'><strong>digerere,</strong></span> <span class='ocrx_word' id='word_1_692' title='bbox 1796 5666 2093 5722; x_wconf 85' lang='lat' dir='ltr'><strong>eorumque</strong></span> 
     </span>
    </p>
   </div>
   <div class='ocr_carea' id='block_1_97' title="bbox 517 5737 2095 5811">
    <p class='ocr_par' dir='ltr' id='par_1_97' title="bbox 517 5737 2095 5811">
     <span class='ocr_line' id='line_1_97' title="bbox 517 5737 2095 5811; baseline 0.004 -18"><span class='ocrx_word' id='word_1_693' title='bbox 517 5737 821 5808; x_wconf 83' lang='lat' dir='ltr'><strong>catalogum</strong></span> <span class='ocrx_word' id='word_1_694' title='bbox 853 5750 1058 5809; x_wconf 76' lang='lat' dir='ltr'><strong>texere,</strong></span> <span class='ocrx_word' id='word_1_695' title='bbox 1087 5740 1269 5797; x_wconf 77' lang='lat' dir='ltr'><strong>Dextri</strong></span> <span class='ocrx_word' id='word_1_696' title='bbox 1294 5741 1548 5811; x_wconf 78' lang='lat' dir='ltr'><strong>praetorio</strong></span> <span class='ocrx_word' id='word_1_697' title='bbox 1582 5741 1820 5811; x_wconf 70' lang='lat' dir='ltr'><strong>prarfecti</strong></span> <span class='ocrx_word' id='word_1_698' title='bbox 1843 5744 2095 5801; x_wconf 87' lang='lat' dir='ltr'><strong>cohorta-</strong></span> 
     </span>
    </p>
   </div>
   <div class='ocr_carea' id='block_1_98' title="bbox 2197 5455 3712 5539">
    <p class='ocr_par' dir='ltr' id='par_1_98' title="bbox 2197 5455 3712 5539">
     <span class='ocr_line' id='line_1_98' title="bbox 2197 5455 3712 5539; baseline -0.011 -17"><span class='ocrx_word' id='word_1_699' title='bbox 2197 5469 2350 5538; x_wconf 89' lang='lat' dir='ltr'><strong>pacis</strong></span> <span class='ocrx_word' id='word_1_700' title='bbox 2374 5470 2570 5522; x_wconf 88' lang='lat' dir='ltr'><strong>artium</strong></span> <span class='ocrx_word' id='word_1_701' title='bbox 2606 5471 3007 5535; x_wconf 81' lang='lat' dir='ltr'><strong>amantissimo,</strong></span> <span class='ocrx_word' id='word_1_702' title='bbox 3035 5470 3191 5539; x_wconf 90' lang='lat' dir='ltr'><strong>cujus</strong></span> <span class='ocrx_word' id='word_1_703' title='bbox 3239 5469 3480 5524; x_wconf 87' lang='lat' dir='ltr'><strong>felicibus</strong></span> <span class='ocrx_word' id='word_1_704' title='bbox 3508 5455 3712 5529; x_wconf 84' lang='lat' dir='ltr'><strong>auspiciis</strong></span> 
     </span>
    </p>
   </div>
   <div class='ocr_carea' id='block_1_99' title="bbox 2196 5553 3712 5635">
    <p class='ocr_par' dir='ltr' id='par_1_99' title="bbox 2196 5553 3712 5635">
     <span class='ocr_line' id='line_1_99' title="bbox 2196 5553 3712 5635; baseline -0.009 -21"><span class='ocrx_word' id='word_1_705' title='bbox 2196 5561 2631 5616; x_wconf 89' lang='lat' dir='ltr'><strong>revereudissimi</strong></span> <span class='ocrx_word' id='word_1_706' title='bbox 2662 5562 2850 5617; x_wconf 76' lang='lat' dir='ltr'><strong>Gallia:</strong></span> <span class='ocrx_word' id='word_1_707' title='bbox 2898 5565 3161 5635; x_wconf 86' lang='lat' dir='ltr'><strong>episcopi,</strong></span> <span class='ocrx_word' id='word_1_708' title='bbox 3191 5564 3473 5625; x_wconf 90' lang='lat' dir='ltr'><strong>antistites,</strong></span> <span class='ocrx_word' id='word_1_709' title='bbox 3500 5568 3547 5612; x_wconf 90' lang='lat' dir='ltr'><strong>ct</strong></span> <span class='ocrx_word' id='word_1_710' title='bbox 3575 5553 3712 5608; x_wconf 82' lang='lat' dir='ltr'><strong>clerus</strong></span> 
     </span>
    </p>
   </div>
   <div class='ocr_carea' id='block_1_100' title="bbox 2199 5642 3711 5722">
    <p class='ocr_par' dir='ltr' id='par_1_100' title="bbox 2199 5642 3711 5722">
     <span class='ocr_line' id='line_1_100' title="bbox 2199 5642 3711 5722; baseline -0.012 -15"><span class='ocrx_word' id='word_1_711' title='bbox 2199 5652 2441 5707; x_wconf 76' lang='lat' dir='ltr'><strong>Francia:</strong></span> <span class='ocrx_word' id='word_1_712' title='bbox 2480 5656 2650 5721; x_wconf 88' lang='lat' dir='ltr'><strong>regni,</strong></span> <span class='ocrx_word' id='word_1_713' title='bbox 2693 5671 2802 5709; x_wconf 91' lang='lat' dir='ltr'><strong>uno</strong></span> <span class='ocrx_word' id='word_1_714' title='bbox 2827 5671 3118 5722; x_wconf 83' lang='lat' dir='ltr'><strong>consensu,</strong></span> <span class='ocrx_word' id='word_1_715' title='bbox 3162 5672 3371 5711; x_wconf 89' lang='lat' dir='ltr'><strong>summo</strong></span> <span class='ocrx_word' id='word_1_716' title='bbox 3416 5651 3594 5708; x_wconf 89' lang='lat' dir='ltr'><strong>studio,</strong></span> <span class='ocrx_word' id='word_1_717' title='bbox 3622 5642 3711 5695; x_wconf 85' lang='lat' dir='ltr'><strong>sin-</strong></span> 
     </span>
    </p>
   </div>
   <div class='ocr_carea' id='block_1_101' title="bbox 2202 5742 3711 5820">
    <p class='ocr_par' dir='ltr' id='par_1_101' title="bbox 2202 5742 3711 5820">
     <span class='ocr_line' id='line_1_101' title="bbox 2202 5742 3711 5820; baseline -0.002 -19"><span class='ocrx_word' id='word_1_718' title='bbox 2202 5743 2373 5815; x_wconf 84' lang='lat' dir='ltr'><strong>gulari</strong></span> <span class='ocrx_word' id='word_1_719' title='bbox 2404 5747 2742 5819; x_wconf 83' lang='lat' dir='ltr'><strong>benignitate</strong></span> <span class='ocrx_word' id='word_1_720' title='bbox 2780 5765 2844 5806; x_wconf 88' lang='lat' dir='ltr'><strong>ac</strong></span> <span class='ocrx_word' id='word_1_721' title='bbox 2873 5750 3217 5819; x_wconf 87' lang='lat' dir='ltr'><strong>liberalitate,</strong></span> <span class='ocrx_word' id='word_1_722' title='bbox 3265 5748 3513 5820; x_wconf 82' lang='lat' dir='ltr'><strong>optimam</strong></span> <span class='ocrx_word' id='word_1_723' title='bbox 3538 5742 3711 5810; x_wconf 65' lang='lat' dir='ltr'><strong>operam</strong></span> 
     </span>
    </p>
   </div>
  </div>
