3832 6394
154 336 228 402 sal

1218 302 1371 359 ΓΕΒ.
1414 300 1715 361 MORELLI
1754 298 2143 358 PROCEMIA.‘

3198 302 3298 357 ὅδὲ]

152 456 193 515 ιη
232 449 313 504 ωε
347 434 524 508 optima
568 442 623 480 re
656 423 1024 485 collocarunt,
1084 427 1141 474 ut
1197 418 1270 489 pii
1312 420 1704 515 probatiqueA
1735 413 2133 515 iannctitate
2169 412 2398 515 ’I‘uaAtot
2424 413 2724 515 clarissima
2754 416 3010 515 virtutum
3061 418 3300 473 omnium

152 507 572 603 utriusquelingua-
594 512 914 581 scriptorum
934 516 1182 565 auctores
1201 508 1410 573 sedulo,
1437 507 1630 574 nitide,

148 634 271 691 culte,
304 602 639 681 eaStigateque
664 604 801 673 typis
822 602 1240 674 elegantioribus
1297 602 1627 666 ederentur;

147 730 268 787 ,ιαιιο
310 712 395 763 hoc
434 697 895 772 praeclarissimum
946 704 1181 761 coeptum
1216 702 1271 747 et
1300 695 1630 787 institutum

143 782 272 877 usque
318 797 435 852 adeo
472 788 747 860 processit,
803 794 861 839 ut
904 800 967 839 ex
1035 784 1433 877 typographica-
1453 782 1635 877 radice

143 872 277 959 imbre
302 899 448 944 aureo
481 880 695 950 irrigata
733 878 1056 947 optimorum
1108 874 1352 929 codicum
1414 872 1635 942 διγλώτ-

138 1006 235 1051 των,
262 975 546 1036 densissima
579 970 710 1025 silva
742 967 1005 1038 pullulare
1032 966 1270 1035 incipiat.

191 1076 238 1132 lu
266 1073 336 1129 his
365 1080 481 1121 vero
511 1061 622 1117 fere
646 1060 942 1129 principem
969 1057 1143 1111 locum
1188 1063 1371 1111 tenent
1419 1054 1635 1109 absolu-

141 1169 304 1227 tissima
327 1159 505 1227 scripta
552 1152 693 1207 beati
741 1149 986 1220 Gregorii
1035 1148 1363 1202 Nazianzeni
1423 1148 1635 1202 theolo-

139 1274 285 1337 gorum
334 1245 609 1306 Orientalis
666 1244 919 1299 Ecclesiae
951 1240 1413 1313 κορυφαιοτάτου,
1474 1254 1632 1307 quem

138 1332 185 1413 ί).
210 1354 526 1415 Hieronymus
557 1346 943 1408 praeceptorem
973 1351 1129 1389 suum
1164 1334 1338 1387 virum
1372 1332 1634 1400 eloquen-

138 1444 351 1504 tissimum
384 1432 654 1504 praedicat,
693 1443 863 1498 eoque
894 1428 1192 1495 scripturas
1223 1424 1545 1492 explanante
1575 1438 1634 1478 se

136 1536 337 1594 didicisse
360 1525 656 1582 confitetur.
686 1521 809 1576 llaec
827 1530 1055 1590 utraque
1083 1521 1263 1588 lingua
1294 1518 1472 1586 Iiegiis
1499 1517 1636 1586 typis

136 1620 295 1680 amcis
321 1628 449 1671 nunc
471 1620 724 1666 accurate
741 1611 915 1679 quoad
964 1610 1081 1678 ejus
1113 1608 1233 1663 fieri
1270 1608 1441 1676 potuit
1470 1608 1636 1671 edita,

136 1709 382 1783 etquodam
405 1707 560 1761 etiam
584 1702 929 1772 epistularum
949 1702 1206 1755 hactenus
1240 1717 1343 1755 non
1373 1700 1636 1755 editurum

1739 508 1910 564 sidera
1940 504 2307 575 conspiceret?
2334 503 2446 559 Hoc
2472 516 2620 561 certe
2650 507 2702 560 in
2732 508 2867 560 votis
2899 507 3063 562 fuisse
3095 519 3300 564 constat

1739 598 2089 655 nobilissimis
2135 591 2280 650 illius
2332 596 2635 667 μακαρίτου
2696 601 3131 667 consanguineis,
3164 601 3305 655 inter

1739 706 1874 761 quos
1930 690 2135 759 pietate
2174 696 2337 756 atque
2366 688 2667 742 eruditione
2699 703 2802 742 non
2853 690 3059 761 vulgari
3107 692 3300 746 eminet

1740 781 2221 836 reverendissimus
2252 778 2533 848 episc0pus
2564 788 2615 833 et
2643 779 2744 832 dux
2775 779 3174 849 Laudunensis,
3210 798 3305 851 par

1739 872 2004 936 Francius,
2040 872 2225 927 Jacobi
2263 870 2430 926 frater
2455 872 2933 942 αὐτοκασίγνητος.

1814 965 2075 1033 Equidem
2124 964 2196 1017 ita
2248 962 2347 1016 feci
2383 978 2445 1016 ac
2484 962 2695 1028 lubens,
2750 973 2808 1016 ut
2854 974 2933 1019 tot
2965 967 3208 1021 doctrina
3241 983 3305 1023 ac

1740 1057 2007 1128 probitate
2042 1055 2329 1123 insignium
2366 1055 2607 1108 virormn
2660 1071 2955 1123 consensu,
3009 1060 3307 1114 antisxitent

1744 1152 1885 1206 hunc
1916 1160 1971 1204 et
2008 1148 2243 1205 Orientis
2288 1148 2656 1219 theologorum
2706 1150 2873 1203 solem
2913 1152 3079 1205 radiis
3115 1154 3308 1209 nativis

1743 1240 1905 1296 Attici
1959 1240 2153 1309 leporis
2187 1249 2241 1294 et
2282 1240 2532 1295 ascititiis
2563 1240 2793 1295 Romani
2847 1242 2922 1295 tui
2963 1244 3307 1315 pontificatus

1746 1342 1984 1401 tempora
2039 1331 2306 1385 illustrare
2353 1330 2694 1400 gaudentem,
2731 1330 3015 1386 Sanctitati
3050 1332 3179 1387 Tum
3235 1342 3308 1389 tot

1743 1424 2078 1479 heroicarum
2121 1424 2528 1493 cmlcstiumque
2573 1426 2863 1493 gratiarum
2895 1422 3187 1482 luminibus
3218 1446 3310 1481 uno

1745 1517 1903 1585 dique
1943 1515 2163 1587 fulgenti
2207 1517 2440 1570 dicatum
2483 1517 2859 1585 producerem.
2898 1517 3008 1573 Nec
3043 1535 3172 1573 vero
3213 1521 3311 1572 du-

1745 1606 1917 1660 bitare
1942 1608 2019 1659 fas
2048 1617 2151 1671 est,
2188 1608 2495 1661 beatissime
2526 1608 2704 1674 Pater,
2739 1609 2868 1677 quin
2899 1608 3109 1677 placido
3141 1610 3315 1672 vultu,

1747 1714 1852 1767 quo
1908 1698 2275 1753 Christianum
2327 1698 2551 1763 orbem,
2607 1707 2958 1769 tempestates
3017 1699 3311 1766 Ecclesiae,

135 1800 367 1863 corollario
399 1812 427 1851 a
458 1793 615 1849 nobis
640 1793 930 1856 cumulata,
965 1793 1249 1862 cujusnam
1311 1794 1639 1862 augustioris
1672 1798 1713 1853 Β
1745 1787 2043 1856 coelumque
2094 1802 2336 1850 serenas,
2389 1789 2531 1842 hunc
2563 1798 3000 1859 mystagogorum
3054 1790 3313 1861 Hyperio-

134 1892 322 1955 nomiuis
350 1888 540 1943 tutiore
569 1886 817 1955 prasidio
846 1884 1048 1939 munita
1075 1885 1352 1953 prodirent
1374 1884 1427 1937 in
1461 1883 1637 1952 publi:

132 2002 244 2049 cum,
274 1996 417 2051 quam
450 1992 568 2043 tuo,
597 1978 758 2033 Pater
788 1977 1149 2039 sanctissime,
1176 1992 1282 2046 quo
1315 1992 1419 2030 uno
1453 1975 1641 2030 Eccle-

131 2077 205 2132 sia:
223 2069 475 2128 militantis
496 2068 644 2122 acies
676 2067 987 2121 recreatur?

183 2163 341 2217 Nonne
372 2157 848 2213 reverendissimus
892 2156 1075 2211 Sancti
1126 2156 1406 2211 Michaelis
1454 2169 1645 2211 coeno-

134 2255 309 2314 biarcha
336 2251 562 2307 Iacobus
591 2249 799 2311 Billius,
846 2263 875 2302 a
908 2262 1015 2317 quo
1059 2249 1364 2317 pererudito
1398 2263 1460 2301 ac
1503 2248 1645 2301 fideli

132 2350 375 2413 interprete
426 2342 670 2412 ejusdem
727 2340 971 2410 Gregorii
1027 2338 1353 2392 Nazianzeni
1408 2339 1642 2408 scripta,

131 2436 319 2506 primum
349 2431 638 2485 Latinitate
664 2431 882 2494 donata,
936 2441 988 2485 et
1013 2430 1272 2499 Gregorio
1302 2427 1439 2495 XIII,
1471 2430 1647 2497 ponti-

130 2525 419 2584 liciIlaximo
445 2524 692 2579 dedicata
721 2522 956 2588 fuerant,
991 2522 1036 2577 si
1064 2523 1239 2587 hodie,
1280 2522 1491 2577 volente
1520 2524 1648 2587 Deo,

131 2620 183 2673 ad
218 2619 339 2672 hanc
382 2615 549 2669 vitam
594 2624 958 2679 revocaretur,
990 2614 1131 2669 ultro
1187 2613 1649 2682 libentissimeque

130 2710 383 2765 versionem
415 2708 816 2777 editionemque
857 2705 1245 2777 Gregorianam
1270 2704 1641 2762 Graeco-Lati-

130 2814 227 2856 nam
252 2801 409 2856 eidem
430 2798 748 2855 felicissimo
774 2796 982 2851 Nemini
1018 2808 1109 2852 tuo
1128 2806 1498 2862 consecraret,
1523 2812 1648 2852 cum

1742 1894 1862 1932 nem
1916 1878 1967 1931 in
2020 1878 2396 1947 augustissima
2435 1880 2495 1932 D.
2555 1878 2698 1933 Petri
2754 1880 3024 1934 cathedra:
3078 1882 3313 1934 sacraria

1739 1968 1969 2038 benigne
2002 1969 2349 2032 intromittas,
2377 1970 2922 2039 acceptissimumque
2947 1970 3170 2025 habeas.
3206 1970 3315 2026 llos

1740 2070 1900 2129 prout
1927 2060 2079 2115 nobis
2108 2061 2582 2127 persuasissimum
2616 2072 2719 2125 est,
2760 2062 2839 2116 sic
2870 2076 2967 2117 nos
3009 2062 3150 2116 Deus
3181 2064 3311 2117 bene

1742 2161 1909 2211 amet,
1941 2162 1996 2203 ut
2029 2153 2301 2207 Sanctitas
2337 2150 2449 2205 Tua
2507 2153 2647 2207 votis
2694 2154 2809 2207 suis
2839 2153 3054 2219 divinis,
3091 2164 3313 2207 cunctus

1744 2252 1922 2297 autem
1959 2243 2171 2313 piorum
2204 2254 2377 2298 coetus
2402 2254 2455 2300 te
2492 2247 2696 2315 optimo
2740 2246 2975 2299 maxime
3005 2260 3102 2298 suo
3135 2244 3315 2313 ponti-

1746 2337 1845 2392 fice
1884 2338 2074 2406 perdiu
2130 2337 2387 2407 potiatur.
2438 2336 2663 2392 Lutetia:
2706 2337 3039 2393 Parisiorum
3080 2354 3153 2391 xu
3197 2337 3311 2390 Kal.

1746 2427 1915 2499 April.
1950 2443 2137 2483 unum.

1891 2522 2019 2595 Ture
2059 2521 2413 2577 Beatitudiuis

2238 2613 2579 2672 Ilumillimus
2614 2630 2803 2673 servus
2837 2616 2970 2672 Fen.
3002 2617 3315 2686 Μοιειωε,

2393 2708 2619 2779 profess.
2652 2718 2707 2764 et
2736 2710 3000 2778 interpres
3030 2710 3231 2780 regius.

146 2953 3300 2982 ww

1270 3118 1415 3208 AD
1491 3120 2169 3237 LECTOBEM.

1229 3311 1334 3382 (Ex
1370 3313 1511 3368 Edit.
1546 3312 1732 3368 Morel.
1777 3312 1912 3370 1609
1945 3325 1997 3368 et
2021 3312 2203 3385 1650.)

178 3619 289 3682 Scio
311 3640 413 3698 quo
442 3630 637 3684 lendas
667 3635 721 3682 et
748 3641 1025 3697 properes,
1065 3627 1389 3684 suavissime
1427 3644 1607 3684 rerum
1640 3646 1655 3695 ;
1686 3634 1729 3692 ο
1762 3628 1999 3694 videtur,
2028 3626 2268 3683 collecta:
2288 3636 2415 3683 sunt
2437 3631 2602 3683 variae
2630 3627 2891 3684 lectiones
2922 3629 3191 3699 qua-dam,
3221 3645 3330 3687 non

122 3718 223 3787 quia
261 3732 373 3773 cras
411 3733 599 3773 serum
656 3727 740 3773 est
790 3733 979 3788 sapere
1005 3728 1060 3773 et
1093 3720 1322 3782 discere,
1355 3718 1564 3774 discere
1603 3729 1659 3775 et

124 3822 283 3876 sapere
312 3809 392 3865 vis
420 3809 606 3867 hodie.
640 3809 941 3877 Quominus
969 3820 1116 3866 certe
1148 3810 1199 3864 id
1250 3810 1443 3877 facias,
1477 3813 1531 3867 in
1574 3828 1659 3869 me

126 3912 249 3951 mora
285 3915 385 3956 non
407 3904 515 3957 erit
544 3902 673 3956 ulla.
700 3900 899 3958 Vaeuis
933 3913 987 3958 et
1011 3903 1276 3973 religiosis
1303 3905 1527 3959 auribus
1555 3907 1661 3962 tuis

126 3988 232 4045 dare
252 3994 376 4048 nihil
402 3996 683 4061 constitui,
711 4012 817 4066 quo
856 3995 1217 4051 offenduntur.
1247 3996 1303 4051 Si
1344 3998 1659 4068 patientiam

125 4084 359 4155 pauIiSper
370 4089 789 4144 accommodare
812 4103 918 4142 non
938 4090 1204 4158 piguerit,
1232 4090 1370 4145 forte
1393 4106 1458 4144 an
1483 4090 1661 4146 brevis

127 4172 255 4241 hujus
285 4180 552 4248 proloquii
602 4182 911 4237 meminisse
940 4183 1169 4252 juvabit.
1212 4183 1293 4238 Ad
1331 4184 1405 4237 tui
1451 4184 1661 4241 similes

124 4269 571 4342 φιλογρηγορίους,
606 4290 625 4322 ι
649 4274 861 4343 Quique
894 4275 976 4328 sui
1012 4276 1283 4330 memOres
1316 4275 1449 4331 alios
1482 4276 1662 4332 fecere

126 4361 367 4423 merendo,
406 4378 426 4411 ›
466 4369 521 4415 te
550 4376 704 4415 voco.
736 4361 828 4416 Sic
855 4363 1018 4431 igitur
1042 4364 1258 4419 habeto.

179 4445 295 4500 Cum
325 4465 521 4504 novam
551 4451 798 4523 Gregorii
843 4453 1174 4511 Nazianzeni
1209 4472 1429 4525 operum
1467 4458 1662 4513 editio-

125 4546 223 4586 nem
255 4546 481 4607 utraque
516 4540 695 4611 lingua
728 4545 947 4611 aggredi
985 4547 1339 4601 constitutum
1377 4547 1589 4613 fuisset,
1633 4564 1666 4604 θ

126 4637 171 4677 re
198 4625 305 4695 fuit,
331 4632 438 4686 imo
466 4647 651 4700 operae
669 4636 898 4703 pretium
930 4636 1148 4694 Graecos
1180 4640 1391 4694 codices
1426 4649 1667 4698 vetustos

125 4727 432 4783 comparare.
472 4722 586 4776 Hos
636 4724 793 4789 nobis
821 4728 1199 4793 augustissima
1225 4730 1367 4800 regis
1389 4730 1663 4786 Christia-

125 4802 301 4862 nissimi
338 4808 680 4867 BibliOtbeca
739 4816 1148 4885 suppeditavit;
1196 4830 1250 4874 et
1300 4821 1663 4891 amplissimus

122 4894 189 4946 vir
234 4896 458 4957 lacubus
511 4904 845 4974 Augustinus
872 4906 1145 4975 Thuanus,
1185 4919 1346 4967 curia:
1397 4928 1663 4982 supremae

1760 3719 1845 3775 inf
1848 3719 2112 3789 rugiferw.

1830 3815 1947 3871 Iam
1999 3830 2128 3871 vero
2182 3814 2471 3887 editionem
2527 3812 2773 3870 Graecam
2831 3812 3208 3870 Germanicam
3257 3816 3326 3870 ab

1757 3906 1949 3962 eodem
1974 3920 2249 3976 nunquam
2289 3905 2424 3961 satis
2458 3905 2675 3962 laudato
2708 3904 2866 3961 Billio
2892 3906 3179 3977 diligenter
3207 3921 3329 3961 cum

1763 3997 1943 4067 Regiis
1967 3997 2349 4065 manuscriptis
2390 3996 2663 4063 collatam,
2693 4004 2749 4051 et
2777 4010 2899 4051 cum
2933 3994 3203 4053 Medicaeis
3238 4013 3330 4051 re-

1762 4092 1901 4158 gime
1928 4090 2152 4157 matris;
2196 4091 2367 4160 iisque
2419 4104 2553 4161 quos
2589 4089 2987 4146 illustrissimus
3039 4092 3330 4146 cardinalis

1766 4181 1995 4236 Sirletus
2028 4196 2096 4236 ex
2150 4180 2298 4235 Italia
2345 4182 2587 4243 miserat,
2650 4181 2800 4254 ἱερὰν
2838 4182 3331 4255 παρακαταθήκην,

1763 4272 1908 4327 ultro
1931 4273 2085 4328 nobis
2114 4272 2549 4328 commodavitV.
2587 4272 2650 4328 C.
2686 4273 2883 4329 Paulus
2924 4274 3196 4340 Petavius,
3223 4274 3327 4329 Pa-

1764 4364 2012 4418 risiensis
2052 4366 2217 4419 curia:
2256 4378 2520 4433 suprema:
2561 4374 2782 4420 senator
2829 4364 3232 4437 integerrimus.
3275 4367 3329 4422 In

1764 4455 1879 4524 ejus
1930 4464 2108 4509 autem
2162 4454 2283 4508 libri
2338 4469 2431 4509 ora
2464 4456 2768 4526 marginali,
2816 4457 3092 4512 variantes
3116 4458 3329 4527 quidem

1767 4546 2049 4611 lectiones,
2085 4547 2426 4616 conjecturas
2462 4558 2517 4602 et
2550 4548 2959 4604 emendationes
2996 4550 3183 4605 Billius
3204 4565 3327 4619 ope-

1769 4653 1889 4693 rosa
1918 4637 2205 4694 sedulitate
2228 4639 2579 4694 adnotaverat
2610 4657 2624 4693 :
2658 4650 3031 4695 verumtamen
3058 4642 3326 4696 academi-

1771 4747 1888 4786 cam
1903 4732 2135 4803 ἐποχήν,
2153 4743 2314 4801 atque
2332 4733 2663 4788 assensionis
2676 4735 3034 4788 retentionem
3054 4744 3158 4789 tam
3179 4746 3327 4789 caute

1768 4832 2190 4894 constanterque
2225 4824 2577 4889 adhibuerat,
2606 4835 2665 4879 ut
2690 4841 2850 4895 quam
2876 4824 3019 4891 λέξιν
3054 4827 3147 4883 καὶ
3174 4826 3329 4896 ῥῆσιν

1772 4914 1939 4984 magis
1961 4914 2233 4983 probaret,
2255 4929 2417 4984 quam
2449 4914 2711 4982 rejiceret,
2744 4916 3037 4989 διαρῤήδην
3062 4932 3328 4985 nunquam

123 5002 315 5057 preses,
359 4998 793 5054 vetustissimum
841 5002 1163 5073 optimusque
1195 5018 1332 5060 nuta:
1355 5008 1660 5061 manuscri-
1701 5009 1746 5065 D
1770 5008 2116 5075 exprimeret.
2149 5006 2289 5071 Quid
2341 5006 2429 5061 hic
2471 5009 2774 5077 agas?An,
2812 5019 2870 5062 ut
2896 5008 3023 5063 olim
3047 5008 3270 5073 factum,
3305 5024 3329 5059 a

123 5092 246 5147 ptum
275 5102 304 5141 e
334 5089 565 5145 librario
616 5106 757 5160 penu
786 5108 884 5148 suo
916 5096 1261 5166 perbenigne,
1291 5112 1397 5166 quo
1431 5098 1482 5151 in
1510 5097 1662 5153 litte~

124 5185 198 5228 ras
226 5187 305 5232 est
337 5182 546 5249 animo,
582 5184 846 5238 exhibuit.
871 5185 1047 5240 Alium
1071 5189 1311 5243 codicem
1343 5204 1466 5243 cum
1498 5190 1663 5245 variis

125 5273 479 5340 manuscriptis
546 5275 599 5331 in
653 5276 839 5347 Belgio
898 5280 1387 5335 eruditissimorum
1421 5282 1663 5337 virorum

123 5361 229 5405 cura
260 5359 547 5429 studioque
569 5363 845 5431 collatum,
878 5370 1032 5423 nobis
1066 5369 1148 5422 vir
1174 5370 1515 5425 doctissimus
1545 5371 1659 5425 An-

121 5446 276 5503 tonius
305 5450 609 5521 Vaquerius
645 5455 1074 5515 Noviodunensis
1109 5464 1544 5519 communicavit.
1580 5464 1660 5520 Ex

123 5535 178 5589 iis
202 5543 471 5602 codicibus
496 5564 637 5617 quos
670 5556 1158 5612 reverendissimus
1199 5557 1431 5615 Iacobus
1471 5561 1661 5617 Billius

122 5627 283 5720 Sancti
333 5635 614 5694 Michaelis
660 5644 866 5709 abbas,
928 5646 1130 5702 Latina:
1187 5652 1448 5706 versionis
1506 5652 1663 5720 hujus

122 5719 373 5787 scriptoris
421 5737 630 5793 auctor,
680 5730 890 5800 legisse.
934 5744 1025 5787 aut
1051 5746 1196 5790 certe
1227 5738 1516 5792 contulisse
1554 5719 1658 5793 non

334 5821 610 5887 PATPOL.
650 5829 766 5888 Gn.
792 5830 1058 5893 XXXV.

1766 5096 2014 5169 Philippo
2052 5099 2216 5153 tacito
2261 5109 2315 5154 et
2358 5101 2533 5171 sopito
2582 5102 2649 5155 ad
2702 5101 3005 5172 Philippum
3040 5099 3328 5155 excitatum

1766 5199 2133 5259 attentumque
2154 5193 2453 5261 provoces?
2482 5192 2744 5247 Nimirum
2783 5193 2850 5247 ab
2891 5190 3327 5261 interpretatione

1766 5281 2004 5349 ejusdem
2027 5280 2215 5336 Latina
2236 5283 2473 5337 omnium
2504 5284 2674 5339 ferme
2700 5284 3033 5338 eruditorum
3061 5281 3325 5350 theologo-

1770 5388 1887 5426 rum
1918 5374 2121 5428 calculo
2145 5374 2465 5445 jamdudum
2524 5377 2819 5446 approbata
2877 5384 3229 5447 receptaque,
3280 5386 3328 5430 ut

1767 5465 2067 5521 Mercuriali
2099 5468 2329 5535 quadam
2362 5470 2533 5537 virga,
2560 5469 2961 5537 dijudicandutn
2988 5470 3217 5523 solerter
3236 5468 3327 5523 fuit

1773 5573 1891 5626 qua:
1918 5558 2250 5627 potissimum
2284 5560 2463 5623 lectio,
2491 5570 2548 5613 ut
2576 5577 2851 5630 germana,
2875 5563 3143 5630 sequenda
3173 5571 3327 5617 esset.

1770 5649 1840 5702 At
1876 5649 1963 5702 hic
1990 5665 2142 5719 opus,
2174 5651 2261 5706 hic
2290 5650 2441 5706 labor
2463 5661 2599 5706 erat.
2632 5653 2719 5705 Ἐν
2743 5646 2823 5716 οἷς
2860 5654 3098 5723 μάλιστα
3126 5652 3327 5723 μεγάλα

1771 5740 2241 5815 τὰΙιδιαφέροντα,
2309 5745 2372 5814 ἦν
2436 5763 2486 5797 τι
2552 5747 2846 5800 πταίσωσιν
2906 5748 2954 5800 οἱ
3014 5748 3329 5818 κρίναντες·

2919 5847 2992 5900 1'2
