3832 6394
536 306 641 362 365

533 424 832 497 praesertim
893 421 978 472 ubi
1030 422 1311 491 προτεμᾷν
1361 421 1440 472 δεῖ
1501 420 1597 491 τὴν
1650 421 1929 489 ἀλήθειαν.

606 514 851 571 Occurrit
878 513 1057 566 divina
1097 513 1251 581 quasi
1280 513 1486 582 virgula
1519 513 1609 580 qui
1647 523 1717 579 te,
1754 515 1844 581 qui
1874 512 2099 583 φιλαλή-

536 607 647 669 οεις
685 620 891 670 omnes,
925 606 1025 657 hoc
1050 603 1194 658 fasce
1228 602 1452 669 levaret,
1490 605 1967 660 revereudissimus
1997 604 2099 658 Pa-

536 714 619 757 ter
645 700 844 755 Fronto
872 700 1113 760 Ducarius,
1148 695 1434 751 Societatis
1461 696 1586 751 Jesu
1616 696 1920 766 theologus,
1949 707 2097 751 tanto

537 792 752 845 nomine
776 790 988 858 dignus,
1022 797 1076 842 et
1110 789 1389 857 utriusque
1444 788 1639 857 linguae
1688 789 2047 856 peritissimus
2082 807 2094 842 :

536 884 625 937 hic
655 880 925 935 indefesso
958 880 1145 934 labore
1178 880 1231 933 in
1283 880 1555 948 republica
1589 879 1898 934 Christiana
1930 890 1985 935 et
2012 882 2103 935 lit-

536 972 730 1027 teraria
770 970 1032 1038 juvanda,
1086 970 1165 1024 in'
1194 971 1295 1025 hoc
1326 985 1489 1038 opere
1518 970 1779 1039 palmario
1828 970 2100 1025 assiduam

533 1068 898 1135 optimamque
968 1078 1184 1133 operam
1231 1063 1432 1131 optime
1502 1062 1819 1128 collocavit;
1890 1064 2099 1118 tametsi

533 1160 720 1213 eodem
756 1167 996 1226 tempore
1039 1158 1090 1209 in
1134 1154 1585 1227 Χρυσοστομείων
1629 1154 1819 1208 Latina
1854 1156 2102 1210 versione

532 1258 587 1303 et
611 1249 843 1303 editione
867 1248 1088 1316 bilingui
1114 1247 1494 1313 distineretur;
1520 1247 1611 1301 sed
1630 1257 1915 1315 utrumque
1940 1248 2102 1317 ἀσχο-

532 1340 651 1403 λίας
686 1340 983 1410 ὑπέρτερον
1037 1341 1268 1410 πρᾶγμα
1326 1337 1679 1392 existimavit.
1732 1337 1869 1403 Quid
1924 1348 2101 1391 autem

533 1433 863 1502 prmstiterit,
886 1448 1075 1493 magna
1110 1447 1231 1484 cum
1263 1431 1429 1484 animi
1458 1430 1533 1484 tui
1564 1430 1858 1499 voluptate,
1891 1430 1934 1485 si
1956 1444 2103 1484 men-

534 1537 641 1581 tem
679 1524 1008 1587 adhibueris,
1040 1522 1194 1575 facile
1244 1521 1557 1591 perspicies.

605 1638 743 1705 Quid
775 1647 853 1702 tu,
891 1635 1129 1701 lllorelle,
1183 1635 1429 1704 inquies,
1486 1633 1758 1688 nullamne
1800 1634 1905 1687 huc
1955 1646 2103 1703 sym-

533 1728 708 1785 bolam
740 1726 1049 1782 contulisti?
1088 1726 1347 1794 Equidem
1384 1739 1603 1794 operam
1631 1724 1897 1793 denegare
1927 1737 2098 1778 meam

1688 296 1851 357 reo;
1881 302 2182 357 MORELLI
2222 303 2587 360 PROOEMIA.
3611 331 3683 387 δε,

2127 427 2173 482 Α
2206 423 2583 476 tentavimus:
2627 431 2681 477 et
2734 422 3078 477 corollarium
3136 427 3465 493 epistolarum
3516 439 3687 500 ἀνεκδό-

2202 530 2308 565 των
2341 514 2636 583 adjecimus
2669 529 2789 569 cum
2817 514 3067 570 versione
3099 525 3281 569 nostra
3316 520 3591 586 cuicuimodi
3622 538 3686 602 sit,

2205 615 2619 674 extemporanea
2653 617 2821 671 certe,
2876 614 2932 658 et
2981 604 3141 659 unico
3176 614 3358 659 nostro
3390 624 3689 689 matluscriplo

2204 695 2425 762 antiquo
2464 710 2710 764 magnam
2742 704 2949 763 partem
2990 693 3145 755 fulta,
3191 698 3521 768 ταχυγράφου
3561 714 3691 774 potius

2204 785 2478 851 cujusdam
2507 800 2665 853 quam
2688 785 3059 855 καλλιγρὰφου
3085 800 3244 839 manu
3283 799 3695 855 exarato:utbene

2205 886 2397 946 agatur
2428 892 2549 931 cum
2580 892 2646 931 eo
2679 877 2771 945 qui
2826 877 3009 941 vertit,
3057 877 3103 931 si
3159 895 3177 928 ι
3233 878 3372 932 intra
3402 895 3535 949 spem
3567 892 3693 947 venia

2205 974 2415 1032 cautus,
2452 964 2643 1019 vitavit
2692 964 2927 1038 culpam,
2992 979 3096 1020 non
3149 964 3358 1022 laudem
3409 974 3608 1040 meruit;
3647 992 3692 1032 er

2205 1070 2367 1126 opera
2398 1055 2619 1110 nimium
2651 1055 2812 1111 celeri
2866 1070 3107 1125 curaque
3146 1067 3381 1112 carente.
3421 1079 3438 1111 ι
3476 1061 3573 1119 Nisi
3610 1067 3696 1137 ejus

2206 1147 2444 1200 animum
2472 1147 2792 1216 perpendas,
2821 1147 2912 1215 qui
2944 1146 3075 1200 nihil
3109 1155 3218 1200 tam
3253 1162 3403 1201 suum
3436 1166 3544 1211 esse
3568 1158 3697 1225 duxit,

2205 1253 2363 1308 quam
2392 1240 2532 1307 quod
2559 1248 2702 1293 esset
2726 1238 3019 1319 publicum.
3044 1276 3048 1281 .

2275 1332 2563 1396 Caeterum,
2594 1333 2637 1385 si
2668 1332 2769 1385 hoc
2800 1346 3011 1401 quoque
3039 1331 3178 1386 scire
3196 1345 3343 1396 aves,
3368 1332 3440 1396 ὼς
3464 1335 3593 1392 οὐδὲν
3606 1343 3701 1409 γλυ-

2204 1426 2429 1495 κύτερον
2475 1426 2507 1496 ἦ
2544 1425 2719 1478 πάντα
2770 1424 2991 1491 εἰδέναι,
3055 1423 3301 1480 consulto
3347 1425 3577 1492 seiuncta
3613 1448 3703 1493 sunt

2204 1518 2473 1586 perdocta:
2504 1517 2643 1572 Billii
2675 1518 3074 1581 adnotationes,
3129 1528 3184 1571 et
3229 1532 3352 1571 cum
3385 1518 3567 1575 Niceten
3608 1524 3705 1581 alio-

2204 1624 2431 1679 rumque
2476 1609 2888 1664 scholiastarum
2940 1608 3348 1664 commentariis
3378 1610 3437 1665 in
3465 1617 3704 1673 secundum

2207 1707 2412 1754 tomum
2464 1700 2800 1756 commodius
2856 1700 3102 1768 reiectat;
3160 1701 3251 1769 qui
3315 1716 3461 1756 sacra
3515 1704 3707 1777 Gregorii

534 1822 588 1875 in
620 1818 737 1884 ejus
771 1816 1007 1873 auctoris
1030 1813 1247 1884 scriptis
1279 1813 1523 1877 edendis,
1557 1813 1647 1883 qui
1693 1813 1823 1867 mihi
1864 1813 1931 1867 ab
1971 1813 2095 1867 ado-

2205 1792 2371 1846 nostri
2398 1800 2665 1860 poemata,
2696 1801 2748 1846 et
2776 1791 2980 1846 scholia
3004 1807 3122 1860 quae
3146 1801 3363 1846 exstant
3392 1793 3442 1847 in
3472 1795 3574 1865 ejus
3590 1813 3710 1868 opera

534 1912 794 1968 lescentia
820 1913 872 1966 in
912 1911 1118 1966 deliciis
1143 1910 1259 1972 fuit,
1302 1908 1544 1979 religioni
1573 1908 1900 1963 habuissem.
1929 1907 2102 1976 Spici-

534 2006 730 2075 legium
774 2001 961 2057 saltem
1017 1999 1228 2067 aliquod
1255 2013 1349 2053 seu
1399 1998 1815 2053 racemationem
1871 1995 2103 2051 contuli-

533 2110 686 2150 mus:
721 2106 803 2148 est
839 2092 925 2145 ubi
984 2088 1291 2145 in'Graecis
1339 2089 1570 2143 maxime
1605 2088 1783 2143 meudi
1831 2088 2096 2155 suspectis

534 2204 638 2258 qua
663 2187 730 2241 ab
761 2183 1209 2253 interpunctione,
1238 2196 1341 2250 qua
1378 2197 1405 2233 a
1432 2181 1732 2236 litterarum
1760 2180 2094 2251 trajectioue,

535 2280 771 2336 medicas
812 2277 1065 2331 adhibere
1096 2288 1285 2329 manus
1334 2270 1642 2341 conjectura
1696 2271 1777 2326 vel
1826 2286 1926 2341 0pc
1967 2286 2096 2325 mss.

2208 1882 2393 1937 Graece
2429 1884 2630 1952 pariter
2660 1893 2714 1938 et
2747 1882 2932 1938 Latine
2978 1883 3300 1939 continebit.
3334 1884 3480 1951 Vive,
3517 1890 3632 1955 vale,
3672 1903 3712 1949 et

2210 1989 2328 2043 qua:
2366 1974 2589 2039 dantur,
2640 1975 2779 2045 :equi
2829 1976 3063 2045 bonique
3116 1978 3361 2042 consule,
3419 1990 3471 2034 et
3524 1988 3713 2042 muneris

2203 2076 2363 2135 atque
2408 2068 2586 2134 operis
2624 2067 2784 2136 hujus
2820 2077 3092 2133 auctores,
3136 2068 3446 2137 adjutores,
3478 2076 3712 2144 συνεργούς

2204 2172 2363 2214 ama:
2413 2174 2618 2214 memor
2649 2160 2790 2216 illius
2839 2160 3158 2231 Pythagora:
3206 2160 3360 2229 dicti,
3412 2169 3420 2231 ξ

2274 2270 2364 2340 Μὴ
2413 2270 2630 2344 ἔχθαιρε
2658 2272 2808 2341 φίλον
2846 2273 2937 2327 σὸν
2972 2274 3285 2347 ἁμαρτάδος
3318 2275 3496 2330 εἵνεκα
3528 2243 3703 2350 μιλρῆς.

1547 2492 1860 2546 LECTORI
1894 2497 2301 2549 ΦΙΛΑΛΗΘΕΙ
2335 2495 2751 2554 MORELLUS.‘

1596 2588 1695 2653 (Ex
1730 2586 1870 2639 Edit.
1912 2589 2067 2655 1⁸509,
2104 2599 2231 2645 tom.
2266 2589 2331 2654 ll,
2368 2592 2432 2645 ad
2469 2590 2715 2651 calcem.)

606 2688 719 2743 Non
747 2687 878 2758 fugit
913 2699 1010 2740 nos
1055 2684 1289 2754 pectoris
1340 2682 1414 2736 tui
1462 2683 1689 2747 candor,
1725 2683 1815 2751 qui
1867 2682 1997 2737 facit
2041 2693 2098 2736 ut

534 2783 713 2840 omnia
740 2779 877 2849 aequi
909 2777 1144 2847 bonique
1172 2776 1456 2841 consulas,
1494 2783 1549 2827 et
1587 2773 1792 2827 calculo
1827 2783 1917 2828 tuo
1945 2789 2096 2830 com-

532 2874 727 2945 probes
756 2888 876 2943 quae
919 2872 1058 2927 bono
1106 2868 1318 2940 publico
1349 2866 1549 2936 suscipi
1590 2880 1653 2920 ac
1700 2866 1883 2936 perﬁci
1926 2866 2095 2921 vides.

532 2966 741 3020 ldcirco
789 2978 888 3019 nec
941 2962 1225 3017 molestum
1272 2974 1372 3014 nec
1437 2958 1787 3027 iujucundum
1840 2956 1936 3011 tibi
1982 2956 2098 3013 fore

2194 2693 2311 2747 est,
2365 2685 2419 2739 iu
2474 2696 2676 2740 tomum
2722 2689 3017 2744 secundum
3069 2689 3398 2760 rejiciendas
3445 2703 3721 2748 censuerat:

2195 2776 2389 2846 quippe
2438 2778 2531 2847 qui
2582 2789 2804 2835 cazteras
2856 2778 3091 2847 Nicetzn,
3127 2780 3327 2850 Pselli,
3384 2782 3586 2847 Nonni,
3627 2784 3723 2838 Elia

2193 2868 2465 2925 Cretensis
2526 2873 2898 2928 aunotationes
2954 2883 3008 2927 et
3059 2876 3483 2931 commentarios
3533 2875 3724 2945 comple-

2194 2977 2366 3018 xurus
2425 2974 2591 3028 erat,
2638 2978 2744 3018 una
2819 2980 2939 3019 cum
3006 2965 3250 3035 Gregorii
3320 2967 3631 3037 poematis:
3676 2982 3725 3019 ex

533 3057 784 3113 duximus
809 3095 824 3120 ,
858 3055 901 3111 si
929 3053 1190 3124 propositi
1218 3050 1540 3119 consiliique
1576 3048 1747 3104 nostri
1776 3064 1840 3103 ac
1876 3064 1981 3103 non
2010 3048 2099 3104 du-
2126 3086 2172 3147 ο
2202 3056 2396 3125 quibus
2442 3056 2694 3124 quoniam
2754 3056 2902 3111 mille
2950 3057 3169 3113 circiter
3223 3073 3289 3113 ac
3331 3059 3544 3113 ducenti
3578 3074 3727 3113 versus

532 3150 636 3205 bize
657 3145 1031 3204 destinationis
1055 3146 1106 3199 in
1136 3143 1197 3197 Ι).
1222 3142 1466 3213 Gregorii
1494 3140 1817 3195 Nazianzeni
1843 3140 2099 3210 operibus

532 3240 721 3297 Grzece
760 3249 813 3294 et
839 3237 1029 3291 Latine
1054 3236 1105 3290 in
1145 3235 1319 3290 lucem
1358 3233 1581 3289 edendis
1614 3243 1669 3287 te
1693 3232 1879 3301 paucis
1904 3232 2097 3287 admo-

531 3346 807 3388 neremus.
844 3329 936 3384 Sic
963 3328 1127 3397 igitur
1157 3325 1386 3391 habeto,
1420 3340 1517 3380 nos
1545 3325 1596 3378 in
1628 3325 1809 3378 animo
1840 3322 2095 3378 habuisse

530 3424 692 3494 hujus
718 3420 1045 3479 sanctissimi
1098 3427 1153 3474 et
1196 3416 1626 3489 eloquentissimi
1679 3415 1935 3469 antistitis
1961 3428 2097 3485 ope-

530 3531 648 3570 rum
691 3512 978 3581 δίγὶςωττον
1020 3508 1314 3565 editionem
1355 3505 1572 3577 aggredi
1612 3520 1677 3560 ex
1724 3504 1908 3559 codice
1938 3502 2098 3558 Basi-

526 3604 717 3659 liensis
745 3600 1008 3663 ἐκδόσεως
1027 3638 1041 3664 ,
1085 3614 1175 3653 an.
1204 3596 1361 3660 1550,
1392 3594 1531 3665 apud
1562 3594 1906 3663 Hervagium,
1934 3608 2096 3664 quem

529 3696 868 3751 clarissimus
926 3693 1011 3747 vir
1058 3689 1299 3745 Jacobus
1349 3687 1542 3741 Billius
1595 3687 1654 3741 S.
1711 3686 1988 3742 Michaelis
2041 3686 2095 3740 in

530 3789 727 3842 Eremo
779 3784 1048 3853 quondam
1112 3780 1278 3835 abbas
1336 3779 1761 3843 meritissimus,
1810 3778 2097 3846 utriusque

529 3880 724 3948 liugure
754 3876 1123 3947 peritissimus
1143 3912 1158 3937 ,
1193 3887 1313 3927 cum
1341 3872 1507 3942 regiis
1528 3870 1804 3925 codicibus
1830 3868 2051 3925 Gallicis
2076 3908 2091 3933 ,

524 3982 584 4027 et
623 3985 744 4027 cum
792 3967 1028 4032 Italicis,
1071 3966 1138 4020 ab
1180 3961 1958 4034 illustrissimisjcardinalibus
1989 3961 2095 4018 Ca-

530 4063 647 4118 rolo
674 4060 1029 4131 Lotharingo,
1072 4068 1125 4113 et
1165 4056 1305 4112 Guil.
1360 4056 1559 4112 Sirleto
1586 4070 1768 4112 secum
1799 4054 2098 4110 communi-

528 4158 700 4221 catis,
748 4160 1003 4207 accurate
1044 4150 1388 4216 contulerat,
1440 4158 1500 4203 ut
1550 4148 1897 4204 doctissimus
1947 4147 2092 4205 Gilb.

527 4244 911 4301 Geuebrardus
935 4243 986 4296 in
1012 4239 1330 4310 praefatione
1353 4254 1446 4294 sua
1465 4238 1654 4303 refert,
1679 4237 1803 4293 dum
1829 4252 1857 4291 a
1884 4251 2096 4293 summo

528 4335 786 4407 pontifice
819 4333 1032 4389 obnixis
1062 4333 1316 4403 precibus
1350 4331 1649 4395 contendit,
1693 4340 1753 4385 ut
1786 4330 2095 4400 sumptibus

2203 3147 2413 3202 iambici
2471 3148 2911 3203 desiderabantur
2965 3150 3016 3203 in
3073 3150 3232 3219 regia:
3286 3149 3620 3207 Bibliodieca:
3660 3166 3729 3205 co-

2201 3238 2450 3301 dicibus,
2499 3254 2631 3309 quos
2663 3240 2896 3296 Joannes
2948 3240 3320 3300 Lewenclaius
3367 3245 3423 3299 in
3485 3244 3730 3300 Germania

2200 3328 2389 3385 Latine
2443 3342 2675 3397 tantum,
2724 3341 2778 3387 et
2831 3334 3005 3388 soluta
3059 3336 3347 3403 oratione,
3401 3347 3525 3391 ante
3572 3336 3730 3390 multos

2200 3436 2367 3476 annos
2408 3422 2677 3489 ediderat;
2731 3426 2956 3494 proinde
3002 3426 3175 3481 danda
3209 3441 3379 3495 opera
3433 3427 3563 3491 fuit,
3604 3437 3729 3479 utne

2199 3513 2337 3569 hanc
2370 3514 2580 3583 quidem
2630 3525 2833 3583 partem
2876 3517 3285 3587 operum,ejus,
3334 3519 3413 3582 ὡς
3455 3519 3552 3571 οὐκ
3586 3518 3732 3586 ἐλάχι-

2201 3623 2323 3659 στον
2354 3607 2517 3679 μέρος
2548 3606 2655 3660 τῶν
2687 3607 2867 3679 ἱερῶν,
2893 3608 3058 3664 editio
3081 3608 3283 3664 Gallica
3313 3610 3729 3679 praetermitteret.

2198 3694 2330 3750 Cum
2372 3697 2535 3766 igitur
2582 3697 2861 3766 diligenter
2910 3713 3007 3769 per
3056 3713 3245 3755 omnes
3293 3700 3525 3770 Europa:
3573 3699 3732 3753 biblio-

2196 3787 2382 3843 thecas
2431 3802 2495 3842 ea
2536 3800 2701 3843 metra
2734 3790 2959 3861 κείμενα
3013 3792 3321 3862 conquisita
3372 3801 3587 3855 essent,
3633 3805 3733 3843 nus-

2198 3893 2357 3947 quam
2395 3880 2612 3949 reperiri
2642 3891 2926 3949 potuerunt
2955 3883 3028 3937 illi
3064 3885 3280 3942 codices
3326 3900 3399 3941 ex
3446 3886 3630 3954 quibus
3665 3882 3736 3936 illa

2198 3972 2467 4041 quondam
2500 3970 2872 4027 chvenclaius
2920 3977 3303 4045 exscripserat,
3337 3987 3394 4031 et
3429 3974 3611 4029 Latine
3640 3988 3735 4027 ver-

2198 4070 2358 4117 terat.
2388 4061 2583 4117 Verum
2615 4063 2782 4116 Roma
2811 4066 3023 4119 tandem
3055 4067 3208 4121 nobis
3238 4067 3414 4122 missa
3449 4076 3575 4122 sunt
3602 4063 3670 4135 (ut
3690 4062 3737 4115 τὸ

2199 4152 2526 4224 ζητούμενον
2553 4154 2756 4207 ἁλωτόν
2790 4154 2964 4223 fieret)
3012 4156 3361 4213 illustrissimi
3400 4159 3549 4212 card.
3593 4154 3737 4211 Haﬂ'ci

2197 4243 2474 4301 Barberini
2522 4247 2721 4311 studio,
2752 4261 2881 4301 cura
2912 4257 2967 4303 et
3013 4249 3278 4319 impensa,
3327 4247 3606 4305 Vaticanis
3629 4263 3655 4301 e
3685 4246 3738 4299 li-

2198 4335 2345 4399 bris,
2415 4336 2639 4408 aliisque
2700 4337 3055 4394 Bibliothecis
3116 4339 3382 4397 Romanis
3441 4340 3735 4425 exscriptf:

529 4428 646 4481 suis
695 4434 967 4480 auctorem
1003 4424 1155 4479 illum
1192 4423 1385 4479 excudi
1428 4432 1661 4478 curaret.
1709 4420 1910 4478 Verum
1946 4423 2091 4478 enim
2121 4435 2168 4491 ι)
2196 4426 2386 4483 deinde
2419 4430 2647 4484 alterum
2682 4431 2989 4486 eorumdem
3024 4431 3350 4503 ἀπόγραφον
3391 4433 3461 4488 ab
3501 4420 3742 4488 humanis-

529 4521 784 4589 quouiam
826 4534 931 4574 non
973 4521 1172 4591 ubique
1215 4535 1337 4575 cum
1387 4520 1555 4590 ipsius
1590 4518 1779 4574 Latina
1828 4520 2094 4590 interpre-

530 4615 734 4668 talione
759 4612 1152 4668 conveniebant
1173 4611 1287 4680 ejus
1310 4613 1713 4667 emendationes
1737 4622 1791 4667 et
1812 4611 2090 4682 εἰκασμοι,

526 4707 801 4775 multaque
845 4705 1060 4760 fuerant
1089 4704 1155 4759 ab
1188 4703 1279 4758 illo
1311 4705 1364 4758 in
1390 4712 1539 4758 textu
1564 4703 1762 4769 deleta,
1800 4718 1919 4773 quas
1949 4704 2091 4757 idem

529 4813 735 4862 rursus,
768 4796 1033 4868 δευτέρων
1063 4796 1377 4866 ἀμεινόνων,
1404 4796 1709 4865 reponenda
1740 4794 2089 4858 ἀναπεισθείς

528 4898 849 4943 censuerat:
903 4898 956 4942 et
998 4897 1189 4943 contra
1240 4886 1533 4941 sustulerat
1582 4888 1636 4940 in
1679 4885 1871 4941 Latina
1914 4888 2090 4941 inter-

528 4980 864 5046 pretatione,
898 4994 1016 5049 qua:
1058 4980 1110 5033 iu
1154 4978 1363 5034 Graecis
1403 4979 1592 5034 relicta
1635 4988 1831 5045 erant;
1883 4987 2089 5034 tantum

526 5073 627 5124 sibi
674 5084 951 5125 assumere
994 5069 1165 5124 noluit
1217 5069 1502 5139 pracfectus
1544 5068 1877 5141 διωρθώσεσι
1933 5079 2089 5141 typo-

523 5161 827 5231 graphicis,
858 5170 916 5214 ut
940 5161 1005 5215 de
1032 5160 1161 5214 tanti
1193 5161 1293 5214 viri
1324 5175 1488 5230 opere
1511 5170 1567 5214 et
1593 5160 1846 5232 ἀγχινοίᾳ
1872 5171 2091 5217 senten-

527 5254 656 5306 tiam
689 5252 890 5318 ferret;
925 5251 1223 5321 maluitque
1260 5252 1399 5307 bona
1452 5252 1555 5307 fide
1588 5253 1653 5307 de
1679 5253 1781 5307 boc
1821 5252 1925 5307 sibi
1974 5261 2090 5308 tra-

527 5346 637 5398 dito
679 5345 1014 5413 exprimere,
1074 5358 1139 5398 ac
1204 5343 1398 5398 deinde
1457 5342 1510 5397 in
1574 5343 1720 5398 notis
1768 5358 1832 5399 ac
1875 5343 2093 5400 scholiis

528 5435 781 5489 collectas
837 5437 1015 5489 varias
1070 5433 1329 5490 lectiones
1382 5442 1813 5503 reprwsentare,
1863 5450 2092 5504 quaeque

529 5529 699 5596 magis
730 5543 850 5581 cum
893 5530 1245 5597 interpretum
1275 5529 1521 5581 oratione
1564 5529 1937 5583 consentirent
1963 5567 1978 5593 ,
2007 5528 2091 5584 vel

522 5634 649 5671 cum
689 5624 924 5675 auctoris
954 5636 1113 5675 sensu
1159 5621 1542 5695 convenirent,
1575 5620 1626 5672 in
1658 5620 1791 5674 locis
1823 5621 2090 5691 ambiguis

529 5712 784 5766 indicare.
836 5711 941 5767 llas
977 5729 1134 5782 porro
1187 5723 1375 5777 notas,
1430 5722 1485 5767 ut
1536 5712 1591 5767 iu
1649 5726 1797 5768 more
1851 5713 2083 5781 positqu

2194 4520 2333 4575 simo
2366 4520 2785 4592 doctissimoque
2810 4524 2923 4577 viro
2952 4521 3151 4598 Davide
3188 4522 3517 4579 lloescbelio
3549 4524 3739 4576 missum

2194 4609 2535 4677 accepimus;
2586 4612 2727 4681 quod
2780 4626 2809 4665 a
2872 4610 3056 4667 Judaro
3110 4612 3466 4669 Fraucofurti
3546 4612 3743 4667 feliciter

2195 4701 2365 4770 pretio
2403 4702 2735 4773 redemptum
2770 4704 2965 4759 fuerat.
3014 4704 3232 4759 Interim
3283 4716 3477 4761 tamen
3515 4706 3631 4760 dum
3676 4718 3743 4757 se-

2193 4794 2355 4849 cundi
2415 4796 2543 4849 torui
2603 4796 2892 4852 editionem
2959 4798 3074 4852 haec
3128 4799 3456 4868 perquisitio
3509 4806 3743 4859 moratur,

2193 4898 2320 4940 ecce
2360 4886 2452 4940 tibi
2494 4900 2687 4941 novum
2736 4902 2802 4941 ex
2850 4888 3039 4957 Anglia
3095 4890 3455 4955 monitorem,
3488 4889 3577 4959 qui
3625 4897 3675 4941 ut
3703 4886 3744 4937 in

2195 4978 2301 5031 alio
2330 4992 2495 5049 opere
2545 4980 2807 5045 curiosus,
2850 4980 3441 5052 ἀλλοτριοεπίσκοπος,
3496 4990 3649 5043 tanta:
3677 4977 3745 5031 di-

2195 5069 2410 5124 lationis
2461 5071 2773 5139 impatiens,
2822 5072 2955 5126 duas
3010 5074 3283 5127 orationes
3355 5068 3743 5142 στηλιτευτικέις

2194 5169 2379 5213 contra
2408 5156 2703 5225 lulianum,
2731 5175 2850 5215 cum
2883 5162 3094 5216 scholio
3141 5162 3335 5217 Graeco
3385 5164 3554 5219 edere
3585 5160 3743 5221 voluit,

2194 5258 2247 5303 et
2300 5258 2455 5304 notas
2520 5249 2778 5317 attexuit,
2834 5252 3027 5321 quibus
3074 5255 3253 5309 varias
3311 5255 3581 5311 lectiones
3618 5267 3745 5307 como

2194 5340 2379 5409 plexus
2405 5350 2487 5396 est
2517 5342 2680 5397 variis
2718 5358 2749 5398 e
2785 5342 2938 5398 libris
2977 5346 3251 5411 collectas,
3298 5347 3583 5417 simulque
3620 5354 3747 5413 typo-

2193 5433 2475 5501 graphicos
2518 5449 2751 5499 errores,
2781 5434 3091 5506 σφάλματα,
3140 5453 3346 5503 ntevos,
3383 5438 3639 5494 editionis
3672 5433 3749 5487 Pa.

2194 5524 2436 5579 risiensis
2484 5524 2789 5581 observavit
2836 5536 2892 5582 et
2944 5528 3227 5584 indicavit.
3274 5529 3534 5584 Fuerunt
3579 5527 3749 5597 quippe

2194 5615 2319 5668 olim
2378 5616 2443 5669 ah
2494 5616 2678 5685 Anglis
2748 5621 3173 5675 amanuensibus
3250 5621 3615 5676 eruditissimi
3668 5616 3748 5667 viri

2196 5706 2407 5764 llenrici
2460 5710 2644 5766 Savilii
2690 5711 2898 5769 lustrati
2936 5714 3087 5767 codd.
3142 5715 3546 5781 manuscripti;
3587 5720 3637 5766 et
3676 5708 3753 5764 ille
