3832 6394
154 378 235 435 5σὸ
1228 358 1385 413 FED.
1427 356 1731 412 MORELLI
1774 352 2135 415 PROOEMIA.
3195 358 3298 413 366

150 494 238 562 ipse
276 480 390 540 Biliii
420 489 567 532 manu
612 473 958 538 emendatus,
1004 478 1096 544 qui
1153 490 1293 530 nunc
1336 484 1420 530 est
1466 490 1633 545 penes
1664 480 1707 535 Α
1736 475 1972 543 ανὰγοις.
2008 474 2396 543 Nonnunquam
2432 488 2580 536 vero,
2608 472 2728 543 quia
2744 474 2908 528 multa
2938 476 3297 546 exscripserat

144 580 436 644 clarissimum
466 576 762 622 senatorem
802 564 1159 622 Parisiensem
1206 565 1428 621 Paulum
1469 568 1630 622 Peta-
1732 583 1796 623 ex
1833 568 2050 622 scholiis
2101 566 2411 621 Graecorum
2449 566 2657 631 Billius,
2704 576 2757 621 et
2790 568 2840 621 in
2876 568 2993 622 libri
3027 570 3106 622 sui
3155 584 3297 622 mar-

139 661 512 735 yium:perinde
546 674 608 715 ac
656 659 699 714 si
750 659 814 714 de
864 660 1037 714 nostri
1078 659 1299 715 alterius
1347 660 1473 714 tomi
1520 659 1632 713 edi-
1732 661 1853 730 gine
1880 659 2215 727 adiunxerat,
2245 672 2310 712 eo
2342 656 2538 713 factum
2572 668 2672 723 est,
2713 668 2769 729 ut
2820 675 2922 713 non
2958 660 3116 714 modo
3164 675 3288 715 cor-

142 770 252 823 tione
275 770 402 827 spem
439 764 643 806 omnem
676 750 1069 820 deposuissent,
1101 766 1207 805 non
1240 750 1475 805 tulerunt
1521 760 1633 803 tan-
1733 752 1926 822 rigere,
1967 753 2057 806 sed
2092 751 2254 805 etiam
2286 765 2481 820 augere
2526 765 2582 805 se
2630 766 2788 819 posse
2816 750 3067 821 Gregorii
3124 752 3294 808 libros

138 866 220 910 tam
242 843 594 903 correctionum
625 850 858 911 segetem
888 840 986 895 sibi
1012 838 1388 894 δεινοπαθοῦσι
1422 841 1629 911 perire;
1734 845 2021 897 autumarit
2052 842 2441 907 Montacutius,
2496 858 2559 898 ac
2598 841 2859 910 ejusmodi
2892 843 3211 914 glossemata
3248 847 3301 900 in

139 943 258 1013 quasi
289 940 333 994 in
365 936 424 991 iis
459 932 684 987 fortunae
720 932 943 988 Graeciae
973 933 1346 988 consisterent.
1382 930 1632 987 Inventus
1730 940 1935 997 textum
1968 932 2275 996 inseruerit,
2323 940 2380 985 ut
2426 930 2756 986 ostendimus
2804 931 2857 985 in
2892 946 3009 1002 pag.-
3066 932 3200 998 452;
3250 945 3305 989 et

136 1032 303 1088 tandem
328 1033 403 1081 est
430 1021 599 1085 κοινὸς
633 1020 862 1093 Ἑρμῆς,
910 1021 1211 1075 Richardus
1250 1019 1630 1083 Montacutius,
1733 1034 1917 1079 contra
1960 1038 2023 1076 ex
2064 1022 2295 1092 genuino
2324 1028 2467 1076 textu
2498 1020 2741 1089 quaedam
2774 1030 2976 1076 temere
3006 1024 3286 1089 expunxit.

133 1126 201 1195 qui
229 1134 361 1175 suum
400 1115 497 1169 illis
532 1114 844 1183 obsequium
884 1112 1134 1178 deferret,
1174 1121 1229 1167 et
1258 1112 1547 1167 laureolam
1580 1112 1633 1166 in
1735 1124 1987 1184 tanquam
2016 1114 2354 1183 glossemata,
2383 1126 2501 1181 quae
2534 1112 2692 1180 plane
2717 1120 2844 1166 sunt
2874 1115 3199 1179 necessaria,
3226 1107 3303 1168 ὧν

132 1221 357 1268 mustaceo
394 1219 633 1272 quaerens
671 1204 909 1259 dieteriis
953 1219 1017 1258 ac
1050 1203 1236 1272 lepidis
1283 1202 1482 1258 salibus
1519 1203 1635 1257 illo-
1734 1208 1860 1261 ἄνευ
1893 1207 1952 1259 οὐ
1978 1206 2039 1258 τὸ
2068 1200 2150 1266 εὖ,
2181 1218 2276 1257 ceu
2310 1202 2475 1271 liquet
2517 1218 2582 1255 ex
2618 1202 2757 1255 notis
2801 1202 2855 1256 in
2899 1218 3021 1274 pag.
3046 1203 3171 1258 212.
3202 1202 3304 1257 Fa-

133 1319 223 1359 rum
254 1295 627 1355 observationes
672 1294 936 1362 condiret,
987 1294 1182 1363 quibus
1215 1293 1504 1349 editionem
1542 1294 1635 1347 Pa-
1738 1309 1880 1353 lelur
1924 1311 2064 1364 saepe
2102 1294 2526 1364 quamplurimos
2570 1294 2937 1361 typographiae
2973 1308 3188 1359 errores
3225 1310 3292 1350 ex

132 1395 362 1450 rislensem
400 1386 737 1457 exagitaret:
772 1400 837 1441 ac
882 1386 1124 1456 pauculis
1164 1385 1437 1441 mensibus
1482 1396 1636 1439 notas
1736 1388 2017 1443 collatione
2064 1401 2183 1440 cum
2224 1383 2364 1437 Billii
2412 1382 2601 1436 Latino
2650 1392 2796 1436 textu
2853 1385 3051 1454 corrigi
3100 1401 3299 1453 posse:

130 1494 300 1539 nostras
320 1477 612 1534 antevertit.
637 1475 831 1532 Verum
855 1477 1050 1532 accidit
1071 1486 1130 1531 ut
1150 1477 1273 1531 dum
1300 1476 1459 1531 nimis
1483 1476 1637 1531 σοϐα-

1795 1485 1968 1530 tamen
2021 1474 2269 1529 notandis
2328 1469 2799 1542 λεπτομερέστατα
2866 1486 2931 1527 ex
2986 1484 3302 1529 accentuum

128 1574 229 1646 ρῶς,
269 1567 553 1640 προπετῶς,
593 1575 646 1622 et
680 1567 933 1621 iracunde
976 1566 1029 1620 in
1080 1582 1177 1622 nos
1215 1567 1407 1633 fertur,
1455 1568 1633 1622 homi-

1793 1565 2149 1635 :spirituum,
2221 1563 2620 1631 incisorumque
2678 1568 2972 1623 omissione
3013 1582 3107 1623 seu
3166 1587 3306 1641 παρ-

126 1679 219 1718 nem
245 1674 435 1730 quoque
474 1672 534 1712 se
569 1656 737 1711 fuisse
794 1659 1065 1726 proderet,
1093 1666 1150 1710 ut
1190 1671 1373 1712 errare
1417 1668 1631 1726 pesset;
1736 1657 1921 1728 οράσει
1965 1656 2460 1726 paginasimpendit
2493 1669 2664 1722 totas;
2714 1673 2839 1712 cum
2889 1659 3055 1729 ipsius
3090 1662 3304 1716 interim

126 1758 322 1822 adeoque
360 1765 499 1806 creco
540 1764 778 1818 praaceps
824 1750 1023 1818 impetu
1054 1760 1268 1815 rueret,
1316 1760 1373 1803 ut
1415 1752 1466 1803 in
1518 1751 1635 1805 illos
1668 1814 1705 1822 __
1741 1758 1879 1804 notae
1924 1749 2109 1817 Augia:
2151 1748 2360 1803 stabulo
2403 1747 2626 1815 similes,
2673 1752 2745 1803 ita
2799 1752 3007 1806 mendis
3040 1762 3302 1818 scateant,

125 1814 259 1916 ipsos.
290 1858 415 1913 quos
469 1814 625 1897 nobis
683 1814 972 1908 objiciebat
1039 1855 1251 1895 errores
1315 1841 1633 1897 incurreret.
1667 1814 1709 1868 Β
1738 1850 1795 1895 ut
1829 1841 1918 1894 vix
1967 1855 2071 1893 una
2102 1840 2192 1904 sit,
2224 1840 2278 1894 in
2326 1855 2431 1909 qua
2468 1840 2652 1894 decem
2697 1840 2779 1894 vel
2830 1842 3112 1899 duodecim
3173 1861 3304 1913 pue-

123 1936 321 2004 Exempli
349 1932 553 2005 gratia:
577 1933 853 1988 exciderat
876 1932 1052 2001 cperis
1082 1932 1284 1987 nostris
1312 1946 1466 1986 error
1510 1948 1631 2003 pag.
1739 1932 1865 1987 riles
1896 1932 2073 2002 lapsus
2096 1946 2205 1985 non
2235 1940 2541 1986 occurrant.
2571 1932 2837 1988 Sexcenla
2866 1949 3146 2002 possemus
3182 1937 3298 1993 loca

123 2026 222 2093 519,
246 2018 285 2077 ὦ
311 2016 480 2085 οὗτος,
508 2021 699 2091 spiritu
730 2021 892 2075 denso
926 2018 1178 2073 nimirum
1209 2031 1305 2087 pro
1333 2019 1435 2073 leni
1463 2038 1475 2072 :
1511 2033 1637 2089 ergo
1736 2022 1978 2093 proferre
2007 2021 2139 2077 falso
2168 2036 2234 2077 ex
2264 2021 2556 2088 Gabrielio,
2594 2023 2860 2093 Billioque
2902 2035 2958 2079 et
2988 2025 3167 2095 Regiis
3211 2044 3306 2083 co-

123 2116 357 2186 iegendum
396 2121 578 2167 monet
618 2110 977 2166 Montacutius
1011 2111 1197 2164 eodem
1249 2110 1403 2179 plane
1454 2110 1633 2173 modo,
1738 2113 1944 2167 ilicibus
1989 2112 2216 2181 prolata,
2264 2110 2345 2165 vel
2389 2112 2552 2165 etiam
2597 2127 2662 2166 ex
2706 2111 2993 2168 Basiliensi
3042 2114 3303 2179 editione,

121 2220 202 2261 non
229 2200 267 2257 ὦ
299 2200 464 2268 οὗτος,
510 2213 570 2257 ut
619 2203 756 2256 ratio
812 2211 955 2257 recta
998 2201 1231 2270 postulat
1260 2218 1273 2253 :
1304 2215 1355 2269 p.
1380 2199 1503 2261 550,
1552 2200 1634 2253 αἴ-

1794 2219 1858 2257 ιθξ
1879 2218 2140 2272 nusquam
2166 2203 2219 2256 in
2246 2202 2347 2257 illis
2370 2212 2594 2271 possunt
2615 2204 2863 2265 inveniri.
2884 2204 3112 2273 denique
3130 2205 3306 2260 ἄλλων

122 2314 303 2371 ροντες,
358 2309 475 2349 cum
539 2294 731 2364 spiritu
786 2294 915 2348 item
981 2306 1191 2362 aspero.
1264 2292 1635 2359 Saepenumero

1793 2295 1920 2365 spe;
1946 2294 2107 2356 αὐτὸς
2130 2292 2317 2346 ἕλκεσι
2348 2294 2545 2364 βρύων.
2570 2292 2686 2347 Jam
2718 2296 3016 2351 calumnias
3043 2296 3156 2364 ejus
3185 2299 3306 2366 quis

118 2389 246 2444 etiam
276 2395 478 2439 veteres
534 2397 750 2439 errores
798 2381 1006 2436 Aldinae
1051 2390 1145 2434 aut
1193 2380 1502 2434 Basiliensis
1531 2380 1641 2435 edi-
1739 2385 2047 2439 enumeret?
2079 2401 2202 2439 cum
2231 2400 2293 2439 ea
2317 2400 2435 2454 quae
2465 2385 2679 2437 fuerant
2705 2402 2731 2437 a
2764 2385 2917 2440 Billio
2939 2388 3113 2442 deleta
3149 2389 3303 2443 tinxit

119 2480 294 2533 tionisra
332 2476 485 2531 Billio
521 2474 912 2545 praetermissos
957 2473 1109 2528 novis
1148 2472 1422 2528 erroribus
1472 2473 1641 2527 corri-
1740 2492 1768 2530 a
1805 2478 1957 2532 nobis
1990 2491 2166 2539 erosa,
2216 2486 2273 2530 ut
2311 2493 2432 2546 pag.
2453 2477 2578 2541 559,
2612 2494 2661 2548 p.
2688 2478 2811 2541 212,
2846 2478 2942 2542 Τίς
2976 2480 3198 2550 ἐκκόψει
3243 2482 3304 2535 τὸ

117 2574 201 2638 git;
230 2580 281 2624 ut
312 2585 429 2626 cum
468 2584 595 2638 pag.
622 2567 746 2631 342,
789 2565 974 2629 ἔθνους
1001 2582 1061 2618 τε
1097 2565 1341 2637 πλήρεις,
1375 2568 1630 2630 emendat1

964 2582 1061 2628 ςτε
1097 2565 1341 2637 πλήρεις,
1375 2568 1642 2631 emendat,
1743 2567 1965 2639 κέντρον
2003 2568 2165 2636 τῆσδε
2194 2567 2477 2639 διαϐολῆς;

117 2663 268 2724 ἑθνους
328 2678 384 2715 τε
430 2661 681 2733 πλήρης⁶
732 2659 887 2730 quasi
932 2659 1161 2732 πλήρης,
1208 2676 1327 2715 cum
1363 2674 1491 2715 voce
1528 2676 1630 2730 seq.

1815 2659 1926 2714 Hoc
1968 2660 2230 2713 duntaxat
2276 2662 2405 2729 agit,
2452 2669 2512 2714 ut
2559 2670 2797 2716 nostram
2850 2662 2989 2717 hanc
3043 2661 3308 2718 Parisien-

114 2751 306 2819 λέϐητας
350 2749 529 2818 possit
564 2762 880 2818 congruere.
911 2746 1038 2818 Pag.
1063 2747 1186 2814 370,
1225 2748 1487 2817 λογισθέν,
1521 2748 1650 2819 legit
1744 2765 1858 2807 sem
1899 2753 2191 2807 editionem
2233 2753 2369 2809 falso
2403 2764 2656 2825 tanquam
2696 2756 3005 2812 mendosam
3053 2770 3306 2814 accuset:

114 2857 191 2910 pro
216 2841 461 2913 ζηλωθέν.
497 2840 632 2911 Pag.
679 2839 803 2905 554,
836 2841 1189 2912 νικήσαντος,
1240 2842 1462 2911 corrigit
1503 2843 1625 2913 κινή

1805 2845 1955 2899 metsi
1992 2843 2122 2898 nihil
2155 2845 2256 2899 tale
2287 2846 2337 2899 in
2368 2861 2430 2900 ea
2472 2849 2795 2915 reperiatur,
2844 2849 3001 2917 quale
3031 2849 3143 2919 ipse
3174 2865 3312 2905 som-

113 2948 286 2996 σαντες,
316 2947 410 3002 pro
434 2933 790 3003 κινήσαντος,
834 2940 993 3002 atque
1031 2932 1417 2988 absurditatem
1446 2948 1626 2989 sanare

1804 2944 1895 2989 at:
1918 2953 1937 2986 ι
1969 2934 2080 2989 Nec
2108 2945 2284 2990 mente
2323 2936 2626 3002 innocens,»
2660 2946 2717 2992 ut
2750 2939 2811 2993 Ι).
2834 2940 3151 2996 Ambrosius
3181 2944 3313 2997 scri-

112 3024 199 3077 vult
238 3024 580 3079 absurditate.
613 3023 743 3095 Pag.
770 3025 895 3090 579,
927 3024 1001 3087 ὡς
1039 3018 1131 3079 οὖν
1159 3024 1367 3095 νεκρῶν
1388 3066 1401 3090 ,
1433 3040 1534 3095 pro
1571 3024 1625 3076 ὡς

1796 3035 1844 3094 ιι,
1873 3045 1891 3079 ‹
1911 3039 1965 3082 et
1987 3043 2145 3082 manu
2176 3027 2414 3084 feralis.»
2443 3029 2658 3084 Interim
2680 3033 2868 3101 cymba
2897 3043 3084 3087 nostra
3104 3034 3309 3105 κύμασι

110 3117 182 3168 οὐ·
212 3131 324 3185 pag.
361 3115 484 3179 346,
538 3116 643 3187 legi
678 3116 790 3171 vult
824 3116 903 3187 τῷ
944 3118 1114 3188 Ἰωνᾷ,
1164 3131 1382 3187 prorsus
1434 3118 1609 3184 inepte

1796 3121 2159 3188 axocpavmxoig
2198 3120 2396 3189 agitata
2436 3119 2676 3178 fluctuat.
2707 3122 2811 3176 Sed
2860 3124 2974 3179 haac
3015 3125 3309 3193 sigillatim,

111 3211 206 3277 quis
248 3210 380 3264 enim
420 3224 617 3265 sensus
664 3220 836 3276 esset,
884 3209 1089 3281 ἔπασχε
1141 3209 1218 3280 τῷ
1251 3210 1423 3279 Ἰωνᾷ.
1463 3208 1643 3263 Etiam
1678 3208 1714 3219 “
1750 3213 1917 3269 lector
1964 3211 2265 3281 mqnissime
2291 3252 2304 3274 ,
2346 3228 2410 3266 ex
2444 3222 2688 3266 notarum
2736 3223 3041 3269 nostrarum
3086 3217 3315 3273 lectione

109 3299 163 3353 τὰ
184 3302 270 3372 τῆς
294 3304 690 3374 γραμματικῆς
719 3302 968 3372 ignorare
995 3318 1053 3357 se
1081 3303 1335 3364 ostendit,
1363 3317 1483 3355 cum
1513 3316 1636 3369 pag.
1753 3305 1962 3376 penitus
2014 3316 2324 3373 cognosces.
2376 3304 2553 3359 Unum
2595 3306 2725 3359 illud
2779 3307 2972 3361 addam
2996 3347 3011 3373 ,
3063 3324 3186 3363 cum
3227 3309 3317 3363 ille

109 3389 210 3456 Ἱ51,
248 3394 492 3447 emendat
537 3393 783 3458 ἐδύνατο,
834 3392 987 3461 quasi
1036 3391 1347 3445 mendosum
1398 3398 1540 3445 esset
1586 3389 1646 3441 τὸ
1752 3394 1907 3451 nobis
1945 3394 2171 3464 Epicteti
2206 3394 2475 3449 lucernam
2522 3398 2828 3467 exprobret,
2858 3398 2981 3468 jure
3030 3414 3127 3455 nos
3157 3415 3316 3470 posse

110 3479 344 3548 ἠδύνατο,
394 3482 602 3552 duplici
653 3490 957 3550 augmento,
1008 3496 1102 3549 per
1142 3480 1501 3534 Atticismum.
1552 3478 1623 3531 Τί.

1803 3486 2004 3555 iogenis
2046 3486 2226 3555 potius
2272 3486 2544 3541 lucernam
2593 3502 2892 3557 assumere,
2938 3500 2998 3546 ut
3045 3492 3313 3549 hominem

109 3571 337 3641 ἑμφράξει
366 3573 546 3643 τούτῳ
586 3572 648 3625 τὸ
685 3572 891 3643 ardua;
935 3571 1350 3627 EmendatiOnes
1386 3583 1545 3639 porro
1591 3583 1619 3623 e

1802 3601 1805 3632 l
1853 3576 1968 3646 ejus
2012 3577 2229 3647 scriptis
2267 3591 2606 3645 quaeramus:
2640 3580 2771 3635 nihil
2804 3583 2947 3637 enim
2997 3582 3049 3638 in
3090 3583 3177 3638 his
3212 3584 3315 3639 hu-

107 3664 255 3718 varias
304 3664 565 3721 lectiones
626 3679 690 3718 ex
741 3664 832 3719 lib.
875 3662 1013 3717 Βῑιιίὶ
1075 3661 1212 3717 falso
1260 3676 1645 3733 perperamque
1752 3672 2055 3734 manilalis,
2102 3669 2235 3723 nihil
2283 3670 2577 3735 ἐπιεικείας
2627 3674 2895 3740 occurrit;
2948 3689 3068 3729 cum
3111 3676 3197 3731 vel
3241 3676 3317 3732 le-

106 3756 320 3821 profert:
356 3766 415 3811 ut
468 3773 597 3827 pag.
629 3757 753 3822 397,
795 3755 1088 3825 ὲπανάγοις
1134 3755 1233 3825 legi
1281 3748 1506 3819 asserit,
1555 3754 1619 3806 uh

1810 3762 1970 3815 ssima
2020 3760 2326 3831 σφάλματα,
2378 3769 2629 3831 tanquam
2664 3774 2903 3820 monstra
2936 3766 3178 3835 quaedam
3222 3767 3318 3822 ob-

108 3842 334 3910 scriptum
383 3855 468 3899 est
512 3845 820 3914 διεξάγοις·
877 3845 1026 3914 atqui
1075 3845 1165 3899 illa
1212 3846 1477 3900 correctio
1536 3842 1615 3895 Bil

1803 3855 2108 3922 ,upescendo
2163 3854 2486 3919 detestetur,
2537 3862 2593 3909 et
2645 3870 2712 3909 ex
2742 3871 2926 3912 musca
2974 3856 3158 3928 gignat
3205 3856 3316 3912 ele-

104 3928 240 3996 liana,
278 3933 581 4004 ὲπανὰγοις
616 3944 697 3989 est
742 3933 1020 3990 referenda
1061 3936 1126 3989 ad
1158 3935 1250 3989 lin.
1284 3937 1336 3987 d.
1383 3949 1432 3988 c.
1473 3933 1529 3999 ‘2,
1562 3933 1648 3987 ubi
1758 3947 2033 4014 phantom,

108 4020 348 4091 legebatur
372 4026 428 4081 in
456 4026 628 4082 Basil.
653 4026 905 4095 ἀπάγοις,
934 4037 990 4081 et
1025 4026 1264 4081 correxit
1297 4024 1489 4080 Billius
1554 4025 1651 4077 t7:-

114 4157 3279 4186 me

963 4324 1490 4418 EJUSDEM
1568 4258 1831 4414 FE'D.
1908 4326 2439 4423 MORELLI

1496 4519 1912 4583 PHALEUCII.

950 4810 1208 4900 genium
1269 4816 1637 4900 Christigeni
1691 4818 1915 4900 gregis,
1940 4832 2300 4900 supremum

952 4897 1267 4976 l’astorem
1292 4896 1359 4957 in
1382 4896 1674 4976 cathedra
1698 4896 1861 4957 Petri
1882 4896 2227 4976 sedentem,

952 4974 1180 5057 Ingens
1228 4975 1601 5057 Gregorius,"
1636 4975 1830 5057 decus
1876 4974 2226 5057 Pelasgum,

955 5052 1222 5113 Antistes
1249 5054 1393 5129 pius
1419 5054 1524 5115 ille
1555 5053 1840 5115 Nazianzi
1866 5101 1880 5129 ,

955 5071 1222 5113 AHIlSIeS
1296 5072 1393 5114 lus
1419 5071 1524 5115 nte
1556 5071 1597 5113 ιν
1609 5071 1840 5115 ἃΖΙᾶῐΙΖΙ
1866 5101 1880 5129 ,

955 5131 1223 5220 gemam
1249 5071 1502 5220 Barisiis
1531 5140 1755 5220 petens
1776 5132 2031 5220 relictis,

954 5209 1026 5269 Et
1081 5210 1266 5271 Graio
1317 5209 1647 5273 decoratus
1702 5218 1763 5274 et
1804 5214 2020 5276 Latino

952 5283 1132 5366 Cultu
1181 5287 1359 5350 lentus
1405 5290 1552 5365 adit,
1611 5290 1867 5366 salutat,
1919 5305 2043 5355 orat

953 5365 1034 5452 I_Jt
1079 5369 1281 5452 Roma
1333 5367 1637 5452 incolumi
1687 5376 1806 5432 stet
1851 5371 1987 5452 ipse
2017 5376 2295 5452 utraque,

956 5445 1130 5508 Casta
1154 5453 1226 5509 ut
1250 5447 1478 5527 scripta
1504 5448 1793 5527 legantur
1820 5445 1972 5514 orbe
2004 5457 2157 5514 toto.
