3832 6394
508 360 511 363 “
532 383 643 445 331

1723 364 2148 423 MONTACUTII
2190 363 2581 423 PIUEFATIO.
3604 376 3681 433 368

538 528 3673 566 Mm

531 703 1065 756 REVERENDISSIMO
1094 701 1156 743 IN
1186 698 1441 742 (ΣΠωὸΤο
1469 697 1649 740 PATRI
1686 695 1761 737 AC
1796 692 2064 747 DOMINO,
2093 689 2333 733 DOMINO
2371 688 2710 742 RICHARDO,
2760 682 3213 763 CANTUARIENSI
3252 683 3687 755 ARCHIEPISCOPO,

1394 797 1614 840 TOTIUS
1648 793 1889 839 ANGLIJE
1929 791 2181 836 PRIMATI
2224 790 2299 832 ET
2342 785 2874 833 METROPOLITANO.

1626 942 1720 1008 (Ea
1755 941 1894 994 Edit.
1928 938 2220 992 Mnulacut.
2256 934 2441 988 E10033
2469 930 2647 1002 1610)

2120 1104 2181 1115 -ρ

592 1264 950 1332 Antiquorum
1001 1257 1251 1313 Ecclesiae
1293 1255 1509 1309 Patrum
1555 1253 1751 1321 scripta
1807 1252 1980 1321 (quod
2034 1260 2087 1304 tu
2120 1247 2179 1310 A’
2195 1250 2248 1303 in
2277 1247 2530 1318 squalore
2579 1246 2861 1312 despectus
2900 1240 3097 1312 jaceat.
3131 1241 3289 1297 Auno
3334 1241 3692 1305 ediderunth'a-

524 1355 744 1409 minime
774 1354 1011 1423 ignoras,
1055 1345 1708 1413 reverendissimePater)
1751 1343 1973 1397 multum
2006 1342 2089 1397 in-

526 1444 717 1499 tererit
740 1443 815 1497 rei
841 1440 1183 1504 Christianae,
1214 1453 1371 1506 quam
1401 1434 1833 1490 emendatissima
1860 1432 2084 1486 circum-

524 1536 674 1591 ferri.
711 1534 881 1598 Nam,
912 1543 966 1588 et
991 1532 1041 1583 οἱ
1075 1530 1132 1596 ἐξ
1173 1529 1419 1591 ἐναντίας
1468 1527 1657 1581 Patres
1722 1534 1973 1592 crepant,
2030 1532 2089 1575 ut

519 1626 732 1693 juratos
762 1626 814 1677 in
844 1636 1063 1678 causam
1095 1636 1246 1673 suam
1288 1629 1469 1682 testes,
1499 1626 1554 1670 et
1580 1617 1645 1668 ad
1690 1614 1898 1675 Patres,
1930 1622 1988 1665 ut
2016 1611 2082 1665 ad

522 1729 832 1784 supremum
866 1708 1117 1775 tribunal,
1145 1722 1357 1775 semper
1386 1707 1439 1759 iu
1472 1704 1619 1758 omni
1653 1703 1950 1771 quaestione
1997 1713 2085 1752 so-

526 1807 637 1861 leut
662 1816 999 1875 provocare:
1036 1808 1091 1854 et
1125 1814 1222 1852 nos
1254 1797 1482 1851 libenter
1511 1796 1563 1848 in
1599 1792 1961 1848 controversis
1993 1790 2090 1845 do-

529 1898 829 1968 gmatibus,
861 1908 955 1948 eos
993 1889 1148 1946 facile
1192 1888 1523 1942 admittimus
1571 1884 1895 1938 diribitores.
1949 1880 2081 1935 Nam

526 2000 654 2045 sunt
701 1985 978 2055 religionis
1018 1980 1341 2038 Christianae
1394 1990 1675 2046 proceres,
1713 1974 1971 2027 doctrina:
2006 1986 2088 2026 re-

525 2080 713 2136 velata:
753 2073 1143 2146 promi-condi,
1182 2085 1340 2140 quam
1376 2068 1443 2121 ab
1475 2064 1729 2136 apostolis
1767 2065 2086 2126 derivatam,

525 2178 783 2241 perpetua
820 2164 972 2233 praxi
1012 2161 1380 2218 confirmatam
1414 2160 1479 2210 ad
1530 2163 1710 2209 nostra
1753 2167 1921 2222 usque
1952 2162 2086 2205 tem-

525 2278 656 2328 pora
693 2257 1124 2314 transmiserunt.
1149 2253 1436 2319 Quocirca,
1464 2263 1575 2302 rem
1609 2246 1739 2314 ipsis
1773 2245 2083 2315 gloriosam,

524 2354 636 2409 Deo
681 2357 976 2422 procurant
1003 2345 1426 2417 perplacentcm,
1462 2339 1766 2408 reipublicae
1810 2337 1990 2390 utilem
2038 2346 2092 2389 et

524 2443 798 2511 communi
832 2455 1031 2506 causae,
1066 2438 1159 2508 qui
1185 2437 1236 2489 in
1262 2432 1573 2489 evolvendis
1598 2428 1815 2483 Patrum
1842 2428 2079 2496 scriptis,

524 2547 686 2617 atque
710 2534 814 2589 illis
841 2528 1233 2591 emaculandis,
1256 2535 1310 2579 et
1333 2539 1475 2578 nunc
1497 2532 1549 2575 et
1578 2521 1705 2575 olim
1733 2521 2086 2574 desudarunt.

2195 1341 2512 1395 zianzenum
2564 1336 2895 1391 Parisienses
2954 1332 3416 1388 LatinooGraeeum
3442 1373 3456 1398 ,
3494 1341 3575 1392 sed
3618 1358 3693 1399 nec

2194 1434 2465 1499 integrum
2490 1472 2505 1497 ,
2535 1440 2589 1485 et
2625 1428 2867 1498 plurimis
2896 1428 3105 1481 mendis
3152 1440 3247 1494 per
3277 1439 3526 1481 summam
3553 1434 3690 1501 negli-

2193 1525 2429 1594 gentiam
2466 1522 2846 1577 deformatum.
2884 1521 3112 1583 Actum,
3149 1517 3293 1586 quod
3321 1517 3521 1586 dicitur,
3553 1523 3689 1577 nolui.

2192 1632 2312 1670 mus
2352 1630 2548 1684 agere,
2595 1623 2651 1667 at
2683 1612 3063 1682 castigationes
3108 1608 3263 1662 valde
3308 1612 3629 1678 necessarias,
3649 1632 3698 1670 ex

2192 1707 2375 1762 multis
2427 1705 2751 1761 membranis
2807 1703 3063 1759 collectas
3131 1700 3183 1754 in
3236 1716 3425 1756 omnes
3469 1705 3692 1760 orationes

2191 1798 2399 1853 edimus
2431 1807 2486 1852 et
2518 1796 2794 1863 epistolas,
2819 1795 3014 1863 quibus
3039 1793 3224 1862 Augize
3250 1791 3507 1846 stabulum
3540 1809 3698 1862 purga-

2190 1892 2401 1953 vimus,
2445 1897 2500 1942 et
2538 1889 2797 1957 Gregorio
2842 1886 3070 1940 nitorem
3118 1883 3467 1940 restituimus.
3517 1885 3702 1941 Prmter-

2190 1980 2354 2034 missa
2400 1978 2650 2033 nonnulla
2716 1976 3116 2045 supplevimus,
3164 1974 3341 2029 adhuc
3390 1974 3583 2043 publice
3622 1992 3702 2032 non

2190 2071 2300 2123 visa
2335 2086 2349 2123 :
2378 2077 2431 2123 et
2462 2068 2576 2122 illas
2608 2068 2663 2120 in
2690 2066 2967 2121 lulianum
2997 2066 3325 2130 invectivas,
3366 2064 3500 2118 inter
3548 2080 3696 2121 omnes

2188 2159 2458 2213 orationes
2483 2156 2936 2228 κορυφαιοτάτοις,
2964 2172 3069 2225 qua
3104 2172 3134 2210 a
3162 2154 3374 2219 Nonno,
3403 2168 3502 2224 qua
3529 2170 3554 2207 a
3578 2157 3701 2211 sebo.

2190 2250 2343 2304 liaste
2387 2258 2570 2303 vetere
2607 2258 2658 2303 et
2704 2249 2915 2302 erudito
2953 2247 3260 2303 ornatiores
3283 2288 3300 2314 ,
3335 2262 3439 2317 qua
3464 2261 3492 2301 a
3534 2249 3703 2303 mendis

2191 2341 2490 2395 innumeris
2538 2341 2895 2395 correctiores
2937 2343 3106 2395 multo
3137 2354 3299 2410 quam
3332 2347 3455 2392 ante
3496 2339 3704 2401 fuerant,

2191 2432 2503 2487 emittimus.
2532 2431 2643 2486 Hoc
2668 2431 2925 2503 quidquid
2951 2440 3036 2487 est
3058 2431 3277 2500 opellaa,
3310 2428 3706 2484 reverendissime

2193 2521 2371 2587 Pater,
2404 2522 2503 2576 sub
2541 2530 2630 2576 tuo
2658 2521 2895 2585 nomine,
2924 2518 3025 2575 sub
3064 2520 3169 2574 tuis
3198 2518 3457 2587 auspiciis
3486 2516 3535 2570 iu
3571 2516 3705 2571 lucem

526 2607 645 2696 Quo
677 2626 893 2697 quidem
919 2624 972 2677 in
1003 2634 1199 2692 genere
1228 2620 1398 2689 prima
1432 2616 1549 2669 laus
1580 2614 1804 2669 debetur
1829 2612 2086 2666 illustris-
2121 2610 2164 2669 Β
2193 2614 2389 2683 prodit.
2425 2612 2562 2667 Nam
2605 2613 2648 2668 si
2696 2613 2825 2682 quid
2856 2612 2907 2666 in
2938 2612 3043 2666 hoc
3083 2625 3284 2681 genere
3314 2609 3623 2671 elaboratur,
3646 2607 3707 2659 vi-

528 2721 667 2776 simo
699 2726 754 2772 et
786 2714 1097 2770 doctissimo
1135 2712 1195 2765 D.
1235 2709 1468 2772 Savilio,
1505 2707 1595 2775 qui
1645 2720 1854 2761 summa
1882 2703 2007 2760 fide
2038 2714 2092 2757 et

528 2809 846 2882 diligentia,
911 2806 1096 2861 labore
1149 2804 1311 2857 etiam
1358 2799 1673 2863 indefesso,
1722 2794 2089 2866 Chrysostomi

527 2905 747 2973 scripta,
781 2907 1045 2971 quotquot
1083 2896 1272 2952 haberi
1307 2901 1529 2962 possunt
1556 2890 1764 2958 Graece,
1794 2886 2089 2943 innumeris

529 2995 583 3050 in
612 2993 742 3048 locis
770 2990 1031 3054 correxit,
1057 2984 1361 3057 supplevit,
1409 2982 1713 3039 elucidavit.
1749 2980 2095 3035 Coutidenter

529 3088 669 3151 dico,
703 3081 1148 3139 reverendissime
1190 3078 1447 3141 Domine,
1469 3084 1591 3144 post
1631 3074 1902 3129 inventam
1938 3079 2093 3143 typo-

526 3177 829 3248 graphiam,
854 3186 1014 3228 nemo
1036 3179 1275 3227 veterum
1301 3179 1394 3222 aut
1418 3166 1711 3221 recentium
1737 3164 2087 3234 scriptorum,

530 3279 677 3324 tanta
722 3268 824 3322 fide
875 3276 929 3321 et
958 3263 1214 3333 religione
1238 3301 1253 3327 ,
1295 3270 1400 3314 tam
1439 3257 1775 3321 emaculate,
1810 3256 1863 3311 in
1902 3270 2092 3310 manus

531 3361 809 3417 hominum
840 3357 1060 3427 prodiit,
1090 3368 1249 3425 quam
1277 3351 1508 3421 prodihit
1535 3350 1674 3420 apud
1697 3363 1795 3403 nos
1817 3346 1844 3400 ὁ
1866 3347 2093 3419 χρυσορα

533 3456 743 3526 ρἡων.
780 3449 998 3505 Interim
1033 3462 1183 3511 vero,
1224 3447 1349 3500 dum
1401 3453 1621 3513 urgetur
1649 3455 1786 3511 opus
1810 3481 1825 3507 ,
1856 3440 1997 3509 quod
2024 3438 2093 3492 ad

530 3545 748 3599 tertium
782 3542 891 3611 jam
922 3537 1185 3608 processit
1220 3547 1454 3599 tomum,
1491 3532 1586 3586 καὶ
1621 3532 1718 3585 σὺν
1742 3529 1861 3599 Θεῷ
1897 3530 2090 3593 εἰπεῖν,

531 3636 596 3690 ad
646 3634 933 3701 septimum
986 3628 1243 3700 procedet
1287 3634 1379 3679 aut
1417 3633 1699 3686 octavum,
1730 3619 1973 3690 praeludit
2016 3618 2091 3673 illi

529 3727 935 3788 Nazianzenus,
986 3718 1341 3775 mellitissimo
1395 3715 1643 3786 scriptori
1692 3721 1875 3769 orator
1931 3709 2094 3788 vehe-

531 3833 715 3882 mens,
742 3825 797 3870 ct
828 3812 1137 3868 Gnecorum
1171 3809 1388 3864 Patrum
1435 3803 1964 3882 μεγαλοφωνόταεςος.
2003 3778 2093 3854 Sic

529 3908 674 3963 enim
712 3907 885 3961 solent
915 3904 963 3955 οἱ
1003 3900 1312 3973 ἑστιάτορες
1338 3938 1353 3963 ,
1384 3898 1641 3954 convivas
1680 3874 1916 3950 bellariis
1955 3891 2092 3946 invi-

533 4010 670 4064 tare,
702 3981 826 4053 dum
853 3996 1108 4050 lautiores
1131 3992 1301 4062 epulae
1334 3997 1681 4060 apparantur.
1704 3984 1958 4041 Praeludit
1984 3982 2097 4049 qui-

531 4072 677 4158 dem,
706 4106 805 4147 nec
843 4088 1036 4159 injuria
1066 4106 1079 4143 :
1112 4086 1289 4142 fuerat
1326 4085 1378 4138 in
1427 4083 1737 4153 episcopatu
1781 4087 2093 4133 antecessor

531 4185 621 4253 qui
665 4192 750 4237 est
792 4182 858 4235 ad
905 4182 1094 4249 vulgus
1133 4175 1492 4231 anteambulo.
1548 4171 1656 4227 Nec
1707 4170 1760 4225 id
1810 4168 2089 4224 ferendum

533 4275 698 4328 videri
735 4272 943 4343 possit,
979 4280 1037 4324 ut
1076 4285 1106 4325 e
1153 4266 1359 4323 duobus
1393 4264 1659 4335 episcopis
1709 4259 2091 4317 Constantino-

534 4365 805 4437 politanis,
832 4363 966 4419 alter
1004 4372 1228 4417 ornatus
1256 4360 1336 4416 sic
1366 4367 1420 4414 et
1448 4356 1695 4413 excultus
1724 4354 1917 4418 abeat,
1952 4351 2090 4405 alter

534 4489 1939 4521 __,_______.__.__._————-—

2192 2708 2335 2761 deris
2365 2707 2457 2761 tibi
2476 2706 2600 2775 jure
2623 2705 2917 2769 vindicare,
2949 2704 3036 2759 cui
3062 2718 3181 2767 nos,
3212 2702 3307 2771 qui
3338 2715 3519 2756 sumus
3547 2700 3706 2771 ἱερατιο

2192 2796 2289 2851 κοῦ
2323 2797 2564 2868 βήματος
2616 2796 2772 2868 (cum
2809 2797 2923 2865 ipso
2953 2795 3143 2865 loquor
3169 2791 3541 2859 Nazianzeno)
3573 2806 3653 2844 nos
3669 2798 3711 2843 et

2194 2898 2377 2942 nostra
2402 2887 2752 2956 comprobare
2777 2884 2916 2939 κατὰ
2936 2884 3180 2957 μεγάλην
3200 2882 3425 2954 ἐντολήν
3440 2880 3709 2950 obligamur.

2194 2979 2410 3043 Deinde,
2431 2978 2709 3033 videbatur
2725 2986 3141 3033 consentaneum
3163 2984 3221 3030 ut
3236 2974 3305 3029 ad
3322 2970 3710 3042 archipraasuleiu

2192 3070 2411 3128 festinet
2430 3072 2887 3142 archiepiscopus,
2922 3068 3236 3141 Gregorius,
3287 3067 3460 3123 dicam
3483 3065 3645 3127 libere,
3663 3059 3713 3113 all

2192 3163 2234 3219 G
2246 3164 2505 3234 regorium
2517 3202 2532 3221 .
2550 3162 2698 3229 Quod
2712 3162 2826 3231 siet
2846 3161 3018 3216 locum
3049 3161 3100 3216 in
3120 3160 3210 3215 illo
3229 3168 3324 3214 tuo
3341 3154 3715 3230 φροντιστηρίῳ.

2194 3257 2607 3312 instructissima
2626 3271 2785 3323 quam
2815 3256 3048 3310 adornas
3067 3253 3421 3313 bibliotheca,
3455 3248 3709 3303 Nazianze-

2196 3363 2296 3403 nus
2315 3347 2402 3402 hic
2420 3355 2602 3401 noster
2626 3346 2902 3411 sortiatur,
2932 3359 3031 3399 nec
3047 3343 3192 3398 illum
3212 3341 3437 3412 pudebit
3453 3339 3519 3393 ab
3544 3336 3719 3392 homine

2202 3454 2340 3494 novo
2364 3438 2663 3501 transiisse,
2696 3452 2794 3492 nec
2827 3437 2973 3491 hunc
3004 3435 3057 3489 in
3089 3442 3368 3504 posterum
3402 3426 3719 3501 pmnitebitse

2198 3543 2431 3597 suosque
2466 3527 2677 3581 labores
2705 3526 2758 3579 in
2802 3526 2904 3580 hac
2936 3534 3087 3595 parte
3120 3522 3380 3578 Ecclesia:
3421 3528 3719 3575 consecrare.

2195 3620 2346 3686 Ουοά
2385 3625 2648 3688 superest,
2680 3617 2708 3669 ὁ
2754 3616 2927 3688 μέγας
2982 3613 3415 3686 μητροπολίτης,
3459 3620 3512 3665 et
3542 3618 3723 3675 magnus

2205 3715 2372 3770 totius
2404 3713 2552 3768 orbis
2586 3710 2917 3781 patriarcha,
2952 3707 3261 3777 unigenitus
3288 3706 3385 3760 Dei
3414 3702 3567 3758 Jesus
3602 3695 3725 3753 Chri-

2195 3816 2310 3861 stus
2350 3814 2620 3868 vestram,
2657 3800 3157 3864 Reverendissiuie,
3191 3796 3601 3868 paternitatem,
3627 3788 3723 3842 diu-

2199 3898 2404 3953 tissime
2449 3895 2737 3962 Ecclcsize,
2786 3903 2842 3949 et
2891 3892 3046 3948 bonis
3075 3890 3335 3947 omnibus
3384 3890 3651 3945 conservet
3688 3884 3727 3930 et

2204 3998 2430 4045 tueatur.

2691 4118 3164 4175 Revereudissimze
3187 4114 3403 4169 Vestrze
3445 4104 3722 4166 Paternilali

2825 4209 3091 4265 humiliter
3118 4205 3460 4259 deditissimu

3044 4320 3355 4373 lltcnanous
3395 4313 3659 4370 Memnon.

1944 4454 3726 4503 ’,Μ’-*ῤ’

1701 4648 1846 4735 AD
1920 4640 2598 4735 LECTOREM.

1587 4845 1699 4917 (Ex
1742 4842 1881 4897 Edit.
1923 4839 2236 4895 Montacutii
2280 4841 2464 4896 Etona:
2504 4838 2711 4910 1610.)

600 5145 897 5204 lnvectivas
928 5143 1090 5197 hasce
1110 5139 1249 5192 duas
1266 5136 1558 5199 orationes,
1588 5137 1685 5206 τὴν
1719 5134 1811 5187 τοῦ
1862 5132 2095 5188 Ἰουλια-

2203 5133 2467 5203 amplius:
2517 5129 2891 5197 D.',Savilius,
2929 5129 2957 5182 ὀ
3017 5130 3181 5194 πάνυ,
3228 5137 3293 5183 ιιι
3342 5135 3431 5184 est
3476 5125 3541 5183 de
3576 5117 3737 5177 litteris

532 5243 624 5297 νοῦ
670 5237 941 5294 πολιτείαν
971 5229 1420 5304 στηλιτευούσας,
1470 5228 1596 5289 tibi,
1648 5228 1718 5280 mi
1770 5226 1956 5293 lector,
2013 5241 2099 5282 se-

530 5334 753 5403 junctim
793 5330 1002 5389 Graece,
1034 5340 1155 5381 cum
1201 5321 1421 5377 scholiis
1450 5317 1689 5383 Grzecis,
1725 5326 1779 5373 et
1827 5317 2098 5373 nonnullis

533 5424 769 5493 ejusdem
800 5417 1045 5491 Gregorii
1074 5413 1379 5473 ἀνεκδότοις
1412 5410 1758 5465 exhibemus.
1805 5408 1940 5463 Nam
1974 5424 2096 5465 cum

534 5506 857 5567 Nazianzeni
886 5518 1047 5574 opera
1083 5499 1327 5555 revocari
1353 5496 1452 5553 sub
1481 5494 1630 5563 prelo
1668 5493 2016 5557 correctiora,
2046 5501 2096 5548 et

532 5598 785 5655 studiosis
815 5595 1136 5650 conduceret
1178 5600 1235 5647 et
1272 5588 1501 5652 auctori,
1534 5587 1674 5655 quod
1715 5595 1771 5639 et
1811 5583 1898 5638 illa
1926 5583 2094 5638 editio

486 5745 499 5755 ,
534 5689 856 5747 Basileensis
884 5684 1328 5756 depravatissime
1377 5678 1668 5751 prodiisset
1692 5716 1708 5743 ,
1737 5685 1897 5745 atque
1926 5674 2091 5731 etiam

535 5782 806 5836 distractis
828 5776 1219 5847 exemplaribus
1243 5777 1382 5844 apud
1407 5770 1654 5828 olliciuas
1682 5784 1786 5826 non
1819 5775 2089 5838 prostaret

2197 5225 2399 5295 Optime
2447 5223 2704 5287 meritus,
2736 5222 2804 5277 de
2847 5220 3082 5276 editione
3109 5227 3358 5290 cmperat
3393 5217 3639 5288 cogitare.
3684 5210 3735 5265 Et

2198 5315 2411 5383 quidem
2456 5322 2577 5384 post
2624 5311 3067 5383 Chrysostomnm
3104 5310 3195 5363 τὸν
3245 5306 3733 5382 πολυγραφώτατον.

2199 5418 2355 5474 quem
2396 5404 2600 5473 magnis
2632 5401 2890 5471 impensis
2914 5414 3009 5470 per
3037 5413 3224 5454 omnes
3253 5398 3612 5454 bibliothecas
3636 5406 3734 5464 per-

2202 5495 2479 5566 quisitum,
2510 5495 2575 5548 ad
2603 5494 2816 5547 tertium
2862 5491 2971 5562 jam
3006 5500 3205 5547 tomum
3241 5490 3483 5560 subjecit
3508 5487 3659 5558 prelo,
3685 5481 3738 5535 ad

2201 5585 2340 5640 hanc
2367 5583 2699 5654 provinciam
2745 5582 3107 5638 exornandam
3164 5582 3521 5651 undiquaque
3560 5575 3741 5632 accive-

2202 5686 2286 5733 rat
2317 5677 2618 5746 adjumenta
2645 5694 2659 5730 :
2706 5675 2799 5730 sed
2828 5676 3121 5730 intervenit
3151 5676 3269 5729 haec
3315 5673 3573 5745 cogitanti
3598 5666 3737 5726 editio

2198 5781 2397 5839 nupera
2438 5765 2863 5830 Latino-Graeca,
2908 5781 2937 5819 a
2974 5764 3376 5823 Parisiensibus
3431 5756 3741 5837 typographis
