3832 6394
170 360 253 419 569

1009 339 1322 394 σιωιξειξτι
1362 339 1799 397 ϐΕΝΕΒΙὶΑιῖυΙ
1838 334 2061 401 EPIST.
2108 346 2417 403 DEDICAT.

3233 350 3345 407 ζΐσθ

3236 387 3267 407 υ
3282 386 3292 400 Ι

3236 386 3292 407 υ.

168 471 365 547 specioso
403 456 725 527 frontispicio
766 455 1121 520 lemniscata;
1172 457 1263 526 qui
1297 456 1430 511 nihil
1483 457 1666 512 minus
1694 470 1742 525 Α
1770 461 1868 515 bus
1905 460 2124 529 Billius,
2155 464 2221 518 ad
2244 465 2325 518 sui
2358 463 2478 519 libri
2512 464 2808 533 marginem
2854 465 3238 532 adnutaverat,
3274 484 3340 521 ex

166 570 373 641 prwslant
411 568 558 624 quam
589 550 931 621 pollicentur.
958 549 1241 604 Habebam
1270 548 1528 615 fortasse,
1570 551 1666 604 ha-

164 639 263 717 bere
298 662 411 706 sane
458 652 741 715 poterant,
802 639 1035 712 Regios,
1100 640 1397 710 Regineos,
1460 640 1667 697 Petavii

164 754 327 808 libros,
354 734 535 810 Syrleti
561 776 577 803 ,
602 733 811 788 Thuani
833 772 848 798 ,
886 731 1140 804 Vaquerii
1167 732 1419 801 codices;
1449 732 1542 788 sed
1564 772 1580 798 ,
1609 740 1665 786 ut

162 843 231 900 ille
268 831 464 905 Epicteti
509 829 826 893 lucernam,
879 827 947 881 ad
987 827 1402 881 ostentationem
1447 841 1553 881 non
1598 827 1667 879 ad

163 944 305 993 usum,
328 923 506 995 quippe
543 919 637 990 qui
690 918 865 989 magis
911 917 1288 974 deformarunt
1319 917 1665 988 Gregorium,

161 1033 287 1092 quam
311 1015 465 1069 fuerat
486 1010 536 1064 in
558 1009 797 1064 editione
818 1008 1016 1078 prima.
1044 1008 1180 1062 llinc
1217 1008 1336 1074 tibi,
1374 1008 1446 1062 mi
1477 1008 1663 1071 lector,

159 1106 441 1170 intercisum,
460 1101 526 1156 de
551 1099 759 1156 edendo
787 1098 1067 1167 Gregorio,
1090 1098 1372 1153 consilium
1399 1099 1568 1169 prius,
1600 1115 1667 1154 ne

159 1214 301 1258 tamen
332 1194 491 1267 possis
520 1206 707 1249 carere
748 1191 963 1262 penitus
1004 1192 1197 1261 quibus
1247 1192 1433 1260 nequit
1481 1207 1667 1247 carere

157 1292 503 1349 Nazianzenus,
546 1285 722 1340 visum
768 1293 852 1340 est
907 1283 1207 1339 clarissimo
1255 1283 1330 1337 illi
1361 1283 1498 1347 viro,
1554 1283 1666 1338 lucc

155 1398 247 1455 qua:
269 1393 395 1433 nunc
420 1377 604 1431 damus
629 1374 1064 1438 communicare;
1096 1374 1187 1444 qui
1207 1415 1223 1438 ,
1272 1389 1380 1443 quo
1412 1388 1497 1429 me
1529 1374 1667 1429 solet

154 1488 302 1531 amore
332 1469 612 1542 prosequi,
643 1468 710 1522 ad
751 1469 890 1523 hanc
932 1469 1194 1523 vicariam
1230 1470 1330 1539 ipsi
1381 1468 1663 1523 locandam

152 1578 329 1635 operam
376 1562 630 1629 imparem
661 1559 848 1625 oneri,
895 1568 949 1615 et
1007 1560 1333 1630 imparatum
1372 1561 1660 1630 protraxit.

152 1654 365 1722 Quocirca
393 1660 449 1705 ut
469 1650 610 1705 scias
636 1650 763 1720 quid
795 1650 1097 1720 praestitum
1133 1652 1206 1705 sit
1233 1667 1262 1706 a
1291 1652 1449 1706 nobis
1477 1652 1529 1705 in
1561 1651 1664 1707 hac

151 1746 332 1799 istorum
359 1741 818 1812 ἀποσπασματίων
840 1741 1071 1809 ἐκδόσει,
1102 1750 1305 1798 textum
1332 1742 1661 1799 Nazianzeni

148 1834 349 1892 Graecum
371 1871 387 1898 ,
416 1847 533 1888 cum
565 1833 731 1888 variis
762 1832 1014 1889 collatum
1052 1836 1467 1905 manuscriptis,
1500 1850 1660 1905 quam
1701 1828 1742 1883 Β

149 1930 385 1999 possumus
407 1924 897 2001 emendatissimum
939 1925 1258 1980 exhibemus
1280 1964 1297 1988 ,
1327 1925 1527 1980 scholia
1569 1927 1662 1979 ad-

145 2022 372 2091 junximus
415 2031 517 2070 non
574 2016 780 2071 inutilia
806 2054 822 2079 ,
877 2016 944 2071 de
976 2017 1098 2072 eod.
1152 2017 1426 2086 descripta
1469 2004 1660 2088 perve—

149 2116 261 2161 tusto
304 2105 500 2175 collegii
550 2105 723 2161 beata:
769 2104 951 2159 Mariae
1002 2105 1330 2177 Magdalenae
1384 2108 1437 2162 in
1486 2108 1651 2164 Acad.

145 2199 283 2255 Oxon.
311 2196 547 2252 Nonnum
582 2197 708 2251 huic
746 2196 1053 2252 scholiastze
1080 2213 1240 2267 quem
1275 2197 1618 2266 adjunximus
1642 2239 1657 2267 ,

143 2292 212 2344 τὸν
237 2288 502 2360 ἐξηγητὴν,
552 2288 648 2341 καὶ
678 2288 784 2343 τῶν
821 2288 1069 2362 ἱστοριῶν
1121 2291 1440 2359 ωναγωγέα
1470 2306 1662 2361 suppe-

142 2382 295 2437 ditavit
317 2380 555 2434 Caasarea
582 2380 899 2436 Viennensis
926 2370 1274 2449 bibliotheca,
1300 2397 1365 2437 ex
1396 2383 1662 2452 scriptore

142 2472 505 2543 diligentissimo
548 2469 802 2527 Samuele
838 2473 1020 2530 Slado.
1072 2473 1345 2530 Aberrant
1389 2475 1659 2529 interdum

140 2572 346 2633 uterque,
377 2562 568 2627 fateor,
597 2562 792 2618 alicubi
825 2572 953 2618 sunt
982 2564 1264 2618 manifeste
1290 2565 1660 2633 corrupti,sed

140 2657 190 2708 de
216 2655 271 2708 iis
294 2654 500 2709 solliciti
556 2654 827 2709 noluimus
853 2670 973 2709 esse
996 2695 1012 2721 ,
1064 2665 1269 2710 tantum
1321 2657 1557 2711 contenti
1593 2656 1659 2708 τὰ

136 2744 389 2815 ἀπόγραφα
430 2744 659 2798 fideliter
688 2745 884 2814 ubique
922 2746 1272 2815 expressisse,
1308 2756 1501 2801 czetera
1533 2762 1660 2801 eru-

138 2838 226 2889 dito
266 2836 441 2891 lectori
480 2837 869 2906 permittimus.
921 2837 997 2894 De
1053 2839 1296 2908 epistolis
1335 2848 1389 2894 et
1415 2839 1660 2894 oratione

134 2926 432 2993 ὰνεκδότοις,
468 2938 523 2983 et
569 2928 636 2984 de
674 2939 996 2984 testamento
1036 2932 1331 2986 correctius
1368 2932 1550 2996 edito,
1603 2932 1659 2986 in

136 3018 228 3071 loco
256 3020 474 3075 diximus
496 3020 564 3075 ad
592 3031 769 3076 notas.
808 3020 926 3076 Jam
953 3038 1079 3077 vero
1108 3040 1242 3093 quas
1272 3025 1462 3079 damus
1493 3025 1657 3079 casti-

132 3112 335 3181 gationes
378 3112 429 3166 in
473 3122 619 3168 orat.
653 3115 812 3186 epist.
856 3125 912 3171 et
950 3116 1119 3186 ipsius
1153 3118 1325 3171 Vitam
1350 3157 1366 3183 ,
1398 3119 1462 3177 de
1495 3118 1659 3172 variis

134 3205 525 3275 σδνῃρανίσαμεν
544 3208 896 3278 manuscript.
915 3224 1049 3278 quas
1071 3223 1165 3281 per
1181 3210 1390 3264 litteras
1418 3210 1657 3265 initiates
1686 3189 1731 3251 (ἶ

131 3290 171 3343 in
193 3294 395 3363 singulis
424 3311 548 3367 pag.
578 3297 965 3369 designamus;
1016 3298 1077 3353 Ιῖ.
1108 3310 1258 3354 notat
1283 3301 1404 3353 cod.
1440 3300 1659 3370 Regina:

131 3383 285 3437 matris
314 3382 609 3441 Mediceum
656 3402 687 3443 e
727 3389 1051 3445 bibliotheca
1092 3391 1176 3444 illa
1209 3391 1535 3462 περιϐοήτῳ.
1588 3390 1651 3446 Ρ.

130 3476 401 3533 varietatem
435 3478 727 3536 lectionum
750 3522 766 3549 ,
799 3498 934 3551 quas
963 3484 1090 3539 olim
1119 3486 1458 3539 doctissimus
1489 3484 1649 3540 Jaco-

1776 552 1972 607 ltalicis
2004 564 2057 609 et
2085 554 2309 609 Gallicis
2335 554 2758 623 exemplaribus,
2796 557 2884 624 qui
2920 555 3055 611 liber
3086 572 3230 611 nunc
3256 569 3343 611 cst

1772 644 1923 699 Pauli
1966 645 2169 699 Petavii
2217 646 2485 700 senatoris
2537 645 2881 701 Parisiens‘is.
2924 645 3073 716 Syri.
3122 648 3343 716 optima:

1774 747 1913 790 notze
1956 735 2026 791 M.
2062 736 2118 789 S.
2168 752 2197 790 a
2227 737 2293 792 (ἓ.
2329 735 2543 805 Syrleto
2571 738 2844 792 cardinale
2878 739 3014 806 apud
3057 737 3340 792 Petavium

1774 828 1824 881 in
1862 827 1998 882 libro
2024 828 2184 882 Billii.
2221 827 2312 882 Tr.
2344 829 2563 883 den0tat
2600 828 2721 883 cod.
2753 830 2886 883 satis
2934 837 3197 884 vetustum
3233 828 3343 885 col-

1772 918 1896 986 legii
1936 919 2145 973 Sancta:
2190 918 2472 974 Trinitatis
2515 920 2568 973 in
2609 918 2783 974 Oxon.
2816 921 3103 974 Academia
3128 962 3144 984 ,
3172 936 3341 990 quem

1773 1012 1837 1063 ad
1880 1012 2102 1075 librum,
2168 1011 2280 1080 ipse
2327 1010 2391 1067 D.
2446 1011 2719 1077 Savilius,
2776 1029 2862 1066 XVI
2913 1013 3031 1067 illas
3070 1015 3343 1069 orationes

1772 1114 2059 1172 exegerat,
2109 1102 2161 1155 in
2202 1117 2338 1172 quas
2383 1103 2601 1172 scripsit
2652 1102 2869 1158 Nicetas
2915 1103 3340 1163 Commentator.

1772 1193 1941 1247 Porro
1989 1196 2073 1246 vir
2098 1193 2443 1249 doctissimus
2468 1193 2773 1250 Richardus
2807 1196 3077 1250 Thomson
3102 1235 3117 1261 ,
3150 1206 3203 1251 et
3232 1199 3345 1250 Au-

1771 1284 2017 1354 gustinus
2056 1283 2276 1339 Lindsel
2322 1284 2721 1349 amicissimus,
2758 1302 2884 1341 suas
2924 1288 3030 1342 huc
3065 1289 3343 1357 symbolas

1772 1376 2131 1429 contulerunt.
2171 1375 2270 1430 llic
2296 1375 2438 1429 enim
2470 1378 2857 1447 castigationes
2888 1378 3014 1433 Julii
3057 1379 3337 1443 Gabriclii,

1771 1468 1836 1520 ad
1866 1482 2053 1521 omnes
2079 1482 2167 1536 cp.
2191 1477 2246 1522 et
2268 1478 2405 1523 orat.
2433 1484 2463 1524 e
2494 1470 2771 1524 Vaticanis
2803 1470 3132 1526 membranis
3162 1471 3227 1523 ad
3256 1485 3342 1524 me

1773 1559 1937 1624 misit,
1970 1559 2141 1614 editas
2171 1560 2291 1615 illas
2323 1561 2461 1630 apud
2497 1559 2849 1625 Plantinum,
2892 1562 2985 1615 sed
3015 1561 3342 1615 Parisiensi-

1770 1650 1871 1703 bus
1914 1666 2017 1704 non
2060 1650 2200 1706 visas
2238 1667 2251 1702 :
2300 1661 2465 1719 atque
2506 1651 2552 1707 is
2590 1662 2673 1707 cst
2710 1652 2844 1706 liber
2889 1667 3048 1720 quem
3083 1666 3336 1705 vocamus

1771 1740 1836 1810 G;
1870 1741 1959 1797 ille
2000 1752 2180 1797 autem
2211 1757 2365 1797 suum
2398 1744 2520 1799 cod.
2553 1744 3007 1807 communicavit,
3040 1759 3162 1798 cum
3201 1746 3340 1798 scri-

1770 1838 1873 1905 ptis
1900 1835 2155 1891 collatum
2188 1837 2238 1890 in
2271 1836 2422 1890 Italia
2454 1849 2472 1889 :
2514 1845 2676 1904 atque
2706 1837 2751 1889 is
2783 1844 2867 1890 est
2899 1849 3056 1904 quem
3091 1850 3185 1903 per
3236 1832 3336 1888 ΤΙι.

1770 1927 2136 1997 intelligimus.
2169 1926 2271 1983 0x.
2304 1935 2457 1982 notat
2493 1928 2847 1982 membranas
2878 1927 3335 1997 Magdalenenscs,

1768 2032 1911 2070 xxxu
1953 2026 2092 2071 orat.
2141 2027 2195 2072 et
2250 2017 2457 2072 scholia
2499 2026 2757 2087 perpetua
2808 2018 3171 2071 continentes.
3208 2014 3335 2073 Pal.

1768 2108 1914 2161 illum
1954 2107 2214 2163 Palatinae
2259 2108 2601 2163 bibliotheca:
2633 2110 2755 2162 cod.
2788 2122 2946 2176 quem
2978 2107 3060 2159 vir
3090 2108 3338 2159 eruditus

1767 2201 1829 2257 P.
1860 2202 2250 2258 Felckmannus
2275 2202 2408 2255 citat
2464 2201 2531 2257 ad
2560 2202 2702 2256 illam
2731 2200 2971 2269 Gregorii
2998 2201 3077 2262 εἰς
3112 2200 3340 2254 Ἀθανά-

1770 2310 1902 2348 σιον.
1948 2293 2075 2347 Bas.
2125 2300 2206 2346 est
2250 2292 2414 2347 editio
2452 2291 2780 2345 Basilecnsis
2826 2309 2841 2346 :
2888 2290 3015 2344 Bill.
3070 2292 3339 2359 interpres

1766 2380 1998 2437 Jacobns
2028 2381 2256 2435 Billius:
2286 2380 2372 2434 El.
2406 2381 2671 2450 interpres
2711 2382 2855 2434 Elias
2879 2379 3174 2435 Cretensis.
3203 2382 3334 2435 Sch.

1768 2485 1920 2531 notat
1959 2476 2187 2530 schedas
2209 2475 2277 2529 ab
2296 2474 2512 2529 Andrea
2538 2475 2762 2528 Schotto
2787 2491 2799 2527 :
2827 2482 2880 2526 et
2904 2471 3337 2538 Bod..codicem,

1768 2584 1897 2624 sane
1946 2566 2391 2631 memorabilem,
2436 2566 2769 2620 bibliotheca:
2811 2563 3331 2631 llodleiananon.;

1768 2676 1890 2715 nam
1942 2670 1995 2715 et
2028 2675 2217 2715 omnes
2258 2658 2585 2712 Nazianzeni
2633 2657 2894 2725 epistolas
2939 2657 3135 2724 habet,
3185 2659 3337 2727 prius

1765 2753 1974 2815 editas,
2030 2760 2083 2806 et
2120 2765 2255 2820 quas
2283 2750 2441 2819 primi
2485 2749 2716 2803 damus:
2766 2759 2823 2803 et
2859 2761 3122 2818 praeterea
3148 2748 3335 2803 Basilii

1767 2843 1968 2913 aliquot
2022 2843 2288 2909 decadas,
2337 2854 2526 2894 omnes
2582 2841 2762 2894 adhue
2806 2840 3123 2903 ἀνεκδότους
3152 2880 3167 2906 ,
3199 2854 3336 2910 quas

1767 2936 1891 2992 hinc
1920 2936 2217 3005 descriptas
2261 2935 2521 2990 habemus
2557 2949 2675 2987 nos.
2712 2933 2817 2987 llas
2855 2943 3035 2988 autem
3072 2935 3343 2991 lectiones

1766 3038 1819 3082 et
1840 3028 2216 3097 castigationes
2227 3024 2544 3082 concinnavi
2559 3026 2623 3079 ad
2638 3024 2996 3080 Parisiensem
3020 3026 3334 3091 editionem,

1767 3119 1907 3173 illius
1936 3118 2246 3172 methodum
2276 3118 2327 3171 in
2355 3117 2696 3171 orationibus
2719 3156 2734 3181 ,
2767 3117 3071 3171 orationum
3102 3118 3328 3185 paginis.

1763 3212 2081 3281 paginarum
2122 3210 2360 3263 nmneris
2385 3209 2464 3263 sic
2494 3217 2713 3262 secutus
2733 3248 2747 3271 ,
2788 3218 2847 3261 ut
2877 3217 3133 3275 utrosque
3165 3209 3333 3262 libros

1763 3302 2098 3372 comparanti
2133 3318 2239 3356 non
2285 3301 2357 3355 sit
2385 3298 2634 3365 difﬁcile,
2672 3298 2811 3351 κατὰ
2852 3298 2988 3353 πόδα
3031 3299 3205 3367 sequi.
3252 3300 3330 3352 'l'u

1763 3406 1941 3449 autem
1975 3396 2078 3459 his,
2124 3394 2292 3448 lector
2314 3432 2329 3458 ,
2354 3404 2528 3457 utere,
2555 3390 2738 3446 fruere
2763 3390 2830 3445 ad
2862 3399 3005 3445 tuam
3043 3390 3333 3444 utilitatem

1762 3490 2108 3557 comparatis.
2150 3485 2295 3539 Vale.

126 3604 2132 3633 mh

418 3776 737 3821 GREGORIO
776 3778 890 3822 XIII
940 3778 1241 3823 PONTIFICI
1294 3778 1533 3822 MAXIMO
1586 3778 1932 3830 TOTIUSQUE
1974 3777 2275 3820 ECCLESLE
2312 3777 2492 3820 PATRI
2535 3763 2980 3837 SANCTISSIMOJ

1069 3930 1079 3945 ι
1110 3884 1446 3928 GILBERTUS
1496 3883 1950 3928 GENEBRARDUS
1980 3884 2052 3926 ET
2082 3884 2359 3927 JOANNES

1409 3987 1792 4044 CIIATARDUS,
1826 3988 1882 4029 Τ.
1912 3988 1994 4029 DD
2005 4019 2017 4031 .

1055 4130 1126 4184 Ex
1158 4132 1294 4185 Edit.
1328 4131 1494 4185 Nivel.
1530 4132 1688 4195 1585,
1714 4132 1897 4186 Morel.
1940 4134 2074 4187 1609
2100 4144 2151 4187 et
2192 4134 2375 4203 lli-'50.)

169 4406 327 4467 Multis
386 4416 755 4486 gravibusque
798 4418 975 4471 causis
1021 4416 1235 4471 adducti
1274 4434 1480 4482 sumus,
1518 4436 1642 4474 san-
1679 4423 1722 4477 D
1750 4420 2059 4487 ostendunt,
2090 4431 2148 4475 ut
2178 4422 2352 4477 sancti
2407 4429 2753 4477 monumenta
2803 4422 3044 4491 undique
3089 4423 3195 4476 tuis
3242 4422 3325 4476 in-

118 4502 319 4560 etissime
360 4505 651 4572 Pontifex,
702 4518 759 4562 ut
788 4510 842 4562 in
894 4518 984 4564 tuo
1031 4510 1373 4566 sanctissimo
1428 4514 1645 4567 nomine

120 4590 228 4647 hanc
270 4611 479 4665 novam,
539 4601 775 4669 plenam,
828 4602 1122 4671 perfectam
1175 4602 1236 4657 D.
1266 4603 1508 4674 Gregorii
1544 4605 1648 4658 Na-

116 4686 320 4743 lianzeni
376 4696 796 4748 conversionem
850 4708 1108 4764 apparere
1156 4696 1476 4752 faceremus.
1528 4697 1648 4751 Pri-

116 4788 229 4830 mum
268 4781 375 4836 ha:c
419 4794 682 4854 perpetua
729 4785 830 4839 fuit
872 4796 926 4839 et
974 4796 1231 4843 constans
1275 4790 1565 4843 doctissimi
1593 4800 1646 4843 et

114 4869 386 4925 nobilissimi
449 4876 774 4943 interpretis
832 4875 967 4930 Billii
1026 4878 1301 4944 voluntas,
1354 4879 1503 4946 cujus
1556 4895 1645 4931 su-

114 4956 273 5015 premis
311 4960 448 5014 votis
483 4961 710 5015 minime
734 4972 1019 5031 parentare
1053 4964 1200 5017 nefas
1226 4980 1343 5019 esse
1371 4966 1638 5031 duximus,

111 5048 361 5106 praesertim
408 5067 537 5105 cum
598 5068 773 5123 neque
822 5056 1112 5123 aequiorem
1147 5071 1258 5110 sua:
1311 5057 1630 5111 eruditionis

109 5143 383 5206 patronum,
446 5156 629 5211 neque
690 5145 1050 5212 potentiorem
1104 5160 1327 5200 suorum
1392 5146 1638 5201 laborum

106 5235 539 5299 Propugnatorem,
580 5250 756 5303 neque
796 5237 1251 5292 vehementiorem
1287 5239 1371 5292 sui
1400 5237 1641 5292 Nazian-

107 5318 198 5369 zeni
229 5323 511 5391 cultorem,
559 5343 739 5396 neque
778 5329 1092 5383 similiorem
1136 5345 1246 5383 sua:
1280 5332 1462 5384 virtuti
1497 5333 1638 5385 anti-

104 5404 244 5464 stitem
272 5418 512 5473 nancisci
552 5428 753 5487 posset.
786 5421 986 5474 Deinde
1015 5422 1271 5491 quoniam
1322 5432 1372 5475 te
1410 5424 1636 5478 mirifice

102 5508 271 5583 recreat
296 5521 357 5559 ac
402 5510 589 5563 reiicit
622 5511 778 5580 hujus
812 5513 1056 5583 Gregorii
1098 5529 1313 5579 nomen,
1348 5527 1407 5569 ut
1447 5515 1634 5571 Romae

100 5582 444 5661 Grcgorianum
480 5602 743 5656 sacellum
779 5619 809 5657 a
859 5613 909 5659 te
956 5606 1335 5674 angustissime
1379 5617 1434 5660 et
1464 5608 1633 5661 muni-

101 5676 398 5775 ﬁtetitissime
422 5694 722 5749 excitatura
753 5696 1013 5759 declarat,
1043 5706 1099 5751 ut
1129 5697 1471 5753 sanctissima
1502 5700 1622 5769 pul-

100 5774 264 5831 ttuaria
313 5780 439 5838 huic
492 5784 623 5841 divo
678 5786 1105 5857 splendidissime
1139 5805 1167 5844 a
1215 5799 1264 5846 te
1310 5802 1624 5847 consecrata

1760 4513 2006 4582 gentibus
2041 4513 2344 4583 sumptibus
2384 4513 2686 4581 conquisita
2722 4522 3027 4579 testantur;
3062 4514 3319 4583 quidquid

1754 4603 2102 4671 reliquiarum
2150 4604 2265 4670 ejus
2315 4603 2539 4672 adipisci
2586 4603 2894 4673 potuimus,
2942 4604 2995 4656 in
3043 4611 3193 4657 tuum
3229 4619 3320 4656 sa-

1750 4710 1901 4748 crum
1948 4694 2196 4747 aerarium
2250 4695 2349 4765 ipsi
2385 4696 2548 4748 etiam
2602 4704 3025 4762 comportamns,
3070 4708 3133 4748 ac
3179 4697 3318 4763 apud

1752 4796 1823 4851 te,
1869 4795 2122 4855 tanquam
2158 4786 2474 4841 ﬁdissimum
2520 4786 2820 4849 custodem,
2861 4786 3111 4856 religiose
3154 4787 3319 4855 depo-

1750 4878 1947 4931 nimus.
1978 4877 2312 4933 Godofredus
2346 4877 2530 4932 Billius
2552 4877 2735 4933 Jacobi
2770 4879 3082 4947 interpretis
3117 4878 3313 4943 frater,

1746 4971 1918 5025 sancti
1950 4968 2210 5023 Vincentii
2261 4968 2633 5025 Laudunensis
2683 4970 2872 5034 abbas,
2898 4986 2927 5025 a
2962 4972 3120 5025 nobis
3150 4985 3315 5039 expe-

1746 5063 1870 5116 tiit:
1908 5062 2089 5116 caeteri
2136 5063 2254 5132 ejus
2302 5064 2691 5133 consanguinei
2739 5078 2842 5117 non
2896 5064 3055 5118 modo
3098 5064 3313 5132 generis

1743 5162 2029 5206 stemmate
2067 5160 2123 5205 et
2169 5154 2457 5222 praecipuis
2502 5156 2652 5223 regni
2703 5154 2996 5208 honoribus
3050 5154 3308 5223 insignes,

1742 5259 1929 5298 verum
1962 5244 2126 5298 etiam
2159 5246 2422 5299 catholica
2452 5247 2807 5316 professione,
2837 5257 2945 5300 tota
2978 5245 3151 5299 Gallia
3188 5260 3313 5298 con-

1740 5335 1932 5404 spicui,
1965 5334 2103 5387 hanc
2132 5335 2215 5389 sui
2261 5337 2499 5390 vulneris
2544 5353 2575 5391 e
2624 5338 2779 5391 tantit
2814 5337 3099 5406 pr0pinqui
3156 5337 3308 5391 obitu

1739 5428 1943 5497 accepti
1983 5428 2301 5483 levationem
2345 5441 2400 5484 et
2432 5430 2678 5484 solatium
2708 5446 2826 5486 esse
2862 5432 3306 5499 interpretantur,

1737 5520 1780 5574 si
1825 5535 1883 5573 se
1918 5520 2208 5589 apostolica
2236 5520 2609 5577 benedictione
2645 5524 2919 5593 perfusos,
2962 5524 3008 5577 si
3052 5524 3136 5577 sui
3178 5537 3304 5577 sau-

1736 5613 1913 5679 guinis
1967 5612 2190 5665 exuvias
2239 5613 2306 5666 ab
2362 5614 2651 5683 apostolico
2707 5614 2920 5678 throno,
2973 5614 3129 5683 cujus
3177 5621 3309 5669 sunt.

1734 5703 2140 5768 Studiosissimi,
2172 5706 2308 5758 bene
2346 5706 2576 5770 habitas,
2603 5704 2647 5760 si
2679 5708 2760 5759 sui
2795 5705 2932 5759 Billii
2980 5706 3303 5775 pientissimi
3390 5756 3397 5771 ,

1733 5811 1796 5853 ac
1826 5794 2123 5853 doetissimi
2147 5798 2539 5854 emnobiarchzc
2571 5799 3001 5855 recordationem
3036 5799 3302 5869 aliquanti
