3832 6394
442 295 540 349 ’571

1369 296 1687 351 GlLBERTl
1730 297 2170 370 CENEBRARDI
2212 299 2429 355 EPIST.
2474 299 2786 355 DEUIGAT.

3569 302 3670 359 373

438 424 636 469 tactam
666 428 692 466 a
717 413 1024 469 doctissimo
1071 411 1607 483 doctissimorumque
1634 413 2002 468 amantissimo
2032 417 2077 473 Α
2106 416 2242 479 Quid
2284 416 2627 479 Trinitarios,
2662 416 2861 480 Deitas,
2904 411 3204 479 Tredeitas,
3234 412 3331 483 (tot
3360 413 3505 469 enim
3547 429 3668 485 pro-

436 506 688 575 pontifice
719 504 1101 559 intellexerint.

508 596 707 666 Accipe
772 595 938 662 igitur
1008 595 1384 651 communibus
1450 595 1689 652 omnium
1763 605 2002 650 nostrum

436 689 634 757 optatis
672 686 808 740 Billii
856 685 1196 756 Gregorium,
1232 687 1340 741 imo
1375 701 1503 742 vero
1547 695 1719 750 tuum,
1760 685 1849 755 qui
1880 700 2002 739 eum

439 789 546 831 tam
603 777 905 846 magnificis
954 778 1179 843 aedibus,
1230 786 1337 833 tam
1391 779 1633 848 augustis
1685 778 2004 846 honoribus,

435 879 548 922 tam
581 867 832 938 pretiosis
874 869 1112 924 donariis
1149 872 1494 940 prosequeris
1523 888 1538 925 :
1569 887 1799 941 quorum
1840 873 2001 927 etiam

436 972 595 1011 causa
647 958 974 1026 addidimus,
1029 958 1253 1014 consilio
1310 960 1636 1016 venerabilis
1688 960 2004 1019 Sanetitatis

432 1045 644 1102 Vestra:
689 1049 858 1101 nuntii
913 1046 1140 1103 Joannis
1204 1048 1441 1105 Castellii
1478 1050 1839 1106 Ariminensis
1888 1052 2003 1122 epi-

433 1138 618 1209 scopi,
671 1138 1061 1209 Gregorianum
1114 1141 1389 1197 Laurentii
1441 1142 1655 1199 Frizolii
1708 1144 2001 1209 sacellum,

430 1238 491 1283 ut
535 1231 735 1300 posteri
784 1231 925 1288 illius
978 1233 1369 1289 dedicationem
1422 1233 1512 1286 tibi
1566 1234 1787 1289 omnino
1836 1234 2002 1289 fuisse

431 1321 667 1377 debitam
708 1324 920 1389 norint,
972 1325 1038 1378 ad
1090 1325 1242 1393 cujus
1279 1326 1698 1394 perpetuandam
1736 1341 2002 1382 exornan-

432 1412 662 1479 dantque
709 1412 1109 1468 venerationem
1174 1423 1253 1467 tot
1311 1424 1567 1484 tantaque
1628 1416 1995 1486 insumpsisti,

430 1512 634 1556 etcum
686 1511 763 1558 tot
810 1504 1117 1559 seminariis
1156 1513 1267 1559 toto
1308 1506 1437 1560 orbe
1484 1506 1793 1561 Christiano
1850 1522 1999 1560 sum-

431 1592 771 1655 ptuosissime
825 1594 1107 1657 excitatis,
1159 1608 1279 1647 cum
1328 1602 1404 1646 tot
1455 1603 1669 1663 tamque
1730 1593 1998 1648 variarum

430 1684 734 1750 linguarum
782 1684 919 1753 typis
962 1685 1142 1739 Romae
1194 1684 1341 1738 cusis
1394 1684 1715 1754 theologiam
1770 1685 1837 1739 ab
1883 1686 1997 1753 ipso

431 1778 685 1831 traditam
716 1777 910 1833 tabulis
937 1779 1212 1848 signisque
1242 1779 1564 1834 instruxisti.
1598 1777 1997 1844 Gratulaheris,
2030 1754 2070 1808 Β

430 1879 515 1923 sat
545 1869 766 1935 scimus,
816 1870 1111 1940 interpreti,
1161 1871 1250 1940 qui
1300 1885 1366 1924 eo
1409 1870 1709 1939 praesertim
1758 1879 1999 1939 tempore

427 1961 666 2015 auctoris
692 1960 1143 2030 elegantissimam
1194 1961 1480 2015 editionem
1522 1961 2000 2031 fidelissimamque

426 2053 544 2108 orbi
573 2052 765 2106 Latino
796 2052 1053 2114 exhibuit,
1094 2066 1201 2120 quo
1229 2060 1347 2106 erat
1391 2050 1674 2107 utilissima
1719 2066 1783 2106 ac
1830 2065 2000 2121 prope

427 2147 751 2201 necessnria.
803 2146 908 2199 Isto
964 2145 1242 2209 videlicet,
1297 2160 1403 2215 quo
1470 2144 1781 2201 Calviuiana
1829 2145 1997 2215 pestis

424 2246 595 2291 totum
640 2247 903 2293 terrarum
946 2247 1252 2292 nostrarum
1284 2239 1470 2293 orbem
1510 2237 1728 2306 depasci
1777 2248 1992 2305 conata,

426 2337 621 2383 cuncta
669 2327 753 2380 illa
804 2340 1074 2394 monstra,
1120 2344 1239 2397 qua:
1293 2329 1572 2398 theologus
1626 2329 1758 2383 olim
1814 2330 1996 2386 labore

426 2422 711 2487 plusquam
746 2420 1007 2475 llerculeo
1058 2423 1360 2487 domuerat,
1389 2430 1444 2476 et
1479 2422 1532 2476 in
1589 2436 1774 2478 orcum
1824 2431 1999 2478 trans-

428 2516 677 2575 miserat,
708 2529 773 2567 ex
809 2514 1102 2569 inferorum
1139 2524 1296 2570 antro
1331 2515 1537 2570 eduxit.
1579 2514 1823 2571 Profudit
1852 2516 1995 2572 enim

428 2604 585 2658 nobis
637 2602 876 2657 Valleum
927 2615 980 2658 et
1023 2605 1286 2673 ejusmodi
1339 2607 1545 2671 atheos,
1575 2607 1767 2676 quibus
1820 2608 1997 2663 omnis

425 2697 615 2766 religio
654 2707 738 2752 est
769 2696 966 2752 fabula.
1000 2696 1213 2766 Peperit
1245 2697 1485 2753 Natalem
1526 2698 1804 2753 Jornetum
1857 2699 1995 2753 ludi-

442 2788 806 2858 magistellum
845 2789 944 2843 hoc
973 2805 1114 2845 anno
1156 2789 1310 2845 Metis
1343 2790 1395 2843 in
1424 2791 1634 2843 vincula
1668 2790 1993 2859 conjectum,

426 2890 482 2933 et
549 2880 794 2936 fortassis
829 2896 1047 2935 suormn
1094 2881 1512 2935 commilitonum
1544 2896 1643 2950 ope
1675 2896 1991 2941 evasurum,

427 2969 519 3036 qui
551 2969 744 3024 librum
775 2980 960 3025 contra
1003 2970 1355 3038 patriarchas,
1390 2971 1698 3039 prophetas,
1727 2970 1994 3039 apostolos

428 3063 685 3127 condidit,
736 3078 935 3132 eosque
981 3072 1039 3116 ut
1088 3064 1408 3133 imposteros
1458 3077 1521 3116 ac
1574 3062 1826 3116 falsarum
1865 3062 1983 3116 reli-
2022 3093 2063 3151 α

427 3157 642 3221 gionum
674 3164 923 3210 auctores
965 3170 1346 3224 praaconesque
1380 3155 1635 3209 traducit.
1667 3154 1866 3210 Genuit
1899 3157 1995 3212 Be-

428 3266 544 3305 zam
606 3249 923 3305 Nestoriane
979 3250 1115 3306 duas
1190 3250 1560 3320 bypostaticas
1645 3250 1873 3305 uniones
1944 3252 1994 3306 in

426 3344 641 3400 Christo
694 3344 1109 3399 constituentem
1160 3343 1486 3413 :Langum,
1546 3343 1803 3411 Eutychis
1856 3344 1994 3409 ritu,

428 3452 651 3492 t-arnem
680 3436 879 3491 Christi
914 3451 1040 3491 vere
1078 3445 1131 3491 et
1177 3434 1537 3490 essentialiter
1574 3435 1875 3489 dcificatant
1913 3451 1997 3490 as-

428 3539 696 3584 serentem
743 3546 758 3583 :
804 3528 1167 3583 Brochardum
1218 3526 1509 3583 Manichaee
1567 3527 1767 3581 musica
1821 3527 1999 3582 Calvi-

431 3624 688 3676 nistarutn
748 3622 958 3676 furores
1012 3619 1426 3675 demulcentem.
1482 3618 1710 3673 Protulit
1758 3621 1996 3675 scholam

428 3717 799 3769 Gratievensem
842 3713 1043 3767 Ariane
1085 3720 1140 3766 et
1187 3710 1569 3766 Macedoniane
1602 3712 1996 3767 sanctissimam

431 3813 950 3880 saluberrimamque
979 3809 1455 3878 precatiunculam,
1488 3828 1506 3860 ‹
1537 3811 1733 3864 Sancta
1758 3809 1999 3863 Trinitas

433 3917 570 3954 unus
601 3901 763 3967 Dens,
804 3901 1060 3955 miserere
1088 3899 1277 3964 nostri,
1298 3917 1317 3951 ι
1339 3900 1703 3964 damnantem,
1727 3909 1785 3952 ut
1812 3900 1999 3953 incon-

431 3994 569 4048 sulte
596 4008 625 4046 a
659 3991 909 4046 Patribus
940 3992 1162 4055 dictam,
1190 3999 1247 4044 ut
1280 3990 1656 4061 periculosam,
1707 3998 1764 4044 ut
1806 3992 1999 4047 barba-

432 4100 570 4145 ram,
600 4091 656 4135 ut
686 4082 1054 4150 impropriam.

504 4173 634 4240 Quis
705 4180 1041 4239 posterorum
1109 4179 1311 4225 tantam
1374 4170 1581 4241 copiam
1636 4171 1688 4226 in
1744 4172 1993 4243 blasphe-

434 4265 632 4320 mando
670 4265 893 4319 credet:
931 4264 1014 4317 cui
1063 4263 1315 4332 deinceps
1349 4264 1415 4317 ad
1459 4265 1613 4318 istam
1652 4265 1815 4335 impie
1856 4266 1999 4321 fandi

434 4357 705 4412 licentiam
742 4370 847 4410 non
880 4354 1176 4410 horrebunt
1220 4354 1345 4423 pili?
1392 4353 1704 4411 Procreavit
1733 4357 2001 4412 Calvinia-

2105 508 2308 578 digiosa
2346 507 2607 588 vocabula
2659 516 2878 579 propter
2926 505 3287 576 prodigiosam
3338 505 3667 575 impietatem

2104 608 2229 654 sunt
2256 600 2456 671 sortiti)
2483 600 2677 670 quibus
2720 608 2829 653 tres
2853 597 2922 653 dii
2943 597 3229 665 exsistunt,
3266 611 3406 652 nunc
3436 599 3576 665 aequi
3612 608 3664 654 et

2103 705 2280 760 pares,
2325 706 2469 746 nunc
2504 690 2794 758 inaequales
2835 698 2890 743 et
2922 688 3190 759 impares?
3223 687 3360 755 Quid
3388 687 3671 743 Antitrini-

2105 786 2271 841 tarios
2322 784 2408 840 his
2466 784 2737 839 contraria
2790 782 3115 848 sentientes,
3169 790 3329 850 atque
3384 782 3456 837 ita
3505 798 3667 839 unum

2104 875 2271 929 Deum
2325 874 2643 939 conﬂantes,
2689 882 2746 925 ut
2794 872 2935 926 inter
2985 872 3117 926 istos
3147 881 3201 925 et
3234 871 3529 926 Sabellium
3583 875 3669 927 vix

2104 966 2393 1036 quidquam
2413 965 2737 1019 discriminis
2763 963 3121 1041 percipiatur?
3140 962 3276 1030 Quid
3307 962 3669 1030 Valentinum,

2102 1054 2324 1109 Paulum
2362 1055 2652 1119 Alciatum,
2696 1053 3062 1119 Blandratum,
3094 1053 3526 1109 Mahometanum
3561 1056 3670 1110 bel-

2104 1147 2246 1200 luam
2305 1147 2357 1201 in
2414 1160 2563 1200 suam
2617 1144 3045 1200 commuttionem
3093 1144 3411 1214 recipientes
3446 1160 3525 1200 ‘ac
3561 1160 3673 1218 my-

2103 1240 2264 1291 steria
2306 1236 2651 1291 divinissimze
2684 1234 2803 1289 fidei
2845 1250 2875 1289 e
2905 1233 3170 1288 diabolico
3200 1232 3469 1290 Alcorano
3506 1234 3673 1289 dedu-

2102 1336 2304 1391 centes,
2348 1336 2508 1395 atque
2535 1325 2883 1387 Alcoranum,
2916 1324 3260 1393 Evangelium
3298 1333 3354 1380 et
3396 1324 3671 1396 propheti~

2101 1430 2220 1471 cam
2265 1414 2621 1485 Scripturam,
2656 1425 2908 1483 tanquam
2952 1413 3054 1473 tria
3092 1413 3419 1467 Θεόπνευστα
3458 1426 3673 1485 porten-

2104 1507 2373 1563 tosissime
2400 1506 2721 1576 iungentes?
2764 1505 2901 1572 Quid
2931 1506 3133 1576 reliqua
3164 1507 3381 1560 humani
3429 1509 3669 1576 generis,

2102 1599 2294 1654 nedum
2323 1597 2633 1659 Christiani,
2673 1596 2955 1661 dedecora,
3002 1610 3120 1663 quae
3167 1594 3445 1665 theologiaa
3491 1598 3669 1652 omnis

2101 1705 2318 1745 sensum
2336 1702 2473 1758 pene
2504 1702 2567 1741 ex
2588 1686 2865 1742 hominum
2898 1685 3247 1741 conscientiis
3277 1687 3667 1757 exstirparunt.
3724 1754 3741 1763 7‘

2101 1780 2233 1834 Nam
2266 1795 2369 1835 non
2394 1779 2504 1848 jam
2540 1780 2676 1833 inter
2709 1779 2854 1849 ipsos
2887 1779 2954 1834 de
2997 1782 3156 1834 rebus
3187 1779 3254 1833 ad
3292 1778 3459 1833 Deum
3508 1781 3672 1850 perti-

2100 1870 2352 1925 nentibus
2410 1870 2619 1938 impure
2686 1868 2965 1937 quaeritur,
3019 1884 3205 1923 verum
3263 1870 3328 1925 de
3388 1871 3499 1925 Deo
3558 1872 3671 1940 ipso

2101 1977 2311 2016 summo
2368 1976 2545 2015 rerum
2603 1970 2826 2031 parente
2897 1959 3311 2017 sceleratissima
3376 1963 3535 2017 ardet
3605 1961 3669 2018 lis

2102 2062 2260 2121 atque
2290 2053 2579 2108 contentio.
3358 2050 3361 2051 ⁷

2172 2144 2379 2211 Quibus
2423 2146 2672 2198 omnibus
2707 2160 2825 2200 cum
2876 2143 2961 2199 vel
2999 2159 3138 2200 unus
3196 2143 3567 2200 efﬁcacissime
3618 2153 3670 2200 et

2099 2234 2391 2289 fortissime
2420 2246 2674 2291 occurrat
2722 2235 3026 2304 theologus,
3066 2236 3298 2304 suscepti
3342 2250 3371 2289 a
3405 2235 3563 2289 Billio
3593 2235 3643 2289 la

2097 2330 2259 2382 bores
2287 2328 2351 2381 ad
2387 2327 2533 2381 illum
2564 2328 2719 2383 nobis
2748 2337 2935 2382 contra
2968 2328 3100 2381 istas
3142 2327 3312 2383 furias
3353 2327 3669 2398 pugnaturis

2099 2420 2202 2473 ﬁde
2237 2434 2299 2474 ac
2334 2434 2465 2489 pure
2497 2417 2888 2483 exhibendum,
2921 2422 3059 2487 apud
3097 2428 3147 2473 te
3174 2417 3540 2489 potissimum,
3585 2417 3670 2472 cui

2098 2512 2372 2583 provincia
2416 2512 2667 2565 divinitus
2696 2514 2984 2565 commissa
3030 2521 3114 2566 cst
3143 2511 3380 2577 videndi,
3420 2525 3489 2565 ne
3538 2510 3665 2581 quid

2100 2604 2409 2659 detrimenti
2446 2603 2628 2671 religio
2660 2603 2866 2672 capiat,
2916 2603 3149 2668 inibunt,
3197 2604 3504 2673 opinamur,
3548 2617 3669 2674 gra-

2100 2697 2227 2749 tiam
2250 2710 2409 2764 quant
2442 2694 2749 2750 maximam.
2777 2694 3001 2749 Accedit
3021 2696 3086 2749 ad
3110 2696 3242 2750 istos
3272 2694 3670 2752 labefactandos

2097 2798 2147 2841 et
2184 2787 2433 2841 universa
2486 2787 2722 2841 Ecclesia
2770 2787 2985 2855 penitus
3029 2788 3413 2852 exturbandos,
3461 2787 3666 2841 nullum

2097 2880 2263 2936 videri
2297 2879 2587 2933 remedium
2621 2879 2961 2946 praesentius,
2994 2894 3154 2948 quam
3184 2888 3240 2935 ut
3287 2880 3665 2950 cognominem

2098 2975 2238 3026 hunc
2295 2978 2438 3027 tuum
2500 2973 2861 3040 patriarcham
2916 2974 3214 3039 :emuleris,
3261 2988 3325 3028 ac
3366 2988 3476 3044 quo
3510 2982 3665 3044 pacto

2098 3080 2155 3119 se
2185 3063 2271 3118 ille
2319 3064 2576 3118 adversus
2608 3063 2687 3117 sui
2736 3066 2993 3133 temporis
3037 3065 3300 3121 sectarios
3343 3066 3535 3137 gessit,
3574 3082 3664 3122 eoo

2098 3157 2217 3209 deut
2267 3157 2546 3207 adversum
2603 3153 2734 3208 istos
2787 3155 3014 3210 enitare.
3056 3153 3232 3210 Verbo
3280 3154 3371 3209 Dei
3423 3154 3543 3211 illos
3582 3171 3667 3209 re-

2099 3246 2262 3316 pulit,
2330 3245 2533 3299 litteras
2570 3245 2733 3300 coluit
2778 3257 2832 3301 et
2885 3246 3188 3316 promovit,
3237 3261 3331 3302 eas
3370 3247 3665 3317 praecipue,

2099 3336 2291 3404 quibus
2333 3337 2556 3389 istorum
2591 3335 2811 3390 audacia
2845 3346 2898 3391 et
2932 3337 3208 3392 temeritas
3244 3337 3532 3407 frangitur.
3565 3336 3670 3391 Eu-

2100 3431 2279 3485 lalium
2323 3440 2373 3484 et
2404 3430 2537 3484 alios
2571 3432 2768 3499 probos
2819 3431 3114 3501 doctosque
3156 3430 3438 3500 episcopos
3469 3431 3672 3486 consti-

2101 3523 2218 3587 tuit,
2246 3522 2337 3592 qui
2368 3524 2554 3586 verbo,
2599 3522 2869 3592 exemplo,
2896 3522 3113 3592 scriptis
3142 3522 3365 3577 istorum
3419 3522 3675 3592 blasphe-

2101 3614 2239 3679 miis,
2278 3614 2640 3685 improbitati,
2690 3613 2973 3683 imperitiae
3010 3615 3350 3669 resisterent.
3406 3612 3668 3668 Basilium

2101 3723 2352 3776 magnum
2395 3722 2583 3776 magna
2625 3709 2965 3764 contentione
3001 3708 3137 3777 iuvit
3177 3710 3244 3765 ad
3274 3709 3669 3765 Caesariensem

2101 3800 2620 3869 archiepiscopatum
2665 3802 3123 3870 consequendum,
3151 3812 3209 3857 ut
3240 3803 3291 3857 in
3333 3803 3673 3874 Cappadocia

2102 3905 2327 3959 serpens
2367 3890 2979 3947 Pucumatomachorum
3019 3903 3075 3947 et
3129 3884 3425 3949 amentium
3463 3894 3672 3963 Apolli-

2101 3983 2429 4036 naristarum
2465 3996 2665 4037 cancer
2716 3987 3156 4054 reslingueretur.
3189 3985 3480 4041 Theodosii
3510 3986 3673 4041 Chri-

2101 4078 2416 4133 stianissimi
2455 4080 2794 4150 imperatoris
2833 4096 2988 4149 opem
3020 4082 3323 4151 imploravit
3366 4084 3433 4136 ad
3485 4093 3675 4138 retun-

2101 4171 2330 4226 dendam
2364 4171 2709 4237 Arianorum,
2749 4171 3276 4239 Macedonianorum,
3307 4172 3675 4242 Apollinario—

2101 4286 2219 4325 rnm
2260 4269 2668 4340 impudentiam,
2713 4268 2803 4337 qui
2856 4266 3019 4321 verbo
3049 4265 3141 4319 Dei
3174 4279 3231 4320 se
3269 4264 3678 4333 persuadendos

2104 4378 2208 4416 non
2243 4362 2575 4432 prmbehant.
2603 4358 2927 4430 Olympium,
2954 4355 3339 4427 Sophronium,
3368 4357 3675 4419 Asterium,

436 4464 539 4504 nus
590 4449 847 4511 vomicas,
898 4449 1038 4503 hanc
1087 4438 1576 4504 enuntiationem‘a
1616 4450 1864 4509 Patribus
1903 4453 1997 4508 Μ·
2031 4446 2074 4502 D
2107 4454 2401 4520 Victorem,
2436 4451 2771 4513 Modarium,
2818 4447 3166 4518 Eutropiunt,
3211 4445 3678 4515 Amphilochium,

433 4542 600 4597 cautis
633 4553 823 4596 contra
851 4540 1144 4595 inferorum
1172 4554 1354 4610 portas
1391 4542 1700 4597 dulcissime
1744 4559 2001 4612 persona-

435 4646 569 4697 tam,
609 4651 627 4684 t
661 4632 826 4685 Deum
867 4631 932 4685 de
961 4629 1093 4697 Deo,
1122 4631 1301 4686 lumen
1334 4633 1401 4688 de
1438 4632 1659 4703 lumine,
1700 4633 1868 4689 Deum
1908 4649 2001 4689 ve-

434 4742 553 4779 rum
596 4723 665 4779 de
707 4724 814 4777 Deo
842 4738 992 4786 vero,
1023 4742 1041 4773 ι
1077 4732 1136 4776 ut
1176 4724 1387 4792 duram,
1434 4735 1493 4779 ut
1541 4724 1909 4797 improprium,
1944 4736 2001 4781 ut

435 4816 674 4872 maxime
711 4816 1063 4887 periculosam
1097 4817 1471 4875 abhorrentes.
1522 4816 1737 4873 lnduxit
1780 4834 1875 4887 per
1902 4819 2004 4875 Le-

436 4911 702 4965 manicatn
741 4894 1043 4975 colluviem,
1084 4924 1275 4964 novant
1314 4924 1557 4977 persona:
1593 4911 1705 4964 sive
1747 4911 2003 4981 hyposta-

433 5014 569 5067 seos
609 4999 997 5063 definitionem,
1045 5016 1149 5069 qua
1205 5015 1309 5055 non
1360 4998 1473 5068 jam
1537 5016 1765 5070 persona
1822 5001 2003 5058 divina

435 5092 698 5148 subsistat
740 5107 836 5161 per
868 5106 947 5158 se,
978 5092 1071 5146 sed
1116 5106 1210 5161 per
1244 5093 1533 5147 essentiam
1573 5103 1625 5148 et
1662 5093 1715 5148 in
1741 5094 2001 5160 essentia;

436 5203 543 5242 non
583 5188 695 5257 jam
733 5204 827 5257 per
861 5202 980 5243 sese
1010 5186 1300 5250 cohaereat,
1344 5188 1439 5243 sed
1472 5187 1537 5242 de
1567 5188 1834 5242 communi
1879 5201 2006 5258 qua-

436 5282 560 5334 dam
601 5282 903 5336 substantia
942 5282 1207 5351 pendeat,
1247 5282 1403 5350 eique
1444 5295 1592 5336 more
1650 5280 2003 5336 accidentium

438 5373 717 5427 inhaereat.
764 5373 901 5439 Quid
954 5372 1146 5429 addam
1194 5374 1565 5428 Autotheanos
1621 5381 1821 5427 temere
1875 5387 2003 5441 pro-

438 5462 752 5519 nuntiantes
782 5463 978 5519 Filium
1010 5473 1064 5519 et
1097 5464 1355 5533 Spiritum
1410 5472 1654 5519 sanctum
1702 5463 1835 5517 nihil
1878 5466 2004 5517 sub—

438 5557 652 5609 stantiae
696 5572 724 5607 a
768 5556 921 5611 Patre
970 5565 1321 5625 consecutos,
1371 5555 1463 5611 sed
1508 5571 1536 5610 a
1575 5571 1633 5611 se
1688 5557 1813 5611 deos
1852 5553 2009 5611 esse?

504 5734 549 5765 ⁸³
592 5731 762 5787 lCIlI'.
796 5749 863 5797 lt,
894 5733 980 5788 ἐ’-Ι.

2107 4545 2409 4607 Iulianum,
2452 4543 2820 4605 Candianttm,
2868 4539 3137 4611 principes
3185 4538 3582 4609 praefectosque
3614 4542 3681 4593 ad

2108 4636 2408 4709 perdendos
2452 4635 2605 4697 istos,
2633 4648 2696 4688 ac
2726 4648 2785 4687 ea
2818 4647 2936 4700 quae
2962 4640 3085 4685 sunt
3113 4631 3259 4699 pacis
3290 4630 3683 4689 ecclesiastica!

2108 4726 2413 4797 praestanda
2457 4725 2688 4793 impulit.
2732 4723 2925 4777 Pacem
2974 4720 3105 4775 fovit
3139 4722 3280 4776 inter
3322 4723 3604 4794 principes
3633 4737 3690 4778 et

2108 4828 2352 4887 pastores
2381 4814 2693 4876 catholicos,
2742 4820 2801 4865 ut
2838 4810 3145 4866 Christiana
3178 4810 3319 4864 acies
3352 4821 3544 4865 contra
3584 4812 3690 4866 int-

2108 4910 2225 4979 pios
2270 4914 2415 4961 esset
2465 4903 2687 4958 firmior.
2734 4902 2978 4958 Gladium
3024 4901 3246 4969 spiritus
3290 4908 3343 4956 et
3382 4902 3511 4957 ferri
3573 4903 3685 4958 mi-

2110 4998 2280 5064 scuit,
2325 5007 2486 5070 atque
2520 5008 2641 5048 cum
2682 4991 2934 5062 Apostolo
2987 4990 3146 5044 modo
3201 4991 3253 5044 in
3302 4992 3447 5061 virga
3495 4992 3690 5057 venit,

2113 5089 2271 5147 modo
2323 5090 2374 5142 in
2423 5089 2687 5142 charitale
2718 5095 2772 5140 et
2820 5084 3012 5154 spiritu
3064 5084 3487 5139 mansuetudinis
3508 5083 3582 5149 ⁸³,
3632 5094 3691 5136 ut

2110 5178 2406 5234 Ecclesiam
2442 5176 2737 5232 haeresibus
2768 5185 3077 5244 corruptam
3112 5190 3223 5230 sua:
3253 5174 3471 5243 puritati
3521 5176 3693 5229 resti-

2113 5278 2309 5326 tueret.
2340 5267 2670 5324 Charitatem
2715 5267 2883 5323 coluit
2913 5282 3033 5322 cum
3081 5268 3350 5333 omnibus,
3377 5266 3460 5322 sui
3512 5267 3693 5321 etiam

2112 5359 2347 5417 nominis
2378 5367 2433 5413 et
2482 5359 2659 5415 throni
2710 5359 3013 5429 dispendio.
3047 5359 3301 5430 Projicite
3332 5372 3438 5425 me,
3478 5359 3694 5427 inquit,

2113 5455 2165 5509 in
2214 5470 2390 5519 mare,
2436 5454 2479 5509 si
2517 5465 2737 5524 propter
2767 5467 2851 5507 me
2880 5463 2997 5509 orta
3048 5462 3131 5507 est
3171 5460 3493 5521 tempestas:
3531 5449 3696 5504 inde-

2114 5567 2250 5622 que,
2298 5561 2349 5605 ct
2397 5551 2607 5620 quidem
2645 5548 2857 5603 thsare
2909 5550 3134 5618 aliiSquc
3176 5547 3273 5613 piis
3318 5542 3691 5615 gementibus-
