3832 6394
177 399 276 456 575

1092 392 1405 449 CILBEBTI
1445 391 1888 452 GENEBRABDI
1916 391 2132 447 EPIST.
2163 389 2477 445 DEDICAT.

3286 388 3388 442 574

176 514 443 579 Nectario,
481 526 694 568 summo
721 525 783 567 ac
814 509 1077 566 ditissimo
1111 509 1500 581 patriarchatu,
1539 524 1731 574 nempe
1757 514 1805 572 Α
1836 519 1979 565 tenet
2015 518 2215 578 partes.
2253 505 2388 560 Nam
2431 505 2804 574 interpretem,
2844 503 2968 557 dum
3005 512 3240 568 viveret,
3282 519 3390 557 non

175 608 786 675 Constantinopolitano,
829 614 951 674 post
989 602 1338 674 apostolicum
1400 601 1728 671 amplissimo

175 697 351 761 cessit,
391 710 460 753 ne
500 697 584 754 vel
616 696 896 752 minimum
935 693 1244 749 scbismatis
1288 693 1429 748 inter
1453 692 1730 762 episcopos

173 794 434 844 cerneret.

169 868 177 876 ”
239 881 450 938 Caetera
483 879 804 950 scriptorum
830 877 946 948 ejus
976 876 1138 934 lectio
1167 875 1536 947 copiosissime
1568 877 1732 934 doces

175 975 270 1040 bit,
293 988 420 1044 qua:
442 985 508 1028 eo
534 973 712 1027 futura
737 978 820 1026 est
845 968 1050 1040 gratior
1070 982 1135 1024 ac
1157 967 1455 1038 probatior,
1481 983 1587 1038 quo
1610 983 1729 1023 me-

175 1067 362 1121 liorem
397 1072 555 1120 nacta
585 1073 669 1121 est
698 1062 1051 1134 interpretem
1084 1077 1101 1116 :
1138 1075 1329 1131 nempe
1361 1074 1507 1126 eum,
1539 1060 1592 1115 in
1625 1075 1732 1130 quo

174 1163 382 1212 tantum
413 1156 624 1211 videtur
648 1153 1000 1225 eloquentiae,
1035 1162 1094 1206 ut
1127 1166 1223 1222 per
1249 1152 1410 1205 alium
1443 1151 1732 1221 Gregorius

173 1255 292 1301 tuus
330 1245 666 1316 eloquentius
707 1244 898 1300 Latine
935 1243 1120 1300 dicere
1153 1242 1242 1298 vix
1279 1243 1482 1312 possit;
1526 1251 1730 1296 tantum

176 1338 469 1404 doctrina,
502 1347 562 1393 ut
594 1353 686 1407 per
715 1337 877 1392 alium
913 1336 1119 1392 doctius
1153 1343 1208 1388 et
1239 1334 1503 1390 eruditius
1536 1349 1733 1406 reprae-

175 1430 378 1488 sentari
404 1431 494 1484 vix
522 1436 712 1500 queat;
748 1435 954 1483 tantum
988 1425 1290 1482 sanctitatis
1320 1440 1384 1480 ac
1409 1426 1646 1491 virtutis,
1675 1434 1734 1479 ut

177 1520 439 1592 Spiritum
475 1528 718 1576 sanctum
754 1519 838 1575 sui
874 1517 1059 1589 organi
1097 1533 1253 1573 sensa
1291 1516 1524 1572 libenter
1558 1519 1606 1572 ei
1647 1517 1732 1572 in-

175 1611 415 1681 spirasse
463 1618 884 1666 consentaneum
933 1610 1038 1674 sit;
1092 1616 1296 1662 tantum
1345 1609 1632 1677 diligentia:
1681 1619 1736 1664 et

173 1703 367 1766 studii,
406 1710 464 1756 ut
497 1701 610 1769 ipse
643 1715 816 1770 neque
842 1701 995 1764 vitae,
1026 1701 1093 1769 agi
1121 1701 1410 1755 volvendos
1439 1701 1605 1756 libros
1635 1717 1732 1756 suo

176 1793 426 1849 instituto
449 1791 781 1856 commodos,
811 1806 982 1860 neque
1007 1791 1233 1846 fortunis
1260 1791 1325 1844 ad
1356 1793 1620 1860 parandos
1649 1794 1729 1846 in-

1833 601 1993 656 modo
2025 600 2351 655 amicissime
2381 596 2564 662 coluit,
2586 609 2773 649 verum
2797 594 2960 650 etiam
2990 579 3392 658 consilio,'sen-

1833 695 2025 757 tentia,
2056 691 2333 747 recondita
2367 703 2465 745 sua
2498 686 2822 752 eruditione,
2849 686 2994 740 omni
3027 685 3256 753 denique
3283 701 3387 755 qua

1833 787 2007 856 potuit
2029 797 2088 839 re
2109 798 2174 838 ac
2196 781 2372 838 studio
2388 779 2549 850 jnvit,
2572 776 2752 833 missis
2773 776 2936 834 etiam
2958 790 3024 829 ex
3047 773 3190 829 Urbe
3212 790 3394 830 exem-

1826 866 2075 946 plaribus
2108 873 2311 930 Graecis
2341 884 2507 942 penes
2539 883 2637 923 nos
2669 868 2847 922 adhuc
2878 866 3166 938 depositis,
3199 866 3394 934 quibus

1837 965 1920 1021 vel
1955 964 2192 1034 corrupti
2225 963 2327 1018 loci
2361 959 2799 1022 emendarentur,
2827 955 2913 1011 vel
2943 957 3158 1012 obscuri
3195 955 3393 1010 illumi-

1833 1064 2115 1121 narentur,
2153 1053 2238 1108 vel
2282 1067 2416 1122 opus
2463 1051 2637 1120 ipsum
2681 1060 2941 1102 novorum
2984 1045 3395 1102 commentario-

1833 1163 1983 1212 rum,
2015 1145 2317 1203 orationum
2336 1183 2351 1209 ,
2383 1142 2763 1213 epistolarum,
2793 1139 3091 1194 carminum
3121 1152 3394 1207 nunquam

1835 1249 1993 1294 antea
2021 1239 2290 1300 editorum
2322 1234 2634 1290 accessione
2663 1233 2815 1288 valde
2845 1231 3281 1301 locupletaretur.
3316 1229 3394 1283 Ex

1835 1329 2031 1401 quibus
2062 1329 2310 1384 omnibus
2342 1341 2464 1382 cum
2499 1339 2653 1379 suum
2683 1321 2793 1391 jam
2827 1336 2991 1376 unum
3024 1323 3190 1390 probe
3223 1319 3392 1376 colla-

1833 1431 1948 1476 tum
1979 1429 2033 1474 et
2060 1418 2534 1489 castigatissimum
2566 1416 2814 1471 effectum
2846 1413 3166 1477 absolverit,
3195 1412 3396 1481 optime

1835 1510 2147 1577 nerereris,
2181 1508 2340 1564 Pater
2367 1507 2730 1572 sanctissime,
2758 1507 2824 1562 de
2857 1519 2916 1559 re
2944 1503 3278 1567 Christiana,
3311 1512 3397 1556 at-

1838 1617 1942 1673 que
1967 1602 2098 1672 adeo
2123 1601 2189 1654 de
2218 1598 2334 1667 ipso
2365 1596 2645 1665 Gregorio,
2670 1609 2826 1666 quem
2857 1594 2944 1664 pie
2973 1592 3109 1648 colis
3136 1600 3190 1646 et
3219 1592 3284 1645 ad
3316 1591 3401 1659 pie

1835 1694 2118 1750 colendum
2142 1702 2329 1744 omnes
2351 1688 2578 1753 excitas,
2601 1687 2646 1742 si
2671 1701 2793 1742 eum
2820 1685 2886 1740 de
2911 1684 3122 1754 integro
3144 1699 3210 1736 ex
3234 1683 3402 1752 ipsius

1836 1784 2120 1842 emendato
2158 1780 2345 1837 codice
2384 1780 2574 1835 excudi
2614 1779 2935 1848 imperares,
2961 1777 3040 1843 fac
3077 1774 3226 1829 illum
3263 1775 3403 1844 typis

175 1883 422 1939 dulserit.
459 1883 528 1936 Et
561 1896 722 1948 sane,
762 1883 818 1934 ut
851 1881 1021 1949 prima
1056 1880 1292 1935 editione
1331 1889 1477 1934 recte
1516 1883 1584 1936 ab
1621 1884 1734 1950 ipso
1766 1869 1811 1930 Β
1843 1878 1947 1932 tuis
1992 1872 2426 1946 elegantissimis,
2467 1870 2660 1940 quibus
2701 1867 2989 1924 concilium
3032 1864 3400 1920 Florentinum

176 1985 256 2030 est
282 1985 623 2037 annotatum,
643 1987 764 2028 eum
789 1973 877 2041 qui
901 1973 951 2026 in
975 1972 1076 2028 hoc
1098 1980 1314 2026 auctore
1340 1971 1732 2038 transferendo,

175 2067 449 2136 specimen
481 2065 561 2120 sui
595 2066 836 2134 praebere
863 2065 1006 2128 vult,
1036 2063 1220 2118 multis
1250 2065 1564 2136 magnisque
1597 2081 1736 2135 prae-

177 2157 329 2213 sidiis
355 2159 677 2211 instructum
703 2169 821 2211 esse
846 2167 1075 2226 Oportet.
1103 2157 1156 2212 In
1187 2172 1252 2211 eo
1277 2157 1421 2211 enim
1443 2157 1734 2211 verborum

176 2248 401 2317 argutia:
444 2250 794 2318 undecunque
837 2256 1088 2317 captataa,
1135 2247 1332 2317 ubique
1373 2261 1508 2316 pene
1550 2262 1738 2302 cruces

177 2337 349 2408 figunt
383 2340 686 2409 interpreti.
720 2338 947 2393 Prolixae
983 2339 1227 2409 periodi,
1261 2348 1319 2392 ut
1349 2337 1551 2393 Graecae
1587 2339 1736 2393 locu-

178 2434 314 2489 tioni
348 2434 418 2489 ob
453 2432 806 2487 connectendi
844 2431 1152 2486 facilitatem
1190 2445 1294 2484 non
1330 2445 1514 2498 parum
1550 2432 1737 2500 gratia:

176 2536 341 2594 atque
371 2523 675 2579 ornamenti
710 2522 971 2586 aﬂ‘erunt,
1000 2522 1071 2576 ita
1103 2523 1169 2575 ad
1199 2520 1416 2576 Latinas
1444 2537 1600 2577 aures
1632 2539 1736 2576 non

177 2617 298 2673 sine
332 2618 497 2670 animi
533 2614 885 2684 suspensione
923 2623 977 2669 et
1016 2613 1233 2669 fastidio
1269 2613 1734 2670 transfunduntur.

176 2705 520 2761 Brevissima:
541 2705 828 2759 allusiones
848 2704 1054 2760 crebris
1076 2704 1207 2760 locis
1229 2719 1428 2772 sparsa:
1453 2720 1554 2760 non
1581 2705 1738 2759 modo

175 2793 702 2866 plurimaeleetiouis,
723 2807 906 2848 verum
932 2793 1090 2849 etiam
1117 2792 1439 2847 felicissima:
1465 2794 1740 2848 menmriae

175 2887 530 2954 interpretem
557 2885 798 2956 exigunt,
825 2884 1020 2954 quibus
1043 2883 1124 2939 vel
1156 2885 1416 2952 ignoratis
1437 2884 1517 2939 vel
1551 2884 1734 2955 negle-

177 2986 312 3030 cttm
350 2975 615 3041 decursis,
654 2988 871 3030 necesse
904 2973 975 3028 sit
1010 2975 1372 3043 peregrinari,
1407 2974 1654 3044 velutque
1689 2977 1740 3030 in

178 3067 364 3120 alieno
404 3067 520 3120 solo
560 3065 786 3131 versari,
828 3080 890 3120 ac
930 3067 1377 3135 quemadmodum
1419 3069 1581 3124 habet
1620 3071 1739 3135 Job,

176 3159 361 3222 ἄλλοις
389 3157 642 3229 νήχεσθαι
668 3157 866 3225 λόγοις.
897 3156 1464 3229 Peculiaris‘qumdam
1498 3161 1740 3230 phrasis.

1844 1978 1899 2024 et
1923 1967 2178 2036 pleraque
2201 1963 2304 2018 alia
2330 1960 2624 2018 emittenda
2650 1958 2874 2023 curasti,
2903 1955 3161 2012 traderes.
3189 1955 3400 2022 Alioqui

1848 2062 2020 2117 nostri
2056 2057 2372 2132 typographi
2407 2064 2646 2126 torpent,
2679 2069 2778 2109 nec
2804 2053 3018 2108 Graecas
3047 2052 3234 2120 prima:
3267 2058 3397 2102 nota

1844 2155 2109 2210 editiones
2132 2151 2295 2206 facile
2317 2150 2639 2219 suscipiunt,
2663 2147 2775 2202 sive
2797 2146 2936 2216 quod
2959 2144 3205 2215 privatim
3230 2142 3396 2196 minus

1847 2247 2006 2301 tantis
2036 2243 2336 2313 sumptibus
2364 2240 2660 2306 sufﬁciant,
2690 2239 2802 2294 sive
2832 2238 2973 2307 quod
3003 2235 3210 2290 lucrum
3242 2248 3273 2288 e
3305 2232 3392 2286 La-

1845 2339 1968 2392 tinis
1996 2347 2048 2390 ct
2073 2334 2375 2390 vernaculis
2407 2346 2644 2402 praesens
2675 2329 2902 2400 publica:
2930 2327 3151 2382 utilitati
3184 2335 3394 2394 antepo-

1845 2437 1995 2482 nant.
2031 2425 2339 2480 Grzecorum
2382 2421 2524 2476 enim
2560 2420 2922 2476 venditionem
2966 2417 3247 2471 lentiorem
3285 2430 3398 2471 esse

1845 2528 2154 2582 causentur,
2179 2515 2321 2571 haud
2344 2514 2501 2569 dubie
2524 2521 2740 2582 propter
2761 2509 2897 2566 bella
2921 2518 2975 2564 et
2999 2510 3254 2568 haereses,
3275 2522 3392 2576 quo-

1844 2626 1962 2666 rum
1999 2623 2161 2664 causa
2201 2607 2396 2677 lingua:
2433 2614 2487 2659 et
2525 2603 2803 2658 solidiores
2843 2599 3141 2669 disciplina:
3175 2598 3372 2667 ubique

1847 2701 1948 2756 nisi
1975 2715 2004 2753 a
2034 2708 2084 2753 te
2112 2697 2414 2760 foveantur,
2446 2693 2699 2761 languere
2726 2690 3018 2759 incipiunt;
3051 2697 3107 2742 ut
3137 2697 3400 2742 taceamus

1847 2793 2148 2857 avaritiam,
2175 2805 2294 2862 quae
2316 2803 2421 2843 non
2449 2786 2581 2841 sinit
2613 2783 2858 2838 homines
2885 2781 2971 2837 his
2999 2781 3397 2836 litterisincutn-

1846 2885 2005 2948 here,
2033 2897 2151 2952 qua:
2180 2895 2310 2951 opes
2338 2893 2514 2948 neque
2540 2889 2793 2946 magnas,
2825 2887 2997 2941 neque
3025 2871 3208 2926 faciles
3232 2869 3403 2924 conci-

1847 2973 2000 3027 liant.
2018 2973 2135 3026 Tibi
2157 2973 2259 3026 erit
2284 2971 2516 3024 maximo
2537 2971 2875 3028 ornamento,
2901 2962 2992 3016 tibi
3019 2963 3171 3017 cedet
3194 2961 3404 3015 immor-

1850 3065 1939 3120 tali
1967 3064 2168 3135 gloriae,
2191 3063 2235 3124 si
2261 3077 2353 3117 eas
2377 3073 2686 3122 conserves,
2714 3071 2799 3120 ac,
2824 3063 2884 3114 ut
2910 3052 3147 3124 cmpisti,
3170 3051 3407 3106 eruditur

1848 3154 2014 3208 libros
2035 3153 2148 3207 suis
2169 3152 2360 3221 primis
2379 3148 2576 3219 linguis
2598 3143 3112 3212 cliaracteribusque
3136 3141 3408 3204 restituas,
3478 3163 3482 3167 -

177 3261 230 3305 et
254 3251 472 3319 quidem
499 3248 836 3304 Polemonica
861 3249 1204 3319 Hieronymo,
1233 3251 1516 3307 lsocratica
1544 3253 1740 3318 Suidre,
1756 3230 1813 3332 ac
1846 3254 2004 3314 atque
2029 3243 2094 3297 ad
2129 3250 2371 3312 posteros
2402 3239 2755 3294 lransmillas-

178 3343 540 3397 disertissima
563 3340 810 3398 omﬁibus
831 3341 1015 3398 Graece
1035 3343 1353 3408 scientibus,
1395 3344 1746 3414 inprimisque

179 3434 400 3489 erudita
420 3434 504 3488 vel
533 3433 1029 3503 perSpicacissimos
1054 3434 1238 3488 oculos
1265 3436 1458 3505 saepius
1486 3439 1744 3505 perstrin-

179 3531 260 3601 git
281 3571 299 3598 ,
330 3539 394 3584 ut
424 3530 528 3585 nisi
559 3543 770 3588 summa
800 3543 928 3584 cura
958 3529 1458 3600 animadversioque
1493 3529 1748 3584 adhibea-

184 3631 299 3689 tur,
336 3637 463 3677 vera
509 3621 789 3692 scriptoris
831 3636 1004 3686 mens,
1062 3623 1115 3676 in
1159 3622 1326 3677 levem
1370 3624 1653 3692 quamdam
1697 3631 1751 3678 et

181 3715 406 3779 inanem
438 3717 706 3778 umbram,
733 3724 788 3767 ut
819 3717 884 3768 ab
916 3713 1097 3769 Ixione
1123 3716 1368 3769 adamata
1395 3713 1534 3778 Juno
1565 3715 1616 3769 in
1647 3731 1750 3767 nu-

181 3808 311 3863 bern
350 3808 562 3875 migret.
601 3805 667 3862 Ut
699 3807 840 3861 enim
877 3807 1074 3860 Daedali
1109 3815 1336 3868 statuas,
1373 3806 1472 3859 nisi
1508 3805 1752 3859 firmissi-

183 3903 293 3955 tnis
317 3898 545 3956 vinculis
574 3899 1018 3969 astringerentur,
1051 3896 1226 3965 lugam
1257 3896 1529 3964 corripere
1559 3895 1750 3950 solitas

185 3990 375 4047 retulit
413 3989 594 4053 Plato,
635 3989 705 4043 ita
745 3988 972 4058 genuina
1014 3986 1172 4056 hujus
1208 3984 1496 4046 sententia,
1532 3984 1633 4038 nisi
1665 3999 1753 4036 ar-

186 4084 433 4144 ctissima
471 4081 766 4136 attentione
801 4089 857 4135 et
893 4079 1170 4148 diligentia
1204 4076 1488 4142 vinciatur,
1527 4077 1752 4131 vertenti

191 4180 349 4249 quasi
385 4179 452 4233 de
484 4178 730 4232 manibus
761 4175 1011 4230 elabitur.

256 4271 637 4326 Difﬁcultatem
673 4270 824 4328 auxit
856 4267 1076 4324 Graecus
1105 4267 1273 4322 codex
1308 4265 1627 4334 impressus,
1663 4262 1752 4332 qni

188 4380 308 4420 cum
340 4364 536 4418 unicus
566 4371 832 4430 suppetat,
868 4368 944 4413 tot
973 4359 1220 4426 tantique
1255 4357 1510 4412 momenti
1544 4355 1751 4411 mendis

189 4467 392 4519 scatet,
418 4463 477 4508 ut
503 4455 570 4508 ad
600 4453 701 4508 hoc
725 4451 912 4521 Augia:
933 4448 1196 4510 stabulum
1225 4450 1620 4518 repurgandum
1649 4461 1753 4505 non

1919 3336 2096 3391 Habes
2120 3332 2476 3389 domesticum
2506 3329 2810 3398 exemplum
2838 3324 3046 3380 Nicolai
3074 3321 3246 3392 quinti
3279 3337 3409 3384 nun-

1849 3443 2007 3498 quam
2031 3426 2170 3482 satis
2198 3423 2454 3480 celebrati
2483 3419 2788 3492 pontificis,
2819 3417 2972 3486 cujus
2997 3415 3223 3485 opibus,
3256 3413 3404 3483 largi-

1850 3522 2110 3583 tionibus,
2149 3516 2419 3586 potentia,
2451 3512 2775 3568 auctoritate
2805 3508 3008 3563 Graeca:
3040 3505 3266 3568 litterae,
3297 3518 3413 3572 qua!

1851 3615 1904 3669 in
1951 3612 2093 3666 Italia
2137 3624 2298 3679 atque
2336 3609 2469 3662 adeo
2512 3605 2763 3660 universo
2805 3600 2999 3655 Latino
3041 3597 3173 3653 orbe
3213 3595 3389 3664 septin

1853 3705 2027 3774 gentis
2063 3718 2226 3772 prope
2265 3699 2421 3753 annis
2456 3696 2787 3761 occiderant,
2827 3692 3075 3761 spiritum
3110 3698 3166 3745 et
3202 3687 3410 3762 sangui-

1853 3811 1975 3856 nem
2013 3799 2448 3862 resumpserunt;
2493 3787 2774 3842 llebraicte
2811 3783 2944 3838 tanti
2986 3781 3139 3836 facta:
3169 3789 3320 3842 sunt,
3363 3787 3413 3829 ut

1855 3889 2092 3958 quinque
2134 3897 2424 3939 aureorum
2466 3880 2632 3934 millia
2675 3875 3024 3946 Evangelium
3069 3873 3132 3926 D.
3175 3867 3412 3924 Matthxi

1855 3978 2176 4036 llcbraicum
2203 3975 2269 4028 ad
2300 3974 2469 4044 ipsum
2500 3968 2762 4024 deferenti
2789 3967 2898 4021 sint
2921 3963 3205 4034 promissa.
3230 3958 3286 4013 ln
3313 3973 3415 4026 quo

1856 4086 1911 4126 se
1943 4084 2068 4127 vere
2096 4065 2376 4122 catholica:
2408 4061 2664 4117 Ecclesiae
2689 4057 2990 4124 antistitem
3024 4051 3288 4127 przestitit.
3320 4049 3410 4102 Ec-

1856 4159 2020 4214 clesia
2051 4157 2193 4211 enim
2224 4152 2439 4224 proprie
2467 4148 2728 4204 catholica
2756 4147 2954 4200 dicitur
2980 4144 3045 4198 ab
3071 4140 3418 4196 universitate

1857 4251 2116 4320 gentium,
2141 4262 2274 4316 quas
2301 4245 2414 4314 ipsa
2439 4256 2537 4298 suo
2563 4240 2770 4311 gremio
2790 4235 3192 4314 complectitur,
3213 4243 3268 4288 et
3291 4247 3414 4286 cum

1857 4342 2053 4411 quibus
2085 4354 2179 4411 per
2204 4338 2445 4407 linguas,
2477 4332 2774 4405 praesertim
2801 4330 3072 4396 eruditas,
3103 4326 3418 4395 grammati-

1859 4447 1980 4497 cas,
2012 4430 2168 4484 titulo
2199 4429 2375 4483 crucis
2406 4425 2697 4481 Dominicm
2726 4429 3073 4477 consecratas
3103 4419 3258 4492 longe
3292 4416 3420 4496 late-

190 4563 295 4602 uno
323 4547 555 4601 Hercule
581 4559 716 4613 opus
745 4509 926 4598 fuerit.
950 4509 1102 4597 Nulla
1135 4509 1304 4610 prope
1325 4509 1520 4608 pagina
1549 4538 1754 4608 gravis-
1787 4564 1831 4618 Β
1864 4539 1968 4594 que
1997 4520 2358 4618 communicat
2391 4527 2446 4618 et
2479 4516 2766 4618 loquitur:
2791 4527 2905 4618 .non
2935 4520 2992 4565 ut
3021 4509 3242 4618 Jttdaica
3261 4546 3276 4570 .
3307 4521 3423 4608 uuae

191 4641 342 4694 simis
368 4637 684 4692 vulneribus
711 4643 899 4699 vacat,
931 4633 1125 4702 quibus
1156 4631 1411 4685 sanandis
1440 4629 1597 4683 aliter
1628 4644 1753 4683 suco

190 4731 333 4786 curri
369 4743 477 4781 non
509 4726 699 4795 potuit,
727 4739 886 4794 quam
914 4722 998 4776 vel
1029 4718 1388 4776 nanciscendo
1419 4715 1754 4772 doctissimos

191 4821 412 4884 Nicetze,
441 4818 622 4881 Pselli,
655 4815 850 4878 Nonni,
881 4815 1004 4868 Elite
1033 4809 1309 4867 Cretensis
1337 4807 1758 4864 commentarios

194 4914 456 4968 hactenus
493 4911 546 4964 in
581 4907 819 4966 tenebris
853 4904 1084 4968 abditos,
1117 4901 1200 4957 vel
1234 4899 1506 4956 evocando
1544 4897 1758 4954 codices

195 5005 574 5072 castigatiorcs
609 4997 1032 5066 manuscriptos,
1072 4996 1125 5049 id
1162 5003 1275 5057 cst,
1313 4991 1530 5061 Regios,
1568 5005 1595 5043 a
1631 5005 1758 5060 rege

196 5093 662 5150 Cbristianissimo
681 5089 1008 5159 exquisitos;
1028 5087 1315 5157 Regineos,
1334 5101 1363 5139 a
1383 5086 1565 5155 regina
1589 5096 1758 5138 matre

198 5195 545 5255 impetratos;
575 5182 815 5246 Italicos,
842 5181 910 5235 ab
941 5179 1145 5248 aliquot
1171 5177 1550 5232 illustrissimis
1577 5177 1754 5232 cardi—

197 5277 406 5334 naliltus
448 5285 504 5330 et
539 5273 658 5329 aliis
697 5272 922 5328 summis
955 5271 1088 5325 viris
1126 5279 1315 5339 sponte
1351 5268 1578 5323 oblatos.
1615 5268 1758 5324 inter

195 5383 328 5438 quos
375 5365 773 5422 illustrissimus
820 5361 906 5418 ille
954 5358 1242 5418 cardinalis
1289 5358 1516 5415 Sirletus
1560 5358 1756 5428 primas

1862 4631 1968 4670 uno
2011 4614 2125 4675 fere
2163 4611 2358 4682 populo
2401 4606 2971 4667 circumscrihebatnr,
3009 4601 3092 4656 vel
3138 4599 3422 4662 haeretica,

1862 4720 1980 4774 quae
2002 4703 2245 4773 angustis
2268 4714 2558 4771 paucarum
2582 4696 2820 4769 gentium
2847 4695 3043 4748 finibus
3063 4689 3421 4746 concluditur.

1861 4797 2090 4860 Verum,
2122 4810 2188 4849 ne
2219 4795 2494 4848 videamur
2522 4791 2588 4845 de
2619 4799 2708 4845 tua
2737 4789 2789 4841 in
2821 4801 2913 4842 eas
2941 4781 3298 4855 propensione
3328 4782 3426 4834 dn-

1861 4893 2055 4954 bitare,
2082 4887 2148 4942 ad
2175 4887 2475 4941 institutum
2502 4881 2843 4947 revertimus,
2873 4887 3029 4947 teque
3051 4876 3424 4938 obsecramus,

1863 4993 1921 5036 ut
1958 4979 2232 5036 memoriae
2269 4987 2376 5030 tam
2412 4972 2720 5044 praestantis
2760 4967 3072 5041 interpretis
3109 4965 3325 5026 faveas,
3363 4977 3427 5018 ac

1867 5089 1986 5140 nos,
2019 5070 2111 5141 qui
2146 5069 2266 5138 ejus
2300 5072 2639 5121 monumenta
2671 5078 2700 5115 a
2734 5061 2851 5114 labe
2884 5057 3242 5122 vindicamus,
3275 5063 3329 5109 et
3361 5054 3428 5107 ad

1865 5173 1985 5218 tuos
2019 5171 2234 5232 postes,
2268 5159 2494 5213 fratrum
2529 5155 2696 5226 ipsius
2729 5150 3182 5207 nobilissimorum
3217 5157 3272 5201 et
3304 5145 3432 5199 reli-

1866 5253 2288 5326 giosissimorum
2325 5249 2473 5319 jussu
2495 5289 2510 5315 ,
2541 5246 2802 5316 alligimns
2822 5284 2836 5308 ,
2869 5238 3159 5310 apostolica
3197 5235 3418 5292 benedi-

1866 5348 2041 5405 Ctione
2082 5360 2426 5402 nroscauare.
2457 5341 2678 5398 Lutetiae
2711 5336 2962 5393 Kalendis
2994 5332 3115 5394 Julii
3151 5346 3218 5386 an
3270 5327 3428 5394 1583.
