3832 6394
137 354 210 411 577

134 478 260 531 tione,
286 478 387 536 quae
410 467 543 516 velut
575 460 845 530 posthumi
874 460 1052 525 liberi,
1083 459 1191 515 Deo
1214 462 1459 531 auspice,
1488 476 1608 515 ma-
1640 464 1688 521 Α

132 579 211 638 gno
223 555 494 616 Christiana
510 551 816 622 reipublicae
833 552 1113 607 commodo
1134 552 1277 608 brevi
1303 553 1612 623 prodibunt.

131 660 188 715 Ex
210 653 278 709 his
306 660 418 702 vero
446 644 692 699 omnibus
723 644 919 714 qualis,
941 654 1243 716 quantusve
1271 646 1438 700 fuerit
1461 687 1476 713 ,
1498 645 1614 699 sive

130 745 326 805 eximiam
369 738 474 809 ejus
505 737 838 803 doctrinam,
873 746 929 792 et
960 738 1310 808 multiplicem
1343 753 1524 793 rerum
1554 746 1611 793 ct

129 842 368 906 linguarum
392 827 763 895 cognitionem,
792 828 1201 899 Tullianamque
1226 829 1611 898 eloquentiam,

129 931 212 985 sive
234 920 517 992 singularem
565 919 679 988 ejus
708 921 961 989 pietatem
991 962 1007 986 ,
1037 923 1270 991 vitaeque
1293 931 1347 977 et
1402 936 1623 977 morum,

128 1016 427 1087 integritatem
455 1050 468 1073 .
500 1010 614 1066 sive
643 1012 904 1081 quidquid
934 1013 1082 1067 aliud
1124 1022 1393 1078 oratores,
1419 1022 1610 1083 poetae,

126 1107 335 1170 historici,
361 1104 651 1175 philosophi
693 1120 756 1161 ac
786 1106 1017 1177 theologi
1046 1108 1356 1163 desiderare
1385 1117 1439 1161 et
1464 1121 1611 1161 com-

125 1195 328 1253 mendare
351 1192 529 1258 solent,
565 1203 868 1261 spectemus
892 1233 909 1259 ,
955 1195 1113 1251 facile
1153 1198 1382 1267 perspici
1416 1205 1606 1267 potest.

125 1288 201 1357 ipsi
240 1284 411 1353 quippe
460 1283 589 1337 muti
638 1283 879 1353 magistri
930 1285 1127 1355 (qualis
1173 1289 1315 1343 enim
1347 1288 1452 1351 vir,
1485 1289 1607 1344 talis

124 1374 275 1439 oratio)
296 1387 416 1441 quos
444 1371 683 1425 condidit
712 1373 848 1427 etad
882 1384 1129 1443 posteros
1174 1378 1507 1443 transmisit,
1544 1378 1611 1433 de

124 1468 184 1521 his
200 1466 448 1532 loquuntur
472 1460 643 1518 fusius
672 1472 727 1516 et
755 1456 1051 1533 elegantius
1090 1468 1377 1538 veriusque
1421 1467 1612 1523 testifi-

124 1566 289 1620 cantur,
313 1567 457 1623 qnam
490 1552 630 1607 ullus
654 1553 947 1623 quamlibet
990 1555 1250 1610 facundus
1280 1567 1463 1611 orator
1484 1572 1608 1627 pos-

121 1649 204 1703 sit:
231 1647 291 1700 ita
332 1654 385 1698 ut
427 1658 883 1712 supervacaneum
918 1647 1150 1716 putarim
1189 1650 1254 1702 de
1289 1649 1373 1703 his
1404 1648 1609 1717 longio-

122 1752 203 1791 rem
234 1747 393 1788 texere
416 1733 799 1789 narrationem.
850 1734 979 1801 Quis
1003 1752 1131 1792 vero
1168 1737 1329 1792 fuerit
1358 1778 1373 1801 .
1400 1751 1451 1793 et
1488 1740 1609 1810 quis

125 1829 216 1881 vita:
242 1826 340 1895 ejus
368 1839 571 1888 cursus,
594 1838 796 1893 quosve
828 1841 1144 1897 progressus
1178 1827 1388 1893 fecerit,
1416 1831 1460 1885 si
1488 1832 1608 1899 quis

125 1918 228 1972 scire
257 1916 541 1981 desideret,
574 1932 639 1971 ex
674 1917 775 1972 hac
799 1918 1200 1974 narratiuncula
1232 1922 1415 1989 paucis
1454 1922 1612 1977 intel-

122 2010 230 2078 liget.

169 2102 297 2155 Anno
327 2098 472 2161 1555,
512 2097 860 2154 nobilissimis
908 2109 965 2155 et
1007 2100 1324 2156 clarissimis
1376 2104 1615 2172 parenti-

116 2188 452 2245 husLndnvico
496 2187 664 2243 Billio
708 2198 765 2243 et
816 2187 982 2243 Maria
1032 2190 1368 2246 Brichantaza
1419 2192 1615 2248 Guisize

118 2293 238 2336 natus
256 2287 350 2344 est,
382 2295 483 2349 quo
515 2290 759 2350 tempore
784 2282 1237 2349 generosissimus
1267 2284 1436 2354 ipsius
1464 2295 1617 2356 pater

115 2372 360 2427 Ludovicus
397 2371 584 2427 Billius
638 2372 950 2427 Corvillazus
976 2373 1078 2443 (sic
1130 2374 1273 2429 enim
1308 2390 1337 2428 a
1392 2386 1617 2445 paterno

116 2472 152 2517 et
183 2464 349 2532 insigni
401 2478 534 2533 pago
596 2461 901 2525 Corvillaco,
927 2473 984 2518 ut
1017 2473 1204 2534 postea
1240 2480 1269 2519 a
1305 2466 1467 2521 nobili
1519 2481 1614 2521 sua

114 2556 287 2609 Prunasa
316 2555 469 2611 domo
512 2564 569 2609 et
614 2556 735 2611 vico
761 2556 826 2609 ad
855 2554 1147 2612 Carnutum
1202 2559 1329 2624 sito,
1362 2559 1615 2615 Prunaeus

115 2644 498 2714 nuncupabatur)
566 2645 641 2701 ibi
720 2646 959 2716 proregis
1021 2647 1194 2702 oﬂicio
1270 2648 1613 2718 fungebatur.

112 2737 359 2791 Admodum
409 2752 564 2805 puer,
617 2746 676 2791 ut
721 2751 749 2790 a
797 2738 1000 2793 teneris
1048 2739 1204 2794 annis
1235 2741 1391 2797 bonis
1422 2742 1617 2796 litteris

114 2843 161 2881 ac
185 2828 450 2897 disciplinis
482 2828 891 2893 informaretur,
926 2837 981 2886 et
1013 2829 1160 2884 velut
1202 2848 1321 2884 cum
1353 2834 1491 2887 lacte
1520 2849 1619 2885 nu-

113 2918 229 2973 tricis
278 2920 647 2985 imbueretur,
703 2918 970 2974 Lutetiam
1044 2919 1373 2975 Parisiorum
1452 2923 1615 2977 venit.

112 3009 247 3073 Unde,
288 3009 441 3078 jactis
487 3010 803 3065 Latinarum
856 3010 1158 3066 litterarum
1196 3012 1354 3084 (nam
1406 3012 1619 3067 Graecas

1235 339 1545 397 ELOGIUM
1585 338 1820 396 JACOBI
1862 335 2085 394 BlLLll.

3165 333 3272 393 378

1714 460 1913 531 piditas
1956 458 2248 513 Latinitate
2291 455 2432 511 hunc
2474 456 2731 520 donandi,
2764 457 2916 511 etab
2952 453 3269 517 innumeris.

1715 548 1917 618 quibus
1967 548 2232 610 scatebat,
2287 547 2495 603 mendis
2560 556 2617 602 et
2666 546 2897 601 salebris
2952 544 3271 616 repurgandi

1715 648 1875 708 atque
1909 637 2235 692 illustrandl.
2272 637 2424 703 Quod
2478 637 2656 691 nullus
2705 650 2943 706 unquam
3006 636 3141 690 alius
3180 650 3273 702 ag-

1715 730 1865 799 gredi
1892 743 2053 783 ausus
2083 738 2187 793 est,
2206 728 2292 782 vel
2312 744 2377 783 ea
2406 744 2538 784 sane
2561 728 2825 798 elegantia
2864 736 2918 782 et
2957 726 3134 781 nitore
3156 742 3274 781 ser-

1713 822 1908 884 monis,
1947 834 2115 886 eaque
2170 819 2427 875 felicitate
2462 830 2517 875 et
2566 820 2687 885 fide,
2716 829 2770 873 et
2812 819 3049 874 oratoria
3078 827 3133 872 et
3161 833 3273 872 me-

1713 910 1846 964 trica
1871 923 1976 979 qua
2006 909 2145 975 ipse,
2180 918 2438 978 praestare
2470 911 2661 979 potuit.

1780 999 1859 1057 lbi
1912 1017 2042 1070 ergo
2091 1003 2217 1057 dum
2271 1002 2563 1069 delitescit,
2597 1013 2652 1059 et
2694 1003 2994 1059 mirabilem
3053 1004 3269 1060 Graeca-

1712 1106 1832 1146 rum
1887 1090 2190 1146 litterarum
2245 1091 2390 1146 sitim
2421 1093 2505 1147 die
2557 1102 2824 1165 nocteque
2848 1095 3043 1163 explet,
3077 1103 3133 1149 et
3164 1093 3269 1149 lin-

1711 1196 1829 1253 guae
1864 1181 2143 1247 llebraicte
2168 1182 2268 1237 sub
2300 1182 2484 1237 Judazo
2511 1184 2741 1252 quodam
2777 1185 3076 1240 rudimenta
3100 1186 3269 1255 ponit,

1710 1289 1859 1341 ecce,
1890 1276 1980 1329 vix
2026 1284 2221 1329 exacto
2271 1274 2523 1328 Aviniuni
2577 1276 2794 1331 biennio
2826 1291 2853 1330 a
2890 1276 3186 1331 reverendo
3218 1285 3274 1331 et

1711 1366 1953 1437 pientiss.
1990 1367 2156 1421 fratre
2176 1365 2383 1421 Joanne
2414 1366 2569 1421 Billio
2602 1367 2798 1423 abbate
2831 1366 3014 1424 Sancti
3044 1369 3272 1424 Michae-

1710 1457 1778 1514 lis
1836 1460 1889 1513 in
1951 1458 2170 1523 Eremo,
2201 1468 2256 1513 et
2288 1459 2424 1512 divae
2486 1459 2666 1514 Mariae
2714 1460 2769 1515 in
2814 1460 3064 1531 Regiensi
3097 1460 3271 1517 insula

1711 1548 2012 1604 accersitur
2068 1557 2124 1604 et
2188 1558 2496 1604 revocatur.
2551 1550 2688 1605 Tum
2749 1551 2894 1605 enim
2950 1552 3016 1607 de
3044 1552 3272 1607 abbatiis

1712 1638 1841 1705 illis,
1875 1640 2050 1709 deque
2080 1638 2260 1711 amplo
2286 1651 2342 1696 et
2378 1640 2543 1694 nobili
2568 1640 2892 1711 patrimonio
2919 1641 3152 1712 (quippe
3180 1644 3270 1712 qui

1710 1728 1940 1785 fratrum
1956 1738 2085 1786 natu
2119 1740 2238 1787 erat
2266 1732 2569 1803 maximus)
2600 1742 2655 1789 et
2684 1735 2749 1789 de
2780 1734 2894 1804 ipso
2924 1734 3272 1803 relinquendo

1711 1820 1929 1887 saeculo,
1992 1821 2168 1892 deque
2203 1836 2345 1877 novo
2390 1823 2514 1876 vita:
2572 1838 2771 1894 genere
2832 1824 3164 1880 instituendo
3218 1835 3271 1879 et

1712 1912 2016 1984 deligendo,
2050 1929 2244 1985 nempe
2263 1915 2627 1971 Cbartusiauo
2665 1917 2760 1984 (ut
2786 1916 2869 1971 via
2898 1918 3133 1972 arctiore
3158 1917 3273 1986 qui-

1711 2004 1853 2068 dem,
1883 2007 1975 2060 sed
2008 2006 2169 2060 etiam
2201 2006 2267 2061 ad
2290 2006 2454 2061 vitam
2472 2006 2743 2063 caelestem
2773 2006 3269 2078 compendiosiore)

1714 2094 2100 2159 meditabatur,
2136 2110 2200 2149 ac
2243 2095 2591 2151 vehementer
2621 2097 2873 2166 cupiebat
2916 2097 2971 2151 in
3001 2112 3156 2152 suum
3190 2096 3269 2151 lo-

1711 2200 1834 2240 cum
1870 2184 2130 2241 Jacobnm
2170 2185 2395 2243 fratrem
2427 2188 2693 2254 sutiicere,
2736 2203 2799 2244 ac
2845 2189 2946 2244 sibi
2989 2203 3270 2251 successo-

1713 2289 1824 2330 rem
1855 2276 2181 2346 relinquere,
2211 2293 2315 2332 non
2342 2289 2448 2332 tam
2492 2280 2701 2334 ratione
2750 2276 3003 2334 fraternae
3034 2279 3270 2333 necessi—

1716 2367 1937 2431 tudinis,
1974 2377 2068 2422 aut
2096 2369 2276 2423 carnis
2316 2378 2371 2423 et
2424 2370 2704 2439 sanguinis
2738 2371 2893 2441 (quzc
2923 2370 3029 2437 jam
3079 2371 3156 2425 illi
3182 2371 3266 2424 vi-

1714 2458 1977 2531 luerant),
2018 2476 2180 2530 quam
2208 2459 2351 2515 illius
2371 2461 2656 2531 singularis
2694 2464 2905 2532 pietatis
2926 2474 2982 2517 et
3010 2463 3272 2519 eruditio-

1715 2553 1821 2617 nis,
1854 2567 1973 2621 qute
2008 2552 2061 2606 in
2100 2556 2217 2621 ipso
2263 2552 2514 2607 omnibus
2560 2552 2865 2624 al'fulgebat.
2905 2564 3162 2623 concepta
3204 2555 3272 2609 de

1714 2659 1802 2708 eo,
1832 2644 1978 2698 velut
2004 2645 2069 2699 de
2101 2652 2282 2713 segete
2313 2645 2365 2698 in
2392 2644 2578 2699 herbis
2602 2658 2697 2714 spe
2729 2645 2900 2715 (haud
2932 2661 3060 2700 sane
3091 2645 3271 2716 inani)

1714 2749 1835 2791 eum
1878 2744 2087 2789 tantum
2133 2736 2427 2805 aliquando
2485 2735 2640 2803 fore,
2681 2737 2775 2807 qui
2834 2737 2926 2790 Dei
2982 2736 3273 2791 Ecclesiam

1718 2844 2047 2899 magnopere
2092 2828 2307 2897 juvaret
2350 2840 2404 2885 et
2448 2840 2756 2897 exornaret.
2811 2829 2917 2886 Sed
2953 2829 3041 2883 vix
3078 2829 3272 2883 adduci

1716 2921 1890 2990 potuit
1922 2921 2238 2977 adolescens
2262 2923 2497 2978 nondum
2530 2939 2701 2978 annos
2736 2932 2895 2979 natus
2930 2923 3171 2992 quinque
3216 2930 3271 2976 et

1717 3013 1930 3083 viginti,
1950 3023 2007 3067 ut
2056 3013 2171 3068 hac
2193 3013 2491 3087 sacerdotia
2524 3016 2844 3083 susciperet,
2873 3028 2968 3068 sua
2992 3021 3279 3067 contentus

113 3110 276 3173 tantum
306 3101 596 3173 attigerat)
633 3102 1014 3167 fundamentis,
1045 3118 1074 3157 a
1105 3103 1424 3174 parentibus
1469 3120 1621 3159 revo—
1647 3132 1689 3190 ρ
1722 3102 2060 3158 Ferrariensi
2101 3102 2499 3169 abbatiuncula,
2532 3118 2736 3174 suoque
2774 3104 2917 3173 (quo
2942 3118 3027 3157 me
3063 3103 3275 3157 tandem

110 3201 245 3259 catus,
290 3192 369 3246 vix
415 3208 591 3247 annos
644 3202 802 3247 natus
855 3208 1010 3259 xvut,
1045 3194 1316 3249 Aureliam
1349 3203 1404 3249 et
1441 3195 1622 3249 Picta-

109 3296 202 3334 vum
239 3283 474 3350 mittitur,
506 3294 567 3337 ut
591 3285 1037 3354 jurisprudentiae
1098 3296 1323 3340 navaret
1371 3301 1618 3356 operam.

110 3370 189 3427 Sed
215 3374 338 3427 hanc
377 3376 591 3439 lusisse,
622 3375 672 3429 in
719 3375 917 3445 illaque
959 3375 1115 3443 nihil,
1148 3387 1241 3430 aut
1282 3391 1471 3445 parum
1498 3392 1624 3447 pro-

109 3466 315 3530 movisse,
355 3466 466 3521 sive
512 3466 817 3521 reluctante
860 3474 916 3522 et
972 3466 1139 3521 invita
1190 3465 1306 3535 ejus
1361 3467 1620 3534 minerva,

108 3556 203 3610 sive
220 3558 449 3613 obstante
491 3559 712 3628 juniore
746 3558 835 3613 illa
869 3567 1029 3615 actate
1062 3559 1129 3613 ad
1168 3557 1432 3627 juveniles
1478 3559 1622 3616 lusus

110 3650 431 3717 propensiore,
487 3652 608 3705 sive
651 3654 815 3705 etiam
870 3651 978 3705 Deo
1029 3652 1096 3705 ad
1140 3650 1447 3706 sublimiora
1499 3667 1620 3705 eum

108 3743 246 3793 studia
293 3743 622 3804 destinante,
665 3744 894 3812 ingenue
951 3740 1108 3796 fateri
1143 3743 1368 3809 solebat,
1399 3759 1623 3811 eamque

111 3835 323 3902 temporis
350 3837 496 3905 (quo
523 3834 664 3889 nihil
709 3836 925 3889 tandem
951 3833 1138 3889 habuit
1174 3836 1427 3906 charius)
1452 3836 1624 3905 jactu-

110 3938 197 3977 ram
230 3928 539 3994 saspiuscule
572 3927 809 3996 lugebat.

161 4013 477 4072 Postmodum
531 4020 853 4089 parentibus
897 4018 1117 4073 orbatus
1188 4018 1506 4088 Lugdunum
1570 4027 1624 4073 et

106 4105 377 4162 Aviniuucm
434 4109 530 4179 (ea
566 4124 817 4178 quaerens
851 4108 966 4161 loca
1009 4109 1281 4177 inquibus
1333 4123 1362 4162 a
1414 4109 1625 4163 nemine

110 4212 468 4264 agnosceretur,
500 4216 613 4271 quo
653 4202 876 4256 liberius
930 4211 985 4255 et
1031 4200 1352 4254 familiarius
1376 4216 1624 4254 mansue-

108 4287 293 4344 tiorihus
340 4294 509 4348 musis
547 4292 854 4363 frueretur)
883 4293 1266 4362 proﬁciscitur,
1318 4294 1405 4347 ubi
1456 4294 1627 4346 incre—

110 4376 223 4431 dihili
261 4381 559 4437 litterarum
612 4381 922 4437 Graecarum
974 4397 1157 4437 amore
1183 4382 1413 4453 ﬂagrare
1439 4385 1622 4451 coepit.

1722 3208 1912 3261 magna
1943 3208 2037 3247 sua
2066 3207 2193 3263 erga
2225 3206 2311 3247 me
2357 3193 2729 3249 benevolentia
2764 3191 2975 3247 ornavit
3024 3201 3079 3246 et
3128 3191 3278 3245 lucu-

1720 3282 1971 3355 pletavit)
2004 3284 2248 3354 prioratu
2287 3284 2625 3348 Tossiniaco,
2654 3285 2796 3354 quod
2832 3283 3165 3337 existimaret
3192 3285 3303 3339 his

1720 3376 1972 3430 oneribus
2024 3374 2353 3430 sustinendis
2402 3376 2638 3444 impares
2668 3390 2727 3430 se
2772 3375 2969 3430 habere
3002 3376 3275 3441 humeros,

1723 3468 1969 3537 ipsosque
2017 3466 2223 3537 amplos
2271 3476 2560 3536 proventus
2609 3468 2805 3536 saepius
2864 3482 2987 3523 esse
3049 3467 3277 3536 impedi-

1722 3570 1903 3615 mento
1958 3559 2261 3615 litterarum
2309 3561 2500 3615 studiis
2535 3559 2800 3631 (quorum
2854 3560 2971 3614 solo
3016 3560 3281 3615 desiderio

1724 3650 2039 3719 tenebatur)
2070 3664 2230 3719 quam
2268 3648 2596 3718 adjumento.
2644 3649 2844 3704 Verum
2876 3650 3126 3720 precibus
3166 3650 3279 3702 fra-

1724 3740 1823 3796 tris
1861 3750 1916 3795 et
1963 3742 2262 3797 amicorum
2295 3742 2467 3796 victus
2498 3755 2559 3795 ea
2590 3740 2831 3810 suscipit,
2882 3757 2986 3795 non
3019 3740 3136 3795 sine
3168 3741 3281 3795 fre-

1721 3834 1904 3906 quenti
1931 3845 2117 3903 postea
2159 3834 2315 3887 taedio
2360 3848 2425 3888 ac
2468 3847 2718 3889 maerore.
2753 3833 2831 3885 Ita
2859 3841 3035 3886 autem
3069 3833 3120 3886 in
3156 3834 3285 3900 ipsis

1722 3942 1781 3983 se
1818 3927 2005 3997 gessit,
2036 3936 2198 3996 atque
2228 3928 2281 3981 in
2328 3926 2475 3981 omni
2502 3925 2719 3995 pietatis
2769 3940 2965 3995 genere
3009 3925 3281 3990 excelluit,

1723 4031 1783 4077 ut
1813 4037 1914 4077 non
1960 4021 2119 4076 modo
2152 4020 2439 4076 coenobitis
2476 4020 2613 4086 suis,
2642 4018 2736 4074 sed
2771 4027 2826 4074 et
2874 4017 3123 4073 omnibus
3152 4018 3282 4073 vici-

1723 4114 1828 4177 nis,
1850 4111 2080 4181 illucque
2112 4110 2535 4165 adventantibus
2569 4110 2713 4164 velut
2751 4109 2968 4179 juvenis
3006 4110 3141 4165 alter
3174 4109 3279 4164 Da-

1723 4205 1831 4260 niel
1862 4202 2202 4258 admirationi
2238 4210 2291 4256 et
2313 4201 2558 4270 exemplo
2580 4208 2747 4256 esset.

1801 4295 1906 4350 Sed
1938 4295 2076 4349 hanc
2115 4294 2269 4349 nobis
2319 4302 2373 4348 et
2419 4293 2509 4345 Dei
2548 4292 2802 4347 Ecclesia:
2832 4292 3080 4347 invidens
3110 4289 3283 4346 felici.

1729 4395 1893 4442 tatem
1921 4386 2008 4439 ille
2060 4386 2148 4453 qui
2176 4400 2269 4439 sua
2302 4385 2499 4438 invidia
2542 4393 2772 4438 mortem
2802 4384 3006 4438 invexit
3034 4385 3085 4436 in
3131 4400 3287 4436 mun-

109 4466 151 4523 ln
173 4473 346 4539 quibus
396 4474 545 4530 nullo
598 4489 734 4544 pene
788 4482 1117 4543 praeceptore
1152 4490 1300 4537 uSUS.
1342 4490 1435 4527 sua
1464 4475 1624 4527 indu-
1658 4468 1702 4523 Ι)
1732 4481 1875 4543 dum,
1923 4478 2174 4532 secundis
2213 4478 2363 4531 hellis
2419 4476 2672 4530 civilibus
2729 4476 2791 4529 ad
2839 4476 3201 4531 defectionem
3251 4490 3281 4529 a

112 4564 216 4616 stria
242 4565 327 4635 (ut
350 4567 570 4635 sagacis
602 4572 721 4621 erat
764 4564 984 4633 ingenii,
1012 4566 1285 4619 memoria:
1316 4569 1542 4629 tenacis,
1577 4574 1631 4619 et

108 4658 307 4721 pcracris
326 4658 555 4729 judicii)
600 4656 977 4725 indefessoque
1023 4656 1203 4712 labore
1236 4657 1305 4711 ita
1336 4657 1480 4711 brevi
1509 4672 1631 4726 pro-

110 4745 229 4810 fecit;
253 4758 305 4802 ut
330 4764 541 4804 coaevus
573 4762 701 4803 suos
742 4763 931 4802 omnes
961 4752 1333 4813 anteverterit,
1372 4748 1631 4817 longoque

108 4848 203 4904 post
234 4855 287 4896 se
328 4844 617 4898 intervallo
670 4845 970 4913 reliquerit,
1026 4845 1132 4897 imo
1187 4850 1242 4895 et
1297 4856 1495 4911 paucos
1534 4854 1631 4894 suo

110 4934 272 4987 seculo
306 4951 465 5004 pares
504 4938 799 4992 habuerit:
836 4951 997 5005 super
1050 4949 1208 4991 senes
1260 4932 1511 4985 nimirum
1545 4929 1635 5001 (ut

111 5022 363 5095 δεῖίριιιηθ
407 5030 596 5086 verbis
633 5038 757 5085 utar
780 5030 859 5099 “)
896 5028 1225 5084 intellexisse
1254 5026 1488 5091 videtur,
1523 5039 1634 5078 ma-

110 5115 298 5172 ximein
326 5121 502 5176 sacris
549 5130 606 5177 et
651 5121 887 5192 antiquis
933 5118 1315 5190 intelligendis,
1350 5115 1636 5170 enuclean-

111 5206 193 5273 dis,
229 5210 643 5284 interpretandis
692 5223 746 5269 et
807 5214 1155 5269 traducendis
1200 5211 1404 5267 Graecis
1450 5218 1636 5263 aucto-

113 5299 252 5356 ribus.
284 5304 421 5359 Inter
453 5322 595 5375 quos
626 5323 967 5379 summopere
994 5307 1290 5362 delectatus
1314 5311 1395 5359 est
1419 5302 1480 5355 Ι).
1500 5300 1637 5355 Gre-

112 5391 234 5453 gorio
262 5391 604 5453 Nazianzeno
635 5400 926 5470 Theologo,
964 5414 1087 5453 cum
1129 5404 1351 5467 propter
1371 5407 1635 5448 summam

111 5479 206 5545 eius
224 5486 606 5557 eloquentiam,
643 5503 751 5546 tum
781 5493 851 5547 ob
875 5490 1204 5561 singularem
1234 5487 1350 5556 ejus
1378 5488 1633 5556 pietatem

111 5579 156 5625 et
186 5573 471 5633 doctrinam
506 5597 521 5634 :
557 5584 698 5638 unde
724 5592 853 5639 tunc
908 5580 1163 5653 temporis
1198 5579 1418 5635 incessit
1449 5578 1499 5633 ei
1538 5593 1631 5633 cu-

168 5782 355 5846 “Psal.
387 5806 579 5853 cxvtn,
608 5791 722 5847 100.

1728 4586 1852 4639 rege
1869 4579 1922 4623 et
1948 4568 2183 4621 Ecclesia
2215 4568 2542 4638 Rupellanos
2566 4574 2690 4635 (eos
2732 4568 2943 4636 excipio
2980 4567 3285 4637 quibusin-

1726 4672 1843 4716 erat
1876 4658 2109 4714 scintilla
2135 4660 2377 4726 quaedam
2421 4658 2636 4726 pietatis
2662 4666 2717 4713 et
2747 4658 2948 4712 amoris
2979 4672 3106 4725 erga
3145 4657 3288 4710 litte-

1727 4750 1913 4822 ratos)
1954 4750 2096 4805 velut
2143 4766 2207 4804 ex
2270 4764 2401 4803 orco
2459 4764 2556 4802 suo
2603 4758 2657 4803 et
2711 4759 2962 4817 tanquam
2994 4749 3197 4801 alacres
3234 4755 3289 4800 et

1729 4842 2204 4915 peraccommodus
2244 4840 2437 4895 nefarii
2504 4841 2585 4893 sui
2654 4840 2883 4894 instituti
2943 4840 3287 4893 administros

1728 4936 1975 4997 suscitat,
2008 4948 2240 5003 quorum
2267 4932 2565 4985 ministerio
2592 4930 2642 4984 id
2672 4946 2795 5001 erga
2818 4946 3011 4984 novum
3041 4931 3287 4984 abbatem

1729 5026 1923 5094 ell‘ecit,
1952 5028 2093 5095 quod
2120 5024 2247 5079 olim
2282 5038 2407 5094 erga
2433 5021 2625 5077 Johum
2650 5037 2866 5077 servum
2897 5022 2986 5075 Dei
3006 5021 3284 5075 eximium.

1730 5118 1861 5173 Nam
1910 5119 2014 5173 duo
2067 5116 2183 5185 ejus
2231 5116 2557 5170 monasteria
2594 5113 2671 5167 illi
2721 5121 3066 5176 exusserunt,
3104 5113 3288 5166 dirue-

1732 5220 1858 5265 runt
1934 5220 1989 5265 et
2045 5211 2158 5265 solo
2206 5211 2577 5277 adaequarunt.
2633 5207 2869 5260 Arbores
2922 5205 3084 5259 etiam
3131 5204 3288 5272 (nam

1739 5300 1851 5355 illic
1889 5300 2084 5354 eratin
2115 5300 2295 5353 littore
2327 5298 2492 5352 maris
2524 5297 2677 5351 lucus
2723 5295 3007 5349 arboribus
3036 5300 3292 5364 perpetuo

1739 5392 2128 5446 virescentibus
2180 5391 2449 5457 consitus,
2497 5399 2551 5443 et
2594 5400 2961 5458 peramtenus,
3023 5385 3293 5449 musisque

1741 5484 2095 5556 aptissimus)
2157 5484 2350 5553 partim
2406 5480 2770 5543 succiderunt,
2797 5477 2988 5547 partim
3041 5476 3294 5532 radicitus

1742 5578 2059 5635 avulseruut
2094 5595 2106 5630 :
2136 5588 2189 5633 et
2227 5585 2492 5646 quotquot
2529 5574 2583 5629 in
2627 5570 3061 5629 Sanmichaelina
3093 5586 3216 5627 arce
3238 5578 3294 5624 et
