3776 6498
486 362 593 411 δῖ»

1684 356 1990 415 ΕΜὶϐὶυΜ
2031 356 2077 410 Jl

2184 356 2258 409 lBl
2299 355 2514 412 BILLII.
3579 368 3649 422 58E

503 468 707 538 templo
742 470 887 524 viros
934 468 1231 538 religiosos,
1274 470 1470 525 milites
1518 487 1580 524 ac
1618 475 1858 528 subditos
1889 488 2060 544 (quos
2087 479 2133 533 Α
2162 483 2357 543 praeter
2401 474 2800 528 innumerorum
2846 474 3362 543 consanguineorum
3408 484 3458 530 et
3499 478 3653 534 amico-

492 558 570 615 ibi
604 560 749 614 velut
800 560 1159 627 prmsidiarios
1209 560 1438 630 privatis
1485 562 1787 631 sumptibus
1841 565 2050 637 alebat)

492 652 726 706 admotis
793 652 995 707 bellicis
1054 652 1335 708 tormentis
1375 664 1677 723 expugnato
1715 664 2051 724 repererunt,

497 742 790 796 crudeliter
819 742 1175 809 trucidarunt,
1213 743 1349 798 alios
1399 744 1589 813 gladiis
1620 746 2051 812 conscindentes,

498 831 633 885 alios
661 830 850 899 laqueo
877 830 1260 900 praefocantes.
1285 833 1421 887 alios
1466 834 1765 905 praecipitio
1789 836 2048 892 colliden-

503 928 603 984 tes,
638 918 771 973 alios
804 920 1103 976 semineces
1124 934 1187 975 ac
1216 922 1369 977 vivos
1393 922 1445 977 in
1471 932 1660 992 puteos
1678 925 2049 996 projicieutes.

500 1009 651 1066 llanc
678 1011 822 1064 enim
850 1025 1004 1065 suam
1036 1012 1212 1081 primo
1245 1013 1447 1069 rabiem
1480 1016 1535 1069 in
1562 1017 1767 1073 vicinos
1796 1033 2051 1075 evomue—

500 1111 651 1168 runt,
675 1116 847 1172 eoque
874 1102 1149 1159 crudelius
1196 1105 1508 1171 saevierunt,
1538 1122 1646 1177 quo
1675 1109 1917 1164 sanctior
1942 1118 2059 1163 erat

502 1193 655 1249 locus
688 1204 742 1248 et
777 1194 1076 1250 sanctiores
1126 1195 1229 1264 ipsi
1268 1196 1456 1253 incolae
1485 1198 1675 1269 (cibus
1703 1199 1847 1254 enim
1890 1200 2061 1266 ipsius

504 1284 813 1348 Satanae,'ut
830 1284 907 1338 ait
924 1284 1184 1353 propheta
1200 1284 1288 1353 “',
1310 1285 1555 1359 electus);
1573 1288 1777 1342 invisus
1802 1288 2058 1341 nimirum

502 1377 610 1433 illis
631 1387 749 1432 erat
779 1385 886 1431 tam
917 1378 1037 1445 pius
1065 1376 1253 1444 abbas,
1291 1378 1489 1449 quippe
1516 1381 1607 1449 qui
1630 1382 1912 1450 splendore
1949 1383 2062 1435 vir-

506 1469 636 1524 tutis
685 1484 796 1523 sua:
830 1478 1056 1525 noctuas
1109 1469 1240 1527 istas
1287 1473 1699 1544 perstringeret.
1740 1474 1858 1544 ipse
1886 1483 2063 1529 tamen

507 1569 638 1613 tunc
670 1559 875 1617 aberat.

578 1652 712 1707 Nam
739 1654 898 1722 paulo
927 1663 1053 1711 ante
1084 1655 1261 1725 (aegre
1309 1655 1548 1725 quidem,
1601 1656 1693 1711 sed
1748 1657 1975 1723 utiliter,
2003 1672 2067 1711 ac

510 1745 903 1799 cmuobitarum
939 1756 994 1801 et
1027 1746 1321 1800 amicorum
1365 1759 1586 1800 suorum
1627 1746 1855 1800 consilio
1893 1748 2068 1801 etim-

2153 578 2296 627 rum,
2328 580 2488 633 quam
2542 566 2597 619 in
2651 565 2784 632 ipsis
2813 564 2963 631 fecit,
2992 564 3284 634 jacturam,
3325 567 3493 620 amisit
3515 570 3655 635 primit

2154 656 2472 713 tumultibus
2495 656 2546 711 in
2575 656 2832 711 Drocensi
2866 671 3046 728 pugna
3088 657 3379 711 avunculos
3401 658 3524 713 duos
3548 660 3657 716 viros

2153 746 2582 813 illustrissimos,
2643 747 3027 803 Bricbanteum
3111 746 3448 802 Bellovacam
3505 759 3551 804 et
3591 750 3657 806 Gi-

2154 840 2353 907 vrium,
2388 839 2603 905 fratres,
2664 839 2755 909 qui
2812 840 2863 893 iu
2902 840 3077 909 prima
3112 840 3228 894 acie
3274 855 3396 894 cum
3454 841 3660 910 magistro

2154 930 2396 999 equitum
2448 930 2662 985 fortiter
2694 940 2992 999 pugnantes
3036 930 3349 985 ceciderunt
3400 947 3412 983 :
3460 931 3537 986 hic
3576 936 3662 1003 qni-

2157 1020 2276 1075 dem
2311 1022 2363 1075 in
2411 1022 2526 1091 ipso
2558 1021 2834 1086 conﬂictu,
2874 1022 2965 1077 ille
2996 1038 3062 1078 ex
3112 1024 3336 1079 vulnere
3386 1023 3455 1077 ibi
3487 1038 3661 1094 accepto

2160 1111 2434 1180 aliquanto
2475 1124 2596 1182 post
2643 1125 2916 1183 tempore;
2952 1114 3233 1170 Prunazum
3294 1116 3453 1169 etiam
3489 1115 3662 1171 fratrem

2159 1192 2441 1249 Claudium
2490 1197 2698 1252 Billium
2759 1199 2812 1253 in
2867 1198 3054 1268 przelio
3107 1202 3173 1256 ad
3236 1197 3514 1254 Jaruacum
3556 1217 3665 1255 com-

2160 1286 2345 1352 misso,
2380 1288 2503 1341 dum
2550 1288 2748 1343 fractos
2779 1304 2844 1345 ac
2880 1289 3151 1359 fugientes
3183 1291 3369 1345 hostes
3411 1290 3597 1361 longius
3630 1302 3666 1347 et

2163 1376 2342 1433 acrius
2364 1379 2737 1448 persequitur;
2758 1379 3085 1435 Ludovicum
3121 1381 3334 1435 Billium
3358 1380 3667 1437 Vertronzenm

2163 1465 2391 1521 alterum
2451 1467 2673 1522 fratrem
2731 1468 2784 1521 in
2834 1468 3115 1524 obsidione
3180 1470 3479 1526 Pictavensi
3526 1474 3669 1527 urbem

2165 1559 2275 1625 regi
2308 1567 2361 1612 et
2384 1558 2594 1611 civibus
2624 1568 3029 1630 protegentem;
3070 1561 3203 1616 alios
3257 1563 3417 1616 etiam
3452 1564 3569 1617 duos
3595 1564 3671 1616 fra-

2165 1655 2278 1703 tres
2313 1649 2365 1703 in
2396 1648 2648 1703 Drocensi
2677 1652 2862 1719 prmlio
2888 1670 2902 1705 :
2926 1668 3150 1720 quorum
3181 1662 3292 1708 tres
3331 1654 3526 1723 priores
3559 1654 3672 1707 fuere

2168 1739 2377 1807 equites
2412 1740 2695 1809 Torquati,
2728 1752 2783 1795 et
2824 1741 3304 1812 Catapbractorum
3344 1746 3567 1813 equitum
3605 1748 3673 1797 du-

511 1836 688 1907 pulsu,
725 1847 782 1891 ut
812 1838 913 1892 sibi
945 1838 1117 1907 magis
1139 1839 1205 1893 ad
1237 1838 1534 1893 litterarum
1571 1839 1744 1893 Studia
1776 1849 1827 1893 el
1857 1854 2064 1907 pacem,
2097 1811 2141 1870 Β
2169 1845 2259 1883 ces
2295 1830 2481 1900 inclyti
2536 1847 2601 1886 ac
2649 1833 2960 1900 fortissimi;
3002 1835 3091 1888 alii
3146 1838 3355 1890 strenui
3390 1846 3441 1890 et
3480 1840 3673 1906 generosi

512 1944 672 1996 quam
701 1932 765 1983 ad
799 1945 948 1984 arma
978 1940 1106 1986 nato
1137 1930 1461 1996 consuleret,
1500 1946 1664 2000 seque
1696 1932 1786 1986 Dei
1820 1932 2070 1986 Ecclesia:

511 2018 580 2072 ad
612 2018 830 2073 meliora
882 2024 1154 2088 servaret)
1200 2022 1475 2076 Nannetas
1518 2036 1578 2075 se
1630 2030 1925 2091 receperat.
1970 2022 2069 2078 Ubi

512 2107 785 2176 aliquanto
811 2118 931 2179 post
964 2118 1209 2180 tempore
1237 2112 1339 2167 hac
1366 2118 1474 2165 tam
1527 2111 1829 2166 truculenta
1862 2129 1926 2167 ac
1952 2114 2073 2167 bar-

512 2198 638 2251 bara
670 2209 851 2269 strage
882 2198 950 2254 ab
977 2200 1249 2258 illustriss.
1294 2201 1581 2273 Martiguio
1629 2201 1918 2258 Britannia:
1948 2220 2073 2273 pro-

512 2304 675 2359 rege,
705 2292 795 2361 qui
828 2299 939 2347 tum
989 2293 1063 2347 ibi
1114 2294 1327 2363 aderat,
1358 2303 1411 2349 et
1442 2296 1526 2349 cui
1564 2295 1616 2349 in
1652 2296 1736 2350 via
1784 2294 1921 2351 forte
1965 2296 2076 2351 for-

512 2388 641 2433 tuna
676 2393 1022 2446 occurrerat,
1051 2384 1284 2453 primum
1331 2384 1533 2449 audita,
1574 2385 1788 2441 domum
1818 2387 1995 2453 rediit,
2022 2397 2076 2443 et

514 2470 565 2522 in
602 2471 869 2542 lacrymas
909 2476 1171 2543 prorupit.
1199 2474 1281 2529 Ad
1312 2490 1470 2545 quem
1509 2477 1634 2531 dum
1669 2479 1868 2533 accedo
1902 2480 1949 2532 ei
1978 2496 2077 2548 pro

514 2560 659 2613 virili
717 2563 917 2631 aliquid
974 2564 1147 2619 solatii
1198 2565 1597 2633 impertiturus,
1657 2581 1789 2622 voce
1836 2567 2077 2625 faucibus

515 2666 624 2714 pra:
694 2666 894 2722 angore
962 2652 1200 2709 haerente
1259 2654 1312 2708 in
1370 2653 1640 2725 lacrymas
1695 2654 1855 2710 simul
1916 2658 2076 2711 etiam

514 2757 758 2810 erumpo,
790 2744 985 2813 quibus
1017 2754 1243 2815 uterque
1292 2753 1402 2799 tam
1465 2746 1823 2801 miserabilem
1877 2748 2079 2802 caedem

516 2834 716 2887 allatitn
752 2844 1064 2904 prosecutus
1116 2846 1220 2900 est,
1258 2836 1464 2907 fuitque
1503 2839 1717 2908 utrique
1778 2848 1888 2893 tum
1936 2855 2082 2908 qua}-

519 2924 644 2978 dam
676 2923 807 2980 ﬂere
853 2927 1119 2998 voluptas.
1155 2926 1261 2983 Sed
1296 2929 1508 2984 tandem
1542 2931 1908 2985 arescentibus
1953 2931 2078 2998 illis,

519 3023 576 3069 et
613 3030 750 3085 pene
797 3018 1098 3085 exhaustis,
1151 3018 1495 3088 collectisque
1544 3020 1757 3093 animis,
1801 3022 1939 3075 Deus
1971 3020 2114 3093 (in--

525 3107 745 3175 quiebat
787 3108 922 3172 ille),
956 3120 1199 3164 venerunt
1250 3122 1422 3181 gentes
1449 3114 1503 3165 in
1526 3113 1883 3167 [nereditatem
1916 3122 2078 3178 luant,

516 3210 799 3267 posuerunt
835 3200 1081 3269 templum
1132 3212 1371 3256 sanctum
1405 3214 1551 3257 tuum
1589 3205 1642 3258 in
1686 3221 1960 3271 pomorum
1994 3224 2082 3259 cu-

518 3290 767 3349 stodiam.
792 3300 1072 3358 posuerunt
1099 3292 1394 3345 morticinia
1415 3309 1681 3346 servorum
1706 3304 1913 3347 tuorum
1944 3313 2087 3349 escas

519 3380 811 3432 volatilibus
848 3380 982 3445 creti,
1005 3397 1184 3433 carnes
1215 3391 1511 3435 sanctorum
1548 3392 1754 3437 tuorum
1783 3386 1954 3439 bestiis
1981 3397 2085 3438 ter-

521 3486 616 3536 ra’,
646 3471 938 3539 eﬂ‘uderunt
962 3472 1264 3540 sanguinem
1286 3473 1514 3538 ipsorum
1544 3483 1789 3544 tanquam
1809 3492 2017 3544 aquam,
2040 3486 2086 3529 et

524 3578 627 3615 non
670 3572 783 3616 erat
812 3563 900 3631 qui
929 3564 1159 3631 sepeliret
1178 3564 1245 3618 ".
1271 3563 1477 3616 Altaria
1512 3572 1626 3628 tua,
1658 3564 1896 3628 Domine,
1927 3566 2089 3633 stt/fo-

522 3656 729 3718 derunt,
763 3664 809 3706 et
838 3669 1009 3709 servos
1063 3663 1177 3707 tuos
1235 3656 1535 3708 occiderunt
1583 3656 1779 3725 gladio,
1808 3667 1855 3709 et
1903 3673 1994 3725 ego
2024 3673 2091 3711 ex

524 3742 862 3798 Michaeliuis
894 3744 1095 3799 nostris
1130 3744 1342 3798 relictus
1389 3762 1507 3798 sunt
1553 3746 1696 3799 solus
1720 3747 1787 3799 ⁸⁵.
1819 3747 1881 3799 Ει
1912 3763 2092 3813 quent-

526 3834 809 3889 adntodum
857 3835 1048 3900 David,
1096 3836 1279 3891 audita
1325 3845 1433 3889 tam
1485 3837 1681 3890 misera
1726 3837 1883 3891 clade
1916 3836 2092 3893 Saulis

520 3925 670 3995 jussu
726 3939 781 3982 et
829 3943 990 3981 manu
1024 3927 1165 3996 Doeg
1204 3925 1421 3981 ldummi
1467 3938 1768 3997 perpetrata
1791 3930 2091 3985 occisorum

526 4020 795 4087 octoginta
845 4021 1085 4089 quinque
1114 4021 1352 4075 virorum
1382 4022 1555 4089 epbod
1582 4021 1723 4076 lineo
1750 4023 2088 4089 veStitoruin,

528 4109 743 4164 dicebat
777 4110 844 4165 ad
875 4109 1140 4164 Abiathar
1172 4110 1341 4165 filium
1393 4110 1711 4176 Acbitnelis,
1737 4112 1825 4179 qni
1856 4112 2003 4165 solus
2026 4114 2090 4165 ad

530 4201 703 4270 ipsum
756 4215 821 4256 ex
861 4216 925 4257 ea
956 4201 1213 4273 ell‘ugerat
1245 4220 1260 4258 :
1294 4202 1404 4272 Ego
1440 4220 1555 4257 sum
1578 4220 1694 4256 reus
1717 4204 1946 4257 omnium
1974 4206 2093 4257 ani-

529 4310 737 4348 marum
769 4295 955 4348 domus
1008 4296 1172 4365 patris
1228 4296 1307 4349 tui
1331 4295 1375 4326 ⁵⁷
1407 4313 1421 4349 :
1448 4295 1522 4349 ita
1570 4304 1627 4349 et
1658 4297 1792 4364 ipse,
1844 4297 1977 4365 Ego,
2015 4297 2093 4349 in-

530 4388 672 4457 quit,
726 4403 850 4443 reus
902 4403 1021 4443 sum
1079 4388 1321 4443 omnium
1379 4389 1681 4442 animarum
1715 4390 1956 4443 istarum.
1989 4390 2090 4443 Sed

2172 1920 2543 1977 adolescentes
2618 1926 2885 1992 peditibus
2963 1926 3321 1995 imperabant.
3376 1928 3577 1991 Horum,
3621 1930 3675 1981 in-

2172 2027 2352 2081 quam,
2385 2012 2403 2083 (
2430 2028 2656 2081 quormn
2690 2016 2802 2084 ipse
2830 2016 2992 2071 etiam
3025 2018 3077 2071 in
3118 2017 3431 2087 Anthologia
3454 2034 3537 2072 sua
3559 2034 3676 2072 sacra

2174 2105 2448 2176 meminit)
2502 2116 2555 2160 et
2608 2108 2834 2162 aliorum
2885 2110 3307 2179 propinquorum
3347 2120 3399 2166 et
3433 2111 3672 2165 amicorum

2173 2194 2694 2263 quamplurimorum
2760 2197 3008 2254 interitus
3065 2214 3190 2253 eum
3249 2214 3444 2269 magno
3502 2199 3679 2269 perculit

2174 2284 2381 2351 dolore,
2414 2300 2733 2358 summaque
2779 2286 2956 2343 allecit
3004 2289 3224 2344 tristitia
3259 2292 3396 2345 :sed
3439 2306 3547 2360 qua:
3590 2305 3679 2343 mox

2176 2374 2228 2427 in
2281 2374 2517 2429 latitiam
2567 2377 2898 2440 vertebatur,
2953 2378 3079 2431 dum
3125 2378 3394 2447 cogitaret
3448 2393 3533 2433 eos
3572 2378 3680 2432 velut

2177 2464 2311 2519 alios
2364 2463 2700 2521 Machabazos
2751 2482 2848 2535 pro
2880 2468 2991 2522 aris
3046 2478 3099 2523 et
3159 2468 3320 2533 focis,
3349 2483 3441 2538 pro
3469 2467 3680 2527 Ecclesia,

2177 2572 2275 2626 pro
2312 2571 2437 2626 rege
2480 2567 2533 2611 et
2608 2558 2881 2626 republica
2936 2558 3149 2614 fortiter
3218 2560 3517 2614 dimicando
3562 2574 3681 2612 occu-

2180 2648 2381 2711 buisse,
2409 2659 2464 2702 et
2491 2664 2557 2703 ex
2593 2663 2686 2703 sua
2726 2648 2923 2704 familia
2989 2660 3043 2705 et
3101 2652 3421 2721 cognatione
3467 2649 3593 2702 velut
3636 2664 3683 2701 et

2179 2755 2318 2808 equo
2350 2739 2583 2810 Trojano
2620 2748 2694 2794 tot
2743 2741 2889 2796 viros
2939 2740 3104 2796 fortes
3130 2752 3185 2796 et
3211 2742 3281 2798 de
3309 2743 3561 2811 republica
3584 2741 3683 2794 bene

2181 2831 2400 2885 meritos
2430 2832 2715 2887 exsiliisse.

2251 2924 2357 2981 Sed
2418 2926 2637 2980 tristitia
2710 2925 2800 2981 illa
2857 2926 2924 2981 de
2988 2926 3192 2983 crudeli
3252 2936 3309 2983 et
3368 2935 3569 2982 cruenta
3617 2922 3680 2976 lli-

2184 3016 2481 3071 cbaelitana
2516 3017 2664 3071 caede
2712 3025 2766 3071 et
2796 3017 2950 3071 ruina
2981 3018 3081 3089 (de
3135 3032 3239 3086 qua
3293 3019 3404 3086 ipse
3450 3018 3497 3070 in
3534 3030 3681 3069 nuncu

2185 3107 2395 3176 patoria
2460 3107 2548 3161 illa
2576 3108 2801 3176 epistola
2833 3109 2898 3162 ad
2919 3107 3168 3164 Carolum
3198 3108 3567 3179 Lotharingum
3605 3121 3674 3159 car

2189 3198 2421 3252 dinalem
2495 3200 2909 3268 amplissimum,
2964 3214 3122 3269 quam
3194 3200 3344 3268 operi
3413 3198 3687 3253 Nazianzenus

2188 3291 2432 3360 praeﬁxit,
2472 3292 2636 3345 verba
2687 3290 3121 3357 facieuszouis,
3165 3292 3384 3361 inquit,
3436 3288 3689 3345 Michaelini

2188 3383 2355 3436 nostri
2386 3384 2619 3437 cmuobii
2669 3383 2874 3438 cladem
2921 3384 3027 3437 ulla
3060 3383 3358 3453 quamlibet
3388 3383 3572 3452 tragica
3598 3396 3690 3433 ora-

2190 3476 2332 3529 tione
2357 3490 2453 3545 pro
2492 3477 2564 3530 rei
2602 3477 2881 3531 atrocitate
2901 3474 3176 3542 deplorare
3214 3474 3443 3543 queat?)
3490 3482 3541 3526 ut
3563 3471 3693 3534 major

2188 3579 2323 3630 erat,
2352 3568 2422 3621 ita
2451 3570 2595 3621 cordi
2623 3569 2739 3635 ejus
2786 3577 2841 3622 et
2878 3568 3060 3621 animo
3087 3568 3303 3636 penitus
3334 3582 3396 3622 ac
3423 3565 3600 3621 diutius
3630 3562 3692 3615 in-

2190 3656 2361 3712 hzcsit.
2398 3658 2582 3713 Postea
2627 3660 2846 3728 regione
2904 3658 2992 3711 illa
3044 3658 3382 3721 exturbatus,
3415 3657 3510 3711 huc
3534 3664 3579 3709 ct
3602 3655 3697 3707 illuc

2191 3747 2374 3816 vagari
2434 3746 2617 3812 coepit,
2653 3756 2707 3799 et
2740 3744 3160 3814 peregrinorum
3196 3758 3347 3798 more
3384 3741 3603 3809 cupidius
3625 3754 3697 3791 et-

2191 3847 2433 3906 spectare
2454 3849 2505 3891 et
2527 3838 2798 3906 inquirere
2823 3837 3093 3892 civitatem
3122 3836 3264 3889 illaut
3290 3836 3513 3889 futuram
3541 3842 3696 3887 statam

2192 3938 2245 3983 et
2283 3929 2409 3982 nulli
2459 3928 2717 3982 bellorum
2763 3942 2825 3983 ac
2862 3936 3160 3996 temporum
3187 3927 3238 3980 vi
3269 3934 3326 3981 et
3373 3927 3565 3995 injuria:
3600 3936 3697 3991 per-

2194 4022 2355 4074 viam.
2403 4020 2640 4075 Secessit
2690 4020 2864 4088 primo
2915 4018 3226 4073 Laodunum
3263 4019 3332 4072 ad
3372 4014 3697 4071 charissimam

2194 4113 2414 4167 fratrem
2461 4122 2516 4166 et
2574 4112 2923 4166 reverendam
2974 4108 3204 4164 ρωποι)ῑί
3246 4108 3427 4163 Sancti
3474 4100 3694 4159 Yincentii

2195 4201 2463 4268 abbatem,
2518 4202 2571 4255 in
2629 4215 2756 4271 quo,
2820 4208 2876 4255 et
2934 4198 3362 4268 Saudiouysiaco
3414 4195 3524 4265 (ubi
3570 4191 3696 4246 etiam

2196 4293 2389 4348 summi
2422 4292 2619 4362 prioris
2653 4306 2877 4347 munere
2932 4291 3313 4362 fungebatur),
3345 4288 3537 4356 aliquot
3567 4296 3700 4339 annos

2197 4384 2458 4454 transegit
2505 4384 2735 4452 propriis
2780 4382 3043 4438 cmnobiis
3093 4382 3323 4450 pulsus,
3375 4389 3427 4435 et
3486 4375 3700 4432 reditibus

532 4478 794 4534 luctuosis
818 4478 924 4533 illis
956 4478 1119 4534 etiam
1164 4479 1344 4533 verbis
1391 4494 1491 4547 ego
1520 4495 1639 4534 eum
1686 4478 1918 4542 solabar,
1954 4481 2093 4547 quod
2127 4504 2169 4557 ι)
2199 4475 2474 4543 spoliatus.
2505 4474 2699 4529 Verum
2723 4488 2935 4543 semper
2964 4474 3189 4543 cupidus
3220 4472 3483 4528 revisendi
3517 4466 3701 4557 Micbac-

531 4568 582 4623 ei
634 4566 772 4621 idem
818 4569 960 4636 quod
1002 4567 1189 4622 Davidi
1230 4567 1347 4622 viro
1401 4568 1672 4622 innocenti
1700 4577 1755 4623 et
1800 4570 2091 4623 secundum

533 4673 629 4713 cor
659 4657 867 4713 Domini
908 4658 1243 4727 contigisset,
1277 4658 1574 4728 eodemque
1613 4674 1749 4727 pene
1802 4660 1909 4714 telo
1970 4676 2090 4715 cum

533 4765 597 4805 eo
625 4750 869 4804 conﬁxus
896 4748 1104 4807 fuisset.

602 4840 731 4896 Post
769 4842 909 4895 hanc
935 4841 1147 4895 ruinam
1189 4851 1240 4896 et
1282 4842 1483 4897 caedem
1516 4841 1850 4896 Nanuetibus
1883 4858 2095 4898 menses

534 4930 741 5000 aliquot
791 4939 1179 4997 commoratur,
1212 4947 1315 4985 non
1342 4933 1527 5000 procul
1564 4934 1726 5005 (quia
1759 4936 1978 5002 propius
2008 4950 2101 4988 ac-

535 5022 727 5076 cedere
759 5036 864 5076 uon
904 5021 1118 5091 licebat)
1155 5019 1468 5077 a’cwuobio
1518 5039 1636 5089 suo,
1683 5026 1874 5079 similis
1913 5028 2103 5081 avibus

539 5110 645 5165 illis
680 5126 799 5179 qua:
824 5112 964 5166 nidis
993 5112 1156 5166 etiam
1187 5113 1239 5166 in
1267 5123 1465 5167 terram
1515 5115 1758 5171 excussis
1797 5117 2101 5170 circumvo-

539 5204 695 5259 litare
736 5204 935 5269 solent,
965 5220 1064 5261 nec
1116 5204 1273 5276 longe
1311 5207 1621 5261 abscedere.
1662 5205 1806 5260 Nihil
1855 5221 2092 5274 unquam

539 5298 591 5351 ei
621 5296 886 5351 funestius
937 5311 999 5352 ac
1051 5296 1259 5352 tristius
1314 5298 1627 5367 contigisse,
1684 5298 1935 5367 nulloque
1981 5313 2104 5367 gra-

540 5386 677 5442 viori
726 5402 855 5442 casu
882 5398 940 5443 et
989 5388 1174 5443 dolore
1207 5389 1258 5442 in
1289 5390 1395 5442 vita
1447 5389 1757 5457 perculsum
1793 5388 1960 5443 fuisse
1996 5402 2106 5440 Ille-

544 5479 676 5533 tniui
705 5494 718 5531 :
743 5494 1053 5549 quanquam
1084 5480 1249 5535 multa
1278 5482 1326 5536 ei
1360 5480 1535 5536 tristia
1581 5490 1635 5536 et
1664 5481 1910 5536 luctuosa
1937 5481 2107 5535 maxi-

546 5582 634 5624 me
684 5570 1026 5628 satvientibus
1076 5572 1232 5629 bellis
1280 5573 1529 5629 civilibus
1593 5573 1915 5627 acciderint.
1972 5570 2106 5626 Nam

621 5760 685 5795 "'
720 5758 917 5819 Habac.
952 5778 987 5829 ι,
1020 5764 1100 5819 l6.
1180 5765 1223 5797 "
1257 5766 1392 5821 Psal.
1429 5782 1647 5827 LXXVIII,
1688 5766 1791 5822 l-3.

1871 5766 1913 5793 “'
1943 5765 2002 5820 lll
2037 5765 2164 5837 licg.
2194 5781 2301 5823 vn.
2346 5762 2423 5814 Ill.

2201 4567 2292 4619 lini
2321 4566 2445 4627 soli,
2474 4565 2602 4617 inita
2633 4578 2764 4632 pace
2785 4572 2838 4616 et
2866 4562 3067 4617 sedatis
3111 4570 3379 4631 utcunque
3416 4554 3701 4613 tumultibus.

2201 4656 2359 4708 modo
2388 4654 2676 4716 Lutetiam,
2717 4652 2874 4705 modo
2927 4649 3314 4719 Oysouvillam,
3356 4646 3504 4700 modo
3529 4639 3701 4693 Nanne-

2201 4758 2304 4809 tas,
2368 4746 2525 4799 modo
2582 4744 2646 4797 ad
2702 4743 3027 4796 'l‘urouicum
3087 4740 3450 4796 Tossiuiacum
3504 4738 3702 4787 nostrum

2204 4838 2459 4907 perrexit,
2511 4852 2606 4905 spe
2650 4836 2875 4889 ulterius
2898 4833 3291 4903 progrediendi,
3318 4839 3371 4885 et
3408 4827 3523 4881 illuc
3552 4830 3704 4889 perve-

2200 4932 2399 4984 niendi.
2458 4931 2562 4984 Sed
2619 4926 3024 4982 renascentibus
3068 4923 3315 4977 civilibus
3345 4919 3510 4981 bellis,
3538 4913 3704 4979 velpo-

2198 5022 2302 5076 tius
2327 5021 2438 5074 illic
2477 5018 2945 5090 perseverantibus
2977 5031 2991 5068 :
3021 5014 3103 5070 vel
3133 5013 3332 5067 morbis
3354 5053 3369 5077 ,
3403 5009 3582 5079 quibus
3610 5011 3705 5069 pro-

2200 5113 2546 5183 ﬂigabantur,
2592 5107 2952 5171 obstantibus,
2995 5121 3059 5160 ac
3096 5103 3403 5159 reﬂantibus
3445 5091 3704 5183 procelle

2203 5181 2402 5260 nostra:
2432 5200 2741 5270 reipublicae
2774 5199 2971 5262 ventis,
3009 5196 3133 5250 illuc
3185 5206 3452 5262 nunquam
3484 5181 3706 5257 appellere

2203 5298 2377 5367 potuit
2425 5304 2550 5349 ante
2579 5302 2904 5363 postremam
2941 5298 3207 5353 :estatem,
3232 5286 3433 5357 aliqum
3459 5288 3572 5335 ante
3593 5276 3707 5328 meli-

2206 5389 2356 5444 sibus
2391 5402 2551 5455 quam
2583 5386 2841 5440 tributuut
2872 5392 3077 5437 natura:
3099 5382 3371 5451 penderet.
3638 5459 3647 5463 _
3696 5453 3705 5463 .

2276 5479 2484 5531 interea
2534 5474 3133 5531 verovaletudinarius
3177 5472 3319 5537 licet,
3367 5478 3422 5524 et
3467 5459 3709 5522 miserrimi

2211 5572 2381 5627 nostri
2424 5569 2607 5625 saeculi
2660 5566 2911 5622 ﬂuctibus
2951 5566 3055 5619 huc
3098 5577 3153 5621 et
3199 5564 3320 5620 illuc
3345 5560 3708 5651 jactatusgnusv

2528 5761 2567 5788 “7
2598 5760 2609 5811 l
2637 5758 2764 5827 Reg.
2803 5770 2932 5819 XXII,
2956 5755 3045 5810 ‘22.
3108 5765 3134 5813 Ἰ
