3776 6512
70 374 133 427 εει
1179 341 1485 425 ELOGlUM
1527 368 1756 427 JACOBI
1794 371 2009 428 BlLLll.

3098 369 3202 422 ὅδε

67 501 177 556 quam
217 482 297 535 fuit
349 491 547 534 otiosus
596 479 806 550 (otium
871 481 1012 534 enim
1048 489 1098 535 et
1131 481 1388 535 desidtam
1423 492 1540 534 tan-
1568 488 1617 544 Α
1645 487 1962 541 monachum
2017 484 2249 540 tolerare
2295 492 2563 555 poterant.
2613 492 2695 540 Ao
2746 494 3050 554 e'ptscnpatn
3099 482 3203 538 fre-

67 593 177 647 quant
205 572 371 627 letbale
399 571 664 639 quoddam
700 585 987 635 venenum,
1021 571 1270 640 ipso'sque
1304 573 1534 636 desides,

67 678 107 720 at
141 661 392 731 reipublicae
433 659 647 714 inutiles
693 676 758 714 ac
808 661 1139 729 perniciosos
1198 675 1537 728 summepere

65 753 260 822 ederat);
296 751 412 818 quin
443 749 618 818 plura,
644 759 697 802 et
731 750 996 816 doctiora,
1027 750 1345 818 utilioraque
1373 750 1538 804 edidit

65 860 192 912 opera,
218 857 356 910 quam
410 841 549 894 ullus
594 855 705 894 sua:
761 839 996 895 fortasse
1049 841 1227 894 aetatis
1257 841 1399 894 alius
1437 857 1449 892 :
1481 849 1539 892 ut

67 953 145 989 rum
167 933 302 988 Paulo
327 932 499 986 dicere
521 932 754 1001 potuerit
784 950 798 985 :
834 932 978 985 Tunc
1013 941 1196 1000 potens
1233 947 1372 992 sum,
1420 947 1538 983 cum

66 1025 456 1094 inﬁrmorwirtua
519 1025 656 1076 enim
712 1023 768 1076 in
818 1023 1126 1091 inﬁrmitate
1177 1021 1446 1090 per/icitur
1470 1021 1536 1075 ⁸⁸.

68 1119 160 1173 .\iliil
197 1117 317 1171 enirn
357 1115 404 1170 ei
461 1114 760 1178 excidebat,
816 1128 883 1168 ne
937 1123 1265 1166 momentum
1323 1113 1536 1182 quidem

68 1207 268 1276 temporis,
300 1219 390 1258 nec
423 1204 567 1258 diem
599 1203 758 1257 ullam
812 1203 917 1257 labi
968 1202 1180 1256 sinebat
1230 1203 1345 1258 sine
1377 1203 1536 1266 linea,

66 1302 135 1354 into
170 1311 248 1352 nec
292 1296 402 1351 sine
444 1305 670 1350 exarata
716 1293 907 1350 saltem
949 1295 1141 1364 pagina
1169 1294 1365 1362 aliqua.
1405 1291 1536 1346 Nam

68 1389 198 1442 morbo
225 1387 369 1440 etiam
432 1385 690 1440 laborans
724 1384 818 1456 (ut
855 1384 1227 1454 frequentibus
1277 1391 1394 1438 erat
1442 1383 1535 1437 ob-

67 1481 214 1540 noxius,
241 1477 457 1530 maxime
503 1475 806 1540 articulari,
834 1485 888 1530 et
920 1473 1266 1543 fluxionibus)
1297 1474 1536 1528 relaxato

69 1573 118 1620 vel
159 1568 428 1622 intermisso
479 1567 667 1622 dolore
695 1582 883 1621 versus
926 1567 1136 1634 aliquos
1166 1567 1248 1620 vel
1299 1567 1534 1629 Graecos,

69 1659 117 1711 rel
139 1656 332 1718 Latinos,
364 1657 440 1708 vel
473 1657 637 1710 etiam
676 1655 927 1722 Gallicos,
957 1664 1048 1710 aut
1079 1657 1220 1710 aliud
1248 1656 1536 1726 lquidpiam

71 1761 213 1814 Scmpel'
236 1744 502 1800 condebat.
553 1744 768 1799 Etenim
811 1745 998 1799 silvam
1054 1746 1214 1800 etiam
1249 1748 1536 1814 quamdam

1647 585 1870 641 quenter
1901 575 2003 628 sibi
2029 575 2210 628 oblato
2236 583 2488 643 tanquam
2529 590 2559 627 a
2599 575 2744 628 letali
2793 574 3013 640 scopulo
3054 588 3200 626 sern-

1646 679 1742 732 per
1797 663 2054 733 profugit,
2106 679 2164 719 se
2215 673 2364 718 tanto
2422 678 2644 719 munere
2697 665 2970 734 indignum
3030 674 3200 732 ratus,

1645 751 1826 806 multis
1864 752 2035 808 fretus
2087 762 2398 808 sanctorum
2422 762 2477 808 et
2503 753 2931 808 doctissimorum
2961 754 3204 822 antiquo-

1645 858 1760 896 rum
1795 843 2010 898 Patrum
2046 845 2328 914 exemplis,
2349 855 2402 898 et
2456 859 2645 912 magno
2672 846 2862 898 anima:
2894 845 3206 900 imminente

1646 934 1882 1001 periculo
1910 935 2222 990 deterritus.
2268 937 2462 991 Animo
2488 946 2666 992 autem
2705 951 2844 1006 saepe
2886 938 3201 1005 angebatur,

1650 1022 1966 1092 ferebatque
2033 1023 2401 1093 indignissime
2459 1025 2600 1094 quod
2653 1025 2908 1095 episcopi,
2962 1027 3202 1090 abbates,

1645 1129 1823 1184 reges,
1857 1130 1922 1169 ac
1953 1116 2232 1184 pontifices
2263 1117 2560 1170 sacerdotia
2610 1127 2714 1170 tam
2753 1115 2890 1169 male
2944 1115 3204 1180 locarent,

1643 1213 1698 1257 et
1722 1203 1920 1258 Christi
1957 1219 2086 1260 oves
2114 1213 2263 1258 tanto
2285 1205 2456 1273 pretio
2479 1205 2783 1271 redemptas
2808 1203 2944 1272 lupis
2974 1219 3115 1272 saepe
3141 1219 3204 1260 ac

1647 1289 1889 1346 leonibus
1917 1291 2084 1360 (addo
2124 1292 2310 1362 etiam)
2353 1302 2406 1346 et
2447 1292 2730 1347 lenonibus
2787 1291 3204 1348 committerent.

1715 1381 1791 1434 Ex
1818 1382 1969 1451 cujus
2004 1381 2201 1437 Christi
2227 1382 2410 1437 schola
2438 1391 2494 1436 ut
2523 1384 2698 1437 omnis
2726 1383 2936 1452 generis
2958 1382 3204 1454 virtutes,

1644 1474 1876 1528 maxime
1929 1490 2058 1530 vero
2092 1474 2260 1543 ipsius
2307 1475 2579 1543 propriam
2618 1473 2996 1542 perdidicerat,
3033 1483 3204 1528 tanto-

1644 1581 1746 1633 que
1770 1566 2033 1634 cupidius.
2075 1577 2282 1636 quanto
2327 1566 2497 1635 magis
2539 1565 2726 1620 oderat
2758 1565 2945 1618 vitium
2979 1565 3050 1618 illi
3084 1581 3208 1618 con-

1644 1658 1900 1724 trarium,
1946 1659 2086 1727 quod
2142 1659 2357 1728 angelos
2403 1659 2541 1727 ipsos
2591 1660 2658 1712 de
2703 1658 2841 1712 coelo
2883 1658 3204 1712 deturbavit.

1644 1747 1774 1803 Cum
1803 1749 2099 1804 humilibus
2137 1752 2359 1818 repebat
2386 1750 2559 1816 humi,
2587 1766 2707 1804 cum
2730 1751 2972 1818 superbis
3003 1758 3055 1805 et
3093 1751 3208 1804 ela-

68 1837 129 1889 sibi
147 1835 802 1904 paraveratsententiarum
847 1843 900 1890 et
924 1843 1386 1904 argumentorum,
1419 1851 1536 1904 quae
1570 1835 1612 1890 B
1641 1837 1706 1890 tis
1762 1836 1902 1890 male
1949 1835 2272 1892 cohaerebat.
2301 1837 2528 1892 Generis
2574 1836 2656 1891 sui
2704 1838 3056 1902 nobilitatem,
3089 1854 3209 1906 quae

70 1929 100 1978 ill
120 1927 234 1991 lecto,
261 1926 338 1981 ubi
374 1941 478 1981 non
514 1927 716 1981 licebat
741 1927 937 1981 multos
964 1927 1132 1981 libros
1159 1928 1392 1992 volvere,
1422 1944 1542 1983 ver-

71 2028 161 2071 erat
184 2019 354 2082 animo,
381 2029 431 2072 et
456 2017 776 2073 amanuensi
802 2017 1049 2073 dictaret.
1078 2019 1213 2084 Quin
1237 2020 1396 2074 etiam
1420 2035 1540 2074 cum

71 2109 274 2176 aliquando
310 2110 600 2176 equitaret,
631 2125 659 2162 a
697 2110 956 2164 comitatu
1009 2124 1149 2179 saepe
1178 2111 1458 2165 secedebat
1486 2119 1543 2165 ut

76 2200 322 2253 meditationi
361 2209 601 2266 vacaret,
640 2209 692 2255 et
725 2215 787 2255 ea
827 2213 946 2269 qua:
996 2202 1046 2254 in
1081 2202 1259 2256 animo
1294 2202 1540 2266 habebat,

77 2291 162 2356 apud
182 2306 224 2344 se
248 2292 479 2361 agitaret,
501 2307 732 2360 quorum
757 2293 936 2361 capita
968 2294 1326 2364 pugillaribus
1355 2294 1542 2349 inscri-

73 2384 150 2433 bere
169 2381 361 2448 solebat,
399 2384 560 2452 idque
587 2384 783 2452 raptim
813 2395 866 2438 et
897 2383 1100 2439 furtim.

115 2473 142 2522 Α
173 2487 236 2524 me
259 2488 481 2542 namque
511 2475 848 2540 potissimum
876 2489 995 2530 sese
1025 2477 1376 2543 subducebat,
1401 2477 1541 2546 quod

74 2565 100 2615 et
137 2565 286 2631 sapius
327 2564 638 2631 objicerern,
697 2581 760 2620 ac
813 2567 958 2621 velut
1009 2567 1204 2622 bellum
1257 2568 1535 2634 inferrent,

75 2656 161 2718 quod
185 2670 228 2708 se
254 2671 348 2710 non
383 2659 696 2727 respiceret,
729 2667 783 2713 et
815 2659 1052 2712 animum
1088 2659 1385 2714 litterarum
1426 2673 1543 2714 stu-

77 2743 140 2793 diis
161 2743 273 2796 t‘rlul
301 2760 476 2798 arcum
511 2762 727 2815 semper
751 2747 1016 2802 intensum
1039 2764 1305 2817 nunquam
1337 2750 1543 2804 relaxa—

75 2843 133 2881 rei.
154 2830 239 2886 Non
263 2836 389 2888 enim
419 2837 486 2892 ob
516 2837 664 2891 aliud
711 2838 852 2893 inter
877 2855 973 2893 nos
997 2841 1242 2894 obortum
1266 2851 1347 2895 est
1377 2843 1538 2896 dissi-

76 2927 182 2989 dium,
206 2939 248 2982 et
271 2932 399 2998 quod
429 2932 598 2985 nimia
631 2932 804 2987 inedia
855 2943 911 2988 et
939 2935 1542 3004 crcbrioribusjejuniis

76 3017 234 3072 {nullum
287 3023 442 3084 enim,
473 3035 672 3093 praeter
710 3023 810 3077 alia
867 3035 1186 3092 spontanea,
1220 3044 1282 3082 ex
1312 3030 1394 3083 his
1425 3045 1542 3099 qua:

77 3105 201 3161 indixit
236 3109 474 3175 Ecclesia,
513 3116 942 3186 intermittebat)
985 3119 1263 3173 tabescens
1313 3136 1532 3189 corpus,

78 3206 178 3253 tenue
217 3217 267 3258 ac
309 3208 672 3274 macilentam,
715 3220 878 3277 atque
925 3210 1158 3281 σκελετῴ
1206 3227 1338 3280 pene
1367 3214 1542 3269 simile

77 3292 296 3347 coniiceret.
332 3293 382 3349 In
415 3312 542 3352 vase
590 3298 733 3351 enim
790 3299 934 3352 fictili
967 3311 1020 3353 et
1048 3301 1334 3355 admodum
1361 3301 1540 3371 fragili

79 3395 233 3447 magnus
253 3396 353 3438 erat
389 3388 661 3456 repositus
695 3390 994 3452 thesaurus,
1033 3399 1255 3461 eratque
1281 3393 1397 3461 ejus
1424 3399 1539 3449 ani-

79 3484 152 3522 tuus
172 3473 285 3527 velut
309 3480 571 3544 pretiosus
605 3479 821 3547 lapillus
867 3482 1065 3535 annulo
1093 3486 1260 3538 vitreo
1287 3485 1538 3551 inclusus,

79 3574 115 3611 ac
130 3565 196 3616 sub
216 3567 390 3623 villosis
415 3570 557 3624 Esau
596 3571 974 3640 integumentis
1002 3589 1163 3627 verus
1197 3574 1439 3630 latitabat
1461 3577 1544 3631 Ja-

79 3651 421 3714 tob.Enintvero
454 3671 511 3714 ut
564 3662 711 3728 pacis
757 3672 872 3714 erat
905 3664 1320 3731 amantissimus,
1347 3679 1397 3720 et
1431 3668 1543 3736 ipsa

82 3737 294 3799 litterarum
343 3751 510 3802 studia
552 3750 662 3804 otia
720 3759 772 3804 et
823 3765 1093 3806 secessum
1133 3767 1396 3821 quaerunt,
1431 3773 1544 3810 nta-

82 3845 240 3898 gnopere
278 3841 510 3907 cupiebat
553 3841 728 3896 locum
777 3843 1005 3911 aliquem
1047 3848 1282 3914 quietum
1313 3857 1365 3901 et
1399 3857 1544 3902 tran-

88 3921 256 4006 quillum.
279 3929 521 3994 nancisci,
555 3930 607 3984 in
639 3947 745 4000 quo
773 3933 1149 3988 bibliothecam
1186 3945 1444 3992 statueret
1491 3949 1542 3994 et

84 4010 309 4085 instrueret,
337 4030 386 4076 et
418 4025 814 4081 mansuetiores
843 4042 1028 4082 musas
1071 4027 1295 4086 liberius
1340 4033 1542 4103 ample-

84 4116 244 4172 urctur,
268 4112 563 4184 foveretque
595 4119 776 4171 tutius.
1206 4167 1219 4179 .

127 4195 232 4261 Quod
257 4201 474 4271 plerique
517 4204 879 4272 intelligentes
908 4215 963 4260 et
993 4221 1087 4276 spe
1117 4219 1353 4277 quzestus
1386 4211 1542 4281 (nam

86 4284 273 4344 deaunuo
302 4309 389 4348 suo
421 4296 595 4350 reditu
629 4297 854 4350 multum
879 4298 964 4352 ille
999 4301 1273 4356 remittere
1299 4303 1543 4371 volebat)

85 4373 199 4431 allecti
222 4383 274 4435 ad
301 4399 411 4439 eum
453 4388 832 4454 adventarent,
862 4402 916 4444 ct
951 4393 1140 4446 crebro
1178 4408 1301 4447 cum
1339 4410 1404 4449 eo
1431 4410 1547 4449 ser-

86 4479 228 4523 mortem
251 4473 582 4533 instituerunt
632 4481 696 4536 de
742 4482 1108 4550 permutandis
1142 4483 1244 4540 illis
1298 4487 1408 4540 suis
1451 4485 1542 4540 ab-

84 4552 204 4612 batiis.
241 4562 330 4617 Sed
355 4568 468 4635 quia
513 4569 630 4633 alii,
662 4568 743 4623 vel
773 4572 1006 4639 suSpecti
1046 4581 1202 4628 erant
1255 4577 1541 4642 haereseos,

86 4645 136 4738 tri
156 4661 266 4705 arma
293 4658 682 4727 profitebantur,
711 4661 793 4716 vel
821 4676 923 4715 non
952 4664 1206 4719 carebant
1235 4668 1544 4738 su3picione

87 4733 266 4832 ξῑῐηοηίε
303 4747 484 4816 (quam
514 4753 661 4808 velut
691 4753 951 4809 malorum
1003 4766 1305 4812 nostrorum
1339 4760 1542 4816 lernam

87 4832 272 4896 Imprimis
313 4838 701 4914 detestabatur)
753 4847 939 4902 maluit
981 4863 1099 4903 cum
1148 4851 1386 4918 periculo
1437 4868 1546 4909 sua:

87 4919 342 5013 ῘῨῙθίυάίηίει
371 4943 423 4986 et
465 4936 764 4991 studiorum
797 4953 1014 4994 suorum
1060 4941 1336 5009 dispendio
1363 4944 1464 4997 huc
1493 4954 1544 4998 et

89 5007 169 5065 illuc
203 5030 449 5089 perpertuo
491 5025 641 5094 ferri,
672 5043 831 5097 quam
879 5030 1078 5084 nomini
1131 5007 1228 5086 suo
1265 5033 1350 5087 vel
1380 5035 1542 5088 ruini-

91 5110 183 5154 mam
215 5113 440 5170 maculam
494 5119 732 5184 inurere,
767 5129 822 5174 et
855 5136 1012 5190 quam
1045 5125 1428 5179 conscientiam
1457 5125 1545 5194 (in

92 5203 158 5282 fl“
183 5211 285 5262 Pura
311 5211 556 5264 servanda
596 5221 711 5266 erat
740 5213 1222 5282 vigilantissimus)
1255 5217 1336 5270 vel
1370 5218 1549 5271 tantil-

93 5275 161 5378 1ξηιλ
186 5286 356 5378 ledere.
387 5297 516 5366 Quin
545 5310 755 5372 etsrepe
787 5275 861 5358 illi
887 5304 985 5360 fuit
1013 5275 1222 5361 animus
1243 5307 1550 5378 relinquen-

93 5369 143 5467 da
162 5375 335 5441 attentis
360 5404 460 5445 suae
489 5369 740 5459 abbatize,
770 5396 912 5465 quod
945 5397 992 5452 ei
1027 5398 1260 5467 bigamia
1312 5369 1414 5456 illa.
1443 5415 1550 5456 non

95 5463 261 5527 vinceret
285 5493 295 5529 :
321 5484 402 5535 sed
437 5484 487 5538 id
538 5463 819 5541 commode
863 5488 978 5542 fieri
1009 5463 1112 5544 non
1142 5492 1314 5557 potuit
1351 5493 1420 5546 ob
1453 5494 1550 5548 ad-

95 5562 198 5610 πεῖθε
229 5572 431 5637 tempora
463 5582 514 5628 et
548 5573 664 5631 loca
694 5590 812 5646 qua:
852 5578 1054 5632 nullum
1088 5580 1158 5632 ibi
1191 5581 1436 5636 abbatem
1463 5583 1545 5637 vel

131 5753 175 5784 ⁵⁸³
196 5756 228 5814 η
252 5765 355 5824 Cor.
384 5787 475 5845 χιι,
512 5779 588 5842 l0,
623 5779 673 5836 9.
745 5779 789 5811 δ’
830 5780 846 5835 l
881 5779 1002 5837 Cor.
1042 5796 1156 5846 vtn,
1196 5782 1238 5839 l.

1643 1927 1938 1982 clarissima
1969 1937 2104 1992 erat,
2138 1944 2398 1996 nusquam
2426 1928 2717 1983 ostentavit
2737 1929 2899 1998 (quod
2931 1929 3048 1982 vani
3081 1945 3207 1997 pas-

1642 2018 1742 2073 sim
1771 2018 1964 2083 solent,
1999 2028 2052 2073 et
2075 2033 2133 2072 ea
2167 2019 2572 2089 intumescere),
2623 2020 2820 2074 nullam
2842 2035 3019 2074 veram
3048 2020 3205 2073 aliam

1643 2109 1962 2165 existimans
1994 2126 2153 2178 quam
2183 2126 2301 2179 quae
2338 2111 2534 2165 virtute
2556 2120 2839 2181 pararetur
2863 2120 2955 2165 aut
2989 2111 3206 2166 fulcire-

1646 2211 1754 2256 tur.
1784 2201 2094 2255 Doctrinam
2123 2202 2331 2269 pariter
2383 2215 2534 2254 suam
2564 2210 2618 2254 et
2646 2200 2995 2270 multiplicem
3027 2217 3207 2256 rerum

1643 2307 1706 2347 ac
1736 2291 2038 2361 linguarum
2075 2291 2458 2360 cognitionem,
2497 2305 2618 2359 qua:
2655 2291 2838 2346 multis
2876 2291 3072 2346 cristas
3096 2293 3207 2346 eri-

1643 2397 1790 2452 gere,
1817 2392 1872 2436 et
1926 2381 2268 2450 supercilium
2328 2381 2573 2436 attollere
2607 2383 2906 2444 consuevit,
2935 2398 3207 2450 nunquam

1644 2475 1856 2538 extulit,
1915 2475 2041 2543 quin
2098 2487 2217 2526 eam
2270 2472 2537 2541 depressit
2584 2473 2781 2542 potius.
2825 2473 2954 2526 Erat
2981 2474 3122 2527 enim
3158 2476 3207 2527 ei

1643 2569 1792 2622 velut
1823 2568 2004 2620 innata
2045 2565 2130 2618 illa
2162 2565 2421 2626 Charitas,
2455 2580 2572 2632 quae
2617 2579 2719 2617 non
2754 2564 2925 2629 inflat,
2957 2567 3050 2618 sed
3085 2567 3210 2618 aedi-

1646 2659 1772 2712 ﬁcat
1799 2659 1867 2721 3°,
1902 2666 1959 2710 ut
1987 2672 2047 2710 ex
2082 2655 2197 2722 ejus
2224 2655 2462 2725 scriptis,
2490 2656 2623 2708 nihil
2655 2665 2803 2710 certe
2833 2656 2972 2709 aliud
2997 2658 3207 2723 spiran-

1647 2751 1810 2813 tibus,
1841 2749 2006 2817 liquet
2038 2763 2049 2798 :
2086 2749 2223 2800 sicut
2256 2755 2308 2799 et
2345 2763 2409 2799 ex
2455 2747 2622 2814 ipsius
2652 2747 2978 2825 quotitlianis
3006 2762 3211 2800 sermo-

1644 2841 1802 2895 nibus
1848 2849 1904 2894 et
1951 2839 2234 2906 colloquiis
2265 2838 2437 2908 cuivis
2468 2838 2632 2890 etiam
2687 2851 2867 2890 norum
2902 2853 2964 2891 ac
3001 2839 3211 2906 perstri-

1644 2945 1801 2984 cuurn
1836 2939 1972 2983 erat.
2016 2930 2071 2982 ln
2101 2929 2293 2996 quibus
2323 2926 2626 2989 familiaris,
2653 2926 2842 2986 contis,
2884 2941 2949 2978 ac
2977 2926 3204 2986 facetus,

1643 3022 1832 3073 creber
1886 3020 2195 3080 sententiis,
2231 3028 2283 3073 et
2315 3018 2517 3087 pietate
2557 3029 2610 3073 et
2655 3017 2956 3073 eruditione
3001 3035 3211 3089 semper

1647 3110 1866 3177 insignis
1899 3110 2016 3163 fuit.

1717 3200 1792 3255 De
1845 3200 2112 3267 republica
2171 3199 2472 3255 Christiana
2524 3207 2577 3254 et
2625 3199 2825 3255 Gallica
2874 3200 2955 3253 vir
3016 3201 3206 3268 publici

1649 3295 1915 3348 amantior
1943 3309 2102 3362 quam
2157 3295 2258 3356 sui,
2292 3293 2606 3361 frequenter
2646 3302 2700 3346 et
2729 3308 2793 3346 ex
2835 3293 3013 3345 animo
3051 3293 3208 3346 verba

1649 3384 1897 3448 faciebat,
1949 3385 2100 3454 juxta
2134 3383 2406 3452 vulgatum
2453 3384 2812 3452 proverbium,
2855 3384 2942 3437 ubi
2995 3383 3206 3445 vulnus,

1650 3477 1722 3528 ibi
1751 3490 1940 3529 manus
1969 3490 1985 3528 :
2017 3474 2106 3528 ubi
2163 3475 2336 3543 plaga.
2371 3474 2442 3528 ibi
2491 3474 2694 3542 lingua.
2724 3473 3043 3542 Deplorabat
3067 3475 3208 3528 enim

1649 3565 1886 3635 quotidie
1928 3565 2288 3618 miserrimum
2339 3565 2452 3632 ejus
2483 3565 2825 3632 ,hodiernnrn
2863 3574 3082 3628 statum,
3115 3581 3210 3618 nec

1651 3659 1796 3711 aliud
1851 3657 2173 3726 sperandum
2209 3656 2442 3718 dicebat,
2480 3669 2636 3725 quam
2669 3656 2886 3708 brevem
2923 3656 3207 3718 quantdant

1651 3751 1821 3819 ipsius
1877 3749 2239 3813 eversionem,
2268 3763 2330 3800 ac
2377 3761 2494 3802 eam
2534 3761 2668 3814 pene
2709 3746 2872 3813 (quod
2924 3746 3062 3799 Dens
3097 3756 3204 3812 opt.

1652 3857 1796 3895 max.
1831 3842 2060 3906 avertat)
2093 3855 2211 3907 qua:
2259 3838 2358 3893 sub
2412 3837 2746 3890 Phaethonte
2776 3837 2990 3898 accidit,
3015 3838 3213 3889 confla-

1649 3933 1964 4002 grationern.
2022 3929 2190 3984 Tanta
2248 3937 2426 3983 autem
2473 3937 2590 3982 erat
2635 3928 2953 3995 prudentia,
3000 3937 3213 3996 tamque

1650 4026 1760 4079 acri
1789 4033 1839 4080 et
1881 4022 2174 4092 perspicaci
2207 4020 2421 4089 ingenio
2449 4020 2745 4090 etjudicio,
2769 4028 2826 4072 ut
2853 4035 2918 4072 ex
2942 4030 3213 4087 antegres-

1651 4115 1725 4168 sis
1752 4114 1928 4168 futura
1966 4114 2128 4169 etiam
2158 4114 2507 4181 conjectaret,
2541 4127 2602 4167 ac
2636 4126 2776 4179 saepe
2805 4111 3092 4172 divinaret,
3119 4126 3212 4164 ea-

1651 4221 1755 4276 que
1789 4206 2020 4260 velutex
2073 4205 2178 4258 alta
2224 4205 2456 4272 quadam
2517 4203 2730 4272 specula
2779 4203 3112 4271 praevideret.
3148 4200 3215 4254 Ut

1652 4297 1950 4350 litterarum
1971 4335 1990 4360 ,
2021 4298 2093 4351 ita
2136 4305 2189 4350 et
2216 4296 2575 4350 litteratorum
2625 4305 2741 4348 erat
2767 4296 3166 4349 amantissimus
3196 4314 3209 4360 ;

1651 4389 1743 4444 sed
1767 4402 1951 4442 eorum
1984 4388 2280 4457 prazsertitn
2326 4389 2414 4456 qui
2452 4387 2835 4456 rempublicam
2873 4387 3210 4453 litterariam,

1651 4489 1705 4535 et
1738 4480 1829 4534 Dei
1853 4479 2145 4534 Ecclesiam
2173 4479 2440 4545 iuvarent.
2473 4476 2606 4530 Nam
2648 4492 2858 4541 eorum,
2891 4479 2977 4544 qui
3005 4479 3051 4531 ei
3078 4479 3210 4532 inl'c-

1650 4570 1720 4626 sti
1765 4577 1943 4635 erant,
1975 4567 2305 4623 consortium
2342 4567 2630 4636 diligenter
2664 4569 2891 4633 vitabat,
2932 4578 2986 4621 et
3027 4569 3095 4621 ab
3125 4585 3210 4622 eo-

1651 4678 1768 4718 rum
1792 4662 1943 4716 libris
1981 4661 2304 4716 abstinebat.
2331 4659 2530 4714 Oderat
2561 4660 2644 4713 vir
2673 4659 3005 4715 castissimus
3029 4670 3214 4730 poetas

1652 4763 1706 4810 et
1731 4753 2018 4822 scriptores
2053 4765 2275 4821 spurcos
2309 4761 2363 4804 et
2381 4753 2666 4815 obscenos,
2687 4766 2888 4820 eosque
2913 4767 3099 4806 omnes
3121 4754 3211 4822 qui

1653 4851 1746 4905 Dei
1776 4849 1988 4904 talentis
2017 4847 2381 4909 abuterentur,
2412 4857 2464 4900 et
2493 4861 2552 4899 ea
2590 4846 2957 4915 impenderent
2986 4846 3037 4900 in
3071 4848 3211 4903 cele-

1665 4941 1883 4995 brandis
1929 4939 2102 5007 potius
2141 4937 2332 4990 Bacchi
2383 4945 2436 4990 et
2487 4937 2743 5001 Veneris,
2779 4937 2860 4990 vel
2910 4938 3070 4991 etiam
3124 4939 3212 4992 im-

1657 5035 1972 5088 meritorutn
2006 5033 2280 5085 hominum
2317 5029 2585 5093 laudibus,
2631 5045 2791 5098 quant
2816 5029 3035 5084 Christi.

1727 5124 2038 5180 Lectissima
2075 5127 2191 5190 ejus
2231 5122 2423 5178 donius
2473 5127 2618 5175 velut
2666 5131 2909 5176 sanctum
2943 5121 3212 5190 quoddam

1649 5215 1946 5274 cmnobiutn
1976 5222 2032 5266 et
2067 5213 2478 5274 xenodochiunt,
2511 5210 2798 5278 scholaque
2825 5211 3044 5266 virtutis
3070 5223 3208 5274 erat,

1647 5307 1789 5377 quod
1833 5321 1899 5359 ex
1954 5305 2090 5357 bene
2129 5303 2350 5356 moratis
2380 5311 2434 5356 et
2467 5303 2706 5372 pacificis
2752 5303 2868 5370 ejus
2909 5303 3212 5358 domesticis

1648 5396 2041 5463 innotescebat,
2081 5397 2213 5450 adeo
2247 5404 2305 5448 ttt
2334 5409 2400 5450 ex
2446 5396 2574 5463 ipsis
2609 5406 2993 5465 agnosceretur
3015 5397 3212 5466 patris.

1657 5489 1890 5545 familias
1920 5488 2198 5557 prudentia
2227 5487 2444 5558 :‘qualis
2468 5487 2718 5543 videlicet
2745 5495 2926 5542 rector
2953 5486 3210 5554 civitatis,

1653 5581 1784 5638 tales
1814 5580 2116 5636 habitantes
2144 5580 2194 5634 in
2229 5595 2312 5635 ea.
2343 5578 2482 5635 Viris
2510 5580 2630 5650 piis,
2663 5581 2830 5637 doctis
2863 5589 2916 5636 et
2947 5579 3211 5651 religiosis
