3832 6394
492 292 595 349 ’585

1685 295 1996 353 ELOGIUM
2034 296 2268 353 JACOBI
2309 297 2530 353 BlLLll.

3609 303 3695 359 584

496 404 711 478 (nempe
730 404 810 461 sui
841 402 1127 476 similibus)
1150 411 1339 475 patens
1363 414 1419 461 et
1446 408 1651 477 pervia,
1678 422 1834 481 atque
1859 413 2059 469 Christi
2087 419 2135 476 Α
2162 411 2283 476 bus,
2314 412 2603 481 multisque
2643 409 2709 464 ad
2755 423 2875 463 emn
2906 409 3073 464 Roma
3118 410 3295 465 missis
3326 412 3393 466 ab
3424 412 3699 468 illustrissi-

492 499 840 571 panperibus,
872 513 1100 568 quorum
1137 509 1398 569 perpetuo
1422 502 1521 557 fuit
1550 506 1970 572 amantissimus,
2002 515 2059 561 et

494 601 649 657 paler
675 587 1148 656 locupletissimus.
1174 587 1299 644 Ideo
1340 605 1461 645 eum
1494 594 1754 663 gregatim
1785 603 1838 647 et
1861 597 2055 663 passim

493 680 889 750 sequebantur,
914 678 1069 749 juxta
1115 680 1243 737 illud
1286 681 1668 753 Evangelicum
1704 701 1719 738 :
1757 684 2059 755 Ubicunque

492 773 653 841 fuerit
680 788 904 842 corpus,
933 772 1061 827 illuc
1102 775 1553 843 congregabantur
1574 787 1622 830 et
1646 779 1837 845 aquila:
1859 782 1925 833 ⁹⁰.
1968 780 2059 833 Di-

489 876 625 931 gnus
648 861 738 931 qui
768 876 889 916 cum
914 859 1119 917 Joanne
1156 860 1597 932 Eleemosynario
1620 863 1976 930 conferretur,
2002 875 2058 920 et

488 966 609 1005 cum
636 948 773 1005 Jobo
798 948 921 1018 jure
954 950 1158 1006 diceret
1188 965 1201 1001 :
1232 950 1428 1005 Oculus
1450 952 1703 1021 fuicwco,
1730 970 1817 1022 pes
1848 955 2054 1017 claudo,

486 1052 636 1111 pater
658 1057 950 1111 pauperum
968 1043 1036 1096 “.
1069 1040 1217 1109 Quos
1257 1044 1423 1097 etiam
1457 1043 1693 1098 moriens
1734 1054 2057 1100 testamento

489 1131 733 1187 haeredes
758 1146 979 1187 suarum
1004 1132 1323 1189 facultatum
1348 1133 1583 1204 reliquit,
1614 1139 1846 1192 maxime
1867 1128 2055 1193 earnm

487 1236 607 1290 quae
636 1237 700 1276 ex
754 1222 957 1277 Christi
1006 1224 1334 1293 patrimonio
1367 1227 1415 1280 ei
1464 1236 1798 1295 supererant,
1836 1228 2057 1284 sacrile-

488 1314 652 1381 gium.
692 1314 958 1383 quoddam
1015 1315 1308 1372 arbitratus
1360 1318 1404 1372 si
1454 1317 1559 1373 alio
1613 1318 2052 1375 transferrentur.

488 1402 617 1468 Ejus
638 1418 822 1458 mensa
851 1409 970 1459 laeta
1018 1414 1073 1460 et
1100 1405 1244 1460 lauta
1274 1423 1287 1459 :
1322 1409 1415 1462 sed
1445 1423 1510 1463 eo
1548 1408 1722 1462 laetior
1750 1424 1813 1463 ac
1860 1410 2058 1463 lautior

488 1505 596 1559 quo
634 1492 965 1561 spiritalibus
994 1494 1189 1563 epulis,
1210 1496 1449 1549 animum
1473 1497 1643 1567 magis
1671 1512 1828 1565 quam
1860 1513 2056 1566 corpus

491 1584 859 1639 reficieutibus
885 1600 949 1641 ac
972 1585 1343 1656 saginantibus
1390 1600 1509 1643 erat
1539 1588 1869 1646 instructior.
1896 1590 2054 1660 Sym-

489 1678 640 1746 posia
695 1677 810 1745 ejus
863 1677 1159 1734 Platonicis
1208 1688 1358 1733 tanto
1411 1681 1819 1750 praestantiora,
1851 1690 2052 1751 quanto

2160 504 2264 558 mis
2322 502 2685 559 cardinalibus
2738 500 2981 566 Pelvaeo,
3036 499 3253 566 Sirleto,
3305 502 3536 569 Caraffa,
3580 504 3697 559 Baro

2116 644 2117 647 η
2156 595 2493 658 subdatario,
2534 591 2775 647 Gerardo
2811 592 2988 656 Ursio,
3019 591 3249 657 Morino,
3289 594 3517 661 aliisque
3541 595 3589 647 ei
3624 610 3699 649 no-

2156 688 2300 742 mine
2325 688 2543 756 pietatis
2568 698 2621 740 et
2660 686 2963 741 litterarum
3010 684 3484 754 coniunctissimis,
3512 695 3699 756 quoset

2156 780 2269 848 ipse
2300 778 2517 848 scriptis
2558 778 2671 833 suis
2710 776 3028 844 celebravit)
3071 777 3213 846 typis
3255 777 3505 841 mandat,
3538 778 3699 834 ethoc

2155 884 2287 938 opus
2320 868 2389 922 ob
2438 875 2771 938 grassantem
2826 876 3031 935 pestem
3084 865 3295 934 pridem
3354 865 3698 920 intermissum

2158 968 2330 1026 urget,
2364 958 2662 1011 renascitur
2690 955 2795 1010 alvi
2842 956 3191 1025 proﬂuvium,
3215 954 3354 1025 quod
3395 969 3522 1008 mox
3552 956 3700 1011 comi.

2158 1036 2347 1102 tantur
2387 1049 2594 1118 parotis
2644 1057 2699 1101 et
2738 1046 3023 1102 catarrhus
3073 1046 3306 1101 ubertim
3344 1046 3395 1100 in
3439 1046 3700 1115 pulmones

2154 1138 2661 1207 defluenszpbthisi
2710 1138 2909 1208 quippe
2953 1136 3183 1191 interiit.
3239 1135 3492 1192 Sentiens
3543 1147 3697 1193 autem

2155 1234 2527 1301 ingravescere
2561 1229 2806 1284 morbum
2832 1229 3036 1297 aliquot
3056 1236 3181 1281 ante
3205 1227 3321 1282 dies
3346 1242 3509 1296 quam
3544 1240 3701 1283 extre.

2155 1338 2301 1376 mum
2357 1321 2650 1385 clauderet,
2703 1318 2857 1386 quasi
2904 1332 3027 1373 eum
3084 1317 3315 1372 Ezecbia
3367 1318 3607 1371 audisset
3643 1319 3697 1373 ab

2154 1412 2287 1467 Isaia
2314 1426 2329 1465 :
2356 1411 2583 1480 Dispone
2614 1410 2793 1464 domui
2815 1420 2935 1471 tuae,
2965 1425 3084 1462 cras
3121 1409 3259 1463 enim
3284 1408 3523 1462 morieris
3540 1408 3607 1472 ",
3631 1423 3699 1462 sa.

2153 1505 2261 1557 cris
2288 1502 2460 1571 primo
2496 1501 2812 1571 postulatis,
2848 1511 2902 1555 et
2942 1500 3028 1571 pie
3066 1499 3320 1570 sumptis,
3350 1510 3515 1568 atque
3541 1510 3700 1569 postea

2153 1595 2415 1663 repetitis,
2446 1594 2592 1662 (nam
2638 1594 2761 1645 dum
2814 1592 2952 1646 bona
2999 1590 3306 1646 valetudine
3362 1590 3629 1646 frueretur
3659 1609 3700 1646 Ill

2152 1685 2485 1739 celebrandis
2520 1682 2813 1738 tremendis
2846 1682 3118 1752 mysteriis
3160 1682 3529 1737 creberrimus
3556 1692 3608 1736 et
3634 1698 3702 1737 re-

492 1768 778 1837 theologia,
808 1777 861 1823 et
890 1767 1196 1825 Christiana
1225 1770 1560 1839 phil050phia
1585 1770 1707 1839 (qua
1734 1774 1899 1840 dapes
1928 1787 2054 1828 suas
2083 1750 2126 1805 Β
2156 1775 2526 1844 ligiosissimus
2555 1773 2692 1845 erat)
2725 1774 2791 1829 de
2812 1750 3036 1843 singulis
3062 1772 3175 1828 sive
3200 1786 3319 1841 quae
3350 1773 3417 1826 ad
3462 1773 3700 1837 animam,

489 1862 714 1915 condire
740 1871 794 1915 et
820 1875 1109 1932 aspergere
1134 1862 1361 1931 solebat)
1400 1862 1731 1917 Platonicam
1762 1865 2051 1919 antecellit.

488 1950 640 2017 Quod
668 1952 713 2005 si
743 1952 868 2022 quid
895 1955 947 2007 in
975 1954 1053 2008 eis
1094 1969 1123 2007 ιι
1156 1954 1356 2007 virtute
1395 1969 1641 2009 aversum
1679 1954 1963 2025 aliquibus,
1999 1967 2055 2011 ut

488 2044 761 2099 nobilibus
793 2053 846 2099 et
876 2060 1026 2099 arma
1054 2046 1429 2116 profitentibus
1459 2046 1677 2115 (quibus
1708 2063 1850 2117 saepe
1880 2049 2054 2104 minus

485 2141 567 2186 est
591 2147 733 2187 curae
766 2134 936 2202 pietas
983 2143 1036 2189 et
1073 2135 1380 2189 Christiana
1428 2136 1649 2205 religio,
1688 2148 1743 2191 et
1774 2152 1804 2191 a
1835 2138 2050 2208 quibus,

487 2228 547 2274 ut
576 2221 923 2277 nobilissimis
957 2231 1012 2277 et
1058 2224 1377 2279 clarissimis
1423 2227 1736 2294 parentibus
1764 2238 1935 2292 ortus,
1969 2230 2054 2283 in.

485 2313 782 2382 visebatur)
811 2314 1103 2377 excideret,
1134 2330 1256 2369 mox
1292 2330 1385 2370 eos
1410 2316 1482 2370 ita
1510 2318 1681 2372 amice
1709 2318 2050 2387 corripiebat,

486 2413 739 2473 tantaque
764 2422 887 2459 cum
923 2416 1206 2461 venustate
1222 2416 1279 2461 et
1305 2407 1442 2473 sale,
1461 2416 1521 2462 ut
1549 2407 1692 2477 ipsos
1713 2409 1892 2463 statim
1925 2410 2051 2464 dicti

484 2505 577 2550 aut
605 2495 729 2549 facti
764 2496 1073 2565 paeniteret.
1106 2496 1275 2551 Norat
1307 2499 1451 2553 enim
1495 2498 1584 2554 ille
1625 2499 1762 2555 alter
1784 2502 2051 2571 evangeli-

484 2598 580 2637 cus
607 2582 904 2638 Samarites
930 2584 1109 2639 oleum
1140 2584 1399 2653 lenitatis,
1429 2596 1483 2642 et
1512 2590 1694 2643 vinum
1720 2592 2051 2647 austeritatis

482 2672 556 2728 ita
581 2674 806 2729 miscere
828 2685 883 2729 et
914 2684 1235 2745 temperare,
1264 2691 1329 2733 ac
1369 2678 1677 2733 vulneribus
1708 2691 2049 2751 peccatorum

483 2764 785 2831 infundere,
817 2775 876 2820 ut
906 2766 1014 2822 illis
1044 2766 1206 2823 facile
1257 2784 1321 2824 ac
1368 2771 1485 2826 sine
1510 2772 1694 2826 dolore
1722 2775 2047 2829 mederetur.

481 2853 659 2920 Quare
686 2856 752 2909 ad
782 2872 904 2911 eum
932 2866 1118 2927 postea
1153 2858 1406 2916 meliores
1435 2860 1702 2929 redibant,
1738 2871 1794 2919 et
1820 2865 1887 2918 ab
1909 2863 2050 2932 ejus-

481 2946 624 3001 modi
648 2946 1010 3003 abstinebant.

549 3037 751 3093 Amicis
804 3040 905 3093 fuit
940 3040 1305 3098 amicissimus
1358 3050 1414 3099 et
1467 3043 1909 3100 ofﬁciosissimus.
1966 3050 2045 3103 Ad

478 3128 844 3186 conciliandos
870 3133 1012 3187 inter
1039 3147 1098 3188 se
1132 3133 1453 3191 dissidentes
1492 3140 1886 3207 paratissimus,
1918 3142 2046 3198 nulli

479 3221 749 3287 inimicus,
785 3237 968 3291 pacem
1012 3241 1135 3281 cum
1177 3227 1465 3293 omnibus,
1498 3240 1755 3298 quantum
1791 3232 1905 3287 fieri
1948 3251 2046 3305 po—

479 3313 600 3379 tuit,
641 3313 845 3369 colens.
881 3315 1033 3381 Quod
1058 3318 1101 3372 si
1130 3318 1261 3388 quid
1307 3317 1520 3374 dissidii
1554 3320 1667 3375 sive
1702 3322 2045 3393 disputando,

476 3404 590 3459 sive
618 3405 746 3474 quid
796 3405 937 3461 aliud
998 3405 1266 3475 faciendo,
1319 3408 1459 3464 forte
1514 3410 1871 3479 suboriretur,
1922 3431 2069 3471 mox

478 3492 608 3547 illud
641 3508 967 3562 componere
998 3493 1279 3559 studebat,
1309 3509 1372 3550 ac
1401 3495 1685 3565 diligenter
1710 3501 1954 3565 cavebat,
1981 3516 2047 3557 ne

477 3586 556 3639 sol
590 3586 864 3641 occideret
892 3601 1053 3656 super
1079 3586 1435 3642 iracundiam.
1470 3586 1708 3659 Longius
1732 3603 2045 3649 excurreret

476 3678 720 3732 narratio
746 3677 792 3732 si
827 3678 1039 3748 singula
1085 3678 1173 3749 (de
1195 3678 1391 3747 quibus
1432 3678 1565 3734 alias
1596 3682 1826 3738 fortasse
1850 3684 2041 3752 fusius,

479 3780 603 3819 nam
631 3782 729 3833 pro
763 3767 867 3821 viri
914 3767 1182 3838 dignitate
1212 3780 1266 3826 et
1302 3770 1497 3827 merito
1525 3772 1655 3826 nibil
1700 3774 1829 3827 mihi
1866 3775 2042 3831 hacte-

476 3869 579 3910 nus
618 3856 820 3910 dictum
878 3858 1096 3913 videtur
1155 3859 1311 3917 satis.
1362 3859 1540 3917 Tanto
1582 3862 1725 3917 enim
1784 3868 2041 3934 ampliora

474 3955 719 4000 meretur
767 3946 984 4002 laudum
1035 3964 1257 4005 suarum
1316 3951 1586 4021 praeconia
1646 3956 1752 4009 vita
1795 3956 2038 4025 functus,

475 4050 679 4108 quanto
726 4040 897 4110 magis
930 4056 993 4095 ea
1033 4051 1331 4111 superstes,
1357 4057 1420 4097 ac
1452 4043 1727 4101 modestus
1756 4050 2042 4103 aversaba-

476 4130 583 4201 tur)
618 4132 671 4185 in
712 4133 907 4203 quibus
932 4134 1016 4187 vir
1038 4141 1220 4189 tantus
1243 4134 1518 4201 excelluit,
1546 4149 1609 4191 ac
1634 4152 1693 4192 se
1721 4137 2039 4198 laudabilem

472 4233 528 4278 et
559 4224 928 4280 admirabilem
954 4226 1207 4295 praebuit,
1242 4242 1667 4285 commemorare
1696 4231 1907 4286 vellem.
1929 4235 2039 4291 Hoc

476 4330 639 4368 unmn
665 4324 866 4369 tantum
895 4317 1169 4385 adjiciam,
1197 4334 1304 4373 non
1347 4320 1471 4385 sibi,
1520 4321 1617 4375 sed
1666 4320 1920 4378 Ecclesiae
1950 4342 2039 4379 na-

2153 1868 2267 1921 sive
2295 1882 2412 1936 qua:
2445 1867 2511 1920 ad
2542 1880 2759 1935 corpus,
2793 1864 2907 1919 sive
2933 1880 3053 1933 qua:
3079 1863 3145 1918 ad
3196 1878 3308 1917 rem
3343 1866 3701 1929 domesticam,

2154 1966 2208 2011 et
2244 1956 2567 2025 temporaria
2590 1955 2945 2026 pertinerent,
2977 1954 3049 2008 ita
3073 1954 3358 2023 disposuit,
3389 1965 3449 2007 ut
3472 1955 3603 2009 nihil
3629 1971 3703 2024 pe-

2154 2060 2221 2101 ne
2267 2048 2525 2101 intactum
2578 2046 2878 2115 reliquerit,
2911 2046 3070 2114 eique
3110 2044 3226 2099 fere
3247 2045 3427 2099 omnia
3465 2046 3532 2097 ad
3558 2046 3702 2099 animi

2152 2139 2479 2193 voluntatem
2534 2136 2756 2192 fluxisse
2808 2136 3139 2192 viderentur.
3182 2135 3394 2203 Quanta
3417 2151 3550 2190 vero
3597 2138 3702 2201 ﬁde,

2152 2240 2311 2294 quam
2345 2225 2553 2279 ardenti
2587 2225 2874 2292 charitate,
2904 2240 3065 2295 quam
3113 2226 3381 2295 profunda
3410 2235 3467 2280 et
3512 2225 3702 2296 abiecta

2153 2314 2269 2384 (sed
2300 2328 2396 2382 Spe
2424 2313 2707 2369 meliorum
2760 2314 2962 2384 erecta)
3000 2314 3305 2370 humilitate
3353 2317 3456 2370 hoc
3505 2332 3704 2371 sacrum

2152 2407 2428 2469 viaticum,
2455 2406 2506 2460 in
2554 2420 2661 2475 quo
2717 2420 2988 2461 summum
3024 2421 3241 2476 semper
3268 2408 3583 2477 prmsidium
3610 2409 3701 2463 col-

2151 2494 2453 2558 locaverat,
2484 2506 2540 2549 et
2586 2510 2691 2564 quo
2733 2509 2793 2549 se
2832 2495 2883 2548 in
2919 2494 3197 2550 caelestem
3245 2507 3485 2552 montem
3543 2498 3705 2552 invitis

2150 2587 2399 2640 omnibus
2430 2584 2667 2640 hostibus
2700 2600 3051 2641 ascensurum
3094 2586 3372 2656 sperabat,
3404 2589 3704 2656 sumpserit,

2150 2677 2239 2732 vix
2282 2690 2531 2730 sermone
2564 2676 2819 2746 explicari
2850 2685 3047 2746 potest.

2226 2767 2340 2820 Duo
2366 2777 2567 2831 autem,
2609 2768 2733 2821 dum
2778 2767 2882 2821 alia
2923 2767 3091 2822 multa
3144 2776 3429 2837 praetereo,
3462 2776 3578 2823 tum
3608 2785 3703 2822 ma-

2151 2859 2295 2913 xime
2344 2857 2611 2926 praestitit.
2653 2858 2917 2925 Alterum,
2952 2858 3525 2928 quod,visoDomino,
3563 2861 3609 2914 ei
3650 2862 3705 2913 de

2158 2959 2235 3004 tot
2291 2950 2562 3019 tantisque
2591 2949 2658 3003 ab
2698 2964 2764 3004 eo
2813 2949 3051 3019 acceptis
3082 2948 3389 3021 beneficiis;
3410 2951 3617 3019 gratias
3649 2966 3704 3004 ex

2153 3041 2367 3105 animo,
2406 3051 2461 3097 et
2507 3052 2738 3112 quantas
2788 3041 2998 3111 potuit,
3033 3041 3225 3112 egerit,
3269 3057 3335 3095 ac
3376 3042 3705 3110 patissimum

2151 3131 2292 3200 quod
2318 3141 2720 3201 peropportune
2748 3139 2802 3185 et
2846 3132 2911 3185 ad
2943 3131 3066 3186 vitae
3105 3142 3406 3187 extremum
3434 3132 3613 3201 (quasi
3641 3133 3706 3183 vi.

2149 3226 2299 3278 deret
2326 3224 2377 3277 in
2414 3238 2473 3278 se
2523 3224 2895 3293 adimpletum,
2929 3223 3071 3293 quod
3104 3223 3330 3277 summis
3375 3224 3523 3278 vetis
3556 3224 3709 3277 David

2148 3320 2401 3387 poscebat
2446 3319 2531 3373 his
2574 3320 2753 3373 verbis
2790 3336 2804 3373 :
2840 3316 2923 3372 Ne
2968 3319 3222 3388 projicias
3271 3335 3351 3372 me
3394 3323 3449 3372 in
3493 3331 3707 3388 tempore

2146 3414 2444 3474 senectutis,
2483 3426 2601 3463 cum
2630 3410 2879 3479 defecerit
2917 3411 3079 3465 virtus
3105 3426 3244 3476 mea,
3278 3426 3343 3464 ne
3383 3410 3709 3481 derelinquas

2146 3519 2226 3556 me
2254 3504 2321 3571 ⁸³)
2355 3503 2611 3557 Dominus
2652 3518 2892 3568 servum,
2926 3504 3067 3559 Deus
3102 3514 3436 3569 creaturam,
3477 3520 3573 3559 rex
3597 3505 3708 3559 sub.

2145 3595 2336 3660 ditum,
2367 3608 2609 3648 summus
2652 3594 2895 3650 medicus
2943 3595 3355 3666 aegrotum,vita
3395 3596 3709 3649 morientem

2148 3685 2395 3751 invisere,
2424 3695 2479 3740 et
2524 3686 2623 3740 sub
2657 3694 2854 3740 tectum
2897 3703 3052 3742 suum
3094 3687 3300 3742 intrare
3337 3687 3597 3755 dignatus
3624 3688 3711 3752 sit,

2144 3792 2208 3830 ac
2240 3792 2361 3831 cum
2388 3791 2453 3830 eo
2480 3776 2629 3831 velut
2662 3777 2715 3831 in
2749 3777 2890 3832 lecto
2924 3778 3265 3846 decumbere,
3288 3782 3378 3848 qui
3405 3794 3533 3833 cum
3567 3778 3707 3834 lose-

2143 3869 2249 3939 pho
2272 3868 2445 3923 fuerat
2470 3869 2519 3923 in
2544 3885 2787 3934 carcere,
2812 3881 3005 3925 etcum
3028 3869 3162 3925 Jona
3196 3871 3248 3925 iu
3278 3871 3442 3941 piscis
3472 3882 3664 3927 ventre
3694 3888 3708 3925 :

2140 3962 2357 4016 Amicus
2382 3964 2577 4032 quippe
2596 3973 2777 4017 certus
2809 3964 2862 4017 in
2885 3963 3159 4017 reincerta
3174 3963 3430 4018 cernitur.
3445 3964 3709 4026 Alterum,

2145 4054 2287 4122 quod
2324 4057 2611 4109 commissa
2660 4071 2755 4109 sua
2789 4057 3106 4125 gravissime
3153 4057 3452 4112 detestatus
3478 4098 3494 4123 ,
3527 4072 3707 4111 eorum

2141 4146 2346 4199 veniam
2381 4161 2586 4199 summa
2620 4163 2739 4200 cum
2770 4149 3097 4217 pcenitudine
3124 4157 3177 4203 et
3216 4150 3395 4204 cordis
3430 4149 3705 4204 contritio-

2141 4251 2208 4290 ne
2251 4235 2478 4305 petierit.
2508 4238 2561 4289 In
2596 4237 2789 4306 quibus
2821 4248 2927 4293 tam
2954 4241 3055 4309 piis
3080 4251 3131 4296 et
3154 4240 3489 4310 elegantibus
3513 4240 3710 4302 verbis,

2140 4337 2232 4380 aut
2256 4329 2399 4381 velut
2430 4342 2636 4398 cygneo
2673 4329 2903 4396 quodam
2934 4341 3092 4382 cantu
3130 4314 3257 4383 usus
3296 4338 3398 4393 est,
3427 4338 3490 4383 ut
3532 4338 3709 4384 astan-

475 4413 587 4457 tum
620 4404 807 4470 fuisse,
848 4416 1126 4476 totumque
1156 4410 1205 4462 ei
1228 4409 1497 4463 addictum
1542 4419 1598 4466 et
1638 4426 2033 4471 consecratum.
2067 4453 2112 4508 D
2143 4428 2220 4472 tes
2269 4418 2321 4472 in
2380 4419 2464 4473 sui
2496 4419 2906 4473 admirationem
2952 4430 3181 4486 raperet,
3216 4435 3278 4475 ac
3324 4421 3404 4474 eis
3435 4421 3710 4491 lacrymas

471 4497 650 4562 Quare
674 4513 796 4551 cum
829 4499 961 4553 nihil
1005 4501 1283 4557 ardentius
1306 4514 1559 4574 cuperet,
1588 4521 1748 4574 quam
1777 4509 2035 4578 quidquid

470 4582 691 4637 haberet
736 4585 959 4654 ingenii,
993 4589 1272 4655 doctrinae,
1305 4608 1488 4661 opum,
1516 4603 1572 4649 et
1611 4596 1806 4652 virium
1837 4600 1888 4652 in
1922 4599 2036 4666 ejus

466 4673 755 4728 Utilitatem
786 4678 1195 4747 ct‘obsequium
1232 4682 1576 4751 profundere,
1612 4686 1931 4757 timerelque
1969 4705 2035 4745 ne

473 4776 645 4820 morte
699 4783 859 4835 quam
905 4769 979 4822 illi
1033 4771 1344 4841 frequentes
1405 4778 1577 4831 morbi
1625 4780 2032 4849 tninitabantur,

471 4870 768 4926 praereptus
800 4859 1013 4916 labores
1046 4877 1174 4917 suos
1211 4873 1267 4918 et
1307 4867 1485 4922 studia
1538 4871 1839 4936 posteritati
1874 4872 2037 4927 relin-

468 4963 636 5017 quere
680 4966 783 5004 non
827 4961 1031 5021 posset,
1078 4968 1109 5007 e
1148 4952 1449 5011 Turonensi
1498 4957 1811 5017 Tossiniaco
1851 4972 2034 5021 nostro

469 5042 705 5093 nondum
743 5042 879 5097 bene
912 5045 1201 5099 obfirmata
1230 5047 1553 5115 valetudine,
1586 5066 1652 5106 ex
1702 5052 1805 5107 alvi
1840 5054 2008 5123 prollu

466 5133 557 5185 vio
590 5134 890 5202 debilitata,
922 5137 1056 5191 mira
1084 5137 1250 5191 animi
1276 5139 1562 5196 alacritate
1584 5143 1637 5196 in
1672 5145 1811 5200 hanc
1844 5147 2033 5202 urbem

465 5237 525 5276 se
552 5226 797 5279 contulit.

540 5314 639 5369 Ubi
676 5332 799 5372 cum
844 5318 1039 5373 iterum
1084 5322 1263 5375 omnia
1289 5323 1395 5377 divi
1425 5324 1668 5395 Gregorii
1708 5326 2034 5384 Nazianzeni

464 5420 632 5476 opera
666 5420 954 5479 repurgata
976 5428 1032 5467 et
1056 5414 1223 5468 multo
1252 5419 1491 5471 auctiora
1528 5419 1667 5473 facta
1697 5423 2036 5491 (conquisitis

468 5499 729 5554 nimirum‘
764 5504 1144 5560 undecumaue
1174 5506 1447 5562 veteribus
1484 5507 1687 5565 Gracis
1718 5511 2041 5566 exemplari-

2141 4517 2392 4563 excutere

2214 4597 2391 4653 Pridie
2438 4613 2565 4653 vero
2620 4614 2777 4668 quant
2826 4600 2966 4668 piam
3014 4599 3218 4654 efllaret
3258 4600 3499 4653 animam
3562 4616 3711 4655 sacro

2140 4691 2301 4745 etiam
2344 4689 2464 4745 oleo
2504 4690 2685 4759 inungi
2734 4691 2903 4745 voluit
2938 4702 3190 4745 strenuus
3236 4691 3433 4744 Christi
3482 4692 3709 4757 athleta,

2140 4782 2231 4851 qui
2267 4780 2466 4835 bonum
2527 4792 2804 4837 certamen
2856 4794 3176 4846 certaverat,
3206 4797 3421 4836 cursum
3446 4797 3711 4837 consum-

2144 4886 2408 4937 mavernt,
2447 4874 2604 4929 fidem
2665 4884 2996 4935 servaverat,
3037 4890 3104 4928 ne
3134 4890 3237 4943 qua
3278 4885 3431 4944 parte
3464 4890 3712 4942 compre-

2141 4967 2299 5021 hendi
2339 4976 2519 5036 posset
2548 4968 2614 5021 ab
2638 4967 2872 5021 inimicis
2915 4967 3041 5029 illis,
3067 4967 3155 5035 qui
3195 4976 3307 5020 toto
3334 4968 3564 5034 quidem
3596 4967 3713 5017 vitae

2136 5069 2399 5127 tempore,
2433 5059 2526 5112 sed
2556 5060 2791 5113 maxime
2834 5059 3083 5114 calcanco
3119 5069 3303 5113 nostro
3340 5058 3597 5112 insidiari
3630 5074 3710 5110 so-

2133 5147 2262 5200 lent.
2294 5146 2349 5200 In
2388 5162 2493 5217 qua
2535 5162 2688 5201 sacra
2718 5157 2772 5201 et
2804 5158 3044 5201 extrema
3074 5149 3324 5203 unctione
3353 5163 3477 5202 cum
3512 5163 3545 5201 a
3580 5150 3711 5200 San-

2135 5241 2421 5296 severiano
2470 5242 2693 5297 curione
2742 5256 2840 5296 suo
2888 5241 3088 5296 Jacobo
3147 5241 3396 5296 Prevotio
3453 5240 3713 5307 theologo

2136 5330 2337 5383 eximio
2376 5332 2442 5385 de
2488 5346 2637 5385 more
2670 5332 3023 5386 sanctissimae
3064 5332 3274 5386 'l‘riadis
3305 5332 3706 5392 misericordia,

2138 5432 2192 5475 et
2226 5423 2463 5476 cmlitum
2520 5422 2899 5492 imploraretur
2953 5422 3329 5493 patrocinium,
3373 5422 3429 5474 in
3477 5419 3712 5490 singulis

2140 5525 2203 5565 ea
2234 5528 2329 5582 spe
2375 5522 2430 5568 et
2481 5513 2672 5569 fiducia
2728 5515 3105 5586 respondebat,
3135 5522 3191 5567 ut
3238 5528 3426 5569 eorum
3449 5518 3711 5581 paratam

538 5702 584 5733 "
621 5699 807 5757 Matth.
848 5718 995 5773 xxiv,
1026 5702 1115 5762 28.
1191 5706 1233 5739 ⁹¹
1266 5704 1365 5763 Job
1388 5724 1534 5778 XXIX,
1564 5706 1644 5764 15.
1721 5710 1765 5742 θ’
1792 5708 1891 5765 lsa.
1931 5723 2163 5767 xxxvm.
2198 5710 2246 5765 l.
2324 5710 2367 5743 "
2398 5710 2537 5767 Psal.
2577 5727 2700 5779 Lxx,
2728 5712 2780 5765 9.
