3832 6394
697 269 735 291 γ

161 322 247 381 385

1291 304 1593 362 ELOGIUM
1627 303 1859 361 JACOBI
1904 307 2124 363 BlLl.lI.

3218 310 3325 368 386

160 436 240 493 sibi
267 442 424 501 opem,
444 433 494 482 et
525 439 639 481 cum
662 423 829 480 Jacob
853 407 1032 479 castra
1064 422 1155 479 Dei
1178 423 1246 487 ’⁵,
1278 424 1383 487 vel,
1417 438 1536 476 cum
1560 420 1665 473 Eli-
1693 425 1737 481 Α
1768 420 2007 475 Natalem
2036 420 2243 476 Domini
2285 420 2445 474 diem.
2472 417 2546 474 De
2576 418 2727 486 cujus
2755 419 3010 491 mysterio
3041 429 3319 492 postquam

159 543 246 584 szeo
284 526 446 593 igneos
473 531 524 572 et
554 518 843 579 auxiliares
888 518 1031 572 circa
1079 530 1137 571 se
1170 530 1339 585 equos
1376 524 1429 567 et
1474 528 1662 566 currus

160 620 307 673 videre
339 611 685 667 videretur":
715 610 904 680 Angeli
936 610 1072 663 enim
1111 608 1322 661 Domini
1352 608 1405 659 in
1439 607 1661 658 circuitu

156 708 401 764 timentium
425 704 611 757 eum“.
644 700 799 757 Unde
841 700 986 755 nullo
1016 715 1257 769 unquam
1300 707 1441 751 metu
1476 697 1663 750 mortis

156 802 481 854 consternatus
524 792 791 861 apparuit,
824 791 951 861 quin
979 806 1043 845 eo
1068 789 1304 858 vegetior
1332 796 1381 841 et
1411 786 1660 850 alacrior,

156 905 240 960 quo
264 902 313 940 se
344 882 520 952 majori
566 892 621 936 et
652 882 941 949 potentiori
996 882 1254 935 comitatu
1307 879 1584 946 stipatum,
1609 884 1663 930 et

157 977 318 1050 portui,
353 984 468 1046 post
498 973 777 1044 trajectum
805 973 961 1041 hujus
999 972 1177 1026 sreculi
1220 970 1575 1040 procetlosum
1610 975 1663 1021 et

154 1070 365 1145 periculis
390 1067 594 1137 plenum
625 1064 819 1119 fretum
842 1108 855 1131 ,
885 1064 1320 1135 pr0pinquiorem
1367 1065 1657 1118 sentiebat.

207 1163 251 1216 la
275 1161 366 1214 hoc
386 1168 559 1211 autem
591 1167 860 1227 postremo
886 1172 982 1210 suo
1020 1157 1206 1209 morbo
1231 1155 1657 1225 patientissimus

152 1252 310 1307 utaliis
334 1250 381 1303 in
406 1249 649 1302 omnibus
673 1262 885 1316 semper
909 1247 1028 1312 fuit,
1062 1247 1301 1315 nihilque
1329 1246 1471 1299 aliud
1499 1261 1657 1315 quam

150 1344 200 1396 de
217 1341 327 1405 Deo,
356 1337 519 1405 deque
538 1352 745 1391 summa
779 1336 895 1407 ejus
937 1350 1061 1406 erga
1085 1346 1398 1406 peccatores
1448 1337 1658 1391 miseri-

152 1432 318 1493 cordia,
342 1428 482 1483 velut
510 1437 721 1483 vastum
749 1428 1017 1497 quoddam
1052 1443 1199 1482 mare
1230 1429 1408 1483 omnia
1436 1437 1658 1498 peccata

150 1526 397 1587 obruente,
442 1521 628 1576 audire
674 1521 909 1578 volebat.
950 1520 1190 1590 Cumque
1232 1522 1297 1575 de
1341 1537 1403 1576 ea
1463 1523 1656 1592 saepius

150 1616 275 1669 verba
306 1613 553 1679 facerem,
580 1622 636 1668 et
668 1612 734 1667 de
782 1613 961 1669 saeculi
990 1614 1151 1684 lmjns
1200 1613 1453 1680 miseriis,
1481 1613 1655 1684 deque

149 1706 456 1775 eisoppositis
494 1706 704 1776 gaudiis
728 1706 1038 1762 ctelestibus
1059 1721 1177 1776 qum
1208 1707 1332 1762 hinc
1366 1707 1655 1778 emigratu-

149 1814 215 1852 ros
247 1798 392 1851 solati
431 1807 485 1851 et
526 1797 834 1852 exhilarare
882 1796 1074 1865 solent,
1107 1798 1327 1867 jubebat
1358 1808 1411 1852 ut
1441 1798 1507 1852 de
1530 1814 1654 1867 pec-

148 1888 225 1941 cati
252 1887 394 1940 etiam
423 1887 686 1953 gravitate
722 1896 775 1940 et
808 1887 995 1941 foetore
1042 1887 1273 1941 dicerem
1297 1924 1311 1951 ,
1348 1902 1453 1956 quo
1485 1887 1654 1957 magis

149 1993 324 2033 suorum
347 1978 479 2047 (qua:
506 1986 655 2032 certe
684 1977 767 2032 vel
803 1978 966 2042 nulla,
992 1978 1075 2033 vel
1109 1978 1454 2048 paucissima,
1485 1992 1655 2048 eaque

145 2085 238 2139 quae
268 2069 558 2124 lmmanitus
580 2068 788 2123 admitti
820 2070 1014 2134 solent,
1051 2080 1103 2125 et
1131 2086 1159 2123 a
1182 2070 1375 2140 quibus
1397 2070 1483 2126 vix
1511 2070 1652 2139 opti-

146 2175 239 2213 mus
259 2159 466 2229 quisque
481 2174 538 2214 se
559 2160 833 2215 vindicare
861 2169 1054 2229 potest,
1076 2160 1130 2214 in
1146 2174 1209 2216 eo
1232 2174 1463 2229 unquam
1484 2160 1655 2214 anim-

146 2251 308 2305 adverti
333 2266 346 2305 :
369 2251 458 2303 sed
478 2253 657 2319 justus
686 2260 758 2304 est
775 2251 919 2320 prior
942 2261 1217 2305 accusator
1231 2253 1313 2306 sui
1335 2250 1401 2323 ⁹⁷)
1422 2266 1543 2306 eum
1565 2261 1654 2306 tae-

144 2342 279 2403 deret,
307 2340 592 2411 majorique
647 2340 829 2396 dolore
876 2352 930 2396 et
976 2344 1203 2397 horrore
1250 2352 1650 2399 concuteretur.

143 2433 372 2489 Gaudebat
401 2444 453 2489 et
489 2434 893 2505 Psalmographi
927 2435 1280 2493 hemistichiis
1312 2438 1380 2492 ad
1417 2438 1656 2493 excitan-

144 2526 235 2578 dam
272 2540 407 2580 suam
443 2535 497 2580 et
542 2535 800 2592 mentem,
846 2535 901 2582 et
952 2529 1266 2583 memoriam
1315 2543 1500 2583 eorum
1537 2545 1655 2599 quae

141 2618 226 2687 ipse
244 2632 387 2671 sanus
420 2618 484 2671 ad
513 2618 705 2672 mortis
733 2619 915 2689 (quam
949 2617 1098 2674 laztus
1120 2630 1173 2674 et
1203 2619 1426 2689 pervigil
1459 2634 1652 2691 exspe-

140 2707 280 2760 ctabat
309 2723 323 2758 :
361 2707 553 2775 quippe
582 2707 667 2761 cui
698 2708 876 2762 vivere
901 2708 1169 2773 Christus,
1195 2720 1252 2764 et
1289 2711 1425 2765 mori
1452 2711 1655 2766 lucrum

145 2791 329 2861 esset")
351 2795 600 2847 viaticum
626 2793 728 2847 sibi
763 2804 1063 2862 paraverat.
1097 2795 1230 2850 Nam
1267 2799 1454 2868 paucis
1500 2801 1656 2853 audi-

150 2882 467 2952 tis(siquidem
494 2884 653 2952 plura
677 2885 794 2955 ejus
815 2886 1091 2941 cerebrum
1116 2887 1259 2943 ferre
1289 2903 1393 2945 non
1424 2898 1658 2969 poterat)

141 2970 228 3037 ipse
246 2982 412 3039 postea
436 2973 664 3029 sublatis
687 2990 901 3045 semper
924 2976 975 3029 in
999 2976 1165 3032 altum
1184 2979 1354 3035 oculis
1379 2980 1492 3036 haec
1519 2983 1661 3053 apud

141 3076 183 3115 se
206 3062 459 3131 meditans,
491 3075 547 3119 et
578 3080 730 3121 more
765 3067 1084 3122 mundorum
1122 3069 1432 3127 animalium
1479 3073 1649 3128 rumi-
1676 3100 1719 3158 ο

141 3168 245 3209 nans
277 3154 412 3210 velut
433 3157 484 3210 in
509 3157 707 3212 caelum
737 3158 1066 3228 rapiebatur.
1096 3161 1337 3233 Cumque
1359 3163 1433 3218 illi
1458 3180 1649 3235 perpe-

140 3252 208 3301 tuo
231 3247 527 3313 assiderem,
548 3256 606 3303 et
630 3248 755 3318 quid
774 3260 957 3318 ageret
986 3252 1179 3307 tacitus
1207 3253 1493 3325 aliquando
1516 3272 1650 3311 con~

140 3342 400 3410 temptarer,
432 3343 544 3412 ipse
581 3343 889 3399 meditando
908 3345 988 3400 vel
1012 3348 1286 3415 precando
1311 3349 1483 3405 fessus
1506 3369 1518 3404 :
1542 3351 1651 3423 Age

141 3446 251 3497 vero,
284 3432 570 3503 inquiebat,
608 3433 695 3489 dic
736 3434 957 3505 aliquid.
985 3435 1119 3491 Tum
1155 3453 1254 3508 ego
1280 3439 1345 3495 de
1396 3441 1650 3499 thesauro

141 3522 295 3578 biblico
319 3523 653 3594 proferebam
704 3524 865 3581 modo
895 3539 1031 3581 nova
1078 3531 1344 3598 quaedam,
1369 3532 1527 3586 modo
1553 3549 1647 3589 ve-

140 3615 297 3682 tera",
332 3629 525 3687 eosque
579 3616 747 3671 animi
796 3617 968 3684 cibos,
1011 3618 1209 3690 quibus
1244 3608 1373 3676 eum
1424 3622 1650 3681 libenter

138 3704 266 3769 vesci,
306 3705 587 3775 palatoque
623 3706 739 3776 ejus
777 3706 1017 3762 arridere
1049 3708 1116 3763 ad
1164 3708 1417 3767 Rebecca:
1467 3713 1648 3770 imita-

138 3795 293 3851 tionem
334 3813 607 3854 noveram.
646 3798 900 3853 Dicebam
949 3807 1004 3854 et
1048 3800 1113 3855 de
1159 3800 1451 3859 salutiferae
1472 3806 1650 3862 crucis

139 3889 381 3957 mysterio,
420 3890 576 3960 cujus
626 3889 911 3960 imaginem
942 3929 958 3955 ,
990 3900 1049 3945 ut
1094 3906 1280 3947 verum
1344 3904 1649 3963 serpentem

140 3992 300 4035 anteum
324 3981 385 4037 ab
410 3982 665 4037 omnibus
692 3984 966 4038 venenatis
993 3984 1196 4054 antiqui
1226 3986 1489 4055 serpentis
1507 4002 1649 4043 mor-

141 4070 252 4126 sibus
285 4083 576 4141 curantem,
607 4073 730 4128 ﬁxis
768 4074 936 4129 oculis
966 4074 1271 4130 intuebatur
1291 4077 1335 4142 ‘,
1360 4076 1647 4133 osculaba-

143 4168 219 4227 tur,
252 4164 643 4234 amplexabatur
674 4185 689 4220 :
724 4166 964 4235 hacque,
990 4167 1133 4223 velut
1181 4168 1326 4223 scala
1361 4166 1552 4235 Jacob,
1581 4168 1649 4224 ad

141 4249 371 4309 Dominum
422 4257 521 4324 ipsi
559 4256 801 4311 innixum
852 4268 907 4313 et
941 4258 1211 4328 sulIixum,
1247 4275 1309 4315 ac
1355 4261 1455 4316 sibi
1495 4261 1647 4332 quasi

142 4355 313 4399 manum
342 4347 460 4402 inde
485 4349 849 4420 porrigentem
889 4351 1027 4419 rapi,
1058 4361 1113 4407 et
1139 4353 1191 4407 in
1232 4353 1424 4409 coelum
1454 4368 1648 4410 ascen—

1684 1760 1727 1816 Β

1766 512 1927 565 multa
1970 528 2056 565 me
2089 512 2355 565 dicentem
2388 511 2670 574 audiisset,
2693 520 2747 565 et
2776 511 2925 580 plura
2954 513 3066 579 ipse
3093 516 3320 568 medita-

1766 613 1848 657 tus
1880 604 2068 656 fuisset
2096 604 2242 672 (nam
2274 618 2373 655 vox
2424 602 2499 655 illi
2530 598 2858 670 impediente
2886 602 3121 658 ﬂuxione
3146 604 3317 661 libera

1763 712 1866 750 non
1912 696 2048 767 erat)
2106 697 2238 749 hora
2290 710 2428 750 nona
2479 695 2741 757 serotina,
2777 695 3026 764 pulsante
3063 697 3320 753 Sorbonte

1763 803 2041 856 campana,
2072 787 2218 841 velut
2248 801 2306 839 se
2335 786 2399 838 ad
2429 800 2676 839 somnum
2711 787 3106 856 compositurus
3139 790 3320 844 :Sub-

1762 881 1940 933 vehite
1988 895 2091 940 me,
2131 880 2205 932 ait
2258 878 2581 931 astantibus.
2618 877 2738 930 Mox
2789 894 2918 947 ego,
2969 880 3057 948 qui
3095 896 3160 937 ex
3205 880 3320 949 ejus

1761 969 1939 1022 verbis
1982 967 2213 1036 aliquam
2265 966 2476 1019 dicendi
2524 966 2868 1020 occasionem
2899 982 3111 1036 semper
3136 981 3321 1038 capta-

1752 1056 1905 1122 bam,
1939 1070 1993 1113 et
2028 1059 2235 1113 vultum
2283 1058 2398 1125 ejus
2430 1056 2541 1125 jam
2578 1057 2847 1111 imtnutari
2891 1059 3132 1114 videbam
3167 1077 3181 1111 :
3218 1063 3317 1127 En,

1713 1178 1718 1183 ~
1759 1151 1868 1214 aio,
1904 1150 2193 1204 subvectus
2237 1162 2294 1203 es
2324 1164 2338 1201 :
2380 1149 2473 1201 sed
2518 1148 2699 1212 altius,
2736 1158 2790 1201 et
2826 1149 2877 1201 in
2904 1149 3096 1202 coelum
3130 1132 3315 1218 ipsum

1760 1240 2151 1297 subvehendus.
2185 1240 2323 1294 Ecce
2367 1240 2565 1293 chorus
2591 1239 2925 1307 angelorum,
2953 1251 3006 1294 et
3034 1242 3119 1295 ille
3153 1243 3318 1297 coele-

1758 1335 1855 1389 stis
1882 1333 2081 1387 militiae
2123 1333 2414 1397 exercitus,
2456 1331 2544 1400 qui
2590 1332 2749 1387 hodie
2782 1333 2846 1387 de
2874 1333 3027 1387 ctelis
3066 1332 3117 1386 in
3165 1349 3318 1386 mun-

1758 1425 1881 1479 dum
1933 1426 2209 1479 descendit
2262 1426 2327 1479 ad
2376 1426 2741 1494 personandas
2790 1425 2882 1480 Dei
2922 1425 3127 1492 laudes,
3166 1435 3223 1481 et
3250 1427 3317 1480 ad

1754 1519 1871 1589 pios
1908 1533 2093 1572 omnes
2120 1518 2524 1583 exltilarandos,
2554 1520 2619 1573 ad
2669 1530 2719 1573 te
2748 1520 2911 1573 etiam
2943 1521 3203 1584 accessit,
3232 1530 3316 1576 te«

1755 1625 1859 1679 que
1891 1614 2224 1672 circumstat,
2266 1610 2342 1664 illi
2382 1610 2633 1677 adjuncto
2665 1610 2829 1665 fratre
2875 1622 2964 1665 tuo
2994 1627 3022 1665 a
3049 1611 3309 1667 Gallione.

1758 1701 1906 1771 (Erat
1935 1703 2078 1756 enim
2136 1703 2184 1757 ei
2232 1702 2401 1756 frater
2449 1702 2539 1757 ille
2580 1703 2727 1771 prior
2772 1718 2922 1756 novat
2975 1703 3311 1760 Charthusia)

1755 1793 2113 1850 Gallionensis
2159 1782 2510 1849 charissimus
2561 1802 2614 1849 et
2646 1795 3153 1864 desideratissimus,
3192 1813 3314 1853 cum

1753 1896 1974 1956 propter
2003 1896 2208 1942 naturae
2239 1897 2293 1941 et
2339 1903 2547 1957 magna:
2576 1888 3006 1955 necessitudinis,
3043 1906 3160 1959 quae
3213 1891 3315 1946 illis

1754 1980 1821 2033 ab
1861 1979 2084 2034 infantia
2123 1980 2538 2046 intercesserat,
2590 1980 2891 2045 vinculum,
2935 1991 3042 2035 tum
3099 1994 3316 2051 pr0pter

1754 2068 2079 2138 singularem
2112 2069 2275 2121 animi
2308 2068 2426 2136 ejus
2463 2069 2773 2133 candorem,
2808 2079 2860 2124 et
2890 2085 3153 2125 summam
3193 2073 3315 2126 vitae

1755 2156 2158 2227 integritatem.)
2187 2157 2282 2219 En,
2316 2173 2459 2221 ecce,
2484 2158 2589 2225 aio,
2610 2158 2663 2212 hi
2696 2168 2747 2212 te
2781 2174 2966 2215 omnes
2997 2170 3178 2229 aperto
3193 2162 3313 2216 sinu

1752 2258 1807 2305 et
1832 2249 2003 2303 obviis
2032 2248 2173 2303 ulnis
2202 2249 2472 2318 excepturi
2513 2260 2927 2319 exspectant,eo
2955 2267 3076 2322 erga
3106 2262 3185 2315 te,
3208 2268 3314 2320 quo

1753 2354 1881 2410 erga
1913 2337 2203 2401 Lazarum,
2236 2336 2467 2392 functuri
2494 2337 2689 2405 ollicio,
2712 2348 2877 2409 utque
2909 2341 3033 2395 hinc
3062 2358 3181 2396 cum
3207 2344 3313 2399 illis

1754 2430 1808 2485 in
1849 2428 2045 2483 coelum
2079 2428 2297 2497 migres.
2328 2427 2484 2492 Tum,
2526 2427 2697 2483 Amen
2756 2429 3002 2498 inquiens
3029 2432 3315 2501 (prasente

1753 2529 1809 2574 et
1833 2519 2083 2573 audiente
2115 2518 2386 2574 communi
2411 2518 2586 2574 amico
2610 2518 2973 2593 Genebrardo)
2993 2523 3316 2580 obdormivit

1757 2611 1808 2666 in
1844 2611 2068 2666 Domino
2108 2611 2247 2665 inter
2290 2626 2439 2666 meos
2473 2611 2783 2680 amplexus,
2824 2622 3107 2683 postquam
3142 2631 3313 2671 annos

1756 2703 1876 2774 plus
1904 2703 2089 2775 viginti
2118 2704 2401 2759 continuos
2440 2702 2599 2758 simul
2638 2704 2963 2763 amicissime
2992 2719 3045 2763 et
3091 2708 3141 2762 in
3174 2720 3315 2763 utra-

1758 2808 1861 2864 que
1888 2793 2097 2848 fortuna
2126 2793 2324 2849 versati
2350 2808 2555 2861 sumus,

1830 2884 2015 2940 Dicere
2056 2885 2198 2939 enim
2253 2884 2542 2955 aliquando
2590 2884 2798 2941 solebat
2831 2901 2953 2941 cum
2988 2888 3054 2943 de
3080 2902 3166 2943 me
3195 2889 3315 2945 aliis

1760 2988 2033 3032 sermones
2058 2985 2295 3042 sereret,
2331 2991 2428 3030 nos
2466 2976 2682 3032 dextras
2712 2978 2982 3033 societatis
3019 2979 3120 3051 (sic
3170 2980 3314 3035 enim

1760 3069 1828 3122 de
1855 3069 2072 3123 alumno
2100 3082 2196 3123 suo
2221 3065 2392 3123 amice
2422 3066 2565 3136 loqui
2591 3066 2812 3139 solebat)
2834 3068 3059 3132 dedisse,
3094 3069 3233 3123 nulla
3264 3071 3315 3126 vi

1753 3160 1854 3215 nisi
1881 3160 2070 3215 mortis
2099 3158 2501 3229 disjungendas.
2521 3158 2673 3226 Quod
2700 3174 2912 3215 summo
2935 3160 3027 3216 Dei
3052 3161 3314 3218 beneﬁcio

1751 3253 1892 3307 inter
1926 3252 2031 3308 alia
2062 3254 2228 3306 multa
2278 3251 2407 3306 mihi
2465 3251 2711 3322 contigit.
2746 3250 2855 3307 Nec
2887 3252 3034 3308 enim
3066 3253 3174 3309 ullo
3207 3254 3315 3309 alio

1750 3360 1984 3413 unquam
2024 3344 2227 3398 diutius
2266 3351 2323 3397 et
2355 3342 2677 3397 familiarius
2707 3357 2837 3398 usus
2878 3353 2980 3408 est,
3021 3358 3121 3400 nec
3157 3345 3312 3400 alteri

1750 3437 1997 3506 cuiquam
2031 3435 2107 3506 (ni
2138 3432 2316 3505 fallor)
2351 3449 2446 3489 sua
2470 3434 2722 3489 libentius
2756 3449 2821 3489 ac
2858 3434 3067 3491 ﬁdelius
3113 3451 3311 3493 arcana

1749 3526 2036 3584 commisit.
2064 3526 2207 3594 Quas
2242 3526 2310 3581 ob
2344 3540 2451 3591 res,
2484 3535 2537 3581 et
2564 3525 2616 3579 in
2657 3525 2796 3597 grati
2850 3526 3012 3581 animi
3062 3527 3314 3583 testifica-

1750 3619 1953 3674 tionem
1975 3617 2079 3673 hoc
2094 3617 2211 3687 ejus
2232 3615 2464 3688 elogium
2494 3617 2712 3687 scripsi,
2737 3617 2896 3686 eique
2915 3617 3313 3674 luctuosissime

1748 3711 2049 3782 parentavi.
2078 3709 2223 3765 Obiit
2246 3721 2422 3764 autem
2456 3724 2642 3765 servus
2671 3709 2905 3775 Domini,
2929 3718 2984 3764 et
3010 3711 3311 3766 litterarum

1750 3803 1912 3857 decus
1940 3816 2080 3855 anno
2122 3800 2294 3855 aetatis
2326 3813 2437 3854 suae
2481 3799 2888 3869 quadragesimo
2919 3800 3179 3869 septimo,
3205 3800 3313 3855 Lu-

1749 3893 1894 3947 tetiae
1930 3892 2258 3947 Parisiorum
2280 3932 2297 3957 ,
2326 3891 2380 3946 in
2430 3891 2634 3946 aedibus
2681 3889 2841 3945 ami‘ci
2887 3888 3111 3945 Gilberti
3139 3891 3313 3946 Gene—

1750 3983 1933 4039 brardi
1970 3983 2199 4053 theologi
2235 3982 2575 4050 Parisiensis,
2600 3983 2899 4037 divinarum
2922 3981 3309 4039 Hebraicarum

1748 4073 2050 4129 litterarum
2100 4064 2445 4143 professoris,
2494 4087 2634 4127 anno
2679 4073 2869 4128 salutis
2909 4088 3147 4128 ιυιχχχι
3180 4073 3310 4127 hora

1750 4180 1891 4220 nona
1926 4166 2161 4221 serotina
2195 4165 2297 4220 diei
2355 4164 2495 4220 illius
2524 4178 2630 4234 quo
2674 4162 2924 4218 Christus
2961 4163 3215 4219 Dominus
3257 4165 3310 4217 in

1748 4255 2008 4311 mundum
2031 4257 2197 4321 venit,
2223 4266 2280 4309 ut
2324 4270 2468 4322 eum,
2501 4264 2831 4323 caeterosque
2866 4254 2984 4323 pios
3009 4253 3129 4323 ejus
3157 4254 3309 4309 simi-

1750 4347 1828 4402 les
1854 4347 1908 4401 in
1934 4334 2126 4402 ctelum
2152 4353 2475 4401 assumeret.
2498 4345 2626 4416 Ejus
2656 4359 2849 4415 corpus
2880 4344 3062 4400 multis
3094 4345 3305 4410 studiis,

139 4428 238 4486 dere
260 4434 528 4491 videbatur
557 4439 603 4493 ³.
632 4438 860 4494 Accersi‘
883 4450 938 4495 et
972 4440 1257 4512 ipsejussit
1296 4443 1517 4510 amicos,
1551 4442 1651 4498 ali-
1678 4439 1731 4501 D
1755 4439 1972 4511 vigiliis,
1998 4455 2062 4493 ac
2086 4439 2356 4494 laboribus
2396 4454 2494 4508 pro
2536 4437 2631 4492 Dei
2685 4436 2921 4492 Ecclesia
2952 4438 3080 4491 dum
3106 4437 3311 4491 viveret

140 4533 245 4587 quos
284 4526 547 4598 theologos
585 4530 734 4584 viros
784 4530 969 4587 doctos
996 4540 1051 4585 et
1078 4531 1228 4601 pios,
1257 4548 1480 4604 quorum
1518 4550 1651 4591 conc

140 4610 381 4670 solationes
415 4615 769 4672 libentissime
816 4618 1137 4686 excipiebat.

192 4699 251 4756 lta
275 4715 547 4777 prorogata
580 4716 664 4763 est
693 4706 768 4762 illi
812 4707 921 4763 vita
956 4711 1099 4779 (nam
1128 4718 1241 4764 toto
1273 4725 1406 4781 pene
1433 4712 1647 4767 Adven-

141 4800 205 4846 tus
227 4802 443 4866 tempore
468 4800 523 4854 in
562 4798 703 4855 lecto
736 4798 1083 4863 decumbens,
1117 4814 1202 4865 eo,
1231 4802 1377 4857 velut
1403 4814 1649 4874 suggesto

142 4879 181 4935 in
199 4887 523 4953 praedicandis
566 4890 661 4945 Dei
686 4889 935 4945 laudibus
990 4906 1118 4947 usus
1153 4893 1257 4966 est)
1298 4895 1351 4950 in
1402 4905 1642 4951 sanctam

185 5126 361 5209 "Gen.
388 5150 560 5209 χχχιι,
584 5136 638 5192 2.
709 5138 756 5171 ’⁸
777 5135 844 5191 ιν
869 5138 998 5209 Reg.
1031 5154 1091 5201 ll,
1125 5138 1206 5193 ll.
1281 5139 1328 5171 "
1350 5136 1490 5209 Psal.
1520 5154 1724 5209 χχχιιι,

141 5209 231 5267 χιιι,
259 5201 335 5259 52.
396 5207 421 5275 ,⁸
450 5206 612 5263 Num.
633 5223 746 5279 χχι,
780 5210 833 5265 8.
906 5210 927 5242 ³
947 5201 1088 5267 Cen.
1112 5224 1302 5277 xxvnt,
1334 5208 1422 5275 l2,
1454 5210 1541 5266 l5.

1754 4531 2038 4601 protritum
2072 4540 2128 4585 et
2154 4532 2494 4598 exhaustum,
2525 4530 2580 4585 in
2625 4531 2792 4587 choro
2820 4530 2951 4585 tedis
2981 4530 3180 4585 Sancto
3214 4529 3311 4584 Se-

1753 4622 1940 4677 verino
1968 4636 2135 4677 sacrae
2180 4622 2246 4675 ad
2292 4622 2471 4692 magni
2516 4621 2704 4677 altaris
2745 4622 2988 4677 dextram
3020 4620 3216 4676 dormit
3255 4622 3309 4675 in

1753 4711 1990 4781 pulvere,
2019 4711 2191 4766 donec
2211 4726 2240 4765 a
2273 4710 2498 4767 Domino
2526 4712 2809 4776 excitetur,
2839 4726 2905 4767 ac
2927 4713 3099 4767 beatae
3118 4711 3311 4766 animae

1753 4812 2058 4859 sanctorum
2098 4802 2340 4859 laborum
2390 4818 2610 4860 suorum
2654 4803 2817 4860 socia:
2860 4813 2916 4860 et
2943 4802 3179 4860 consorti
3210 4802 3335 4883 ite-_

1753 4908 1871 4948 rum
1902 4893 2137 4950 uniatur.

1764 5136 1817 5194 8.
1893 5138 1938 5172 ⁸⁷
1959 5138 2118 5196 Prov.
2142 5148 2296 5208 xvnt,
2325 5139 2415 5197 l7.
2494 5141 2541 5177 ”
2563 5141 2793 5208 Philipp.
2818 5160 2857 5208 ι,
2879 5142 2969 5199 2|.
3043 5143 3091 5178 ”
3114 5140 3301 5197 Matth.

2494 5141 2541 5177 ”
2563 5141 2793 5214 Philipp.
2818 5160 2857 5212 ι,
2879 5142 2969 5199 21.
