  <div class='ocr_page' id='page_1' title='image "/cluster/home/n/w/nwhite01/storage/ocr_20150623/35/hvd.32044024473308/202.png"; bbox 0 0 3832 6394; ppageno 0'>
   <div class='ocr_carea' id='block_1_1' title="bbox 101 367 1614 472">
    <p class='ocr_par' dir='ltr' id='par_1_1' title="bbox 101 381 1614 472">
     <span class='ocr_line' id='line_1_1' title="bbox 101 381 1614 472; baseline -0.002 -34"><span class='ocrx_word' id='word_1_1' title='bbox 101 403 184 459; x_wconf 63' lang='grc' dir='ltr'>ωδ</span> <span class='ocrx_word' id='word_1_2' title='bbox 1206 381 1461 472; x_wconf 67' lang='lat' dir='ltr'>onum</span> <span class='ocrx_word' id='word_1_3' title='bbox 1502 381 1545 436; x_wconf 84' lang='grc' dir='ltr'>ι.</span> <span class='ocrx_word' id='word_1_4' title='bbox 1588 412 1614 420; x_wconf 90' lang='grc'><strong><em>-</em></strong></span> 
     </span>
    </p>
   </div>
   <div class='ocr_carea' id='block_1_2' title="bbox 1709 367 3222 472">
    <p class='ocr_par' dir='ltr' id='par_1_2' title="bbox 1709 367 3222 435">
     <span class='ocr_line' id='line_1_2' title="bbox 1709 367 3222 435; baseline -0.008 -2"><span class='ocrx_word' id='word_1_5' title='bbox 1709 377 2031 435; x_wconf 59' lang='lat' dir='ltr'>KONITUM.</span> <span class='ocrx_word' id='word_1_6' title='bbox 3120 367 3222 423; x_wconf 62' lang='lat'>395</span> 
     </span>
    </p>
   </div>
   <div class='ocr_carea' id='block_1_3' title="bbox 106 524 3068 587">
    <p class='ocr_par' dir='ltr' id='par_1_3' title="bbox 106 524 3068 587">
     <span class='ocr_line' id='line_1_3' title="bbox 106 524 3068 587; baseline -0.006 -13"><span class='ocrx_word' id='word_1_7' title='bbox 106 524 3068 587; x_wconf 36' lang='grc' dir='ltr'>βψ</span> 
     </span>
    </p>
   </div>
   <div class='ocr_carea' id='block_1_4' title="bbox 346 716 2938 886">
    <p class='ocr_par' dir='ltr' id='par_1_4' title="bbox 346 716 2938 886">
     <span class='ocr_line' id='line_1_4' title="bbox 346 716 2938 886; baseline -0.004 -54"><span class='ocrx_word' id='word_1_8' title='bbox 346 738 911 833; x_wconf 85' lang='lat' dir='ltr'>MONITUM</span> <span class='ocrx_word' id='word_1_9' title='bbox 995 738 1119 826; x_wconf 86' lang='lat' dir='ltr'><strong>IN</strong></span> <span class='ocrx_word' id='word_1_10' title='bbox 1201 738 1925 844; x_wconf 82' lang='lat' dir='ltr'>SEQUENTEM</span> <span class='ocrx_word' id='word_1_11' title='bbox 2008 716 2938 886; x_wconf 58' lang='lat' dir='ltr'>ORATIONEMUS).</span> 
     </span>
    </p>
   </div>
   <div class='ocr_carea' id='block_1_5' title="bbox 1589 952 1660 976">
    <p class='ocr_par' dir='ltr' id='par_1_5' title="bbox 1589 952 1660 976">
     <span class='ocr_line' id='line_1_5' title="bbox 1589 952 1660 976; baseline 0 -3"><span class='ocrx_word' id='word_1_12' title='bbox 1589 952 1660 976; x_wconf 51' lang='grc' dir='ltr'>θ’</span> 
     </span>
    </p>
   </div>
   <div class='ocr_carea' id='block_1_6' title="bbox 152 1147 3255 1235">
    <p class='ocr_par' dir='ltr' id='par_1_6' title="bbox 152 1147 3255 1235">
     <span class='ocr_line' id='line_1_6' title="bbox 152 1147 3255 1235; baseline -0.002 -21"><span class='ocrx_word' id='word_1_13' title='bbox 152 1166 185 1235; x_wconf 84' lang='grc' dir='ltr'><strong>ι</strong></span> <span class='ocrx_word' id='word_1_14' title='bbox 220 1156 266 1216; x_wconf 78' lang='grc' dir='ltr'>ι.</span> <span class='ocrx_word' id='word_1_15' title='bbox 314 1154 467 1214; x_wconf 76' lang='lat' dir='ltr'>Inter</span> <span class='ocrx_word' id='word_1_16' title='bbox 502 1150 822 1211; x_wconf 90' lang='lat' dir='ltr'>orationes</span> <span class='ocrx_word' id='word_1_17' title='bbox 855 1150 1141 1229; x_wconf 76' lang='lat' dir='ltr'>Gregorii</span> <span class='ocrx_word' id='word_1_18' title='bbox 1180 1151 1446 1228; x_wconf 89' lang='lat' dir='ltr'>primam</span> <span class='ocrx_word' id='word_1_19' title='bbox 1481 1153 1591 1214; x_wconf 86' lang='lat' dir='ltr'>illa</span> <span class='ocrx_word' id='word_1_20' title='bbox 1636 1152 1757 1214; x_wconf 89' lang='lat' dir='ltr'>sibi</span> <span class='ocrx_word' id='word_1_21' title='bbox 1784 1155 1998 1214; x_wconf 86' lang='lat' dir='ltr'>sedem</span> <span class='ocrx_word' id='word_1_22' title='bbox 2027 1148 2329 1220; x_wconf 80' lang='lat' dir='ltr'>vindicat,</span> <span class='ocrx_word' id='word_1_23' title='bbox 2356 1165 2496 1225; x_wconf 78' lang='lat' dir='ltr'>quae</span> <span class='ocrx_word' id='word_1_24' title='bbox 2532 1148 3022 1227; x_wconf 88' lang='lat' dir='ltr'>quadragesimo</span> <span class='ocrx_word' id='word_1_25' title='bbox 3057 1147 3255 1225; x_wconf 86' lang='lat' dir='ltr'>primo</span> 
     </span>
    </p>
   </div>
   <div class='ocr_carea' id='block_1_7' title="bbox 94 1248 3260 1334">
    <p class='ocr_par' dir='ltr' id='par_1_7' title="bbox 94 1248 3260 1334">
     <span class='ocr_line' id='line_1_7' title="bbox 94 1248 3260 1334; baseline -0.005 -15"><span class='ocrx_word' id='word_1_26' title='bbox 94 1262 199 1319; x_wconf 89' lang='lat' dir='ltr'>loco</span> <span class='ocrx_word' id='word_1_27' title='bbox 227 1255 293 1316; x_wconf 90' lang='lat' dir='ltr'>ab</span> <span class='ocrx_word' id='word_1_28' title='bbox 332 1252 676 1314; x_wconf 75' lang='lat' dir='ltr'>editoribus</span> <span class='ocrx_word' id='word_1_29' title='bbox 714 1250 1180 1313; x_wconf 85' lang='lat' dir='ltr'>Parisiensibus</span> <span class='ocrx_word' id='word_1_30' title='bbox 1215 1260 1625 1329; x_wconf 75' lang='lat' dir='ltr'>numeratur;</span> <span class='ocrx_word' id='word_1_31' title='bbox 1672 1252 1965 1334; x_wconf 87' lang='lat' dir='ltr'>quamvis</span> <span class='ocrx_word' id='word_1_32' title='bbox 2009 1252 2073 1312; x_wconf 92' lang='lat' dir='ltr'>in</span> <span class='ocrx_word' id='word_1_33' title='bbox 2109 1250 2408 1310; x_wconf 86' lang='lat' dir='ltr'>omnibus</span> <span class='ocrx_word' id='word_1_34' title='bbox 2462 1265 2622 1326; x_wconf 87' lang='lat' dir='ltr'>pene</span> <span class='ocrx_word' id='word_1_35' title='bbox 2661 1248 2987 1309; x_wconf 87' lang='lat' dir='ltr'>codicibus</span> <span class='ocrx_word' id='word_1_36' title='bbox 3018 1248 3260 1307; x_wconf 64' lang='lat' dir='ltr'>caztcris</span> 
     </span>
    </p>
   </div>
   <div class='ocr_carea' id='block_1_8' title="bbox 94 1350 3262 1436">
    <p class='ocr_par' dir='ltr' id='par_1_8' title="bbox 94 1350 3262 1436">
     <span class='ocr_line' id='line_1_8' title="bbox 94 1350 3262 1436; baseline -0.003 -20"><span class='ocrx_word' id='word_1_37' title='bbox 94 1356 356 1435; x_wconf 67' lang='lat' dir='ltr'>pruinissa</span> <span class='ocrx_word' id='word_1_38' title='bbox 387 1351 464 1412; x_wconf 87' lang='lat' dir='ltr'>sit</span> <span class='ocrx_word' id='word_1_39' title='bbox 497 1352 921 1415; x_wconf 88' lang='lat' dir='ltr'>orationibus.</span> <span class='ocrx_word' id='word_1_40' title='bbox 958 1356 1132 1431; x_wconf 77' lang='lat' dir='ltr'>Regii</span> <span class='ocrx_word' id='word_1_41' title='bbox 1170 1372 1445 1434; x_wconf 86' lang='lat' dir='ltr'>namque</span> <span class='ocrx_word' id='word_1_42' title='bbox 1480 1361 1819 1436; x_wconf 84' lang='lat' dir='ltr'>plusquam</span> <span class='ocrx_word' id='word_1_43' title='bbox 1852 1352 2269 1434; x_wconf 90' lang='lat' dir='ltr'>quadraginta</span> <span class='ocrx_word' id='word_1_44' title='bbox 2304 1358 2449 1413; x_wconf 90' lang='lat' dir='ltr'>sunt</span> <span class='ocrx_word' id='word_1_45' title='bbox 2475 1352 2749 1422; x_wconf 87' lang='lat' dir='ltr'>codices,</span> <span class='ocrx_word' id='word_1_46' title='bbox 2786 1353 2849 1412; x_wconf 91' lang='lat' dir='ltr'>in</span> <span class='ocrx_word' id='word_1_47' title='bbox 2885 1350 3123 1428; x_wconf 89' lang='lat' dir='ltr'>quibus</span> <span class='ocrx_word' id='word_1_48' title='bbox 3160 1367 3262 1409; x_wconf 82' lang='lat' dir='ltr'>or-</span> 
     </span>
    </p>
   </div>
   <div class='ocr_carea' id='block_1_9' title="bbox 92 1449 3259 1536">
    <p class='ocr_par' dir='ltr' id='par_1_9' title="bbox 92 1449 3259 1536">
     <span class='ocr_line' id='line_1_9' title="bbox 92 1449 3259 1536; baseline -0.004 -16"><span class='ocrx_word' id='word_1_49' title='bbox 92 1461 202 1520; x_wconf 86' lang='lat' dir='ltr'>dine</span> <span class='ocrx_word' id='word_1_50' title='bbox 242 1454 417 1535; x_wconf 89' lang='lat' dir='ltr'>prima</span> <span class='ocrx_word' id='word_1_51' title='bbox 448 1462 543 1515; x_wconf 93' lang='lat' dir='ltr'>est</span> <span class='ocrx_word' id='word_1_52' title='bbox 575 1454 793 1516; x_wconf 80' lang='lat' dir='ltr'>Oratio</span> <span class='ocrx_word' id='word_1_53' title='bbox 823 1458 887 1518; x_wconf 79' lang='lat' dir='ltr'>in</span> <span class='ocrx_word' id='word_1_54' title='bbox 918 1457 1153 1518; x_wconf 80' lang='lat' dir='ltr'>Pascha</span> <span class='ocrx_word' id='word_1_55' title='bbox 1188 1468 1243 1520; x_wconf 85' lang='lat' dir='ltr'>ct</span> <span class='ocrx_word' id='word_1_56' title='bbox 1292 1458 1667 1519; x_wconf 76' lang='lat' dir='ltr'>tarditatem.</span> <span class='ocrx_word' id='word_1_57' title='bbox 1702 1459 1979 1519; x_wconf 87' lang='lat' dir='ltr'>Primum</span> <span class='ocrx_word' id='word_1_58' title='bbox 2014 1472 2272 1536; x_wconf 88' lang='lat' dir='ltr'>quoque</span> <span class='ocrx_word' id='word_1_59' title='bbox 2306 1454 2512 1516; x_wconf 90' lang='lat' dir='ltr'>locum</span> <span class='ocrx_word' id='word_1_60' title='bbox 2554 1459 2725 1513; x_wconf 88' lang='lat' dir='ltr'>tenet</span> <span class='ocrx_word' id='word_1_61' title='bbox 2767 1450 2833 1511; x_wconf 91' lang='lat' dir='ltr'>in</span> <span class='ocrx_word' id='word_1_62' title='bbox 2866 1449 3259 1526; x_wconf 82' lang='lat' dir='ltr'>Anglicanis,</span> 
     </span>
    </p>
   </div>
   <div class='ocr_carea' id='block_1_10' title="bbox 94 1549 3258 1633">
    <p class='ocr_par' dir='ltr' id='par_1_10' title="bbox 94 1549 3258 1633">
     <span class='ocr_line' id='line_1_10' title="bbox 94 1549 3258 1633; baseline -0.003 -16"><span class='ocrx_word' id='word_1_63' title='bbox 94 1553 483 1633; x_wconf 81' lang='lat' dir='ltr'>imperatoriis,</span> <span class='ocrx_word' id='word_1_64' title='bbox 526 1561 672 1625; x_wconf 88' lang='lat' dir='ltr'>ctc.,</span> <span class='ocrx_word' id='word_1_65' title='bbox 709 1561 775 1614; x_wconf 86' lang='lat' dir='ltr'>ut</span> <span class='ocrx_word' id='word_1_66' title='bbox 809 1554 904 1615; x_wconf 85' lang='lat' dir='ltr'>vel</span> <span class='ocrx_word' id='word_1_67' title='bbox 944 1573 1019 1615; x_wconf 85' lang='lat' dir='ltr'>ex</span> <span class='ocrx_word' id='word_1_68' title='bbox 1049 1557 1235 1617; x_wconf 88' lang='lat' dir='ltr'>editis</span> <span class='ocrx_word' id='word_1_69' title='bbox 1273 1556 1572 1633; x_wconf 85' lang='lat' dir='ltr'>catalogis</span> <span class='ocrx_word' id='word_1_70' title='bbox 1606 1566 1851 1618; x_wconf 92' lang='lat' dir='ltr'>notum.</span> <span class='ocrx_word' id='word_1_71' title='bbox 1883 1557 2049 1629; x_wconf 90' lang='lat' dir='ltr'>Quin</span> <span class='ocrx_word' id='word_1_72' title='bbox 2082 1556 2212 1631; x_wconf 89' lang='lat' dir='ltr'>ipsa</span> <span class='ocrx_word' id='word_1_73' title='bbox 2247 1552 2554 1614; x_wconf 89' lang='lat' dir='ltr'>orationis</span> <span class='ocrx_word' id='word_1_74' title='bbox 2586 1551 2769 1612; x_wconf 86' lang='lat' dir='ltr'>verba</span> <span class='ocrx_word' id='word_1_75' title='bbox 2805 1567 2938 1611; x_wconf 84' lang='lat' dir='ltr'>eam</span> <span class='ocrx_word' id='word_1_76' title='bbox 2971 1549 3258 1609; x_wconf 88' lang='lat' dir='ltr'>omnium</span> 
     </span>
    </p>
   </div>
   <div class='ocr_carea' id='block_1_11' title="bbox 96 1646 1609 1738">
    <p class='ocr_par' dir='ltr' id='par_1_11' title="bbox 96 1655 1609 1737">
     <span class='ocr_line' id='line_1_11' title="bbox 96 1655 1609 1737; baseline -0.002 -25"><span class='ocrx_word' id='word_1_77' title='bbox 96 1658 314 1737; x_wconf 81' lang='lat' dir='ltr'>primam</span> <span class='ocrx_word' id='word_1_78' title='bbox 348 1671 483 1714; x_wconf 90' lang='lat' dir='ltr'>esse</span> <span class='ocrx_word' id='word_1_79' title='bbox 530 1655 874 1715; x_wconf 88' lang='lat' dir='ltr'>ostendunt</span> <span class='ocrx_word' id='word_1_80' title='bbox 931 1658 1108 1716; x_wconf 89' lang='lat' dir='ltr'>satis.</span> <span class='ocrx_word' id='word_1_81' title='bbox 1144 1656 1517 1721; x_wconf 83' lang='grc' dir='ltr'>Ἀναστάσεως</span> <span class='ocrx_word' id='word_1_82' title='bbox 1545 1660 1609 1729; x_wconf 59' lang='lat' dir='ltr'>iw</span> 
     </span>
    </p>
   </div>
   <div class='ocr_carea' id='block_1_12' title="bbox 1745 1646 3258 1738">
    <p class='ocr_par' dir='ltr' id='par_1_12' title="bbox 1745 1646 3258 1738">
     <span class='ocr_line' id='line_1_12' title="bbox 1745 1646 3258 1738; baseline -0.009 -22"><span class='ocrx_word' id='word_1_83' title='bbox 1745 1658 1925 1729; x_wconf 82' lang='grc' dir='ltr'>,καὶὴ</span> <span class='ocrx_word' id='word_1_84' title='bbox 1955 1657 2096 1730; x_wconf 85' lang='grc' dir='ltr'>ἀρχὴ</span> <span class='ocrx_word' id='word_1_85' title='bbox 2120 1657 2303 1722; x_wconf 82' lang='grc' dir='ltr'>δεξιά·</span> <span class='ocrx_word' id='word_1_86' title='bbox 2340 1678 2368 1711; x_wconf 78' lang='grc' dir='ltr'><strong><em>α</em></strong></span> <span class='ocrx_word' id='word_1_87' title='bbox 2414 1648 2947 1738; x_wconf 86' lang='lat' dir='ltr'>Resurrectionis,</span> <span class='ocrx_word' id='word_1_88' title='bbox 3019 1646 3258 1725; x_wconf 79' lang='lat' dir='ltr'>inquit,</span> 
     </span>
    </p>
   </div>
   <div class='ocr_carea' id='block_1_13' title="bbox 92 1752 3257 1842">
    <p class='ocr_par' dir='ltr' id='par_1_13' title="bbox 92 1752 3257 1842">
     <span class='ocr_line' id='line_1_13' title="bbox 92 1752 3257 1842; baseline -0.003 -21"><span class='ocrx_word' id='word_1_89' title='bbox 92 1762 192 1821; x_wconf 86' lang='lat' dir='ltr'>dies</span> <span class='ocrx_word' id='word_1_90' title='bbox 212 1756 596 1836; x_wconf 75' lang='lat' dir='ltr'>faustumque</span> <span class='ocrx_word' id='word_1_91' title='bbox 626 1757 1031 1835; x_wconf 81' lang='lat' dir='ltr'>principium.</span> <span class='ocrx_word' id='word_1_92' title='bbox 1064 1783 1207 1816; x_wconf 72' lang='lat' dir='ltr'>»-—a</span> <span class='ocrx_word' id='word_1_93' title='bbox 1236 1763 1647 1839; x_wconf 87' lang='lat' dir='ltr'>Principium,</span> <span class='ocrx_word' id='word_1_94' title='bbox 1673 1763 1959 1842; x_wconf 85' lang='lat' dir='ltr'>inquam,</span> <span class='ocrx_word' id='word_1_95' title='bbox 1984 1783 2350 1828; x_wconf 88' lang='lat' dir='ltr'>sermonum</span> <span class='ocrx_word' id='word_1_96' title='bbox 2380 1773 2442 1827; x_wconf 91' lang='lat' dir='ltr'>et</span> <span class='ocrx_word' id='word_1_97' title='bbox 2478 1762 2613 1825; x_wconf 92' lang='lat' dir='ltr'>initi</span> <span class='ocrx_word' id='word_1_98' title='bbox 2647 1758 2971 1839; x_wconf 89' lang='lat' dir='ltr'>pastoralis</span> <span class='ocrx_word' id='word_1_99' title='bbox 3002 1752 3257 1820; x_wconf 63' lang='lat' dir='ltr'>officii.»</span> 
     </span>
    </p>
   </div>
   <div class='ocr_carea' id='block_1_14' title="bbox 100 1857 1613 1943">
    <p class='ocr_par' dir='ltr' id='par_1_14' title="bbox 100 1857 1586 1935">
     <span class='ocr_line' id='line_1_14' title="bbox 100 1857 1586 1935; baseline -0.001 -20"><span class='ocrx_word' id='word_1_100' title='bbox 100 1863 226 1935; x_wconf 76' lang='grc' dir='ltr'>Ἀρχὴ</span> <span class='ocrx_word' id='word_1_101' title='bbox 254 1860 350 1913; x_wconf 81' lang='grc' dir='ltr'>τῶν</span> <span class='ocrx_word' id='word_1_102' title='bbox 374 1858 539 1927; x_wconf 82' lang='grc' dir='ltr'>λόγων</span> <span class='ocrx_word' id='word_1_103' title='bbox 573 1876 695 1929; x_wconf 84' lang='grc' dir='ltr'>μου,</span> <span class='ocrx_word' id='word_1_104' title='bbox 732 1857 825 1910; x_wconf 74' lang='grc' dir='ltr'>καὶ</span> <span class='ocrx_word' id='word_1_105' title='bbox 848 1859 880 1928; x_wconf 82' lang='grc' dir='ltr'>ἡ</span> <span class='ocrx_word' id='word_1_106' title='bbox 909 1858 1047 1929; x_wconf 76' lang='grc' dir='ltr'>ἀρχὴ</span> <span class='ocrx_word' id='word_1_107' title='bbox 1074 1858 1166 1912; x_wconf 78' lang='grc' dir='ltr'>τοῦ</span> <span class='ocrx_word' id='word_1_108' title='bbox 1194 1860 1462 1915; x_wconf 80' lang='grc' dir='ltr'>διδάσκειν</span> <span class='ocrx_word' id='word_1_109' title='bbox 1493 1862 1586 1915; x_wconf 75' lang='grc' dir='ltr'>καὶ</span> 
     </span>
    </p>
   </div>
   <div class='ocr_carea' id='block_1_15' title="bbox 1854 1857 3367 1943">
    <p class='ocr_par' dir='ltr' id='par_1_15' title="bbox 1854 1862 3367 1943">
     <span class='ocr_line' id='line_1_15' title="bbox 1854 1862 3367 1943; baseline 0.008 -28"><span class='ocrx_word' id='word_1_110' title='bbox 1854 1862 2115 1917; x_wconf 68' lang='grc' dir='ltr'>εστασθαι.</span> <span class='ocrx_word' id='word_1_111' title='bbox 2172 1866 2259 1927; x_wconf 71' lang='lat' dir='ltr'>lia</span> <span class='ocrx_word' id='word_1_112' title='bbox 2324 1868 2464 1942; x_wconf 90' lang='lat' dir='ltr'>post</span> <span class='ocrx_word' id='word_1_113' title='bbox 2517 1869 2792 1923; x_wconf 85' lang='lat' dir='ltr'>veterem</span> <span class='ocrx_word' id='word_1_114' title='bbox 2854 1864 3259 1926; x_wconf 76' lang='lat' dir='ltr'>scholiastam</span> <span class='ocrx_word' id='word_1_115' title='bbox 3363 1932 3367 1943; x_wconf 55' lang='grc'><strong>,</strong></span> 
     </span>
    </p>
   </div>
   <div class='ocr_carea' id='block_1_16' title="bbox 92 1963 1605 2050">
    <p class='ocr_par' dir='ltr' id='par_1_16' title="bbox 92 1964 1605 2047">
     <span class='ocr_line' id='line_1_16' title="bbox 92 1964 1605 2047; baseline 0.002 -16"><span class='ocrx_word' id='word_1_116' title='bbox 92 1972 308 2032; x_wconf 82' lang='lat' dir='ltr'>Nicetes.</span> <span class='ocrx_word' id='word_1_117' title='bbox 365 1964 641 2019; x_wconf 77' lang='grc' dir='ltr'>Ἐντεῦθεν</span> <span class='ocrx_word' id='word_1_118' title='bbox 673 1965 801 2040; x_wconf 81' lang='grc' dir='ltr'>γάρ.</span> <span class='ocrx_word' id='word_1_119' title='bbox 847 1968 932 2029; x_wconf 91' lang='lat' dir='ltr'>ait</span> <span class='ocrx_word' id='word_1_120' title='bbox 967 1969 1131 2047; x_wconf 86' lang='lat' dir='ltr'>apud</span> <span class='ocrx_word' id='word_1_121' title='bbox 1166 1970 1568 2032; x_wconf 88' lang='lat' dir='ltr'>Lambecium</span> <span class='ocrx_word' id='word_1_122' title='bbox 1601 1990 1605 2035; x_wconf 77' lang='grc' dir='ltr'>ι</span> 
     </span>
    </p>
   </div>
   <div class='ocr_carea' id='block_1_17' title="bbox 1749 1963 3262 2050">
    <p class='ocr_par' dir='ltr' id='par_1_17' title="bbox 1753 1963 3262 2043">
     <span class='ocr_line' id='line_1_17' title="bbox 1753 1963 3262 2043; baseline 0.002 -21"><span class='ocrx_word' id='word_1_123' title='bbox 1753 1971 1881 2043; x_wconf 75' lang='lat' dir='ltr'>ille,</span> <span class='ocrx_word' id='word_1_124' title='bbox 1916 1970 2233 2033; x_wconf 83' lang='grc' dir='ltr'>ὁθειότατος</span> <span class='ocrx_word' id='word_1_125' title='bbox 2281 1963 2433 2033; x_wconf 69' lang='grc' dir='ltr'>οὗτος</span> <span class='ocrx_word' id='word_1_126' title='bbox 2467 1965 2654 2037; x_wconf 78' lang='grc' dir='ltr'>Πατὴρ</span> <span class='ocrx_word' id='word_1_127' title='bbox 2704 1966 2812 2019; x_wconf 81' lang='grc' dir='ltr'>τῶν</span> <span class='ocrx_word' id='word_1_128' title='bbox 2842 1966 3035 2022; x_wconf 76' lang='grc' dir='ltr'>ἑαυτοῦ</span> <span class='ocrx_word' id='word_1_129' title='bbox 3086 1967 3262 2037; x_wconf 83' lang='grc' dir='ltr'>λόγων</span> 
     </span>
    </p>
   </div>
   <div class='ocr_carea' id='block_1_18' title="bbox 90 2062 3177 2137">
    <p class='ocr_par' dir='ltr' id='par_1_18' title="bbox 90 2062 3177 2137">
     <span class='ocr_line' id='line_1_18' title="bbox 90 2062 3177 2137; baseline 0.004 -15"><span class='ocrx_word' id='word_1_130' title='bbox 90 2066 332 2137; x_wconf 81' lang='grc' dir='ltr'>ἀπήρξατο.</span> <span class='ocrx_word' id='word_1_131' title='bbox 364 2062 424 2123; x_wconf 89' lang='lat' dir='ltr'>Id</span> <span class='ocrx_word' id='word_1_132' title='bbox 456 2074 597 2121; x_wconf 87' lang='lat' dir='ltr'>est:</span> <span class='ocrx_word' id='word_1_133' title='bbox 636 2082 664 2115; x_wconf 77' lang='grc' dir='ltr'>ι</span> <span class='ocrx_word' id='word_1_134' title='bbox 704 2062 863 2125; x_wconf 87' lang='lat' dir='ltr'>llinc</span> <span class='ocrx_word' id='word_1_135' title='bbox 896 2068 1067 2126; x_wconf 89' lang='lat' dir='ltr'>enim</span> <span class='ocrx_word' id='word_1_136' title='bbox 1102 2067 1550 2131; x_wconf 89' lang='lat' dir='ltr'>divinissimus</span> <span class='ocrx_word' id='word_1_137' title='bbox 1581 2070 1686 2131; x_wconf 89' lang='lat' dir='ltr'>ille</span> <span class='ocrx_word' id='word_1_138' title='bbox 1715 2072 1893 2132; x_wconf 89' lang='lat' dir='ltr'>Pater</span> <span class='ocrx_word' id='word_1_139' title='bbox 1922 2089 2291 2133; x_wconf 88' lang='lat' dir='ltr'>sermonum</span> <span class='ocrx_word' id='word_1_140' title='bbox 2326 2087 2587 2133; x_wconf 88' lang='lat' dir='ltr'>suorum</span> <span class='ocrx_word' id='word_1_141' title='bbox 2618 2072 2875 2134; x_wconf 88' lang='lat' dir='ltr'>initium</span> <span class='ocrx_word' id='word_1_142' title='bbox 2908 2076 3113 2137; x_wconf 86' lang='lat' dir='ltr'>duxit.</span> <span class='ocrx_word' id='word_1_143' title='bbox 3149 2100 3177 2134; x_wconf 82' lang='grc'><strong>››</strong></span> 
     </span>
    </p>
   </div>
   <div class='ocr_carea' id='block_1_19' title="bbox 147 2160 3259 2248">
    <p class='ocr_par' dir='ltr' id='par_1_19' title="bbox 147 2160 3259 2248">
     <span class='ocr_line' id='line_1_19' title="bbox 147 2160 3259 2248; baseline 0.005 -25"><span class='ocrx_word' id='word_1_144' title='bbox 147 2163 210 2223; x_wconf 86' lang='lat' dir='ltr'>ll.</span> <span class='ocrx_word' id='word_1_145' title='bbox 251 2164 409 2223; x_wconf 84' lang='lat' dir='ltr'>idem</span> <span class='ocrx_word' id='word_1_146' title='bbox 459 2160 687 2220; x_wconf 86' lang='lat' dir='ltr'>astruit</span> <span class='ocrx_word' id='word_1_147' title='bbox 722 2161 996 2235; x_wconf 83' lang='lat' dir='ltr'>Basilius</span> <span class='ocrx_word' id='word_1_148' title='bbox 1046 2166 1283 2242; x_wconf 88' lang='lat' dir='ltr'>insigni</span> <span class='ocrx_word' id='word_1_149' title='bbox 1346 2168 1615 2245; x_wconf 89' lang='lat' dir='ltr'>schotio,</span> <span class='ocrx_word' id='word_1_150' title='bbox 1676 2170 1846 2248; x_wconf 90' lang='lat' dir='ltr'>quod</span> <span class='ocrx_word' id='word_1_151' title='bbox 1880 2171 1941 2229; x_wconf 92' lang='lat' dir='ltr'>in</span> <span class='ocrx_word' id='word_1_152' title='bbox 1976 2169 2430 2232; x_wconf 88' lang='lat' dir='ltr'>commentario</span> <span class='ocrx_word' id='word_1_153' title='bbox 2461 2172 2845 2237; x_wconf 87' lang='lat' dir='ltr'>exhibetur:</span> <span class='ocrx_word' id='word_1_154' title='bbox 2882 2175 3010 2237; x_wconf 90' lang='lat' dir='ltr'>imo</span> <span class='ocrx_word' id='word_1_155' title='bbox 3055 2175 3259 2238; x_wconf 88' lang='lat' dir='ltr'>inedi-</span> 
     </span>
    </p>
   </div>
   <div class='ocr_carea' id='block_1_20' title="bbox 100 2264 3260 2352">
    <p class='ocr_par' dir='ltr' id='par_1_20' title="bbox 100 2264 3260 2352">
     <span class='ocr_line' id='line_1_20' title="bbox 100 2264 3260 2352; baseline 0.004 -25"><span class='ocrx_word' id='word_1_156' title='bbox 100 2273 172 2327; x_wconf 91' lang='lat' dir='ltr'>tus</span> <span class='ocrx_word' id='word_1_157' title='bbox 197 2267 335 2326; x_wconf 86' lang='lat' dir='ltr'>alter</span> <span class='ocrx_word' id='word_1_158' title='bbox 362 2264 729 2335; x_wconf 84' lang='lat' dir='ltr'>scholiasta,</span> <span class='ocrx_word' id='word_1_159' title='bbox 782 2269 893 2347; x_wconf 90' lang='lat' dir='ltr'>qui</span> <span class='ocrx_word' id='word_1_160' title='bbox 956 2274 1021 2330; x_wconf 89' lang='lat' dir='ltr'>in</span> <span class='ocrx_word' id='word_1_161' title='bbox 1058 2272 1234 2332; x_wconf 84' lang='lat' dir='ltr'>Colb.</span> <span class='ocrx_word' id='word_1_162' title='bbox 1263 2274 1403 2333; x_wconf 82' lang='lat' dir='ltr'>cod.</span> <span class='ocrx_word' id='word_1_163' title='bbox 1429 2274 1610 2346; x_wconf 88' lang='grc'>3063,</span> <span class='ocrx_word' id='word_1_164' title='bbox 1668 2274 1731 2335; x_wconf 93' lang='lat' dir='ltr'>in</span> <span class='ocrx_word' id='word_1_165' title='bbox 1763 2275 2115 2335; x_wconf 90' lang='lat' dir='ltr'>orationem</span> <span class='ocrx_word' id='word_1_166' title='bbox 2182 2273 2522 2334; x_wconf 91' lang='lat' dir='ltr'>secundam</span> <span class='ocrx_word' id='word_1_167' title='bbox 2560 2273 2625 2335; x_wconf 90' lang='lat' dir='ltr'>in</span> <span class='ocrx_word' id='word_1_168' title='bbox 2670 2276 2927 2352; x_wconf 84' lang='lat' dir='ltr'>Pascha,</span> <span class='ocrx_word' id='word_1_169' title='bbox 2964 2278 3092 2339; x_wconf 65' lang='lat' dir='ltr'>haec</span> <span class='ocrx_word' id='word_1_170' title='bbox 3125 2298 3260 2339; x_wconf 80' lang='lat' dir='ltr'>vet-</span> 
     </span>
    </p>
   </div>
   <div class='ocr_carea' id='block_1_21' title="bbox 95 2361 3261 2453">
    <p class='ocr_par' dir='ltr' id='par_1_21' title="bbox 95 2361 3261 2453">
     <span class='ocr_line' id='line_1_21' title="bbox 95 2361 3261 2453; baseline 0.004 -29"><span class='ocrx_word' id='word_1_171' title='bbox 95 2369 145 2427; x_wconf 82' lang='lat' dir='ltr'>ba</span> <span class='ocrx_word' id='word_1_172' title='bbox 170 2387 183 2426; x_wconf 90' lang='lat'><strong>:</strong></span> <span class='ocrx_word' id='word_1_173' title='bbox 208 2361 267 2418; x_wconf 83' lang='grc' dir='ltr'><strong><em>Ὦ</em></strong></span> <span class='ocrx_word' id='word_1_174' title='bbox 292 2365 405 2434; x_wconf 81' lang='grc' dir='ltr'>λόγε</span> <span class='ocrx_word' id='word_1_175' title='bbox 431 2363 590 2429; x_wconf 76' lang='grc' dir='ltr'>Θεοῦ,</span> <span class='ocrx_word' id='word_1_176' title='bbox 623 2387 651 2420; x_wconf 80' lang='grc' dir='ltr'><strong><em>α</em></strong></span> <span class='ocrx_word' id='word_1_177' title='bbox 682 2366 736 2425; x_wconf 92' lang='grc' dir='ltr'>Ο</span> <span class='ocrx_word' id='word_1_178' title='bbox 768 2370 1027 2428; x_wconf 85' lang='lat' dir='ltr'>verbum</span> <span class='ocrx_word' id='word_1_179' title='bbox 1062 2369 1200 2441; x_wconf 87' lang='lat' dir='ltr'>Dei,</span> <span class='ocrx_word' id='word_1_180' title='bbox 1225 2392 1254 2426; x_wconf 82' lang='lat'>»</span> <span class='ocrx_word' id='word_1_181' title='bbox 1295 2377 1439 2444; x_wconf 85' lang='lat' dir='ltr'>etc.,</span> <span class='ocrx_word' id='word_1_182' title='bbox 1478 2372 1572 2433; x_wconf 91' lang='lat' dir='ltr'>sic</span> <span class='ocrx_word' id='word_1_183' title='bbox 1602 2380 2068 2433; x_wconf 87' lang='lat' dir='ltr'>commentatur</span> <span class='ocrx_word' id='word_1_184' title='bbox 2099 2372 2216 2453; x_wconf 80' lang='lat'>(80)</span> <span class='ocrx_word' id='word_1_185' title='bbox 2246 2393 2260 2430; x_wconf 92' lang='lat'><strong>:</strong></span> <span class='ocrx_word' id='word_1_186' title='bbox 2296 2395 2322 2426; x_wconf 85' lang='grc'>‹‹</span> <span class='ocrx_word' id='word_1_187' title='bbox 2350 2372 2558 2433; x_wconf 86' lang='lat' dir='ltr'>Habes</span> <span class='ocrx_word' id='word_1_188' title='bbox 2585 2374 2799 2452; x_wconf 88' lang='lat' dir='ltr'>itaque</span> <span class='ocrx_word' id='word_1_189' title='bbox 2831 2393 2999 2438; x_wconf 91' lang='lat' dir='ltr'>nunc</span> <span class='ocrx_word' id='word_1_190' title='bbox 3028 2380 3261 2438; x_wconf 82' lang='lat' dir='ltr'>oratio-</span> 
     </span>
    </p>
   </div>
   <div class='ocr_carea' id='block_1_22' title="bbox 95 2470 3265 2555">
    <p class='ocr_par' dir='ltr' id='par_1_22' title="bbox 95 2470 3265 2555">
     <span class='ocr_line' id='line_1_22' title="bbox 95 2470 3265 2555; baseline 0.003 -26"><span class='ocrx_word' id='word_1_191' title='bbox 95 2486 200 2531; x_wconf 86' lang='lat' dir='ltr'>nem</span> <span class='ocrx_word' id='word_1_192' title='bbox 242 2470 387 2533; x_wconf 88' lang='lat' dir='ltr'>hauc</span> <span class='ocrx_word' id='word_1_193' title='bbox 434 2477 744 2542; x_wconf 86' lang='lat' dir='ltr'>nostram,</span> <span class='ocrx_word' id='word_1_194' title='bbox 806 2487 930 2531; x_wconf 93' lang='lat' dir='ltr'>non</span> <span class='ocrx_word' id='word_1_195' title='bbox 972 2473 1231 2551; x_wconf 84' lang='lat' dir='ltr'>quidem</span> <span class='ocrx_word' id='word_1_196' title='bbox 1300 2476 1637 2553; x_wconf 86' lang='lat' dir='ltr'>primitias,</span> <span class='ocrx_word' id='word_1_197' title='bbox 1680 2494 1888 2554; x_wconf 87' lang='lat' dir='ltr'>neque</span> <span class='ocrx_word' id='word_1_198' title='bbox 1924 2477 2209 2553; x_wconf 87' lang='lat' dir='ltr'>primam,</span> <span class='ocrx_word' id='word_1_199' title='bbox 2246 2484 2314 2538; x_wconf 90' lang='lat' dir='ltr'>ut</span> <span class='ocrx_word' id='word_1_200' title='bbox 2348 2475 2451 2537; x_wconf 90' lang='lat' dir='ltr'>illa</span> <span class='ocrx_word' id='word_1_201' title='bbox 2487 2480 2505 2551; x_wconf 92' lang='lat'>(</span> <span class='ocrx_word' id='word_1_202' title='bbox 2540 2493 2680 2553; x_wconf 84' lang='lat' dir='ltr'>quae</span> <span class='ocrx_word' id='word_1_203' title='bbox 2709 2475 2801 2535; x_wconf 90' lang='lat' dir='ltr'>sic</span> <span class='ocrx_word' id='word_1_204' title='bbox 2831 2474 3091 2555; x_wconf 89' lang='lat' dir='ltr'>incipit)</span> <span class='ocrx_word' id='word_1_205' title='bbox 3142 2478 3265 2537; x_wconf 77' lang='lat' dir='ltr'>Re-</span> 
     </span>
    </p>
   </div>
   <div class='ocr_carea' id='block_1_23' title="bbox 95 2572 3264 2653">
    <p class='ocr_par' dir='ltr' id='par_1_23' title="bbox 95 2572 3264 2653">
     <span class='ocr_line' id='line_1_23' title="bbox 95 2572 3264 2653; baseline 0.001 -20"><span class='ocrx_word' id='word_1_206' title='bbox 95 2574 449 2635; x_wconf 89' lang='lat' dir='ltr'>surrectionis</span> <span class='ocrx_word' id='word_1_207' title='bbox 478 2573 641 2633; x_wconf 84' lang='lat' dir='ltr'>dies.</span> <span class='ocrx_word' id='word_1_208' title='bbox 668 2594 695 2626; x_wconf 81' lang='lat'>»</span> <span class='ocrx_word' id='word_1_209' title='bbox 734 2572 803 2631; x_wconf 94' lang='lat' dir='ltr'>In</span> <span class='ocrx_word' id='word_1_210' title='bbox 834 2590 970 2633; x_wconf 89' lang='lat' dir='ltr'>eam</span> <span class='ocrx_word' id='word_1_211' title='bbox 1004 2573 1281 2653; x_wconf 90' lang='lat' dir='ltr'>denique</span> <span class='ocrx_word' id='word_1_212' title='bbox 1319 2577 1698 2637; x_wconf 83' lang='lat' dir='ltr'>sententiam</span> <span class='ocrx_word' id='word_1_213' title='bbox 1746 2595 1887 2639; x_wconf 92' lang='lat' dir='ltr'>cum</span> <span class='ocrx_word' id='word_1_214' title='bbox 1923 2584 2167 2639; x_wconf 86' lang='lat' dir='ltr'>veteres</span> <span class='ocrx_word' id='word_1_215' title='bbox 2204 2585 2334 2637; x_wconf 90' lang='lat' dir='ltr'>tum</span> <span class='ocrx_word' id='word_1_216' title='bbox 2375 2574 2762 2637; x_wconf 84' lang='lat' dir='ltr'>recentiores</span> <span class='ocrx_word' id='word_1_217' title='bbox 2799 2574 3074 2636; x_wconf 87' lang='lat' dir='ltr'>iverunt.</span> <span class='ocrx_word' id='word_1_218' title='bbox 3136 2577 3264 2638; x_wconf 84' lang='lat' dir='ltr'>Nec</span> 
     </span>
    </p>
   </div>
   <div class='ocr_carea' id='block_1_24' title="bbox 96 2677 3264 2761">
    <p class='ocr_par' dir='ltr' id='par_1_24' title="bbox 96 2677 3264 2761">
     <span class='ocr_line' id='line_1_24' title="bbox 96 2677 3264 2761; baseline 0 -22"><span class='ocrx_word' id='word_1_219' title='bbox 96 2681 218 2741; x_wconf 85' lang='lat' dir='ltr'>enim</span> <span class='ocrx_word' id='word_1_220' title='bbox 247 2696 442 2740; x_wconf 91' lang='lat' dir='ltr'>moror</span> <span class='ocrx_word' id='word_1_221' title='bbox 469 2677 646 2758; x_wconf 84' lang='lat' dir='ltr'>quod</span> <span class='ocrx_word' id='word_1_222' title='bbox 678 2678 1148 2741; x_wconf 85' lang='lat' dir='ltr'>Leuvenklaius</span> <span class='ocrx_word' id='word_1_223' title='bbox 1183 2680 1246 2741; x_wconf 91' lang='lat' dir='ltr'>in</span> <span class='ocrx_word' id='word_1_224' title='bbox 1286 2698 1398 2743; x_wconf 91' lang='lat' dir='ltr'>sua</span> <span class='ocrx_word' id='word_1_225' title='bbox 1434 2683 1903 2761; x_wconf 90' lang='lat' dir='ltr'>nuncupatoria</span> <span class='ocrx_word' id='word_1_226' title='bbox 1936 2683 2206 2758; x_wconf 88' lang='lat' dir='ltr'>epistola</span> <span class='ocrx_word' id='word_1_227' title='bbox 2250 2681 2334 2743; x_wconf 90' lang='lat' dir='ltr'>ait</span> <span class='ocrx_word' id='word_1_228' title='bbox 2378 2705 2395 2744; x_wconf 92' lang='lat'><strong>:</strong></span> <span class='ocrx_word' id='word_1_229' title='bbox 2430 2704 2460 2736; x_wconf 80' lang='grc' dir='ltr'><strong><em>α</em></strong></span> <span class='ocrx_word' id='word_1_230' title='bbox 2492 2680 2758 2741; x_wconf 84' lang='lat' dir='ltr'>Ratione</span> <span class='ocrx_word' id='word_1_231' title='bbox 2805 2682 3131 2758; x_wconf 90' lang='lat' dir='ltr'>temporis,</span> <span class='ocrx_word' id='word_1_232' title='bbox 3167 2680 3264 2742; x_wconf 87' lang='lat' dir='ltr'>si-</span> 
     </span>
    </p>
   </div>
   <div class='ocr_carea' id='block_1_25' title="bbox 96 2776 3267 2858">
    <p class='ocr_par' dir='ltr' id='par_1_25' title="bbox 96 2776 3267 2858">
     <span class='ocr_line' id='line_1_25' title="bbox 96 2776 3267 2858; baseline 0.001 -21"><span class='ocrx_word' id='word_1_233' title='bbox 96 2779 296 2855; x_wconf 81' lang='lat' dir='ltr'>quidem</span> <span class='ocrx_word' id='word_1_234' title='bbox 323 2781 467 2841; x_wconf 77' lang='lat' dir='ltr'>Eliae</span> <span class='ocrx_word' id='word_1_235' title='bbox 495 2776 788 2842; x_wconf 89' lang='lat' dir='ltr'>Cretensi</span> <span class='ocrx_word' id='word_1_236' title='bbox 822 2782 883 2837; x_wconf 89' lang='lat' dir='ltr'>et</span> <span class='ocrx_word' id='word_1_237' title='bbox 912 2777 1146 2838; x_wconf 64' lang='lat' dir='ltr'>Niceten</span> <span class='ocrx_word' id='word_1_238' title='bbox 1181 2779 1478 2841; x_wconf 89' lang='lat' dir='ltr'>Serronio</span> <span class='ocrx_word' id='word_1_239' title='bbox 1508 2780 1853 2854; x_wconf 83' lang='lat' dir='ltr'>credimus,</span> <span class='ocrx_word' id='word_1_240' title='bbox 1905 2798 2043 2841; x_wconf 90' lang='lat' dir='ltr'>esse</span> <span class='ocrx_word' id='word_1_241' title='bbox 2082 2780 2279 2858; x_wconf 91' lang='lat' dir='ltr'>prima</span> <span class='ocrx_word' id='word_1_242' title='bbox 2311 2781 2535 2842; x_wconf 90' lang='lat' dir='ltr'>debeat</span> <span class='ocrx_word' id='word_1_243' title='bbox 2567 2781 2794 2849; x_wconf 89' lang='lat' dir='ltr'>oratio,</span> <span class='ocrx_word' id='word_1_244' title='bbox 2829 2800 2856 2834; x_wconf 74' lang='grc' dir='ltr'><strong><em>ι</em></strong></span> <span class='ocrx_word' id='word_1_245' title='bbox 2884 2796 3026 2856; x_wconf 69' lang='lat' dir='ltr'>quae</span> <span class='ocrx_word' id='word_1_246' title='bbox 3054 2782 3116 2839; x_wconf 90' lang='lat' dir='ltr'>in</span> <span class='ocrx_word' id='word_1_247' title='bbox 3150 2780 3267 2841; x_wconf 86' lang='lat' dir='ltr'>Pa-</span> 
     </span>
    </p>
   </div>
   <div class='ocr_carea' id='block_1_26' title="bbox 98 2878 3261 2959">
    <p class='ocr_par' dir='ltr' id='par_1_26' title="bbox 98 2878 3261 2959">
     <span class='ocr_line' id='line_1_26' title="bbox 98 2878 3261 2959; baseline 0.003 -21"><span class='ocrx_word' id='word_1_248' title='bbox 98 2881 296 2942; x_wconf 85' lang='lat' dir='ltr'>risiensi</span> <span class='ocrx_word' id='word_1_249' title='bbox 319 2879 789 2942; x_wconf 68' lang='lat' dir='ltr'>Graeco-Latina</span> <span class='ocrx_word' id='word_1_250' title='bbox 823 2878 1103 2939; x_wconf 89' lang='lat' dir='ltr'>editione</span> <span class='ocrx_word' id='word_1_251' title='bbox 1122 2878 1345 2941; x_wconf 89' lang='lat' dir='ltr'>ordine</span> <span class='ocrx_word' id='word_1_252' title='bbox 1378 2882 1655 2942; x_wconf 87' lang='lat' dir='ltr'>secunda</span> <span class='ocrx_word' id='word_1_253' title='bbox 1689 2890 1805 2942; x_wconf 90' lang='lat' dir='ltr'>est.</span> <span class='ocrx_word' id='word_1_254' title='bbox 1832 2881 2081 2943; x_wconf 86' lang='lat' dir='ltr'>Etenim</span> <span class='ocrx_word' id='word_1_255' title='bbox 2117 2880 2300 2959; x_wconf 89' lang='lat' dir='ltr'>longe</span> <span class='ocrx_word' id='word_1_256' title='bbox 2331 2881 2514 2942; x_wconf 91' lang='lat' dir='ltr'>aliam</span> <span class='ocrx_word' id='word_1_257' title='bbox 2550 2902 2691 2945; x_wconf 90' lang='lat' dir='ltr'>esse</span> <span class='ocrx_word' id='word_1_258' title='bbox 2723 2884 2953 2945; x_wconf 69' lang='lat' dir='ltr'>Nicetaa</span> <span class='ocrx_word' id='word_1_259' title='bbox 2985 2892 3261 2946; x_wconf 82' lang='lat' dir='ltr'>mentem</span> 
     </span>
    </p>
   </div>
   <div class='ocr_carea' id='block_1_27' title="bbox 98 2981 3262 3065">
    <p class='ocr_par' dir='ltr' id='par_1_27' title="bbox 98 2981 3262 3065">
     <span class='ocr_line' id='line_1_27' title="bbox 98 2981 3262 3065; baseline 0.004 -28"><span class='ocrx_word' id='word_1_260' title='bbox 98 2984 237 3042; x_wconf 84' lang='lat' dir='ltr'>modo</span> <span class='ocrx_word' id='word_1_261' title='bbox 269 2982 563 3041; x_wconf 88' lang='lat' dir='ltr'>vidimus.</span> <span class='ocrx_word' id='word_1_262' title='bbox 602 2981 755 3041; x_wconf 75' lang='lat' dir='ltr'>Eliaa</span> <span class='ocrx_word' id='word_1_263' title='bbox 800 3000 946 3045; x_wconf 90' lang='lat' dir='ltr'>vero</span> <span class='ocrx_word' id='word_1_264' title='bbox 970 2984 1353 3044; x_wconf 89' lang='lat' dir='ltr'>sententiam</span> <span class='ocrx_word' id='word_1_265' title='bbox 1390 2985 1539 3046; x_wconf 92' lang='lat' dir='ltr'>alibi</span> <span class='ocrx_word' id='word_1_266' title='bbox 1574 2985 1963 3057; x_wconf 81' lang='lat' dir='ltr'>refellemus,</span> <span class='ocrx_word' id='word_1_267' title='bbox 2003 3002 2193 3064; x_wconf 91' lang='lat' dir='ltr'>quam</span> <span class='ocrx_word' id='word_1_268' title='bbox 2231 2987 2486 3047; x_wconf 84' lang='lat' dir='ltr'>interim</span> <span class='ocrx_word' id='word_1_269' title='bbox 2528 2988 2809 3065; x_wconf 91' lang='lat' dir='ltr'>explodit</span> <span class='ocrx_word' id='word_1_270' title='bbox 2845 2989 2994 3049; x_wconf 89' lang='lat' dir='ltr'>satis</span> <span class='ocrx_word' id='word_1_271' title='bbox 3026 2989 3262 3050; x_wconf 86' lang='lat' dir='ltr'>utrius-</span> 
     </span>
    </p>
   </div>
   <div class='ocr_carea' id='block_1_28' title="bbox 100 3079 3265 3167">
    <p class='ocr_par' dir='ltr' id='par_1_28' title="bbox 100 3079 3265 3167">
     <span class='ocr_line' id='line_1_28' title="bbox 100 3079 3265 3167; baseline 0.004 -33"><span class='ocrx_word' id='word_1_272' title='bbox 100 3096 190 3155; x_wconf 76' lang='lat' dir='ltr'>que</span> <span class='ocrx_word' id='word_1_273' title='bbox 221 3080 505 3140; x_wconf 79' lang='lat' dir='ltr'>orationis</span> <span class='ocrx_word' id='word_1_274' title='bbox 540 3079 952 3159; x_wconf 85' lang='lat' dir='ltr'>principium,</span> <span class='ocrx_word' id='word_1_275' title='bbox 994 3090 1053 3143; x_wconf 91' lang='lat' dir='ltr'>et</span> <span class='ocrx_word' id='word_1_276' title='bbox 1087 3083 1229 3143; x_wconf 80' lang='lat' dir='ltr'>finis</span> <span class='ocrx_word' id='word_1_277' title='bbox 1264 3085 1449 3144; x_wconf 78' lang='lat' dir='ltr'>istius</span> <span class='ocrx_word' id='word_1_278' title='bbox 1486 3107 1501 3145; x_wconf 88' lang='lat'><strong>:</strong></span> <span class='ocrx_word' id='word_1_279' title='bbox 1539 3085 1643 3145; x_wconf 90' lang='lat' dir='ltr'>ubi</span> <span class='ocrx_word' id='word_1_280' title='bbox 1678 3085 2043 3161; x_wconf 86' lang='lat' dir='ltr'>TheoIOgus</span> <span class='ocrx_word' id='word_1_281' title='bbox 2075 3105 2089 3143; x_wconf 91' lang='lat'><strong>:</strong></span> <span class='ocrx_word' id='word_1_282' title='bbox 2124 3085 2308 3145; x_wconf 72' lang='lat' dir='ltr'>«Jam</span> <span class='ocrx_word' id='word_1_283' title='bbox 2338 3103 2690 3161; x_wconf 89' lang='lat' dir='ltr'>sermones,</span> <span class='ocrx_word' id='word_1_284' title='bbox 2732 3087 2939 3165; x_wconf 90' lang='lat' dir='ltr'>inquit</span> <span class='ocrx_word' id='word_1_285' title='bbox 2977 3086 3119 3167; x_wconf 77' lang='lat'>(81),</span> <span class='ocrx_word' id='word_1_286' title='bbox 3156 3086 3265 3147; x_wconf 90' lang='lat' dir='ltr'>ha-</span> 
     </span>
    </p>
   </div>
   <div class='ocr_carea' id='block_1_29' title="bbox 96 3184 3260 3266">
    <p class='ocr_par' dir='ltr' id='par_1_29' title="bbox 96 3184 3260 3266">
     <span class='ocr_line' id='line_1_29' title="bbox 96 3184 3260 3266; baseline 0.002 -23"><span class='ocrx_word' id='word_1_287' title='bbox 96 3185 516 3263; x_wconf 85' lang='lat' dir='ltr'>betis,quorum</span> <span class='ocrx_word' id='word_1_288' title='bbox 545 3185 870 3246; x_wconf 81' lang='lat' dir='ltr'>desiderio</span> <span class='ocrx_word' id='word_1_289' title='bbox 906 3192 1233 3263; x_wconf 90' lang='lat' dir='ltr'>tant0pere</span> <span class='ocrx_word' id='word_1_290' title='bbox 1286 3186 1684 3263; x_wconf 76' lang='lat' dir='ltr'>ﬂagrabatis;</span> <span class='ocrx_word' id='word_1_291' title='bbox 1726 3208 1757 3245; x_wconf 72' lang='grc' dir='ltr'><strong><em>ι</em></strong></span> <span class='ocrx_word' id='word_1_292' title='bbox 1806 3203 2137 3247; x_wconf 91' lang='lat' dir='ltr'>sermones</span> <span class='ocrx_word' id='word_1_293' title='bbox 2194 3184 2530 3266; x_wconf 89' lang='lat' dir='ltr'>hucusque</span> <span class='ocrx_word' id='word_1_294' title='bbox 2587 3186 2955 3264; x_wconf 89' lang='lat' dir='ltr'>denegatos,</span> <span class='ocrx_word' id='word_1_295' title='bbox 2990 3203 3260 3262; x_wconf 86' lang='lat' dir='ltr'>quorum</span> 
     </span>
    </p>
   </div>
   <div class='ocr_carea' id='block_1_30' title="bbox 97 3288 3264 3378">
    <p class='ocr_par' dir='ltr' id='par_1_30' title="bbox 97 3288 3264 3378">
     <span class='ocr_line' id='line_1_30' title="bbox 97 3288 3264 3378; baseline 0.003 -33"><span class='ocrx_word' id='word_1_296' title='bbox 97 3288 258 3347; x_wconf 84' lang='lat' dir='ltr'>studio</span> <span class='ocrx_word' id='word_1_297' title='bbox 289 3306 357 3348; x_wconf 91' lang='lat' dir='ltr'>eo</span> <span class='ocrx_word' id='word_1_298' title='bbox 386 3290 668 3378; x_wconf 79' lang='lat' dir='ltr'>amplius</span> <span class='ocrx_word' id='word_1_299' title='bbox 701 3290 1026 3363; x_wconf 85' lang='lat' dir='ltr'>ardebant,</span> <span class='ocrx_word' id='word_1_300' title='bbox 1060 3308 1187 3370; x_wconf 90' lang='lat' dir='ltr'>quo</span> <span class='ocrx_word' id='word_1_301' title='bbox 1224 3290 1473 3351; x_wconf 91' lang='lat' dir='ltr'>diutius</span> <span class='ocrx_word' id='word_1_302' title='bbox 1508 3291 1601 3351; x_wconf 92' lang='lat' dir='ltr'>illi</span> <span class='ocrx_word' id='word_1_303' title='bbox 1650 3292 2133 3353; x_wconf 76' lang='lat' dir='ltr'>differebantur.</span> <span class='ocrx_word' id='word_1_304' title='bbox 2169 3291 2323 3364; x_wconf 71' lang='lat' dir='ltr'>Qute</span> <span class='ocrx_word' id='word_1_305' title='bbox 2356 3292 2612 3370; x_wconf 87' lang='lat' dir='ltr'>quidem</span> <span class='ocrx_word' id='word_1_306' title='bbox 2657 3292 3097 3370; x_wconf 83' lang='lat' dir='ltr'>interpretatio</span> <span class='ocrx_word' id='word_1_307' title='bbox 3131 3310 3264 3354; x_wconf 76' lang='lat' dir='ltr'>non</span> 
     </span>
    </p>
   </div>
   <div class='ocr_carea' id='block_1_31' title="bbox 100 3389 3265 3473">
    <p class='ocr_par' dir='ltr' id='par_1_31' title="bbox 100 3389 3265 3473">
     <span class='ocr_line' id='line_1_31' title="bbox 100 3389 3265 3473; baseline 0.003 -29"><span class='ocrx_word' id='word_1_308' title='bbox 100 3398 279 3456; x_wconf 85' lang='lat' dir='ltr'>nostra,</span> <span class='ocrx_word' id='word_1_309' title='bbox 311 3392 413 3451; x_wconf 90' lang='lat' dir='ltr'>sed</span> <span class='ocrx_word' id='word_1_310' title='bbox 450 3390 663 3469; x_wconf 89' lang='lat' dir='ltr'>ipsius</span> <span class='ocrx_word' id='word_1_311' title='bbox 695 3398 787 3449; x_wconf 88' lang='lat' dir='ltr'>est</span> <span class='ocrx_word' id='word_1_312' title='bbox 817 3389 1133 3467; x_wconf 82' lang='lat' dir='ltr'>Gregorii,</span> <span class='ocrx_word' id='word_1_313' title='bbox 1170 3399 1235 3450; x_wconf 94' lang='lat' dir='ltr'>ut</span> <span class='ocrx_word' id='word_1_314' title='bbox 1262 3398 1384 3451; x_wconf 89' lang='lat' dir='ltr'>tota</span> <span class='ocrx_word' id='word_1_315' title='bbox 1413 3391 1614 3452; x_wconf 91' lang='lat' dir='ltr'>oratio</span> <span class='ocrx_word' id='word_1_316' title='bbox 1646 3391 1850 3465; x_wconf 89' lang='lat' dir='ltr'>tertia,</span> <span class='ocrx_word' id='word_1_317' title='bbox 1916 3391 2074 3453; x_wconf 88' lang='lat' dir='ltr'>alias</span> <span class='ocrx_word' id='word_1_318' title='bbox 2103 3392 2407 3465; x_wconf 88' lang='lat' dir='ltr'>secunda,</span> <span class='ocrx_word' id='word_1_319' title='bbox 2468 3392 2712 3471; x_wconf 88' lang='lat' dir='ltr'>probat,</span> <span class='ocrx_word' id='word_1_320' title='bbox 2760 3401 2952 3473; x_wconf 90' lang='lat' dir='ltr'>atque</span> <span class='ocrx_word' id='word_1_321' title='bbox 2999 3392 3065 3453; x_wconf 87' lang='lat' dir='ltr'>in</span> <span class='ocrx_word' id='word_1_322' title='bbox 3126 3406 3265 3453; x_wconf 87' lang='lat' dir='ltr'>eam</span> 
     </span>
    </p>
   </div>
   <div class='ocr_carea' id='block_1_32' title="bbox 96 3492 903 3556">
    <p class='ocr_par' dir='ltr' id='par_1_32' title="bbox 96 3492 903 3556">
     <span class='ocr_line' id='line_1_32' title="bbox 96 3492 903 3556; baseline 0.002 -6"><span class='ocrx_word' id='word_1_323' title='bbox 96 3492 380 3555; x_wconf 81' lang='lat' dir='ltr'>admonitio</span> <span class='ocrx_word' id='word_1_324' title='bbox 415 3493 903 3556; x_wconf 83' lang='lat' dir='ltr'>demonstrabit.</span> 
     </span>
    </p>
   </div>
   <div class='ocr_carea' id='block_1_33' title="bbox 150 3593 3268 3677">
    <p class='ocr_par' dir='ltr' id='par_1_33' title="bbox 150 3593 3268 3677">
     <span class='ocr_line' id='line_1_33' title="bbox 150 3593 3268 3677; baseline 0.002 -23"><span class='ocrx_word' id='word_1_325' title='bbox 150 3595 235 3658; x_wconf 80' lang='lat' dir='ltr'>ill.</span> <span class='ocrx_word' id='word_1_326' title='bbox 268 3599 407 3661; x_wconf 73' lang='lat' dir='ltr'>Rrec</span> <span class='ocrx_word' id='word_1_327' title='bbox 438 3598 639 3677; x_wconf 85' lang='lat' dir='ltr'>igitur</span> <span class='ocrx_word' id='word_1_328' title='bbox 678 3598 880 3677; x_wconf 91' lang='lat' dir='ltr'>prima</span> <span class='ocrx_word' id='word_1_329' title='bbox 912 3595 1200 3657; x_wconf 91' lang='lat' dir='ltr'>omnium</span> <span class='ocrx_word' id='word_1_330' title='bbox 1245 3595 1476 3675; x_wconf 91' lang='lat' dir='ltr'>scripta</span> <span class='ocrx_word' id='word_1_331' title='bbox 1510 3595 1803 3675; x_wconf 88' lang='lat' dir='ltr'>dictaque</span> <span class='ocrx_word' id='word_1_332' title='bbox 1851 3593 1969 3656; x_wconf 87' lang='lat' dir='ltr'>fuit</span> <span class='ocrx_word' id='word_1_333' title='bbox 1999 3595 2204 3657; x_wconf 85' lang='lat' dir='ltr'>oratio</span> <span class='ocrx_word' id='word_1_334' title='bbox 2243 3612 2409 3657; x_wconf 90' lang='lat' dir='ltr'>anno</span> <span class='ocrx_word' id='word_1_335' title='bbox 2445 3595 2675 3658; x_wconf 87' lang='lat' dir='ltr'>Christi</span> <span class='ocrx_word' id='word_1_336' title='bbox 2722 3599 2862 3671; x_wconf 76' lang='lat'>362,</span> <span class='ocrx_word' id='word_1_337' title='bbox 2908 3598 3112 3675; x_wconf 88' lang='lat' dir='ltr'>pridie</span> <span class='ocrx_word' id='word_1_338' title='bbox 3142 3598 3268 3659; x_wconf 85' lang='lat' dir='ltr'>Ka-</span> 
     </span>
    </p>
   </div>
   <div class='ocr_carea' id='block_1_34' title="bbox 100 3694 3268 3780">
    <p class='ocr_par' dir='ltr' id='par_1_34' title="bbox 100 3694 3268 3780">
     <span class='ocr_line' id='line_1_34' title="bbox 100 3694 3268 3780; baseline 0.002 -26"><span class='ocrx_word' id='word_1_339' title='bbox 100 3694 260 3761; x_wconf 82' lang='lat' dir='ltr'>lendas</span> <span class='ocrx_word' id='word_1_340' title='bbox 286 3702 541 3780; x_wconf 84' lang='lat' dir='ltr'>Aprilis,</span> <span class='ocrx_word' id='word_1_341' title='bbox 577 3720 707 3778; x_wconf 90' lang='lat' dir='ltr'>qua</span> <span class='ocrx_word' id='word_1_342' title='bbox 738 3700 866 3773; x_wconf 91' lang='lat' dir='ltr'>die,</span> <span class='ocrx_word' id='word_1_343' title='bbox 904 3701 1087 3780; x_wconf 84' lang='lat' dir='ltr'>juxta</span> <span class='ocrx_word' id='word_1_344' title='bbox 1122 3700 1532 3775; x_wconf 84' lang='lat' dir='ltr'>Bucherium,</span> <span class='ocrx_word' id='word_1_345' title='bbox 1566 3700 1686 3762; x_wconf 91' lang='lat' dir='ltr'>hoc</span> <span class='ocrx_word' id='word_1_346' title='bbox 1718 3716 1883 3761; x_wconf 90' lang='lat' dir='ltr'>anno</span> <span class='ocrx_word' id='word_1_347' title='bbox 1919 3699 2150 3760; x_wconf 89' lang='lat' dir='ltr'>festum</span> <span class='ocrx_word' id='word_1_348' title='bbox 2188 3699 2438 3774; x_wconf 72' lang='lat' dir='ltr'>Paschm</span> <span class='ocrx_word' id='word_1_349' title='bbox 2465 3698 2708 3760; x_wconf 89' lang='lat' dir='ltr'>incidit.</span> <span class='ocrx_word' id='word_1_350' title='bbox 2740 3699 2875 3772; x_wconf 90' lang='lat' dir='ltr'>Qua</span> <span class='ocrx_word' id='word_1_351' title='bbox 2907 3715 3057 3759; x_wconf 87' lang='lat' dir='ltr'>vero</span> <span class='ocrx_word' id='word_1_352' title='bbox 3090 3716 3268 3760; x_wconf 77' lang='lat' dir='ltr'>ocra-</span> 
     </span>
    </p>
   </div>
   <div class='ocr_carea' id='block_1_35' title="bbox 101 3799 3264 3886">
    <p class='ocr_par' dir='ltr' id='par_1_35' title="bbox 101 3799 3264 3886">
     <span class='ocr_line' id='line_1_35' title="bbox 101 3799 3264 3886; baseline 0.001 -26"><span class='ocrx_word' id='word_1_353' title='bbox 101 3799 233 3862; x_wconf 79' lang='lat' dir='ltr'>sione</span> <span class='ocrx_word' id='word_1_354' title='bbox 261 3806 573 3883; x_wconf 88' lang='lat' dir='ltr'>quibusve</span> <span class='ocrx_word' id='word_1_355' title='bbox 605 3808 681 3866; x_wconf 92' lang='lat' dir='ltr'>de</span> <span class='ocrx_word' id='word_1_356' title='bbox 710 3810 949 3883; x_wconf 91' lang='lat' dir='ltr'>causis,</span> <span class='ocrx_word' id='word_1_357' title='bbox 985 3808 1145 3869; x_wconf 87' lang='lat' dir='ltr'>infra</span> <span class='ocrx_word' id='word_1_358' title='bbox 1184 3807 1589 3869; x_wconf 90' lang='lat' dir='ltr'>commodius</span> <span class='ocrx_word' id='word_1_359' title='bbox 1614 3806 1962 3868; x_wconf 88' lang='lat' dir='ltr'>admonitio</span> <span class='ocrx_word' id='word_1_360' title='bbox 1992 3806 2058 3867; x_wconf 91' lang='lat' dir='ltr'>in</span> <span class='ocrx_word' id='word_1_361' title='bbox 2088 3807 2558 3886; x_wconf 78' lang='lat' dir='ltr'>Apologeticum</span> <span class='ocrx_word' id='word_1_362' title='bbox 2587 3823 2871 3883; x_wconf 81' lang='lat' dir='ltr'>magnum</span> <span class='ocrx_word' id='word_1_363' title='bbox 2903 3804 3264 3866; x_wconf 86' lang='lat' dir='ltr'>declarabit.</span> 
     </span>
    </p>
   </div>
   <div class='ocr_carea' id='block_1_36' title="bbox 100 3906 3266 3992">
    <p class='ocr_par' dir='ltr' id='par_1_36' title="bbox 100 3906 3266 3992">
     <span class='ocr_line' id='line_1_36' title="bbox 100 3906 3266 3992; baseline 0.001 -26"><span class='ocrx_word' id='word_1_364' title='bbox 100 3906 259 3973; x_wconf 76' lang='lat' dir='ltr'>Brevis</span> <span class='ocrx_word' id='word_1_365' title='bbox 292 3913 391 3974; x_wconf 91' lang='lat' dir='ltr'>illa</span> <span class='ocrx_word' id='word_1_366' title='bbox 421 3915 693 3992; x_wconf 91' lang='lat' dir='ltr'>quidem</span> <span class='ocrx_word' id='word_1_367' title='bbox 727 3919 927 3978; x_wconf 90' lang='lat' dir='ltr'>oratio</span> <span class='ocrx_word' id='word_1_368' title='bbox 961 3939 976 3979; x_wconf 91' lang='lat'><strong>:</strong></span> <span class='ocrx_word' id='word_1_369' title='bbox 1011 3934 1229 3978; x_wconf 89' lang='lat' dir='ltr'>verum</span> <span class='ocrx_word' id='word_1_370' title='bbox 1267 3923 1459 3983; x_wconf 90' lang='lat' dir='ltr'>certe,</span> <span class='ocrx_word' id='word_1_371' title='bbox 1493 3931 1703 3977; x_wconf 90' lang='lat' dir='ltr'>rerum</span> <span class='ocrx_word' id='word_1_372' title='bbox 1730 3914 1935 3976; x_wconf 88' lang='lat' dir='ltr'>habita</span> <span class='ocrx_word' id='word_1_373' title='bbox 1970 3914 2236 3988; x_wconf 88' lang='lat' dir='ltr'>ratione,</span> <span class='ocrx_word' id='word_1_374' title='bbox 2271 3912 2703 3991; x_wconf 88' lang='lat' dir='ltr'>amplissima;</span> <span class='ocrx_word' id='word_1_375' title='bbox 2741 3908 2988 3971; x_wconf 86' lang='lat' dir='ltr'>tametsi</span> <span class='ocrx_word' id='word_1_376' title='bbox 3024 3920 3266 3969; x_wconf 88' lang='lat' dir='ltr'>temere</span> 
     </span>
    </p>
   </div>
   <div class='ocr_carea' id='block_1_37' title="bbox 102 4010 3260 4101">
    <p class='ocr_par' dir='ltr' id='par_1_37' title="bbox 102 4010 3260 4101">
     <span class='ocr_line' id='line_1_37' title="bbox 102 4010 3260 4101; baseline -0.001 -28"><span class='ocrx_word' id='word_1_377' title='bbox 102 4013 253 4080; x_wconf 90' lang='lat' dir='ltr'>tluens</span> <span class='ocrx_word' id='word_1_378' title='bbox 278 4029 335 4081; x_wconf 91' lang='lat' dir='ltr'>et</span> <span class='ocrx_word' id='word_1_379' title='bbox 364 4020 675 4101; x_wconf 90' lang='lat' dir='ltr'>dissipata</span> <span class='ocrx_word' id='word_1_380' title='bbox 704 4018 968 4082; x_wconf 83' lang='lat' dir='ltr'>forsitan</span> <span class='ocrx_word' id='word_1_381' title='bbox 1013 4017 1210 4095; x_wconf 89' lang='lat' dir='ltr'>prima</span> <span class='ocrx_word' id='word_1_382' title='bbox 1244 4015 1452 4075; x_wconf 86' lang='lat' dir='ltr'>fronte</span> <span class='ocrx_word' id='word_1_383' title='bbox 1486 4014 1797 4078; x_wconf 87' lang='lat' dir='ltr'>videatur.</span> <span class='ocrx_word' id='word_1_384' title='bbox 1848 4016 1917 4076; x_wconf 86' lang='lat' dir='ltr'>In</span> <span class='ocrx_word' id='word_1_385' title='bbox 1954 4033 2021 4075; x_wconf 88' lang='lat' dir='ltr'>ea</span> <span class='ocrx_word' id='word_1_386' title='bbox 2056 4015 2445 4092; x_wconf 87' lang='lat' dir='ltr'>resurgentis</span> <span class='ocrx_word' id='word_1_387' title='bbox 2476 4012 2709 4074; x_wconf 89' lang='lat' dir='ltr'>Christi</span> <span class='ocrx_word' id='word_1_388' title='bbox 2750 4010 3079 4089; x_wconf 85' lang='lat' dir='ltr'>mysteria,</span> <span class='ocrx_word' id='word_1_389' title='bbox 3115 4026 3260 4072; x_wconf 90' lang='lat' dir='ltr'>cum</span> 
     </span>
    </p>
   </div>
   <div class='ocr_carea' id='block_1_38' title="bbox 106 4108 3268 4192">
    <p class='ocr_par' dir='ltr' id='par_1_38' title="bbox 106 4108 3268 4192">
     <span class='ocr_line' id='line_1_38' title="bbox 106 4108 3268 4192; baseline -0.001 -22"><span class='ocrx_word' id='word_1_390' title='bbox 106 4111 418 4180; x_wconf 62' lang='lat' dir='ltr'>defensione</span> <span class='ocrx_word' id='word_1_391' title='bbox 485 4118 803 4181; x_wconf 90' lang='lat' dir='ltr'>tarditatis</span> <span class='ocrx_word' id='word_1_392' title='bbox 853 4132 1008 4187; x_wconf 70' lang='lat' dir='ltr'>sum,</span> <span class='ocrx_word' id='word_1_393' title='bbox 1046 4120 1107 4176; x_wconf 83' lang='lat' dir='ltr'>ct</span> <span class='ocrx_word' id='word_1_394' title='bbox 1149 4122 1492 4192; x_wconf 88' lang='lat' dir='ltr'>utrumque</span> <span class='ocrx_word' id='word_1_395' title='bbox 1520 4130 1663 4173; x_wconf 91' lang='lat' dir='ltr'>cum</span> <span class='ocrx_word' id='word_1_396' title='bbox 1706 4112 2035 4189; x_wconf 63' lang='lat' dir='ltr'>praeceptis</span> <span class='ocrx_word' id='word_1_397' title='bbox 2083 4130 2330 4173; x_wconf 80' lang='lat' dir='ltr'>murum</span> <span class='ocrx_word' id='word_1_398' title='bbox 2366 4112 2444 4171; x_wconf 87' lang='lat' dir='ltr'>ita</span> <span class='ocrx_word' id='word_1_399' title='bbox 2491 4111 2843 4191; x_wconf 71' lang='lat' dir='ltr'>coniungit,</span> <span class='ocrx_word' id='word_1_400' title='bbox 2875 4110 2957 4171; x_wconf 85' lang='lat' dir='ltr'>ita</span> <span class='ocrx_word' id='word_1_401' title='bbox 2991 4108 3268 4185; x_wconf 82' lang='lat' dir='ltr'>singulis</span> 
     </span>
    </p>
   </div>
   <div class='ocr_carea' id='block_1_39' title="bbox 103 4205 3268 4292">
    <p class='ocr_par' dir='ltr' id='par_1_39' title="bbox 103 4205 3268 4292">
     <span class='ocr_line' id='line_1_39' title="bbox 103 4205 3268 4292; baseline -0.001 -26"><span class='ocrx_word' id='word_1_402' title='bbox 103 4209 293 4289; x_wconf 79' lang='lat' dir='ltr'>singula</span> <span class='ocrx_word' id='word_1_403' title='bbox 320 4217 566 4288; x_wconf 85' lang='lat' dir='ltr'>miscet,</span> <span class='ocrx_word' id='word_1_404' title='bbox 605 4223 674 4278; x_wconf 92' lang='lat' dir='ltr'>ut</span> <span class='ocrx_word' id='word_1_405' title='bbox 707 4214 909 4278; x_wconf 91' lang='lat' dir='ltr'>oratio</span> <span class='ocrx_word' id='word_1_406' title='bbox 941 4212 1318 4292; x_wconf 80' lang='lat' dir='ltr'>panegyrica</span> <span class='ocrx_word' id='word_1_407' title='bbox 1368 4217 1518 4279; x_wconf 90' lang='lat' dir='ltr'>tota,</span> <span class='ocrx_word' id='word_1_408' title='bbox 1556 4217 1680 4269; x_wconf 88' lang='lat' dir='ltr'>tota</span> <span class='ocrx_word' id='word_1_409' title='bbox 1720 4208 1998 4278; x_wconf 89' lang='lat' dir='ltr'>moralis,</span> <span class='ocrx_word' id='word_1_410' title='bbox 2034 4207 2426 4285; x_wconf 73' lang='lat' dir='ltr'>apologetica</span> <span class='ocrx_word' id='word_1_411' title='bbox 2464 4215 2586 4270; x_wconf 79' lang='lat' dir='ltr'>tota</span> <span class='ocrx_word' id='word_1_412' title='bbox 2632 4225 2792 4286; x_wconf 91' lang='lat' dir='ltr'>pene</span> <span class='ocrx_word' id='word_1_413' title='bbox 2825 4206 3023 4283; x_wconf 88' lang='lat' dir='ltr'>possit</span> <span class='ocrx_word' id='word_1_414' title='bbox 3054 4205 3268 4284; x_wconf 76' lang='lat' dir='ltr'>appel-</span> 
     </span>
    </p>
   </div>
   <div class='ocr_carea' id='block_1_40' title="bbox 103 4310 3264 4391">
    <p class='ocr_par' dir='ltr' id='par_1_40' title="bbox 103 4310 3264 4391">
     <span class='ocr_line' id='line_1_40' title="bbox 103 4310 3264 4391; baseline -0 -20"><span class='ocrx_word' id='word_1_415' title='bbox 103 4314 200 4377; x_wconf 81' lang='lat' dir='ltr'>lari.</span> <span class='ocrx_word' id='word_1_416' title='bbox 228 4320 287 4380; x_wconf 88' lang='lat' dir='ltr'>In</span> <span class='ocrx_word' id='word_1_417' title='bbox 314 4340 379 4384; x_wconf 89' lang='lat' dir='ltr'>ea</span> <span class='ocrx_word' id='word_1_418' title='bbox 410 4340 479 4384; x_wconf 90' lang='lat' dir='ltr'>se</span> <span class='ocrx_word' id='word_1_419' title='bbox 511 4322 685 4384; x_wconf 87' lang='lat' dir='ltr'>idem</span> <span class='ocrx_word' id='word_1_420' title='bbox 746 4324 1069 4381; x_wconf 91' lang='lat' dir='ltr'>accusatet</span> <span class='ocrx_word' id='word_1_421' title='bbox 1101 4315 1408 4385; x_wconf 86' lang='lat' dir='ltr'>defendit,</span> <span class='ocrx_word' id='word_1_422' title='bbox 1441 4313 1717 4376; x_wconf 91' lang='lat' dir='ltr'>demittit</span> <span class='ocrx_word' id='word_1_423' title='bbox 1751 4322 1811 4374; x_wconf 91' lang='lat' dir='ltr'>et</span> <span class='ocrx_word' id='word_1_424' title='bbox 1843 4312 2115 4383; x_wconf 79' lang='lat' dir='ltr'>extollit,</span> <span class='ocrx_word' id='word_1_425' title='bbox 2141 4320 2315 4391; x_wconf 91' lang='lat' dir='ltr'>paret</span> <span class='ocrx_word' id='word_1_426' title='bbox 2346 4319 2404 4375; x_wconf 94' lang='lat' dir='ltr'>et</span> <span class='ocrx_word' id='word_1_427' title='bbox 2438 4311 2725 4391; x_wconf 88' lang='lat' dir='ltr'>imperat,</span> <span class='ocrx_word' id='word_1_428' title='bbox 2756 4310 3264 4373; x_wconf 86' lang='lat' dir='ltr'>benevolentiam</span> 
     </span>
    </p>
   </div>
   <div class='ocr_carea' id='block_1_41' title="bbox 104 4413 3262 4501">
    <p class='ocr_par' dir='ltr' id='par_1_41' title="bbox 104 4413 3262 4501">
     <span class='ocr_line' id='line_1_41' title="bbox 104 4413 3262 4501; baseline -0.001 -25"><span class='ocrx_word' id='word_1_429' title='bbox 104 4424 327 4493; x_wconf 69' lang='lat' dir='ltr'>mptatet</span> <span class='ocrx_word' id='word_1_430' title='bbox 359 4422 678 4501; x_wconf 88' lang='lat' dir='ltr'>objurgat.</span> <span class='ocrx_word' id='word_1_431' title='bbox 719 4423 1009 4501; x_wconf 89' lang='lat' dir='ltr'>Denique</span> <span class='ocrx_word' id='word_1_432' title='bbox 1044 4420 1194 4481; x_wconf 89' lang='lat' dir='ltr'>dum</span> <span class='ocrx_word' id='word_1_433' title='bbox 1233 4435 1373 4479; x_wconf 89' lang='lat' dir='ltr'>esse</span> <span class='ocrx_word' id='word_1_434' title='bbox 1414 4426 1627 4495; x_wconf 83' lang='lat' dir='ltr'>pastor</span> <span class='ocrx_word' id='word_1_435' title='bbox 1658 4416 1869 4477; x_wconf 89' lang='lat' dir='ltr'>bonus</span> <span class='ocrx_word' id='word_1_436' title='bbox 1925 4425 2205 4494; x_wconf 77' lang='lat' dir='ltr'>exaptat,</span> <span class='ocrx_word' id='word_1_437' title='bbox 2265 4417 2472 4494; x_wconf 88' lang='lat' dir='ltr'>ipsum</span> <span class='ocrx_word' id='word_1_438' title='bbox 2507 4433 2695 4495; x_wconf 87' lang='lat' dir='ltr'>quem</span> <span class='ocrx_word' id='word_1_439' title='bbox 2730 4432 2870 4478; x_wconf 91' lang='lat' dir='ltr'>esse</span> <span class='ocrx_word' id='word_1_440' title='bbox 2901 4413 3262 4493; x_wconf 84' lang='lat' dir='ltr'>exeptabat,</span> 
     </span>
    </p>
   </div>
   <div class='ocr_carea' id='block_1_42' title="bbox 104 4517 3271 4604">
    <p class='ocr_par' dir='ltr' id='par_1_42' title="bbox 104 4517 3271 4604">
     <span class='ocr_line' id='line_1_42' title="bbox 104 4517 3271 4604; baseline 0.001 -27"><span class='ocrx_word' id='word_1_441' title='bbox 104 4536 148 4581; x_wconf 84' lang='lat' dir='ltr'>se</span> <span class='ocrx_word' id='word_1_442' title='bbox 169 4528 550 4601; x_wconf 89' lang='lat' dir='ltr'>demonstrat,</span> <span class='ocrx_word' id='word_1_443' title='bbox 583 4532 637 4604; x_wconf 73' lang='grc'><strong>2</strong></span> <span class='ocrx_word' id='word_1_444' title='bbox 662 4534 720 4588; x_wconf 90' lang='lat' dir='ltr'>et</span> <span class='ocrx_word' id='word_1_445' title='bbox 756 4530 1003 4591; x_wconf 89' lang='lat' dir='ltr'>Christo</span> <span class='ocrx_word' id='word_1_446' title='bbox 1036 4525 1328 4588; x_wconf 90' lang='lat' dir='ltr'>alacriter</span> <span class='ocrx_word' id='word_1_447' title='bbox 1359 4523 1883 4586; x_wconf 90' lang='lat' dir='ltr'>commorientem</span> <span class='ocrx_word' id='word_1_448' title='bbox 1908 4531 1970 4583; x_wconf 92' lang='lat' dir='ltr'>et</span> <span class='ocrx_word' id='word_1_449' title='bbox 1998 4539 2120 4583; x_wconf 90' lang='lat' dir='ltr'>una</span> <span class='ocrx_word' id='word_1_450' title='bbox 2159 4522 2350 4583; x_wconf 92' lang='lat' dir='ltr'>simul</span> <span class='ocrx_word' id='word_1_451' title='bbox 2390 4528 2849 4598; x_wconf 82' lang='lat' dir='ltr'>resurgentem,</span> <span class='ocrx_word' id='word_1_452' title='bbox 2884 4535 3119 4581; x_wconf 89' lang='lat' dir='ltr'>novum</span> <span class='ocrx_word' id='word_1_453' title='bbox 3155 4517 3271 4579; x_wconf 85' lang='lat' dir='ltr'>ho-</span> 
     </span>
    </p>
   </div>
   <div class='ocr_carea' id='block_1_43' title="bbox 108 4618 3264 4712">
    <p class='ocr_par' dir='ltr' id='par_1_43' title="bbox 108 4618 3264 4712">
     <span class='ocr_line' id='line_1_43' title="bbox 108 4618 3264 4712; baseline -0.001 -30"><span class='ocrx_word' id='word_1_454' title='bbox 108 4625 301 4703; x_wconf 83' lang='lat' dir='ltr'>minem,</span> <span class='ocrx_word' id='word_1_455' title='bbox 354 4650 548 4712; x_wconf 88' lang='lat' dir='ltr'>quem</span> <span class='ocrx_word' id='word_1_456' title='bbox 610 4638 929 4711; x_wconf 88' lang='lat' dir='ltr'>pastorem</span> <span class='ocrx_word' id='word_1_457' title='bbox 993 4642 1143 4687; x_wconf 89' lang='lat' dir='ltr'>oves</span> <span class='ocrx_word' id='word_1_458' title='bbox 1175 4623 1358 4703; x_wconf 89' lang='lat' dir='ltr'>sequi</span> <span class='ocrx_word' id='word_1_459' title='bbox 1398 4624 1667 4684; x_wconf 86' lang='lat' dir='ltr'>debeant</span> <span class='ocrx_word' id='word_1_460' title='bbox 1727 4626 1790 4683; x_wconf 81' lang='lat' dir='ltr'>et</span> <span class='ocrx_word' id='word_1_461' title='bbox 1820 4621 2062 4683; x_wconf 90' lang='lat' dir='ltr'>audire.</span> <span class='ocrx_word' id='word_1_462' title='bbox 2098 4622 2439 4695; x_wconf 85' lang='lat' dir='ltr'>Munerum</span> <span class='ocrx_word' id='word_1_463' title='bbox 2484 4629 2692 4683; x_wconf 91' lang='lat' dir='ltr'>autem</span> <span class='ocrx_word' id='word_1_464' title='bbox 2740 4618 2965 4698; x_wconf 88' lang='lat' dir='ltr'>injecta</span> <span class='ocrx_word' id='word_1_465' title='bbox 2999 4618 3264 4691; x_wconf 88' lang='lat' dir='ltr'>mentio,</span> 
     </span>
    </p>
   </div>
   <div class='ocr_carea' id='block_1_44' title="bbox 107 4719 3270 4817">
    <p class='ocr_par' dir='ltr' id='par_1_44' title="bbox 107 4719 3270 4817">
     <span class='ocr_line' id='line_1_44' title="bbox 107 4719 3270 4817; baseline -0.008 -12"><span class='ocrx_word' id='word_1_466' title='bbox 107 4747 240 4805; x_wconf 70' lang='lat' dir='ltr'>quam</span> <span class='ocrx_word' id='word_1_467' title='bbox 267 4739 628 4811; x_wconf 86' lang='lat' dir='ltr'>artiﬁciosa,</span> <span class='ocrx_word' id='word_1_468' title='bbox 664 4753 854 4817; x_wconf 91' lang='lat' dir='ltr'>quam</span> <span class='ocrx_word' id='word_1_469' title='bbox 885 4741 1021 4812; x_wconf 90' lang='lat' dir='ltr'>apta</span> <span class='ocrx_word' id='word_1_470' title='bbox 1054 4732 1245 4802; x_wconf 89' lang='lat' dir='ltr'>festo,</span> <span class='ocrx_word' id='word_1_471' title='bbox 1273 4730 1602 4808; x_wconf 67' lang='lat' dir='ltr'>praeceptis</span> <span class='ocrx_word' id='word_1_472' title='bbox 1640 4743 1919 4802; x_wconf 91' lang='lat' dir='ltr'>morum,</span> <span class='ocrx_word' id='word_1_473' title='bbox 1946 4727 2243 4787; x_wconf 92' lang='lat' dir='ltr'>laudibus</span> <span class='ocrx_word' id='word_1_474' title='bbox 2294 4726 2510 4803; x_wconf 88' lang='lat' dir='ltr'>patris,</span> <span class='ocrx_word' id='word_1_475' title='bbox 2556 4722 2673 4784; x_wconf 91' lang='lat' dir='ltr'>sibi</span> <span class='ocrx_word' id='word_1_476' title='bbox 2711 4721 2833 4799; x_wconf 90' lang='lat' dir='ltr'>ipsi</span> <span class='ocrx_word' id='word_1_477' title='bbox 2862 4729 2985 4782; x_wconf 90' lang='lat' dir='ltr'>tam</span> <span class='ocrx_word' id='word_1_478' title='bbox 3022 4719 3270 4797; x_wconf 82' lang='lat' dir='ltr'>magni-</span> 
     </span>
    </p>
   </div>
   <div class='ocr_carea' id='block_1_45' title="bbox 110 4819 3266 4917">
    <p class='ocr_par' dir='ltr' id='par_1_45' title="bbox 110 4819 3266 4917">
     <span class='ocr_line' id='line_1_45' title="bbox 110 4819 3266 4917; baseline -0.004 -26"><span class='ocrx_word' id='word_1_479' title='bbox 110 4831 183 4897; x_wconf 83' lang='lat' dir='ltr'>ﬁce</span> <span class='ocrx_word' id='word_1_480' title='bbox 205 4856 369 4917; x_wconf 87' lang='lat' dir='ltr'>quam</span> <span class='ocrx_word' id='word_1_481' title='bbox 398 4842 694 4905; x_wconf 90' lang='lat' dir='ltr'>modeste</span> <span class='ocrx_word' id='word_1_482' title='bbox 752 4855 821 4900; x_wconf 88' lang='lat' dir='ltr'>ac</span> <span class='ocrx_word' id='word_1_483' title='bbox 854 4832 1243 4903; x_wconf 87' lang='lat' dir='ltr'>necessario,</span> <span class='ocrx_word' id='word_1_484' title='bbox 1278 4846 1444 4891; x_wconf 88' lang='lat' dir='ltr'>novo</span> <span class='ocrx_word' id='word_1_485' title='bbox 1473 4828 1591 4889; x_wconf 87' lang='lat' dir='ltr'>sub</span> <span class='ocrx_word' id='word_1_486' title='bbox 1630 4835 1801 4905; x_wconf 89' lang='lat' dir='ltr'>patre</span> <span class='ocrx_word' id='word_1_487' title='bbox 1866 4826 2100 4901; x_wconf 84' lang='lat' dir='ltr'>pastori</span> <span class='ocrx_word' id='word_1_488' title='bbox 2163 4826 2420 4898; x_wconf 89' lang='lat' dir='ltr'>vicario,</span> <span class='ocrx_word' id='word_1_489' title='bbox 2478 4820 3024 4887; x_wconf 78' lang='lat' dir='ltr'>commendando!</span> <span class='ocrx_word' id='word_1_490' title='bbox 3056 4819 3266 4899; x_wconf 86' lang='lat' dir='ltr'>Atque</span> 
     </span>
    </p>
   </div>
   <div class='ocr_carea' id='block_1_46' title="bbox 108 4927 2507 5020">
    <p class='ocr_par' dir='ltr' id='par_1_46' title="bbox 108 4927 2507 5020">
     <span class='ocr_line' id='line_1_46' title="bbox 108 4927 2507 5020; baseline -0.005 -21"><span class='ocrx_word' id='word_1_491' title='bbox 108 4932 298 5001; x_wconf 61' lang='lat' dir='ltr'>haecest</span> <span class='ocrx_word' id='word_1_492' title='bbox 325 4944 521 5020; x_wconf 85' lang='lat' dir='ltr'>prima</span> <span class='ocrx_word' id='word_1_493' title='bbox 556 4938 881 5018; x_wconf 89' lang='lat' dir='ltr'>Gregorii,</span> <span class='ocrx_word' id='word_1_494' title='bbox 913 4943 997 5007; x_wconf 90' lang='lat' dir='ltr'>et,</span> <span class='ocrx_word' id='word_1_495' title='bbox 1030 4933 1082 4993; x_wconf 91' lang='lat' dir='ltr'>si</span> <span class='ocrx_word' id='word_1_496' title='bbox 1116 4931 1354 4993; x_wconf 91' lang='lat' dir='ltr'>Basilio</span> <span class='ocrx_word' id='word_1_497' title='bbox 1387 4929 1708 4992; x_wconf 88' lang='lat' dir='ltr'>credimus</span> <span class='ocrx_word' id='word_1_498' title='bbox 1784 4927 2242 5005; x_wconf 83' lang='lat' dir='ltr'>extemporalis</span> <span class='ocrx_word' id='word_1_499' title='bbox 2279 4927 2507 4990; x_wconf 90' lang='lat' dir='ltr'>oratio.</span> 
     </span>
    </p>
   </div>
   <div class='ocr_carea' id='block_1_47' title="bbox 150 5157 2085 5241">
    <p class='ocr_par' dir='ltr' id='par_1_47' title="bbox 150 5157 2085 5241">
     <span class='ocr_line' id='line_1_47' title="bbox 150 5157 2085 5241; baseline -0.003 -18"><span class='ocrx_word' id='word_1_500' title='bbox 150 5165 234 5241; x_wconf 66' lang='lat'>08)</span> <span class='ocrx_word' id='word_1_501' title='bbox 264 5173 315 5227; x_wconf 86' lang='lat' dir='ltr'>In</span> <span class='ocrx_word' id='word_1_502' title='bbox 366 5177 619 5231; x_wconf 83' lang='lat' dir='ltr'>omnibus</span> <span class='ocrx_word' id='word_1_503' title='bbox 661 5186 794 5241; x_wconf 85' lang='lat' dir='ltr'>pene</span> <span class='ocrx_word' id='word_1_504' title='bbox 825 5182 954 5241; x_wconf 86' lang='lat' dir='ltr'>mss.</span> <span class='ocrx_word' id='word_1_505' title='bbox 981 5167 1117 5241; x_wconf 56' lang='lat' dir='ltr'>haec</span> <span class='ocrx_word' id='word_1_506' title='bbox 1133 5162 1305 5218; x_wconf 88' lang='lat' dir='ltr'>oratio</span> <span class='ocrx_word' id='word_1_507' title='bbox 1362 5165 1587 5231; x_wconf 82' lang='lat' dir='ltr'>primam</span> <span class='ocrx_word' id='word_1_508' title='bbox 1628 5157 1808 5213; x_wconf 82' lang='lat' dir='ltr'>sedem</span> <span class='ocrx_word' id='word_1_509' title='bbox 1835 5173 2085 5233; x_wconf 84' lang='lat' dir='ltr'>occupat.</span> 
     </span>
    </p>
   </div>
   <div class='ocr_carea' id='block_1_48' title="bbox 150 5236 2275 5311">
    <p class='ocr_par' dir='ltr' id='par_1_48' title="bbox 150 5236 2275 5311">
     <span class='ocr_line' id='line_1_48' title="bbox 150 5236 2275 5311; baseline -0.003 -18"><span class='ocrx_word' id='word_1_510' title='bbox 150 5240 231 5311; x_wconf 53' lang='lat'>(39)</span> <span class='ocrx_word' id='word_1_511' title='bbox 260 5244 493 5301; x_wconf 67' lang='lat' dir='ltr'>Lamtiec.</span> <span class='ocrx_word' id='word_1_512' title='bbox 528 5249 581 5299; x_wconf 91' lang='lat' dir='ltr'>in</span> <span class='ocrx_word' id='word_1_513' title='bbox 619 5236 871 5311; x_wconf 70' lang='lat' dir='ltr'>cataLad</span> <span class='ocrx_word' id='word_1_514' title='bbox 896 5236 1142 5311; x_wconf 83' lang='lat' dir='ltr'>cod._97.</span> <span class='ocrx_word' id='word_1_515' title='bbox 1238 5302 1251 5311; x_wconf 41' lang='lat'><em>.</em></span> <span class='ocrx_word' id='word_1_516' title='bbox 1336 5303 1347 5311; x_wconf 84' lang='lat'>_</span> <span class='ocrx_word' id='word_1_517' title='bbox 1513 5299 1524 5311; x_wconf 44' lang='lat'><em>.</em></span> <span class='ocrx_word' id='word_1_518' title='bbox 1670 5298 1739 5311; x_wconf 50' lang='grc' dir='ltr'>ω</span> <span class='ocrx_word' id='word_1_519' title='bbox 1863 5296 1889 5310; x_wconf 41' lang='grc' dir='ltr'><em>η</em></span> <span class='ocrx_word' id='word_1_520' title='bbox 2056 5297 2070 5311; x_wconf 45' lang='grc'><strong>⁹</strong></span> <span class='ocrx_word' id='word_1_521' title='bbox 2177 5297 2191 5311; x_wconf 46' lang='grc'><strong><em>“</em></strong></span> <span class='ocrx_word' id='word_1_522' title='bbox 2262 5298 2275 5311; x_wconf 39' lang='grc' dir='ltr'><strong>ο</strong></span> 
     </span>
    </p>
   </div>
   <div class='ocr_carea' id='block_1_49' title="bbox 149 5297 2829 5386">
    <p class='ocr_par' dir='ltr' id='par_1_49' title="bbox 149 5297 2829 5386">
     <span class='ocr_line' id='line_1_49' title="bbox 149 5297 2829 5386; baseline -0.006 -19"><span class='ocrx_word' id='word_1_523' title='bbox 250 5297 647 5386; x_wconf 37' lang='grc' dir='ltr'>Νὖῦ-μὲὗ-ἒὶὲιξ</span> <span class='ocrx_word' id='word_1_524' title='bbox 670 5314 760 5365; x_wconf 79' lang='grc' dir='ltr'>τὸν</span> <span class='ocrx_word' id='word_1_525' title='bbox 790 5309 945 5386; x_wconf 61' lang='grc' dir='ltr'>λόχον</span> <span class='ocrx_word' id='word_1_526' title='bbox 969 5305 1174 5370; x_wconf 74' lang='grc' dir='ltr'>τοῦτον,</span> <span class='ocrx_word' id='word_1_527' title='bbox 1201 5302 1299 5355; x_wconf 78' lang='grc' dir='ltr'>οὐκ</span> <span class='ocrx_word' id='word_1_528' title='bbox 1326 5299 1593 5373; x_wconf 77' lang='grc' dir='ltr'>ἀπαρχὴν,</span> <span class='ocrx_word' id='word_1_529' title='bbox 1632 5298 1752 5352; x_wconf 79' lang='grc' dir='ltr'>οὐδὲ</span> <span class='ocrx_word' id='word_1_530' title='bbox 1777 5297 2010 5369; x_wconf 78' lang='grc' dir='ltr'>πρῶτον,</span> <span class='ocrx_word' id='word_1_531' title='bbox 2041 5297 2116 5361; x_wconf 82' lang='grc' dir='ltr'>ὡς</span> <span class='ocrx_word' id='word_1_532' title='bbox 2144 5297 2222 5361; x_wconf 79' lang='grc' dir='ltr'>τὸ,</span> <span class='ocrx_word' id='word_1_533' title='bbox 2250 5297 2593 5362; x_wconf 77' lang='grc' dir='ltr'>ἀναστάσεως</span> <span class='ocrx_word' id='word_1_534' title='bbox 2626 5297 2829 5368; x_wconf 76' lang='grc' dir='ltr'>ἡμέρα.</span> 
     </span>
    </p>
   </div>
   <div class='ocr_carea' id='block_1_50' title="bbox 151 5335 905 5455">
    <p class='ocr_par' dir='ltr' id='par_1_50' title="bbox 151 5335 905 5455">
     <span class='ocr_line' id='line_1_50' title="bbox 151 5335 905 5386; baseline -0.016 -14"><span class='ocrx_word' id='word_1_535' title='bbox 151 5335 231 5379; x_wconf 57' lang='grc' dir='ltr'>(ου)</span> <span class='ocrx_word' id='word_1_536' title='bbox 250 5335 349 5367; x_wconf 66' lang='grc' dir='ltr'>Ηυν</span> <span class='ocrx_word' id='word_1_537' title='bbox 397 5335 474 5369; x_wconf 86' lang='grc' dir='ltr'>ιεν</span> <span class='ocrx_word' id='word_1_538' title='bbox 500 5335 647 5386; x_wconf 81' lang='grc' dir='ltr'>εχεις</span> <span class='ocrx_word' id='word_1_539' title='bbox 670 5335 760 5365; x_wconf 82' lang='grc' dir='ltr'>τον</span> <span class='ocrx_word' id='word_1_540' title='bbox 793 5335 905 5376; x_wconf 69' lang='grc' dir='ltr'>Λυγι</span> 
     </span>
     <span class='ocr_line' id='line_1_51' title="bbox 151 5335 905 5455; baseline -0.011 -12"><span class='ocrx_word' id='word_1_541' title='bbox 151 5377 236 5455; x_wconf 77' lang='grc'>(81)</span> <span class='ocrx_word' id='word_1_542' title='bbox 260 5385 309 5438; x_wconf 88' lang='lat' dir='ltr'>In</span> <span class='ocrx_word' id='word_1_543' title='bbox 342 5335 543 5440; x_wconf 57' lang='lat' dir='ltr'>Jfom’to</span> <span class='ocrx_word' id='word_1_544' title='bbox 585 5385 652 5438; x_wconf 86' lang='lat' dir='ltr'>ad</span> <span class='ocrx_word' id='word_1_545' title='bbox 681 5392 820 5438; x_wconf 83' lang='lat' dir='ltr'>orat.</span> <span class='ocrx_word' id='word_1_546' title='bbox 850 5380 905 5435; x_wconf 83' lang='lat'>5.</span> 
     </span>
    </p>
   </div>
   <div class='ocr_carea' id='block_1_51' title="bbox 356 5887 1869 5973">
    <p class='ocr_par' dir='ltr' id='par_1_51' title="bbox 356 5911 1091 5973">
     <span class='ocr_line' id='line_1_52' title="bbox 356 5911 1091 5973; baseline -0.01 -2"><span class='ocrx_word' id='word_1_547' title='bbox 356 5911 629 5973; x_wconf 78' lang='grc' dir='ltr'>ΡΑτιιοι..</span> <span class='ocrx_word' id='word_1_548' title='bbox 671 5913 786 5973; x_wconf 79' lang='lat' dir='ltr'>Cn.</span> <span class='ocrx_word' id='word_1_549' title='bbox 831 5911 1091 5973; x_wconf 72' lang='lat' dir='ltr'>XXXV.</span> 
     </span>
    </p>
   </div>
   <div class='ocr_carea' id='block_1_52' title="bbox 1494 5887 3007 5973">
    <p class='ocr_par' dir='ltr' id='par_1_52' title="bbox 2930 5887 3007 5954">
     <span class='ocr_line' id='line_1_53' title="bbox 2930 5887 3007 5954; baseline 0.013 -1"><span class='ocrx_word' id='word_1_550' title='bbox 2930 5887 3007 5954; x_wconf 82' lang='grc'>13</span> 
     </span>
    </p>
   </div>
  </div>
