3832 6394
536 417 645 473 395

572 575 896 590 ψ*

907 571 1548 589 σαψ-...Μ

1728 409 1784 462 S.
1827 404 2156 462 GREGORII
2197 397 2540 456 TllEOLOGl
3583 410 3585 413 ·
3634 383 3714 446 ῐθϐ

1554 551 3708 582 ________________._______._________—-——._

1324 771 1550 856 ΤΟΥ
1588 771 1729 856 ΕΝ
1765 766 2125 852 ΑΓΙΟΙΣ
2162 763 2592 851 ΠΑΤΡΟΣ
2630 757 2953 846 ΗΜΩΝ

964 904 1823 1102 ΓΡΗΓΟΡΙΟΥ
1903 960 2201 1075 ΤΟΥ
2285 949 3120 1072 ΘΕΟΑΟΓΟΥ
3193 935 3305 1008 (⁸³)

1450 1172 2011 1228 ΔΡΧῙΕΠΙΣΚϋΠΟΥ
2044 1164 2848 1224 ΚΩΝΣΤΑΝΤΙΝΟΥΠΟΛΕΩΣ

1795 1340 2484 1474 ΛΟΓΟΙ.

747 1779 904 1937 S.
1009 1786 1175 1935 P.
1283 1784 1462 1934 N.
1571 1774 2490 1933 GREGORII
2585 1765 3564 1925 THEOLOGI

940 2065 1853 2159 ARCHIEPISCOPI
1933 1991 3360 2155 CONSTANTtNOPOLITANI

1051 2247 1059 2254 ’
1696 2275 2633 2408 OBATIONES.

1054 2726 1434 2802 ORATIO
1479 2724 1576 2799 1"-

749 2886 798 2956 3
833 2883 895 2937 In
928 2893 1162 2938 sanctum
1194 2882 1398 2948 Pascha
1433 2893 1479 2936 et
1510 2883 1563 2935 in
1586 2881 1909 2936 tarditatem.

629 3001 670 3052 Ι.
691 2995 1270 3061 Rcsurrectiouisdics,
1287 2997 1623 3061 faustumque
1638 2995 1976 3064 principium.
1998 2994 2105 3048 Hac

553 3089 860 3145 celebritate
886 3089 1411 3156 exsplendescanius,
1446 3101 1504 3139 ac
1531 3095 1712 3139 mutuo
1744 3102 1839 3140 nos
1874 3087 2108 3155 comple-

552 3193 780 3237 ctamur.
839 3181 1104 3244 Dicamus,
1133 3178 1352 3242 fratres,
1405 3178 1486 3231 his
1527 3178 1686 3231 etiam
1727 3180 1815 3246 qui
1844 3195 1939 3232 nos
1975 3179 2105 3232 ode-

554 3284 680 3329 runt
709 3273 752 3337 ³,
781 3273 974 3324 nedum
1014 3272 1094 3324 his
1132 3271 1220 3339 qui
1256 3286 1348 3339 per
1380 3269 1696 3323 charitatem
1725 3269 1926 3337 aliquid
1969 3268 2107 3323 fece-

553 3374 700 3427 runt,
729 3363 809 3416 vel
839 3361 980 3430 passi
1007 3373 1154 3414 sunt.
1192 3360 1593 3415 Resurrectioni
1632 3360 1810 3413 omnia
1835 3360 2107 3414 condone-

554 3472 713 3522 mus;
764 3457 972 3508 veniam
1000 3454 1088 3506 alii
1118 3455 1237 3507 aliis
1267 3455 1472 3516 demus,
1508 3462 1617 3504 tum
1650 3467 1748 3520 ego
1782 3452 1874 3520 qui
1926 3451 2109 3503 lauda-

552 3547 711 3600 bilem
761 3545 866 3596 vim
902 3557 1186 3611 perpessus
1218 3557 1372 3604 sum,
1410 3541 1511 3594 hoc
1542 3542 1684 3594 enim
1718 3556 1856 3594 nunc
1891 3540 2105 3607 adjicio,

556 3649 663 3692 tum
683 3636 744 3708 4
763 3651 856 3689 vos
877 3637 964 3702 qui
991 3633 1328 3686 laudabiliter
1363 3635 1469 3686 vim
1494 3632 1774 3697 attulistis,
1809 3633 1851 3685 si
1877 3632 2002 3700 quid
2025 3642 2111 3686 est

555 3730 695 3797 quod
729 3726 857 3780 mihi
909 3725 1178 3778 tarditatis
1233 3739 1391 3778 causa
1428 3724 1810 3777 succenseatis.
1854 3724 2109 3788 Quando-

555 3820 769 3887 quidem
815 3831 878 3869 ea
931 3815 1172 3867 fortassis
1221 3815 1360 3883 apud
1399 3813 1563 3866 Deum
1597 3814 1784 3867 melior
1829 3824 1911 3866 est
1953 3821 2111 3880 atque

556 3909 899 3980 praestantior
926 3922 1085 3974 quam
1121 3906 1346 3958 aliorum
1403 3905 1671 3958 celeritas.
1720 3904 1919 3956 Bonum
1968 3906 2108 3959 enim

554 4009 656 4065 est,
699 4009 752 4054 et
786 4000 892 4052 Deo
925 4010 1212 4067 parumper
1242 4010 1364 4049 sese
1392 3996 1694 4048 subducere
1725 4036 1740 4062 ,
1791 4005 1850 4048 ut
1904 3995 2111 4065 Moyses

2140 2730 2187 2781 Δ

2724 2712 3084 2799 ΛΟΓΟΣ
3135 2707 3252 2796 Αν.

2209 2875 2312 2939 Εἰς
2344 2873 2406 2925 τὸ
2428 2872 2598 2941 ἅγιον
2625 2871 2840 2940 Πάσχα
2866 2870 2975 2942 (85)
3009 2871 3104 2924 καὶ
3133 2873 3219 2937 εὶς
3256 2870 3370 2939 τὴν
3400 2871 3738 2941 βραδυτῆτα.

2277 2985 2359 3035 Α’.
2408 2983 2777 3044 Ἀναστάσεως
2807 2983 3004 3052 ἡμέρα,
3025 2984 3117 3036 καὶ
3135 2984 3166 3051 ἡ
3185 2983 3324 3053 ἁρχὴ
3339 2983 3505 3047 δεξιὰ,
3527 2985 3612 3037 καὶ
3624 2984 3742 3052 λαμμ

2211 3073 2536 3142 πρυνοῶμεν
2562 3076 2627 3143 τῇ
2657 3073 2976 3144 πανηγύρει,
3008 3075 3101 3127 καὶ
3137 3073 3398 3144 ἀλλήλους
3430 3074 3742 3146 περιπτυξώ-

2213 3162 2367 3234 μεθαι
2397 3161 2657 3233 εἴπωμεν,
2691 3161 2926 3229 ἀδελφοὶ,
2959 3163 3050 3214 καὶ
3082 3165 3190 3224 τοῖς
3223 3162 3469 3232 μισοῦσιν
3494 3165 3646 3233 ἡμᾶς,
3681 3162 3747 3231 μὴ

2209 3254 2289 3306 ὅτι
2317 3256 2430 3314 τοῖς
2459 3253 2524 3304 δι’
2547 3253 2774 3334 area-ap
2810 3251 2918 3323 (84)
2949 3269 3000 3302 τι
3040 3253 3412 3322 πεποιηκόσιν,
3449 3256 3480 3324 ἧ
3511 3253 3746 3306 πεπονθό-

2213 3361 2295 3396 σι·
2333 3345 2774 3417 συγχωρήσωμεν
2804 3345 2980 3399 πάντα
3005 3349 3069 3416 τῇ
3098 3347 3384 3398 ἀναστάσει
3405 3363 3417 3374 ·
3445 3347 3612 3416 δῶμεν
3634 3363 3746 3413 συγ-

2209 3437 2431 3508 γνώμην
2473 3438 2738 3508 ἁλλήλοις,
2780 3437 2889 3506 ἐγώ
2921 3456 2978 3491 τε
3013 3441 3041 3492 ὁ
3077 3440 3427 3508 τυραννηθεὶς
3467 3441 3560 3511 τὴν
3599 3441 3748 3508 καὶὴν

2209 3529 2520 3598 τυραννίδα,
2559 3528 2716 3582 τοῦτο
2750 3530 2856 3601 γὰρ
2888 3530 2980 3583 νῦν
3016 3531 3362 3601 προστίθημι,
3406 3533 3498 3584 καὶ
3542 3533 3686 3601 ὑμεῖς
3709 3532 3750 3582 oi

2211 3619 2388 3682 καλῶς
2425 3621 2874 3689 τυραννήσαντες,
2920 3621 2972 3672 εἴ
2998 3622 3050 3672 τί
3080 3614 3168 3690 μοὶ
3211 3622 3506 3691 μέμφοισθε
3541 3623 3644 3691 (85)
3667 3623 3753 3689 τῆς

2214 3711 2561 3782 βραδυτῆτος,
2607 3712 2682 3774 ὡς
2708 3713 2844 3782 τάχα
2874 3730 2935 3780 γε
2965 3715 3224 3784 κρείττων
3254 3717 3360 3783 (86)
3388 3715 3520 3785 αὕτη
3554 3718 3643 3768 καὶ
3681 3732 3752 3766 τι-

2215 3805 2456 3873 μιωτέρα
2489 3803 2605 3872 Θεῷ
2631 3803 2726 3871 τῆς
2757 3803 2953 3874 ἑτέρων
2986 3808 3278 3876 ταχυτῆτος
3297 3823 3309 3834 ·
3335 3807 3530 3876 ἀγαθὸν
3550 3810 3652 3877 γὰρ
3674 3808 3754 3859 καὶ

2213 3894 2562 3965 ὑποχωρῆσαι
2595 3894 2711 3964 Θεῷ
2751 3914 2800 3948 τι
2843 3896 3054 3967 μικρὸν,
3099 3899 3171 3960 ὡς
3203 3899 3440 3969 Μωῧσῆἒ
3471 3902 3665 3962 ἐκεῖνος
3703 3901 3755 3952 τὸ

2213 3983 2460 4046 παλαιὸν.
2508 3986 2599 4036 καὶ
2635 3985 2900 4054 Ἱερεμίας
2959 3986 3201 4057 ὕστερον,
3262 3989 3354 4040 καὶ
3410 3990 3759 4060 προσδραμεῖν

542 4091 644 4144 ille
673 4091 796 4144 olim
827 4089 868 4150 ⁸,
901 4104 963 4142 ac
988 4097 1170 4154 postea
1213 4086 1509 4139 Hieremias
1530 4085 1574 4146 ⁸,
1608 4096 1663 4140 et
1700 4101 1886 4140 rursus
1914 4087 1976 4138 ad
2012 4103 2106 4139 vo-

2226 4073 2441 4142 ἒτοίμως
2473 4073 2742 4137 καλοῦντι,
2771 4075 2843 4136 ὡς
2884 4075 3088 4146 Ἀαρών
3129 4093 3182 4128 τε
3216 4077 3309 4130 καὶ
3345 4079 3581 4142 Ἡσαΐας,
3615 4079 3759 4148 μόνον

556 4189 764 4232 cantem
787 4186 1029 4247 prompte
1063 4184 1221 4240 atque
1253 4174 1476 4242 impigre
1517 4189 1824 4237 accurrere,
1861 4169 2110 4242 quemad-

557 4271 771 4323 modum
798 4270 972 4322 Aaron
1003 4267 1024 4298 ⁸
1055 4278 1106 4320 et
1130 4266 1292 4319 Isaias
1311 4267 1356 4327 ⁷,
1389 4265 1544 4317 modo
1571 4275 1856 4332 utrumque
1886 4264 1974 4332 pio
1995 4265 2108 4317 ani-

557 4378 645 4416 mo
669 4361 1024 4423 liat,alterum
1059 4360 1127 4413 ob
1161 4357 1428 4427 propriam
1466 4357 1855 4421 inﬁrmitatem,
1881 4357 2106 4411 alterum

555 4454 624 4507 ob
655 4452 898 4506 vocantis
927 4451 1246 4519 potentiam.

632 4542 697 4596 ll.
740 4541 1048 4612 Mysteriqu
1087 4540 1240 4592 unxit
1271 4553 1387 4602 me;
1441 4538 1698 4607 mysterio
1726 4535 1996 4605 paululum
2029 4551 2113 4589 se-

2215 4163 2450 4227 εὑσεϐῶς
2499 4166 2800 4237 ἀμφότερα,
2849 4167 2908 4219 τὸ
2950 4168 3045 4237 μὲν
3090 4168 3172 4220 διὰ
3221 4169 3315 4238 τὴν
3367 4172 3565 4222 οἰκείαν
3612 4171 3762 4224 ἀσθέ-

2214 4269 2360 4306 νειαν
2391 4253 2524 4322 (87),
2557 4255 2619 4306 τὸ
2645 4255 2700 4308 δὲ
2731 4256 2816 4308 διὰ
2849 4257 2945 4326 τὴν
2975 4243 3066 4310 τοῦ
3101 4257 3387 4322 καλοῦντος
3413 4259 3658 4331 δύναμιν.

2286 4550 2362 4608 B'.
2396 4553 2705 4622 Μυστήριον
2734 4551 2915 4621 ἔχρισέ
2942 4569 3028 4621 με,
3056 4551 3336 4622 μυστηρίῳ
3361 4552 3551 4622 μικῷν
3575 4549 3770 4620 ὑπεχώ-

555 4634 715 4697 cessi,
750 4633 926 4702 quoad
960 4633 1071 4699 ipse
1111 4647 1196 4684 me
1242 4630 1650 4698 explorassem;
1687 4645 1806 4682 cum
1860 4630 2115 4698 mysterio

2226 4659 2358 4713 ρησα
2402 4641 2533 4710 (88),
2569 4644 2710 4696 ’ὅσον
2755 4644 2988 4713 ἐμαυτὸν
3036 4643 3454 4712 ἐπισκέψασθαι·
3499 4641 3771 4712 μυστηρίῳ

553 4728 715 4778 etiam
751 4721 910 4776 simul
944 4722 1172 4785 introen,
1207 4721 1516 4790 prmclarum
1552 4720 1850 4773 timiditatis
1884 4720 2110 4772 iulirmi-

556 4815 790 4883 talisque
821 4829 950 4866 mea:
980 4813 1302 4881 adjutorem,
1331 4813 1469 4865 diem
1518 4812 1659 4864 hunc
1696 4812 1988 4870 asciscens.
2033 4818 2110 4872 ut,

2218 4732 2311 4784 καὶ
2340 4732 2748 4803 συνεισέρχομαι
2780 4732 2910 4801 (89),
2942 4732 3111 4802 καλὴν
3146 4732 3481 4801 ἐπαγόμενος
3515 4735 3614 4802 τῆς
3645 4732 3773 4801 ἐμῆς

2218 4819 2413 4884 δειλίας
2459 4822 2551 4874 καὶ
2595 4821 2875 4884 ἀσθενείας
2924 4822 3207 4892 ἐπίκουρον
3251 4821 3345 4891 τὴν
3385 4822 3619 4892 ἡμέραν,
3660 4823 3720 4872 ἶν’
3751 4822 3775 4871 ὁ

553 4912 644 4974 qui
671 4907 928 4959 hodierno
964 4905 1050 4957 die
1080 4920 1105 4955 a
1138 4904 1364 4956 mortuis
1398 4902 1667 4967 surrexit,
1702 4903 1838 4956 idem
1872 4917 1955 4954 me
1980 4917 2113 4970 quo-

2226 4913 2455 4985 ςήμερον
2498 4915 2562 4966 ἐκ
2604 4913 2813 4984 νεκρῶν
2852 4915 3088 4976 ἀναστὰς
3135 4914 3278 4983 κάμὲ
3309 4917 3669 4990 καινοποιήσῃ
3707 4911 3777 4980 τῷ

623 5037 644 5068 ³
683 5037 778 5090 lsa.
810 5019 958 5098 ixvr,
990 5035 1044 5088 5.
1123 5032 1144 5064 ⁸
1169 5035 1338 5088 Exod.
1371 5004 1444 5098 ii,
1470 5035 1556 5089 l5.
1634 5035 1654 5066 ⁸
1684 5033 1882 5089 Jerem.
1920 5051 1959 5101 l,
1987 5036 2040 5089 6.
2117 5040 2137 5069 ⁸
2164 5043 2334 5105 Exod,
2362 5063 2434 5112 tv,
2459 5049 2546 5102 27.
2646 5052 2664 5081 ⁷
2704 5051 2804 5105 lsa.
2831 5064 2906 5115 vi,
2933 5050 2984 5105 8.

622 5164 648 5192 ι
691 5152 837 5206 Alias
881 5149 1013 5218 XLI,
1049 5165 1168 5220 qua:
1212 5159 1390 5205 autem
1426 5153 1451 5204 1
1485 5162 1620 5218 erat,
1653 5169 1791 5207 nunc
1817 5153 2142 5214 2.-llabita

553 5238 694 5276 anno
720 5221 843 5275 562.

627 5336 737 5408 (se)
797 5311 1112 5407 Θεολδτου.
1177 5337 1436 5406 Gregorio
1489 5337 1665 5391 nobile
1728 5336 1973 5406 Theologi
2027 5354 2118 5393 co-

555 5407 780 5475 gnomen
817 5423 938 5460 ascr
962 5409 1092 5461 bunt
1118 5408 1330 5461 ducenti
1366 5407 1554 5462 saltem
1599 5424 1755 5461 manu
1791 5410 1994 5462 exarati
2022 5423 2116 5463 co-

557 5481 721 5530 dices.
765 5476 898 5530 Vide
930 5479 979 5530 in
1005 5475 1161 5530 Prtel'.

629 5547 741 5615 (85)
783 5545 854 5598 Τὸ
896 5545 1064 5616 ἄτιον
1101 5544 1335 5615 Πάσχα.
1369 5544 1460 5600 Sic
1508 5545 1672 5610 Pan;
1719 5547 1866 5602 deest
1907 5549 1959 5603 in
2000 5549 2118 5618 plu-

559 5617 727 5670 ribus.

2288 5349 2398 5422 (3ft)
2449 5350 2542 5417 Ὠς
2567 5349 2717 5421 τάχα
2763 5369 2834 5422 ¹γε
2860 5351 3156 5420 κρείττων.
3205 5370 3223 5402 ι
3265 5351 3732 5422 Quandoquidem.
3762 5367 3778 5400 ι

2221 5418 2310 5501 Sit}
2337 5418 2481 5501 Bas...
2515 5418 2712 5475 rectius
2740 5418 2902 5490 quani
2923 5422 3155 5487 Nicetas,
3175 5437 3331 5490 quem
3351 5418 3574 5477 secutus
3587 5432 3670 5475 est
3691 5420 3781 5473 Bil.

2217 5492 2305 5558 qui
2339 5492 2496 5542 vertit
2535 5509 2552 5540 ι
2580 5507 2905 5559 quanquam.
2935 5509 2953 5542 ι

2290 5559 2399 5628 (87)
2451 5561 2809 5614 Ἄσθένειαν.
2845 5561 2944 5614 Bil.
2987 5580 3006 5612 ι
3043 5560 3481 5616 imbecillitatem.
3518 5582 3540 5612 ι

2288 5630 2401 5699 (88)
2452 5631 2858 5700 ’Υπεχώρησω
2894 5629 2995 5684 Bil.
3025 5651 3044 5682 ι
3077 5635 3213 5686 cessi
3241 5645 3300 5684 ut
3328 5634 3597 5702 meipsum
3626 5629 3786 5704 inspi-

628 5685 741 5755 (84)
767 5684 1142 5768 ,Δι’ᾐοάτὰπην.
1173 5683 1379 5750 Billius,
1414 5703 1433 5736 ι
1462 5695 1679 5756 propter
1719 5687 2038 5746 charitatem
2063 5699 2120 5746 et

2226 5683 2397 5756 cereui
2433 5711 2487 5754 et
2515 5683 2871 5768 “diuisi-eiu.
2918 5720 2937 5752 ι

559 5755 998 5809 benevolentiam.
1043 5775 1061 5808 ι

629 5823 740 5889 (85)
776 5823 1130 5889 Μέμφοισθε.
1166 5824 1287 5882 Par.
1320 5825 1440 5882 cod.
1471 5824 1768 5893 μέμφεσθε.

2287 5770 2397 5840 (89)
2435 5770 2919 5840 Συνεισέρχομαι.
2955 5769 3078 5825 Par.
3118 5769 3465 5844 συνέρχομαι.
