3832 6394
537 364 642 420 599

1699 352 1701 359 '
1738 363 1793 419 s.
1837 365 2159 421 cnecouu
2202 363 2547 423 TllEOLOGI
3607 389 3680 445 an

540 498 660 537 mus
685 482 746 533 ".
777 480 926 534 Servn
957 478 1180 532 formam
1226 477 1433 547 accepit
1459 476 1524 541 ",
1551 485 1606 530 ut
1630 476 1932 531 libertatein
1962 478 2080 532 reci-

2199 478 2384 550 θερίαν
2409 481 2569 549 ἡμεῖς
2595 478 2952 549 ἀπολάϐωμεν
2976 479 3049 550 (4)
3077 496 3089 508 ·
3124 481 3400 552 κατῆλθεν,
3431 488 3487 540 ἵν’
3509 492 3684 562 ὑψωθῶ.

540 585 808 641 perennis.
856 569 1158 634 Descendit,
1184 577 1240 622 ut
1269 568 1638 624 eveheremur.
1671 566 1929 620 Tentatus
1984 578 2087 633 est,

539 673 597 715 ut
616 661 970 715 vincereinus.
994 658 1344 726 Contemptus
1365 668 1465 719 est.
1503 667 1560 711 ut
1597 673 1694 712 nos
1721 659 1894 728 gloria
1927 660 2094 714 dona-

539 761 643 806 ret.
675 752 913 805 Mortuus
938 759 1044 812 est,
1086 761 1143 804 ut
1183 752 1407 806 salutem
1443 753 1594 806 nobis
1624 753 1858 807 aﬂerret.
1895 755 2094 809 Ascen-

513 844 656 905 ,dit,
698 852 756 895 ut
801 844 1007 910 peccati
1057 843 1205 911 lapsu
1258 843 1401 896 huuii
1449 843 1694 911 jacentes
1738 845 1802 897 ad
1862 847 2095 910 seipsum

538 936 794 989 haberet.
846 934 1036 989 Omnia
1073 935 1333 1003 quispiam
1399 939 1560 989 donet
1593 953 1606 988 :
1640 937 1817 988 omnia
1865 936 1915 990 ei
1950 977 1965 1001 ,
2000 939 2090 1006 qui

535 1026 768 1094 seipsum
795 1026 1175 1094 redemptionis
1211 1026 1436 1092 pretium
1466 1041 1560 1094 pro
1593 1028 1748 1081 nobis
1780 1027 1843 1092 ",
1865 1045 1926 1083 ac
1947 1044 2092 1082 com-

535 1117 882 1171 imitationem
922 1119 1062 1173 dedit
1092 1119 1154 1184 ¹⁸,
1184 1116 1371 1174 offerat
1407 1131 1422 1170 :
1458 1117 1588 1170 nihil
1637 1129 1812 1171 autem
1869 1122 2092 1174 daturus

533 1213 618 1259 est
645 1215 867 1271 tantum,
903 1218 1161 1276 quantum
1199 1209 1241 1262 si
1273 1223 1332 1263 se
1365 1209 1477 1276 ipse
1507 1210 1766 1264 obtulerit
1801 1210 1954 1278 hujus
1977 1226 2092 1281 my-

2191 588 2317 642 μενο
2347 570 2664 641 ὲπειράσθη,
2697 571 2782 623 ἵνα
2803 573 3138 642 νικήσωμενο
3175 575 3459 648 ἠτιμάσθη,
3480 582 3553 636 ἵνα
3571 587 3686 655 δοξά,

2193 679 2290 736 σῃ.
2333 662 2621 727 ἀπέθανεν,
2655 664 2740 715 ἵνα
2767 662 2914 735 σώσῃ
2937 681 2949 693 ·
2986 664 3236 734 ἀνῆλθεν,
3279 667 3343 720 ἶν’
3372 669 3548 748 ἐλκύσῃ
3585 684 3688 752 πρὸς

2194 755 2384 808 ἑαυτὸν
2419 755 2566 808 κάτω
2594 755 2874 825 κειμένους
2900 757 2956 808 ἐν
2989 755 3064 827 τῷ
3093 758 3191 828 τῆς
3228 760 3484 831 ἁμαρτίας
3510 769 3688 841 πτώμα-

2195 865 2265 900 τι.
2296 847 2477 900 Πάντα
2509 848 2695 902 διδότω
2722 867 2824 913 τις,
2866 850 3041 903 πάντα
3071 855 3471 923 καρποφορείτω
3494 859 3559 929 τῷ
3579 862 3690 921 δόντι

2193 939 2387 992 ἑαυτὸν
2451 939 2640 1011 λυπρὸν
2699 941 2836 1011 ὑπὲρ
2892 941 3048 1012 ἡμῶν
3107 943 3201 996 καὶ
3241 945 3562 1018 ἀντάλλαγμα
3611 956 3689 1024 (5)-

2194 1031 2352 1084 δώσει
2395 1032 2452 1085 δὲ
2503 1033 2654 1085 οὐδὲν
2689 1032 2924 1086 τοιοῦτον
2971 1029 3082 1086 οἷον
3119 1033 3307 1088 ἑαυτὸν
3335 1035 3424 1089 τοῦ
3452 1045 3693 1115 μυστηρίου

2197 1123 2464 1189 συνιέντα,
2495 1123 2587 1177 καὶ
2618 1123 2684 1177 δι’
2709 1125 2916 1178 ἐκεῖνον
2948 1125 3123 1179 πάντα
3149 1127 3249 1180 ὅσα
3281 1128 3477 1194 ἐκεῖνος
3506 1133 3693 1206 δι”ἡμῖξ

2195 1213 2482 1283 γενόμενον
2509 1214 2607 1284 (6).

535 1290 690 1350 εισι-ἥ
710 1297 969 1352 rationem
1003 1300 1166 1368 probe
1192 1299 1592 1368 iutelligentem,
1619 1315 1681 1355 ac
1699 1311 1913 1370 propter
1941 1300 2085 1356 illum
2124 1305 2302 1357 omnia
2351 1304 2572 1369 iaetmu,
2627 1319 2956 1374 quaecunque
3013 1305 3126 1374 ipse
3195 1315 3410 1376 propter
3453 1311 3696 1370 nosiaitus

533 1399 635 1446 est.

604 1481 690 1535 Vl.
725 1483 799 1536 Ac
830 1480 979 1535 vobis
1002 1481 1247 1549 quidem,
1281 1490 1339 1536 ut
1363 1484 1603 1546 cernitis,
1641 1494 1824 1554 pastor
1871 1485 1959 1539 hic
1992 1486 2080 1540 bo-

2260 1485 2350 1550 q'.
2375 1482 2731 1551 Καρποφορεῖ
2756 1480 2852 1549 μὲν
2875 1480 3020 1548 ὑμῖν,
3044 1480 3117 1543 ὼς
3141 1483 3324 1550 ὁρᾶτε,
3353 1484 3593 1553 ποιμένα·
3615 1489 3697 1541 τοῖιν

536 1589 656 1636 nns,
705 1571 795 1642 qui
836 1571 1068 1624 animam
1120 1573 1298 1639 posuit
1342 1587 1439 1640 pro
1498 1573 1780 1639 ovibus”,
1822 1581 2090 1640 pastorem

533 1664 725 1730 oliert;
760 1664 861 1718 hoc
891 1663 1034 1716 enim
1060 1671 1261 1731 sperat,
1290 1673 1343 1716 et
1370 1665 1423 1717 in
1453 1665 1592 1719 votis
1619 1667 1778 1719 habet
1803 1705 1817 1730 ,
1845 1673 1898 1718 et
1937 1680 1964 1718 a
1996 1679 2089 1718 vo-

535 1760 639 1820 bis,
669 1757 760 1826 qui
815 1755 1047 1809 subestis
1072 1794 1087 1817 ,
1139 1755 1409 1822 postulat,
1441 1757 1812 1825 duplicemque
1842 1771 1936 1824 pro
1963 1756 2092 1809 sim-

533 1849 654 1917 plici
685 1849 916 1916 seipsum
951 1846 1098 1900 vobis
1131 1847 1308 1911 tradit,
1345 1862 1406 1898 ac
1428 1846 1673 1900 baculum
1727 1850 2014 1903 senectutis
2047 1850 2089 1881 ¹⁷

534 1940 780 1994 baculum
830 1939 1048 2008 spiritus
1099 1937 1262 2003 facit;
1332 1949 1491 2007 atque
1545 1938 1839 1993 inanimato
1895 1940 2091 2009 templo

534 2031 832 2085 animatum
888 2029 1162 2100 adjungit;
1199 2029 1320 2084 huic
1347 2069 1361 2092 ,
1389 2029 1639 2099 inquam,
1671 2031 1981 2100 peregregio
2038 2042 2091 2084 et

532 2123 762 2186 eoab-sti,
794 2123 1019 2175 alterum
1047 2121 1414 2191 qualecunque
1445 2123 1655 2175 tandem
1688 2122 1812 2176 illud
1838 2133 1892 2177 et
1920 2139 2090 2192 quan-

534 2215 952 2281 tulumcunque,
1005 2223 1254 2266 caeterum
1303 2212 1400 2281 ipsi
1451 2213 1827 2266 charissimum
1857 2253 1872 2278 ,
1909 2213 2090 2268 multis

525 2307 693 2360 etiam
719 2305 1004 2360 sudoribus
1029 2320 1090 2358 ac
1121 2304 1398 2358 laboribus
1431 2303 1728 2356 absolutum
1760 2322 1774 2358 :
1801 2315 1960 2372 atque
1989 2305 2091 2358 titi-

537 2415 658 2453 nam
697 2399 970 2453 laboribus
1009 2399 1226 2468 dignum
1265 2396 1494 2464 adjicere
1523 2396 1710 2451 liceat!
1741 2412 1944 2467 suaque
1973 2412 2090 2452 0m-

533 2493 620 2547 nia
647 2493 800 2547 vobis
833 2492 1104 2561 proponit.
1141 2489 1185 2545 Ο
1217 2491 1406 2544 miram
1447 2489 1612 2542 animi
1643 2489 2084 2559 magnitudinem,

529 2586 634 2648 vel,
669 2594 725 2638 ut
748 2584 925 2638 verius
958 2582 1167 2652 loquar,
1197 2589 1476 2651 paternum
1500 2580 1771 2634 amorem!
1802 2579 2085 2643 Canitiem,

524 2678 884 2746 juventuletn,
921 2674 1176 2744 templum
1208 2712 1223 2737 ,
1257 2673 1589 2742 pontiﬁcem,
1621 2680 1958 2737 lesiatorent,
1984 2673 2086 2727 hm-

528 2769 732 2836 redetn,
763 2782 1059 2828 sermones,
1095 2781 1318 2836 quorum
1353 2765 1620 2818 desiderio
1648 2763 1989 2834 ﬂagrabatis;
2021 2779 2085 2819 ae

527 2875 803 2917 sermones
835 2860 1069 2928 quidem,
1105 2873 1208 2910 non
1242 2841 1439 2909 temere
1468 2865 1522 2909 et
1552 2855 1604 2909 in
1628 2870 1805 2934 aerem
1837 2855 2082 2918 ﬂuentes,

527 2970 626 3009 nec
659 2953 796 3006 ultra
828 2965 986 3004 aures
1033 2947 1361 3001 audientium
1409 2960 1526 2999 sese
1574 2947 1910 3014 porrigentes
1935 2984 1952 3011 ,
1992 2947 2086 3001 sed

525 3061 661 3116 quas
720 3043 940 3113 spiritus
1009 3041 1306 3103 describit,
1351 3038 1649 3107 tabulisque
1700 3038 1922 3107 lapideis
1973 3039 2085 3092 sive

521 3137 735 3190 carneis
791 3135 1048 3204 imprimit
1074 3133 1139 3196 ³⁸,
1201 3147 1305 3185 non
1366 3131 1554 3185 leviter
1603 3146 1666 3185 ae
1708 3130 2081 3199 superﬁciete-

524 3243 623 3281 nus
657 3225 950 3293 insculptos
974 3264 989 3288 ,
1033 3233 1088 3277 et
1131 3222 1221 3292 qui
1260 3221 1415 3274 facile
1462 3221 1627 3275 deleri
1659 3232 1876 3288 queant,
1901 3221 1958 3292 6
1988 3220 2082 3275 sed

524 3318 784 3374 altissime
831 3316 1177 3385 consignatos
1209 3354 1226 3381 ,
1276 3328 1381 3368 non
1431 3323 1769 3378 atramento,
1816 3313 1907 3368 sed
1955 3329 2081 3384 gra-

523 3413 617 3467 tia.
1700 3451 1702 3453 ,
2064 3417 2072 3425 ·

591 3500 698 3556 Vll.
727 3502 901 3572 Atque
933 3500 1046 3555 haec
1067 3499 1246 3553 omnia
1269 3501 1420 3554 vobis
1459 3497 1620 3554 offert
1643 3499 1966 3554 venerabilis
1993 3499 2081 3553 hic

440 3610 445 3615 ·
519 3593 814 3658 Abraham,
850 3591 1153 3660 patriarcha
1179 3591 1291 3652 ille,
1324 3590 1450 3643 illud
1474 3590 1693 3644 charum
1719 3600 1774 3643 et
1797 3601 2078 3660 augustum

520 3694 711 3754 caput,
743 3684 868 3738 illud
903 3684 1158 3735 virtutum
1187 3682 1425 3735 omnium
1461 3681 1814 3744 domicilium,
1864 3681 2080 3735 virtutis

519 3791 730 3841 norma,
757 3775 1044 3829 sacerdotii
1072 3773 1331 3843 perfectio
1365 3791 1378 3828 :
1413 3773 1501 3841 qui
1534 3772 1893 3827 voluntarium
1919 3773 2078 3826 hodie

521 3868 746 3921 Domino
802 3865 1129 3921 sacriﬁcium
1189 3864 1381 3928 oiiert,
1421 3864 1754 3934 unigenitum
1811 3863 1958 3916 illum
2011 3877 2077 3916 ex

519 3959 876 4029 promissione
903 3959 968 4012 ".
1004 3957 1110 4012 Vos
1155 3967 1335 4011 autem
1364 3966 1416 4011 et
1454 3958 1565 4011 Deo
1595 3966 1648 4011 et
1671 3956 1824 4010 nobis
1866 3955 1918 4010 id
1955 3970 2073 4009 ntu-

515 4053 664 4106 neris
696 4051 815 4106 loco
842 4049 1031 4105 ollerte
1058 4090 1074 4114 ,
1107 4061 1163 4104 ut
1196 4061 1345 4105 recte
1377 4049 1672 4120 pascamini
1699 4091 1712 4112 ,
1749 4049 1801 4102 in
1835 4049 1951 4104 loco
1981 4065 2076 4116 pa-

2189 1590 2250 1626 το
2282 1572 2389 1643 γὰρ
2414 1571 2620 1634 ἐλπίζει
2651 1571 2744 1622 καὶ
2768 1569 3002 1640 εὔχεται,
3031 1573 3123 1623 καὶ
3153 1571 3281 1641 παρ’
3311 1571 3459 1641 ὑμῶν
3489 1576 3605 1627 αἰτεῖ
3622 1578 3701 1630 τῶν

2191 1666 2295 1720 ὑπὸ
2322 1668 2474 1738 χεῖρα
2507 1666 2536 1716 6
2569 1663 2772 1733 ποιμὴν
2799 1665 2827 1715 6
2853 1661 3032 1723 καλὸς,
3057 1664 3084 1714 6
3103 1661 3270 1725 τιθεὶς
3291 1663 3390 1732 τὴν
3417 1664 3575 1734 ψυχὴν
3596 1668 3699 1739 ὑπὲρ

2189 1757 2296 1811 τῶν
2330 1756 2647 1828 προϐάτωνο
2679 1755 2774 1807 καὶ
2803 1753 3020 1807 διπλοῦν
3068 1753 3145 1824 (7)
3181 1754 3294 1808 ἀνθ’
3324 1756 3488 1809 ἁπλοῦ
3534 1758 3702 1814 δίδωσιν

2190 1853 2316 1922 ὑμῖν
2351 1849 2538 1903 ἑαυτόν
2557 1867 2570 1879 ·
2605 1849 2696 1902 καὶ
2731 1850 2962 1900 ποιεῖται
2991 1847 3086 1918 τὴν
3108 1847 3408 1918 βακτηρίαν
3437 1849 3506 1917 (8)
3527 1849 3608 1901 τοῦ
3627 1856 3702 1922 γή-

2193 1959 2298 2013 ρως
2328 1940 2626 2012 βακτηρίαν
2669 1938 2761 1991 τοῦ
2803 1938 3143 2012 πνευματοςο
3197 1939 3290 1990 καὶ
3331 1940 3625 2010 προστίθησι
3647 1941 3705 2011 τῷ

2188 2032 2377 2103 ἀψύχῳ
2418 2031 2531 2102 ναῷ
2570 2031 2660 2084 τὸν
2693 2029 2952 2099 ἔμψυχον,
2982 2029 3060 2100 τῷ
3092 2030 3428 2101 περικαλλεῖ,
3463 2031 3533 2101 τῷ
3559 2032 3604 2084 δὲ
3637 2034 3703 2084 καὶ

2187 2123 2438 2194 οὐρανίῳ,
2465 2123 2555 2175 τὸν
2585 2121 2860 2174 ὁποιονοῦν
2890 2121 2982 2174 καὶ
3009 2121 3215 2190 ἡλίκον.
3245 2120 3362 2174 ἀλλ’
3390 2118 3479 2174 οῦν
3502 2123 3581 2174 τὸν
3609 2125 3704 2175 ἔαυ-

2186 2214 2263 2285 τῷ
2300 2212 2645 2286 τιμιώτατον,
2700 2212 2794 2266 καὶ
2835 2212 2992 2265 αὑτὸν
3035 2211 3218 2282 ἱδρῶσι
3259 2211 3474 2276 πολλοῖς
3519 2214 3706 2266 συντελεο

2189 2308 2400 2365 σθέντα.
2433 2305 2526 2359 καὶ
2550 2305 2752 2366 πόνοις,
2780 2303 2865 2372 εἴη
2901 2303 2958 2356 δὲ
2981 2305 3171 2364 εἰπεῖν,
3205 2304 3287 2356 ὅτι
3329 2304 3422 2356 καὶ
3449 2303 3548 2356 τῶν
3569 2305 3703 2357 πόνων

2186 2401 2365 2464 ἄξιονο
2400 2399 2492 2452 καὶ
2548 2399 2725 2452 πάντα
2770 2397 3122 2470 προστίθησιν
3160 2397 3236 2466 (9)
3279 2399 3411 2468 ὑμῖν
3441 2397 3508 2450 τά
3533 2400 3702 2451 ἑαυτοῦ.

2177 2495 2253 2565 ἰςὪ
2288 2497 2385 2564 τῆς
2425 2491 2846 2563 μεγαλοψυχίας,
2891 2492 2945 2563 ἢ,
2975 2493 3034 2545 τό
3067 2509 3128 2561 γε
3157 2491 3514 2563 ἀληθέστερον
3554 2493 3707 2556 εἰπεῖν,

2170 2572 2284 2653 ’ἷτῆς
2311 2584 2649 2653 φιλοτεχνίας
2673 2601 2686 2614 ⁶
2724 2584 2820 2655 τὴν
2846 2585 3056 2649 πολιὰν,
3091 2585 3189 2656 τὴν
3209 2584 3461 2653 νεότητα,
3489 2585 3574 2638 τὸν
3597 2585 3707 2647 ναόν,

2183 2675 2272 2729 τὸν
2309 2676 2588 2747 ἀρχιερέα,
2627 2677 2716 2730 τὸν
2746 2676 3090 2748 κληροδότην,
3121 2677 3212 2729 τὸν
3247 2677 3592 2749 κληρονόμον,
3615 2678 3708 2738 τοὺς

2183 2770 2395 2839 λόγους,
2443 2769 2534 2832 οὓς
2573 2769 2844 2822 ιἐτιοθεῖτε⁹
2882 2770 3202 2822 καὶτούτων
3229 2769 3289 2823 οὑ
3325 2772 3451 2833 τοὺς
3477 2770 3608 2838 είκῆ,
3641 2769 3710 2821 καὶ

2187 2865 2265 2927 είς
2308 2863 2443 2934 ἀέρα
2473 2863 2710 2933 ῥέοντας,
2742 2862 2833 2914 καὶ
2866 2862 3024 2932 μέχρι
3074 2861 3170 2932 τῆς
3210 2862 3385 2932 ἀκοῆς
3419 2862 3709 2931 ἱσταμένους,

2185 2952 2296 3006 ἀλλ’
2327 2952 2418 3015 οὓς
2441 2953 2642 3024 γράφει
2664 2951 2982 3022 camus,
3014 2952 3107 3004 καὶ
3137 2951 3334 3018 πλαξὶν
3373 2954 3583 3005 ἐντυποῖ
3610 2951 3711 3004 λιθί-

2185 3059 2322 3107 ναις,
2358 3043 2533 3097 είτουν
2571 3043 2876 3114 σαρκίναις,
2900 3042 2999 3095 οὐκ
3024 3041 3083 3107 ἐξ
3116 3043 3386 3114 ἐπιπολῆς
3412 3042 3711 3114 χαρασσομέ-

2183 3153 2327 3200 νους,
2358 3136 2475 3189 οὐδὲ
2505 3135 2700 3208 ῥᾳδίως
2717 3134 3204 3206 ἀπαλειφομένους,
3234 3136 3353 3188 ἀλλ’
3382 3138 3462 3197 είς
3494 3135 3636 3205 βάθος
3653 3137 3714 3186 ἐν·

2185 3228 2633 3299 σημαινομένους,
2665 3227 2726 3281 οὐ
2753 3228 2963 3298 μέλανι,
2997 3226 3346 3299 ἀλλά-λᾴριτι
3375 3227 3506 3298 (10).

2249 3493 2320 3543 Z’.
2351 3489 2532 3543 Ταῦτα
2567 3490 2661 3561 μὲν
2686 3487 2776 3544 οὖν
2801 3489 2910 3558 (εί)
2937 3491 3064 3560 ὑμῖν
3088 3493 3116 3542 6
3144 3491 3346 3560 σεμνὸς
3379 3489 3616 3561 Ἀϐραὰμ
3647 3482 3715 3542 οῦ-

2178 3599 2287 3647 τος,
2320 3582 2348 3633 ὁ
2393 3581 2753 3653 πατριάρχης,
2791 3583 2824 3651 ἡ
2862 3580 3017 3649 τιμία
3057 3580 3261 3651 κεφαλὴ
3323 3582 3421 3633 καὶ
3459 3581 3716 3648 αἰδέσιμος,

2177 3673 2238 3726 τὸ
2269 3675 2482 3727 πάντων
2501 3672 2608 3726 τῶν
2637 3671 2817 3725 καλῶν
2843 3671 2950 3742 (1'2)
2975 3670 3344 3739 καταγώγιον,
3378 3674 3408 3725 ὁ
3431 3672 3530 3741 τῆς
3556 3667 3719 3743 ᾲρὶξῇς

2177 3763 2378 3831 κανὼν,
2419 3769 2453 3836 ἢ
2489 3764 2589 3834 τῆς
2629 3765 2923 3837 ἱερωσύνης
2966 3763 3262 3828 τελείωσις,
3316 3767 3348 3817 6
3379 3764 3480 3835 τὴν
3515 3762 3721 3816 ἑκούσιον

2176 3860 2362 3914 θυσίαν
2391 3860 2681 3930 προσάγων
2715 3857 2791 3928 τῷ
2821 3857 2998 3928 Κυρίῳ
3025 3858 3136 3926 (15)
3171 3859 3445 3929 σήμερον,
3475 3856 3562 3909 τὸν
3595 3870 3722 3925 μονο-

2176 3954 2326 4023 γενῆ,
2352 3952 2440 4005 τὸν
2470 3954 2532 4004 ὲκ
2559 3952 2656 4021 τῆς
2681 3950 3024 4019 ἐπαγγελίας.
3063 3951 3248 4020 Ὑμεῖς
3279 3950 3341 4004 δὲ
3361 3950 3721 4021 καρποφορεῖτε

2177 4046 2270 4099 καὶ
2294 4044 2412 4114 Θεῷ
2451 4044 2545 4096 καὶ
2567 4045 2698 4114 ἡμῖν
2731 4043 2791 4095 τὸ
2816 4042 2996 4105 καλῶς
3030 4041 3449 4112 ποιμαίνεσθαι,
3480 4043 3557 4103 είς
3590 4039 3722 4091 τόπον

514 4157 661 4196 seua:
677 4143 942 4203 collocati,
966 4152 1017 4196 et
1049 4157 1208 4210 super
1233 4157 1425 4211 aquam
1447 4141 1753 4196 refectionis
1775 4140 1983 4194 educati
2003 4141 2072 4205 ’⁸,

2187 4136 2333 4206 χλόης
2368 4133 2883 4204 κατασκηνούμενοι,
2913 4133 3007 4186 καὶ
3037 4133 3128 4186 ἐπὶ
3155 4132 3353 4196 ὓδατος
3382 4132 3496 4202 (14)
3515 4127 3726 4184 ἀναπαύο

514 4241 574 4284 ιιι
604 4241 752 4286 recte
779 4245 1047 4302 paStorem
1083 4232 1419 4300 cognoscatis
1439 4271 1455 4295 ,
1487 4243 1537 4283 et
1581 4231 1650 4284 ab
1687 4243 1752 4282 eo
1781 4245 2074 4298 cognosca-

514 4324 668 4386 tniui,
699 4332 754 4377 et
785 4322 1016 4390 pastoris
1054 4322 1106 4375 in
1139 4323 1352 4375 modum
1389 4337 1453 4376 ac
1480 4321 1644 4374 libere
1670 4333 1946 4375 vocantem
1977 4336 2072 4391 per

512 4414 709 4468 ostium
751 4413 1088 4481 sequamini;
1143 4411 1373 4464 alienum
1423 4424 1600 4464 autem
1654 4427 1757 4465 non
1799 4417 2070 4481 sequami-

512 4507 564 4558 ni
591 4506 659 4572 “,
683 4505 796 4575 qui,
830 4504 1092 4557 latronum
1143 4512 1199 4557 et
1244 4502 1614 4558 insidiatorum
1657 4517 1826 4569 more,
1859 4502 2066 4556 caulam

583 4641 625 4670 "
661 4637 698 4690 ll
735 4639 859 4693 Cor.
901 4652 1016 4697 vm,
1041 4637 1095 4706 9.
1175 4636 1217 4668 ¹³
1241 4636 1450 4706 Philipp

510 4709 554 4741 “
579 4709 773 4763 Ezech.
798 4723 980 4775 xxxw,
1002 4705 1106 4771 26;
1137 4706 1176 4762 li
1202 4707 1323 4761 Cor.
1352 4705 1513 4774 "1,2,
1545 4709 1599 4763 5.

575 4847 650 4915 (4)
694 4845 810 4913 Τὴν
841 4846 1184 4912 ἐλευθερίαν
1222 4844 1390 4913 ἡμεῖς
1428 4845 1840 4915 ἀπολάϐωμεν,
1881 4865 1898 4898 ι
1925 4856 1974 4899 ut
2011 4846 2069 4900 li-

505 4919 765 4970 bertatein
800 4919 1175 4982 reciperetuus.
1207 4934 1225 4966 ι
1267 4919 1339 4968 ita
1394 4916 1579 4971 Billius
1629 4919 1680 4969 in
1729 4918 1753 4969 1
1809 4918 1937 4969 edit.
1977 4917 2066 4983 qui

506 5002 608 5038 non
641 5001 762 5040 raro
794 4985 1001 5038 felicius
1033 4987 1226 5048 reddit,
1266 5001 1425 5050 quam
1467 4987 1716 5039 secundis
1761 4988 1924 5040 curis.
1958 4986 2067 5040 Vox

503 5055 874 5178 ξειηᾼροειοιί,
895 5052 1047 5106 Rom.
1077 5068 1194 5120 vut,
1226 5053 1317 5118 21,
1351 5069 1454 5108 non
1488 5056 1662 5110 minus
1685 5055 1895 5118 Latina,
1931 5066 2068 5111 teste

552 5143 580 5176 ΙΙ
627 5140 696 5178 10.

552 5140 696 5178 111110.

501 5190 1134 5316 ¹¹Ί(Ξ³ἰ)ἰ“’ἶ3ζτάλλαγμα.
1167 5210 1186 5242 ‹
1211 5191 1390 5262 Culpa:
1411 5203 1604 5248 nostrae
1628 5190 2058 5252 succidaneumJ

527 5274 575 5316 In
608 5274 807 5315 UIIIIUS.

572 5332 646 5402 (β)
685 5332 1040 5402 Γενόμενον.
1076 5331 1164 5402 Sic
1200 5330 1347 5400 Regii
1381 5331 1636 5400 plerique.

577 5401 646 5472 ‘7)
683 5401 962 5456 Διπλοῦν.
1028 5401 1201 5472 «Duo
1241 5404 1458 5472 templa,
1526 5404 1716 5469 inquit,
1769 5403 1927 5458 Pater
1966 5421 2059 5458 vo-

502 5470 588 5525 bis.
629 5470 767 5523 deuo
811 5473 972 5533 dedit,
1027 5471 1254 5524 alterum
1302 5470 1558 5535 inanitne,
1613 5475 1752 5540 quod
1804 5473 2058 5528 Nazianzi

501 5540 784 5613 exstruxit,
807 5542 1032 5595 alterum
1060 5543 1352 5594 animatum
1377 5558 1390 5606 ;
1413 5559 1436 5593 ι
1467 5541 1544 5595 sic
1560 5546 1792 5603 seipsuin
1809 5545 2057 5613 appellat.

499 5611 577 5664 Ita
612 5609 845 5664 Nieetas.

500 5679 643 5803 di(8)
680 5678 1031 5748 Baxtnpt'ar.
1084 5699 1102 5733 ι
1150 5679 1424 5736 Baculum.
1467 5698 1486 5732 ι
1543 5679 1764 5745 Βίιιὶιιέ,
1816 5702 1834 5735 ι
1881 5684 2058 5741 subsi-

559 5766 666 5802 um.
705 5767 723 5799 ι

539 5765 666 5802 tum.
705 5767 723 5799 ι

1457 4677 1469 4691 .
1499 4653 1558 4697 ιι.
1583 4638 1632 4692 7.
1711 4638 1754 4670 “
1782 4637 1966 4692 Matth.
1998 4633 2080 4695 xx;

2187 4678 2190 4689 .
2268 4638 2311 4669 "
2335 4637 2520 4692 Matth.
2561 4651 2667 4690 xvr.
2696 4635 2787 4689 ‘26.
2864 4634 2908 4668 ¹⁶
2932 4632 3086 4689 Joau.
3123 4652 3174 4700 τ,
3205 4637 3297 4692 15.

1671 4710 1714 4741 ¹⁹
1740 4708 1874 4763 Gen.
1919 4723 2052 4775 xxii,
2083 4707 2157 4773 2;
2192 4705 2308 4762 Gal.
2339 4724 2437 4772 ιιι,
2467 4707 2550 4761 16.

2177 4241 2313 4285 σεως
2336 4224 2747 4296 ὲκτρεφόμενοι,
2773 4221 3130 4290 γινώσκοντες
3159 4221 3349 4286 καλῶς
3379 4222 3472 4275 τὸν
3502 4218 3723 4289 ποιμένα,

2177 4317 2270 4371 καὶ
2305 4315 2714 4386 γινωσκόμενοι,
2741 4314 2833 4366 καὶ
2859 4314 3112 4382 ἑπόμενοι
3136 4312 3401 4366 καλοῦντι
3428 4307 3728 4381 ποιμενικὼς

2175 4409 2268 4463 καὶ
2286 4408 2599 4480 ἐλευθερίως
2621 4405 2708 4460 διὰ
2727 4409 2826 4477 τῆς
2839 4405 3007 4476 θύρας
3023 4423 3036 4436 ο
3058 4405 3332 4476 ἀλλοτρίῳ
3353 4405 3414 4458 δὲ
3436 4405 3512 4476 μὴ
3536 4401 3726 4456 ἀκολου-

2173 4499 2390 4562 θοῦντες
2410 4497 2789 4568 ὑπερϐαίνοντι
2804 4496 2892 4549 διὰ
2907 4497 3004 4566 τῆς
3030 4495 3220 4567 αὐλῆς,
3239 4496 3566 4570 λῃστρικῶς
3583 4511 3637 4546 τε
3658 4492 3730 4545 καὶ

3383 4638 3428 4671 ¹¹¹
3463 4637 3595 4691 Tob.
3615 4651 3663 4694 ι,
3685 4633 3730 4690 ι.

2651 4707 2696 4745 ²⁰
2728 4705 2866 4760 Psal.
2902 4721 3035 4770 xxii,
3069 4707 3120 4762 1.
3200 4708 3241 4739 ⁸⁸
3278 4707 3448 4763 Joau.
3485 4726 3553 4773 ι,
3579 4707 3661 4770 14,
3687 4709 3728 4759 5.

2242 4845 2315 4916 (9)
2355 4847 2747 4916 Hpozlanmr.
2794 4845 2884 4900 Sic
2939 4845 3116 4916 plures
3169 4861 3303 4900 mss.
3338 4867 3352 4900 :
3394 4850 3492 4902 sed
3546 4848 3664 4914 Reg.
3707 4861 3735 4898 tt

2171 4913 2595 4983 eptiinaeVuotze.
2638 4927 2691 4968 et
2720 4915 2868 4969 Colb.
2919 4913 2969 4968 in
3005 4913 3094 4982 qui
3136 4919 3390 4970 omnium
3441 4913 3734 4971 instaresse

2169 4986 2353 5054 possit,
2379 4983 2606 5055 Basilius
2634 4985 2686 5038 in
2729 4985 2946 5040 scholiis
2980 5003 2992 5039 :
3025 4985 3378 5055 προστίθησι.
3421 4987 3610 5042 Comb.
3637 5001 3733 5038 ser-

2170 5052 2257 5108 vat
2292 5052 2601 5125 προτίθησι,
2631 5068 2685 5107 et
2711 5057 2791 5125 sic
2815 5057 3014 5110 vertit:
3049 5052 3081 5106 ι’
3099 5070 3194 5108 sua
3232 5052 3431 5111 oinnia
3465 5058 3612 5110 vobis
3630 5070 3735 5125 pro-

2169 5123 2557 5193 ponit'utenua
2607 5135 2662 5177 et
2707 5124 2927 5187 fruenda
2972 5142 2986 5178 :
3027 5139 3243 5178 suorum
3300 5131 3558 5181 omnium
3607 5123 3734 5177 vobis

2168 5195 2372 5258 copiam
2408 5195 2556 5262 facit,
2589 5195 2668 5247 sui
2709 5195 2897 5262 ipsius,
2937 5195 3140 5260 templi,
3180 5194 3299 5248 lilii.
3336 5217 3356 5248 ι

2235 5263 2349 5334 (10)
2387 5261 2605 5334 Χᾴριτι,
2644 5261 2864 5333 «gratia.
2899 5282 2917 5316 ι
2958 5263 3163 5329 Billius,
3193 5281 3212 5314 ι
3241 5267 3480 5334 Spiritu.
3539 5284 3559 5317 ι

2235 5329 2348 5404 (11)
2388 5329 2511 5404 Οὗι·
2534 5329 2762 5386 ιίθεειίιι
2788 5335 3028 5402 pluribus
3052 5349 3207 5400 mss.,
3237 5329 3442 5389 verum
3470 5339 3525 5390 in
3557 5331 3736 5390 codici-

2166 5403 2267 5456 bus
2300 5403 2540 5472 melioris
2566 5413 2707 5456 notae
2740 5404 2956 5472 legitur.

2234 5473 2343 5542 (t2)
2383 5471 2614 5536 Καλῶν,
2656 5491 2673 5523 ι
2705 5471 2980 5528 virtutum.
3015 5493 3033 5526 ι
3073 5474 3174 5530 ΒῘΙ.
3212 5494 3230 5526 t
3266 5475 3574 5531 bonorum.
3605 5493 3624 5525 ι

2234 5541 2347 5616 μδ)
2393 5542 2476 5616 ΤΦ
2501 5543 2712 5616 Kueh»
2749 5543 3042 5616 COE'D-fui’
3066 5544 3201 5616 Θεῷο

2235 5613 2347 5684 (14)
2400 5613 2530 5666 Ἐπὶ
2555 5613 2792 5679 ὓδατος.
2823 5613 2983 5668 Coisl.
3011 5613 3061 5678 1,
3090 5613 3173 5684 ὲφ³
3205 5614 3439 5681 ὕδατος.
3471 5613 3654 5669 Billius
3673 5625 3738 5667 su:

2165 5682 2367 5752 vertit;
2390 5702 2407 5732 ι
2431 5685 2580 5746 Quod
2606 5684 2820 5753 quidem
2846 5685 3081 5739 futurum
3100 5682 3200 5750 est,
3219 5687 3267 5739 si
3308 5687 3367 5740 in
3395 5689 3517 5740 loco
3546 5696 3740 5754 pascua:

2169 5753 2439 5818 habitetis,
2471 5764 2527 5825 et
2559 5755 2609 5808 in
2646 5769 2778 5824 aqua
2813 5755 3118 5811 refectionis
3139 5757 3488 5811 educemini.
3522 5774 3540 5807 ι
