  <div class='ocr_page' id='page_1' title='image "/cluster/home/n/w/nwhite01/storage/ocr_20150623/35/hvd.32044024473308/215.png"; bbox 0 0 3832 6394; ppageno 0'>
   <div class='ocr_carea' id='block_1_1' title="bbox 528 277 632 334">
    <p class='ocr_par' dir='ltr' id='par_1_1' title="bbox 528 277 632 334">
     <span class='ocr_line' id='line_1_1' title="bbox 528 277 632 334; baseline 0.01 -1"><span class='ocrx_word' id='word_1_1' title='bbox 528 277 632 334; x_wconf 63' lang='lat' dir='ltr'><strong>H9</strong></span> 
     </span>
    </p>
   </div>
   <div class='ocr_carea' id='block_1_2' title="bbox 1723 278 3723 348">
    <p class='ocr_par' dir='ltr' id='par_1_2' title="bbox 1723 278 3723 348">
     <span class='ocr_line' id='line_1_2' title="bbox 1723 278 3723 348; baseline 0.008 -16"><span class='ocrx_word' id='word_1_2' title='bbox 1723 278 1782 334; x_wconf 94' lang='lat' dir='ltr'><strong>S.</strong></span> <span class='ocrx_word' id='word_1_3' title='bbox 1825 278 2153 336; x_wconf 79' lang='lat' dir='ltr'><strong>GREGORII</strong></span> <span class='ocrx_word' id='word_1_4' title='bbox 2192 279 2542 338; x_wconf 79' lang='lat' dir='ltr'><strong>THEOLOGI</strong></span> <span class='ocrx_word' id='word_1_5' title='bbox 3643 295 3723 348; x_wconf 62' lang='lat' dir='ltr'><strong>ﬁn</strong></span> 
     </span>
    </p>
   </div>
   <div class='ocr_carea' id='block_1_3' title="bbox 529 393 2090 472">
    <p class='ocr_par' dir='ltr' id='par_1_3' title="bbox 529 393 2090 465">
     <span class='ocr_line' id='line_1_3' title="bbox 529 393 2090 465; baseline -0.002 -13"><span class='ocrx_word' id='word_1_6' title='bbox 529 408 708 462; x_wconf 90' lang='lat' dir='ltr'><strong>erunt,</strong></span> <span class='ocrx_word' id='word_1_7' title='bbox 750 407 802 451; x_wconf 92' lang='lat' dir='ltr'><strong>et</strong></span> <span class='ocrx_word' id='word_1_8' title='bbox 833 395 886 448; x_wconf 90' lang='lat' dir='ltr'><strong>in</strong></span> <span class='ocrx_word' id='word_1_9' title='bbox 921 393 1139 462; x_wconf 88' lang='lat' dir='ltr'><strong>pulchra</strong></span> <span class='ocrx_word' id='word_1_10' title='bbox 1187 394 1352 447; x_wconf 88' lang='lat' dir='ltr'><strong>herba</strong></span> <span class='ocrx_word' id='word_1_11' title='bbox 1387 407 1582 463; x_wconf 84' lang='lat' dir='ltr'><strong>corpus</strong></span> <span class='ocrx_word' id='word_1_12' title='bbox 1615 404 1876 457; x_wconf 72' lang='lat' dir='ltr'><strong>sternere,</strong></span> <span class='ocrx_word' id='word_1_13' title='bbox 1927 405 2090 465; x_wconf 86' lang='lat' dir='ltr'><strong>atque</strong></span> 
     </span>
    </p>
   </div>
   <div class='ocr_carea' id='block_1_4' title="bbox 2202 393 3719 472">
    <p class='ocr_par' dir='ltr' id='par_1_4' title="bbox 2202 397 3719 472">
     <span class='ocr_line' id='line_1_4' title="bbox 2202 397 3719 472; baseline 0.009 -24"><span class='ocrx_word' id='word_1_14' title='bbox 2202 397 2295 450; x_wconf 64' lang='grc' dir='ltr'>ὕπὸ</span> <span class='ocrx_word' id='word_1_15' title='bbox 2321 403 2437 463; x_wconf 84' lang='grc' dir='ltr'>ταῖς</span> <span class='ocrx_word' id='word_1_16' title='bbox 2474 397 2670 472; x_wconf 74' lang='grc' dir='ltr'>αὔραις</span> <span class='ocrx_word' id='word_1_17' title='bbox 2714 399 2988 470; x_wconf 84' lang='grc' dir='ltr'>σχεδιάσαι</span> <span class='ocrx_word' id='word_1_18' title='bbox 3034 401 3277 465; x_wconf 82' lang='grc' dir='ltr'>στιϐάδα,</span> <span class='ocrx_word' id='word_1_19' title='bbox 3317 402 3416 456; x_wconf 74' lang='grc' dir='ltr'><strong>καὶ</strong></span> <span class='ocrx_word' id='word_1_20' title='bbox 3457 403 3555 457; x_wconf 76' lang='grc' dir='ltr'>ποῦ</span> <span class='ocrx_word' id='word_1_21' title='bbox 3583 425 3628 460; x_wconf 90' lang='grc' dir='ltr'><strong>τι</strong></span> <span class='ocrx_word' id='word_1_22' title='bbox 3654 417 3719 466; x_wconf 72' lang='grc' dir='ltr'>καὶ</span> 
     </span>
    </p>
   </div>
   <div class='ocr_carea' id='block_1_5' title="bbox 531 483 2096 558">
    <p class='ocr_par' dir='ltr' id='par_1_5' title="bbox 531 483 2096 558">
     <span class='ocr_line' id='line_1_5' title="bbox 531 483 2096 558; baseline -0.001 -18"><span class='ocrx_word' id='word_1_23' title='bbox 531 503 697 558; x_wconf 88' lang='lat' dir='ltr'><strong>prope</strong></span> <span class='ocrx_word' id='word_1_24' title='bbox 754 487 979 554; x_wconf 81' lang='lat' dir='ltr'><strong>gelidam</strong></span> <span class='ocrx_word' id='word_1_25' title='bbox 1023 499 1216 552; x_wconf 88' lang='lat' dir='ltr'><strong>aquam</strong></span> <span class='ocrx_word' id='word_1_26' title='bbox 1249 495 1302 538; x_wconf 90' lang='lat' dir='ltr'><strong>et</strong></span> <span class='ocrx_word' id='word_1_27' title='bbox 1334 483 1433 537; x_wconf 90' lang='lat' dir='ltr'><strong>sub</strong></span> <span class='ocrx_word' id='word_1_28' title='bbox 1467 483 1738 538; x_wconf 88' lang='lat' dir='ltr'><strong>lenissima</strong></span> <span class='ocrx_word' id='word_1_29' title='bbox 1767 500 1896 537; x_wconf 87' lang='lat' dir='ltr'><strong>aura</strong></span> <span class='ocrx_word' id='word_1_30' title='bbox 1927 485 2096 539; x_wconf 91' lang='lat' dir='ltr'><strong>lectu-</strong></span> 
     </span>
    </p>
   </div>
   <div class='ocr_carea' id='block_1_6' title="bbox 532 577 1501 644">
    <p class='ocr_par' dir='ltr' id='par_1_6' title="bbox 532 577 1501 644">
     <span class='ocr_line' id='line_1_6' title="bbox 532 577 1501 644; baseline -0.003 -13"><span class='ocrx_word' id='word_1_31' title='bbox 532 582 636 633; x_wconf 90' lang='lat' dir='ltr'><strong>lum</strong></span> <span class='ocrx_word' id='word_1_32' title='bbox 695 595 759 632; x_wconf 79' lang='lat' dir='ltr'><strong>ex</strong></span> <span class='ocrx_word' id='word_1_33' title='bbox 815 591 1053 644; x_wconf 86' lang='lat' dir='ltr'><strong>tempore</strong></span> <span class='ocrx_word' id='word_1_34' title='bbox 1113 577 1501 644; x_wconf 85' lang='lat' dir='ltr'><strong>compingere,</strong></span> 
     </span>
    </p>
   </div>
   <div class='ocr_carea' id='block_1_7' title="bbox 528 941 2096 1011">
    <p class='ocr_par' dir='ltr' id='par_1_7' title="bbox 528 941 2096 1011">
     <span class='ocr_line' id='line_1_7' title="bbox 528 941 2096 1011; baseline -0.001 -16"><span class='ocrx_word' id='word_1_35' title='bbox 528 959 650 1011; x_wconf 86' lang='lat' dir='ltr'><strong>gum</strong></span> <span class='ocrx_word' id='word_1_36' title='bbox 687 953 781 994; x_wconf 87' lang='lat' dir='ltr'><strong>aut</strong></span> <span class='ocrx_word' id='word_1_37' title='bbox 839 953 1207 995; x_wconf 86' lang='lat' dir='ltr'><strong>armentorum</strong></span> <span class='ocrx_word' id='word_1_38' title='bbox 1243 956 1308 995; x_wconf 90' lang='lat' dir='ltr'><strong>ne</strong></span> <span class='ocrx_word' id='word_1_39' title='bbox 1360 942 1627 995; x_wconf 82' lang='lat' dir='ltr'><strong>levissima</strong></span> <span class='ocrx_word' id='word_1_40' title='bbox 1671 942 1884 1011; x_wconf 84' lang='lat' dir='ltr'><strong>quidem</strong></span> <span class='ocrx_word' id='word_1_41' title='bbox 1936 941 2096 993; x_wconf 92' lang='lat' dir='ltr'><strong>ullum</strong></span> 
     </span>
    </p>
   </div>
   <div class='ocr_carea' id='block_1_8' title="bbox 1572 577 2097 630">
    <p class='ocr_par' dir='ltr' id='par_1_8' title="bbox 1572 577 2097 630">
     <span class='ocr_line' id='line_1_8' title="bbox 1572 577 2097 630; baseline 0.004 -4"><span class='ocrx_word' id='word_1_42' title='bbox 1572 577 1887 629; x_wconf 77' lang='lat' dir='ltr'><strong>amatorium</strong></span> <span class='ocrx_word' id='word_1_43' title='bbox 1933 577 2097 630; x_wconf 86' lang='lat' dir='ltr'><strong>etiam</strong></span> 
     </span>
    </p>
   </div>
   <div class='ocr_carea' id='block_1_9' title="bbox 529 667 2100 742">
    <p class='ocr_par' dir='ltr' id='par_1_9' title="bbox 529 667 2100 742">
     <span class='ocr_line' id='line_1_9' title="bbox 529 667 2100 742; baseline -0.002 -19"><span class='ocrx_word' id='word_1_44' title='bbox 529 673 777 742; x_wconf 77' lang='lat' dir='ltr'><strong>quiddam</strong></span> <span class='ocrx_word' id='word_1_45' title='bbox 812 685 930 721; x_wconf 92' lang='lat' dir='ltr'><strong>cum</strong></span> <span class='ocrx_word' id='word_1_46' title='bbox 981 668 1082 738; x_wconf 82' lang='lat'><strong>17</strong></span> <span class='ocrx_word' id='word_1_47' title='bbox 1113 669 1349 735; x_wconf 90' lang='lat' dir='ltr'><strong>cissybio</strong></span> <span class='ocrx_word' id='word_1_48' title='bbox 1389 667 1688 729; x_wconf 86' lang='lat' dir='ltr'><strong>cantillare,</strong></span> <span class='ocrx_word' id='word_1_49' title='bbox 1737 683 1796 721; x_wconf 89' lang='lat' dir='ltr'><strong>ac</strong></span> <span class='ocrx_word' id='word_1_50' title='bbox 1840 682 1968 721; x_wconf 84' lang='lat' dir='ltr'><strong>oves</strong></span> <span class='ocrx_word' id='word_1_51' title='bbox 2015 668 2100 721; x_wconf 84' lang='lat' dir='ltr'><strong>vel</strong></span> 
     </span>
    </p>
   </div>
   <div class='ocr_carea' id='block_1_10' title="bbox 530 760 2099 829">
    <p class='ocr_par' dir='ltr' id='par_1_10' title="bbox 530 760 2099 829">
     <span class='ocr_line' id='line_1_10' title="bbox 530 760 2099 829; baseline -0.002 -14"><span class='ocrx_word' id='word_1_52' title='bbox 530 765 689 816; x_wconf 83' lang='lat' dir='ltr'><strong>boves</strong></span> <span class='ocrx_word' id='word_1_53' title='bbox 721 761 939 829; x_wconf 76' lang='lat' dir='ltr'><strong>alloqui,</strong></span> <span class='ocrx_word' id='word_1_54' title='bbox 967 773 1020 813; x_wconf 92' lang='lat' dir='ltr'><strong>et</strong></span> <span class='ocrx_word' id='word_1_55' title='bbox 1049 777 1113 813; x_wconf 83' lang='lat' dir='ltr'><strong>ex</strong></span> <span class='ocrx_word' id='word_1_56' title='bbox 1151 761 1231 812; x_wconf 94' lang='lat' dir='ltr'><strong>his</strong></span> <span class='ocrx_word' id='word_1_57' title='bbox 1259 761 1421 812; x_wconf 89' lang='lat' dir='ltr'><strong>etiam</strong></span> <span class='ocrx_word' id='word_1_58' title='bbox 1452 760 1827 828; x_wconf 80' lang='lat' dir='ltr'><strong>pinguissimos</strong></span> <span class='ocrx_word' id='word_1_59' title='bbox 1857 775 2099 828; x_wconf 87' lang='lat' dir='ltr'><strong>quasque</strong></span> 
     </span>
    </p>
   </div>
   <div class='ocr_carea' id='block_1_11' title="bbox 531 848 2114 918">
    <p class='ocr_par' dir='ltr' id='par_1_11' title="bbox 531 848 2114 918">
     <span class='ocr_line' id='line_1_11' title="bbox 531 848 2114 918; baseline -0.001 -12"><span class='ocrx_word' id='word_1_60' title='bbox 531 853 832 916; x_wconf 81' lang='lat' dir='ltr'><strong>comedere,</strong></span> <span class='ocrx_word' id='word_1_61' title='bbox 879 861 971 903; x_wconf 88' lang='lat' dir='ltr'><strong>aut</strong></span> <span class='ocrx_word' id='word_1_62' title='bbox 1017 851 1188 918; x_wconf 87' lang='lat' dir='ltr'><strong>pretio</strong></span> <span class='ocrx_word' id='word_1_63' title='bbox 1236 853 1504 904; x_wconf 82' lang='lat' dir='ltr'><strong>addicere.</strong></span> <span class='ocrx_word' id='word_1_64' title='bbox 1551 850 1776 903; x_wconf 76' lang='lat' dir='ltr'><strong>Virtutis</strong></span> <span class='ocrx_word' id='word_1_65' title='bbox 1807 867 1932 904; x_wconf 87' lang='lat' dir='ltr'><strong>vero</strong></span> <span class='ocrx_word' id='word_1_66' title='bbox 1979 848 2114 916; x_wconf 52' lang='grc' dir='ltr'><strong>ειη-ἔ</strong></span> 
     </span>
    </p>
   </div>
   <div class='ocr_carea' id='block_1_12' title="bbox 2193 488 3718 569">
    <p class='ocr_par' dir='ltr' id='par_1_12' title="bbox 2193 488 3718 569">
     <span class='ocr_line' id='line_1_12' title="bbox 2193 488 3718 569; baseline -0.023 -6"><span class='ocrx_word' id='word_1_67' title='bbox 2193 488 2608 566; x_wconf 57' lang='grc' dir='ltr'><strong>ξεέιέἷὲᾉὸκᾲσαι</strong></span> <span class='ocrx_word' id='word_1_68' title='bbox 2640 493 2773 562; x_wconf 74' lang='grc' dir='ltr'>μετὰ</span> <span class='ocrx_word' id='word_1_69' title='bbox 2801 491 2894 544; x_wconf 77' lang='grc' dir='ltr'>τοῦ</span> <span class='ocrx_word' id='word_1_70' title='bbox 2924 493 3205 546; x_wconf 79' lang='grc' dir='ltr'>κισσυϐίου</span> <span class='ocrx_word' id='word_1_71' title='bbox 3247 495 3378 563; x_wconf 83' lang='grc' dir='ltr'>(ιο),</span> <span class='ocrx_word' id='word_1_72' title='bbox 3419 497 3511 548; x_wconf 70' lang='grc' dir='ltr'>καὶ</span> <span class='ocrx_word' id='word_1_73' title='bbox 3538 503 3718 569; x_wconf 55' lang='grc' dir='ltr'>προσλῷ</span> 
     </span>
    </p>
   </div>
   <div class='ocr_carea' id='block_1_13' title="bbox 2194 578 3719 657">
    <p class='ocr_par' dir='ltr' id='par_1_13' title="bbox 2194 578 3719 657">
     <span class='ocr_line' id='line_1_13' title="bbox 2194 578 3719 657; baseline 0.01 -27"><span class='ocrx_word' id='word_1_74' title='bbox 2194 578 2353 650; x_wconf 84' lang='grc' dir='ltr'>λῆσαι</span> <span class='ocrx_word' id='word_1_75' title='bbox 2407 585 2525 644; x_wconf 84' lang='grc' dir='ltr'>ταῖς</span> <span class='ocrx_word' id='word_1_76' title='bbox 2559 581 2738 651; x_wconf 77' lang='grc' dir='ltr'>βουσὶν</span> <span class='ocrx_word' id='word_1_77' title='bbox 2767 583 2798 653; x_wconf 79' lang='grc' dir='ltr'>ἢ</span> <span class='ocrx_word' id='word_1_78' title='bbox 2831 587 2896 654; x_wconf 80' lang='grc' dir='ltr'>τῇ</span> <span class='ocrx_word' id='word_1_79' title='bbox 2927 584 3158 657; x_wconf 85' lang='grc' dir='ltr'>ποίμνῃ·</span> <span class='ocrx_word' id='word_1_80' title='bbox 3210 586 3531 640; x_wconf 73' lang='grc' dir='ltr'>καὶτούτων</span> <span class='ocrx_word' id='word_1_81' title='bbox 3581 593 3719 646; x_wconf 63' lang='grc' dir='ltr'>αὐτῶν</span> 
     </span>
    </p>
   </div>
   <div class='ocr_carea' id='block_1_14' title="bbox 2195 670 3720 754">
    <p class='ocr_par' dir='ltr' id='par_1_14' title="bbox 2195 670 3720 754">
     <span class='ocr_line' id='line_1_14' title="bbox 2195 670 3720 754; baseline 0.004 -32"><span class='ocrx_word' id='word_1_82' title='bbox 2195 670 2544 741; x_wconf 80' lang='grc' dir='ltr'>θοινήσασθαι</span> <span class='ocrx_word' id='word_1_83' title='bbox 2574 674 2742 744; x_wconf 80' lang='grc' dir='ltr'><strong>(Η)ἧ</strong></span> <span class='ocrx_word' id='word_1_84' title='bbox 2779 675 3071 728; x_wconf 72' lang='grc' dir='ltr'><strong>ἀποδόσθαι</strong></span> <span class='ocrx_word' id='word_1_85' title='bbox 3118 677 3178 728; x_wconf 88' lang='grc' dir='ltr'><strong>τὸ</strong></span> <span class='ocrx_word' id='word_1_86' title='bbox 3219 677 3494 732; x_wconf 81' lang='grc' dir='ltr'><strong>πιότατον.</strong></span> <span class='ocrx_word' id='word_1_87' title='bbox 3536 681 3720 754; x_wconf 49' lang='grc' dir='ltr'><strong>’Δρ-εἰῇ</strong></span> 
     </span>
    </p>
   </div>
   <div class='ocr_carea' id='block_1_15' title="bbox 2192 761 3722 846">
    <p class='ocr_par' dir='ltr' id='par_1_15' title="bbox 2192 761 3722 846">
     <span class='ocr_line' id='line_1_15' title="bbox 2192 761 3722 846; baseline 0.01 -32"><span class='ocrx_word' id='word_1_88' title='bbox 2192 761 2247 814; x_wconf 85' lang='grc' dir='ltr'><strong>δὲ</strong></span> <span class='ocrx_word' id='word_1_89' title='bbox 2493 781 2578 816; x_wconf 86' lang='grc' dir='ltr'><strong>πω</strong></span> <span class='ocrx_word' id='word_1_90' title='bbox 2616 766 2877 834; x_wconf 79' lang='grc' dir='ltr'><strong>ποιμνίων</strong></span> <span class='ocrx_word' id='word_1_91' title='bbox 2926 766 3036 834; x_wconf 69' lang='grc'><strong>(12)</strong></span> <span class='ocrx_word' id='word_1_92' title='bbox 3066 767 3096 837; x_wconf 84' lang='grc' dir='ltr'>ἢ</span> <span class='ocrx_word' id='word_1_93' title='bbox 3135 767 3426 836; x_wconf 82' lang='grc' dir='ltr'>βουκολίων</span> <span class='ocrx_word' id='word_1_94' title='bbox 3463 773 3722 842; x_wconf 61' lang='grc' dir='ltr'>ἐφρόντισε.</span> 
     </span>
    </p>
   </div>
   <div class='ocr_carea' id='block_1_16' title="bbox 2194 843 3726 932">
    <p class='ocr_par' dir='ltr' id='par_1_16' title="bbox 2194 843 3726 932">
     <span class='ocr_line' id='line_1_16' title="bbox 2194 843 3726 932; baseline 0.009 -30"><span class='ocrx_word' id='word_1_95' title='bbox 2194 852 2236 902; x_wconf 87' lang='grc' dir='ltr'><strong>Τ</strong></span> <span class='ocrx_word' id='word_1_96' title='bbox 2245 853 2289 914; x_wconf 88' lang='grc' dir='ltr'><strong>ίς</strong></span> <span class='ocrx_word' id='word_1_97' title='bbox 2327 843 2553 922; x_wconf 72' lang='grc' dir='ltr'>γὰρκαὶ</span> <span class='ocrx_word' id='word_1_98' title='bbox 2593 853 2760 923; x_wconf 82' lang='grc' dir='ltr'>ἀρετὴ</span> <span class='ocrx_word' id='word_1_99' title='bbox 2794 854 3031 919; x_wconf 88' lang='grc' dir='ltr'>τούτων;</span> <span class='ocrx_word' id='word_1_100' title='bbox 3079 857 3111 926; x_wconf 80' lang='grc' dir='ltr'>ἢ</span> <span class='ocrx_word' id='word_1_101' title='bbox 3167 857 3248 920; x_wconf 86' lang='grc' dir='ltr'><strong>τίς</strong></span> <span class='ocrx_word' id='word_1_102' title='bbox 3287 858 3346 910; x_wconf 86' lang='grc' dir='ltr'>τὸ</span> <span class='ocrx_word' id='word_1_103' title='bbox 3383 861 3604 924; x_wconf 81' lang='grc' dir='ltr'>ἐκείνοις</span> <span class='ocrx_word' id='word_1_104' title='bbox 3639 864 3726 932; x_wconf 81' lang='lat' dir='ltr'><strong>(l3)</strong></span> 
     </span>
    </p>
   </div>
   <div class='ocr_carea' id='block_1_17' title="bbox 2194 939 3310 1016">
    <p class='ocr_par' dir='ltr' id='par_1_17' title="bbox 2194 939 3310 1016">
     <span class='ocr_line' id='line_1_17' title="bbox 2194 939 3310 1016; baseline 0.006 -25"><span class='ocrx_word' id='word_1_105' title='bbox 2194 939 2356 992; x_wconf 75' lang='grc' dir='ltr'>καλὸν</span> <span class='ocrx_word' id='word_1_106' title='bbox 2387 940 2489 1011; x_wconf 79' lang='grc' dir='ltr'>πρὸ</span> <span class='ocrx_word' id='word_1_107' title='bbox 2509 942 2605 1011; x_wconf 86' lang='grc' dir='ltr'>τῆς</span> <span class='ocrx_word' id='word_1_108' title='bbox 2633 942 2765 1004; x_wconf 75' lang='grc' dir='ltr'>ἰδίας</span> <span class='ocrx_word' id='word_1_109' title='bbox 2793 943 2984 1016; x_wconf 66' lang='grc' dir='ltr'>ῄδρνῇς</span> <span class='ocrx_word' id='word_1_110' title='bbox 3006 944 3270 1013; x_wconf 72' lang='grc' dir='ltr'>ἐσκέψατο</span> <span class='ocrx_word' id='word_1_111' title='bbox 3294 963 3310 1011; x_wconf 84' lang='grc'><strong>;</strong></span> 
     </span>
    </p>
   </div>
   <div class='ocr_carea' id='block_1_18' title="bbox 527 1036 3727 1112">
    <p class='ocr_par' dir='ltr' id='par_1_18' title="bbox 527 1036 3727 1112">
     <span class='ocr_line' id='line_1_18' title="bbox 527 1036 3727 1112; baseline 0.002 -21"><span class='ocrx_word' id='word_1_112' title='bbox 527 1054 763 1106; x_wconf 77' lang='lat' dir='ltr'><strong>unquam</strong></span> <span class='ocrx_word' id='word_1_113' title='bbox 793 1053 921 1092; x_wconf 84' lang='lat' dir='ltr'><strong>cura</strong></span> <span class='ocrx_word' id='word_1_114' title='bbox 958 1038 1150 1104; x_wconf 80' lang='lat' dir='ltr'><strong>tetigit.</strong></span> <span class='ocrx_word' id='word_1_115' title='bbox 1192 1036 1318 1101; x_wconf 77' lang='lat' dir='ltr'><strong>Qua:</strong></span> <span class='ocrx_word' id='word_1_116' title='bbox 1366 1038 1507 1090; x_wconf 81' lang='lat' dir='ltr'><strong>enim</strong></span> <span class='ocrx_word' id='word_1_117' title='bbox 1558 1038 1730 1092; x_wconf 90' lang='lat' dir='ltr'><strong>virtus</strong></span> <span class='ocrx_word' id='word_1_118' title='bbox 1803 1052 1987 1090; x_wconf 90' lang='lat' dir='ltr'><strong>eorum</strong></span> <span class='ocrx_word' id='word_1_119' title='bbox 2048 1049 2168 1089; x_wconf 91' lang='lat' dir='ltr'><strong>esse</strong></span> <span class='ocrx_word' id='word_1_120' title='bbox 2206 1036 2401 1104; x_wconf 80' lang='lat' dir='ltr'><strong>queat?</strong></span> <span class='ocrx_word' id='word_1_121' title='bbox 2435 1048 2525 1088; x_wconf 86' lang='lat' dir='ltr'><strong>aut</strong></span> <span class='ocrx_word' id='word_1_122' title='bbox 2577 1040 2696 1106; x_wconf 85' lang='lat' dir='ltr'><strong>quis</strong></span> <span class='ocrx_word' id='word_1_123' title='bbox 2747 1053 2932 1091; x_wconf 89' lang='lat' dir='ltr'><strong>eorum</strong></span> <span class='ocrx_word' id='word_1_124' title='bbox 2979 1045 3319 1094; x_wconf 87' lang='lat' dir='ltr'><strong>commodum</strong></span> <span class='ocrx_word' id='word_1_125' title='bbox 3379 1044 3555 1111; x_wconf 85' lang='lat' dir='ltr'><strong>potius</strong></span> <span class='ocrx_word' id='word_1_126' title='bbox 3598 1060 3727 1112; x_wconf 85' lang='lat' dir='ltr'><strong>quam</strong></span> 
     </span>
    </p>
   </div>
   <div class='ocr_carea' id='block_1_19' title="bbox 527 1133 1367 1203">
    <p class='ocr_par' dir='ltr' id='par_1_19' title="bbox 527 1133 1367 1203">
     <span class='ocr_line' id='line_1_19' title="bbox 527 1133 1367 1203; baseline 0.002 -21"><span class='ocrx_word' id='word_1_127' title='bbox 527 1135 852 1203; x_wconf 81' lang='lat' dir='ltr'><strong>voluptatem</strong></span> <span class='ocrx_word' id='word_1_128' title='bbox 882 1148 1032 1186; x_wconf 91' lang='lat' dir='ltr'><strong>suam</strong></span> <span class='ocrx_word' id='word_1_129' title='bbox 1069 1133 1367 1199; x_wconf 81' lang='lat' dir='ltr'><strong>Spectavit?</strong></span> 
     </span>
    </p>
   </div>
   <div class='ocr_carea' id='block_1_20' title="bbox 607 1229 2150 1298">
    <p class='ocr_par' dir='ltr' id='par_1_20' title="bbox 607 1229 2150 1298">
     <span class='ocr_line' id='line_1_20' title="bbox 607 1229 2150 1298; baseline -0.003 -12"><span class='ocrx_word' id='word_1_130' title='bbox 607 1233 672 1286; x_wconf 82' lang='grc' dir='ltr'><strong>Χ.</strong></span> <span class='ocrx_word' id='word_1_131' title='bbox 713 1232 782 1284; x_wconf 87' lang='lat' dir='ltr'><strong>At</strong></span> <span class='ocrx_word' id='word_1_132' title='bbox 807 1246 934 1285; x_wconf 86' lang='lat' dir='ltr'><strong>vero</strong></span> <span class='ocrx_word' id='word_1_133' title='bbox 976 1231 1174 1283; x_wconf 91' lang='lat' dir='ltr'><strong>homini</strong></span> <span class='ocrx_word' id='word_1_134' title='bbox 1228 1245 1347 1283; x_wconf 92' lang='lat' dir='ltr'><strong>cum</strong></span> <span class='ocrx_word' id='word_1_135' title='bbox 1378 1229 1588 1283; x_wconf 81' lang='lat' dir='ltr'><strong>diﬂicile</strong></span> <span class='ocrx_word' id='word_1_136' title='bbox 1619 1230 1686 1282; x_wconf 91' lang='lat' dir='ltr'><strong>sit</strong></span> <span class='ocrx_word' id='word_1_137' title='bbox 1710 1231 1849 1284; x_wconf 83' lang='lat' dir='ltr'><strong>scire</strong></span> <span class='ocrx_word' id='word_1_138' title='bbox 1882 1244 2090 1298; x_wconf 88' lang='lat' dir='ltr'><strong>parere,</strong></span> <span class='ocrx_word' id='word_1_139' title='bbox 2146 1287 2150 1291; x_wconf 34' lang='grc' dir='ltr'><em>ι</em></span> 
     </span>
    </p>
   </div>
   <div class='ocr_carea' id='block_1_21' title="bbox 532 1317 2093 1383">
    <p class='ocr_par' dir='ltr' id='par_1_21' title="bbox 532 1317 2093 1383">
     <span class='ocr_line' id='line_1_21' title="bbox 532 1317 2093 1383; baseline 0.001 -10"><span class='ocrx_word' id='word_1_140' title='bbox 532 1332 642 1373; x_wconf 90' lang='lat' dir='ltr'><strong>tum</strong></span> <span class='ocrx_word' id='word_1_141' title='bbox 680 1320 843 1372; x_wconf 90' lang='lat' dir='ltr'><strong>multo</strong></span> <span class='ocrx_word' id='word_1_142' title='bbox 865 1317 1128 1372; x_wconf 83' lang='lat' dir='ltr'><strong>dilIicilius</strong></span> <span class='ocrx_word' id='word_1_143' title='bbox 1167 1333 1283 1372; x_wconf 90' lang='lat' dir='ltr'><strong>esse</strong></span> <span class='ocrx_word' id='word_1_144' title='bbox 1317 1319 1550 1383; x_wconf 88' lang='lat' dir='ltr'><strong>videtur,</strong></span> <span class='ocrx_word' id='word_1_145' title='bbox 1599 1321 1738 1373; x_wconf 85' lang='lat' dir='ltr'><strong>scire</strong></span> <span class='ocrx_word' id='word_1_146' title='bbox 1782 1320 2093 1374; x_wconf 89' lang='lat' dir='ltr'><strong>hominibus</strong></span> 
     </span>
    </p>
   </div>
   <div class='ocr_carea' id='block_1_22' title="bbox 528 1412 2091 1482">
    <p class='ocr_par' dir='ltr' id='par_1_22' title="bbox 528 1412 2091 1482">
     <span class='ocr_line' id='line_1_22' title="bbox 528 1412 2091 1482; baseline -0.001 -15"><span class='ocrx_word' id='word_1_147' title='bbox 528 1415 815 1482; x_wconf 84' lang='lat' dir='ltr'><strong>imperare,</strong></span> <span class='ocrx_word' id='word_1_148' title='bbox 844 1428 906 1466; x_wconf 88' lang='lat' dir='ltr'><strong>ac</strong></span> <span class='ocrx_word' id='word_1_149' title='bbox 938 1414 1238 1480; x_wconf 61' lang='lat' dir='ltr'><strong>prmsextim</strong></span> <span class='ocrx_word' id='word_1_150' title='bbox 1267 1412 1318 1463; x_wconf 92' lang='lat' dir='ltr'><strong>in</strong></span> <span class='ocrx_word' id='word_1_151' title='bbox 1345 1413 1441 1465; x_wconf 90' lang='lat' dir='ltr'><strong>hoc</strong></span> <span class='ocrx_word' id='word_1_152' title='bbox 1467 1423 1648 1464; x_wconf 84' lang='lat' dir='ltr'><strong>nostro</strong></span> <span class='ocrx_word' id='word_1_153' title='bbox 1680 1413 1924 1479; x_wconf 87' lang='lat' dir='ltr'><strong>imperio,</strong></span> <span class='ocrx_word' id='word_1_154' title='bbox 1952 1414 2091 1480; x_wconf 92' lang='lat' dir='ltr'><strong>quod</strong></span> 
     </span>
    </p>
   </div>
   <div class='ocr_carea' id='block_1_23' title="bbox 529 1484 2090 1574">
    <p class='ocr_par' dir='ltr' id='par_1_23' title="bbox 529 1484 2090 1574">
     <span class='ocr_line' id='line_1_23' title="bbox 529 1484 2090 1574; baseline -0.002 -15"><span class='ocrx_word' id='word_1_155' title='bbox 529 1507 582 1559; x_wconf 90' lang='lat' dir='ltr'><strong>iu</strong></span> <span class='ocrx_word' id='word_1_156' title='bbox 617 1505 730 1574; x_wconf 80' lang='lat' dir='ltr'><strong>lege</strong></span> <span class='ocrx_word' id='word_1_157' title='bbox 762 1503 938 1556; x_wconf 90' lang='lat' dir='ltr'><strong>divina</strong></span> <span class='ocrx_word' id='word_1_158' title='bbox 975 1503 1133 1555; x_wconf 91' lang='lat' dir='ltr'><strong>situm</strong></span> <span class='ocrx_word' id='word_1_159' title='bbox 1177 1512 1279 1566; x_wconf 85' lang='lat' dir='ltr'><strong>est,</strong></span> <span class='ocrx_word' id='word_1_160' title='bbox 1313 1511 1366 1556; x_wconf 87' lang='lat' dir='ltr'><strong>et</strong></span> <span class='ocrx_word' id='word_1_161' title='bbox 1396 1503 1460 1553; x_wconf 87' lang='lat' dir='ltr'><strong>ad</strong></span> <span class='ocrx_word' id='word_1_162' title='bbox 1511 1503 1674 1555; x_wconf 89' lang='lat' dir='ltr'><strong>Deum</strong></span> <span class='ocrx_word' id='word_1_163' title='bbox 1712 1505 1857 1556; x_wconf 88' lang='lat' dir='ltr'><strong>ducit</strong></span> <span class='ocrx_word' id='word_1_164' title='bbox 1893 1484 1904 1553; x_wconf 67' lang='grc' dir='ltr'>ξ</span> <span class='ocrx_word' id='word_1_165' title='bbox 1941 1503 2090 1568; x_wconf 82' lang='lat' dir='ltr'><strong>Cujus</strong></span> 
     </span>
    </p>
   </div>
   <div class='ocr_carea' id='block_1_24' title="bbox 528 1594 2090 1666">
    <p class='ocr_par' dir='ltr' id='par_1_24' title="bbox 528 1594 2090 1666">
     <span class='ocr_line' id='line_1_24' title="bbox 528 1594 2090 1666; baseline -0.001 -17"><span class='ocrx_word' id='word_1_166' title='bbox 528 1615 633 1666; x_wconf 91' lang='lat' dir='ltr'><strong>quo</strong></span> <span class='ocrx_word' id='word_1_167' title='bbox 681 1599 851 1666; x_wconf 83' lang='lat' dir='ltr'><strong>majus</strong></span> <span class='ocrx_word' id='word_1_168' title='bbox 895 1605 976 1649; x_wconf 89' lang='lat' dir='ltr'><strong>est</strong></span> <span class='ocrx_word' id='word_1_169' title='bbox 1025 1594 1317 1665; x_wconf 71' lang='lat' dir='ltr'><strong>fastigium,</strong></span> <span class='ocrx_word' id='word_1_170' title='bbox 1380 1597 1656 1663; x_wconf 83' lang='lat' dir='ltr'><strong>majorque</strong></span> <span class='ocrx_word' id='word_1_171' title='bbox 1708 1595 1971 1663; x_wconf 80' lang='lat' dir='ltr'><strong>dignitas,</strong></span> <span class='ocrx_word' id='word_1_172' title='bbox 2025 1610 2090 1648; x_wconf 90' lang='lat' dir='ltr'><strong>eo</strong></span> 
     </span>
    </p>
   </div>
   <div class='ocr_carea' id='block_1_25' title="bbox 2273 1221 3727 1302">
    <p class='ocr_par' dir='ltr' id='par_1_25' title="bbox 2273 1221 3727 1302">
     <span class='ocr_line' id='line_1_25' title="bbox 2273 1221 3727 1302; baseline 0.003 -23"><span class='ocrx_word' id='word_1_173' title='bbox 2273 1226 2328 1279; x_wconf 86' lang='lat' dir='ltr'><strong>I&#39;.</strong></span> <span class='ocrx_word' id='word_1_174' title='bbox 2375 1221 2667 1294; x_wconf 81' lang='grc' dir='ltr'>Ἀνθρώπῳ</span> <span class='ocrx_word' id='word_1_175' title='bbox 2705 1223 2760 1275; x_wconf 83' lang='grc' dir='ltr'>δὲ</span> <span class='ocrx_word' id='word_1_176' title='bbox 2794 1225 3026 1293; x_wconf 81' lang='grc' dir='ltr'>χαλεποῦ</span> <span class='ocrx_word' id='word_1_177' title='bbox 3065 1225 3215 1288; x_wconf 75' lang='grc' dir='ltr'>ὄντος</span> <span class='ocrx_word' id='word_1_178' title='bbox 3254 1227 3344 1279; x_wconf 77' lang='grc' dir='ltr'>τοῦ</span> <span class='ocrx_word' id='word_1_179' title='bbox 3375 1229 3569 1281; x_wconf 75' lang='grc' dir='ltr'>εἰδέναι</span> <span class='ocrx_word' id='word_1_180' title='bbox 3596 1230 3727 1302; x_wconf 78' lang='grc' dir='ltr'>ἄρχε-</span> 
     </span>
    </p>
   </div>
   <div class='ocr_carea' id='block_1_26' title="bbox 2198 1314 3726 1390">
    <p class='ocr_par' dir='ltr' id='par_1_26' title="bbox 2198 1314 3726 1390">
     <span class='ocr_line' id='line_1_26' title="bbox 2198 1314 3726 1390; baseline 0.002 -19"><span class='ocrx_word' id='word_1_181' title='bbox 2198 1318 2341 1380; x_wconf 88' lang='grc' dir='ltr'>σθαι,</span> <span class='ocrx_word' id='word_1_182' title='bbox 2375 1314 2666 1369; x_wconf 81' lang='grc' dir='ltr'><strong>κινδυνεύει</strong></span> <span class='ocrx_word' id='word_1_183' title='bbox 2713 1315 2821 1386; x_wconf 71' lang='grc'><strong>(14)</strong></span> <span class='ocrx_word' id='word_1_184' title='bbox 2889 1316 3065 1386; x_wconf 82' lang='grc' dir='ltr'>πολλῷ</span> <span class='ocrx_word' id='word_1_185' title='bbox 3105 1317 3480 1390; x_wconf 70' lang='grc' dir='ltr'>χαλεπώτερον</span> <span class='ocrx_word' id='word_1_186' title='bbox 3540 1317 3726 1376; x_wconf 72' lang='grc' dir='ltr'>εἶναιτὸ</span> 
     </span>
    </p>
   </div>
   <div class='ocr_carea' id='block_1_27' title="bbox 2197 1405 3726 1480">
    <p class='ocr_par' dir='ltr' id='par_1_27' title="bbox 2197 1405 3726 1480">
     <span class='ocr_line' id='line_1_27' title="bbox 2197 1405 3726 1480; baseline 0.003 -20"><span class='ocrx_word' id='word_1_187' title='bbox 2197 1409 2393 1460; x_wconf 71' lang='grc' dir='ltr'>εἰδέναι</span> <span class='ocrx_word' id='word_1_188' title='bbox 2422 1405 2950 1480; x_wconf 32' lang='grc' dir='ltr'>ἄρχειν-ἀνθρώπων,</span> <span class='ocrx_word' id='word_1_189' title='bbox 2983 1408 3074 1459; x_wconf 77' lang='grc' dir='ltr'><strong>καὶ</strong></span> <span class='ocrx_word' id='word_1_190' title='bbox 3101 1408 3332 1477; x_wconf 78' lang='grc' dir='ltr'>μάλιστα</span> <span class='ocrx_word' id='word_1_191' title='bbox 3352 1410 3414 1478; x_wconf 74' lang='grc' dir='ltr'>δὴ</span> <span class='ocrx_word' id='word_1_192' title='bbox 3441 1411 3602 1480; x_wconf 81' lang='grc' dir='ltr'>ἀρχὴν</span> <span class='ocrx_word' id='word_1_193' title='bbox 3629 1412 3726 1465; x_wconf 82' lang='grc' dir='ltr'>ταύ-</span> 
     </span>
    </p>
   </div>
   <div class='ocr_carea' id='block_1_28' title="bbox 2195 1483 3725 1578">
    <p class='ocr_par' dir='ltr' id='par_1_28' title="bbox 2195 1493 3725 1578">
     <span class='ocr_line' id='line_1_28' title="bbox 2195 1493 3725 1578; baseline 0.002 -24"><span class='ocrx_word' id='word_1_194' title='bbox 2195 1518 2294 1570; x_wconf 84' lang='grc' dir='ltr'><strong>την</strong></span> <span class='ocrx_word' id='word_1_195' title='bbox 2329 1501 2434 1570; x_wconf 77' lang='grc'><strong>(15;</strong></span> <span class='ocrx_word' id='word_1_196' title='bbox 2467 1503 2564 1570; x_wconf 78' lang='grc' dir='ltr'><strong>τὴν</strong></span> <span class='ocrx_word' id='word_1_197' title='bbox 2598 1493 2889 1571; x_wconf 78' lang='grc' dir='ltr'>ἡμετέραν,</span> <span class='ocrx_word' id='word_1_198' title='bbox 2935 1500 3029 1570; x_wconf 81' lang='grc' dir='ltr'>τὴν</span> <span class='ocrx_word' id='word_1_199' title='bbox 3060 1503 3115 1553; x_wconf 81' lang='grc' dir='ltr'>ὲν</span> <span class='ocrx_word' id='word_1_200' title='bbox 3151 1503 3298 1572; x_wconf 81' lang='grc' dir='ltr'>νόμῳ</span> <span class='ocrx_word' id='word_1_201' title='bbox 3329 1503 3474 1574; x_wconf 82' lang='grc' dir='ltr'>θείῳ,</span> <span class='ocrx_word' id='word_1_202' title='bbox 3512 1507 3596 1556; x_wconf 79' lang='grc' dir='ltr'><strong>καὶ</strong></span> <span class='ocrx_word' id='word_1_203' title='bbox 3622 1507 3725 1578; x_wconf 61' lang='grc' dir='ltr'>πρὸς</span> 
     </span>
    </p>
   </div>
   <div class='ocr_carea' id='block_1_29' title="bbox 2197 1589 3722 1664">
    <p class='ocr_par' dir='ltr' id='par_1_29' title="bbox 2197 1589 3722 1664">
     <span class='ocr_line' id='line_1_29' title="bbox 2197 1589 3722 1664; baseline 0.003 -18"><span class='ocrx_word' id='word_1_204' title='bbox 2197 1594 2326 1646; x_wconf 83' lang='grc' dir='ltr'>Θεὸν</span> <span class='ocrx_word' id='word_1_205' title='bbox 2350 1593 2603 1661; x_wconf 81' lang='grc' dir='ltr'>ἄγουσαν,</span> <span class='ocrx_word' id='word_1_206' title='bbox 2627 1589 2693 1663; x_wconf 80' lang='grc' dir='ltr'>ἧς</span> <span class='ocrx_word' id='word_1_207' title='bbox 2718 1594 2839 1645; x_wconf 84' lang='grc' dir='ltr'>ὅσον</span> <span class='ocrx_word' id='word_1_208' title='bbox 2866 1592 2924 1644; x_wconf 86' lang='grc' dir='ltr'>τὺ</span> <span class='ocrx_word' id='word_1_209' title='bbox 2957 1592 3086 1662; x_wconf 71' lang='grc' dir='ltr'>ὕψος</span> <span class='ocrx_word' id='word_1_210' title='bbox 3112 1595 3201 1646; x_wconf 70' lang='grc' dir='ltr'><strong>καὶ</strong></span> <span class='ocrx_word' id='word_1_211' title='bbox 3229 1594 3288 1646; x_wconf 83' lang='grc' dir='ltr'><strong>τὸ</strong></span> <span class='ocrx_word' id='word_1_212' title='bbox 3320 1595 3552 1664; x_wconf 77' lang='grc' dir='ltr'>ἀξίωμα,</span> <span class='ocrx_word' id='word_1_213' title='bbox 3573 1599 3722 1650; x_wconf 71' lang='grc' dir='ltr'>τοσοῦο</span> 
     </span>
    </p>
   </div>
   <div class='ocr_carea' id='block_1_30' title="bbox 527 1684 2090 1761">
    <p class='ocr_par' dir='ltr' id='par_1_30' title="bbox 527 1686 2090 1757">
     <span class='ocr_line' id='line_1_30' title="bbox 527 1686 2090 1757; baseline -0.002 -16"><span class='ocrx_word' id='word_1_214' title='bbox 527 1692 690 1742; x_wconf 80' lang='lat' dir='ltr'><strong>etiam</strong></span> <span class='ocrx_word' id='word_1_215' title='bbox 718 1689 888 1757; x_wconf 85' lang='lat' dir='ltr'><strong>majus</strong></span> <span class='ocrx_word' id='word_1_216' title='bbox 916 1687 1209 1756; x_wconf 86' lang='lat' dir='ltr'><strong>Periculum</strong></span> <span class='ocrx_word' id='word_1_217' title='bbox 1236 1696 1338 1749; x_wconf 87' lang='lat' dir='ltr'><strong>est,</strong></span> <span class='ocrx_word' id='word_1_218' title='bbox 1385 1687 1626 1753; x_wconf 88' lang='lat' dir='ltr'><strong>prudenti</strong></span> <span class='ocrx_word' id='word_1_219' title='bbox 1678 1689 1857 1755; x_wconf 82' lang='lat' dir='ltr'><strong>utique</strong></span> <span class='ocrx_word' id='word_1_220' title='bbox 1891 1686 2090 1740; x_wconf 86' lang='lat' dir='ltr'><strong>homini</strong></span> 
     </span>
    </p>
   </div>
   <div class='ocr_carea' id='block_1_31' title="bbox 2202 1684 3724 1761">
    <p class='ocr_par' dir='ltr' id='par_1_31' title="bbox 2202 1684 3724 1761">
     <span class='ocr_line' id='line_1_31' title="bbox 2202 1684 3724 1761; baseline 0.001 -22"><span class='ocrx_word' id='word_1_221' title='bbox 2202 1704 2293 1750; x_wconf 90' lang='grc' dir='ltr'><strong>τος</strong></span> <span class='ocrx_word' id='word_1_222' title='bbox 2342 1687 2434 1739; x_wconf 76' lang='grc' dir='ltr'><strong>καὶ</strong></span> <span class='ocrx_word' id='word_1_223' title='bbox 2479 1688 2507 1739; x_wconf 86' lang='grc' dir='ltr'>ὁ</span> <span class='ocrx_word' id='word_1_224' title='bbox 2558 1686 2798 1747; x_wconf 86' lang='grc' dir='ltr'>κίνδυνος</span> <span class='ocrx_word' id='word_1_225' title='bbox 2832 1684 2909 1754; x_wconf 83' lang='grc' dir='ltr'>τῷ</span> <span class='ocrx_word' id='word_1_226' title='bbox 2954 1702 3015 1754; x_wconf 87' lang='grc' dir='ltr'>γε</span> <span class='ocrx_word' id='word_1_227' title='bbox 3039 1685 3160 1738; x_wconf 76' lang='grc' dir='ltr'>νοῦν</span> <span class='ocrx_word' id='word_1_228' title='bbox 3189 1686 3388 1755; x_wconf 80' lang='grc' dir='ltr'>ἔχοντι.</span> <span class='ocrx_word' id='word_1_229' title='bbox 3421 1689 3514 1740; x_wconf 81' lang='grc' dir='ltr'><strong>’⁷ον</strong></span> <span class='ocrx_word' id='word_1_230' title='bbox 3535 1707 3590 1757; x_wconf 80' lang='grc' dir='ltr'>γε</span> <span class='ocrx_word' id='word_1_231' title='bbox 3612 1693 3724 1761; x_wconf 74' lang='grc' dir='ltr'>πρῶ-</span> 
     </span>
    </p>
   </div>
   <div class='ocr_carea' id='block_1_32' title="bbox 525 1777 2086 1846">
    <p class='ocr_par' dir='ltr' id='par_1_32' title="bbox 525 1777 2086 1846">
     <span class='ocr_line' id='line_1_32' title="bbox 525 1777 2086 1846; baseline -0.003 -11"><span class='ocrx_word' id='word_1_232' title='bbox 525 1790 580 1836; x_wconf 85' lang='lat' dir='ltr'><strong>el</strong></span> <span class='ocrx_word' id='word_1_233' title='bbox 629 1781 867 1834; x_wconf 84' lang='lat' dir='ltr'><strong>cordate.</strong></span> <span class='ocrx_word' id='word_1_234' title='bbox 927 1779 1132 1846; x_wconf 85' lang='lat' dir='ltr'><strong>Quippe</strong></span> <span class='ocrx_word' id='word_1_235' title='bbox 1187 1778 1270 1830; x_wconf 93' lang='lat' dir='ltr'><strong>cui</strong></span> <span class='ocrx_word' id='word_1_236' title='bbox 1328 1779 1560 1844; x_wconf 88' lang='lat' dir='ltr'><strong>primum</strong></span> <span class='ocrx_word' id='word_1_237' title='bbox 1616 1777 1741 1830; x_wconf 90' lang='lat' dir='ltr'><strong>illud</strong></span> <span class='ocrx_word' id='word_1_238' title='bbox 1793 1782 2086 1831; x_wconf 82' lang='lat' dir='ltr'><strong>curandum</strong></span> 
     </span>
    </p>
   </div>
   <div class='ocr_carea' id='block_1_33' title="bbox 527 1869 2090 1940">
    <p class='ocr_par' dir='ltr' id='par_1_33' title="bbox 527 1869 2090 1940">
     <span class='ocr_line' id='line_1_33' title="bbox 527 1869 2090 1940; baseline -0.002 -13"><span class='ocrx_word' id='word_1_239' title='bbox 527 1872 650 1934; x_wconf 92' lang='lat' dir='ltr'><strong>crit,</strong></span> <span class='ocrx_word' id='word_1_240' title='bbox 702 1881 758 1924; x_wconf 92' lang='lat' dir='ltr'><strong>ut</strong></span> <span class='ocrx_word' id='word_1_241' title='bbox 809 1872 1011 1940; x_wconf 81' lang='lat' dir='ltr'><strong>argenti</strong></span> <span class='ocrx_word' id='word_1_242' title='bbox 1057 1880 1217 1938; x_wconf 87' lang='lat' dir='ltr'><strong>atque</strong></span> <span class='ocrx_word' id='word_1_243' title='bbox 1249 1871 1362 1921; x_wconf 88' lang='lat' dir='ltr'><strong>auri</strong></span> <span class='ocrx_word' id='word_1_244' title='bbox 1409 1871 1597 1932; x_wconf 84' lang='lat' dir='ltr'><strong>instar,</strong></span> <span class='ocrx_word' id='word_1_245' title='bbox 1648 1869 1790 1922; x_wconf 93' lang='lat' dir='ltr'><strong>omni</strong></span> <span class='ocrx_word' id='word_1_246' title='bbox 1831 1885 1895 1924; x_wconf 82' lang='lat' dir='ltr'><strong>ex</strong></span> <span class='ocrx_word' id='word_1_247' title='bbox 1940 1880 2090 1939; x_wconf 81' lang='lat' dir='ltr'><strong>parte</strong></span> 
     </span>
    </p>
   </div>
   <div class='ocr_carea' id='block_1_34' title="bbox 526 1961 2088 2029">
    <p class='ocr_par' dir='ltr' id='par_1_34' title="bbox 526 1961 2088 2029">
     <span class='ocr_line' id='line_1_34' title="bbox 526 1961 2088 2029; baseline -0.002 -12"><span class='ocrx_word' id='word_1_248' title='bbox 526 1975 788 2026; x_wconf 87' lang='lat' dir='ltr'><strong>versatus,</strong></span> <span class='ocrx_word' id='word_1_249' title='bbox 829 1973 992 2026; x_wconf 85' lang='lat' dir='ltr'><strong>atque</strong></span> <span class='ocrx_word' id='word_1_250' title='bbox 1045 1961 1094 2014; x_wconf 91' lang='lat' dir='ltr'><strong>in</strong></span> <span class='ocrx_word' id='word_1_251' title='bbox 1129 1961 1380 2014; x_wconf 86' lang='lat' dir='ltr'><strong>omnibus</strong></span> <span class='ocrx_word' id='word_1_252' title='bbox 1433 1962 1757 2029; x_wconf 75' lang='lat' dir='ltr'><strong>temporibus</strong></span> <span class='ocrx_word' id='word_1_253' title='bbox 1810 1971 1863 2012; x_wconf 88' lang='lat' dir='ltr'><strong>et</strong></span> <span class='ocrx_word' id='word_1_254' title='bbox 1913 1963 2088 2028; x_wconf 82' lang='lat' dir='ltr'><strong>rebus,</strong></span> 
     </span>
    </p>
   </div>
   <div class='ocr_carea' id='block_1_35' title="bbox 525 2051 2091 2124">
    <p class='ocr_par' dir='ltr' id='par_1_35' title="bbox 525 2051 2091 2124">
     <span class='ocr_line' id='line_1_35' title="bbox 525 2051 2091 2124; baseline -0.004 -15"><span class='ocrx_word' id='word_1_255' title='bbox 525 2069 787 2124; x_wconf 65' lang='lat' dir='ltr'><strong>nusquam</strong></span> <span class='ocrx_word' id='word_1_256' title='bbox 819 2052 1174 2104; x_wconf 81' lang='lat' dir='ltr'><strong>adulterinum</strong></span> <span class='ocrx_word' id='word_1_257' title='bbox 1208 2061 1298 2102; x_wconf 84' lang='lat' dir='ltr'><strong>aut</strong></span> <span class='ocrx_word' id='word_1_258' title='bbox 1331 2051 1654 2103; x_wconf 70' lang='lat' dir='ltr'><strong>solueratum</strong></span> <span class='ocrx_word' id='word_1_259' title='bbox 1701 2051 1952 2115; x_wconf 84' lang='lat' dir='ltr'><strong>quiddam</strong></span> <span class='ocrx_word' id='word_1_260' title='bbox 1990 2051 2091 2103; x_wconf 87' lang='lat' dir='ltr'><strong>tin-</strong></span> 
     </span>
    </p>
   </div>
   <div class='ocr_carea' id='block_1_36' title="bbox 525 2142 2086 2213">
    <p class='ocr_par' dir='ltr' id='par_1_36' title="bbox 525 2142 2086 2213">
     <span class='ocr_line' id='line_1_36' title="bbox 525 2142 2086 2213; baseline -0.006 -13"><span class='ocrx_word' id='word_1_261' title='bbox 525 2148 656 2210; x_wconf 86' lang='lat' dir='ltr'><strong>niat,</strong></span> <span class='ocrx_word' id='word_1_262' title='bbox 685 2146 923 2213; x_wconf 88' lang='lat' dir='ltr'><strong>nihilque</strong></span> <span class='ocrx_word' id='word_1_263' title='bbox 951 2144 1233 2197; x_wconf 86' lang='lat' dir='ltr'><strong>deterioris</strong></span> <span class='ocrx_word' id='word_1_264' title='bbox 1257 2143 1513 2202; x_wconf 62' lang='lat' dir='ltr'><strong>materiai,</strong></span> <span class='ocrx_word' id='word_1_265' title='bbox 1546 2142 1866 2210; x_wconf 83' lang='lat' dir='ltr'><strong>ﬂammaque</strong></span> <span class='ocrx_word' id='word_1_266' title='bbox 1893 2143 2086 2196; x_wconf 83' lang='lat' dir='ltr'><strong>aCriori</strong></span> 
     </span>
    </p>
   </div>
   <div class='ocr_carea' id='block_1_37' title="bbox 523 2234 2093 2307">
    <p class='ocr_par' dir='ltr' id='par_1_37' title="bbox 523 2234 2093 2307">
     <span class='ocr_line' id='line_1_37' title="bbox 523 2234 2093 2307; baseline -0.003 -15"><span class='ocrx_word' id='word_1_267' title='bbox 523 2241 717 2307; x_wconf 67' lang='lat' dir='ltr'><strong>dignae,</strong></span> <span class='ocrx_word' id='word_1_268' title='bbox 750 2239 799 2290; x_wconf 92' lang='lat' dir='ltr'><strong>in</strong></span> <span class='ocrx_word' id='word_1_269' title='bbox 833 2236 1007 2303; x_wconf 80' lang='lat' dir='ltr'><strong>seipso</strong></span> <span class='ocrx_word' id='word_1_270' title='bbox 1039 2244 1209 2304; x_wconf 81' lang='lat' dir='ltr'><strong>gestet</strong></span> <span class='ocrx_word' id='word_1_271' title='bbox 1250 2234 1292 2264; x_wconf 81' lang='grc'><strong>³⁵</strong></span> <span class='ocrx_word' id='word_1_272' title='bbox 1325 2252 1338 2286; x_wconf 90' lang='lat'><strong>:</strong></span> <span class='ocrx_word' id='word_1_273' title='bbox 1373 2250 1493 2286; x_wconf 89' lang='lat' dir='ltr'><strong>nam</strong></span> <span class='ocrx_word' id='word_1_274' title='bbox 1546 2234 1742 2302; x_wconf 85' lang='lat' dir='ltr'><strong>alioqui</strong></span> <span class='ocrx_word' id='word_1_275' title='bbox 1790 2245 1935 2286; x_wconf 88' lang='lat' dir='ltr'><strong>tanto</strong></span> <span class='ocrx_word' id='word_1_276' title='bbox 1969 2249 2093 2302; x_wconf 79' lang='lat' dir='ltr'><strong>gra-</strong></span> 
     </span>
    </p>
   </div>
   <div class='ocr_carea' id='block_1_38' title="bbox 525 2325 2094 2394">
    <p class='ocr_par' dir='ltr' id='par_1_38' title="bbox 525 2325 2094 2394">
     <span class='ocr_line' id='line_1_38' title="bbox 525 2325 2094 2394; baseline -0.003 -13"><span class='ocrx_word' id='word_1_277' title='bbox 525 2331 643 2384; x_wconf 90' lang='lat' dir='ltr'><strong>vius</strong></span> <span class='ocrx_word' id='word_1_278' title='bbox 677 2329 871 2382; x_wconf 87' lang='lat' dir='ltr'><strong>malum</strong></span> <span class='ocrx_word' id='word_1_279' title='bbox 911 2327 1091 2387; x_wconf 80' lang='lat' dir='ltr'><strong>fuerit,</strong></span> <span class='ocrx_word' id='word_1_280' title='bbox 1147 2336 1349 2394; x_wconf 86' lang='lat' dir='ltr'><strong>quanto</strong></span> <span class='ocrx_word' id='word_1_281' title='bbox 1391 2326 1631 2392; x_wconf 86' lang='lat' dir='ltr'><strong>pluribus</strong></span> <span class='ocrx_word' id='word_1_282' title='bbox 1674 2325 1972 2393; x_wconf 86' lang='lat' dir='ltr'><strong>imperarit.</strong></span> <span class='ocrx_word' id='word_1_283' title='bbox 2009 2326 2094 2378; x_wconf 85' lang='lat' dir='ltr'><strong>Si-</strong></span> 
     </span>
    </p>
   </div>
   <div class='ocr_carea' id='block_1_39' title="bbox 522 2415 2093 2492">
    <p class='ocr_par' dir='ltr' id='par_1_39' title="bbox 522 2415 2093 2492">
     <span class='ocr_line' id='line_1_39' title="bbox 522 2415 2093 2492; baseline -0.001 -20"><span class='ocrx_word' id='word_1_284' title='bbox 522 2422 738 2492; x_wconf 87' lang='lat' dir='ltr'><strong>quidem</strong></span> <span class='ocrx_word' id='word_1_285' title='bbox 774 2419 943 2486; x_wconf 80' lang='lat' dir='ltr'><strong>major</strong></span> <span class='ocrx_word' id='word_1_286' title='bbox 981 2427 1065 2470; x_wconf 92' lang='lat' dir='ltr'><strong>est</strong></span> <span class='ocrx_word' id='word_1_287' title='bbox 1111 2432 1172 2469; x_wconf 88' lang='lat' dir='ltr'><strong>ea</strong></span> <span class='ocrx_word' id='word_1_288' title='bbox 1227 2416 1576 2483; x_wconf 82' lang='lat' dir='ltr'><strong>improbitas,</strong></span> <span class='ocrx_word' id='word_1_289' title='bbox 1631 2430 1748 2483; x_wconf 45' lang='lat' dir='ltr'><strong>quae.</strong></span> <span class='ocrx_word' id='word_1_290' title='bbox 1787 2417 1851 2467; x_wconf 91' lang='lat' dir='ltr'><strong>ad</strong></span> <span class='ocrx_word' id='word_1_291' title='bbox 1899 2415 2093 2470; x_wconf 81' lang='lat' dir='ltr'><strong>inultos</strong></span> 
     </span>
    </p>
   </div>
   <div class='ocr_carea' id='block_1_40' title="bbox 523 2506 1806 2580">
    <p class='ocr_par' dir='ltr' id='par_1_40' title="bbox 523 2506 1806 2580">
     <span class='ocr_line' id='line_1_40' title="bbox 523 2506 1806 2580; baseline -0.004 -13"><span class='ocrx_word' id='word_1_292' title='bbox 523 2513 713 2580; x_wconf 87' lang='lat' dir='ltr'><strong>serpit,</strong></span> <span class='ocrx_word' id='word_1_293' title='bbox 751 2525 910 2578; x_wconf 89' lang='lat' dir='ltr'><strong>quam</strong></span> <span class='ocrx_word' id='word_1_294' title='bbox 949 2525 1010 2563; x_wconf 89' lang='lat' dir='ltr'><strong>ea</strong></span> <span class='ocrx_word' id='word_1_295' title='bbox 1037 2523 1156 2576; x_wconf 65' lang='lat' dir='ltr'><strong>qum</strong></span> <span class='ocrx_word' id='word_1_296' title='bbox 1188 2507 1238 2560; x_wconf 92' lang='lat' dir='ltr'><strong>in</strong></span> <span class='ocrx_word' id='word_1_297' title='bbox 1277 2521 1380 2559; x_wconf 91' lang='lat' dir='ltr'><strong>uno</strong></span> <span class='ocrx_word' id='word_1_298' title='bbox 1405 2506 1579 2558; x_wconf 84' lang='lat' dir='ltr'><strong>deﬁxa</strong></span> <span class='ocrx_word' id='word_1_299' title='bbox 1616 2507 1806 2562; x_wconf 76' lang='lat' dir='ltr'><strong>lueret.</strong></span> 
     </span>
    </p>
   </div>
   <div class='ocr_carea' id='block_1_41' title="bbox 596 2597 2094 2670">
    <p class='ocr_par' dir='ltr' id='par_1_41' title="bbox 596 2597 2094 2670">
     <span class='ocr_line' id='line_1_41' title="bbox 596 2597 2094 2670; baseline -0.002 -14"><span class='ocrx_word' id='word_1_300' title='bbox 596 2600 683 2656; x_wconf 77' lang='lat' dir='ltr'><strong>XI.</strong></span> <span class='ocrx_word' id='word_1_301' title='bbox 727 2601 908 2670; x_wconf 85' lang='lat' dir='ltr'><strong>Neque</strong></span> <span class='ocrx_word' id='word_1_302' title='bbox 943 2601 1083 2655; x_wconf 91' lang='lat' dir='ltr'><strong>enim</strong></span> <span class='ocrx_word' id='word_1_303' title='bbox 1134 2598 1218 2653; x_wconf 82' lang='lat' dir='ltr'><strong>vel</strong></span> <span class='ocrx_word' id='word_1_304' title='bbox 1257 2597 1596 2651; x_wconf 90' lang='lat' dir='ltr'><strong>indelebilem</strong></span> <span class='ocrx_word' id='word_1_305' title='bbox 1633 2597 1920 2652; x_wconf 90' lang='lat' dir='ltr'><strong>tiucturam</strong></span> <span class='ocrx_word' id='word_1_306' title='bbox 1954 2614 2094 2668; x_wconf 90' lang='lat' dir='ltr'><strong>pan-</strong></span> 
     </span>
    </p>
   </div>
   <div class='ocr_carea' id='block_1_42' title="bbox 524 2691 2093 2758">
    <p class='ocr_par' dir='ltr' id='par_1_42' title="bbox 524 2691 2093 2758">
     <span class='ocr_line' id='line_1_42' title="bbox 524 2691 2093 2758; baseline 0 -10"><span class='ocrx_word' id='word_1_307' title='bbox 524 2709 646 2758; x_wconf 88' lang='lat' dir='ltr'><strong>nus,</strong></span> <span class='ocrx_word' id='word_1_308' title='bbox 678 2695 755 2747; x_wconf 87' lang='lat' dir='ltr'><strong>vel</strong></span> <span class='ocrx_word' id='word_1_309' title='bbox 792 2693 1032 2746; x_wconf 69' lang='lat' dir='ltr'><strong>lmtidum</strong></span> <span class='ocrx_word' id='word_1_310' title='bbox 1079 2701 1172 2745; x_wconf 85' lang='lat' dir='ltr'><strong>aut</strong></span> <span class='ocrx_word' id='word_1_311' title='bbox 1216 2706 1432 2744; x_wconf 84' lang='lat' dir='ltr'><strong>suavem</strong></span> <span class='ocrx_word' id='word_1_312' title='bbox 1471 2691 1692 2745; x_wconf 91' lang='lat' dir='ltr'><strong>odorem</strong></span> <span class='ocrx_word' id='word_1_313' title='bbox 1733 2707 1817 2745; x_wconf 91' lang='lat' dir='ltr'><strong>res</strong></span> <span class='ocrx_word' id='word_1_314' title='bbox 1865 2692 2093 2748; x_wconf 68' lang='lat' dir='ltr'><strong>admotae</strong></span> 
     </span>
    </p>
   </div>
   <div class='ocr_carea' id='block_1_43' title="bbox 526 2780 2094 2849">
    <p class='ocr_par' dir='ltr' id='par_1_43' title="bbox 526 2780 2094 2849">
     <span class='ocr_line' id='line_1_43' title="bbox 526 2780 2094 2849; baseline -0.002 -10"><span class='ocrx_word' id='word_1_315' title='bbox 526 2785 598 2839; x_wconf 86' lang='lat' dir='ltr'><strong>ita</strong></span> <span class='ocrx_word' id='word_1_316' title='bbox 636 2784 789 2837; x_wconf 79' lang='lat' dir='ltr'><strong>facile</strong></span> <span class='ocrx_word' id='word_1_317' title='bbox 821 2783 1187 2844; x_wconf 89' lang='lat' dir='ltr'><strong>contrahunt,</strong></span> <span class='ocrx_word' id='word_1_318' title='bbox 1237 2780 1320 2834; x_wconf 89' lang='lat' dir='ltr'><strong>vel</strong></span> <span class='ocrx_word' id='word_1_319' title='bbox 1373 2781 1606 2834; x_wconf 77' lang='lat' dir='ltr'><strong>exitialis</strong></span> <span class='ocrx_word' id='word_1_320' title='bbox 1661 2782 1876 2848; x_wconf 90' lang='lat' dir='ltr'><strong>quidam</strong></span> <span class='ocrx_word' id='word_1_321' title='bbox 1926 2797 2094 2849; x_wconf 89' lang='lat' dir='ltr'><strong>vapor</strong></span> 
     </span>
    </p>
   </div>
   <div class='ocr_carea' id='block_1_44' title="bbox 527 2871 2094 2940">
    <p class='ocr_par' dir='ltr' id='par_1_44' title="bbox 527 2871 2094 2940">
     <span class='ocr_line' id='line_1_44' title="bbox 527 2871 2094 2940; baseline -0.002 -10"><span class='ocrx_word' id='word_1_322' title='bbox 527 2889 633 2930; x_wconf 89' lang='lat' dir='ltr'><strong>tam</strong></span> <span class='ocrx_word' id='word_1_323' title='bbox 666 2875 819 2928; x_wconf 78' lang='lat' dir='ltr'><strong>facile</strong></span> <span class='ocrx_word' id='word_1_324' title='bbox 845 2876 894 2927; x_wconf 93' lang='lat' dir='ltr'><strong>in</strong></span> <span class='ocrx_word' id='word_1_325' title='bbox 936 2890 1114 2928; x_wconf 89' lang='lat' dir='ltr'><strong>acrem</strong></span> <span class='ocrx_word' id='word_1_326' title='bbox 1153 2871 1487 2937; x_wconf 75' lang='lat' dir='ltr'><strong>diffunditur,</strong></span> <span class='ocrx_word' id='word_1_327' title='bbox 1536 2888 1600 2925; x_wconf 87' lang='lat' dir='ltr'><strong>ac</strong></span> <span class='ocrx_word' id='word_1_328' title='bbox 1632 2887 1726 2940; x_wconf 85' lang='lat' dir='ltr'><strong>per</strong></span> <span class='ocrx_word' id='word_1_329' title='bbox 1768 2888 1945 2928; x_wconf 89' lang='lat' dir='ltr'><strong>aerem</strong></span> <span class='ocrx_word' id='word_1_330' title='bbox 1973 2874 2094 2928; x_wconf 88' lang='lat' dir='ltr'><strong>ani-</strong></span> 
     </span>
    </p>
   </div>
   <div class='ocr_carea' id='block_1_45' title="bbox 526 2966 2092 3036">
    <p class='ocr_par' dir='ltr' id='par_1_45' title="bbox 526 2966 2092 3036">
     <span class='ocr_line' id='line_1_45' title="bbox 526 2966 2092 3036; baseline -0.002 -14"><span class='ocrx_word' id='word_1_331' title='bbox 526 2969 724 3022; x_wconf 87' lang='lat' dir='ltr'><strong>mantia</strong></span> <span class='ocrx_word' id='word_1_332' title='bbox 757 2976 1006 3036; x_wconf 82' lang='lat' dir='ltr'><strong>occupat,</strong></span> <span class='ocrx_word' id='word_1_333' title='bbox 1041 2966 1181 3034; x_wconf 87' lang='lat' dir='ltr'><strong>quod</strong></span> <span class='ocrx_word' id='word_1_334' title='bbox 1207 2966 1420 3033; x_wconf 88' lang='lat' dir='ltr'><strong>quidem</strong></span> <span class='ocrx_word' id='word_1_335' title='bbox 1446 2967 1613 3032; x_wconf 82' lang='lat' dir='ltr'><strong>pestis</strong></span> <span class='ocrx_word' id='word_1_336' title='bbox 1643 2977 1696 3018; x_wconf 84' lang='lat' dir='ltr'><strong>cl</strong></span> <span class='ocrx_word' id='word_1_337' title='bbox 1726 2975 1882 3020; x_wconf 89' lang='lat' dir='ltr'><strong>estet</strong></span> <span class='ocrx_word' id='word_1_338' title='bbox 1911 2967 2092 3036; x_wconf 89' lang='lat' dir='ltr'><strong>appel-</strong></span> 
     </span>
    </p>
   </div>
   <div class='ocr_carea' id='block_1_46' title="bbox 2191 1775 3725 1848">
    <p class='ocr_par' dir='ltr' id='par_1_46' title="bbox 2191 1775 3725 1848">
     <span class='ocr_line' id='line_1_46' title="bbox 2191 1775 3725 1848; baseline 0.002 -19"><span class='ocrx_word' id='word_1_339' title='bbox 2191 1795 2280 1829; x_wconf 88' lang='grc' dir='ltr'><strong>τον</strong></span> <span class='ocrx_word' id='word_1_340' title='bbox 2311 1777 2406 1848; x_wconf 82' lang='grc' dir='ltr'>μὲν</span> <span class='ocrx_word' id='word_1_341' title='bbox 2443 1777 2644 1844; x_wconf 83' lang='grc' dir='ltr'><strong>δεήσει,</strong></span> <span class='ocrx_word' id='word_1_342' title='bbox 2677 1775 2924 1846; x_wconf 79' lang='grc' dir='ltr'>καθάπερ</span> <span class='ocrx_word' id='word_1_343' title='bbox 2965 1777 3200 1847; x_wconf 84' lang='grc' dir='ltr'>ἄργυρον</span> <span class='ocrx_word' id='word_1_344' title='bbox 3245 1777 3276 1846; x_wconf 76' lang='grc' dir='ltr'>ἢ</span> <span class='ocrx_word' id='word_1_345' title='bbox 3314 1778 3530 1848; x_wconf 81' lang='grc' dir='ltr'>χρυσὸν,</span> <span class='ocrx_word' id='word_1_346' title='bbox 3557 1797 3725 1832; x_wconf 78' lang='grc' dir='ltr'>παντα-</span> 
     </span>
    </p>
   </div>
   <div class='ocr_carea' id='block_1_47' title="bbox 2191 1870 3725 1942">
    <p class='ocr_par' dir='ltr' id='par_1_47' title="bbox 2191 1870 3725 1942">
     <span class='ocr_line' id='line_1_47' title="bbox 2191 1870 3725 1942; baseline 0.003 -19"><span class='ocrx_word' id='word_1_347' title='bbox 2191 1871 2344 1941; x_wconf 87' lang='grc' dir='ltr'>χόθεν</span> <span class='ocrx_word' id='word_1_348' title='bbox 2371 1871 2752 1941; x_wconf 84' lang='grc' dir='ltr'>στρεφόμενον.</span> <span class='ocrx_word' id='word_1_349' title='bbox 2784 1871 2874 1922; x_wconf 68' lang='grc' dir='ltr'><strong>καὶ</strong></span> <span class='ocrx_word' id='word_1_350' title='bbox 2908 1873 2965 1922; x_wconf 80' lang='grc' dir='ltr'>ἐν</span> <span class='ocrx_word' id='word_1_351' title='bbox 2995 1870 3264 1933; x_wconf 78' lang='grc' dir='ltr'>παντοίοις</span> <span class='ocrx_word' id='word_1_352' title='bbox 3287 1872 3398 1941; x_wconf 77' lang='grc' dir='ltr'><strong>(Ιϋ)</strong></span> <span class='ocrx_word' id='word_1_353' title='bbox 3435 1877 3631 1942; x_wconf 81' lang='grc' dir='ltr'>καιροῖς</span> <span class='ocrx_word' id='word_1_354' title='bbox 3654 1877 3725 1927; x_wconf 79' lang='grc' dir='ltr'>καὶ</span> 
     </span>
    </p>
   </div>
   <div class='ocr_carea' id='block_1_48' title="bbox 2192 1961 3725 2033">
    <p class='ocr_par' dir='ltr' id='par_1_48' title="bbox 2192 1961 3725 2033">
     <span class='ocr_line' id='line_1_48' title="bbox 2192 1961 3725 2033; baseline -0.001 -17"><span class='ocrx_word' id='word_1_355' title='bbox 2192 1964 2498 2033; x_wconf 78' lang='grc' dir='ltr'>πράγμασι,</span> <span class='ocrx_word' id='word_1_356' title='bbox 2559 1961 2805 2032; x_wconf 81' lang='grc' dir='ltr'><strong>μηδαμοῦ</strong></span> <span class='ocrx_word' id='word_1_357' title='bbox 2855 1961 3104 2032; x_wconf 81' lang='grc' dir='ltr'>κίϐδηλον</span> <span class='ocrx_word' id='word_1_358' title='bbox 3139 1964 3288 2031; x_wconf 62' lang='grc' dir='ltr'>ἠχεῖν</span> <span class='ocrx_word' id='word_1_359' title='bbox 3352 1963 3384 2032; x_wconf 80' lang='grc' dir='ltr'><strong>ἦ</strong></span> <span class='ocrx_word' id='word_1_360' title='bbox 3439 1963 3725 2031; x_wconf 71' lang='grc' dir='ltr'>ὑπόχαλκον,</span> 
     </span>
    </p>
   </div>
   <div class='ocr_carea' id='block_1_49' title="bbox 2195 2053 3726 2127">
    <p class='ocr_par' dir='ltr' id='par_1_49' title="bbox 2195 2053 3726 2127">
     <span class='ocr_line' id='line_1_49' title="bbox 2195 2053 3726 2127; baseline 0 -19"><span class='ocrx_word' id='word_1_361' title='bbox 2195 2057 2326 2126; x_wconf 83' lang='grc' dir='ltr'><strong>μηδέ</strong></span> <span class='ocrx_word' id='word_1_362' title='bbox 2349 2074 2399 2107; x_wconf 87' lang='grc' dir='ltr'><strong>τι</strong></span> <span class='ocrx_word' id='word_1_363' title='bbox 2423 2054 2606 2125; x_wconf 68' lang='grc' dir='ltr'>φέρειν</span> <span class='ocrx_word' id='word_1_364' title='bbox 2639 2056 2695 2106; x_wconf 82' lang='grc' dir='ltr'><strong>ὲν</strong></span> <span class='ocrx_word' id='word_1_365' title='bbox 2726 2053 2902 2122; x_wconf 84' lang='grc' dir='ltr'>ἐαυτῷ</span> <span class='ocrx_word' id='word_1_366' title='bbox 2934 2053 3064 2124; x_wconf 74' lang='grc' dir='ltr'>ὕλης</span> <span class='ocrx_word' id='word_1_367' title='bbox 3099 2058 3194 2124; x_wconf 77' lang='grc' dir='ltr'>τῆς</span> <span class='ocrx_word' id='word_1_368' title='bbox 3227 2055 3486 2125; x_wconf 86' lang='grc' dir='ltr'>χείρονος,</span> <span class='ocrx_word' id='word_1_369' title='bbox 3515 2058 3600 2108; x_wconf 80' lang='grc' dir='ltr'>καὶ</span> <span class='ocrx_word' id='word_1_370' title='bbox 3624 2056 3726 2127; x_wconf 65' lang='lat' dir='ltr'><strong>Gep-</strong></span> 
     </span>
    </p>
   </div>
   <div class='ocr_carea' id='block_1_50' title="bbox 2195 2143 3714 2216">
    <p class='ocr_par' dir='ltr' id='par_1_50' title="bbox 2195 2143 3714 2216">
     <span class='ocr_line' id='line_1_50' title="bbox 2195 2143 3714 2216; baseline 0.001 -19"><span class='ocrx_word' id='word_1_371' title='bbox 2195 2145 2423 2216; x_wconf 82' lang='grc' dir='ltr'>μοτὲρου</span> <span class='ocrx_word' id='word_1_372' title='bbox 2458 2144 2626 2216; x_wconf 78' lang='grc' dir='ltr'>πυρὸς</span> <span class='ocrx_word' id='word_1_373' title='bbox 2666 2143 2819 2207; x_wconf 80' lang='grc' dir='ltr'>ἀξίας</span> <span class='ocrx_word' id='word_1_374' title='bbox 2843 2161 2856 2174; x_wconf 77' lang='grc' dir='ltr'><strong>ο</strong></span> <span class='ocrx_word' id='word_1_375' title='bbox 2897 2143 2928 2213; x_wconf 75' lang='grc' dir='ltr'>ἢ</span> <span class='ocrx_word' id='word_1_376' title='bbox 2979 2145 3213 2214; x_wconf 79' lang='grc' dir='ltr'>τοσούτω</span> <span class='ocrx_word' id='word_1_377' title='bbox 3267 2143 3449 2215; x_wconf 81' lang='grc' dir='ltr'>μεῖζον</span> <span class='ocrx_word' id='word_1_378' title='bbox 3486 2145 3622 2199; x_wconf 76' lang='grc' dir='ltr'>ἔσται</span> <span class='ocrx_word' id='word_1_379' title='bbox 3649 2166 3714 2200; x_wconf 81' lang='grc' dir='ltr'>κα-</span> 
     </span>
    </p>
   </div>
   <div class='ocr_carea' id='block_1_51' title="bbox 2192 2235 3727 2309">
    <p class='ocr_par' dir='ltr' id='par_1_51' title="bbox 2192 2235 3727 2309">
     <span class='ocr_line' id='line_1_51' title="bbox 2192 2235 3727 2309; baseline 0.001 -19"><span class='ocrx_word' id='word_1_380' title='bbox 2192 2237 2306 2297; x_wconf 84' lang='grc' dir='ltr'>κὸν,</span> <span class='ocrx_word' id='word_1_381' title='bbox 2343 2238 2451 2306; x_wconf 79' lang='grc' dir='ltr'><strong>ὅσῳ</strong></span> <span class='ocrx_word' id='word_1_382' title='bbox 2482 2253 2584 2308; x_wconf 89' lang='grc' dir='ltr'><strong>περ</strong></span> <span class='ocrx_word' id='word_1_383' title='bbox 2614 2235 2677 2289; x_wconf 84' lang='grc' dir='ltr'>ἂν</span> <span class='ocrx_word' id='word_1_384' title='bbox 2700 2237 2840 2307; x_wconf 82' lang='grc' dir='ltr'>ἄρχῃ</span> <span class='ocrx_word' id='word_1_385' title='bbox 2870 2235 3126 2289; x_wconf 87' lang='grc' dir='ltr'>πλειόνων</span> <span class='ocrx_word' id='word_1_386' title='bbox 3149 2237 3294 2308; x_wconf 80' lang='grc'><strong>(17)’</strong></span> <span class='ocrx_word' id='word_1_387' title='bbox 3321 2238 3480 2307; x_wconf 80' lang='grc' dir='ltr'>εἴπερ</span> <span class='ocrx_word' id='word_1_388' title='bbox 3519 2239 3604 2291; x_wconf 73' lang='grc' dir='ltr'><strong>καὶ</strong></span> <span class='ocrx_word' id='word_1_389' title='bbox 3633 2239 3727 2309; x_wconf 81' lang='grc' dir='ltr'>μεί-</span> 
     </span>
    </p>
   </div>
   <div class='ocr_carea' id='block_1_52' title="bbox 2193 2327 3725 2399">
    <p class='ocr_par' dir='ltr' id='par_1_52' title="bbox 2193 2327 3725 2399">
     <span class='ocr_line' id='line_1_52' title="bbox 2193 2327 3725 2399; baseline 0.001 -19"><span class='ocrx_word' id='word_1_390' title='bbox 2193 2328 2297 2391; x_wconf 80' lang='grc' dir='ltr'><strong>ζων</strong></span> <span class='ocrx_word' id='word_1_391' title='bbox 2329 2330 2424 2398; x_wconf 84' lang='grc' dir='ltr'>τῆς</span> <span class='ocrx_word' id='word_1_392' title='bbox 2466 2327 2592 2398; x_wconf 75' lang='grc' dir='ltr'>περὶ</span> <span class='ocrx_word' id='word_1_393' title='bbox 2637 2327 2732 2379; x_wconf 74' lang='grc' dir='ltr'>ἕνα</span> <span class='ocrx_word' id='word_1_394' title='bbox 2759 2327 3053 2398; x_wconf 78' lang='grc' dir='ltr'>ἱσταμένης</span> <span class='ocrx_word' id='word_1_395' title='bbox 3085 2327 3345 2398; x_wconf 82' lang='grc' dir='ltr'>πονηρίας</span> <span class='ocrx_word' id='word_1_396' title='bbox 3370 2329 3404 2399; x_wconf 74' lang='grc' dir='ltr'>ἡ</span> <span class='ocrx_word' id='word_1_397' title='bbox 3431 2330 3508 2391; x_wconf 77' lang='grc' dir='ltr'><strong>εἰς</strong></span> <span class='ocrx_word' id='word_1_398' title='bbox 3535 2328 3725 2393; x_wconf 73' lang='grc' dir='ltr'>πολλοὺς</span> 
     </span>
    </p>
   </div>
   <div class='ocr_carea' id='block_1_53' title="bbox 2191 2417 2467 2470">
    <p class='ocr_par' dir='ltr' id='par_1_53' title="bbox 2191 2417 2467 2470">
     <span class='ocr_line' id='line_1_53' title="bbox 2191 2417 2467 2470; baseline 0.004 -1"><span class='ocrx_word' id='word_1_399' title='bbox 2191 2417 2467 2470; x_wconf 86' lang='grc' dir='ltr'>ὁδεύουσα.</span> 
     </span>
    </p>
   </div>
   <div class='ocr_carea' id='block_1_54' title="bbox 2262 2597 3729 2671">
    <p class='ocr_par' dir='ltr' id='par_1_54' title="bbox 2262 2597 3729 2671">
     <span class='ocr_line' id='line_1_54' title="bbox 2262 2597 3729 2671; baseline 0.001 -19"><span class='ocrx_word' id='word_1_400' title='bbox 2262 2599 2363 2656; x_wconf 85' lang='grc' dir='ltr'><strong>ΙΛ’.</strong></span> <span class='ocrx_word' id='word_1_401' title='bbox 2398 2600 2470 2652; x_wconf 83' lang='grc' dir='ltr'><strong>Οὐ</strong></span> <span class='ocrx_word' id='word_1_402' title='bbox 2501 2599 2608 2669; x_wconf 80' lang='grc' dir='ltr'><strong>γὰρ</strong></span> <span class='ocrx_word' id='word_1_403' title='bbox 2648 2597 2820 2660; x_wconf 75' lang='grc' dir='ltr'>οὕτως</span> <span class='ocrx_word' id='word_1_404' title='bbox 2864 2597 2984 2651; x_wconf 75' lang='grc' dir='ltr'>οὔτε</span> <span class='ocrx_word' id='word_1_405' title='bbox 3021 2599 3332 2653; x_wconf 86' lang='grc' dir='ltr'>δευσοποιοῦ</span> <span class='ocrx_word' id='word_1_406' title='bbox 3380 2600 3554 2671; x_wconf 77' lang='grc' dir='ltr'>βαφῆς</span> <span class='ocrx_word' id='word_1_407' title='bbox 3593 2619 3729 2670; x_wconf 74' lang='grc' dir='ltr'>μετσο</span> 
     </span>
    </p>
   </div>
   <div class='ocr_carea' id='block_1_55' title="bbox 2192 2688 3729 2762">
    <p class='ocr_par' dir='ltr' id='par_1_55' title="bbox 2192 2688 3729 2762">
     <span class='ocr_line' id='line_1_55' title="bbox 2192 2688 3729 2762; baseline -0.001 -20"><span class='ocrx_word' id='word_1_408' title='bbox 2192 2691 2452 2762; x_wconf 75' lang='grc' dir='ltr'>λαμϐάνει</span> <span class='ocrx_word' id='word_1_409' title='bbox 2485 2691 2680 2762; x_wconf 69' lang='grc' dir='ltr'>ῥᾳδίως</span> <span class='ocrx_word' id='word_1_410' title='bbox 2714 2690 2958 2759; x_wconf 70' lang='grc' dir='ltr'>ὕφασμα,</span> <span class='ocrx_word' id='word_1_411' title='bbox 2986 2688 3108 2742; x_wconf 75' lang='grc' dir='ltr'>οὔτε</span> <span class='ocrx_word' id='word_1_412' title='bbox 3141 2690 3405 2754; x_wconf 83' lang='grc' dir='ltr'>δυσωδίας</span> <span class='ocrx_word' id='word_1_413' title='bbox 3434 2692 3466 2762; x_wconf 80' lang='grc' dir='ltr'><strong>ἢ</strong></span> <span class='ocrx_word' id='word_1_414' title='bbox 3494 2691 3581 2743; x_wconf 80' lang='grc' dir='ltr'>τοῦ</span> <span class='ocrx_word' id='word_1_415' title='bbox 3605 2695 3729 2744; x_wconf 77' lang='grc' dir='ltr'>ἐναν-</span> 
     </span>
    </p>
   </div>
   <div class='ocr_carea' id='block_1_56' title="bbox 2192 2780 3728 2852">
    <p class='ocr_par' dir='ltr' id='par_1_56' title="bbox 2192 2780 3728 2852">
     <span class='ocr_line' id='line_1_56' title="bbox 2192 2780 3728 2852; baseline -0.002 -17"><span class='ocrx_word' id='word_1_416' title='bbox 2192 2782 2303 2835; x_wconf 88' lang='grc' dir='ltr'>τίου</span> <span class='ocrx_word' id='word_1_417' title='bbox 2356 2781 2416 2834; x_wconf 78' lang='grc' dir='ltr'>τὸ</span> <span class='ocrx_word' id='word_1_418' title='bbox 2449 2781 2772 2852; x_wconf 67' lang='grc' dir='ltr'>πλησιάσαν,</span> <span class='ocrx_word' id='word_1_419' title='bbox 2805 2780 2926 2833; x_wconf 73' lang='grc' dir='ltr'>οὒτε</span> <span class='ocrx_word' id='word_1_420' title='bbox 2981 2783 3176 2851; x_wconf 81' lang='grc' dir='ltr'>νοσερά</span> <span class='ocrx_word' id='word_1_421' title='bbox 3212 2799 3294 2845; x_wconf 86' lang='grc' dir='ltr'><strong>τις</strong></span> <span class='ocrx_word' id='word_1_422' title='bbox 3325 2781 3496 2845; x_wconf 75' lang='grc' dir='ltr'>οὕτως</span> <span class='ocrx_word' id='word_1_423' title='bbox 3527 2782 3728 2841; x_wconf 71' lang='grc' dir='ltr'>εὐκόλως</span> 
     </span>
    </p>
   </div>
   <div class='ocr_carea' id='block_1_57' title="bbox 2194 2871 3727 2944">
    <p class='ocr_par' dir='ltr' id='par_1_57' title="bbox 2194 2871 3727 2944">
     <span class='ocr_line' id='line_1_57' title="bbox 2194 2871 3727 2944; baseline -0.003 -17"><span class='ocrx_word' id='word_1_424' title='bbox 2194 2877 2469 2944; x_wconf 85' lang='grc' dir='ltr'>ἀναχεῖται</span> <span class='ocrx_word' id='word_1_425' title='bbox 2508 2875 2587 2936; x_wconf 85' lang='grc' dir='ltr'>εἰς</span> <span class='ocrx_word' id='word_1_426' title='bbox 2632 2873 2721 2925; x_wconf 81' lang='grc' dir='ltr'>τὸν</span> <span class='ocrx_word' id='word_1_427' title='bbox 2774 2871 2930 2942; x_wconf 79' lang='grc' dir='ltr'>ἀέρα,</span> <span class='ocrx_word' id='word_1_428' title='bbox 2968 2874 3060 2924; x_wconf 75' lang='grc' dir='ltr'><strong>καὶ</strong></span> <span class='ocrx_word' id='word_1_429' title='bbox 3112 2872 3197 2924; x_wconf 78' lang='grc' dir='ltr'><strong>διὰ</strong></span> <span class='ocrx_word' id='word_1_430' title='bbox 3257 2872 3350 2925; x_wconf 81' lang='grc' dir='ltr'>τοῦ</span> <span class='ocrx_word' id='word_1_431' title='bbox 3384 2874 3542 2944; x_wconf 79' lang='grc' dir='ltr'>ἀέρος</span> <span class='ocrx_word' id='word_1_432' title='bbox 3581 2875 3727 2944; x_wconf 73' lang='grc' dir='ltr'>ὁμιλεῖ</span> 
     </span>
    </p>
   </div>
   <div class='ocr_carea' id='block_1_58' title="bbox 2194 2963 3726 3034">
    <p class='ocr_par' dir='ltr' id='par_1_58' title="bbox 2194 2963 3726 3034">
     <span class='ocr_line' id='line_1_58' title="bbox 2194 2963 3726 3034; baseline -0.004 -13"><span class='ocrx_word' id='word_1_433' title='bbox 2194 2971 2306 3031; x_wconf 86' lang='grc' dir='ltr'>τοῖς</span> <span class='ocrx_word' id='word_1_434' title='bbox 2339 2966 2494 3031; x_wconf 78' lang='grc' dir='ltr'>ζώοις</span> <span class='ocrx_word' id='word_1_435' title='bbox 2527 2966 2708 3034; x_wconf 80' lang='grc' dir='ltr'>ἀτμὶς,</span> <span class='ocrx_word' id='word_1_436' title='bbox 2730 2964 2757 3016; x_wconf 84' lang='grc' dir='ltr'><strong>ὃ</strong></span> <span class='ocrx_word' id='word_1_437' title='bbox 2781 2965 2842 3034; x_wconf 83' lang='grc' dir='ltr'>δὴ</span> <span class='ocrx_word' id='word_1_438' title='bbox 2870 2963 3052 3033; x_wconf 79' lang='grc' dir='ltr'>λοιμός</span> <span class='ocrx_word' id='word_1_439' title='bbox 3077 2963 3190 3015; x_wconf 80' lang='grc' dir='ltr'>ἐστί</span> <span class='ocrx_word' id='word_1_440' title='bbox 3216 2981 3273 3016; x_wconf 88' lang='grc' dir='ltr'><strong>τε</strong></span> <span class='ocrx_word' id='word_1_441' title='bbox 3300 2964 3408 3032; x_wconf 85' lang='grc'><strong>(18)</strong></span> <span class='ocrx_word' id='word_1_442' title='bbox 3437 2966 3526 3016; x_wconf 77' lang='grc' dir='ltr'><strong>καὶ</strong></span> <span class='ocrx_word' id='word_1_443' title='bbox 3560 2965 3726 3032; x_wconf 78' lang='grc' dir='ltr'>ὀνομὰο</span> 
     </span>
    </p>
   </div>
   <div class='ocr_carea' id='block_1_59' title="bbox 525 3049 2090 3127">
    <p class='ocr_par' dir='ltr' id='par_1_59' title="bbox 525 3057 2085 3127">
     <span class='ocr_line' id='line_1_59' title="bbox 525 3057 2085 3127; baseline 0 -14"><span class='ocrx_word' id='word_1_444' title='bbox 525 3061 686 3124; x_wconf 81' lang='lat' dir='ltr'><strong>latur,</strong></span> <span class='ocrx_word' id='word_1_445' title='bbox 715 3077 873 3127; x_wconf 88' lang='lat' dir='ltr'><strong>quam</strong></span> <span class='ocrx_word' id='word_1_446' title='bbox 906 3059 1126 3121; x_wconf 88' lang='lat' dir='ltr'><strong>subditi,</strong></span> <span class='ocrx_word' id='word_1_447' title='bbox 1157 3057 1413 3108; x_wconf 89' lang='lat' dir='ltr'><strong>antistitis</strong></span> <span class='ocrx_word' id='word_1_448' title='bbox 1439 3058 1775 3126; x_wconf 85' lang='lat' dir='ltr'><strong>improbitate</strong></span> <span class='ocrx_word' id='word_1_449' title='bbox 1803 3058 2085 3113; x_wconf 82' lang='lat' dir='ltr'><strong>celei&#39;rinte</strong></span> 
     </span>
    </p>
   </div>
   <div class='ocr_carea' id='block_1_60' title="bbox 2202 3049 3726 3127">
    <p class='ocr_par' dir='ltr' id='par_1_60' title="bbox 2202 3055 3726 3126">
     <span class='ocr_line' id='line_1_60' title="bbox 2202 3055 3726 3126; baseline -0.001 -16"><span class='ocrx_word' id='word_1_450' title='bbox 2202 3060 2364 3124; x_wconf 79' lang='grc' dir='ltr'>ζεται,</span> <span class='ocrx_word' id='word_1_451' title='bbox 2407 3057 2481 3120; x_wconf 81' lang='grc' dir='ltr'>ὡς</span> <span class='ocrx_word' id='word_1_452' title='bbox 2527 3057 2671 3125; x_wconf 80' lang='grc' dir='ltr'>φιλεῖ</span> <span class='ocrx_word' id='word_1_453' title='bbox 2724 3056 2955 3126; x_wconf 84' lang='grc' dir='ltr'>τάχιστα</span> <span class='ocrx_word' id='word_1_454' title='bbox 2988 3057 3085 3126; x_wconf 78' lang='grc' dir='ltr'>τῆς</span> <span class='ocrx_word' id='word_1_455' title='bbox 3140 3055 3232 3107; x_wconf 76' lang='grc' dir='ltr'>τοῦ</span> <span class='ocrx_word' id='word_1_456' title='bbox 3269 3056 3599 3126; x_wconf 83' lang='grc' dir='ltr'>προεστῶτος</span> <span class='ocrx_word' id='word_1_457' title='bbox 3638 3056 3726 3118; x_wconf 80' lang='grc'><strong>(19)</strong></span> 
     </span>
    </p>
   </div>
   <div class='ocr_carea' id='block_1_61' title="bbox 526 3148 2091 3220">
    <p class='ocr_par' dir='ltr' id='par_1_61' title="bbox 526 3148 2091 3220">
     <span class='ocr_line' id='line_1_61' title="bbox 526 3148 2091 3220; baseline -0.003 -16"><span class='ocrx_word' id='word_1_458' title='bbox 526 3151 732 3220; x_wconf 81' lang='lat' dir='ltr'><strong>impleri</strong></span> <span class='ocrx_word' id='word_1_459' title='bbox 770 3150 965 3212; x_wconf 89' lang='lat' dir='ltr'><strong>solent,</strong></span> <span class='ocrx_word' id='word_1_460' title='bbox 995 3157 1048 3202; x_wconf 92' lang='lat' dir='ltr'><strong>et</strong></span> <span class='ocrx_word' id='word_1_461' title='bbox 1083 3149 1296 3216; x_wconf 88' lang='lat' dir='ltr'><strong>quidem</strong></span> <span class='ocrx_word' id='word_1_462' title='bbox 1337 3148 1502 3201; x_wconf 91' lang='lat' dir='ltr'><strong>multo</strong></span> <span class='ocrx_word' id='word_1_463' title='bbox 1533 3150 1745 3202; x_wconf 75' lang='lat' dir='ltr'><strong>facilius</strong></span> <span class='ocrx_word' id='word_1_464' title='bbox 1793 3163 1950 3216; x_wconf 83' lang='lat' dir='ltr'><strong>quam</strong></span> <span class='ocrx_word' id='word_1_465' title='bbox 1982 3151 2091 3202; x_wconf 82' lang='lat' dir='ltr'><strong>vir-</strong></span> 
     </span>
    </p>
   </div>
   <div class='ocr_carea' id='block_1_62' title="bbox 527 3239 2082 3307">
    <p class='ocr_par' dir='ltr' id='par_1_62' title="bbox 527 3239 2082 3307">
     <span class='ocr_line' id='line_1_62' title="bbox 527 3239 2082 3307; baseline 0 -13"><span class='ocrx_word' id='word_1_466' title='bbox 527 3253 657 3296; x_wconf 87' lang='lat' dir='ltr'><strong>tute.</strong></span> <span class='ocrx_word' id='word_1_467' title='bbox 698 3241 808 3294; x_wconf 84' lang='lat' dir='ltr'><strong>lloc</strong></span> <span class='ocrx_word' id='word_1_468' title='bbox 839 3240 981 3294; x_wconf 88' lang='lat' dir='ltr'><strong>enim</strong></span> <span class='ocrx_word' id='word_1_469' title='bbox 1012 3249 1114 3301; x_wconf 84' lang='lat' dir='ltr'><strong>est,</strong></span> <span class='ocrx_word' id='word_1_470' title='bbox 1156 3241 1205 3290; x_wconf 89' lang='lat' dir='ltr'><strong>in</strong></span> <span class='ocrx_word' id='word_1_471' title='bbox 1241 3253 1347 3305; x_wconf 90' lang='lat' dir='ltr'><strong>quo</strong></span> <span class='ocrx_word' id='word_1_472' title='bbox 1397 3239 1712 3306; x_wconf 87' lang='lat' dir='ltr'><strong>improbitas</strong></span> <span class='ocrx_word' id='word_1_473' title='bbox 1753 3241 2082 3307; x_wconf 85' lang='lat' dir='ltr'><strong>probitatem</strong></span> 
     </span>
    </p>
   </div>
   <div class='ocr_carea' id='block_1_63' title="bbox 525 3329 2091 3398">
    <p class='ocr_par' dir='ltr' id='par_1_63' title="bbox 525 3329 2091 3398">
     <span class='ocr_line' id='line_1_63' title="bbox 525 3329 2091 3398; baseline -0.001 -14"><span class='ocrx_word' id='word_1_474' title='bbox 525 3333 755 3385; x_wconf 81' lang='lat' dir='ltr'><strong>maxime</strong></span> <span class='ocrx_word' id='word_1_475' title='bbox 805 3340 1042 3396; x_wconf 86' lang='lat' dir='ltr'><strong>superat,</strong></span> <span class='ocrx_word' id='word_1_476' title='bbox 1099 3338 1152 3382; x_wconf 82' lang='lat' dir='ltr'><strong>et</strong></span> <span class='ocrx_word' id='word_1_477' title='bbox 1203 3330 1343 3397; x_wconf 87' lang='lat' dir='ltr'><strong>quod</strong></span> <span class='ocrx_word' id='word_1_478' title='bbox 1394 3329 1505 3396; x_wconf 87' lang='lat' dir='ltr'><strong>ipse</strong></span> <span class='ocrx_word' id='word_1_479' title='bbox 1547 3343 1752 3383; x_wconf 90' lang='lat' dir='ltr'><strong>mecum</strong></span> <span class='ocrx_word' id='word_1_480' title='bbox 1811 3340 2091 3398; x_wconf 88' lang='lat' dir='ltr'><strong>reputans,</strong></span> 
     </span>
    </p>
   </div>
   <div class='ocr_carea' id='block_1_64' title="bbox 526 3419 2098 3490">
    <p class='ocr_par' dir='ltr' id='par_1_64' title="bbox 526 3419 2098 3490">
     <span class='ocr_line' id='line_1_64' title="bbox 526 3419 2098 3490; baseline 0.002 -17"><span class='ocrx_word' id='word_1_481' title='bbox 526 3422 892 3490; x_wconf 75' lang='lat' dir='ltr'><strong>indignissime</strong></span> <span class='ocrx_word' id='word_1_482' title='bbox 919 3432 1077 3488; x_wconf 90' lang='lat' dir='ltr'><strong>atque</strong></span> <span class='ocrx_word' id='word_1_483' title='bbox 1106 3421 1455 3474; x_wconf 83' lang='lat' dir='ltr'><strong>acerbissime</strong></span> <span class='ocrx_word' id='word_1_484' title='bbox 1485 3419 1631 3483; x_wconf 80' lang='lat' dir='ltr'><strong>fero;</strong></span> <span class='ocrx_word' id='word_1_485' title='bbox 1671 3421 1811 3488; x_wconf 92' lang='lat' dir='ltr'><strong>quod</strong></span> <span class='ocrx_word' id='word_1_486' title='bbox 1853 3437 1972 3475; x_wconf 88' lang='lat' dir='ltr'><strong>cum</strong></span> <span class='ocrx_word' id='word_1_487' title='bbox 2011 3437 2098 3476; x_wconf 85' lang='lat' dir='ltr'><strong>res</strong></span> 
     </span>
    </p>
   </div>
   <div class='ocr_carea' id='block_1_65' title="bbox 523 3512 2100 3583">
    <p class='ocr_par' dir='ltr' id='par_1_65' title="bbox 523 3512 2100 3583">
     <span class='ocr_line' id='line_1_65' title="bbox 523 3512 2100 3583; baseline -0.001 -16"><span class='ocrx_word' id='word_1_488' title='bbox 523 3515 761 3583; x_wconf 59' lang='lat' dir='ltr'><strong>quaedam</strong></span> <span class='ocrx_word' id='word_1_489' title='bbox 796 3516 860 3566; x_wconf 90' lang='lat' dir='ltr'><strong>ad</strong></span> <span class='ocrx_word' id='word_1_490' title='bbox 896 3512 1208 3566; x_wconf 88' lang='lat' dir='ltr'><strong>imitandum</strong></span> <span class='ocrx_word' id='word_1_491' title='bbox 1244 3528 1409 3583; x_wconf 90' lang='lat' dir='ltr'><strong>prona</strong></span> <span class='ocrx_word' id='word_1_492' title='bbox 1437 3524 1490 3565; x_wconf 89' lang='lat' dir='ltr'><strong>et</strong></span> <span class='ocrx_word' id='word_1_493' title='bbox 1517 3514 1764 3581; x_wconf 81' lang='lat' dir='ltr'><strong>expedita</strong></span> <span class='ocrx_word' id='word_1_494' title='bbox 1799 3514 1870 3566; x_wconf 92' lang='lat' dir='ltr'><strong>sit</strong></span> <span class='ocrx_word' id='word_1_495' title='bbox 1902 3514 2100 3582; x_wconf 90' lang='lat' dir='ltr'><strong>impro-</strong></span> 
     </span>
    </p>
   </div>
   <div class='ocr_carea' id='block_1_66' title="bbox 527 3605 2088 3674">
    <p class='ocr_par' dir='ltr' id='par_1_66' title="bbox 527 3605 2088 3674">
     <span class='ocr_line' id='line_1_66' title="bbox 527 3605 2088 3674; baseline -0.001 -14"><span class='ocrx_word' id='word_1_496' title='bbox 527 3609 690 3670; x_wconf 86' lang='lat' dir='ltr'><strong>bitas,</strong></span> <span class='ocrx_word' id='word_1_497' title='bbox 734 3621 833 3659; x_wconf 89' lang='lat' dir='ltr'><strong>nec</strong></span> <span class='ocrx_word' id='word_1_498' title='bbox 861 3605 1151 3674; x_wconf 91' lang='lat' dir='ltr'><strong>quidquam</strong></span> <span class='ocrx_word' id='word_1_499' title='bbox 1191 3614 1296 3658; x_wconf 91' lang='lat' dir='ltr'><strong>tam</strong></span> <span class='ocrx_word' id='word_1_500' title='bbox 1330 3605 1484 3659; x_wconf 74' lang='lat' dir='ltr'><strong>facile</strong></span> <span class='ocrx_word' id='word_1_501' title='bbox 1527 3605 1620 3670; x_wconf 90' lang='lat' dir='ltr'><strong>sit,</strong></span> <span class='ocrx_word' id='word_1_502' title='bbox 1672 3621 1832 3674; x_wconf 85' lang='lat' dir='ltr'><strong>quam</strong></span> <span class='ocrx_word' id='word_1_503' title='bbox 1892 3607 2088 3660; x_wconf 86' lang='lat' dir='ltr'><strong>malum</strong></span> 
     </span>
    </p>
   </div>
   <div class='ocr_carea' id='block_1_67' title="bbox 525 3696 2090 3763">
    <p class='ocr_par' dir='ltr' id='par_1_67' title="bbox 525 3696 2090 3763">
     <span class='ocr_line' id='line_1_67' title="bbox 525 3696 2090 3763; baseline 0 -13"><span class='ocrx_word' id='word_1_504' title='bbox 525 3699 661 3763; x_wconf 78' lang='lat' dir='ltr'><strong>ﬁeri,</strong></span> <span class='ocrx_word' id='word_1_505' title='bbox 691 3699 899 3752; x_wconf 87' lang='lat' dir='ltr'><strong>etiamsi</strong></span> <span class='ocrx_word' id='word_1_506' title='bbox 932 3712 1086 3751; x_wconf 92' lang='lat' dir='ltr'><strong>nemo</strong></span> <span class='ocrx_word' id='word_1_507' title='bbox 1125 3697 1313 3750; x_wconf 88' lang='lat' dir='ltr'><strong>ducem</strong></span> <span class='ocrx_word' id='word_1_508' title='bbox 1344 3711 1400 3748; x_wconf 88' lang='lat' dir='ltr'><strong>se</strong></span> <span class='ocrx_word' id='word_1_509' title='bbox 1431 3696 1584 3750; x_wconf 87' lang='lat' dir='ltr'><strong>nobis</strong></span> <span class='ocrx_word' id='word_1_510' title='bbox 1627 3698 1693 3749; x_wconf 85' lang='lat' dir='ltr'><strong>ad</strong></span> <span class='ocrx_word' id='word_1_511' title='bbox 1735 3697 1920 3749; x_wconf 90' lang='lat' dir='ltr'><strong>vitium</strong></span> <span class='ocrx_word' id='word_1_512' title='bbox 1950 3711 2090 3763; x_wconf 68' lang='lat' dir='ltr'><strong>prae-</strong></span> 
     </span>
    </p>
   </div>
   <div class='ocr_carea' id='block_1_68' title="bbox 524 3787 2088 3855">
    <p class='ocr_par' dir='ltr' id='par_1_68' title="bbox 524 3787 2088 3855">
     <span class='ocr_line' id='line_1_68' title="bbox 524 3787 2088 3855; baseline -0.001 -13"><span class='ocrx_word' id='word_1_513' title='bbox 524 3790 668 3852; x_wconf 87' lang='lat' dir='ltr'><strong>beat,</strong></span> <span class='ocrx_word' id='word_1_514' title='bbox 719 3804 837 3841; x_wconf 87' lang='lat' dir='ltr'><strong>rara</strong></span> <span class='ocrx_word' id='word_1_515' title='bbox 891 3798 1068 3840; x_wconf 86' lang='lat' dir='ltr'><strong>tamen</strong></span> <span class='ocrx_word' id='word_1_516' title='bbox 1121 3796 1176 3839; x_wconf 87' lang='lat' dir='ltr'><strong>et</strong></span> <span class='ocrx_word' id='word_1_517' title='bbox 1231 3787 1398 3840; x_wconf 81' lang='lat' dir='ltr'><strong>ardua</strong></span> <span class='ocrx_word' id='word_1_518' title='bbox 1460 3798 1542 3840; x_wconf 91' lang='lat' dir='ltr'><strong>est</strong></span> <span class='ocrx_word' id='word_1_519' title='bbox 1589 3787 1806 3842; x_wconf 88' lang='lat' dir='ltr'><strong>virtutis</strong></span> <span class='ocrx_word' id='word_1_520' title='bbox 1855 3788 2088 3855; x_wconf 87' lang='lat' dir='ltr'><strong>adeptio,</strong></span> 
     </span>
    </p>
   </div>
   <div class='ocr_carea' id='block_1_69' title="bbox 524 3877 2092 3947">
    <p class='ocr_par' dir='ltr' id='par_1_69' title="bbox 524 3877 2092 3947">
     <span class='ocr_line' id='line_1_69' title="bbox 524 3877 2092 3947; baseline 0.001 -17"><span class='ocrx_word' id='word_1_521' title='bbox 524 3879 814 3947; x_wconf 87' lang='lat' dir='ltr'><strong>quamlibet</strong></span> <span class='ocrx_word' id='word_1_522' title='bbox 854 3877 1016 3931; x_wconf 89' lang='lat' dir='ltr'><strong>etiam</strong></span> <span class='ocrx_word' id='word_1_523' title='bbox 1057 3877 1219 3930; x_wconf 90' lang='lat' dir='ltr'><strong>multa</strong></span> <span class='ocrx_word' id='word_1_524' title='bbox 1256 3877 1384 3940; x_wconf 86' lang='lat' dir='ltr'><strong>sint,</strong></span> <span class='ocrx_word' id='word_1_525' title='bbox 1436 3893 1556 3946; x_wconf 72' lang='lat' dir='ltr'><strong>qua:</strong></span> <span class='ocrx_word' id='word_1_526' title='bbox 1587 3893 1688 3932; x_wconf 92' lang='lat' dir='ltr'><strong>nos</strong></span> <span class='ocrx_word' id='word_1_527' title='bbox 1720 3879 1786 3932; x_wconf 87' lang='lat' dir='ltr'><strong>ad</strong></span> <span class='ocrx_word' id='word_1_528' title='bbox 1817 3894 1935 3932; x_wconf 81' lang='lat' dir='ltr'><strong>eam</strong></span> <span class='ocrx_word' id='word_1_529' title='bbox 1984 3889 2092 3932; x_wconf 83' lang='lat' dir='ltr'><strong>tra-</strong></span> 
     </span>
    </p>
   </div>
   <div class='ocr_carea' id='block_1_70' title="bbox 475 3967 2091 4044">
    <p class='ocr_par' dir='ltr' id='par_1_70' title="bbox 475 3967 2091 4044">
     <span class='ocr_line' id='line_1_70' title="bbox 475 3967 2091 4044; baseline -0.002 -21"><span class='ocrx_word' id='word_1_530' title='bbox 475 4030 486 4044; x_wconf 49' lang='lat' dir='ltr'><strong><em>l</em></strong></span> <span class='ocrx_word' id='word_1_531' title='bbox 524 3969 656 4023; x_wconf 88' lang='lat' dir='ltr'><strong>hant</strong></span> <span class='ocrx_word' id='word_1_532' title='bbox 685 3979 739 4023; x_wconf 89' lang='lat' dir='ltr'><strong>et</strong></span> <span class='ocrx_word' id='word_1_533' title='bbox 778 3968 1022 4020; x_wconf 83' lang='lat' dir='ltr'><strong>invitent.</strong></span> <span class='ocrx_word' id='word_1_534' title='bbox 1072 3967 1222 4031; x_wconf 88' lang='lat' dir='ltr'><strong>Quod</strong></span> <span class='ocrx_word' id='word_1_535' title='bbox 1271 3967 1431 4020; x_wconf 87' lang='lat' dir='ltr'><strong>etiam</strong></span> <span class='ocrx_word' id='word_1_536' title='bbox 1474 3967 1649 4036; x_wconf 87' lang='lat' dir='ltr'><strong>ipsum</strong></span> <span class='ocrx_word' id='word_1_537' title='bbox 1696 3983 1726 4021; x_wconf 83' lang='lat' dir='ltr'><strong>a</strong></span> <span class='ocrx_word' id='word_1_538' title='bbox 1775 3969 2091 4024; x_wconf 88' lang='lat' dir='ltr'><strong>beatissimo</strong></span> 
     </span>
    </p>
   </div>
   <div class='ocr_carea' id='block_1_71' title="bbox 595 4085 1302 4152">
    <p class='ocr_par' dir='ltr' id='par_1_71' title="bbox 595 4085 1302 4152">
     <span class='ocr_line' id='line_1_71' title="bbox 595 4085 1302 4152; baseline -0.004 -14"><span class='ocrx_word' id='word_1_539' title='bbox 595 4085 684 4138; x_wconf 78' lang='grc'><strong>³⁸1</strong></span> <span class='ocrx_word' id='word_1_540' title='bbox 721 4087 844 4140; x_wconf 85' lang='lat' dir='ltr'><strong>Cor.</strong></span> <span class='ocrx_word' id='word_1_541' title='bbox 885 4101 965 4148; x_wconf 89' lang='grc' dir='ltr'>ιιι,</span> <span class='ocrx_word' id='word_1_542' title='bbox 1006 4085 1068 4138; x_wconf 71' lang='lat' dir='ltr'><strong>l2</strong></span> <span class='ocrx_word' id='word_1_543' title='bbox 1101 4094 1154 4136; x_wconf 92' lang='lat' dir='ltr'><strong>et</strong></span> <span class='ocrx_word' id='word_1_544' title='bbox 1191 4099 1302 4152; x_wconf 90' lang='lat' dir='ltr'><strong>seq.</strong></span> 
     </span>
    </p>
   </div>
   <div class='ocr_carea' id='block_1_72' title="bbox 596 4216 2093 4294">
    <p class='ocr_par' dir='ltr' id='par_1_72' title="bbox 596 4216 2093 4294">
     <span class='ocr_line' id='line_1_72' title="bbox 596 4216 2093 4294; baseline -0.001 -20"><span class='ocrx_word' id='word_1_545' title='bbox 596 4220 706 4294; x_wconf 78' lang='grc'><strong>(10)</strong></span> <span class='ocrx_word' id='word_1_546' title='bbox 745 4219 904 4294; x_wconf 71' lang='grc' dir='ltr'>Μειςά</span> <span class='ocrx_word' id='word_1_547' title='bbox 945 4218 1048 4294; x_wconf 69' lang='lat' dir='ltr'><strong>rei)</strong></span> <span class='ocrx_word' id='word_1_548' title='bbox 1096 4219 1438 4294; x_wconf 54' lang='grc' dir='ltr'>κισσμϐίου.</span> <span class='ocrx_word' id='word_1_549' title='bbox 1470 4216 1627 4294; x_wconf 38' lang='lat' dir='ltr'><strong>Dheest</strong></span> <span class='ocrx_word' id='word_1_550' title='bbox 1673 4218 1726 4294; x_wconf 83' lang='lat' dir='ltr'><strong>in</strong></span> <span class='ocrx_word' id='word_1_551' title='bbox 1776 4226 1898 4294; x_wconf 77' lang='lat' dir='ltr'><strong>orto</strong></span> <span class='ocrx_word' id='word_1_552' title='bbox 1933 4217 2093 4294; x_wconf 58' lang='grc' dir='ltr'><strong>ῐζθς.2</strong></span> 
     </span>
    </p>
   </div>
   <div class='ocr_carea' id='block_1_73' title="bbox 525 4287 2093 4362">
    <p class='ocr_par' dir='ltr' id='par_1_73' title="bbox 525 4287 2093 4362">
     <span class='ocr_line' id='line_1_73' title="bbox 525 4287 2093 4362; baseline -0.003 -17"><span class='ocrx_word' id='word_1_553' title='bbox 525 4287 752 4362; x_wconf 78' lang='lat' dir='ltr'><strong>quatuor</strong></span> <span class='ocrx_word' id='word_1_554' title='bbox 772 4290 944 4350; x_wconf 73' lang='lat' dir='ltr'><strong>Colh.,</strong></span> <span class='ocrx_word' id='word_1_555' title='bbox 972 4289 1213 4362; x_wconf 80' lang='lat' dir='ltr'><strong>Jes.,0r_.</strong></span> <span class='ocrx_word' id='word_1_556' title='bbox 1243 4292 1291 4353; x_wconf 83' lang='lat'><strong>1,</strong></span> <span class='ocrx_word' id='word_1_557' title='bbox 1321 4304 1424 4362; x_wconf 78' lang='lat' dir='ltr'><strong>etc.</strong></span> <span class='ocrx_word' id='word_1_558' title='bbox 1450 4306 1466 4336; x_wconf 77' lang='grc' dir='ltr'><strong>ι</strong></span> <span class='ocrx_word' id='word_1_559' title='bbox 1491 4287 1934 4362; x_wconf 28' lang='lat' dir='ltr'><strong>Cui-ncissybiop)</strong></span> <span class='ocrx_word' id='word_1_560' title='bbox 1957 4287 2093 4342; x_wconf 82' lang='lat' dir='ltr'><strong>haud</strong></span> 
     </span>
    </p>
   </div>
   <div class='ocr_carea' id='block_1_74' title="bbox 524 4358 2084 4430">
    <p class='ocr_par' dir='ltr' id='par_1_74' title="bbox 524 4358 2084 4430">
     <span class='ocr_line' id='line_1_74' title="bbox 524 4358 2084 4430; baseline -0.002 -15"><span class='ocrx_word' id='word_1_561' title='bbox 524 4358 737 4430; x_wconf 61' lang='lat' dir='ltr'><strong>tinidem</strong></span> <span class='ocrx_word' id='word_1_562' title='bbox 765 4370 821 4410; x_wconf 89' lang='lat' dir='ltr'><strong>ut</strong></span> <span class='ocrx_word' id='word_1_563' title='bbox 843 4375 1044 4427; x_wconf 79' lang='lat' dir='ltr'><strong>organo</strong></span> <span class='ocrx_word' id='word_1_564' title='bbox 1070 4360 1295 4423; x_wconf 85' lang='lat' dir='ltr'><strong>musico,</strong></span> <span class='ocrx_word' id='word_1_565' title='bbox 1323 4361 1414 4430; x_wconf 79' lang='lat' dir='ltr'><strong>sed</strong></span> <span class='ocrx_word' id='word_1_566' title='bbox 1444 4373 1508 4411; x_wconf 90' lang='lat' dir='ltr'><strong>eo</strong></span> <span class='ocrx_word' id='word_1_567' title='bbox 1532 4358 1595 4409; x_wconf 85' lang='lat' dir='ltr'><strong>ad</strong></span> <span class='ocrx_word' id='word_1_568' title='bbox 1630 4358 1764 4412; x_wconf 86' lang='lat' dir='ltr'><strong>latus</strong></span> <span class='ocrx_word' id='word_1_569' title='bbox 1793 4360 2084 4425; x_wconf 72' lang='lat' dir='ltr'><strong>pendente;</strong></span> 
     </span>
    </p>
   </div>
   <div class='ocr_carea' id='block_1_75' title="bbox 526 4429 2082 4497">
    <p class='ocr_par' dir='ltr' id='par_1_75' title="bbox 526 4429 2082 4497">
     <span class='ocr_line' id='line_1_75' title="bbox 526 4429 2082 4497; baseline -0.003 -11"><span class='ocrx_word' id='word_1_570' title='bbox 526 4429 650 4486; x_wconf 83' lang='lat' dir='ltr'><strong>nam</strong></span> <span class='ocrx_word' id='word_1_571' title='bbox 683 4431 994 4497; x_wconf 76' lang='lat' dir='ltr'><strong>‘cissybium</strong></span> <span class='ocrx_word' id='word_1_572' title='bbox 1045 4439 1129 4481; x_wconf 89' lang='lat' dir='ltr'><strong>est</strong></span> <span class='ocrx_word' id='word_1_573' title='bbox 1183 4429 1353 4495; x_wconf 90' lang='lat' dir='ltr'><strong>poculi</strong></span> <span class='ocrx_word' id='word_1_574' title='bbox 1391 4444 1557 4497; x_wconf 82' lang='lat' dir='ltr'><strong>genus</strong></span> <span class='ocrx_word' id='word_1_575' title='bbox 1618 4439 1890 4495; x_wconf 86' lang='lat' dir='ltr'><strong>pastorum</strong></span> <span class='ocrx_word' id='word_1_576' title='bbox 1953 4444 2082 4496; x_wconf 88' lang='lat' dir='ltr'><strong>pro-</strong></span> 
     </span>
    </p>
   </div>
   <div class='ocr_carea' id='block_1_76' title="bbox 526 4497 2077 4572">
    <p class='ocr_par' dir='ltr' id='par_1_76' title="bbox 526 4497 2077 4572">
     <span class='ocr_line' id='line_1_76' title="bbox 526 4497 2077 4572; baseline -0.002 -17"><span class='ocrx_word' id='word_1_577' title='bbox 526 4505 722 4572; x_wconf 85' lang='lat' dir='ltr'><strong>prium,</strong></span> <span class='ocrx_word' id='word_1_578' title='bbox 751 4499 865 4572; x_wconf 9' lang='lat' dir='ltr'><strong>rem}.</strong></span> <span class='ocrx_word' id='word_1_579' title='bbox 905 4497 998 4572; x_wconf 75' lang='grc' dir='ltr'>τοῦ</span> <span class='ocrx_word' id='word_1_580' title='bbox 1047 4497 1262 4563; x_wconf 77' lang='grc' dir='ltr'>κισσοῦ,</span> <span class='ocrx_word' id='word_1_581' title='bbox 1304 4498 1445 4568; x_wconf 88' lang='lat' dir='ltr'><strong>quod</strong></span> <span class='ocrx_word' id='word_1_582' title='bbox 1480 4501 1546 4551; x_wconf 84' lang='lat' dir='ltr'><strong>ub</strong></span> <span class='ocrx_word' id='word_1_583' title='bbox 1591 4499 1787 4551; x_wconf 83' lang='lat' dir='ltr'><strong>hedera</strong></span> <span class='ocrx_word' id='word_1_584' title='bbox 1822 4499 1936 4550; x_wconf 90' lang='lat' dir='ltr'><strong>lieri</strong></span> <span class='ocrx_word' id='word_1_585' title='bbox 1993 4499 2077 4552; x_wconf 88' lang='lat' dir='ltr'><strong>vel</strong></span> 
     </span>
    </p>
   </div>
   <div class='ocr_carea' id='block_1_77' title="bbox 524 4570 1096 4627">
    <p class='ocr_par' dir='ltr' id='par_1_77' title="bbox 524 4570 1096 4627">
     <span class='ocr_line' id='line_1_77' title="bbox 524 4570 1096 4627; baseline -0.01 0"><span class='ocrx_word' id='word_1_586' title='bbox 524 4570 843 4627; x_wconf 73' lang='lat' dir='ltr'><strong>circumdari</strong></span> <span class='ocrx_word' id='word_1_587' title='bbox 881 4570 1096 4622; x_wconf 83' lang='lat' dir='ltr'><strong>soleret.</strong></span> 
     </span>
    </p>
   </div>
   <div class='ocr_carea' id='block_1_78' title="bbox 596 4637 2082 4713">
    <p class='ocr_par' dir='ltr' id='par_1_78' title="bbox 596 4637 2082 4713">
     <span class='ocr_line' id='line_1_78' title="bbox 596 4637 2082 4713; baseline -0.001 -20"><span class='ocrx_word' id='word_1_588' title='bbox 596 4639 706 4713; x_wconf 77' lang='lat' dir='ltr'><strong>(ll)</strong></span> <span class='ocrx_word' id='word_1_589' title='bbox 749 4637 1175 4713; x_wconf 61' lang='grc' dir='ltr'><strong>Θοινήσεισθαιἒ</strong></span> <span class='ocrx_word' id='word_1_590' title='bbox 1230 4639 1512 4713; x_wconf 78' lang='lat' dir='ltr'><strong>Exponunt</strong></span> <span class='ocrx_word' id='word_1_591' title='bbox 1543 4637 1691 4713; x_wconf 82' lang='lat' dir='ltr'><strong>Coll).</strong></span> <span class='ocrx_word' id='word_1_592' title='bbox 1751 4653 1799 4690; x_wconf 93' lang='lat' dir='ltr'><strong>m</strong></span> <span class='ocrx_word' id='word_1_593' title='bbox 1833 4649 1883 4692; x_wconf 88' lang='lat' dir='ltr'><strong>et</strong></span> <span class='ocrx_word' id='word_1_594' title='bbox 1907 4638 1997 4693; x_wconf 91' lang='lat' dir='ltr'><strong>Or.</strong></span> <span class='ocrx_word' id='word_1_595' title='bbox 2031 4639 2082 4713; x_wconf 68' lang='grc' dir='ltr'><strong>ί,</strong></span> 
     </span>
    </p>
   </div>
   <div class='ocr_carea' id='block_1_79' title="bbox 520 4709 2084 4785">
    <p class='ocr_par' dir='ltr' id='par_1_79' title="bbox 520 4709 2084 4785">
     <span class='ocr_line' id='line_1_79' title="bbox 520 4709 2084 4785; baseline -0.003 -19"><span class='ocrx_word' id='word_1_596' title='bbox 520 4709 726 4785; x_wconf 72' lang='grc' dir='ltr'>τροφὴν</span> <span class='ocrx_word' id='word_1_597' title='bbox 779 4709 1266 4780; x_wconf 71' lang='grc' dir='ltr'>προσενέγκασθαι,</span> <span class='ocrx_word' id='word_1_598' title='bbox 1314 4711 1366 4763; x_wconf 87' lang='lat' dir='ltr'><strong>id</strong></span> <span class='ocrx_word' id='word_1_599' title='bbox 1400 4718 1504 4772; x_wconf 88' lang='lat' dir='ltr'><strong>est,</strong></span> <span class='ocrx_word' id='word_1_600' title='bbox 1553 4726 1570 4759; x_wconf 78' lang='grc' dir='ltr'><strong>ι</strong></span> <span class='ocrx_word' id='word_1_601' title='bbox 1599 4710 1747 4762; x_wconf 87' lang='lat' dir='ltr'><strong>cibos</strong></span> <span class='ocrx_word' id='word_1_602' title='bbox 1791 4720 1846 4761; x_wconf 86' lang='lat' dir='ltr'><strong>et</strong></span> <span class='ocrx_word' id='word_1_603' title='bbox 1890 4711 2084 4777; x_wconf 82' lang='lat' dir='ltr'><strong>pabula</strong></span> 
     </span>
    </p>
   </div>
   <div class='ocr_carea' id='block_1_80' title="bbox 525 4792 823 4852">
    <p class='ocr_par' dir='ltr' id='par_1_80' title="bbox 525 4792 823 4852">
     <span class='ocr_line' id='line_1_80' title="bbox 525 4792 823 4852; baseline -0.007 -17"><span class='ocrx_word' id='word_1_604' title='bbox 525 4792 780 4852; x_wconf 64' lang='lat' dir='ltr'><strong>prauierc.</strong></span> <span class='ocrx_word' id='word_1_605' title='bbox 805 4799 823 4852; x_wconf 57' lang='grc' dir='ltr'><strong>ι</strong></span> 
     </span>
    </p>
   </div>
   <div class='ocr_carea' id='block_1_81' title="bbox 594 4847 2087 4920">
    <p class='ocr_par' dir='ltr' id='par_1_81' title="bbox 594 4847 2087 4920">
     <span class='ocr_line' id='line_1_81' title="bbox 594 4847 2087 4920; baseline -0.001 -17"><span class='ocrx_word' id='word_1_606' title='bbox 594 4851 704 4920; x_wconf 75' lang='grc' dir='ltr'><strong>(ιὲ)</strong></span> <span class='ocrx_word' id='word_1_607' title='bbox 749 4847 952 4914; x_wconf 80' lang='grc' dir='ltr'>Οὐδείς</span> <span class='ocrx_word' id='word_1_608' title='bbox 995 4865 1083 4901; x_wconf 80' lang='grc' dir='ltr'><strong>πω</strong></span> <span class='ocrx_word' id='word_1_609' title='bbox 1121 4849 1487 4920; x_wconf 46' lang='lat' dir='ltr'><strong>Myrmicem}</strong></span> <span class='ocrx_word' id='word_1_610' title='bbox 1518 4847 1920 4920; x_wconf 66' lang='lat' dir='ltr'><strong>Virtutisvero</strong></span> <span class='ocrx_word' id='word_1_611' title='bbox 1966 4865 2087 4914; x_wconf 74' lang='lat' dir='ltr'><strong>gre—</strong></span> 
     </span>
    </p>
   </div>
   <div class='ocr_carea' id='block_1_82' title="bbox 524 4917 2082 4987">
    <p class='ocr_par' dir='ltr' id='par_1_82' title="bbox 524 4917 2082 4987">
     <span class='ocr_line' id='line_1_82' title="bbox 524 4917 2082 4987; baseline 0.003 -17"><span class='ocrx_word' id='word_1_612' title='bbox 524 4917 672 4986; x_wconf 72' lang='lat' dir='ltr'><strong>gtiin,</strong></span> <span class='ocrx_word' id='word_1_613' title='bbox 703 4939 719 4968; x_wconf 78' lang='grc' dir='ltr'><strong>ι</strong></span> <span class='ocrx_word' id='word_1_614' title='bbox 751 4933 855 4972; x_wconf 87' lang='lat' dir='ltr'><strong>etc.</strong></span> <span class='ocrx_word' id='word_1_615' title='bbox 900 4922 987 4972; x_wconf 78' lang='lat' dir='ltr'><strong>Sic</strong></span> <span class='ocrx_word' id='word_1_616' title='bbox 1019 4921 1179 4984; x_wconf 71' lang='lat' dir='ltr'><strong>Elius,</strong></span> <span class='ocrx_word' id='word_1_617' title='bbox 1212 4920 1389 4971; x_wconf 66' lang='lat' dir='ltr'><strong>litilin.</strong></span> <span class='ocrx_word' id='word_1_618' title='bbox 1424 4917 1560 4972; x_wconf 89' lang='lat' dir='ltr'><strong>Oliv.</strong></span> <span class='ocrx_word' id='word_1_619' title='bbox 1586 4929 1637 4971; x_wconf 92' lang='lat' dir='ltr'><strong>et</strong></span> <span class='ocrx_word' id='word_1_620' title='bbox 1677 4917 1809 4972; x_wconf 81' lang='lat' dir='ltr'><strong>Gab.</strong></span> <span class='ocrx_word' id='word_1_621' title='bbox 1837 4917 2082 4987; x_wconf 72' lang='lat' dir='ltr'><strong>Gregorii</strong></span> 
     </span>
    </p>
   </div>
   <div class='ocr_carea' id='block_1_83' title="bbox 523 4989 2079 5057">
    <p class='ocr_par' dir='ltr' id='par_1_83' title="bbox 523 4989 2079 5057">
     <span class='ocr_line' id='line_1_83' title="bbox 523 4989 2079 5057; baseline -0.001 -15"><span class='ocrx_word' id='word_1_622' title='bbox 523 4994 684 5044; x_wconf 88' lang='lat' dir='ltr'><strong>verba</strong></span> <span class='ocrx_word' id='word_1_623' title='bbox 734 4989 1168 5057; x_wconf 68' lang='lat' dir='ltr'><strong>interpretantur.</strong></span> <span class='ocrx_word' id='word_1_624' title='bbox 1207 4989 1389 5041; x_wconf 86' lang='lat' dir='ltr'><strong>Billius</strong></span> <span class='ocrx_word' id='word_1_625' title='bbox 1424 5003 1565 5057; x_wconf 15' lang='lat' dir='ltr'><strong>ivero</strong></span> <span class='ocrx_word' id='word_1_626' title='bbox 1611 5004 1798 5040; x_wconf 87' lang='lat' dir='ltr'><strong>curam</strong></span> <span class='ocrx_word' id='word_1_627' title='bbox 1849 4991 1911 5040; x_wconf 85' lang='lat' dir='ltr'><strong>ad</strong></span> <span class='ocrx_word' id='word_1_628' title='bbox 1953 5005 2079 5056; x_wconf 78' lang='lat' dir='ltr'><strong>gre-</strong></span> 
     </span>
    </p>
   </div>
   <div class='ocr_carea' id='block_1_84' title="bbox 525 5055 2082 5130">
    <p class='ocr_par' dir='ltr' id='par_1_84' title="bbox 525 5055 2082 5130">
     <span class='ocr_line' id='line_1_84' title="bbox 525 5055 2082 5130; baseline -0.001 -16"><span class='ocrx_word' id='word_1_629' title='bbox 525 5076 642 5130; x_wconf 77' lang='lat' dir='ltr'><strong>gem</strong></span> <span class='ocrx_word' id='word_1_630' title='bbox 688 5055 960 5120; x_wconf 44' lang='lat' dir='ltr'><strong>i&#39;el&#39;ert,&#39;ct</strong></span> <span class='ocrx_word' id='word_1_631' title='bbox 992 5059 1070 5111; x_wconf 88' lang='lat' dir='ltr'><strong>sic</strong></span> <span class='ocrx_word' id='word_1_632' title='bbox 1123 5061 1278 5111; x_wconf 87' lang='lat' dir='ltr'><strong>vertit</strong></span> <span class='ocrx_word' id='word_1_633' title='bbox 1315 5076 1328 5110; x_wconf 90' lang='lat'><strong>:</strong></span> <span class='ocrx_word' id='word_1_634' title='bbox 1369 5075 1386 5107; x_wconf 77' lang='grc' dir='ltr'><strong>ι</strong></span> <span class='ocrx_word' id='word_1_635' title='bbox 1421 5055 1642 5110; x_wconf 84' lang='lat' dir='ltr'><strong>Virtutis</strong></span> <span class='ocrx_word' id='word_1_636' title='bbox 1693 5074 1853 5126; x_wconf 86' lang='lat' dir='ltr'><strong>porro</strong></span> <span class='ocrx_word' id='word_1_637' title='bbox 1901 5055 1966 5112; x_wconf 86' lang='lat' dir='ltr'><strong>ne</strong></span> <span class='ocrx_word' id='word_1_638' title='bbox 2003 5059 2082 5112; x_wconf 90' lang='lat' dir='ltr'><strong>le-</strong></span> 
     </span>
    </p>
   </div>
   <div class='ocr_carea' id='block_1_85' title="bbox 523 5129 2076 5197">
    <p class='ocr_par' dir='ltr' id='par_1_85' title="bbox 523 5129 2076 5197">
     <span class='ocr_line' id='line_1_85' title="bbox 523 5129 2076 5197; baseline 0.001 -15"><span class='ocrx_word' id='word_1_639' title='bbox 523 5129 738 5184; x_wconf 85' lang='lat' dir='ltr'><strong>vissima</strong></span> <span class='ocrx_word' id='word_1_640' title='bbox 771 5129 982 5195; x_wconf 83' lang='lat' dir='ltr'><strong>quidem</strong></span> <span class='ocrx_word' id='word_1_641' title='bbox 1018 5144 1142 5180; x_wconf 90' lang='lat' dir='ltr'><strong>cura</strong></span> <span class='ocrx_word' id='word_1_642' title='bbox 1187 5143 1400 5197; x_wconf 83' lang='lat' dir='ltr'><strong>gregem</strong></span> <span class='ocrx_word' id='word_1_643' title='bbox 1435 5129 1598 5180; x_wconf 85' lang='lat' dir='ltr'><strong>ullum</strong></span> <span class='ocrx_word' id='word_1_644' title='bbox 1637 5139 1726 5181; x_wconf 87' lang='lat' dir='ltr'><strong>aut</strong></span> <span class='ocrx_word' id='word_1_645' title='bbox 1765 5139 2076 5183; x_wconf 85' lang='lat' dir='ltr'><strong>armentum</strong></span> 
     </span>
    </p>
   </div>
   <div class='ocr_carea' id='block_1_86' title="bbox 525 5200 1020 5267">
    <p class='ocr_par' dir='ltr' id='par_1_86' title="bbox 525 5200 1020 5267">
     <span class='ocr_line' id='line_1_86' title="bbox 525 5200 1020 5267; baseline -0.012 -15"><span class='ocrx_word' id='word_1_646' title='bbox 525 5215 756 5267; x_wconf 85' lang='lat' dir='ltr'><strong>unquam</strong></span> <span class='ocrx_word' id='word_1_647' title='bbox 789 5200 980 5264; x_wconf 81' lang='lat' dir='ltr'><strong>tetigit.</strong></span> <span class='ocrx_word' id='word_1_648' title='bbox 1003 5217 1020 5246; x_wconf 75' lang='grc' dir='ltr'><strong>ι</strong></span> 
     </span>
    </p>
   </div>
   <div class='ocr_carea' id='block_1_87' title="bbox 596 5265 2086 5338">
    <p class='ocr_par' dir='ltr' id='par_1_87' title="bbox 596 5265 2086 5338">
     <span class='ocr_line' id='line_1_87' title="bbox 596 5265 2086 5338; baseline -0.001 -16"><span class='ocrx_word' id='word_1_649' title='bbox 596 5265 704 5338; x_wconf 78' lang='lat' dir='ltr'><strong>(l3)</strong></span> <span class='ocrx_word' id='word_1_650' title='bbox 751 5268 844 5338; x_wconf 82' lang='grc' dir='ltr'>Τίς</span> <span class='ocrx_word' id='word_1_651' title='bbox 883 5267 946 5338; x_wconf 60' lang='lat' dir='ltr'><strong>te</strong></span> <span class='ocrx_word' id='word_1_652' title='bbox 979 5267 1248 5332; x_wconf 79' lang='grc' dir='ltr'>ἐκείνοις.</span> <span class='ocrx_word' id='word_1_653' title='bbox 1283 5265 1442 5319; x_wconf 85' lang='lat' dir='ltr'><strong>Deest</strong></span> <span class='ocrx_word' id='word_1_654' title='bbox 1485 5265 1568 5329; x_wconf 84' lang='grc' dir='ltr'><strong>τίς</strong></span> <span class='ocrx_word' id='word_1_655' title='bbox 1601 5267 1654 5320; x_wconf 93' lang='lat' dir='ltr'><strong>in</strong></span> <span class='ocrx_word' id='word_1_656' title='bbox 1685 5282 1778 5321; x_wconf 81' lang='lat' dir='ltr'><strong>sex</strong></span> <span class='ocrx_word' id='word_1_657' title='bbox 1814 5267 1944 5334; x_wconf 82' lang='lat' dir='ltr'><strong>Reg.</strong></span> <span class='ocrx_word' id='word_1_658' title='bbox 1972 5269 2086 5338; x_wconf 86' lang='lat' dir='ltr'><strong>ple-</strong></span> 
     </span>
    </p>
   </div>
   <div class='ocr_carea' id='block_1_88' title="bbox 524 5335 2080 5406">
    <p class='ocr_par' dir='ltr' id='par_1_88' title="bbox 524 5335 2080 5406">
     <span class='ocr_line' id='line_1_88' title="bbox 524 5335 2080 5406; baseline 0 -15"><span class='ocrx_word' id='word_1_659' title='bbox 524 5335 700 5406; x_wconf 79' lang='lat' dir='ltr'><strong>risque</strong></span> <span class='ocrx_word' id='word_1_660' title='bbox 725 5337 874 5389; x_wconf 73' lang='lat' dir='ltr'><strong>Coll).</strong></span> <span class='ocrx_word' id='word_1_661' title='bbox 893 5355 905 5390; x_wconf 91' lang='lat'><strong>:</strong></span> <span class='ocrx_word' id='word_1_662' title='bbox 923 5335 1026 5390; x_wconf 71' lang='lat' dir='ltr'><strong>les.</strong></span> <span class='ocrx_word' id='word_1_663' title='bbox 1045 5338 1169 5400; x_wconf 76' lang='lat' dir='ltr'><strong>,0r.</strong></span> <span class='ocrx_word' id='word_1_664' title='bbox 1193 5339 1239 5401; x_wconf 88' lang='lat' dir='ltr'><strong>l,</strong></span> <span class='ocrx_word' id='word_1_665' title='bbox 1265 5339 1458 5390; x_wconf 86' lang='lat' dir='ltr'><strong>habent</strong></span> <span class='ocrx_word' id='word_1_666' title='bbox 1489 5347 1662 5390; x_wconf 88' lang='lat' dir='ltr'><strong>tamen</strong></span> <span class='ocrx_word' id='word_1_667' title='bbox 1677 5340 1761 5388; x_wconf 86' lang='lat' dir='ltr'><strong>alii</strong></span> <span class='ocrx_word' id='word_1_668' title='bbox 1791 5335 2080 5406; x_wconf 82' lang='lat' dir='ltr'><strong>nonpanci.</strong></span> 
     </span>
    </p>
   </div>
   <div class='ocr_carea' id='block_1_89' title="bbox 522 5406 2084 5479">
    <p class='ocr_par' dir='ltr' id='par_1_89' title="bbox 522 5406 2084 5479">
     <span class='ocr_line' id='line_1_89' title="bbox 522 5406 2084 5479; baseline -0.001 -18"><span class='ocrx_word' id='word_1_669' title='bbox 522 5407 628 5461; x_wconf 87' lang='lat' dir='ltr'><strong>Pro</strong></span> <span class='ocrx_word' id='word_1_670' title='bbox 668 5407 923 5470; x_wconf 78' lang='grc' dir='ltr'>ἐκείνοις,</span> <span class='ocrx_word' id='word_1_671' title='bbox 975 5408 1104 5476; x_wconf 74' lang='lat' dir='ltr'><strong>lleg.</strong></span> <span class='ocrx_word' id='word_1_672' title='bbox 1142 5408 1162 5464; x_wconf 75' lang='lat' dir='ltr'><strong>l</strong></span> <span class='ocrx_word' id='word_1_673' title='bbox 1224 5409 1382 5460; x_wconf 81' lang='lat' dir='ltr'><strong>habet</strong></span> <span class='ocrx_word' id='word_1_674' title='bbox 1427 5406 1676 5478; x_wconf 79' lang='grc' dir='ltr'>ἐκείνης,</span> <span class='ocrx_word' id='word_1_675' title='bbox 1738 5424 1929 5479; x_wconf 88' lang='lat' dir='ltr'><strong>nempe</strong></span> <span class='ocrx_word' id='word_1_676' title='bbox 1967 5407 2084 5465; x_wconf 76' lang='grc' dir='ltr'>ποί-</span> 
     </span>
    </p>
   </div>
   <div class='ocr_carea' id='block_1_90' title="bbox 594 5511 1771 5616">
    <p class='ocr_par' dir='ltr' id='par_1_90' title="bbox 594 5511 1771 5616">
     <span class='ocr_line' id='line_1_90' title="bbox 594 5511 1771 5616; baseline 0.001 -16"><span class='ocrx_word' id='word_1_677' title='bbox 594 5511 702 5616; x_wconf 50' lang='grc' dir='ltr'><strong>(ῗλ)</strong></span> <span class='ocrx_word' id='word_1_678' title='bbox 743 5545 1102 5600; x_wconf 63' lang='lat' dir='ltr'><strong>Hii-aureum.</strong></span> <span class='ocrx_word' id='word_1_679' title='bbox 1134 5511 1379 5606; x_wconf 58' lang='lat' dir='ltr'><strong>Coile,</strong></span> <span class='ocrx_word' id='word_1_680' title='bbox 1411 5545 1771 5601; x_wconf 83' lang='grc' dir='ltr'>κινδυνεύσει.</span> 
     </span>
    </p>
   </div>
   <div class='ocr_carea' id='block_1_91' title="bbox 595 5615 2076 5694">
    <p class='ocr_par' dir='ltr' id='par_1_91' title="bbox 595 5615 2076 5694">
     <span class='ocr_line' id='line_1_91' title="bbox 595 5615 2076 5694; baseline 0.001 -26"><span class='ocrx_word' id='word_1_681' title='bbox 595 5615 708 5685; x_wconf 79' lang='lat' dir='ltr'><strong>(l5)</strong></span> <span class='ocrx_word' id='word_1_682' title='bbox 759 5616 968 5694; x_wconf 70' lang='grc' dir='ltr'>Ἀρχὴν</span> <span class='ocrx_word' id='word_1_683' title='bbox 1014 5617 1256 5694; x_wconf 58' lang='grc' dir='ltr'>ταύτην.</span> <span class='ocrx_word' id='word_1_684' title='bbox 1297 5615 1483 5694; x_wconf 83' lang='lat' dir='ltr'><strong>Petav._</strong></span> <span class='ocrx_word' id='word_1_685' title='bbox 1522 5629 1558 5669; x_wconf 92' lang='lat' dir='ltr'><strong>t.</strong></span> <span class='ocrx_word' id='word_1_686' title='bbox 1588 5617 1685 5694; x_wconf 79' lang='grc' dir='ltr'>ιιι,</span> <span class='ocrx_word' id='word_1_687' title='bbox 1727 5619 1824 5694; x_wconf 56' lang='grc' dir='ltr'>ιιι).</span> <span class='ocrx_word' id='word_1_688' title='bbox 1871 5617 2076 5694; x_wconf 60' lang='lat' dir='ltr'><strong>Eccl“.</strong></span> 
     </span>
    </p>
   </div>
   <div class='ocr_carea' id='block_1_92' title="bbox 524 5687 2081 5760">
    <p class='ocr_par' dir='ltr' id='par_1_92' title="bbox 524 5687 2081 5760">
     <span class='ocr_line' id='line_1_92' title="bbox 524 5687 2081 5760; baseline 0.003 -20"><span class='ocrx_word' id='word_1_689' title='bbox 524 5688 679 5748; x_wconf 69' lang='lat' dir='ltr'><strong>hicn,</strong></span> <span class='ocrx_word' id='word_1_690' title='bbox 713 5700 766 5741; x_wconf 83' lang='grc' dir='ltr'>ιι.</span> <span class='ocrx_word' id='word_1_691' title='bbox 812 5689 894 5748; x_wconf 76' lang='lat' dir='ltr'><strong>lt,</strong></span> <span class='ocrx_word' id='word_1_692' title='bbox 941 5701 992 5750; x_wconf 89' lang='lat' dir='ltr'><strong>p.</strong></span> <span class='ocrx_word' id='word_1_693' title='bbox 1023 5687 1144 5753; x_wconf 68' lang='lat'><strong>857,</strong></span> <span class='ocrx_word' id='word_1_694' title='bbox 1199 5706 1216 5737; x_wconf 77' lang='grc' dir='ltr'><strong>ι</strong></span> <span class='ocrx_word' id='word_1_695' title='bbox 1249 5687 1542 5754; x_wconf 66' lang='lat' dir='ltr'><strong>praesertim</strong></span> <span class='ocrx_word' id='word_1_696' title='bbox 1585 5688 1674 5741; x_wconf 86' lang='lat' dir='ltr'><strong>tali</strong></span> <span class='ocrx_word' id='word_1_697' title='bbox 1727 5687 1933 5757; x_wconf 80' lang='lat' dir='ltr'><strong>imperii</strong></span> <span class='ocrx_word' id='word_1_698' title='bbox 1983 5706 2081 5760; x_wconf 80' lang='lat' dir='ltr'><strong>ge-</strong></span> 
     </span>
    </p>
   </div>
   <div class='ocr_carea' id='block_1_93' title="bbox 2192 3147 3726 3218">
    <p class='ocr_par' dir='ltr' id='par_1_93' title="bbox 2192 3147 3726 3218">
     <span class='ocr_line' id='line_1_93' title="bbox 2192 3147 3726 3218; baseline -0.003 -15"><span class='ocrx_word' id='word_1_699' title='bbox 2192 3150 2389 3212; x_wconf 85' lang='grc' dir='ltr'>κακίας</span> <span class='ocrx_word' id='word_1_700' title='bbox 2438 3148 2892 3218; x_wconf 85' lang='grc' dir='ltr'>ἀναπίμπλασθαι</span> <span class='ocrx_word' id='word_1_701' title='bbox 2939 3148 2997 3200; x_wconf 87' lang='grc' dir='ltr'><strong>τὸ</strong></span> <span class='ocrx_word' id='word_1_702' title='bbox 3027 3148 3284 3215; x_wconf 80' lang='grc' dir='ltr'>ὑπήκοον,</span> <span class='ocrx_word' id='word_1_703' title='bbox 3347 3149 3438 3199; x_wconf 76' lang='grc' dir='ltr'><strong>καὶ</strong></span> <span class='ocrx_word' id='word_1_704' title='bbox 3495 3147 3655 3216; x_wconf 79' lang='grc' dir='ltr'>πολλῷ</span> <span class='ocrx_word' id='word_1_705' title='bbox 3680 3165 3726 3214; x_wconf 70' lang='grc' dir='ltr'>γε</span> 
     </span>
    </p>
   </div>
   <div class='ocr_carea' id='block_1_94' title="bbox 2193 3237 3728 3313">
    <p class='ocr_par' dir='ltr' id='par_1_94' title="bbox 2193 3237 3728 3313">
     <span class='ocr_line' id='line_1_94' title="bbox 2193 3237 3728 3313; baseline -0.001 -21"><span class='ocrx_word' id='word_1_706' title='bbox 2193 3243 2320 3313; x_wconf 78' lang='grc' dir='ltr'>ῥᾷον</span> <span class='ocrx_word' id='word_1_707' title='bbox 2349 3241 2382 3311; x_wconf 83' lang='grc' dir='ltr'>ἦ</span> <span class='ocrx_word' id='word_1_708' title='bbox 2414 3239 2505 3292; x_wconf 76' lang='grc' dir='ltr'><strong>τοῦ</strong></span> <span class='ocrx_word' id='word_1_709' title='bbox 2539 3239 2802 3300; x_wconf 78' lang='grc' dir='ltr'>ἐναντίου,</span> <span class='ocrx_word' id='word_1_710' title='bbox 2835 3239 2934 3308; x_wconf 83' lang='grc' dir='ltr'><strong>τῆς</strong></span> <span class='ocrx_word' id='word_1_711' title='bbox 2973 3239 3189 3310; x_wconf 75' lang='grc' dir='ltr'>ἀρετῆς.</span> <span class='ocrx_word' id='word_1_712' title='bbox 3233 3238 3402 3290; x_wconf 79' lang='grc' dir='ltr'>Τοῦτο</span> <span class='ocrx_word' id='word_1_713' title='bbox 3434 3238 3538 3308; x_wconf 78' lang='grc' dir='ltr'><strong>γάρ</strong></span> <span class='ocrx_word' id='word_1_714' title='bbox 3564 3237 3728 3290; x_wconf 80' lang='grc' dir='ltr'>ἐστινό</span> 
     </span>
    </p>
   </div>
   <div class='ocr_carea' id='block_1_95' title="bbox 2196 3329 3718 3402">
    <p class='ocr_par' dir='ltr' id='par_1_95' title="bbox 2196 3329 3718 3402">
     <span class='ocr_line' id='line_1_95' title="bbox 2196 3329 3718 3402; baseline -0.002 -17"><span class='ocrx_word' id='word_1_715' title='bbox 2196 3333 2430 3402; x_wconf 78' lang='grc' dir='ltr'>μάλιστα</span> <span class='ocrx_word' id='word_1_716' title='bbox 2461 3331 2572 3399; x_wconf 71' lang='grc'><strong>(20)</strong></span> <span class='ocrx_word' id='word_1_717' title='bbox 2614 3331 2926 3383; x_wconf 74' lang='grc' dir='ltr'>πλεονεκτεῖ</span> <span class='ocrx_word' id='word_1_718' title='bbox 2959 3330 3056 3400; x_wconf 80' lang='grc' dir='ltr'>τὴν</span> <span class='ocrx_word' id='word_1_719' title='bbox 3098 3329 3500 3396; x_wconf 75' lang='grc' dir='ltr'>καλοκαγαθίαν</span> <span class='ocrx_word' id='word_1_720' title='bbox 3533 3333 3562 3399; x_wconf 83' lang='grc' dir='ltr'><strong>ἡ</strong></span> <span class='ocrx_word' id='word_1_721' title='bbox 3594 3347 3718 3400; x_wconf 80' lang='grc' dir='ltr'>πονη-</span> 
     </span>
    </p>
   </div>
   <div class='ocr_carea' id='block_1_96' title="bbox 2197 3421 3730 3496">
    <p class='ocr_par' dir='ltr' id='par_1_96' title="bbox 2197 3421 3730 3496">
     <span class='ocr_line' id='line_1_96' title="bbox 2197 3421 3730 3496; baseline -0.001 -20"><span class='ocrx_word' id='word_1_722' title='bbox 2197 3426 2303 3496; x_wconf 88' lang='grc' dir='ltr'>ρία,</span> <span class='ocrx_word' id='word_1_723' title='bbox 2337 3426 2429 3478; x_wconf 78' lang='grc' dir='ltr'><strong>καὶ</strong></span> <span class='ocrx_word' id='word_1_724' title='bbox 2455 3424 2482 3477; x_wconf 84' lang='grc' dir='ltr'><strong>ὃ</strong></span> <span class='ocrx_word' id='word_1_725' title='bbox 2513 3424 2746 3495; x_wconf 86' lang='grc' dir='ltr'>μάλιστα</span> <span class='ocrx_word' id='word_1_726' title='bbox 2800 3423 2908 3491; x_wconf 77' lang='grc' dir='ltr'>ἐγὼ</span> <span class='ocrx_word' id='word_1_727' title='bbox 2955 3423 3287 3492; x_wconf 83' lang='grc' dir='ltr'>δυσχεραίνω</span> <span class='ocrx_word' id='word_1_728' title='bbox 3328 3421 3617 3484; x_wconf 84' lang='grc' dir='ltr'>κατανοῶν,</span> <span class='ocrx_word' id='word_1_729' title='bbox 3667 3423 3730 3475; x_wconf 74' lang='grc' dir='ltr'>ὅτι</span> 
     </span>
    </p>
   </div>
   <div class='ocr_carea' id='block_1_97' title="bbox 2193 3497 3730 3586">
    <p class='ocr_par' dir='ltr' id='par_1_97' title="bbox 2193 3497 3730 3586">
     <span class='ocr_line' id='line_1_97' title="bbox 2193 3497 3730 3586; baseline -0.001 -18"><span class='ocrx_word' id='word_1_730' title='bbox 2193 3515 2495 3586; x_wconf 75' lang='grc' dir='ltr'>εύζή).ωτον</span> <span class='ocrx_word' id='word_1_731' title='bbox 2541 3497 2638 3586; x_wconf 77' lang='grc' dir='ltr'><strong>μέν</strong></span> <span class='ocrx_word' id='word_1_732' title='bbox 2665 3513 2738 3565; x_wconf 79' lang='grc' dir='ltr'>τι⁶</span> <span class='ocrx_word' id='word_1_733' title='bbox 2765 3515 2858 3567; x_wconf 71' lang='grc' dir='ltr'><strong>καὶ</strong></span> <span class='ocrx_word' id='word_1_734' title='bbox 2881 3515 3166 3586; x_wconf 76' lang='grc' dir='ltr'>πρόχειρον</span> <span class='ocrx_word' id='word_1_735' title='bbox 3201 3515 3308 3582; x_wconf 71' lang='grc'><strong>(21)</strong></span> <span class='ocrx_word' id='word_1_736' title='bbox 3338 3517 3562 3586; x_wconf 78' lang='grc' dir='ltr'>πρᾶγμα</span> <span class='ocrx_word' id='word_1_737' title='bbox 3587 3518 3617 3585; x_wconf 77' lang='grc' dir='ltr'>ἡ</span> <span class='ocrx_word' id='word_1_738' title='bbox 3652 3533 3730 3585; x_wconf 84' lang='grc' dir='ltr'>μο-</span> 
     </span>
    </p>
   </div>
   <div class='ocr_carea' id='block_1_98' title="bbox 2186 3607 3732 3680">
    <p class='ocr_par' dir='ltr' id='par_1_98' title="bbox 2186 3607 3732 3680">
     <span class='ocr_line' id='line_1_98' title="bbox 2186 3607 3732 3680; baseline -0.002 -18"><span class='ocrx_word' id='word_1_739' title='bbox 2186 3609 2406 3680; x_wconf 88' lang='grc' dir='ltr'>χθηρία,</span> <span class='ocrx_word' id='word_1_740' title='bbox 2438 3612 2531 3661; x_wconf 66' lang='grc' dir='ltr'><strong>καὶ</strong></span> <span class='ocrx_word' id='word_1_741' title='bbox 2562 3609 2713 3662; x_wconf 74' lang='grc' dir='ltr'>οὐδὲν</span> <span class='ocrx_word' id='word_1_742' title='bbox 2762 3607 2903 3661; x_wconf 77' lang='grc' dir='ltr'>οὕτω</span> <span class='ocrx_word' id='word_1_743' title='bbox 2938 3608 3134 3679; x_wconf 76' lang='grc' dir='ltr'>ῥᾴδιον,</span> <span class='ocrx_word' id='word_1_744' title='bbox 3173 3607 3248 3670; x_wconf 81' lang='grc' dir='ltr'>ὡς</span> <span class='ocrx_word' id='word_1_745' title='bbox 3284 3607 3345 3659; x_wconf 82' lang='grc' dir='ltr'><strong>τὸ</strong></span> <span class='ocrx_word' id='word_1_746' title='bbox 3379 3607 3620 3674; x_wconf 84' lang='grc' dir='ltr'>γενέσθαι</span> <span class='ocrx_word' id='word_1_747' title='bbox 3651 3623 3732 3660; x_wconf 72' lang='grc' dir='ltr'>και</span> 
     </span>
    </p>
   </div>
   <div class='ocr_carea' id='block_1_99' title="bbox 2187 3698 3732 3772">
    <p class='ocr_par' dir='ltr' id='par_1_99' title="bbox 2187 3698 3732 3772">
     <span class='ocr_line' id='line_1_99' title="bbox 2187 3698 3732 3772; baseline -0.005 -20"><span class='ocrx_word' id='word_1_748' title='bbox 2187 3701 2301 3764; x_wconf 85' lang='grc' dir='ltr'>κὸν,</span> <span class='ocrx_word' id='word_1_749' title='bbox 2337 3701 2440 3754; x_wconf 85' lang='grc' dir='ltr'><strong>κᾶν</strong></span> <span class='ocrx_word' id='word_1_750' title='bbox 2497 3702 2608 3769; x_wconf 69' lang='lat'><strong>(22)</strong></span> <span class='ocrx_word' id='word_1_751' title='bbox 2641 3704 2688 3753; x_wconf 79' lang='grc' dir='ltr'><strong>εἰ</strong></span> <span class='ocrx_word' id='word_1_752' title='bbox 2725 3699 2799 3772; x_wconf 84' lang='grc' dir='ltr'>μὴ</span> <span class='ocrx_word' id='word_1_753' title='bbox 2860 3699 3009 3770; x_wconf 81' lang='grc' dir='ltr'>τύχοι</span> <span class='ocrx_word' id='word_1_754' title='bbox 3047 3700 3182 3771; x_wconf 82' lang='grc' dir='ltr'>πρὸς</span> <span class='ocrx_word' id='word_1_755' title='bbox 3232 3698 3436 3770; x_wconf 86' lang='grc' dir='ltr'>ταύτην</span> <span class='ocrx_word' id='word_1_756' title='bbox 3469 3701 3574 3769; x_wconf 81' lang='lat'><strong>(‘25)</strong></span> <span class='ocrx_word' id='word_1_757' title='bbox 3610 3701 3732 3771; x_wconf 64' lang='grc' dir='ltr'>ἡμᾶς</span> 
     </span>
    </p>
   </div>
   <div class='ocr_carea' id='block_1_100' title="bbox 2186 3791 3730 3863">
    <p class='ocr_par' dir='ltr' id='par_1_100' title="bbox 2186 3791 3730 3863">
     <span class='ocr_line' id='line_1_100' title="bbox 2186 3791 3730 3863; baseline -0.001 -18"><span class='ocrx_word' id='word_1_758' title='bbox 2186 3791 2332 3860; x_wconf 78' lang='grc' dir='ltr'>ἄγων</span> <span class='ocrx_word' id='word_1_759' title='bbox 2379 3794 2600 3863; x_wconf 78' lang='grc' dir='ltr'>μηδείςο</span> <span class='ocrx_word' id='word_1_760' title='bbox 2639 3793 2863 3846; x_wconf 78' lang='grc' dir='ltr'>σπάνιον</span> <span class='ocrx_word' id='word_1_761' title='bbox 2907 3792 2963 3845; x_wconf 79' lang='grc' dir='ltr'>δὲ</span> <span class='ocrx_word' id='word_1_762' title='bbox 2991 3795 3024 3862; x_wconf 82' lang='grc' dir='ltr'>ἡ</span> <span class='ocrx_word' id='word_1_763' title='bbox 3071 3791 3163 3844; x_wconf 81' lang='grc' dir='ltr'>τοῦ</span> <span class='ocrx_word' id='word_1_764' title='bbox 3198 3791 3404 3860; x_wconf 83' lang='grc' dir='ltr'>ἀγα.θοῦ</span> <span class='ocrx_word' id='word_1_765' title='bbox 3441 3793 3625 3861; x_wconf 76' lang='grc' dir='ltr'>κτῆσις</span> <span class='ocrx_word' id='word_1_766' title='bbox 3657 3792 3730 3843; x_wconf 60' lang='grc' dir='ltr'>καὶ</span> 
     </span>
    </p>
   </div>
   <div class='ocr_carea' id='block_1_101' title="bbox 2190 3882 3730 3953">
    <p class='ocr_par' dir='ltr' id='par_1_101' title="bbox 2190 3882 3730 3953">
     <span class='ocr_line' id='line_1_101' title="bbox 2190 3882 3730 3953; baseline -0.001 -17"><span class='ocrx_word' id='word_1_767' title='bbox 2190 3883 2510 3953; x_wconf 86' lang='grc' dir='ltr'>πρόσαντες,</span> <span class='ocrx_word' id='word_1_768' title='bbox 2538 3884 2640 3938; x_wconf 86' lang='grc' dir='ltr'>κᾶν</span> <span class='ocrx_word' id='word_1_769' title='bbox 2677 3886 2725 3936; x_wconf 80' lang='grc' dir='ltr'>ει</span> <span class='ocrx_word' id='word_1_770' title='bbox 2768 3883 2901 3936; x_wconf 81' lang='grc' dir='ltr'>πολὺ</span> <span class='ocrx_word' id='word_1_771' title='bbox 2924 3884 2984 3936; x_wconf 86' lang='grc' dir='ltr'><strong>τὸ</strong></span> <span class='ocrx_word' id='word_1_772' title='bbox 3019 3882 3276 3952; x_wconf 84' lang='grc' dir='ltr'>μεθέλκον</span> <span class='ocrx_word' id='word_1_773' title='bbox 3306 3884 3389 3952; x_wconf 81' lang='grc' dir='ltr'>εἴη</span> <span class='ocrx_word' id='word_1_774' title='bbox 3433 3886 3525 3936; x_wconf 76' lang='grc' dir='ltr'><strong>καὶ</strong></span> <span class='ocrx_word' id='word_1_775' title='bbox 3552 3900 3730 3953; x_wconf 80' lang='grc' dir='ltr'>προκα-</span> 
     </span>
    </p>
   </div>
   <div class='ocr_carea' id='block_1_102' title="bbox 2186 3973 3731 4045">
    <p class='ocr_par' dir='ltr' id='par_1_102' title="bbox 2186 3973 3731 4045">
     <span class='ocr_line' id='line_1_102' title="bbox 2186 3973 3731 4045; baseline -0.001 -19"><span class='ocrx_word' id='word_1_776' title='bbox 2186 3973 2460 4045; x_wconf 86' lang='grc' dir='ltr'>λούμενον.</span> <span class='ocrx_word' id='word_1_777' title='bbox 2495 3977 2602 4028; x_wconf 74' lang='grc' dir='ltr'><strong>Καὶ</strong></span> <span class='ocrx_word' id='word_1_778' title='bbox 2656 3975 2813 4029; x_wconf 80' lang='grc' dir='ltr'>τοῦτό</span> <span class='ocrx_word' id='word_1_779' title='bbox 2846 3977 2992 4028; x_wconf 77' lang='grc' dir='ltr'>ἐστιν</span> <span class='ocrx_word' id='word_1_780' title='bbox 3031 3975 3059 4026; x_wconf 86' lang='grc' dir='ltr'>ὅ</span> <span class='ocrx_word' id='word_1_781' title='bbox 3094 3991 3183 4043; x_wconf 87' lang='grc' dir='ltr'><strong>μοι</strong></span> <span class='ocrx_word' id='word_1_782' title='bbox 3225 3974 3372 4026; x_wconf 85' lang='grc' dir='ltr'>δοκεῖ</span> <span class='ocrx_word' id='word_1_783' title='bbox 3407 3975 3499 4026; x_wconf 69' lang='grc' dir='ltr'><strong>καὶ</strong></span> <span class='ocrx_word' id='word_1_784' title='bbox 3529 3977 3554 4028; x_wconf 85' lang='grc' dir='ltr'>ὁ</span> <span class='ocrx_word' id='word_1_785' title='bbox 3582 3992 3731 4045; x_wconf 78' lang='grc' dir='ltr'>μακα-</span> 
     </span>
    </p>
   </div>
   <div class='ocr_carea' id='block_1_103' title="bbox 2202 4223 3729 4298">
    <p class='ocr_par' dir='ltr' id='par_1_103' title="bbox 2202 4223 3729 4298">
     <span class='ocr_line' id='line_1_103' title="bbox 2202 4223 3729 4298; baseline 0.003 -24"><span class='ocrx_word' id='word_1_786' title='bbox 2202 4236 2351 4298; x_wconf 85' lang='lat' dir='ltr'><strong>nere,</strong></span> <span class='ocrx_word' id='word_1_787' title='bbox 2381 4223 2677 4291; x_wconf 91' lang='lat' dir='ltr'><strong>cujusmodi</strong></span> <span class='ocrx_word' id='word_1_788' title='bbox 2717 4236 2802 4281; x_wconf 91' lang='lat' dir='ltr'><strong>est</strong></span> <span class='ocrx_word' id='word_1_789' title='bbox 2845 4239 3108 4290; x_wconf 82' lang='lat' dir='ltr'><strong>nostrum,</strong></span> <span class='ocrx_word' id='word_1_790' title='bbox 3153 4227 3290 4295; x_wconf 84' lang='lat' dir='ltr'><strong>quod</strong></span> <span class='ocrx_word' id='word_1_791' title='bbox 3324 4228 3375 4281; x_wconf 93' lang='lat' dir='ltr'><strong>in</strong></span> <span class='ocrx_word' id='word_1_792' title='bbox 3425 4228 3540 4298; x_wconf 76' lang='lat' dir='ltr'><strong>lege</strong></span> <span class='ocrx_word' id='word_1_793' title='bbox 3574 4228 3729 4281; x_wconf 77' lang='lat' dir='ltr'><strong>divina</strong></span> 
     </span>
    </p>
   </div>
   <div class='ocr_carea' id='block_1_104' title="bbox 2201 4296 3727 4366">
    <p class='ocr_par' dir='ltr' id='par_1_104' title="bbox 2201 4296 3727 4366">
     <span class='ocr_line' id='line_1_104' title="bbox 2201 4296 3727 4366; baseline 0.003 -21"><span class='ocrx_word' id='word_1_794' title='bbox 2201 4296 2428 4359; x_wconf 86' lang='lat' dir='ltr'><strong>positum</strong></span> <span class='ocrx_word' id='word_1_795' title='bbox 2459 4307 2561 4356; x_wconf 88' lang='lat' dir='ltr'><strong>est,</strong></span> <span class='ocrx_word' id='word_1_796' title='bbox 2603 4306 2657 4349; x_wconf 91' lang='lat' dir='ltr'><strong>et</strong></span> <span class='ocrx_word' id='word_1_797' title='bbox 2698 4299 2762 4349; x_wconf 86' lang='lat' dir='ltr'><strong>ad</strong></span> <span class='ocrx_word' id='word_1_798' title='bbox 2816 4299 2977 4350; x_wconf 83' lang='lat' dir='ltr'><strong>Deum</strong></span> <span class='ocrx_word' id='word_1_799' title='bbox 3029 4300 3286 4364; x_wconf 78' lang='lat' dir='ltr'><strong>perducit.</strong></span> <span class='ocrx_word' id='word_1_800' title='bbox 3333 4296 3501 4362; x_wconf 74' lang='lat' dir='ltr'><strong>Cujus</strong></span> <span class='ocrx_word' id='word_1_801' title='bbox 3547 4299 3727 4366; x_wconf 86' lang='lat' dir='ltr'><strong>imperii</strong></span> 
     </span>
    </p>
   </div>
   <div class='ocr_carea' id='block_1_105' title="bbox 2123 4366 3732 4454">
    <p class='ocr_par' dir='ltr' id='par_1_105' title="bbox 2123 4366 3732 4454">
     <span class='ocr_line' id='line_1_105' title="bbox 2123 4366 3732 4454; baseline 0.003 -40"><span class='ocrx_word' id='word_1_802' title='bbox 2123 4400 2166 4454; x_wconf 66' lang='grc' dir='ltr'>υ</span> <span class='ocrx_word' id='word_1_803' title='bbox 2198 4375 2398 4454; x_wconf 65' lang='lat' dir='ltr'><strong>quanta</strong></span> <span class='ocrx_word' id='word_1_804' title='bbox 2427 4375 2505 4417; x_wconf 89' lang='lat' dir='ltr'><strong>est</strong></span> <span class='ocrx_word' id='word_1_805' title='bbox 2552 4366 2872 4430; x_wconf 82' lang='lat' dir='ltr'><strong>sublimitas,</strong></span> <span class='ocrx_word' id='word_1_806' title='bbox 2898 4379 3055 4454; x_wconf 49' lang='lat' dir='ltr'><strong>inetlc.</strong></span> <span class='ocrx_word' id='word_1_807' title='bbox 3103 4370 3308 4454; x_wconf 71' lang='lat' dir='ltr'><strong>Quibus</strong></span> <span class='ocrx_word' id='word_1_808' title='bbox 3347 4372 3524 4422; x_wconf 83' lang='lat' dir='ltr'><strong>verbis</strong></span> <span class='ocrx_word' id='word_1_809' title='bbox 3572 4383 3732 4422; x_wconf 82' lang='lat' dir='ltr'><strong>sacer-</strong></span> 
     </span>
    </p>
   </div>
   <div class='ocr_carea' id='block_1_106' title="bbox 2193 4435 3634 4502">
    <p class='ocr_par' dir='ltr' id='par_1_106' title="bbox 2193 4435 3634 4502">
     <span class='ocr_line' id='line_1_106' title="bbox 2193 4435 3634 4502; baseline 0.005 -17"><span class='ocrx_word' id='word_1_810' title='bbox 2193 4435 2320 4485; x_wconf 87' lang='lat' dir='ltr'><strong>dotii</strong></span> <span class='ocrx_word' id='word_1_811' title='bbox 2363 4446 2678 4502; x_wconf 77' lang='lat' dir='ltr'><strong>potestatem</strong></span> <span class='ocrx_word' id='word_1_812' title='bbox 2708 4449 2892 4489; x_wconf 88' lang='lat' dir='ltr'><strong>contra</strong></span> <span class='ocrx_word' id='word_1_813' title='bbox 2927 4439 3244 4490; x_wconf 83' lang='lat' dir='ltr'><strong>Salmasium</strong></span> <span class='ocrx_word' id='word_1_814' title='bbox 3280 4442 3634 4492; x_wconf 88' lang='lat' dir='ltr'><strong>demonstrat.</strong></span> 
     </span>
    </p>
   </div>
   <div class='ocr_carea' id='block_1_107' title="bbox 2258 4503 3727 4578">
    <p class='ocr_par' dir='ltr' id='par_1_107' title="bbox 2258 4503 3727 4578">
     <span class='ocr_line' id='line_1_107' title="bbox 2258 4503 3727 4578; baseline 0.004 -25"><span class='ocrx_word' id='word_1_815' title='bbox 2258 4503 2366 4572; x_wconf 83' lang='grc'><strong>(16)</strong></span> <span class='ocrx_word' id='word_1_816' title='bbox 2407 4505 2790 4578; x_wconf 24' lang='grc' dir='ltr'>Παντοίριςαι</span> <span class='ocrx_word' id='word_1_817' title='bbox 2820 4504 2875 4578; x_wconf 81' lang='grc' dir='ltr'><strong>ιιι</strong></span> <span class='ocrx_word' id='word_1_818' title='bbox 2905 4509 3140 4578; x_wconf 85' lang='lat' dir='ltr'><strong>cujusvis</strong></span> <span class='ocrx_word' id='word_1_819' title='bbox 3165 4508 3385 4576; x_wconf 90' lang='lat' dir='ltr'><strong>generis</strong></span> <span class='ocrx_word' id='word_1_820' title='bbox 3414 4508 3727 4576; x_wconf 84' lang='lat' dir='ltr'><strong>temporibus</strong></span> 
     </span>
    </p>
   </div>
   <div class='ocr_carea' id='block_1_108' title="bbox 2186 4576 2852 4641">
    <p class='ocr_par' dir='ltr' id='par_1_108' title="bbox 2186 4576 2852 4641">
     <span class='ocr_line' id='line_1_108' title="bbox 2186 4576 2852 4641; baseline 0.003 -14"><span class='ocrx_word' id='word_1_821' title='bbox 2186 4583 2241 4627; x_wconf 85' lang='lat' dir='ltr'><strong>et</strong></span> <span class='ocrx_word' id='word_1_822' title='bbox 2276 4577 2522 4641; x_wconf 78' lang='lat' dir='ltr'><strong>negotiis,</strong></span> <span class='ocrx_word' id='word_1_823' title='bbox 2549 4594 2567 4626; x_wconf 74' lang='grc' dir='ltr'><strong>ι</strong></span> <span class='ocrx_word' id='word_1_824' title='bbox 2611 4576 2852 4629; x_wconf 72' lang='lat' dir='ltr'><strong>Ciiiiibel.</strong></span> 
     </span>
    </p>
   </div>
   <div class='ocr_carea' id='block_1_109' title="bbox 2258 4644 3394 4716">
    <p class='ocr_par' dir='ltr' id='par_1_109' title="bbox 2258 4644 3394 4716">
     <span class='ocr_line' id='line_1_109' title="bbox 2258 4644 3394 4716; baseline 0.004 -21"><span class='ocrx_word' id='word_1_825' title='bbox 2258 4644 2368 4716; x_wconf 82' lang='lat' dir='ltr'><strong>(l7)</strong></span> <span class='ocrx_word' id='word_1_826' title='bbox 2414 4645 2610 4712; x_wconf 76' lang='grc' dir='ltr'>Ἄρκη.</span> <span class='ocrx_word' id='word_1_827' title='bbox 2649 4644 2776 4716; x_wconf 67' lang='lat' dir='ltr'><strong>Reg.</strong></span> <span class='ocrx_word' id='word_1_828' title='bbox 2807 4663 2849 4709; x_wconf 90' lang='lat' dir='ltr'><strong>r,</strong></span> <span class='ocrx_word' id='word_1_829' title='bbox 2881 4647 3060 4716; x_wconf 82' lang='grc' dir='ltr'>ἄρχει,</span> <span class='ocrx_word' id='word_1_830' title='bbox 3101 4662 3203 4699; x_wconf 92' lang='lat' dir='ltr'><strong>non</strong></span> <span class='ocrx_word' id='word_1_831' title='bbox 3237 4645 3394 4699; x_wconf 86' lang='lat' dir='ltr'><strong>male.</strong></span> 
     </span>
    </p>
   </div>
   <div class='ocr_carea' id='block_1_110' title="bbox 2258 4714 3725 4784">
    <p class='ocr_par' dir='ltr' id='par_1_110' title="bbox 2258 4714 3725 4784">
     <span class='ocr_line' id='line_1_110' title="bbox 2258 4714 3725 4784; baseline 0.001 -19"><span class='ocrx_word' id='word_1_832' title='bbox 2258 4714 2366 4783; x_wconf 79' lang='grc'><strong>(18)</strong></span> <span class='ocrx_word' id='word_1_833' title='bbox 2409 4716 2625 4779; x_wconf 79' lang='grc' dir='ltr'>Λοιμός</span> <span class='ocrx_word' id='word_1_834' title='bbox 2652 4714 2784 4784; x_wconf 64' lang='grc' dir='ltr'>ἐστι</span> <span class='ocrx_word' id='word_1_835' title='bbox 2810 4732 2893 4770; x_wconf 85' lang='grc' dir='ltr'>τε.</span> <span class='ocrx_word' id='word_1_836' title='bbox 2923 4714 3021 4770; x_wconf 68' lang='grc' dir='ltr'>Ᾰῐιί</span> <span class='ocrx_word' id='word_1_837' title='bbox 3053 4719 3282 4776; x_wconf 83' lang='lat' dir='ltr'><strong>codices.</strong></span> <span class='ocrx_word' id='word_1_838' title='bbox 3313 4716 3499 4784; x_wconf 81' lang='grc' dir='ltr'>λοιμὸς</span> <span class='ocrx_word' id='word_1_839' title='bbox 3525 4715 3637 4769; x_wconf 79' lang='grc' dir='ltr'>ἔστι</span> <span class='ocrx_word' id='word_1_840' title='bbox 3660 4731 3725 4768; x_wconf 88' lang='grc' dir='ltr'>τε.</span> 
     </span>
    </p>
   </div>
   <div class='ocr_carea' id='block_1_111' title="bbox 2257 4783 3727 4854">
    <p class='ocr_par' dir='ltr' id='par_1_111' title="bbox 2257 4783 3727 4854">
     <span class='ocr_line' id='line_1_111' title="bbox 2257 4783 3727 4854; baseline 0 -19"><span class='ocrx_word' id='word_1_841' title='bbox 2257 4788 2365 4854; x_wconf 81' lang='lat' dir='ltr'><strong>(l9)</strong></span> <span class='ocrx_word' id='word_1_842' title='bbox 2407 4783 2804 4850; x_wconf 51' lang='grc' dir='ltr'>Προεστῶτος.</span> <span class='ocrx_word' id='word_1_843' title='bbox 2843 4805 2861 4836; x_wconf 79' lang='grc' dir='ltr'><strong>ι</strong></span> <span class='ocrx_word' id='word_1_844' title='bbox 2885 4787 3174 4846; x_wconf 82' lang='lat' dir='ltr'><strong>Antistiiis,</strong></span> <span class='ocrx_word' id='word_1_845' title='bbox 3202 4806 3218 4836; x_wconf 75' lang='grc' dir='ltr'><strong>ι</strong></span> <span class='ocrx_word' id='word_1_846' title='bbox 3256 4801 3374 4853; x_wconf 79' lang='lat' dir='ltr'><strong>qua:</strong></span> <span class='ocrx_word' id='word_1_847' title='bbox 3404 4783 3508 4838; x_wconf 82' lang='lat' dir='ltr'><strong>vox</strong></span> <span class='ocrx_word' id='word_1_848' title='bbox 3542 4793 3603 4838; x_wconf 89' lang='lat' dir='ltr'><strong>de</strong></span> <span class='ocrx_word' id='word_1_849' title='bbox 3629 4802 3727 4836; x_wconf 86' lang='lat' dir='ltr'><strong>om-</strong></span> 
     </span>
    </p>
   </div>
   <div class='ocr_carea' id='block_1_112' title="bbox 2188 4855 3727 4925">
    <p class='ocr_par' dir='ltr' id='par_1_112' title="bbox 2188 4855 3727 4925">
     <span class='ocr_line' id='line_1_112' title="bbox 2188 4855 3727 4925; baseline -0.001 -19"><span class='ocrx_word' id='word_1_850' title='bbox 2188 4855 2345 4906; x_wconf 88' lang='lat' dir='ltr'><strong>nibus</strong></span> <span class='ocrx_word' id='word_1_851' title='bbox 2397 4857 2484 4922; x_wconf 89' lang='lat' dir='ltr'><strong>qui</strong></span> <span class='ocrx_word' id='word_1_852' title='bbox 2540 4865 2790 4921; x_wconf 75' lang='lat' dir='ltr'><strong>praesunt,</strong></span> <span class='ocrx_word' id='word_1_853' title='bbox 2845 4859 2956 4910; x_wconf 88' lang='lat' dir='ltr'><strong>sive</strong></span> <span class='ocrx_word' id='word_1_854' title='bbox 2994 4859 3280 4925; x_wconf 81' lang='lat' dir='ltr'><strong>episcopis,</strong></span> <span class='ocrx_word' id='word_1_855' title='bbox 3329 4857 3441 4907; x_wconf 87' lang='lat' dir='ltr'><strong>sive</strong></span> <span class='ocrx_word' id='word_1_856' title='bbox 3493 4857 3727 4909; x_wconf 86' lang='lat' dir='ltr'><strong>sacerdo-</strong></span> 
     </span>
    </p>
   </div>
   <div class='ocr_carea' id='block_1_113' title="bbox 2189 4925 3728 4993">
    <p class='ocr_par' dir='ltr' id='par_1_113' title="bbox 2189 4925 3728 4993">
     <span class='ocr_line' id='line_1_113' title="bbox 2189 4925 3728 4993; baseline 0 -18"><span class='ocrx_word' id='word_1_857' title='bbox 2189 4930 2329 4978; x_wconf 87' lang='lat' dir='ltr'><strong>tibus</strong></span> <span class='ocrx_word' id='word_1_858' title='bbox 2390 4935 2473 4978; x_wconf 90' lang='lat' dir='ltr'><strong>est</strong></span> <span class='ocrx_word' id='word_1_859' title='bbox 2521 4925 2883 4993; x_wconf 80' lang='lat' dir='ltr'><strong>intelligenda.</strong></span> <span class='ocrx_word' id='word_1_860' title='bbox 2919 4926 3052 4980; x_wconf 83' lang='lat' dir='ltr'><strong>Hinc</strong></span> <span class='ocrx_word' id='word_1_861' title='bbox 3095 4925 3397 4979; x_wconf 83' lang='lat' dir='ltr'><strong>Gabrielius</strong></span> <span class='ocrx_word' id='word_1_862' title='bbox 3439 4933 3605 4992; x_wconf 74' lang='lat' dir='ltr'><strong>mags</strong></span> <span class='ocrx_word' id='word_1_863' title='bbox 3647 4926 3728 4976; x_wconf 83' lang='lat' dir='ltr'><strong>ad-</strong></span> 
     </span>
    </p>
   </div>
   <div class='ocr_carea' id='block_1_114' title="bbox 2186 4994 3726 5073">
    <p class='ocr_par' dir='ltr' id='par_1_114' title="bbox 2186 4994 3726 5073">
     <span class='ocr_line' id='line_1_114' title="bbox 2186 4994 3726 5073; baseline -0.001 -27"><span class='ocrx_word' id='word_1_864' title='bbox 2186 4994 2288 5073; x_wconf 75' lang='lat' dir='ltr'><strong>huc</strong></span> <span class='ocrx_word' id='word_1_865' title='bbox 2323 4994 2654 5062; x_wconf 83' lang='lat' dir='ltr'><strong>generatim:</strong></span> <span class='ocrx_word' id='word_1_866' title='bbox 2695 5013 2714 5044; x_wconf 86' lang='grc'><em>‹</em></span> <span class='ocrx_word' id='word_1_867' title='bbox 2746 4995 3050 5065; x_wconf 89' lang='lat' dir='ltr'><strong>Principum</strong></span> <span class='ocrx_word' id='word_1_868' title='bbox 3082 4999 3226 5050; x_wconf 88' lang='lat' dir='ltr'><strong>vitiis</strong></span> <span class='ocrx_word' id='word_1_869' title='bbox 3266 4995 3411 5048; x_wconf 89' lang='lat' dir='ltr'><strong>inlici</strong></span> <span class='ocrx_word' id='word_1_870' title='bbox 3459 4999 3594 5049; x_wconf 88' lang='lat' dir='ltr'><strong>solet</strong></span> <span class='ocrx_word' id='word_1_871' title='bbox 3633 5003 3726 5047; x_wconf 82' lang='lat' dir='ltr'><strong>tota</strong></span> 
     </span>
    </p>
   </div>
   <div class='ocr_carea' id='block_1_115' title="bbox 2186 5079 2440 5117">
    <p class='ocr_par' dir='ltr' id='par_1_115' title="bbox 2186 5079 2440 5117">
     <span class='ocr_line' id='line_1_115' title="bbox 2186 5079 2440 5117; baseline -0.004 -2"><span class='ocrx_word' id='word_1_872' title='bbox 2186 5079 2389 5117; x_wconf 72' lang='grc' dir='ltr'>εινιιιιε.</span> <span class='ocrx_word' id='word_1_873' title='bbox 2422 5083 2440 5114; x_wconf 73' lang='grc' dir='ltr'><strong>ι</strong></span> 
     </span>
    </p>
   </div>
   <div class='ocr_carea' id='block_1_116' title="bbox 2257 5133 3724 5204">
    <p class='ocr_par' dir='ltr' id='par_1_116' title="bbox 2257 5133 3724 5204">
     <span class='ocr_line' id='line_1_116' title="bbox 2257 5133 3724 5204; baseline -0.001 -19"><span class='ocrx_word' id='word_1_874' title='bbox 2257 5133 2368 5202; x_wconf 73' lang='grc'><strong>(20)</strong></span> <span class='ocrx_word' id='word_1_875' title='bbox 2405 5135 2473 5204; x_wconf 87' lang='lat'><strong>_&quot;0</strong></span> <span class='ocrx_word' id='word_1_876' title='bbox 2501 5134 2786 5202; x_wconf 77' lang='grc' dir='ltr'>μάλιστα.</span> <span class='ocrx_word' id='word_1_877' title='bbox 2815 5134 2906 5191; x_wconf 88' lang='lat' dir='ltr'><strong>Sic</strong></span> <span class='ocrx_word' id='word_1_878' title='bbox 2932 5145 3068 5202; x_wconf 85' lang='lat' dir='ltr'><strong>sept.</strong></span> <span class='ocrx_word' id='word_1_879' title='bbox 3097 5135 3288 5204; x_wconf 77' lang='lat' dir='ltr'><strong>Regg.,</strong></span> <span class='ocrx_word' id='word_1_880' title='bbox 3315 5133 3465 5187; x_wconf 89' lang='lat' dir='ltr'><strong>Colh.</strong></span> <span class='ocrx_word' id='word_1_881' title='bbox 3495 5143 3724 5204; x_wconf 80' lang='lat' dir='ltr'><strong>quatuor.</strong></span> 
     </span>
    </p>
   </div>
   <div class='ocr_carea' id='block_1_117' title="bbox 2185 5201 3724 5275">
    <p class='ocr_par' dir='ltr' id='par_1_117' title="bbox 2185 5201 3724 5275">
     <span class='ocr_line' id='line_1_117' title="bbox 2185 5201 3724 5275; baseline -0.001 -22"><span class='ocrx_word' id='word_1_882' title='bbox 2185 5201 2276 5275; x_wconf 78' lang='lat' dir='ltr'><strong>Or.</strong></span> <span class='ocrx_word' id='word_1_883' title='bbox 2307 5201 2357 5267; x_wconf 83' lang='grc'>1,</span> <span class='ocrx_word' id='word_1_884' title='bbox 2568 5205 2690 5258; x_wconf 86' lang='lat' dir='ltr'><strong>Bas.</strong></span> <span class='ocrx_word' id='word_1_885' title='bbox 2752 5207 2966 5275; x_wconf 76' lang='lat' dir='ltr'><strong>Chrys,</strong></span> <span class='ocrx_word' id='word_1_886' title='bbox 2996 5201 3139 5262; x_wconf 88' lang='lat' dir='ltr'><strong>hom.</strong></span> <span class='ocrx_word' id='word_1_887' title='bbox 3163 5201 3234 5268; x_wconf 47' lang='lat'><strong>2&#39;,—</strong></span> <span class='ocrx_word' id='word_1_888' title='bbox 3258 5205 3335 5257; x_wconf 85' lang='lat' dir='ltr'><strong>De</strong></span> <span class='ocrx_word' id='word_1_889' title='bbox 3381 5201 3567 5275; x_wconf 60' lang='lat' dir='ltr'><strong>statuis</strong></span> <span class='ocrx_word' id='word_1_890' title='bbox 3598 5203 3724 5275; x_wconf 71' lang='lat' dir='ltr'><strong>:_&#39;Ev</strong></span> 
     </span>
    </p>
   </div>
   <div class='ocr_carea' id='block_1_118' title="bbox 2184 5273 3722 5346">
    <p class='ocr_par' dir='ltr' id='par_1_118' title="bbox 2184 5273 3722 5346">
     <span class='ocr_line' id='line_1_118' title="bbox 2184 5273 3722 5346; baseline 0.001 -24"><span class='ocrx_word' id='word_1_891' title='bbox 2184 5274 2349 5346; x_wconf 67' lang='grc' dir='ltr'>ἐστιν,</span> <span class='ocrx_word' id='word_1_892' title='bbox 2386 5273 2414 5325; x_wconf 87' lang='grc' dir='ltr'><strong>ὃ</strong></span> <span class='ocrx_word' id='word_1_893' title='bbox 2457 5274 2602 5346; x_wconf 76' lang='grc' dir='ltr'>δοκεῖ</span> <span class='ocrx_word' id='word_1_894' title='bbox 2651 5276 2748 5346; x_wconf 83' lang='grc' dir='ltr'>τῆς</span> <span class='ocrx_word' id='word_1_895' title='bbox 2800 5273 2988 5338; x_wconf 81' lang='grc' dir='ltr'>πενίας</span> <span class='ocrx_word' id='word_1_896' title='bbox 3040 5276 3379 5328; x_wconf 79' lang='grc' dir='ltr'>πλεονεκτεῖν</span> <span class='ocrx_word' id='word_1_897' title='bbox 3422 5275 3452 5325; x_wconf 85' lang='grc' dir='ltr'><strong>ὁ</strong></span> <span class='ocrx_word' id='word_1_898' title='bbox 3497 5273 3722 5333; x_wconf 85' lang='grc' dir='ltr'>πλοῦτος.</span> 
     </span>
    </p>
   </div>
   <div class='ocr_carea' id='block_1_119' title="bbox 2185 5339 3399 5414">
    <p class='ocr_par' dir='ltr' id='par_1_119' title="bbox 2185 5339 3399 5414">
     <span class='ocr_line' id='line_1_119' title="bbox 2185 5339 3399 5414; baseline 0.002 -21"><span class='ocrx_word' id='word_1_899' title='bbox 2185 5345 2288 5396; x_wconf 83' lang='lat' dir='ltr'><strong>Alii</strong></span> <span class='ocrx_word' id='word_1_900' title='bbox 2324 5347 2517 5398; x_wconf 83' lang='lat' dir='ltr'><strong>habent</strong></span> <span class='ocrx_word' id='word_1_901' title='bbox 2543 5339 2587 5411; x_wconf 80' lang='grc' dir='ltr'><strong>ᾧ</strong></span> <span class='ocrx_word' id='word_1_902' title='bbox 2627 5339 2878 5412; x_wconf 75' lang='grc' dir='ltr'>μάλιστα.</span> <span class='ocrx_word' id='word_1_903' title='bbox 2909 5346 3010 5399; x_wconf 79' lang='lat' dir='ltr'><strong>Sed</strong></span> <span class='ocrx_word' id='word_1_904' title='bbox 3047 5349 3268 5414; x_wconf 83' lang='lat' dir='ltr'><strong>perinde</strong></span> <span class='ocrx_word' id='word_1_905' title='bbox 3294 5354 3399 5397; x_wconf 90' lang='lat' dir='ltr'><strong>est.</strong></span> 
     </span>
    </p>
   </div>
   <div class='ocr_carea' id='block_1_120' title="bbox 2256 5409 3724 5537">
    <p class='ocr_par' dir='ltr' id='par_1_120' title="bbox 2256 5409 3724 5537">
     <span class='ocr_line' id='line_1_120' title="bbox 2256 5409 3724 5537; baseline -0.001 -70"><span class='ocrx_word' id='word_1_906' title='bbox 2256 5409 2761 5537; x_wconf 47' lang='lat' dir='ltr'><strong>(ilji‘ﬂpdjiieqpor.</strong></span> <span class='ocrx_word' id='word_1_907' title='bbox 2815 5409 3238 5471; x_wconf 44' lang='lat' dir='ltr'><strong>Similia&#39;habes</strong></span> <span class='ocrx_word' id='word_1_908' title='bbox 3288 5416 3342 5468; x_wconf 88' lang='lat' dir='ltr'><strong>in</strong></span> <span class='ocrx_word' id='word_1_909' title='bbox 3389 5412 3484 5468; x_wconf 86' lang='lat' dir='ltr'><strong>Or.</strong></span> <span class='ocrx_word' id='word_1_910' title='bbox 3536 5412 3608 5468; x_wconf 84' lang='lat' dir='ltr'><strong>al.</strong></span> <span class='ocrx_word' id='word_1_911' title='bbox 3639 5409 3724 5476; x_wconf 64' lang='grc' dir='ltr'>ες,</span> 
     </span>
     <span class='ocr_line' id='line_1_121' title="bbox 2263 5502 2611 5537; baseline 0.003 -1"><span class='ocrx_word' id='word_1_912' title='bbox 2263 5502 2326 5536; x_wconf 75' lang='lat' dir='ltr'><strong>&quot;C</strong></span> <span class='ocrx_word' id='word_1_913' title='bbox 2424 5525 2439 5537; x_wconf 72' lang='grc' dir='ltr'><strong>ο</strong></span> <span class='ocrx_word' id='word_1_914' title='bbox 2482 5505 2531 5537; x_wconf 71' lang='lat' dir='ltr'><strong>IX.</strong></span> <span class='ocrx_word' id='word_1_915' title='bbox 2597 5524 2611 5537; x_wconf 71' lang='grc' dir='ltr'><strong><em>ο</em></strong></span> 
     </span>
    </p>
   </div>
   <div class='ocr_carea' id='block_1_121' title="bbox 2184 5487 2611 5547">
    <p class='ocr_par' dir='ltr' id='par_1_121' title="bbox 2184 5487 2611 5547">
     <span class='ocr_line' id='line_1_122' title="bbox 2184 5487 2611 5547; baseline 0.007 -11"><span class='ocrx_word' id='word_1_916' title='bbox 2184 5499 2326 5536; x_wconf 84' lang='lat' dir='ltr'><strong>nunc</strong></span> <span class='ocrx_word' id='word_1_917' title='bbox 2355 5487 2439 5547; x_wconf 73' lang='grc'><strong>14,</strong></span> <span class='ocrx_word' id='word_1_918' title='bbox 2482 5505 2531 5537; x_wconf 86' lang='grc' dir='ltr'>ιι.</span> <span class='ocrx_word' id='word_1_919' title='bbox 2559 5487 2611 5539; x_wconf 86' lang='grc'><strong>6.</strong></span> 
     </span>
    </p>
   </div>
   <div class='ocr_carea' id='block_1_122' title="bbox 2255 5555 3150 5622">
    <p class='ocr_par' dir='ltr' id='par_1_122' title="bbox 2255 5555 3150 5622">
     <span class='ocr_line' id='line_1_123' title="bbox 2255 5555 3150 5622; baseline 0.002 -16"><span class='ocrx_word' id='word_1_920' title='bbox 2255 5555 2366 5622; x_wconf 62' lang='lat'><strong>(2&#39;2)</strong></span> <span class='ocrx_word' id='word_1_921' title='bbox 2408 5555 2552 5608; x_wconf 82' lang='grc' dir='ltr'><strong>Κάν.</strong></span> <span class='ocrx_word' id='word_1_922' title='bbox 2582 5557 2686 5610; x_wconf 87' lang='lat' dir='ltr'><strong>Alii</strong></span> <span class='ocrx_word' id='word_1_923' title='bbox 2723 5556 2937 5611; x_wconf 90' lang='lat' dir='ltr'><strong>codices</strong></span> <span class='ocrx_word' id='word_1_924' title='bbox 2962 5556 3055 5610; x_wconf 75' lang='grc' dir='ltr'><strong>καὶ</strong></span> <span class='ocrx_word' id='word_1_925' title='bbox 3081 5557 3150 5609; x_wconf 85' lang='grc' dir='ltr'><strong>εἰ.</strong></span> 
     </span>
    </p>
   </div>
   <div class='ocr_carea' id='block_1_123' title="bbox 2254 5624 3465 5698">
    <p class='ocr_par' dir='ltr' id='par_1_123' title="bbox 2254 5624 3465 5698">
     <span class='ocr_line' id='line_1_124' title="bbox 2254 5624 3465 5698; baseline 0.004 -22"><span class='ocrx_word' id='word_1_926' title='bbox 2254 5625 2366 5694; x_wconf 66' lang='grc'><strong>(25)</strong></span> <span class='ocrx_word' id='word_1_927' title='bbox 2406 5625 2553 5692; x_wconf 80' lang='grc' dir='ltr'>Πρὸς</span> <span class='ocrx_word' id='word_1_928' title='bbox 2591 5627 2831 5694; x_wconf 80' lang='grc' dir='ltr'>ταύτην.</span> <span class='ocrx_word' id='word_1_929' title='bbox 2858 5627 3019 5683; x_wconf 82' lang='lat' dir='ltr'><strong>Coisl.</strong></span> <span class='ocrx_word' id='word_1_930' title='bbox 3044 5627 3096 5693; x_wconf 79' lang='grc'>1,</span> <span class='ocrx_word' id='word_1_931' title='bbox 3126 5624 3262 5698; x_wconf 72' lang='grc' dir='ltr'>πρὸς</span> <span class='ocrx_word' id='word_1_932' title='bbox 3285 5624 3465 5682; x_wconf 81' lang='grc' dir='ltr'>τοῦτο.</span> 
     </span>
    </p>
   </div>
  </div>
