3832 6394
165 389 244 446 421
1217 377 1474 434 ORATIO
1514 380 1580 437 II.
1617 409 1688 422 -—
1725 381 2220 439 APOLOGETICA.

3221 382 3323 438 6⁵.ὶῖ

166 504 374 578 ρμίπατος
409 491 646 558 Ἀγγαῖος
689 491 1029 559 κατανοήσας
1061 491 1152 543 ἐπὶ
1211 493 1310 564 τὴν
1356 494 1647 566 θαυμασίαπ

1768 498 1964 566 Agng
2014 499 2446 552 animadversum
2505 496 2634 550 mihi
2688 496 2856 550 fuisse
2911 496 3143 558 videtur,
3205 510 3324 550 cum

163 591 337 657 ἐκείνην
371 582 526 637 ἐλθεῖν
550 581 642 632 καὶ
683 580 1049 651 ἀληθεστάτην
1082 581 1296 634 είκὸναο
1337 586 1670 652 Ἐρωτήσω

161 700 225 742 τε,
248 675 390 744 ἱερεῖς
423 671 545 741 (24),
596 673 800 739 νόμον,
837 671 1006 739 λέγων
1027 691 1041 703 ·
1090 677 1159 728 El
1201 677 1379 742 κρέας
1407 677 1574 745 ἅγιον
1604 679 1674 729 ἐν

160 770 324 842 ἱματίῳ
339 762 555 832 ,βρωτοῦ
581 779 756 828 τινος.
790 765 827 831 ἣ
863 765 1068 828 ποτοῦ,
1097 767 1134 832 ἢ
1168 768 1424 832 σκεύους
1443 767 1673 836 ἁψάμε-

159 879 244 915 νον
270 857 428 920 εὐθὺς
453 854 679 922 ἀγίὰσει
720 855 784 907 τὸ
827 856 1183 924 πλησιάσειν
1205 875 1218 887 ·
1253 857 1360 911 τῶν
1385 859 1438 912 δὲ
1467 860 1674 929 ἀποφη-

161 955 353 1007 σὰντωνο
392 947 747 1013 Ἐρωτήσατε
772 949 956 1002 πάλιν
975 952 1027 1002 εὶ
1053 952 1147 1002 καὶ
1175 951 1507 1018 ἀκαθαρσίᾳ
1532 952 1665 1002 τού-

155 1062 246 1100 των
281 1059 325 1094 τι
362 1038 828 1105 προσομιλῆσαν,
865 1040 949 1108 μὴ
985 1044 1343 1111 παραχρῆμα
1376 1043 1664 1113 μετέλαϐε

156 1136 236 1189 τοῦ
275 1130 616 1201 μιάσματος;
675 1131 749 1192 ὡς
798 1131 1064 1201 ἐροῦντων
1093 1151 1154 1201 γε
1213 1135 1662 1206 μεταλαμϐάνειν,

153 1231 224 1282 καὶ
253 1226 314 1295 μὴ
345 1222 569 1292 καθαρὸν
593 1222 773 1291 μένειν
799 1227 863 1294 τῇ
893 1227 1166 1296 κοινωνία.

1770 591 2086 644 admiranda
2140 591 2226 643 illa
2293 597 2348 643 et
2403 589 2683 643 verissima
2753 589 2984 654 imagine
3043 596 3325 640 uteretur:

1771 678 2100 748 Interrogate
2141 681 2322 747 legem,
2356 679 2647 732 sacerdotes
2677 695 2694 731 :
2731 677 2789 732 Si
2821 677 2998 730 tulerit
3028 677 3179 728 homo
3212 691 3325 726 car-

1769 787 1880 823 nem
1906 773 2288 839 sanctiﬁcatum
2312 774 2364 824 in
2383 776 2679 826 vestimento
2700 788 2814 828 suo.
2844 781 2889 822 et
2915 769 3136 838 tetigurit
3159 769 3326 820 cibum

1769 864 1989 930 aliquem
2035 864 2139 932 18
2166 873 2254 916 aut
2287 867 2566 930 potionem,
2606 874 2696 916 aut
2733 881 2816 916 vas
2849 865 3066 929 denique
3092 862 3326 930 aliquod,

1770 955 2002 1019 nunquid
2051 955 2398 1022 soncttﬁcauit
2447 955 2501 1007 id
2551 958 2689 1024 quod
2735 956 3000 1006 admotum
3045 955 3199 1020 fuerit
3239 951 3326 1004 “3

1768 1044 1916 1108 Quod
1949 1061 2070 1096 cum
2101 1058 2516 1113 pernegassent:
2550 1045 2874 1114 Inter-rogate
2901 1062 3101 1108 rursus,
3134 1045 3324 1112 inquit,

1764 1135 1810 1186 si
1835 1136 1960 1204 quid
1991 1137 2174 1188 horum
2206 1141 2278 1191 rei
2311 1139 2517 1204 polluta:
2562 1139 2829 1190 admotum
2870 1137 3052 1205 fuerit,
3092 1135 3324 1204 nunquid

1768 1245 1869 1282 non
1913 1233 2356 1285 contamiuabitur
2389 1234 2472 1285 3"‘l
2526 1244 2780 1301 tauquam
2831 1231 3078 1285 videlicet
3129 1229 3178 1283 id
3225 1230 3322 1280 itu-

153 1318 376 1373 nutuditizc
398 1315 658 1382 particeps
687 1329 826 1380 esse,
871 1328 1032 1384 atque
1073 1320 1140 1372 ob
1181 1318 1481 1387 huiusmodi
1517 1328 1823 1375 contactum
1881 1325 2173 1390 puritatem
2250 1341 2403 1379 suam
2474 1326 2748 1391 amittere,
2778 1326 2919 1379 haud
2981 1325 3141 1379 dubie
3177 1319 3325 1374 allir-

151 1407 305 1462 tnaturi
328 1407 446 1458 sint.

203 1499 282 1550 IB'.
306 1496 362 1548 Τί
391 1494 542 1547 τοῦτο
567 1495 737 1562 λέγων
764 1496 876 1563 (23)
898 1515 911 1526 ·
970 1499 1103 1569 ὅπερ
1143 1499 1171 1550 ὁ
1204 1499 1332 1568 ἐμὸς
1361 1499 1514 1566 λόγος
1533 1515 1546 1529 ·
1580 1500 1659 1552 ὅτι

145 1590 396 1656 δύσληπτον
425 1587 518 1656 μὲν
566 1588 626 1640 τὸ
667 1589 866 1656 ἀγαθὸν
903 1593 966 1660 τῇ
1009 1589 1319 1661 ἀνθρωπίνῃ
1353 1591 1528 1658 φύσει,
1554 1590 1660 1642 ὧσ-

147 1681 324 1751 περκαὶ
376 1680 479 1748 πῦρ
511 1679 610 1750 ὕλῃ
642 1684 708 1750 τῇ
763 1682 1030 1754 ὑγροτέρα
1051 1699 1063 1712 ·
1087 1684 1288 1752 ἕτοιμοι
1317 1685 1371 1736 δὲ
1406 1685 1539 1755 πρὸς
1560 1685 1658 1754 τὴν

143 1773 214 1826 τοῦ
237 1769 387 1825 κακοῦ
435 1771 719 1839 μετουσίαν
753 1773 802 1824 oi
829 1774 1066 1826 πλεῖστοι
1099 1774 1192 1827 καὶ
1222 1777 1533 1846 ἐπιτήδειοι,
1561 1792 1657 1827 κα-

144 1865 256 1935 λάμη
285 1881 358 1926 τις
405 1863 512 1930 (26)
560 1864 698 1933 πρὸς
750 1864 1037 1936 σπινθῆρα,
1088 1861 1261 1936 οἶμαι,
1313 1868 1406 1918 καὶ
1462 1868 1658 1936 ἄνεμον

146 1955 304 2025 ῥαδίως
324 1953 653 2024 ἐξαπτομένη
688 1955 780 2007 καὶ
821 1955 1180 2027 δαπανωμένη
1214 1957 1301 2009 διὰ
1355 1956 1654 2027 ξηρότηταθ

143 2049 298 2100 θᾶττον
330 2046 430 2116 γὰρ
465 2048 528 2098 ἄν
565 2063 646 2107 τις
682 2047 868 2116 ὀλίγης
914 2047 1110 2110 κακίας
1159 2049 1448 2118 μεταλάϐοι
1505 2049 1658 2101 πλου-

142 2138 286 2208 σίωςῆ
315 2137 503 2208 ἀρετῆς
552 2136 774 2206 βαθείας
806 2137 945 2190 κατὰ
992 2141 1200 2210 μικρόν.
1252 2141 1400 2192 Ἐπεὶ
1431 2141 1524 2192 καὶ
1556 2141 1654 2211 μέ-

137 2226 215 2277 λιτι
239 2226 324 2293 μὲν
358 2225 548 2294 μικρὸν
576 2214 818 2294 ἀψίνσιον
843 2227 917 2290 ὡς
939 2229 1164 2297 τάχιστα
1201 2230 1310 2297 (27)
1336 2230 1653 2298 μεταδίδωσι

138 2318 207 2370 τοῦ
235 2317 434 2388 πικροῦο
478 2317 600 2386 μέλι
651 2317 708 2369 δὲ
755 2317 872 2370 οὐδὲ
912 2318 970 2370 τὸ
991 2319 1264 2372 διπλάσιον
1295 2320 1523 2390 ἀψινθίῳ
1555 2321 1651 2390 τῆς

137 2409 288 2461 ἑαυτοῦ
319 2408 678 2479 γλυκύτητος’
740 2410 833 2462 καὶ
893 2413 1061 2479 μικρὶ
1115 2413 1210 2480 μὲν
1243 2412 1653 2465 ὑποσπασθεῖσα

136 2500 268 2567 ψηφὶς
295 2499 523 2568 ποταμὸν
553 2499 672 2552 ὅλον
700 2500 973 2552 ἑλκύσειε-θ
993 2499 1056 2553 ἂν
1087 2502 1196 2570 (‘28)
1223 2504 1310 2554 ἐπὶ
1333 2498 1392 2555 τὸ
1414 2503 1615 2574 πρανὲς
1639 2520 1652 2534 °

135 2591 332 2658 ἐπισχεῖν
358 2590 410 2642 δὲ
459 2591 490 2660 ἧ
545 2591 810 2660 ἀνακόψαι
853 2594 1004 2662 μόλις
1058 2593 1122 2646 ἂν
1177 2594 1425 2666 δυνηθείη
1475 2597 1567 2648 καὶ
1599 2595 1658 2648 τὸ

136 2679 495 2752 καρτερώτατον
531 2682 556 2734 ἕ
565 2700 630 2744 ρυ
638 2700 732 2752 μα.

1839 1496 1950 1551 ΧΠ.
1990 1497 2193 1564 Quibus
2230 1500 2440 1566 verbis,
2490 1515 2604 1554 mea
2639 1500 2852 1570 quidem
2890 1500 3174 1561 sententia,
3227 1499 3326 1552 hoc

1766 1589 2056 1659 signiﬁcat,
2114 1592 2252 1646 hanc
2316 1592 2530 1645 virtutis
2588 1604 2835 1644 naturam
2885 1606 3036 1654 esse,
3089 1599 3146 1643 ut
3205 1604 3324 1643 eam

1764 1683 2006 1735 homines
2079 1699 2184 1737 non
2253 1682 2393 1738 facili
2455 1685 2666 1747 negotio
2743 1683 2997 1750 consequi
3071 1682 3322 1749 possint:

1761 1774 2210 1842 quemadmodum
2261 1790 2359 1829 nec
2405 1774 2620 1828 humida
2675 1774 2894 1826 materia
2947 1774 3125 1838 ignem
3172 1771 3326 1826 facile

1759 1865 2041 1930 concipere
2092 1865 2255 1929 solet;
2301 1875 2488 1918 c0utra
2541 1866 2606 1918 ad
2665 1865 2848 1918 vitium
2899 1863 3323 1917 contrahendum

1757 1955 2002 2010 homines
2034 1957 2263 2008 maxima
2294 1972 2356 2008 ex
2388 1967 2536 2024 parte
2560 1966 2834 2024 promptos
2850 1965 2903 2008 et
2928 1957 3148 2008 idoneos
3178 1969 3321 2017 esse,
3373 1957 3377 1964 '

1756 2062 1859 2100 non
1905 2063 2082 2110 secus,
2114 2057 2171 2100 ut
2217 2050 2427 2116 opinor,
2466 2065 2528 2101 ac
2563 2049 2757 2114 stipula
2795 2048 3036 2115 qumdam
3079 2048 3143 2098 ad
3181 2047 3325 2100 scin—

1754 2137 1916 2188 tillam
1939 2147 1989 2189 ct
2028 2147 2240 2189 ventum
2272 2139 2340 2191 ob
2371 2148 2575 2190 natura:
2610 2139 2908 2191 siccitatem
2945 2136 3100 2189 facile
3131 2152 3324 2190 accen-

1752 2226 1899 2280 ditur
1921 2239 2084 2294 atque
2106 2227 2466 2292 consumitur,
2489 2226 2660 2280 Citius
2687 2226 2830 2279 enim
2859 2227 3108 2294 exiguum
3135 2226 3321 2277 vitium

1751 2317 2019 2370 uberrime
2050 2318 2460 2387 largissimeque
2487 2317 2755 2387 quispiam
2789 2319 3125 2387 perceperit,
3157 2332 3320 2384 quam

1752 2409 2020 2476 ingentem
2056 2419 2109 2462 et
2149 2411 2419 2476 copiosam
2460 2410 2710 2463 virtutem
2758 2425 2918 2477 parce
2951 2426 3016 2464 ac
3067 2412 3318 2462 tenuiter.

1753 2498 1885 2552 Nam
1916 2510 1969 2553 et
1997 2516 2183 2569 parum
2229 2502 2483 2554 absinthii
2517 2503 2929 2555 amaritudinem
2974 2517 3123 2555 suam
3175 2501 3318 2555 melli

1753 2593 2034 2647 celerrime
2096 2594 2530 2663 impertit:cum
2590 2605 2775 2647 contra
2847 2594 2984 2656 mel,
3041 2611 3113 2648 ue
3165 2595 3322 2664 dupla

1755 2685 1970 2752 quidem
2013 2696 2163 2754 parte
2193 2687 2836 2753 copiositts,dulcedinem
2863 2702 3014 2740 suam
3044 2689 3318 2740 absinthio

135 2774 359 2835 infundat;
397 2791 457 2828 ac
485 2775 904 2845 parvo'quidem
941 2776 1111 2845 lapide
1159 2777 1644 2833 Strbtuoroﬂumen
1690 2787 1857 2832 totum
1895 2779 1944 2832 in
1979 2795 2203 2848 pronum
2239 2781 2508 2832 trahitur:
2548 2779 2788 2847 ejusdem
2847 2792 3026 2834 autetn
3092 2781 3323 2850 impetus

135 2865 396 2918 ﬁrmissimo
437 2868 602 2921 etiam
657 2884 847 2936 aggere
894 2869 1129 2922 cohiberi
1186 2871 1510 2938 reprimique
1557 2871 1642 2922 vix
1684 2880 1877 2940 potest.

187 2957 268 3008 ll".
299 2959 513 3028 Πρῶτον
572 2960 670 3028 μὲν
699 2960 761 3030 δὴ
790 2961 945 3013 τοῦτο
973 2961 1104 3030 (29),
1140 2954 1203 3013 ὧι
1253 2964 1480 3030 εἴπομεν
1518 2963 1651 3030 (50),

1831 2958 1966 3014 ΧΙΙΙ.
2026 2959 2137 3014 lloc
2189 2960 2352 3030 igitur
2403 2961 2636 3028 primum
2682 2976 2745 3015 ex
2791 2961 2872 3014 bis
2921 2975 3039 3028 qua:
3089 2958 3324 3013 diximus

133 3048 424 3102 εὐλαϐεῖσθαι
451 3051 622 3116 ἄξιον,
653 3052 723 3121 μὴ
754 3050 1068 3120 φαινώμεθα
1089 3053 1198 3121 (51)
1233 3052 1318 3121 ιῆς
1345 3053 1647 3123 θαυμασίας

1763 3054 2047 3104 cavendum
2081 3061 2164 3104 est
2186 3089 2201 3114 ,
2238 3068 2304 3105 ne
2338 3052 2664 3105 admirandae
2697 3052 2908 3105 virtutis
2941 3051 3060 3102 tuali
3092 3055 3323 3118 pictores

123 3140 290 3208 ἀρετῆς
340 3143 495 3194 κακοὶ
527 3143 830 3212 ζωγράφοι,
861 3141 1057 3212 μᾶλλον
1116 3143 1170 3195 δὲ
1232 3142 1537 3213 ζωγράφων
1588 3144 1648 3196 οὐ

130 3231 305 3296 φαύλων
332 3232 474 3296 ἴσως,
513 3234 627 3286 τῶν
651 3234 706 3286 δὲ
730 3234 935 3286 πολλῶν
964 3234 1161 3302 φαῦλον
1182 3235 1482 3305 ἀρχέτυπον
1509 3235 1617 3303 (ὃῖ)
1637 3249 1649 3262 ·

181 3430 361 3501 “Agg.
396 3448 453 3498 ιι,
503 3432 594 3497 te,
639 3431 722 3489 ιδ.
797 3433 842 3484 ιτ
875 3432 1002 3487 ibid.
1039 3433 1126 3488 ιι.

182 3633 273 3701 (Et)
318 3635 683 3704 Ἐρωτήσατε
733 3634 924 3702 ἱερεῖς,
965 3643 1068 3687 etc.
1123 3632 1260 3686 LXX
1310 3633 1508 3704 habent
1551 3632 1650 3684 ἒπ-

123 3702 516 3772 ερώτησονήτοὺς
550 3709 734 3777 ἱερεῖς,
769 3707 950 3774 νόμον,
985 3705 1175 3771 λέγων,
1201 3715 1311 3777 etc.
1345 3702 1540 3777 Legem
1579 3719 1647 3777 ex

127 3777 314 3825 arbitrio
345 3774 686 3844 interpretari
720 3793 820 3828 non
855 3779 998 3828 licet.
1025 3778 1114 3826 sed
1147 3776 1372 3825 adeundi
1403 3774 1648 3825 sacerdo-

129 3856 203 3897 tes.
241 3863 256 3893 t
291 3844 444 3896 Labia
485 3850 632 3898 enim
675 3847 969 3897 sacerdotis
998 3846 1299 3898 custodiant
1341 3844 1640 3906 scientiam,

121 3928 162 3964 ct
189 3917 334 3979 legem
369 3920 647 3982 requiri-ut
674 3931 734 3967 rx
767 3931 860 3966 mc
890 3916 1012 3980 ‘ejus
1067 3913 1322 3982 (Mulach.
1354 3928 1410 3972 tt,
1441 3913 1515 3982 ἶ).
1548 3931 1564 3960 ι

180 3985 273 4053 (25)
308 3983 374 4036 Τί
443 3986 624 4038 τοῦτο
685 3984 911 4053 λέγων-ς
957 4003 974 4034 ι
1013 3987 1274 4050 Quorsum
1339 3986 1449 4036 hinc
1511 3983 1648 4034 illius

125 4066 290 4119 Spei-tat
327 4058 541 4109 oratio?
577 4071 765 4120 nempe
795 4059 977 4107 eodem
1015 4071 1118 4120 quo
1155 4069 1288 4106 mea.
1319 4071 1337 4102 ι

179 4125 271 4187 (9.6)
308 4125 557 4192 Καλάμη
595 4142 701 4187 τις.
729 4122 840 4174 Νιιιι
886 4124 1150 4175 immerito
1185 4122 1480 4174 Gabrielius
1509 4120 1643 4174 Grc-

125 4196 293 4257 gorium
323 4199 384 4245 ad
432 4199 549 4247 bare
595 4196 724 4262 psal.
753 4209 955 4250 Lxxxtt.
989 4194 1074 4254 l2,
1109 4196 1292 4254 verba,
1327 4211 1342 4241 ι
1373 4195 1510 4244 sicut
1545 4195 1642 4244 sti-

123 4265 264 4328 pulaut
291 4277 408 4315 ante
435 4268 631 4316 facit-ut
669 4267 830 4323 venti,
854 4283 872 4314 ι
915 4265 1151 4316 alludere
1180 4263 1492 4314 arbitratur.

177 4333 276 4400 ('27)
325 4335 415 4398 Ὠς
483 4334 760 4401 τάχιστα.
844 4333 932 4385 Sic
1002 4333 1129 4400 lteg.
1190 4333 1236 4395 Ι,
1298 4342 1346 4389 ι.
1391 4331 1541 4383 Colb.
1585 4330 1640 4394 1,

126 4417 180 4463 ιιι,
201 4415 290 4453 etc.
321 4424 334 4455 :
362 4405 435 4467 ὡς
470 4409 627 4454 dei-st
655 4406 702 4454 in
738 4403 856 4455 Bas.
883 4413 935 4454 et
972 4402 1092 4454 Par.

176 4471 269 4537 (28)
314 4475 663 4526 Έλκύσειει·
693 4471 786 4526 ἄν.
824 4473 953 4540 lteg.
993 4483 1029 4535 ι,
1062 4470 1274 4524 ἑλκύσει
1323 4470 1410 4522 ὲπί
1443 4483 1457 4497 ’
1495 4472 1644 4524 abest

123 4540 170 4591 ἂν
197 4560 219 4591 a
253 4542 369 4608 Iteg.
401 4546 412 4594 Ι
464 4556 519 4595 et
552 4545 703 4596 Colit.
737 4545 784 4604 Ι,
825 4562 894 4596 ιιι.

176 4613 270 4679 (29)
306 4614 549 4680 Πρῶτον
584 4612 700 4680 μὲν
731 4611 805 4679 δὴ
850 4611 1041 4674 τοῦτο,
1071 4624 1199 4674 etc.,
1237 4613 1386 4665 locus
1419 4612 1634 4679 quidem

121 4678 462 4736 illeiutellecttt
496 4678 752 4746 dillii-ilis,
781 4691 834 4734 et
869 4684 1088 4734 multum
1118 4678 1446 4747 interpretes
1464 4687 1638 4736 torsit.

122 4749 191 4799 Sic
219 4752 350 4802 illum
385 4757 547 4806 vertit
569 4753 868 4806 Gabrielms
895 4770 907 4805 :
942 4769 958 4801 ι
988 4753 1218 4804 Priumm
1246 4753 1403 4818 igitur
1431 4766 1637 4812 eo:nm,

120 4832 212 4885 quae
239 4822 481 4887 diximus,
538 4827 591 4874 id
623 4839 788 4890 opere
819 4825 1042 4888 pretium
1083 4835 1163 4874 cst
1192 4837 1405 4883 cavere,
1436 4838 1500 4873 ne
1535 4824 1640 4873 vir-

122 4891 355 4958 tutisque:
389 4909 604 4946 summa
654 4905 733 4944 est
778 4893 1132 4945 admiratione
1181 4893 1358 4960 digna,
1405 4893 1528 4944 tttali
1563 4892 1642 4942 vi-

121 4960 303 5029 deamur
328 4980 447 5015 esse
483 4965 739 5027 pictores,
768 4965 848 5014 vel
885 4965 1060 5028 potius
1090 4964 1352 5029 pictorum
1384 4977 1486 5012 non
1530 4977 1641 5012 ma-

121 5028 259 5081 lorttm
309 5031 560 5094 fortasse,
620 5036 902 5083 multorum
951 5028 1098 5082 certe
1143 5035 1388 5098 quidem,
1445 5032 1638 5083 malum

121 5102 374 5168 creamur,
401 5119 538 5154 neve
571 5102 697 5152 illud
729 5104 776 5152 in
811 5117 906 5154 nos
935 5104 1090 5152 cadat
1123 5102 1462 5168 proverbium
1491 5119 1504 5154 :
1537 5103 1638 5164 Qui

120 5167 225 5238 alios
265 5187 446 5223 curare
502 5174 844 5238 proliteutur,
897 5173 992 5238 ipsi
1046 5167 1252 5223 Strateut
1303 5172 1633 5222 ulceribus.)

120 5235 381 5305 Legeudum
416 5235 513 5304 ὡς’
542 5241 768 5309 εἴπομεν
811 5235 1125 5308 cmijiciebat
1171 5241 1252 5290 vir
1291 5243 1494 5293 doctus.
1551 5244 1640 5294 Sic

122 5321 145 5378 ι
159 5322 324 5360 sensus
351 5322 595 5375 apertus,
623 5330 640 5362 ι
679 5314 776 5378 ipsi
815 5313 1112 5371 videbatur,
1141 5319 1193 5362 et
1227 5327 1244 5358 ι
1268 5312 1634 5362 commodus.)

118 5375 238 5438 Quod
272 5380 354 5431 ille
401 5382 643 5446 optavit,
699 5375 999 5448 reperimus
1050 5382 1100 5431 itt
1153 5378 1282 5447 Reg.
1327 5380 1368 5440 Ι,
1413 5380 1441 5431 ὃ
1487 5379 1638 5430 εἴπο-

119 5460 215 5511 μεν,
240 5449 368 5500 istttd
407 5449 455 5511 ὃ,
504 5461 656 5502 certe
696 5451 969 5508 eumdem,
1024 5450 1103 5501 vel
1148 5453 1309 5500 etiaut
1364 5451 1635 5502 meliorem

117 5529 301 5569 sensum
325 5519 509 5572 ellicit.
543 5520 809 5572 (la-terum
843 5521 954 5572 hate
983 5520 1140 5572 verba
1167 5537 1182 5573 :
1213 5537 1230 5568 ι
1255 5519 1478 5586 primum
1511 5520 1635 5570 illud

116 5588 231 5649 quod
258 5589 506 5648 tliximus,
541 5607 560 5638 ι
597 5599 724 5651 etc.,
766 5590 1046 5641 manifeste
1089 5589 1390 5641 referuntur
1435 5591 1498 5640 ad
1550 5589 1636 5640 illa

117 5670 158 5704 ιι.
181 5654 256 5718 l0,
288 5675 305 5706 ι
329 5659 562 5724 primum
600 5660 724 5711 illud
761 5662 1076 5722 curandum,
1101 5676 1120 5708 ι
1153 5669 1258 5710 etc.

170 5724 329 5798 Aonas
356 5728 839 5798 Saucygirattettsis
876 5729 1011 5781 Billti
1042 5730 1334 5781 versionem
1359 5727 1438 5782 sic
1461 5742 1638 5782 emen-

116 5792 222 5848 dat:
254 5814 270 5847 ι
301 5792 568 5853 ι”ιέιιιιεὶει’
598 5799 824 5854 fortasse
869 5814 975 5853 non
1027 5798 1188 5865 mali,
1244 5800 1403 5852 totius
1455 5811 1634 5852 autem

1757 3144 2110 3203 exsistamus.
2158 3153 2268 3206 aut,
2312 3153 2368 3196 ut
2407 3145 2604 3197 rectius
2651 3144 2858 3212 loquar,
2901 3143 3162 3210 pictorum
3216 3158 3320 3196 non

1759 3233 1988 3289 fortasse
2022 3235 2307 3301 malorum,
2353 3239 2638 3291 multorum
2668 3238 2884 3306 quidem
2915 3247 3081 3302 certe,
3121 3237 3320 3292 malum

1752 3629 1932 3699 populi
1983 3629 2179 3681 malum
2237 3627 2532 3694 exemplar.
2563 3647 2582 3679 ι
2634 3627 2850 3681 Planior
2902 3628 3302 3698 interpretatio,

1752 3706 1845 3754 sed
1884 3702 2170 3752 mutandus
2203 3709 2349 3751 chet
2381 3711 2576 3752 textus.

1821 3769 2050 3822 Basilius
2103 3771 2291 3822 eodem
2347 3785 2481 3835 pene
2528 3785 2687 3820 SettSll
2732 3768 2811 3821 sic
2861 3769 3078 3836 exponit
3125 3787 3138 3823 :
3180 3787 3200 3820 ι
3247 3770 3318 3825 Ut

1751 3840 1950 3907 pra-lati
1999 3840 2250 3906 pictores,
2287 3840 2392 3889 imo
2433 3839 2725 3905 pictoribus
2779 3853 2880 3891 non
2935 3839 3087 3891 malis
3133 3854 3314 3893 exem-

1750 3911 1917 3978 plaria
1955 3911 2169 3960 virtutis
2199 3923 2449 3961 sermone
2480 3909 2694 3974 quidem
2726 3911 3025 3970 exsistant;
3060 3919 3114 3961 at
3149 3926 3312 3976 opere

1753 3981 1934 4032 u'iultis
1972 3979 2132 4031 iidem
2166 3979 2268 4030 sint
2303 3981 2652 4046 archetypum
2687 3980 2988 4042 pravitatis.
3019 4000 3036 4030 ι
3084 3981 3159 4031 Eo
3203 3982 3316 4034 fere

1747 4052 1886 4103 redit
1917 4051 2176 4114 optinmm
2217 4049 2416 4100 codicis
2445 4048 2533 4101 0r.
2566 4049 2589 4099 1
2620 4049 2831 4099 atlittum
2881 4051 3105 4117 margini
3158 4051 3316 4102 scho-

1744 4119 1911 4188 lium:
1951 4120 2070 4170 ’Ότι
2109 4118 2136 4168 ὁ
2169 4117 2456 4187 ζωγράφος
2498 4119 2594 4186 τὴν
2643 4117 2824 4170 εἰκόνα
2869 4120 3002 4186 πρὸς
3040 4119 3098 4172 τὸ
3135 4119 3312 4188 παρά-

1743 4187 1959 4257 δειγμα,
1996 4190 2159 4258 1ἡγουν
2191 4188 2514 4257 ἀρχέτυπον,
2553 4189 2875 4257 ἐργάζεται·
2916 4189 3071 4257 ὑμεῖς
3114 4189 3167 4241 δὲ
3214 4187 3314 4242 οὐκ

1742 4260 1946 4322 εἰκόνες
1986 4260 2138 4319 ἐστὲ,
2185 4259 2317 4310 αλλὰ
2365 4258 2502 4309 αὐτά
2549 4259 2615 4310 τὰ
2673 4259 3104 4328 παραδείγματα,
3146 4260 3313 4328 ἤγουν

1744 4328 2026 4399 ἀρχέτυπα
2070 4331 2148 4390 εἰς
2191 4329 2251 4379 τὸ
2294 4328 2481 4381 κακόν.
2527 4345 2545 4376 ι
2589 4329 2667 4380 Ad
2727 4337 2998 4394 t‘Xt'lIlplill‘
3049 4344 3310 4399 mittique.

1745 4398 1858 4452 sive
1908 4403 2258 4477 archetypum
2315 4401 2601 4463 imaginem
2652 4400 2834 4477 pit-tor
2885 4400 3161 4464 ettpruuit.
3209 4398 3314 4477 V_os

1747 4479 1924 4521 autem
1958 4485 2060 4520 non
2097 4470 2383 4531 imagines,
2425 4483 2608 4520 verum
2651 4471 2760 4535 ipsa
2793 4483 3008 4536 quoque
3037 4470 3312 4536 exempla-

1679 4543 1722 4597 D
1753 4540 1850 4598 ria,
1876 4554 1968 4590 seu
2006 4540 2284 4604 pravitatis
2312 4541 2600 4606 archetypa
2633 4541 2780 4589 estis.
2811 4557 2828 4587 ι

1823 4609 2179 4660 Combe-lisias
2219 4623 2362 4667 Veri),
2399 4611 2448 4658 iit
2477 4608 2719 4672 Gregorii
2757 4608 3006 4659 recensiti
3049 4609 3313 4674 supersti-

1745 4677 1885 4730 tibus
1916 4680 2128 4729 St-bedis
2153 4679 2384 4729 nonduut
2413 4678 2592 4739 editis,
2620 4678 2695 4728 sie
2720 4683 2876 4729 vertit
2905 4695 2917 4729 :
2954 4699 2971 4727 ι
3007 4675 3114 4728 Hoc
3149 4679 3310 4745 igitur

1743 4749 1972 4813 primum
2024 4762 2088 4798 ex
2135 4749 2216 4799 bis
2268 4762 2386 4812 qua:
2419 4747 2684 4806 diximus,
2736 4747 3030 4799 cavenduu
3087 4757 3193 4809 ist,
3244 4764 3308 4798 ne

1743 4819 2069 4869 admiranda:
2113 4821 2322 4868 virtutis
2361 4815 2482 4866 mali
2533 4817 2763 4882 pictores
2804 4819 3158 4878 exsistamus;
3193 4828 3306 4876 attt,

1743 4897 1797 4938 ut
1837 4893 2032 4940 rectius
2066 4887 2277 4952 loquar,
2312 4888 2574 4950 pictorum
2607 4901 2710 4937 non
2754 4885 2986 4938 fortasse
3017 4891 3301 4946 malorum,

1744 4959 2029 5008 multorum
2060 4965 2209 5009 (:r‘l‘lc
2241 4956 2435 5005 tttalum
2467 4958 2762 5022 exemplar,
2792 4975 2808 5005 ι
2846 4965 2950 5008 etc.

1813 5025 2033 5077 Demum
2067 5031 2143 5078 sit:
2177 5037 2321 5078 recte
2362 5027 2580 5090 intelligi
2627 5034 2798 5088 pot--st
2837 5025 2919 5076 hic:
2957 5026 3107 5078 locus
3155 5039 3305 5090 repe-

1743 5098 1902 5148 tendo
1929 5096 2252 5164 ἀρχέτυπον,
2292 5104 2398 5152 ιλιι
2431 5097 2630 5161 praelati
2669 5110 2916 5146 sermone
2950 5099 3164 5160 quidem
3200 5095 3310 5147 sint

1740 5165 1921 5232 probis
1961 5169 2282 5228 hominibus,
2323 5181 2418 5217 Seu
2467 5169 2784 5232 pictoribus,
2829 5166 3104 5230 exest-plur
3134 5177 3306 5216 virtu-

1743 5244 1832 5296 tis,
1879 5238 2118 5302 adeoque
2168 5241 2394 5299 bonum;
2428 5251 2588 5302 opere
2635 5253 2762 5287 vero
2797 5236 3141 5296 multitudini,
3186 5250 3321 5298 quae

1740 5319 1844 5356 non
1901 5310 2113 5366 verbis,
2163 5308 2252 5356 sed
2306 5307 2571 5374 exeutplis
2631 5314 2894 5368 movetur,
2946 5304 3300 5374 arthetypuut

1740 5375 2020 5441 pravitath
2049 5375 2324 5426 exsistant.
2350 5393 2365 5424 ι

1813 5443 1924 5512 (Ξυ)
1964 5437 2073 5494 Ὧν
2099 5444 2364 5512 εἴπομεν.
2397 5443 2486 5494 Sic
2515 5458 2704 5497 omnes
2741 5444 2852 5498 fere
2885 5444 3119 5496 codices.
3157 5441 3306 5512 Unus

1742 5511 1917 5566 tamen
1963 5514 2095 5582 lteg.
2131 5515 2146 5566 l
2178 5511 2338 5567 habet
2395 5513 2423 5564 ὅ
2467 5516 2712 5582 εἴπομεν,
2755 5528 2872 5581 quae
2911 5515 3070 5568 lectio
3118 5511 3306 5566 melior

1738 5583 1970 5638 videtur.

1809 5653 1922 5725 (iit)
1963 5652 2321 5725 ¢atrd¥t€0€h
2358 5654 2469 5725 Duo
2509 5653 2664 5709 Colb.
2696 5652 3042 5725 φαινοίμεθα.

1809 5721 1920 5791 (52)
1963 5721 2204 5794 φαῦλον
2231 5723 2591 5794 ἀρχέτυπον.
2620 5721 2749 5794 Reg.
2784 5728 2802 5779 1
2839 5721 2894 5779 ct
2943 5725 3096 5779 Colb.
3129 5737 3180 5776 In
3209 5721 3305 5775 ha-

1737 5793 1888 5858 bent,
1916 5792 2118 5862 φαῦλον
2147 5794 2296 5856 ὄντες
2329 5793 2654 5862 ἀρχέτυπον.
