3832 6394
517 305 624 360 425

1709 303 1764 357 S.
1808 303 2138 360 GllEGORll
2179 300 2524 358 THEOLOGI
3618 311 3695 367 ιιι

518 418 841 487 exemplar:
874 427 966 472 aut
1011 432 1042 471 a
1093 417 1353 487 partemia
1400 434 1504 473 non
1549 420 1705 490 longe
1749 421 2077 486 recedamus,

2190 421 2221 492 ἢ
2258 421 2354 490 τῆς
2387 418 2682 490 παροιμίας
2719 419 2792 489 μὴ
2839 419 3027 490 πόρρω
3068 417 3297 488 θέωμεν,
3323 418 3500 485 ἄλλους
3531 424 3695 497 ιατρ...

520 513 644 566 aliis
676 511 874 566 mederi
923 517 1217 575 tentantes,
1263 525 1388 565 cum
1423 511 1524 582 ipsi
1568 511 1840 568 ulceribus
1879 522 2088 567 scatea-

519 618 660 657 mus.

590 695 727 750 XIV.
772 695 994 758 Deinde,
1029 696 1278 750 utetiam
1320 709 1441 750 sese
1476 694 1671 764 aliquis
1698 695 1767 750 ab
1787 697 1932 750 omni
1962 711 2089 767 pec-

516 788 620 842 cati
656 787 773 842 labe
802 803 991 855 purum
1031 794 1338 852 conservet,
1368 797 1460 839 aut
1486 801 1646 855 quam
1678 787 1782 856 19
1820 790 2084 854 maxime;

516 879 657 933 haud
683 889 858 932 tamen
887 881 1000 933 scio
1027 880 1152 934 idne
1180 881 1227 933 ei
1262 878 1514 942 sulliciat,
1544 881 1634 949 qui
1669 881 1806 933 alios
1835 882 1899 934 ad
1919 882 2086 934 virtu-

517 981 622 1025 tem
681 972 894 1026 erudire
951 983 1120 1040 parat.
1148 1011 1150 1014 -
1180 972 1364 1042 Neque
1407 975 1550 1027 enim
1594 976 1661 1027 ab
1710 989 1776 1027 eo
1819 974 1908 1042 qui
1951 974 2087 1028 hanc

513 1079 700 1117 curam
734 1064 992 1133 suscepit,
1027 1066 1129 1118 hoc
1160 1065 1332 1118 solum
1371 1065 1680 1134 requiritur,
1707 1076 1761 1118 ut
1788 1065 1957 1118 malus
1979 1081 2083 1119 non

515 1155 628 1219 sit;
666 1155 865 1208 malum
895 1159 1037 1210 enim
1071 1171 1210 1221 esse,
1249 1157 1486 1226 plerique
1526 1158 1688 1211 etiam
1727 1173 1757 1210 e
1784 1157 1940 1226 vulgo
1975 1167 2088 1210 tur-

516 1247 795 1315 pissimum
819 1257 1042 1302 censent
1072 1266 1086 1302 :
1120 1265 1303 1302 verum
1333 1250 1495 1302 etiam
1527 1259 1585 1302 ut
1615 1249 1814 1303 virtute
1847 1257 2083 1319 praestet,

509 1338 665 1407 juxta
713 1341 840 1393 illud
883 1342 1178 1410 Scriptura:
1225 1353 1585 1410 praeceptum,
1631 1358 1733 1411 quo
1762 1343 2026 1394 declinare
2053 1358 2086 1394 a

514 1430 675 1494 malo,
726 1440 775 1484 et
821 1434 1008 1486 bonum
1044 1433 1215 1501 [acere
1242 1433 1286 1464 ³⁸
1315 1433 1584 1501 jubemur.
1631 1434 1739 1487 Nec
1773 1444 1830 1486 ut
1865 1434 2087 1486 vitiosas

515 1522 708 1575 anima:
736 1533 893 1576 notas
919 1524 1180 1575 duntaxat
1207 1534 1474 1592 expungat
1495 1560 1511 1587 ,
1541 1537 1723 1576 verum
1749 1533 1805 1577 ut
1839 1524 2084 1577 meliores

513 1612 676 1666 etiam
733 1613 1024 1677 inseribat,
1069 1614 1138 1666 ita
1206 1623 1262 1666 ut
1314 1615 1485 1682 magis
1518 1614 1717 1667 virtute
1779 1614 2080 1674 antecellat,

513 1717 677 1772 quam
706 1705 905 1758 honore
944 1721 1007 1757 ac
1032 1705 1288 1774 dignitate
1321 1715 1570 1773 superet;
1607 1719 1704 1758 nec
1730 1705 1942 1757 modum
1977 1705 2076 1758 sibi

2190 528 2272 564 ειν
2299 501 2411 582 (55)
2441 510 2842 582 ἐπιχειροῦντες
2880 511 3034 565 αὐτοὶ
3073 510 3322 584 βρύοντες
3348 512 3532 568 ἕλκεσι.

2261 697 2356 748 ΙΔ’.
2398 690 2656 763 Δεύτερον
2684 691 2760 755 δὲ,
2788 694 2836 745 εἰ
2869 692 2962 746 καί
2999 709 3081 756 τις
3111 691 3274 761 ἁγνὸν
3301 693 3408 763 (54)
3431 694 3598 749 ἑαυτὸν
3619 701 3696 757 ἀπὸ

2191 787 2370 855 πάσης
2395 783 2668 855 ἁμαρτιας
2691 787 3002 856 τηρήσειεν,
3037 785 3069 855 ἦ
3109 785 3185 847 ὡς
3228 785 3456 856 μάλιστα
3483 789 3599 858 (55),
3625 794 3697 850 οὐκ

2189 873 2306 931 οῐδα
2341 877 2458 948 μὲν,
2511 877 2559 927 εἰ
2615 875 2710 927 καὶ
2760 874 2917 928 τοῦτο
2945 873 3218 944 αὔταρκες
3240 874 3314 944 τῷ
3345 875 3569 944 μέλλοντι
3606 885 3697 947 τοὺς

2188 967 2380 1030 ἄλλους
2408 965 2684 1018 παιδεύειν
2740 966 2875 1037 πρὸς
2899 966 3097 1036 ἀρετήν
3131 965 3240 1036 (56)
3261 981 3275 996 ⁶
3319 967 3376 1017 ού
3411 967 3510 1036 γὰρ
3547 970 3608 1042 μὴ
3629 989 3697 1024 κα.

2188 1061 2284 1112 κὸν
2317 1055 2454 1112 εἶναι
2498 1058 2578 1110 δεῖ
2619 1058 2777 1128 μόνον
2807 1058 2897 1110 τὸν
2932 1055 3089 1109 τοῦτο
3131 1057 3558 1127 πεπιστευμένον,
3583 1062 3698 1117 τοῦτο

2191 1151 2289 1220 μὲν
2309 1150 2418 1218 γὰρ
2443 1147 2536 1200 καὶ
2569 1146 2674 1200 τῶν
2730 1146 2836 1198 ὑπὸ
2865 1147 3021 1216 χεῖρα
3067 1147 3179 1205 τοῖς
3208 1144 3416 1207 πολλοῖς
3461 1147 3698 1215 αἴσχιστον,

2187 1238 2322 1292 ἀλλὰ
2349 1239 2442 1290 καὶ
2460 1236 2538 1306 τῷ
2559 1233 2747 1304 ἀγαθῷ
2779 1233 3122 1303 διαφέροντα,
3156 1230 3295 1284 κατὰ
3323 1229 3437 1301 τὴν,
3459 1234 3697 1286 ἐκκλίνειν

2187 1332 2303 1393 ἀπὸ
2327 1330 2536 1395 κακοῦ,
2566 1329 2662 1381 καὶ
2687 1327 2879 1380 ποιεῖν
2893 1327 3135 1394 ἀγαθὸν,
3163 1323 3479 1376 κελεύουσαν
3503 1325 3672 1396 ἐντολήν
3687 1345 3698 1357 ο

2186 1426 2303 1478 οὐδὲ
2331 1427 2453 1487 τοὺς
2487 1423 2722 1491 φαύλους
2770 1420 3045 1488 ἐξαλεῖψαι
3083 1418 3183 1488 τῆς
3221 1417 3397 1486 ψυχῆς
3425 1417 3604 1481 τύπους
3628 1422 3698 1488 μό-

2185 1535 2293 1582 νον,
2317 1517 2451 1571 ἁλλάι
2475 1517 2567 1570 καὶ
2603 1517 2728 1577 τοὺς
2774 1513 3027 1584 ἀμείνους
3058 1510 3451 1581 ἐγγράψασθαι,
3484 1510 3550 1572 ὡς
3583 1512 3700 1566 πλέον

2185 1611 2304 1662 κατ’
2327 1607 2524 1679 ἀρετὴν
2562 1606 2834 1677 προέχειν,
2860 1603 2893 1672 ἦ
2925 1601 3120 1654 ὁπόσον
3154 1600 3426 1672 περίεστιν
3452 1600 3696 1671 ἀξιώματι.

2185 1701 2280 1753 καὶ
2315 1699 2476 1770 μηδὲν
2507 1698 2702 1768 μέτρον
2731 1694 2925 1748 εἰδέναι
2965 1693 3058 1746 τοῦ
3099 1692 3264 1745 καλοῦ
3293 1693 3386 1744 καὶ
3421 1691 3514 1762 τῆς
3545 1693 3698 1748 ἀνα.ύὰ-

514 1793 680 1845 ulhnn
749 1795 972 1848 honeste
1015 1795 1266 1858 vivendi,
1327 1805 1490 1863 atque
1548 1795 1710 1848 altius
1756 1795 2077 1849 ascendendi

2190 1810 2346 1854 σεως,
2383 1790 2514 1860 μηδὲ
2542 1787 2730 1858 κέρδος
2762 1785 2962 1856 μᾶλλον
2987 1785 3046 1836 τὸ
3104 1783 3376 1855 κρατηθὲν
3410 1785 3636 1855 ῆζημξαν
3658 1787 3699 1838 τὴ

511 1885 840 1951 constituat;
899 1901 995 1939 nec
1052 1885 1202 1941 lucro
1264 1886 1462 1954 potius,
1522 1886 1570 1940 id
1631 1887 1775 1956 quod
1833 1888 2080 1956 arripuit,

513 1991 672 2045 quam
707 1978 903 2029 damno
937 1977 1002 2040 ”,
1057 1978 1107 2030 id
1153 1979 1294 2046 quod
1337 1977 1550 2048 ell'ugit,
1606 1978 1863 2046 deputet:
1897 1995 2080 2033 verum

516 2070 660 2136 quod
695 2069 1054 2137 prwpedibus
1083 2081 1186 2134 est,
1223 2072 1445 2138 gradum
1472 2071 1537 2123 ad
1569 2069 1621 2123 id
1658 2071 1799 2139 quod
1831 2072 2082 2140 deinceps

514 2160 792 2226 sequitur,
859 2174 978 2212 esse
1055 2159 1378 2224 arbitretur;
1452 2175 1552 2214 nec
1623 2162 1820 2216 virtute
1895 2164 2082 2233 vulgus

516 2250 741 2314 anteire,
766 2265 1088 2320 magnopere
1130 2253 1364 2321 amplqu
1403 2255 1566 2322 atque
1593 2252 1796 2308 illustre
1835 2255 2080 2324 iudicet;

2181 1888 2502 1957 διαφεῦγονο
2537 1886 2653 1938 ἀλλ’
2708 1884 2957 1936 ἐπίϐασιν
2983 1881 3071 1936 ἀεὶ
3102 1879 3373 1934 ποιεῖσθαι
3415 1878 3474 1930 τὸ
3509 1878 3613 1929 ποσὶ
3632 1877 3698 1929 τοῦ

2183 1980 2308 2050 ἑξῆς
2335 1980 2447 2048 (57)
2470 1995 2482 2008 ·
2513 1979 2605 2040 καὶ
2654 1975 2727 2047 μὴ
2764 1977 2904 2045 μέγα
2931 1973 3166 2044 νομίζειν
3195 1972 3261 2026 ἂν
3288 1971 3395 2023 τῶν
3425 1970 3606 2022 πολλῶν
3622 1970 3700 2021 δια·

2185 2072 2456 2141 φέρωμεν,
2487 2069 2621 2122 ἀλλὰ
2654 2067 2856 2139 ζημίαν
2901 2065 2966 2119 ἂν
2990 2066 3087 2135 τῆς
3108 2064 3265 2128 ἀξίας
3287 2061 3578 2133 λειπώμεθα
3599 2061 3696 2129 (58)·

2184 2164 2276 2216 καὶ
2305 2166 2368 2234 τῇ
2409 2162 2594 2232 ἐντολῇ
2636 2160 3026 2230 παραμετρεῖν,
3059 2156 3192 2210 ἀλλὰ
3223 2156 3299 2226 μὴ
3343 2157 3451 2216 τοῖς
3481 2153 3636 2215 πέλας,
3656 2152 3700 2202 τὸ

2183 2253 2634 2325 κατορθούμενον,
2690 2251 2754 2304 ἄν
2789 2268 2847 2301 τε
2898 2245 2998 2301 ὦσι
3029 2248 3208 2313 κακοὶ,
3240 2247 3307 2300 ἄν
3338 2263 3396 2298 τε
3439 2243 3700 2316 ἁρετῆςέπὶ

513 2353 699 2392 verum
735 2339 1060 2394 detrimento
1108 2340 1311 2405 ducat,
1365 2342 1410 2396 si
1459 2358 1486 2395 a
1555 2343 1789 2413 suscepti
1845 2346 2077 2399 numeris

2190 2347 2344 2400 ποσὸν
2369 2347 2594 2415 ἥκοντες
2613 2359 2627 2375 ο
2664 2345 2763 2396 καὶ
2795 2342 2867 2413 μὴ
2906 2343 3118 2411 μικροῖς
3151 2338 3412 2408 σταθμοῖς
3433 2339 3534 2407 (59)
3559 2335 3702 2388 ταλαν-

511 2430 775 2500 dignitate
817 2433 989 2495 absit;
1037 2431 1222 2501 sicque
1259 2448 1313 2486 se
1355 2444 1651 2503 comparet,
1707 2444 1783 2498 ut,
1840 2438 1980 2503 quod
2013 2452 2077 2490 ex

2190 2437 2352 2490 τεύειν
2378 2437 2472 2508 τὴν
2503 2436 2726 2508 ἀρετὴν,
2777 2435 2855 2503 τῷ
2883 2433 3123 2503 μεγίστῳ
3156 2431 3293 2501 (40),
3321 2430 3411 2482 καὶ
3441 2429 3556 2500 παρ’
3581 2424 3630 2482 οὗ
3651 2426 3700 2479 τὰ

513 2525 710 2576 virtute
745 2524 998 2593 gerit,.ad
1027 2525 1158 2593 legis
1188 2525 1382 2578 divina:
1406 2539 1652 2580 normam
1679 2525 1746 2591 ⁸ο,
1776 2542 1881 2581 non
1900 2539 2076 2581 autem

2190 2530 2378 2592 πάντα,
2411 2530 2502 2582 καὶ
2529 2529 2608 2590 εἰς
2637 2527 2695 2579 ὃν
2727 2526 2796 2579 τὰ
2829 2529 3005 2579 πάντα
3029 2520 3498 2595 χρεωστουμένην.

513 2617 580 2666 ad
614 2613 770 2680 alios,
798 2615 914 2668 sive
941 2615 1064 2666 mali
1092 2615 1167 2667 illi
1227 2614 1360 2682 sint,
1391 2617 1506 2671 sive
1535 2617 1782 2671 nonnihil
1849 2619 1904 2672 in
1953 2621 2152 2672 virtute
2191 2621 2571 2690 processerint,
2630 2620 2892 2689 expendat
2930 2634 2944 2670 :
2976 2631 3076 2670 nec
3131 2618 3386 2669 virtutem
3412 2653 3428 2678 ,
3475 2629 3578 2683 qum
3623 2615 3700 2668 Deo

511 2706 716 2773 optimo
746 2707 1005 2769 maximo,
1041 2721 1070 2758 a
1104 2721 1210 2774 quo
1236 2707 1439 2772 omnia,
1475 2707 1600 2760 etin
1623 2723 1785 2777 quem
1813 2710 1992 2763 omnia
2020 2710 2085 2774 δι,
2124 2710 2373 2776 debetur,
2412 2711 2604 2778 exigua
2634 2708 2784 2762 lance
2813 2706 3094 2775 penderet.

584 2802 700 2857 XV.
734 2801 843 2856 Nec
865 2805 1052 2858 eadem
1087 2806 1338 2859 ommbus
1365 2808 1656 2860 convenire
1683 2819 1854 2877 putet,
1901 2825 2083 2878 quem-

513 2897 798 2950 admodum
851 2911 952 2950 nec
984 2907 1204 2951 statura:
1248 2901 1499 2954 omnibus
1543 2902 1741 2955 eaedem
1790 2912 1934 2968 sunt,
1983 2918 2081 2957 nec

512 2991 624 3044 oris
661 2989 1007 3051 lineamenta,
1060 3005 1160 3044 nec
1204 2991 1559 3044 animantium
1595 3003 1818 3056 naturae,
1851 3010 1951 3048 nec
1981 3006 2081 3048 ter-

515 3096 588 3134 ra:
617 3080 922 3148 qualitates,
945 3095 1041 3136 nec
1073 3082 1260 3136 eadem
1309 3084 1547 3136 siderum
1576 3086 1817 3138 omnium
1849 3084 2082 3154 pulchri-

515 3173 643 3228 tudo
674 3184 728 3228 et
767 3175 1077 3245 magnitudo
1115 3174 1198 3240 “;
1241 3189 1427 3229 verum
1478 3175 1670 3245 privati
1723 3177 1937 3246 quidem
1989 3179 2081 3232 ho-

516 3267 678 3320 minis
706 3264 893 3318 vitium
923 3282 1044 3320 esse
1069 3267 1361 3332 existimet,
1396 3269 1569 3336 turpia
1609 3269 1976 3340 supplicioque
2001 3271 2081 3323 di-

514 3377 636 3432 gna,
669 3371 725 3416 et
751 3377 978 3430 quorum
1013 3361 1098 3415 lex
1127 3362 1261 3414 dura
1286 3372 1341 3416 et
1368 3365 1548 3432 gravis
1575 3365 1788 3417 domina
1816 3375 1917 3429 cst,
1952 3380 2087 3433 per-.

513 3464 776 3524 petrare:
819 3455 1056 3522 praefecti
1106 3464 1284 3507 autem
1329 3455 1411 3507 vel
1452 3455 1726 3519 antistitis,
1763 3471 1867 3509 non
1917 3471 2077 3525 quam

511 3545 772 3613 optimum
798 3560 943 3609 esse,
978 3559 1077 3599 nec
1129 3560 1296 3599 novas
1342 3545 1566 3601 subinde
1595 3547 1848 3600 virtutum
1898 3561 2080 3602 acces-

511 3638 694 3693 siones
741 3638 956 3705 facere;
1009 3640 1292 3706 siquidem
1341 3639 1559 3694 virtutis
1613 3653 1724 3693 suae
1770 3640 2078 3708 praestantia

511 3728 904 3782 multitudinem
953 3728 1020 3783 ad
1061 3727 1487 3782 mediocritatem
1541 3737 1808 3783 tracturus
1867 3729 1957 3793 sit,
2012 3744 2078 3784 ac

512 3835 616 3874 non
646 3835 740 3888 per
760 3821 869 3873 vim
906 3821 1288 3888 imperaturus,
1321 3821 1415 3874 sed
1463 3820 1810 3888 persuasione
1854 3821 2078 3874 allectu-

512 3926 623 3965 rus.
659 3910 794 3964 Nam
827 3911 970 3980 quod
1013 3911 1064 3966 vi
1095 3927 1158 3967 ac
1190 3912 1515 3966 necessitate
1564 3913 1904 3981 exprimitur,
1942 3928 2076 3982 prae-

2255 2812 2356 2865 IE'.
2390 2811 2537 2884 Μηδὲ
2566 2811 2632 2864 τὰ
2663 2811 2803 2863 αὐτὰ
2837 2812 3002 2863 πᾶσιν
3037 2810 3296 2881 ἁρμόζειν
3325 2807 3538 2869 οἴεσθαι,
3559 2804 3700 2873 ὥσπερ

2182 2899 2304 2952 οὐδὲ
2332 2901 2534 2971 ἡλικίαι
2565 2903 2730 2954 πᾶσιν
2749 2901 2859 2971 (41)
2892 2903 2946 2953 αἱ
2967 2901 3290 2963 αύταὶ,ούδὲ
3315 2898 3605 2971 προσώπων
3632 2913 3701 2964 χα-

2187 2993 2474 3062 ρακτῆρες,
2534 2992 2652 3045 οὐδὲ
2677 2991 2829 3056 ζώων
2863 2992 3054 3061 φύσεις
3086 2993 3216 3062 (42),
3276 2992 3400 3045 οὐδὲ
3423 2992 3516 3059 γῆς
3535 2989 3700 3056 ποιότη-

2183 3099 2292 3147 τες,
2346 3084 2463 3136 ούδὲ
2497 3084 2666 3155 κάλλη
2703 3101 2762 3136 τε
2815 3086 2910 3136 καὶ
2948 3085 3153 3156 μεγέθη
3205 3084 3566 3154 λαμπτήρων·
3617 3079 3702 3130 ἀλλ’

2185 3172 2430 3242 ἡγεῖσθαι
2475 3173 2681 3225 ἰδιώτου
2730 3174 2826 3243 μὲν
2873 3169 3010 3226 εἶναι
3039 3174 3236 3228 κακίαν
3287 3175 3350 3226 τὸ
3378 3172 3541 3242 φαῦλα
3577 3170 3702 3240 1:de-

2185 3280 2318 3326 σειν,
2349 3265 2440 3316 καὶ
2467 3265 2564 3316 ὅσα
2589 3263 2862 3326 κολάσεως
2887 3262 3013 3327 ἄξια
3044 3265 3178 3333 (45),
3196 3259 3268 3316 ὧν
3297 3265 3390 3317 καὶ
3415 3267 3442 3316 ὁ
3467 3260 3700 3332 νόμοςμι)

2186 3358 2352 3430 βαρὺς
2387 3359 2681 3429 δεσπότης·
2727 3360 2984 3429 ἄρχοντος
3013 3359 3068 3412 δὲ
3112 3359 3144 3431 ἢ
3191 3359 3527 3430 προεστῶτος
3557 3360 3607 3411 τὸ
3648 3358 3701 3426 μὴ

2181 3449 2255 3513 ὡς
2279 3449 2496 3521 ἄριστον
2519 3445 2680 3513 εἶναι,
2715 3451 2809 3504 καὶ
2836 3451 2921 3504 ἀεὶ
2949 3451 3025 3522 τῷ
3054 3450 3200 3521 καλῷ
3231 3452 3580 3523 προϐαίνοντα
3599 3451 3700 3521 (45),

2185 3542 2343 3614 εἰπερ
2377 3542 2556 3613 μέλλοι
2599 3543 2677 3613 τῷ
2722 3543 2962 3616 περιόντι
3002 3545 3100 3615 τῆς
3149 3546 3354 3616 ἀρετῆς
3408 3545 3564 3610 ἕλξειν
3608 3544 3702 3601 τοὺς

2186 3634 2412 3697 πολλοὺς
2443 3636 2522 3697 εἰς
2562 3635 2623 3687 τὸ
2654 3635 2895 3708 μέτριον,
2930 3639 3024 3690 καὶ
3068 3638 3142 3708 μὴ
3182 3637 3274 3708 βία
3306 3639 3579 3710 κατάρξειν
3602 3636 3701 3705 (46),

2183 3724 2316 3779 ἀλλὰ
2339 3727 2513 3780 πειθοῖ
2547 3725 2928 3797 προσάξεσθαι.
2960 3729 3032 3782 Τὸ
3059 3731 3154 3800 μὲν
3179 3731 3289 3804 γὰρ
3319 3734 3573 3793 ἀκούσιον,
3600 3729 3702 3799 up");

2178 3819 2240 3872 τὸ
2267 3820 2378 3888 (47)
2412 3822 2728 3891 τυραννικὸν
2780 3817 2940 3884 εἶναι,
2998 3825 3092 3877 καὶ
3138 3825 3238 3878 ούκ
3298 3823 3585 3887 ἐπαινετὸν,
3612 3821 3702 3874 οὐδὲ

2183 3911 2407 3981 μάνιμον
2431 3912 2539 3983 (48)
2557 3928 2570 3943 °
2595 3913 2738 3983 φιλεῖ
2762 3913 2870 3986 γὰρ
2899 3915 2959 3968 τὸ
2983 3915 3219 3986 βιασθὲν,
3249 3916 3442 3989 ὥσπερ
3472 3917 3616 3987 φυτὸν
3635 3913 3702 3983 βίᾳ

579 4084 623 4116 ³³
656 4083 795 4138 Psal.
824 4100 1006 4146 xxxvi.
1047 4082 1138 4138 27.
1213 4083 1258 4114 ⁸³
1297 4084 1432 4138 Phil.
1473 4100 1553 4151 ιιι,
1584 4084 1636 4140 7.
1695 4085 1764 4115 “°
1792 4082 1834 4139 ll
1859 4085 2061 4152 Cor.x,

2209 4091 2294 4145 ιε.
2361 4094 2398 4124 ιι
2445 4063 2619 4147 Ico'r.
2649 4110 2760 4160 vin,
2790 4093 2843 4149 6.
2919 4093 3412 4162 “lCor.xv,-ii.

577 4245 694 4316 (55)
735 4245 987 4310 Ἄλλους
1029 4245 1340 4312 ἰατρεύειν.
1384 4246 1583 4300 Alludit
1625 4247 1721 4316 ad]
1743 4250 1855 4304 hare
1899 4253 2060 4304 verba

507 4315 786 4384 cujusdam
834 4327 1004 4382 poetae
1035 4317 1173 4384 apud
1209 4317 1346 4370 Plut.
1389 4318 1462 4370 De
1503 4315 1848 4384 «(ignoscendo
1882 4337 2062 4374 assen-

508 4396 676 4458 talere
739 4384 831 4458 ab_
859 4387 1028 4458 antica
1065 4401 1084 4438 :
1122 4385 1329 4458 Ἀλλων
1393 4388 1606 4458 ἰατρὸς,
1658 4389 1819 4452 αὐτὸς
1879 4391 2058 4444 ἕλκεσι

2174 4259 2251 4302 tes
2281 4265 2487 4305 ulnnes.
2525 4270 2544 4302 ι

2239 4319 2351 4390 (42)
2390 4322 2626 4387 Φύσεις.
2665 4341 2683 4372 ι
2713 4319 2952 4377 Νειιιιηρ.
2987 4342 3006 4375 ι
3041 4322 3229 4379 Comb.
3270 4344 3290 4376 ι
3325 4323 3542 4379 indoles.
3570 4342 3588 4375 ι

2237 4390 2361 4464 (45),
2393 4392 2585 4464 Ἂξιαἐ
2622 4394 2778 4464 Deest
2809 4395 2861 4446 in
2899 4409 2992 4447 sex
3032 4394 3222 4464 Regg.,
3251 4395 3306 4448 in
3344 4397 3493 4450 Colb.
3515 4405 3698 4464 septem.

509 4454 708 4526 βρύων.
747 4472 767 4506 ι
807 4454 1048 4508 Aliorum
1105 4457 1374 4524 medicus,
1439 4454 1554 4527 ipse
1613 4458 1879 4514 ulceribus
1939 4476 2061 4515 δω-
2095 4456 2138 4509 D
2165 4457 2300 4524 Jes.,
2328 4454 2420 4515 Or.
2459 4454 2508 4516 ly.
2555 4461 2869 4516 Praeclaram
2901 4463 3039 4518 hanc
3068 4454 3389 4519 sevn'tentiam
3427 4468 3489 4519 ad
3520 4454 3697 4517 verbum

509 4538 646 4580 teus.
667 4544 687 4576 ο

575 4595 1048 4668 (54)-ΕιΑκᾳιατις
1072 4594 1278 4664 ἁγνόν.
1320 4597 1416 4651 Hic.
1444 4594 1537 4652 Or.
1572 4597 1594 4651 1
1631 4598 1697 4652 ad
1735 4600 2070 4668 marginem:

505 4665 595 4719 Τὰ
635 4665 991 4739 τοῦ-ἀληθῶς
1042 4668 1343 4739 ἐπισκόπου
1409 4668 1696 4739 ἰδιώματα.
1748 4687 1769 4720 ι
1799 4665 1929 4739 Ejus
1977 4673 2070 4738 qui

507 4739 693 4816 reipsa
739 4736 867 4806 (non
907 4737 1126 4790 nomine
1199 4739 1430 4809 tantum)
1472 4736 1556 4794 est
1599 4736 1906 4809 episcopus,
1949 4736 2072 4808 pro-

543 4815 782 4859 rtetates.
803 4823 822 4856 ι

504 4821 782 4874 prietates.
803 4823 822 4856 ι

554 4875 685 4946 ,(55)
730 4875 912 4947 Ἦ-ώς
939 4875 1224 4944 μάλιστα.
1264 4896 1283 4929 ι
1315 4880 1420 4932 Aut
1453 4893 1612 4947 quam
1651 4881 1920 4947 maxime;
1955 4897 1974 4932 ι
2017 4880 2068 4935 id

501 4945 764 5016 estijuxta
803 4945 995 5016 Etiam,
1033 4963 1052 4996 ι
1076 4959 1130 5000 et
1157 4963 1316 5015 quam
1350 4945 1600 5002 maxime.
1627 4969 1648 5000 ›

575 5015 687 5086 (56)
723 5015 881 5087 Πρὸς
925 5015 1162 5083 ἀρετήν.
1206 5018 1280 5070 Ita
1326 5017 1456 5087 Reg.
1494 5022 1532 5082 Ι,
1578 5018 1764 5074 Comb.
1813 5034 1942 5074 vero
1989 5021 2069 5082 el;

503 5085 726 5160 ἀρετήν,
761 5087 813 5138 in
845 5085 994 5160 lleg._
1036 5101 1062 5138 r
1111 5096 1334 5156 utraque
1380 5085 1531 5142 deest
1569 5090 1894 5160 prwpositio,
1930 5090 2070 5144 sicut

499 5156 554 5210 et
581 5159 737 5222 paulo
761 5166 896 5223 post,
915 5156 1014 5208 δεῖ.

570 5227 682 5299 (ξῖ)
733 5224 924 5299 Ἑξῆς.
960 5225 1392 5299 Plures__codices
1415 5226 1617 5299 habent
1671 5229 1890 5299 ἐφεξῆς.

572 5297 686 5366 (58)
726 5295 1087 5368 Λειστώμεθα.
1138 5295 1229 5368 Sic
1267 5309 1470 5363 septem
1502 5297 1634 5368 Reg.
1660 5295 1891 5368 quatuor
1913 5297 2066 5354 Colb.

498 5364 595 5421 0r.
629 5370 679 5420 l.
710 5368 798 5420 Sic
824 5364 1007 5420 Bittius
1031 5367 1410 5436 emendaverat
1439 5369 1491 5421 in
1527 5364 1650 5422 Bas.
1676 5364 1756 5422 'in
1791 5385 1896 5436 quo
1929 5371 2070 5424 sicut

500 5443 554 5488 et
585 5436 637 5490 iu
662 5437 784 5492 Par.
818 5437 1012 5505 legitur
1038 5434 1481 5505 ἀπολειπώμεθα,
1517 5437 1660 5506 quod
1678 5453 1776 5495 nec
1805 5434 1834 5492 ἐι
1865 5438 2070 5494 Monta-

499 5507 665 5566 cutio.
691 5522 790 5560 nec
815 5523 842 5559 a
878 5507 1270 5561 PariSieiisibus
1301 5511 1662 5561 observatum.

569 5576 682 5648 (59)
722 5575 1029 5648 Σταθμοῖς.
1059 5576 1211 5648 Colla.
1236 5579 1289 5639 1,
1320 5576 1559 5648 μέτροις.

568 5645 683 5719 (40)
729 5645 812 5711 Τῷ
843 5648 1122 5719 μεγίστῳ.
1146 5645 1277 5718 Reg.
1307 5645 1358 5712 a,
1391 5645 1486 5702 καὶ
1516 5647 1613 5719 τῷ.

572 5714 681 5787 (41)
732 5714 977 5775 mima.
999 5714 1207 5773 πᾶσιν.
1231 5714 1362 5786 Reg.
1392 5736 1423 5774 n
1453 5714 1612 5775 habet
1640 5721 1826 5787 πᾶσαι,
1886 5739 1906 5774 ι
1939 5731 2066 5776 αξιο-

2178 4545 2310 4604 pene
2348 4533 2630 4604 descripsit
2666 4534 2716 4584 in
2765 4549 2860 4604 sua
2890 4533 2970 4585 Ad
2995 4536 3360 4604 imperatorem
3393 4535 3699 4589 admonitione

2172 4603 2442 4671 Agapetus
2496 4621 2509 4655 :
2544 4620 2562 4652 ι
2593 4602 2790 4655 Privati
2828 4602 3074 4671 quidem,
3117 4608 3212 4666 ait,
3261 4607 3495 4660 hominis
3550 4607 3697 4657 vitium

2177 4668 2477 4745 habendum
2500 4687 2642 4736 esse,
2672 4674 2808 4745 mala
2834 4668 2887 4726 et
2909 4675 3170 4743 supplicio
3190 4677 3349 4745 digna
3377 4675 3567 4739 facere,
3589 4675 3699 4742 priu-

2173 4740 2512 4814 cipisautem
2531 4752 2584 4796 et
2615 4744 2949 4814 praesidentis
2973 4740 3078 4798 non
3102 4745 3182 4799 vel
3197 4740 3460 4814 optimum
3483 4740 3605 4799 esse.
3625 4760 3641 4792 ι

2243 4809 2354 4881 (44)
2394 4811 2507 4863 Καὶ
2536 4814 2568 4864 ὀ
2599 4809 2802 4881 νόμος.
2836 4814 3038 4868 Alludit
3076 4817 3140 4868 ad
3191 4809 3305 4870 hinc
3347 4820 3506 4870 verba
3547 4820 3697 4880 Apost.

2172 4879 2377 4955 τιαῼέιι.
2407 4897 2458 4955 v,
2498 4881 2589 4955 25,
2619 4899 2652 4955 ἰ
2671 4879 2938 4939 adversus
2967 4882 3268 4955 hujusmodi
3309 4902 3417 4940 non
3461 4879 3692 4955 est_lex._i

2243 4949 2354 5018 (45)
2409 4952 2839 5024 Προϐαίνοντα.
2891 4956 3002 5008 Duo
3037 4949 3243 5024 vllegii,
3304 4958 3491 5011 Comh.
3545 4952 3696 5020 Gingi-

2173 5033 2351 5092 ροντα,
2385 5037 2504 5090 qua:
2540 5037 2638 5075 vox
2672 5023 3100 5092 signtlicantior:
3138 5023 3164 5075 «ί
3195 5036 3254 5078 ιιι
3281 5042 3386 5080 non
3419 5025 3576 5081 solum
3600 5028 3698 5092 'pro-

2173 5089 2336 5150 liciat,
2369 5089 2462 5144 scd
2493 5101 2549 5143 ut
2577 5089 2900 5158 prolicieudo
2927 5099 3090 5148 etiam
3114 5097 3364 5150 excellat.
3400 5115 3420 5148 ι

2241 5161 2348 5236 (ιβ)
2389 5160 2734 5236 ξατὰρξειν.
2784 5163 2876 5218 Sic
2912 5177 3142 5236 quatuor
3171 5165 3322 5236 Iiegii
3347 5208 3363 5229 .
3408 5167 3510 5220 duo
3551 5161 3695 5236 Colit-9

2170 5229 2358 5304 Quid,
2387 5231 2512 5286 Pas.
2551 5231 2735 5286 Bittius
2769 5237 2834 5304 ad
2861 5229 3008 5288 oram
3051 5235 3170 5290 Bas.
3203 5229 3495 5304 sc'ripserat
3518 5233 3697 5302 καθειρ-

2171 5299 2309 5376 εεςινι
2335 5319 2355 5351 ‘
2392 5317 2485 5370 ρετ
2517 5303 2622 5376 Vim
2654 5303 3008 5376 cohibiturus,
3045 5324 3064 5356 ι
3093 5309 3232 5376 quod
3275 5299 3497 5360 nimium
3544 5299 3695 5358 laetles

2169 5374 2506 5425 admiserunt
2539 5371 2896 5428 Parisienses.

2169 5439 2549 5580 πρέτῖτέῖρὸς
2606 5442 2694 5496 τό·
2746 5445 2837 5499 δίο
2888 5445 3068 5523 Plures
3103 5447 3224 5503 cod.
3279 5446 3443 5502 Coisl.
3482 5445 3530 5500 1.
3577 5442 3693 5495 can.

2238 5580 2673 5659 (48)]ξιόνιμρν.
2712 5581 2844 5652 Reg.
2891 5601 2919 5639 r
2975 5587 3234 5659 νόμιμον,
3282 5581 3693 5659 ηοημπιειο-ῐοτ-

2168 5651 2293 5716 san,
2332 5653 2375 5727 si
2407 5653 2775 5727 ὲννομώτατον
2804 5651 3052 5727 sequens
3081 5651 3346 5716 attendas.
3385 5657 3526 5714 Unde
3549 5651 3689 5707 Gabr-

2175 5742 2192 5774 ι
2235 5723 2464 5778 maxime
2494 5723 2807 5792 legitimum.
2842 5745 2862 5778 ›
