3832 6394
513 278 616 347 ﬂ.

1703 287 1771 343 .S.
1818 283 2142 343 GREGORII
2178 280 2523 338 THEOLOGI

3581 295 3663 356 ιιι

593 393 830 451 XXXIX.
872 392 976 448 Sed
1009 395 1075 447 ad
1119 392 1233 449 haec
1267 393 1644 464 intelligenda,
1674 405 1728 451 et
1761 397 1892 456 satis
1925 410 2072 450 cmu-

2241 393 2364 447 AG'.
2401 390 2564 447 Ταῦτ’
2589 382 2682 476 σύν
2720 389 3054 462 μακροτέρου
3091 388 3190 460 μὲν
3216 389 3250 463 ἢ
3278 393 3409 448 κατὰ
3433 393 3512 450 τδν
3552 417 3667 476 παρ

519 488 678 545 mode
699 501 758 540 ac
786 500 881 553 pro
913 484 1173 553 dignitate
1198 483 1537 553 declaranda,
1569 486 1794 562 longiori
1825 488 2073 550 oratione

512 576 653 647 opus
687 577 882 640 fuerit,
914 591 1072 644 quam
1108 591 1348 652 prasens
1378 579 1679 633 institutum
1700 617 1716 644 ,
1754 589 1914 648 atque
1941 582 2074 634 adeo

520 670 628 721 vita
659 668 771 722 hinc
805 665 962 720 ferat.
997 665 1135 730 Quin
1165 668 1232 719 ad
1267 668 1316 720 id
1349 668 1546 736 potius,
1576 677 1629 724 et
1659 685 1820 736 nunc,
1852 680 1905 724 et
1933 683 2076 726 scm-

517 773 635 828 per,
667 771 804 827 opus
836 756 996 812 fuerit
1027 756 1230 825 Spiritu
1250 797 1263 818 ,
1300 771 1395 828 per
1419 772 1576 826 quem
1608 759 1784 813 solum
1825 759 1985 826 Deus,
2021 768 2075 814 et

514 850 848 919 intelligitur,
897 856 952 904 et
1004 847 1310 917 exponitur,
1355 859 1409 903 et
1456 849 1693 902 auditur.
1749 849 1876 903 Puri
1929 849 2073 904 enim

518 945 777 996 duntaxat
803 948 905 1004 est,
942 940 992 994 id
1034 940 1294 1010 attingere
1328 940 1470 1010 quod
1504 955 1696 1010 purum
1731 949 1837 1002 est,
1883 941 2071 1007 suique

516 1047 732 1100 semper
780 1030 978 1085 simile.
1034 1029 1159 1085 llaec
1213 1042 1390 1085 autem
1444 1029 1645 1084 idcirco
1697 1029 1750 1083 in
1792 1030 2077 1100 praesentia

518 1124 699 1194 paucis
724 1122 1282 1184 commemoravimus,
1323 1129 1380 1174 ut
1416 1120 1554 1176 istud
1603 1114 1818 1190 planum
1863 1123 1974 1186 ﬁat,
2002 1121 2072 1187 ei,

518 1219 608 1286 qui
647 1218 714 1272 de
744 1216 907 1271 tantis
945 1216 1102 1270 rebus
1131 1216 1549 1285 disputationem
1584 1215 1813 1282 habeat,
1853 1231 2074 1285 prtescr-

520 1309 614 1363 tim
649 1309 787 1378 apud
815 1307 1229 1371 multitudinem,
1259 1321 1380 1373 qua:
1400 1321 1466 1361 ex
1491 1305 1654 1360 variis
1682 1307 1933 1361 mtatibus
1955 1305 2074 1360 ani-

521 1399 698 1470 mique
740 1397 1111 1454 aﬂ‘ectionibus
1140 1396 1364 1450 conflata
1396 1407 1478 1451 est
1505 1437 1520 1462 ,
1550 1411 1614 1451 ac
1654 1397 1844 1451 musici
1887 1396 2076 1468 cujus-

520 1489 642 1542 dam
693 1488 1035 1542 instrumenti
1072 1487 1252 1541 multis
1301 1487 1494 1542 ﬁdibus
1532 1488 1827 1553 constantis
1863 1488 1914 1542 in
1961 1506 2078 1542 mo-

523 1580 670 1644 dum,
702 1580 869 1634 variis
898 1580 1135 1649 pulsibus
1176 1594 1309 1647 opus
1350 1577 1535 1633 habet.
1570 1577 1782 1634 difﬁcile
1811 1579 2074 1648 ejuswodi

515 1672 816 1726 orationem
845 1672 1106 1734 invenire,
1128 1686 1245 1741 qua:
1270 1687 1457 1726 omnes
1474 1672 1798 1726 concinnare
1819 1686 1883 1726 ac
1909 1673 2077 1727 scien-

523 1766 612 1818 tize
642 1762 841 1817 lumine
875 1764 1190 1818 collustrare
1219 1765 1418 1832 possit:
1448 1779 1552 1820 non
1585 1763 1742 1819 modo
1761 1765 1920 1833 quod,
1951 1779 2071 1819 cum

522 1855 576 1907 ln
609 1852 781 1907 tribus
813 1853 896 1906 bis
930 1853 1090 1907 rebus
1122 1851 1416 1920 periculum
1463 1861 1726 1918 versetur,
1759 1852 1861 1908 boc
1904 1862 1987 1907 est
2018 1854 2070 1907 in

521 1953 723 2008 mente,
753 1952 807 1996 et
831 1956 1103 2005 sermone,
1131 1951 1294 2010 atque
1325 1940 1529 2007 auditu,
1558 1943 1604 1995 si
1637 1957 1740 1996 non
1770 1942 1834 1996 ad
1867 1943 2070 2006 omnia,

515 2035 586 2087 ad
634 2049 796 2087 unum
848 2044 993 2087 certe
1032 2033 1246 2100 aliquod
1297 2031 1486 2085 borum
1532 2022 1804 2087 ollendcre
1854 2047 2073 2088 necesse

515 2135 641 2191 est;
696 2134 787 2177 aut
833 2124 975 2178 enim
1025 2138 1175 2178 mens
1218 2123 1438 2178 minime
1493 2123 1787 2178 illuminata
1836 2133 1951 2192 est,
1983 2134 2075 2178 aut

519 2231 696 2270 sermo
718 2214 996 2285 elanguit,
1028 2225 1122 2269 aut
1153 2219 1384 2284 denique
1413 2217 1559 2271 auris
1587 2216 1727 2270 haud
1777 2217 1907 2270 satis
1948 2233 2077 2286 pur-

523 2319 644 2373 gula
673 2308 892 2362 minime
918 2309 1129 2376 excepit
1156 2327 1171 2363 :
1205 2317 1364 2377 atque
1385 2323 1449 2360 ex
1477 2309 1670 2361 horum
1700 2322 1805 2360 uno
1829 2324 2078 2377 peraque

517 2412 682 2482 fitque
717 2416 784 2455 ex
832 2400 1081 2454 omnibus
1129 2400 1326 2455 veritas
1379 2399 1642 2454 claudicet
1699 2413 1922 2454 necesse
1971 2413 2071 2457 est.

2171 482 2295 534 όντα
2350 482 2555 552 καιρὸν,
2607 475 2758 552 οἶμαι
2817 479 2874 532 δὲ
2920 479 3015 534 καὶ
3073 479 3205 550 βίον,
3279 480 3368 535 τοῦ
3419 483 3557 556 λόγου
3593 498 3665 550 καὶ

2173 575 2358 644 νοῆσαι
2397 575 2489 626 καὶ
2532 571 2873 643 παραστῆσαι
2909 570 3107 634 ίκανῶς
3153 589 3212 626 τε
3259 573 3348 628 καὶ
3375 557 3488 630 ὅσον
3523 581 3664 647 ἀξιον.

2175 664 2374 736 μᾶλλον
2405 664 2463 718 δὲ
2494 663 2588 717 καὶ
2619 661 2712 717 νῦν
2746 661 2839 716 καὶ
2877 661 2964 715 ἀεὶ
2994 661 3086 714 τοῦ
3130 661 3432 734 Πνεύματος
3450 707 3464 731 ,
3490 661 3530 737 ᾧ
3556 674 3668 748 μόνῳ

2172 753 2304 818 Θεὸς
2332 753 2425 807 καὶ
2453 756 2651 807 νοεῖται
2678 753 2770 808 καὶ
2795 753 3153 825 ἑρμηνεύεται
3185 757 3278 814 καὶ
3308 759 3558 818 ἀκούεται,
3581 767 3670 822 lia.

2173 845 2324 917 θαρῷ
2349 845 2458 918 γὰρ
2491 845 2602 917 (96)
2637 846 2792 916 μόνον
2820 847 3018 900 ἁπτέον
3042 847 3135 901 τοῦ
3163 847 3395 921 καθαροῦ
3427 855 3508 907 καὶ
3533 855 3670 913 ὡσαύ-

2171 956 2279 1002 τως
2307 937 2516 1008 ἔχοντος
2535 955 2549 972 ο
2582 931 2642 992 οὗ
2671 938 2715 990 δ’
2745 938 2924 992 εἵνεκα
2950 939 3061 1010 (97)
3091 939 3184 994 νῦν
3213 943 3270 995 ὲν
3296 942 3452 1015 ὀλίγῳ
3473 945 3670 1019 διεληλύ.

2176 1028 2367 1098 θαμεν,
2401 1028 2467 1081 ἵν’
2500 1030 2673 1083 ἐκεῖνο
2698 1029 3042 1102 δηλώσωμεν,
3073 1031 3154 1085 ὅτι
3185 1031 3410 1102 χαλεπὸν
3441 1038 3493 1090 ἐν
3518 1039 3670 1112 πλήθει

2176 1117 2432 1188 μάλιστα,
2479 1119 2604 1188 περὶ
2643 1116 2972 1189 τηλικούτων
3007 1119 3398 1191 διαλεγόμενον,
3429 1125 3488 1178 ἐκ
3514 1143 3671 1185 παντο-

2173 1209 2348 1280 δαπῆς
2382 1208 2716 1281 συγκειμένῳ
2754 1212 2846 1266 καὶ
2890 1211 3105 1282 ἡλικίας
3142 1213 3234 1267 καὶ
3270 1213 3448 1280 ἕξεως,
3481 1212 3576 1272 οἷον
3602 1223 3672 1294 ορ.

2174 1300 2322 1370 γάνῳ
2359 1302 2466 1353 τινὶ
2521 1301 2827 1373 πολυχόρδῳ
2878 1302 3149 1376 διαφόρων
3194 1304 3426 1378 δεομένῳ
3471 1311 3554 1370 καὶ
3593 1313 3673 1370 τῶν

2175 1392 2500 1464 κρουμάτων
2533 1391 2664 1462 (98),
2697 1394 2875 1465 εὑρεῖν
2906 1412 3026 1448 τινα
3058 1395 3148 1448 τὸν
3179 1395 3384 1461 πάντας
3409 1403 3674 1472 καταρτίσαι

2167 1482 2467 1555 δυνάμενον
2501 1483 2675 1552 λόγον,
2706 1485 2800 1539 καὶ
2835 1485 3149 1557 λαμπρῦναι
3190 1487 3300 1556 (99)
3343 1489 3419 1560 τῷ
3454 1491 3575 1561 φωτὶ
3601 1495 3676 1567 τῆς

2177 1574 2428 1644 γνώσεως
2451 1591 2462 1605 ·
2489 1577 2548 1629 ού
2582 1577 2740 1648 μόνον
2777 1577 2858 1632 ὅτι
2889 1579 2945 1634 ὲν
2969 1580 3114 1648 τρισὶ
3138 1581 3346 1648 τούτοις
3367 1585 3458 1640 τοῦ
3483 1589 3675 1644 κινδύνου

2179 1667 2513 1733 σαλεύοντος,
2540 1669 2746 1741 διανοίᾳ
2773 1669 2848 1741 (ί)
2870 1671 2964 1725 καὶ
2987 1671 3126 1744 λόγῳ
3145 1675 3238 1728 καὶ
3259 1677 3414 1747 ἀκοῇ,
3437 1677 3680 1747 ἀναγκαῖον

2186 1761 2311 1831 περὶ
2338 1761 2395 1814 ἓν
2417 1761 2480 1829 γέ
2504 1779 2554 1815 τι
2578 1762 2800 1822 τούτων.
2819 1765 2867 1816 εί
2898 1763 2990 1817 καὶ
3013 1765 3086 1834 μὴ
3114 1766 3288 1820 πάντα
3316 1769 3412 1835 (2),
3437 1775 3681 1842 προσπταῖο

2182 1865 2270 1901 σαι
2287 1867 2300 1879 ·
2333 1847 2365 1920 ἦ
2398 1849 2506 1920 γὰρ
2532 1850 2630 1903 ούκ
2657 1851 2963 1922 ὲνελάμφθη
2991 1853 3064 1922 (3)
3089 1853 3236 1918 νοῦς,
3259 1855 3292 1926 ἢ
3327 1855 3475 1924 λόγος
3498 1860 3681 1932 ἠσθένη-

2181 1956 2291 2003 σεν,
2332 1940 2364 2011 ἢ
2411 1942 2511 1995 οὐκ
2557 1941 2829 2014 ἐχώρησεν
2877 1944 3012 2018 ἀκοὴ
3075 1945 3146 2017 μὴ
3185 1947 3580 2024 κεκαθαρμένη·
3611 1957 3683 2014 καὶ

2178 2032 2378 2102 ὁμοίως
2431 2032 2508 2102 (4)
2563 2034 2621 2099 ἐξ
2669 2035 2785 2099 ἐνὸς
2829 2034 3031 2090 τούτων
3073 2040 3165 2092 καὶ
3215 2041 3429 2095 πάντων
3475 2045 3682 2114 χωλεύειν

2181 2124 2389 2196 ἀνάγκη
2413 2125 2509 2198 τὴν
2542 2126 2797 2198 ἀλήθειαν
2816 2146 2829 2158 ·
2865 2127 2977 2183 ἀλλ’
3003 2131 3083 2184 ὃτι
3113 2133 3206 2186 καὶ
3233 2132 3261 2186 ὃ
3297 2131 3370 2204 (5)
3397 2138 3501 2199 τοῖς
3523 2135 3625 2190 ἄλλο
3644 2155 3682 2191 τι

2180 2215 2445 2270 διδάσκειν
2473 2217 2914 2290 ὑπισχνουμένοις
2947 2225 3140 2293 ῥᾷστον
3170 2229 3312 2278 ποιεί
3343 2226 3430 2279 τὸν
3455 2227 3590 2295 λόγον
3615 2229 3684 2282 καὶ

2181 2309 2578 2380 εύπαράδεκτον
2597 2352 2610 2376 ,
2635 2313 2667 2383 ἡ
2701 2312 2808 2366 τῶν
2837 2315 3138 2369 ἀκουόντων
3164 2315 3418 2371 εὐλάϐεια
3455 2319 3543 2388 (6),
3564 2318 3687 2374 τοῦτο

2184 2400 2412 2456 ἐνταῦθα
2440 2403 2474 2473 ή
2510 2401 2681 2474 ζημία
2722 2405 3038 2461 καθίσταται
3080 2409 3172 2461 καὶ
3198 2407 3226 2459 ὁ
3259 2407 3493 2472 κίνδυνος
3523 2409 3606 2480 (7).

518 2486 720 2544 Verum
755 2490 915 2545 etiam
961 2489 1087 2559 quia
1117 2489 1170 2544 id
1225 2489 1366 2558 quod
1408 2490 1529 2556 bis,
1564 2489 1653 2556 qui
1691 2489 1832 2545 aliud
1882 2492 2144 2560 quoddam
2186 2493 2441 2547 doctrinae
2474 2509 2642 2563 genus
2689 2495 3020 2564 profitentur,
3055 2497 3262 2552 facilem
3304 2509 3361 2552 et
3403 2498 3686 2568 plausibilem

519 2600 819 2640 sermonem
855 2585 1049 2647 reddit,
1083 2583 1182 2638 hoc
1209 2594 1292 2638 est
1318 2583 1619 2639 auditorum
1647 2584 1854 2656 religio,
1891 2586 1942 2640 in
1973 2585 2347 2642 detrimentum
2383 2598 2434 2644 et
2467 2591 2762 2658 periculum
2799 2591 2886 2646 hic
2913 2594 3074 2648 cedit.
3663 2599 3668 2608 '

591 2677 706 2734 XL.
745 2677 814 2736 Ut
858 2680 1000 2734 enim
1039 2681 1104 2734 do
1153 2679 1296 2742 Deo,
1328 2695 1392 2734 ac
1431 2694 1488 2734 re
1519 2681 1759 2736 omnium
1800 2683 2029 2737 maxima
2057 2721 2074 2748 ,

525 2782 688 2840 atque
719 2773 829 2839 ipsa
864 2769 1056 2833 salute,
1093 2778 1147 2822 et
1173 2772 1341 2840 prima
1375 2753 1624 2826 omnibus
1656 2787 1773 2840 spe,
1803 2783 2073 2828 certamen

521 2863 802 2923 habentes,
834 2877 940 2930 quo
964 2859 1248 2916 fervidiore
1278 2863 1380 2916 lide
1409 2861 1614 2930 praediti
1651 2871 1793 2924 sunt,
1823 2877 1888 2918 eo
1913 2864 2073 2917 etiam

521 2955 703 3008 acrius
736 2952 966 3007 orationi
997 2953 1370 3017 adversantur,
1416 2968 1479 3007 ac
1526 2955 1768 3009 veritatis
1817 2955 2077 3022 proditio-

2245 2687 2334 2740 Μ’.
2387 2686 2473 2751 Ὦς
2499 2686 2606 2758 γὰρ
2632 2689 2756 2760 περὶ
2786 2681 2920 2742 Θεοῦ
2959 2690 3053 2744 καὶ
3079 2690 3170 2750 τοῦ
3203 2690 3457 2761 μεγίστου
3486 2693 3582 2746 τῶν
3611 2694 3690 2748 ὅν-

2173 2793 2281 2831 των
2313 2778 2523 2849 ἔχοντες
2568 2780 2657 2834 τὸν
2703 2781 2907 2848 ἀγῶνα,
2961 2783 3054 2835 καὶ
3089 2784 3187 2854 τῆς
3232 2785 3498 2857 σωτηρίας
3535 2784 3686 2854 αὐτῆς,

2175 2870 2267 2922 καὶ
2299 2871 2397 2941 τῆς
2440 2869 2660 2941 πρώτης
2694 2873 2856 2926 πᾶσιν
2904 2872 3117 2937 ἐλπίδος
3153 2874 3250 2943 (8).
3285 2877 3397 2946 ὅσῳ
3431 2877 3523 2948 τὴν
3547 2875 3688 2929 πίστιν

2174 2960 2280 3012 εἰσὶ
2323 2959 2676 3029 θερμότεροι,
2707 2961 2941 3032 τοσούτῳ
2975 2964 3424 3034 προσαντέστεροι
3458 2964 3527 3035 τῷ
3561 2964 3688 3035 λόγῳ,

521 3059 663 3108 nem,
707 3058 810 3097 non
851 3054 1028 3096 autem
1060 3043 1333 3114 pietatem,
1362 3042 1722 3097 obedientiam
1753 3059 1871 3099 esse
1902 3047 2073 3101 inter-

2184 3050 2278 3102 καὶ
2318 3049 2600 3120 προδοσίαν
2634 3051 2731 3121 τῆς
2758 3051 3012 3122 ἀληθείας
3030 3093 3044 3116 ,
3071 3053 3171 3106 οὐκ
3201 3055 3480 3109 εὐσέϐειαν
3512 3055 3596 3126 τὴν
3621 3057 3692 3110 eii-

521 3140 822 3204 pretantes,
849 3134 998 3204 prius
1025 3135 1205 3189 omnia
1235 3127 1581 3202 projec'crint,
1612 3151 1771 3205 quam
1797 3137 2078 3205 opiniones

521 3240 616 3281 cas
637 3241 770 3296 quas
798 3230 956 3280 domo
985 3243 1166 3282 secum
1214 3225 1476 3290 allerunt,
1515 3238 1566 3280 ct
1598 3229 1922 3297 dogmatum,
1959 3231 2078 3298 qni-

520 3321 622 3374 bus
657 3319 902 3374 innutriti
930 3328 1074 3382 sont,
1104 3320 1589 3374 consuetudinem:
1625 3329 1786 3389 atque
1823 3319 1910 3374 liic
1946 3321 2077 3376 alle-

517 3421 674 3475 ctus,
704 3409 769 3463 de
802 3424 906 3479 quo
935 3409 1105 3464 adhuc
1140 3409 1246 3481 32
1293 3411 1500 3482 loquor,
1529 3413 1948 3467 moderatiorum
1979 3414 2076 3466 lio-

520 3504 726 3558 minam
771 3518 888 3570 est,
932 3520 1031 3559 nec
1076 3517 1296 3577 prorsus
1343 3506 1640 3572 malorum,
1677 3505 1768 3575 qui
1805 3505 2016 3560 etiamsi
2047 3521 2076 3560 a

579 3619 969 3689 .(96).Καθαμῷ
1005 3621 1135 3691 γάρ.
1173 3632 1281 3676 etc.
1319 3621 1504 3676 Comb.
1537 3623 1615 3674 sic
1670 3621 1827 3674 vertit
1864 3640 1878 3676 :
1913 3639 1930 3671 ι
1961 3619 2085 3674 Puri

515 3695 666 3745 enim
690 3703 772 3748 est
800 3695 1060 3748 duntaxat
1098 3709 1218 3745 eum
1276 3695 1537 3758 attingere
1567 3693 1656 3755 qui
1691 3709 1852 3761 purus
1879 3701 1982 3752 est,
2035 3703 2087 3744 et

517 3765 707 3814 eodem
749 3779 806 3828 se.
835 3764 992 3813 modo
1023 3761 1203 3824 liabet,
1236 3783 1252 3813 ι
1293 3778 1480 3828 ιιιειιχμρ
1505 3761 1653 3824 Θεός.

576 3831 700 3899 ~(97)
732 3827 814 3887 Οὔ
843 3830 895 3884 δ’
923 3833 1146 3885 εἵνεκα.
1186 3833 1321 3886 lidit.
1353 3827 1426 3886 ὦ
1446 3831 1502 3884 δὲ
1535 3832 1736 3885 εἵνεκα.

589 3900 703 3968 (98)
734 3901 1110 3970 Κρουμάτων.
1133 3901 1206 3954 Ita
1237 3919 1423 3955 novem
1451 3900 1594 3967 liegg
1627 3941 1642 3964 ,
1673 3917 1762 3954 sex
1795 3899 2081 3963 Colb.,0r.

519 3972 574 4036 1,
601 3972 746 4044 Ιξιιςκ.
778 3985 830 4022 et
859 3973 1045 4044 (Intuli.
1087 3973 1181 4044 liii.
1216 3974 1433 4036 habent,
1457 3973 1839 4044 κρουσμάτων.

590 4042 701 4126 (99)
735 4039 1103 4111 Λαμπρῦναι.
1155 4042 1284 4112 Reg.
1317 4045 1412 4105 bu,
1449 4039 1582 4105 1.55.,
1613 4042 1762 4097 (Julb.
1787 4039 1916 4104 5,1,
1947 4040 2083 4112 λαμ-

512 4127 741 4166 πουναι.

561 4127 960 4251 ρῶαῖιανοίᾳ.
1026 4199 1044 4231 ι
1076 4179 1270 4242 Mente,
1297 4200 1314 4233 ι
1367 4181 1568 4246 malim,
1619 4180 2026 4248 «intelligentia.
2059 4200 2078 4233 ι

589 4250 666 4324 (ᾖ)
705 4250 922 4324 Πάντα.
948 4251 1101 4305 Colb.
1129 4251 1182 4315 b,
1217 4253 1353 4324 πρὸς
1385 4253 1608 4324 πάντα.Δ
1709 4320 1724 4324 Α
1838 4319 1886 4324 _A
2041 4322 2049 4324 ᾗ
2105 4311 2109 4314 _

590 4319 666 4392 (5)
708 4321 1094 4392 ἰξνελὰμφθψ
1147 4319 1277 4390 Ιὶιεεζ
1313 4328 1404 4385 Ιιυ,
1431 4320 1791 4392 ἐνελλάαφθη.
1832 4319 1923 4377 Sic
1947 4322 2084 4376 scri-

520 4400 716 4464 pserat
734 4391 916 4464 llillius
947 4391 1190 4464 tallerv.

593 4461 668 4531 (4)
702 4461 963 4532 Ὁμοίως.
1001 4459 1498 4516 MonctGabriclius
1537 4462 1637 4515 ltac
1664 4475 1813 4523 voce,
1852 4479 1871 4512 ι
1897 4475 2074 4532 mqua-

518 4531 726 4588 litatem
757 4546 1135 4600 usquequaque
1188 4547 1291 4585 non
1353 4532 1677 4601 signiﬁcari;
1726 4531 2081 4599 quemadmo-

520 4606 646 4655 dum
682 4617 778 4656 nec
803 4602 853 4654 iu
881 4610 1012 4671 orat
1054 4602 1118 4654 de
1153 4616 1333 4654 amore
1360 4619 1480 4670 erga
1510 4616 1765 4671 pauperes
1795 4621 1812 4652 ›
1837 4619 1850 4654 :
1878 4601 2083 4665 Πάντες

515 4671 723 4743 πτωχοὶ
755 4671 950 4743 ὁμοίως
977 4670 1215 4728 ἐλεεινοί.
1266 4673 1364 4726 Alii
1402 4677 1544 4727 enim
1581 4673 1696 4725 aliis
1719 4683 1842 4725 sunt
1863 4673 2083 4726 misera-

515 4740 760 4807 biliores,
789 4740 881 4795 'sed
911 4759 1095 4795 eorum
1130 4743 1304 4812 nullus
1337 4754 1444 4805 est,
1485 4744 1573 4812 qui
1595 4811 1599 4812 ν
1625 4757 1734 4812 non
1777 4743 1952 4810 aliqua
1985 4743 2083 4795 mi-

517 4812 814 4866 sericordia
843 4815 1036 4880 dignus
1057 4814 1148 4868 sit.
1197 4811 1348 4867 Licet
1395 4810 1523 4879 ergo
1555 4811 1672 4880 plus
1693 4810 1958 4866 claudicet
1985 4825 2078 4864 ve.-

517 4884 672 4946 ritas,
705 4883 749 4936 ei
794 4882 846 4936 in
882 4884 1087 4938 duobus
1111 4891 1202 4936 aut
1240 4882 1481 4938 ctiam‘si
1535 4884 1584 4936 in
1620 4883 1788 4938 tribus
1815 4881 2079 4944 offendas,

513 4966 680 5070 Ἰιιιηιι
706 4953 752 5007 si
777 4953 827 5006 in
856 4969 995 5007 uno:
1028 4968 1183 5022 {eque
1208 4963 1382 5006 tamen
1408 4956 1474 5007 ad
1501 4951 1831 5007 ellicieudum
1860 4961 1915 5003 nt
1943 4949 2080 5004 elau-
2105 5008 2107 5012 ,

519 5041 533 5070 ι
561 5023 684 5070 ῑοιει-
711 5023 950 5070 satisque
975 5031 1082 5070 est.
1142 5023 1186 5070 si
1225 5022 1305 5070 vel
1338 5024 1426 5070 nni
1471 5034 1673 5070 tantum
1712 5039 1742 5070 ρ
1776 5022 1944 5070 tribus
1977 5023 2076 5070 im-

519 5022 684 5146 ilgcel,
711 5023 950 5092 satisque
975 5031 1082 5087 est,
1142 5023 1186 5077 si
1225 5022 1305 5076 vel
1338 5024 1426 5077 uni
1471 5034 1673 5077 tantum
1712 5039 1742 5076 e
1776 5022 1944 5076 tribus
1977 5023 2076 5074 im-

519 5106 551 5146 D
578 5109 724 5146 nitas.

578 5109 724 5162 ngas.

512 5106 724 5163 ptngas.

598 5163 668 5230 ’5)
708 5164 827 5216 Ὅτι
853 5163 949 5216 καί
984 5161 1035 5218 ὅ.
1065 5162 1221 5216 Deest
1258 5163 1285 5216 ὅ
1312 5164 1363 5216 in
1389 5162 1545 5215 duob.
1577 5161 1727 5215 Colb.

591 5235 663 5302 (ti)
707 5231 902 5288 Ἠτῶν
919 5233 1261 5288 ἀκουόντων
1283 5231 1575 5287 εὐλάϐεια.
1624 5231 1801 5285 Pietas
1838 5231 2077 5298 religiosa

515 5304 802 5365 demissos,
829 5304 1208 5372 obsequentes,
1232 5315 1284 5356 et
1306 5306 1442 5357 citra
1466 5302 1830 5356 curiositatem
1858 5306 2077 5372 ιιιιιΙιιξιι·

518 5383 601 5425 tes
636 5375 877 5428 homines
933 5371 1126 5435 reddit,
1178 5390 1299 5426 cum
1350 5375 1416 5426 de
1464 5373 1723 5431 moribus,
1762 5373 1827 5424 de
1847 5371 2076 5438 judicio,

519 5446 837 5512 ueterisque
893 5443 1191 5506 huiusmodi
1247 5459 1423 5496 sermo
1470 5453 1590 5506 est;
1651 5457 1833 5495 verum
1890 5443 2076 5493 eadem

521 5516 694 5582 pietas
732 5527 826 5568 eos
848 5514 1011 5567 ellieit
1056 5514 1400 5582 suspiciosos,
1439 5513 1702 5582 curiosos,
1743 5521 1947 5582 cautos,
1993 5525 2078 5564 re-

518 5581 804 5648 luctantes,
831 5583 874 5636 si
902 5583 1023 5652 quis
1055 5583 1121 5637 dc
1147 5581 1306 5636 rebus
1331 5583 1452 5636 lidei
1487 5581 1742 5652 disputet.
1785 5599 1802 5629 ι
1832 5581 1940 5634 lloc
1973 5595 2070 5631 au-

517 5661 624 5706 tem
650 5671 708 5706 ea
745 5651 950 5706 ratione
977 5655 1051 5713 tit,
1079 5672 1096 5703 ι
1135 5652 1306 5721 inquit
1335 5653 1496 5718 Elias,
1534 5651 1628 5720 qui
1660 5651 1774 5721 luec
1804 5653 2074 5710 observat,

521 5738 544 5772 ς
571 5724 712 5793 quod
749 5721 858 5778 illic
915 5724 1129 5794 quidem
1156 5720 1220 5779 et
1257 5725 1443 5780 morali
1481 5720 1761 5793 disciplina
1797 5722 2072 5774 utilitatem
2112 5753 2117 5758 ι

2107 4432 2150 4486 D

2181 3140 2423 3193 πείθειαν
2476 3140 2972 3211 ὑπολαμϐάνοντες,
3030 3143 3206 3199 πάντα
3265 3147 3497 3217 πρόοιντ’
3537 3146 3604 3214 (9)
3641 3145 3690 3200 ἂν

2173 3233 2433 3304 πρότερον
2455 3232 2488 3302 ἦ
2515 3234 2640 3295 τοὺς
2658 3233 2863 3286 οἴκοθεν
2895 3232 3202 3305 λογισμοὺς,
3238 3236 3351 3304 (10)
3372 3280 3386 3304 ,
3407 3237 3518 3308 μεθ’
3541 3230 3605 3291 ὧν
3625 3236 3692 3308 ἐρ-

2171 3339 2372 3390 χονται.
2400 3323 2494 3374 καὶ
2517 3322 2623 3375 τῶν
2655 3322 2935 3392 δογμάτων
2967 3321 3046 3387 οἷς
3084 3328 3580 3398 συνανεστράιρησαν
3606 3325 3691 3394 (ll)

2169 3413 2267 3484 τὴν
2295 3412 2595 3484 συνήθειαν·
2615 3413 2707 3466 καὶ
2733 3413 2889 3467 τοῦτο
2912 3414 2987 3467 ἔτι
3012 3415 3155 3484 λέγω
3177 3417 3288 3487 (12)
3315 3418 3420 3471 τῶν
3447 3414 3692 3488 μετριωτέ-

2176 3521 2280 3576 ρων
2303 3503 2388 3557 κα)
2411 3503 2471 3556 ού
2494 3503 2665 3574 πάντη
2691 3504 2873 3558 κακῶν
2887 3506 2947 3559 τὸ
2963 3507 3148 3570 πάθος,
3177 3507 3224 3561 οἳ
3246 3507 3351 3562 κᾶν
3370 3507 3469 3578 τῆς
3486 3505 3693 3578 ἀληθείας

2181 3622 2323 3675 omni
2351 3622 2585 3687 pericqu
2617 3637 2835 3676 vacuam
2891 3623 2959 3678 ad
3010 3639 3068 3676 se
3112 3638 3336 3678 manare
3366 3621 3692 3691 conspiciunt;

2182 3691 2302 3745 istic
2326 3706 2471 3754 vero,
2503 3692 2568 3745 de
2615 3707 2709 3761 spe
2755 3693 2976 3760 ipsaque
3002 3693 3176 3746 salute
3226 3701 3519 3755 certantes,
3569 3706 3691 3746 suam

2181 3762 2415 3828 ipsorum
2445 3761 2829 3828 obedientiam,
2859 3763 2978 3816 lidei
3010 3764 3367 3831 proditionem
3391 3761 3691 3825 existimant;

2180 3832 2316 3902 unde
2357 3834 2413 3884 lit
2467 3841 2526 3883 ut
2562 3832 2718 3887 citius
2751 3833 2961 3900 quidvis
3019 3832 3353 3902 prodiderint
3395 3842 3693 3900 contempse-

2181 3900 2414 3972 rintque,
2453 3917 2610 3972 quam
2639 3915 2730 3954 eas
2787 3900 3101 3961 sententias,
3154 3918 3289 3972 quas
3342 3902 3500 3955 domo
3543 3914 3691 3972 secum

2179 3971 2425 4035 alferuut,
2473 3985 2536 4023 ac
2564 3971 2870 4037 dogmatum
2930 3986 3136 4034 eorum,
3173 3970 3468 4040 inquibus
3517 3970 3688 4026 educati

2179 4050 2322 4103 sntit,
2378 4041 2887 4110 consuetudinem.)
2942 4041 2999 4096 In
3051 4042 3140 4094 bis
3164 4041 3312 4103 Elim,
3364 4052 3520 4110 atque
3565 4040 3692 4110 etiam

2179 4110 2420 4178 Gregorii
2451 4109 2645 4175 \erbis,
2675 4111 2880 4165 tradita:
2902 4111 3064 4166 semel
3089 4113 3289 4166 Sanctis
3321 4109 3448 4165 lidei
3469 4109 3694 4163 mutanda

2181 4180 2600 4245 impossibilitas,
2644 4191 2700 4233 ut
2731 4182 2802 4234 ita
2835 4183 3028 4244 dicam,
3065 4181 3384 4237 mirabiliter
3411 4181 3604 4244 elucet;
3632 4189 3694 4232 at-

2181 4263 2285 4316 que
2303 4252 2463 4305 etiam
2495 4252 2560 4303 ab
2594 4252 2888 4315 erroribus,
2928 4253 3120 4320 quibus
3161 4267 3312 4305 mens
3332 4252 3502 4308 semel
3528 4251 3694 4306 imbuta

2181 4330 2284 4380 est,
2315 4320 2618 4388 emergendi
2646 4333 2844 4388 quanta
2869 4322 2936 4377 sit
2963 4320 3265 4376 dilIicultas.

2250 4388 2325 4460 (7)
2363 4390 2415 4442 Ὀ
2438 4387 2737 4460 κίνδυνός.
2784 4393 2936 4445 Deest
2969 4393 3016 4443 in
3053 4389 3160 4447 Jes.

2257 4455 2599 4534 (ὃληρὼτης
2624 4455 2811 4534 ξτᾶσιν
2853 4460 3119 4527 ἐλπίδος.
3166 4461 3326 4534 Coisl.
3365 4457 3695 4534 πρώτηςπάνι

2181 4547 2294 4601 των
2310 4529 2538 4594 ἐλπίδος.
2580 4549 2598 4580 ι
2625 4531 2800 4584 l’rima
2833 4547 2974 4600 spes,
3001 4551 3018 4583 ι
3061 4532 3229 4601 inquit
3259 4529 3420 4598 Elias,
3462 4552 3479 4582 ι
3505 4529 3695 4601 εὲιερεξ

2183 4600 2234 4653 in
2283 4599 2475 4663 limini;
2515 4602 2768 4666 secunda,
2821 4595 2903 4655 est
2952 4595 3150 4654 saluti;
3180 4595 3568 4668 exspectatio.»
3611 4595 3692 4653 Sed

2185 4682 2379 4725 rectius
2403 4669 2567 4723 G'llll'.
2619 4670 2710 4740 qui
2761 4672 2823 4723 ad
2857 4673 2967 4725 inec
3001 4674 3185 4724 eadem
3234 4677 3394 4726 verba
3429 4674 3502 4726 ait
3539 4688 3552 4724 :
3589 4669 3693 4740 illa

2182 4743 2444 4807 appellare
2473 4735 3090 4810 eonsuEvitffl‘ltcologns
3124 4743 3395 4796 excelsum
3428 4742 3564 4796 illam
3588 4735 3691 4791 Tri-

2183 4819 2425 4880 nitatem,
2478 4807 2710 4880 Patrem,
2763 4809 2952 4864 Filium
2998 4807 3062 4864 wet
3109 4812 3366 4880 Spiritum
3418 4821 3690 4866 sauctmun

2185 4879 2248 4931 Et
2272 4890 2353 4933 est
2393 4896 2514 4934 vere
2554 4881 2638 4933 hic
2671 4879 2912 4946 Gregorii
2937 4879 3232 4946 sensus,ut
3265 4885 3378 4950 ipse
3403 4882 3692 4950 exponitur.

2183 4965 2351 5012 χχιιι,
2386 4951 2454 5001 al.
2493 4965 2635 5011 χχιι,
2670 4950 2744 5004 De
2771 4953 3120 5004 moderatione
3143 4948 3396 5004 seruanda
3429 4967 3447 5004 :
3482 4949 3549 5004 Τὸ
3574 4948 3696 5018 μέγιξ·

2183 5036 2325 5086 στον,
2361 5022 2394 5091 ἡ
2424 5020 2651 5091 Πατρὶς,
2681 5021 2776 5073 καὶ
2798 5021 2947 5082 Υίοῦ,
2977 5021 3069 5073 καὶ
3100 5022 3253 5090 ἁγίου
3292 5013 3592 5090 Πνεύματος
3608 5013 3697 5091 ἑτῖίτ

2110 5151 2112 5153 _
2181 5085 2396 5156 γνωσις,
2425 5092 2516 5171 καὶ
2542 5085 2913 5176 ὀμολογίαίτῆς
2933 5085 3158 5176 ,πρώτης
3189 5085 3594 5176 ἡμῶνΗέλᾶτίδος.
3621 5085 3694 5136 illi

2180 5167 2320 5227 quod
2353 5161 2642 5214 maximum
2667 5174 2770 5223 est,
2802 5161 2996 5228 Patris,
3020 5176 3072 5216 et
3093 5161 3239 5225 Filii,
3270 5174 3323 5217 et
3347 5163 3573 5229 Spiritus
3599 5171 3695 5211 sano

2180 5232 2250 5283 cti
2281 5232 2533 5300 cognitio,
2569 5232 2940 5300 conl'essioque
2970 5234 3157 5300 prima:
3191 5244 3385 5288 nostra:
3418 5233 3553 5286 lidei.
3578 5247 3594 5278 ι

2249 5299 2324 5373 (9)
2353 5300 2634 5373 deozrt‘.
2664 5299 2792 5373 Reg.
2828 5317 2875 5364 Ζ.
2909 5299 3174 5373 πρόειντο.

2251 5317 2324 5370 ιιι)
2353 5317 2634 5367 ιιροοιντ.
2664 5317 2792 5424 ηεξ.
2828 5317 2875 5364 z.
2909 5317 3174 5373 προειντο.

2251 5372 2363 5444 till)
2400 5372 2724 5439 Ἕρχονται.
2775 5372 2886 5444 ieg.
2921 5375 2967 5437 l,
2991 5373 3272 5444 ἐρχωνται.

2249 5441 2359 5511 (11)
2407 5441 3185 5511 Συνανεστράφησανξίἰεε.
3221 5445 3260 5507 l,
3307 5441 3495 5496 Comb.
3539 5451 3698 5492 MM-

2177 5513 2511 5584 ετράρησαν,
2533 5529 2649 5584 quae
2681 5514 2860 5584 forsan
2889 5522 2974 5584 est
2994 5530 3242 5582 germana
3270 5512 3445 5584 lectio.

2248 5581 2358 5650 (l2)
2377 5581 2498 5638 Καὶ
2539 5581 2712 5650 τοῦτρ
2741 5583 2826 5646 ἐτι
2860 5581 3032 5654 λέγω.
3075 5585 3257 5641 Camb.
3287 5601 3306 5636 ι
3325 5583 3479 5639 Addo
3504 5587 3698 5652 prater-

2177 5669 2255 5708 Ca.
2285 5673 2306 5704 ι,
