  <div class='ocr_page' id='page_1' title='image "/cluster/home/n/w/nwhite01/storage/ocr_20150623/35/hvd.32044024473308/235.png"; bbox 0 0 3832 6394; ppageno 0'>
   <div class='ocr_carea' id='block_1_1' title="bbox 541 298 640 353">
    <p class='ocr_par' dir='ltr' id='par_1_1' title="bbox 541 298 640 353">
     <span class='ocr_line' id='line_1_1' title="bbox 541 298 640 353; baseline 0.03 -3"><span class='ocrx_word' id='word_1_1' title='bbox 541 298 640 353; x_wconf 63' lang='grc' dir='ltr'>4ᾲο</span> 
     </span>
    </p>
   </div>
   <div class='ocr_carea' id='block_1_2' title="bbox 1755 306 3691 394">
    <p class='ocr_par' dir='ltr' id='par_1_2' title="bbox 1755 306 3691 394">
     <span class='ocr_line' id='line_1_2' title="bbox 1755 306 3691 394; baseline 0.019 -36"><span class='ocrx_word' id='word_1_2' title='bbox 1755 306 1810 358; x_wconf 92' lang='lat' dir='ltr'><strong>S.</strong></span> <span class='ocrx_word' id='word_1_3' title='bbox 1853 306 2184 364; x_wconf 78' lang='lat' dir='ltr'><strong>GREGOHII</strong></span> <span class='ocrx_word' id='word_1_4' title='bbox 2226 311 2567 371; x_wconf 79' lang='lat' dir='ltr'><strong>THEOLOGI</strong></span> <span class='ocrx_word' id='word_1_5' title='bbox 3616 340 3691 394; x_wconf 70' lang='grc' dir='ltr'>ιιι</span> 
     </span>
    </p>
   </div>
   <div class='ocr_carea' id='block_1_3' title="bbox 541 417 2055 511">
    <p class='ocr_par' dir='ltr' id='par_1_3' title="bbox 541 417 2055 493">
     <span class='ocr_line' id='line_1_3' title="bbox 541 417 2055 493; baseline 0.005 -24"><span class='ocrx_word' id='word_1_6' title='bbox 541 432 678 488; x_wconf 85' lang='lat' dir='ltr'><strong>quc,</strong></span> <span class='ocrx_word' id='word_1_7' title='bbox 715 418 813 471; x_wconf 86' lang='lat' dir='ltr'><strong>nisi</strong></span> <span class='ocrx_word' id='word_1_8' title='bbox 863 417 1067 489; x_wconf 79' lang='lat' dir='ltr'><strong>magnis</strong></span> <span class='ocrx_word' id='word_1_9' title='bbox 1111 418 1355 473; x_wconf 80' lang='lat' dir='ltr'><strong>laudibus</strong></span> <span class='ocrx_word' id='word_1_10' title='bbox 1396 418 1682 475; x_wconf 68' lang='lat' dir='ltr'><strong>elferamur</strong></span> <span class='ocrx_word' id='word_1_11' title='bbox 1708 422 1815 492; x_wconf 81' lang='lat'><strong>37</strong></span> <span class='ocrx_word' id='word_1_12' title='bbox 1856 423 2055 493; x_wconf 86' lang='lat' dir='ltr'><strong>indign:</strong></span> 
     </span>
    </p>
   </div>
   <div class='ocr_carea' id='block_1_4' title="bbox 2165 417 3692 511">
    <p class='ocr_par' dir='ltr' id='par_1_4' title="bbox 2165 428 3692 511">
     <span class='ocr_line' id='line_1_4' title="bbox 2165 428 3692 511; baseline 0.013 -32"><span class='ocrx_word' id='word_1_13' title='bbox 2165 443 2179 487; x_wconf 70' lang='grc' dir='ltr'>ι</span> <span class='ocrx_word' id='word_1_14' title='bbox 2208 428 2484 501; x_wconf 82' lang='grc' dir='ltr'>ὀνείρατα·</span> <span class='ocrx_word' id='word_1_15' title='bbox 2516 433 2608 485; x_wconf 78' lang='grc' dir='ltr'><strong>καὶ</strong></span> <span class='ocrx_word' id='word_1_16' title='bbox 2637 432 3075 505; x_wconf 81' lang='grc' dir='ltr'>ἁγανακτοίημεν</span> <span class='ocrx_word' id='word_1_17' title='bbox 3102 435 3187 498; x_wconf 84' lang='grc' dir='ltr'><strong>ἂν,</strong></span> <span class='ocrx_word' id='word_1_18' title='bbox 3208 437 3255 487; x_wconf 88' lang='grc' dir='ltr'><strong>εί</strong></span> <span class='ocrx_word' id='word_1_19' title='bbox 3291 435 3364 505; x_wconf 82' lang='grc' dir='ltr'><strong>μὴ</strong></span> <span class='ocrx_word' id='word_1_20' title='bbox 3392 440 3562 511; x_wconf 62' lang='grc' dir='ltr'>σφόδρα</span> <span class='ocrx_word' id='word_1_21' title='bbox 3583 444 3692 503; x_wconf 77' lang='grc' dir='ltr'>ἒπαι·</span> 
     </span>
    </p>
   </div>
   <div class='ocr_carea' id='block_1_5' title="bbox 541 508 2099 583">
    <p class='ocr_par' dir='ltr' id='par_1_5' title="bbox 541 508 2099 583">
     <span class='ocr_line' id='line_1_5' title="bbox 541 508 2099 583; baseline 0.004 -22"><span class='ocrx_word' id='word_1_22' title='bbox 541 511 680 562; x_wconf 91' lang='lat' dir='ltr'><strong>tione</strong></span> <span class='ocrx_word' id='word_1_23' title='bbox 718 508 997 563; x_wconf 85' lang='lat' dir='ltr'><strong>allicimur.</strong></span> <span class='ocrx_word' id='word_1_24' title='bbox 1046 509 1217 578; x_wconf 80' lang='lat' dir='ltr'><strong>Atque</strong></span> <span class='ocrx_word' id='word_1_25' title='bbox 1266 511 1416 574; x_wconf 68' lang='lat' dir='ltr'><strong>haec,</strong></span> <span class='ocrx_word' id='word_1_26' title='bbox 1463 511 1554 580; x_wconf 87' lang='lat' dir='ltr'><strong>qui</strong></span> <span class='ocrx_word' id='word_1_27' title='bbox 1589 510 1929 583; x_wconf 79' lang='lat' dir='ltr'><strong>benigniores</strong></span> <span class='ocrx_word' id='word_1_28' title='bbox 1960 514 2099 569; x_wconf 82' lang='lat' dir='ltr'><strong>inter</strong></span> 
     </span>
    </p>
   </div>
   <div class='ocr_carea' id='block_1_6' title="bbox 537 600 2098 676">
    <p class='ocr_par' dir='ltr' id='par_1_6' title="bbox 537 600 2098 676">
     <span class='ocr_line' id='line_1_6' title="bbox 537 600 2098 676; baseline 0.004 -23"><span class='ocrx_word' id='word_1_29' title='bbox 537 615 635 653; x_wconf 89' lang='lat' dir='ltr'><strong>uos</strong></span> <span class='ocrx_word' id='word_1_30' title='bbox 670 609 720 653; x_wconf 89' lang='lat' dir='ltr'><strong>et</strong></span> <span class='ocrx_word' id='word_1_31' title='bbox 759 600 1111 668; x_wconf 84' lang='lat' dir='ltr'><strong>simpliciores</strong></span> <span class='ocrx_word' id='word_1_32' title='bbox 1141 610 1264 655; x_wconf 91' lang='lat' dir='ltr'><strong>sunt</strong></span> <span class='ocrx_word' id='word_1_33' title='bbox 1301 619 1315 655; x_wconf 88' lang='lat'><strong>:</strong></span> <span class='ocrx_word' id='word_1_34' title='bbox 1350 603 1476 671; x_wconf 90' lang='lat' dir='ltr'><strong>quid</strong></span> <span class='ocrx_word' id='word_1_35' title='bbox 1507 618 1666 673; x_wconf 91' lang='lat' dir='ltr'><strong>porro</strong></span> <span class='ocrx_word' id='word_1_36' title='bbox 1711 605 1745 658; x_wconf 89' lang='lat' dir='ltr'><strong>ii</strong></span> <span class='ocrx_word' id='word_1_37' title='bbox 1796 605 1883 674; x_wconf 89' lang='lat' dir='ltr'><strong>qui</strong></span> <span class='ocrx_word' id='word_1_38' title='bbox 1930 606 2098 676; x_wconf 88' lang='lat' dir='ltr'><strong>magis</strong></span> 
     </span>
    </p>
   </div>
   <div class='ocr_carea' id='block_1_7' title="bbox 534 696 2094 768">
    <p class='ocr_par' dir='ltr' id='par_1_7' title="bbox 534 696 2094 768">
     <span class='ocr_line' id='line_1_7' title="bbox 534 696 2094 768; baseline 0.004 -19"><span class='ocrx_word' id='word_1_39' title='bbox 534 696 844 765; x_wconf 88' lang='lat' dir='ltr'><strong>spirituales</strong></span> <span class='ocrx_word' id='word_1_40' title='bbox 874 709 999 750; x_wconf 88' lang='lat' dir='ltr'><strong>sunt</strong></span> <span class='ocrx_word' id='word_1_41' title='bbox 1019 736 1033 761; x_wconf 94' lang='lat'><strong>,</strong></span> <span class='ocrx_word' id='word_1_42' title='bbox 1067 712 1128 751; x_wconf 90' lang='lat' dir='ltr'><strong>ac</strong></span> <span class='ocrx_word' id='word_1_43' title='bbox 1156 698 1567 768; x_wconf 85' lang='lat' dir='ltr'><strong>generosiores?</strong></span> <span class='ocrx_word' id='word_1_44' title='bbox 1606 698 1828 754; x_wconf 83' lang='lat' dir='ltr'><strong>Multum</strong></span> <span class='ocrx_word' id='word_1_45' title='bbox 1875 716 1971 756; x_wconf 92' lang='lat' dir='ltr'><strong>nos</strong></span> <span class='ocrx_word' id='word_1_46' title='bbox 1991 738 2008 767; x_wconf 95' lang='lat'><strong>,</strong></span> <span class='ocrx_word' id='word_1_47' title='bbox 2051 702 2094 756; x_wconf 89' lang='lat' dir='ltr'><strong>si</strong></span> 
     </span>
    </p>
   </div>
   <div class='ocr_carea' id='block_1_8' title="bbox 533 785 2091 859">
    <p class='ocr_par' dir='ltr' id='par_1_8' title="bbox 533 785 2091 859">
     <span class='ocr_line' id='line_1_8' title="bbox 533 785 2091 859; baseline 0.005 -18"><span class='ocrx_word' id='word_1_48' title='bbox 533 785 609 842; x_wconf 85' lang='lat' dir='ltr'><strong>ita</strong></span> <span class='ocrx_word' id='word_1_49' title='bbox 648 789 814 840; x_wconf 80' lang='lat' dir='ltr'><strong>visum</strong></span> <span class='ocrx_word' id='word_1_50' title='bbox 849 786 1046 853; x_wconf 83' lang='lat' dir='ltr'><strong>fuerit,</strong></span> <span class='ocrx_word' id='word_1_51' title='bbox 1072 789 1491 846; x_wconf 88' lang='lat' dir='ltr'><strong>condemnantes</strong></span> <span class='ocrx_word' id='word_1_52' title='bbox 1512 802 1563 847; x_wconf 92' lang='lat' dir='ltr'><strong>et</strong></span> <span class='ocrx_word' id='word_1_53' title='bbox 1584 800 1841 848; x_wconf 74' lang='lat' dir='ltr'><strong>vexantes</strong></span> <span class='ocrx_word' id='word_1_54' title='bbox 1860 834 1875 859; x_wconf 91' lang='lat'><strong>,</strong></span> <span class='ocrx_word' id='word_1_55' title='bbox 1906 808 1969 849; x_wconf 91' lang='lat' dir='ltr'><strong>ac</strong></span> <span class='ocrx_word' id='word_1_56' title='bbox 1989 795 2091 849; x_wconf 91' lang='lat' dir='ltr'><strong>mi-</strong></span> 
     </span>
    </p>
   </div>
   <div class='ocr_carea' id='block_1_9' title="bbox 532 878 2093 949">
    <p class='ocr_par' dir='ltr' id='par_1_9' title="bbox 532 878 2093 949">
     <span class='ocr_line' id='line_1_9' title="bbox 532 878 2093 949; baseline 0.006 -18"><span class='ocrx_word' id='word_1_57' title='bbox 532 879 670 933; x_wconf 89' lang='lat' dir='ltr'><strong>seris</strong></span> <span class='ocrx_word' id='word_1_58' title='bbox 707 878 877 935; x_wconf 91' lang='lat' dir='ltr'><strong>modis</strong></span> <span class='ocrx_word' id='word_1_59' title='bbox 921 880 1289 949; x_wconf 85' lang='lat' dir='ltr'><strong>exagitantes,</strong></span> <span class='ocrx_word' id='word_1_60' title='bbox 1320 898 1420 937; x_wconf 90' lang='lat' dir='ltr'><strong>nec</strong></span> <span class='ocrx_word' id='word_1_61' title='bbox 1466 883 1582 937; x_wconf 85' lang='lat' dir='ltr'><strong>loco</strong></span> <span class='ocrx_word' id='word_1_62' title='bbox 1631 883 1738 938; x_wconf 91' lang='lat' dir='ltr'><strong>ullo</strong></span> <span class='ocrx_word' id='word_1_63' title='bbox 1769 899 1831 939; x_wconf 91' lang='lat' dir='ltr'><strong>ac</strong></span> <span class='ocrx_word' id='word_1_64' title='bbox 1872 900 2093 941; x_wconf 89' lang='lat' dir='ltr'><strong>numero</strong></span> 
     </span>
    </p>
   </div>
   <div class='ocr_carea' id='block_1_10' title="bbox 530 972 2092 1041">
    <p class='ocr_par' dir='ltr' id='par_1_10' title="bbox 530 972 2092 1041">
     <span class='ocr_line' id='line_1_10' title="bbox 530 972 2092 1041; baseline 0.006 -17"><span class='ocrx_word' id='word_1_65' title='bbox 530 980 821 1041; x_wconf 85' lang='lat' dir='ltr'><strong>ponentes,</strong></span> <span class='ocrx_word' id='word_1_66' title='bbox 873 972 1201 1041; x_wconf 90' lang='lat' dir='ltr'><strong>abscedunt,</strong></span> <span class='ocrx_word' id='word_1_67' title='bbox 1250 974 1560 1029; x_wconf 90' lang='lat' dir='ltr'><strong>societatem</strong></span> <span class='ocrx_word' id='word_1_68' title='bbox 1617 984 1896 1041; x_wconf 90' lang='lat' dir='ltr'><strong>nostram,</strong></span> <span class='ocrx_word' id='word_1_69' title='bbox 1946 976 2092 1034; x_wconf 81' lang='lat' dir='ltr'><strong>velut</strong></span> 
     </span>
    </p>
   </div>
   <div class='ocr_carea' id='block_1_11' title="bbox 529 1062 1635 1135">
    <p class='ocr_par' dir='ltr' id='par_1_11' title="bbox 529 1062 1635 1135">
     <span class='ocr_line' id='line_1_11' title="bbox 529 1062 1635 1135; baseline 0.005 -18"><span class='ocrx_word' id='word_1_70' title='bbox 529 1062 668 1117; x_wconf 83' lang='lat' dir='ltr'><strong>haud</strong></span> <span class='ocrx_word' id='word_1_71' title='bbox 701 1064 910 1133; x_wconf 91' lang='lat' dir='ltr'><strong>piorum</strong></span> <span class='ocrx_word' id='word_1_72' title='bbox 946 1064 1220 1119; x_wconf 87' lang='lat' dir='ltr'><strong>hominum</strong></span> <span class='ocrx_word' id='word_1_73' title='bbox 1261 1076 1635 1135; x_wconf 74' lang='lat' dir='ltr'><strong>aspernantes.</strong></span> 
     </span>
    </p>
   </div>
   <div class='ocr_carea' id='block_1_12' title="bbox 595 1155 2086 1225">
    <p class='ocr_par' dir='ltr' id='par_1_12' title="bbox 595 1155 2086 1225">
     <span class='ocr_line' id='line_1_12' title="bbox 595 1155 2086 1225; baseline 0.002 -15"><span class='ocrx_word' id='word_1_74' title='bbox 595 1156 657 1210; x_wconf 90' lang='lat' dir='ltr'><strong>L.</strong></span> <span class='ocrx_word' id='word_1_75' title='bbox 712 1155 860 1222; x_wconf 88' lang='lat' dir='ltr'><strong>Quod</strong></span> <span class='ocrx_word' id='word_1_76' title='bbox 904 1156 946 1211; x_wconf 93' lang='lat' dir='ltr'><strong>si</strong></span> <span class='ocrx_word' id='word_1_77' title='bbox 996 1157 1227 1225; x_wconf 90' lang='lat' dir='ltr'><strong>cuipiam</strong></span> <span class='ocrx_word' id='word_1_78' title='bbox 1277 1174 1462 1212; x_wconf 90' lang='lat' dir='ltr'><strong>eorum</strong></span> <span class='ocrx_word' id='word_1_79' title='bbox 1510 1159 1747 1213; x_wconf 89' lang='lat' dir='ltr'><strong>dicamus</strong></span> <span class='ocrx_word' id='word_1_80' title='bbox 1784 1157 1977 1215; x_wconf 76' lang='lat' dir='ltr'><strong>leniter</strong></span> <span class='ocrx_word' id='word_1_81' title='bbox 2020 1162 2086 1215; x_wconf 90' lang='lat' dir='ltr'><strong>ad</strong></span> 
     </span>
    </p>
   </div>
   <div class='ocr_carea' id='block_1_13' title="bbox 528 1247 2085 1317">
    <p class='ocr_par' dir='ltr' id='par_1_13' title="bbox 528 1247 2085 1317">
     <span class='ocr_line' id='line_1_13' title="bbox 528 1247 2085 1317; baseline 0.002 -16"><span class='ocrx_word' id='word_1_82' title='bbox 528 1249 669 1301; x_wconf 87' lang='lat' dir='ltr'><strong>hunc</strong></span> <span class='ocrx_word' id='word_1_83' title='bbox 698 1247 934 1314; x_wconf 87' lang='lat' dir='ltr'><strong>modum,</strong></span> <span class='ocrx_word' id='word_1_84' title='bbox 962 1261 1025 1301; x_wconf 89' lang='lat' dir='ltr'><strong>ac</strong></span> <span class='ocrx_word' id='word_1_85' title='bbox 1053 1248 1384 1311; x_wconf 88' lang='lat' dir='ltr'><strong>disserendo,</strong></span> <span class='ocrx_word' id='word_1_86' title='bbox 1417 1263 1534 1303; x_wconf 91' lang='lat' dir='ltr'><strong>eum</strong></span> <span class='ocrx_word' id='word_1_87' title='bbox 1560 1248 1917 1317; x_wconf 90' lang='lat' dir='ltr'><strong>provehentes</strong></span> <span class='ocrx_word' id='word_1_88' title='bbox 1944 1267 1957 1303; x_wconf 91' lang='lat'><strong>:</strong></span> <span class='ocrx_word' id='word_1_89' title='bbox 1993 1251 2085 1305; x_wconf 92' lang='lat' dir='ltr'><strong>Dic</strong></span> 
     </span>
    </p>
   </div>
   <div class='ocr_carea' id='block_1_14' title="bbox 523 1339 2081 1411">
    <p class='ocr_par' dir='ltr' id='par_1_14' title="bbox 523 1339 2081 1411">
     <span class='ocr_line' id='line_1_14' title="bbox 523 1339 2081 1411; baseline 0.001 -17"><span class='ocrx_word' id='word_1_90' title='bbox 523 1340 675 1403; x_wconf 89' lang='lat' dir='ltr'><strong>mihi,</strong></span> <span class='ocrx_word' id='word_1_91' title='bbox 706 1339 787 1393; x_wconf 85' lang='lat' dir='ltr'><strong>vir</strong></span> <span class='ocrx_word' id='word_1_92' title='bbox 818 1339 1152 1405; x_wconf 90' lang='lat' dir='ltr'><strong>admirande,</strong></span> <span class='ocrx_word' id='word_1_93' title='bbox 1180 1354 1411 1395; x_wconf 88' lang='lat' dir='ltr'><strong>vocasne</strong></span> <span class='ocrx_word' id='word_1_94' title='bbox 1437 1340 1635 1411; x_wconf 91' lang='lat' dir='ltr'><strong>aliquid</strong></span> <span class='ocrx_word' id='word_1_95' title='bbox 1665 1340 1884 1407; x_wconf 89' lang='lat' dir='ltr'><strong>saltare,</strong></span> <span class='ocrx_word' id='word_1_96' title='bbox 1915 1350 1969 1397; x_wconf 91' lang='lat' dir='ltr'><strong>et</strong></span> <span class='ocrx_word' id='word_1_97' title='bbox 2011 1344 2081 1396; x_wconf 80' lang='lat' dir='ltr'><strong>ti-</strong></span> 
     </span>
    </p>
   </div>
   <div class='ocr_carea' id='block_1_15' title="bbox 521 1431 2073 1503">
    <p class='ocr_par' dir='ltr' id='par_1_15' title="bbox 521 1431 2073 1503">
     <span class='ocr_line' id='line_1_15' title="bbox 521 1431 2073 1503; baseline 0 -16"><span class='ocrx_word' id='word_1_98' title='bbox 521 1433 607 1487; x_wconf 89' lang='lat' dir='ltr'><strong>bia</strong></span> <span class='ocrx_word' id='word_1_99' title='bbox 645 1432 881 1488; x_wconf 85' lang='lat' dir='ltr'><strong>canere?</strong></span> <span class='ocrx_word' id='word_1_100' title='bbox 934 1431 1166 1486; x_wconf 81' lang='lat' dir='ltr'><strong>Maxime</strong></span> <span class='ocrx_word' id='word_1_101' title='bbox 1215 1447 1376 1496; x_wconf 88' lang='lat' dir='ltr'><strong>vero,</strong></span> <span class='ocrx_word' id='word_1_102' title='bbox 1422 1432 1645 1502; x_wconf 84' lang='lat' dir='ltr'><strong>inquiet.</strong></span> <span class='ocrx_word' id='word_1_103' title='bbox 1688 1432 1824 1500; x_wconf 89' lang='lat' dir='ltr'><strong>Quid</strong></span> <span class='ocrx_word' id='word_1_104' title='bbox 1860 1433 2073 1503; x_wconf 81' lang='lat' dir='ltr'><strong>sapien-</strong></span> 
     </span>
    </p>
   </div>
   <div class='ocr_carea' id='block_1_16' title="bbox 521 1522 2080 1592">
    <p class='ocr_par' dir='ltr' id='par_1_16' title="bbox 521 1522 2080 1592">
     <span class='ocr_line' id='line_1_16' title="bbox 521 1522 2080 1592; baseline -0.001 -14"><span class='ocrx_word' id='word_1_105' title='bbox 521 1524 667 1585; x_wconf 88' lang='lat' dir='ltr'><strong>tiam,</strong></span> <span class='ocrx_word' id='word_1_106' title='bbox 699 1534 750 1577; x_wconf 90' lang='lat' dir='ltr'><strong>et</strong></span> <span class='ocrx_word' id='word_1_107' title='bbox 780 1522 1073 1592; x_wconf 91' lang='lat' dir='ltr'><strong>sapientem</strong></span> <span class='ocrx_word' id='word_1_108' title='bbox 1098 1538 1239 1587; x_wconf 91' lang='lat' dir='ltr'><strong>esse,</strong></span> <span class='ocrx_word' id='word_1_109' title='bbox 1265 1524 1405 1592; x_wconf 84' lang='lat' dir='ltr'><strong>quod</strong></span> <span class='ocrx_word' id='word_1_110' title='bbox 1440 1539 1539 1579; x_wconf 88' lang='lat' dir='ltr'><strong>nos</strong></span> <span class='ocrx_word' id='word_1_111' title='bbox 1567 1524 1865 1577; x_wconf 86' lang='lat' dir='ltr'><strong>divinarum</strong></span> <span class='ocrx_word' id='word_1_112' title='bbox 1893 1525 2080 1579; x_wconf 86' lang='lat' dir='ltr'><strong>buma-</strong></span> 
     </span>
    </p>
   </div>
   <div class='ocr_carea' id='block_1_17' title="bbox 520 1613 2076 1685">
    <p class='ocr_par' dir='ltr' id='par_1_17' title="bbox 520 1613 2076 1685">
     <span class='ocr_line' id='line_1_17' title="bbox 520 1613 2076 1685; baseline 0.001 -17"><span class='ocrx_word' id='word_1_113' title='bbox 520 1629 815 1683; x_wconf 89' lang='lat' dir='ltr'><strong>narumque</strong></span> <span class='ocrx_word' id='word_1_114' title='bbox 863 1629 1040 1669; x_wconf 91' lang='lat' dir='ltr'><strong>rerum</strong></span> <span class='ocrx_word' id='word_1_115' title='bbox 1090 1614 1370 1669; x_wconf 85' lang='lat' dir='ltr'><strong>scientiam</strong></span> <span class='ocrx_word' id='word_1_116' title='bbox 1417 1613 1825 1669; x_wconf 74' lang='lat' dir='ltr'><strong>deﬁnimust</strong></span> <span class='ocrx_word' id='word_1_117' title='bbox 1861 1630 2076 1685; x_wconf 92' lang='lat' dir='ltr'><strong>quoque</strong></span> 
     </span>
    </p>
   </div>
   <div class='ocr_carea' id='block_1_18' title="bbox 516 1698 2069 1775">
    <p class='ocr_par' dir='ltr' id='par_1_18' title="bbox 516 1698 2069 1775">
     <span class='ocr_line' id='line_1_18' title="bbox 516 1698 2069 1775; baseline -0.001 -15"><span class='ocrx_word' id='word_1_118' title='bbox 516 1707 793 1760; x_wconf 86' lang='lat' dir='ltr'><strong>concedet.</strong></span> <span class='ocrx_word' id='word_1_119' title='bbox 827 1705 937 1774; x_wconf 85' lang='lat' dir='ltr'><strong>Age</strong></span> <span class='ocrx_word' id='word_1_120' title='bbox 980 1720 1105 1759; x_wconf 93' lang='lat' dir='ltr'><strong>vero</strong></span> <span class='ocrx_word' id='word_1_121' title='bbox 1153 1698 1409 1760; x_wconf 89' lang='lat' dir='ltr'><strong>censesne</strong></span> <span class='ocrx_word' id='word_1_122' title='bbox 1457 1716 1599 1760; x_wconf 90' lang='lat' dir='ltr'><strong>artes</strong></span> <span class='ocrx_word' id='word_1_123' title='bbox 1646 1706 1763 1761; x_wconf 88' lang='lat' dir='ltr'><strong>illas</strong></span> <span class='ocrx_word' id='word_1_124' title='bbox 1808 1706 2069 1775; x_wconf 89' lang='lat' dir='ltr'><strong>sapientia</strong></span> 
     </span>
    </p>
   </div>
   <div class='ocr_carea' id='block_1_19' title="bbox 2202 523 3690 598">
    <p class='ocr_par' dir='ltr' id='par_1_19' title="bbox 2202 523 3690 598">
     <span class='ocr_line' id='line_1_19' title="bbox 2202 523 3690 598; baseline 0.005 -23"><span class='ocrx_word' id='word_1_125' title='bbox 2202 523 2441 593; x_wconf 82' lang='grc' dir='ltr'>νοίμεθα.</span> <span class='ocrx_word' id='word_1_126' title='bbox 2470 524 2638 577; x_wconf 78' lang='grc' dir='ltr'>Τοῦτο</span> <span class='ocrx_word' id='word_1_127' title='bbox 2667 526 2824 596; x_wconf 78' lang='grc' dir='ltr'>ἡμῶν</span> <span class='ocrx_word' id='word_1_128' title='bbox 2865 528 2913 580; x_wconf 84' lang='grc' dir='ltr'><strong>οί</strong></span> <span class='ocrx_word' id='word_1_129' title='bbox 2948 527 3296 598; x_wconf 83' lang='grc' dir='ltr'>χρηστότεροι</span> <span class='ocrx_word' id='word_1_130' title='bbox 3341 528 3428 581; x_wconf 74' lang='grc' dir='ltr'><strong>καὶ</strong></span> <span class='ocrx_word' id='word_1_131' title='bbox 3462 533 3690 593; x_wconf 77' lang='grc' dir='ltr'>ἁπλούστε.</span> 
     </span>
    </p>
   </div>
   <div class='ocr_carea' id='block_1_20' title="bbox 2203 616 3691 696">
    <p class='ocr_par' dir='ltr' id='par_1_20' title="bbox 2203 616 3691 696">
     <span class='ocr_line' id='line_1_20' title="bbox 2203 616 3691 696; baseline 0.004 -29"><span class='ocrx_word' id='word_1_132' title='bbox 2203 632 2311 686; x_wconf 78' lang='grc' dir='ltr'>ροιο</span> <span class='ocrx_word' id='word_1_133' title='bbox 2342 616 2393 667; x_wconf 87' lang='grc' dir='ltr'><strong>τί</strong></span> <span class='ocrx_word' id='word_1_134' title='bbox 2423 616 2478 668; x_wconf 81' lang='grc' dir='ltr'>δὲ</span> <span class='ocrx_word' id='word_1_135' title='bbox 2507 619 2555 669; x_wconf 79' lang='grc' dir='ltr'><strong>οἱ</strong></span> <span class='ocrx_word' id='word_1_136' title='bbox 2588 619 2944 689; x_wconf 77' lang='grc' dir='ltr'>πνευματικοὶ</span> <span class='ocrx_word' id='word_1_137' title='bbox 2973 618 3082 691; x_wconf 88' lang='lat'><strong>(87)</strong></span> <span class='ocrx_word' id='word_1_138' title='bbox 3124 619 3322 690; x_wconf 79' lang='grc' dir='ltr'>μᾶλλον</span> <span class='ocrx_word' id='word_1_139' title='bbox 3352 618 3452 691; x_wconf 89' lang='grc'><strong>(88)</strong></span> <span class='ocrx_word' id='word_1_140' title='bbox 3480 627 3559 679; x_wconf 78' lang='grc' dir='ltr'>κα).</span> <span class='ocrx_word' id='word_1_141' title='bbox 3597 646 3691 696; x_wconf 76' lang='grc' dir='ltr'>γεν.</span> 
     </span>
    </p>
   </div>
   <div class='ocr_carea' id='block_1_21' title="bbox 2198 708 3693 783">
    <p class='ocr_par' dir='ltr' id='par_1_21' title="bbox 2198 708 3693 783">
     <span class='ocr_line' id='line_1_21' title="bbox 2198 708 3693 783; baseline 0.009 -22"><span class='ocrx_word' id='word_1_142' title='bbox 2198 708 2493 781; x_wconf 87' lang='grc' dir='ltr'>ναιὸτεροι;</span> <span class='ocrx_word' id='word_1_143' title='bbox 2559 711 2734 765; x_wconf 82' lang='grc' dir='ltr'>Πολλὰ</span> <span class='ocrx_word' id='word_1_144' title='bbox 2799 713 3225 783; x_wconf 85' lang='grc' dir='ltr'>κατακρίναντες</span> <span class='ocrx_word' id='word_1_145' title='bbox 3291 713 3456 782; x_wconf 79' lang='grc' dir='ltr'>ἡμᾶς,</span> <span class='ocrx_word' id='word_1_146' title='bbox 3500 717 3555 770; x_wconf 83' lang='grc' dir='ltr'>ἂν</span> <span class='ocrx_word' id='word_1_147' title='bbox 3588 720 3693 775; x_wconf 78' lang='grc' dir='ltr'>οὕτω</span> 
     </span>
    </p>
   </div>
   <div class='ocr_carea' id='block_1_22' title="bbox 2195 799 3694 882">
    <p class='ocr_par' dir='ltr' id='par_1_22' title="bbox 2195 799 3694 882">
     <span class='ocr_line' id='line_1_22' title="bbox 2195 799 3694 882; baseline 0.009 -31"><span class='ocrx_word' id='word_1_148' title='bbox 2195 799 2340 873; x_wconf 81' lang='grc' dir='ltr'>δόξῃ,</span> <span class='ocrx_word' id='word_1_149' title='bbox 2376 801 2469 853; x_wconf 78' lang='grc' dir='ltr'>καὶ</span> <span class='ocrx_word' id='word_1_150' title='bbox 2513 801 2919 871; x_wconf 83' lang='grc' dir='ltr'>βασανίσαντες,</span> <span class='ocrx_word' id='word_1_151' title='bbox 2954 804 3048 856; x_wconf 71' lang='grc' dir='ltr'>καὶ</span> <span class='ocrx_word' id='word_1_152' title='bbox 3085 802 3321 875; x_wconf 74' lang='grc' dir='ltr'>οὐδαμοῦ</span> <span class='ocrx_word' id='word_1_153' title='bbox 3353 802 3535 873; x_wconf 80' lang='grc' dir='ltr'><strong>θέντες,</strong></span> <span class='ocrx_word' id='word_1_154' title='bbox 3562 811 3694 882; x_wconf 73' lang='grc' dir='ltr'>ἀπῆλ-</span> 
     </span>
    </p>
   </div>
   <div class='ocr_carea' id='block_1_23' title="bbox 2196 887 3693 963">
    <p class='ocr_par' dir='ltr' id='par_1_23' title="bbox 2196 887 3693 963">
     <span class='ocr_line' id='line_1_23' title="bbox 2196 887 3693 963; baseline 0.009 -22"><span class='ocrx_word' id='word_1_155' title='bbox 2196 887 2306 954; x_wconf 85' lang='grc' dir='ltr'>θον,</span> <span class='ocrx_word' id='word_1_156' title='bbox 2362 890 2453 957; x_wconf 72' lang='grc' dir='ltr'><strong>καὶ</strong></span> <span class='ocrx_word' id='word_1_157' title='bbox 2506 891 2603 963; x_wconf 77' lang='grc' dir='ltr'>τὴν</span> <span class='ocrx_word' id='word_1_158' title='bbox 2654 896 2936 947; x_wconf 85' lang='grc' dir='ltr'>κοινωνίαν</span> <span class='ocrx_word' id='word_1_159' title='bbox 2971 896 3046 957; x_wconf 83' lang='grc' dir='ltr'>ὡς</span> <span class='ocrx_word' id='word_1_160' title='bbox 3084 896 3183 947; x_wconf 80' lang='grc' dir='ltr'><strong>οὐκ</strong></span> <span class='ocrx_word' id='word_1_161' title='bbox 3232 894 3463 949; x_wconf 78' lang='grc' dir='ltr'>εὐσεϐῶν</span> <span class='ocrx_word' id='word_1_162' title='bbox 3514 900 3693 959; x_wconf 79' lang='grc' dir='ltr'>διαπτύ-</span> 
     </span>
    </p>
   </div>
   <div class='ocr_carea' id='block_1_24' title="bbox 2195 996 2403 1047">
    <p class='ocr_par' dir='ltr' id='par_1_24' title="bbox 2195 996 2403 1047">
     <span class='ocr_line' id='line_1_24' title="bbox 2195 996 2403 1047; baseline 0.014 -15"><span class='ocrx_word' id='word_1_163' title='bbox 2195 996 2403 1047; x_wconf 85' lang='grc' dir='ltr'>σαντες.</span> 
     </span>
    </p>
   </div>
   <div class='ocr_carea' id='block_1_25' title="bbox 2259 1073 3693 1147">
    <p class='ocr_par' dir='ltr' id='par_1_25' title="bbox 2259 1073 3693 1147">
     <span class='ocr_line' id='line_1_25' title="bbox 2259 1073 3693 1147; baseline 0.007 -23"><span class='ocrx_word' id='word_1_164' title='bbox 2259 1073 2340 1124; x_wconf 89' lang='grc' dir='ltr'><strong>Ν’.</strong></span> <span class='ocrx_word' id='word_1_165' title='bbox 2382 1074 2477 1127; x_wconf 76' lang='lat' dir='ltr'><strong>“Av</strong></span> <span class='ocrx_word' id='word_1_166' title='bbox 2504 1074 2562 1127; x_wconf 85' lang='grc' dir='ltr'><em>δέ</em></span> <span class='ocrx_word' id='word_1_167' title='bbox 2590 1091 2691 1127; x_wconf 89' lang='grc' dir='ltr'>τινι</span> <span class='ocrx_word' id='word_1_168' title='bbox 2720 1073 2899 1128; x_wconf 76' lang='grc' dir='ltr'>αὐτῶν</span> <span class='ocrx_word' id='word_1_169' title='bbox 2932 1073 3176 1144; x_wconf 76' lang='grc' dir='ltr'>λέγωμεν</span> <span class='ocrx_word' id='word_1_170' title='bbox 3212 1074 3406 1127; x_wconf 71' lang='grc' dir='ltr'>οὕτωσ).</span> <span class='ocrx_word' id='word_1_171' title='bbox 3435 1079 3599 1147; x_wconf 83' lang='grc' dir='ltr'>πράως</span> <span class='ocrx_word' id='word_1_172' title='bbox 3622 1085 3693 1138; x_wconf 76' lang='grc' dir='ltr'><strong>καὶ</strong></span> 
     </span>
    </p>
   </div>
   <div class='ocr_carea' id='block_1_26' title="bbox 2189 1160 3692 1241">
    <p class='ocr_par' dir='ltr' id='par_1_26' title="bbox 2189 1160 3692 1241">
     <span class='ocr_line' id='line_1_26' title="bbox 2189 1160 3692 1241; baseline 0.005 -26"><span class='ocrx_word' id='word_1_173' title='bbox 2189 1164 2418 1231; x_wconf 82' lang='grc' dir='ltr'><strong>λογικῶς</strong></span> <span class='ocrx_word' id='word_1_174' title='bbox 2452 1164 2872 1237; x_wconf 77' lang='grc' dir='ltr'>προόιὸάζοντες</span> <span class='ocrx_word' id='word_1_175' title='bbox 2901 1166 3011 1235; x_wconf 91' lang='grc'>(89)</span> <span class='ocrx_word' id='word_1_176' title='bbox 3034 1183 3045 1195; x_wconf 81' lang='grc'><em>’</em></span> <span class='ocrx_word' id='word_1_177' title='bbox 3081 1166 3215 1218; x_wconf 81' lang='grc' dir='ltr'><strong>Είπὲ</strong></span> <span class='ocrx_word' id='word_1_178' title='bbox 3248 1183 3355 1235; x_wconf 85' lang='grc' dir='ltr'>μοι,</span> <span class='ocrx_word' id='word_1_179' title='bbox 3384 1160 3424 1220; x_wconf 78' lang='grc' dir='ltr'><strong>ὦ</strong></span> <span class='ocrx_word' id='word_1_180' title='bbox 3458 1168 3692 1241; x_wconf 68' lang='grc' dir='ltr'>θαυμάσιε,</span> 
     </span>
    </p>
   </div>
   <div class='ocr_carea' id='block_1_27' title="bbox 2188 1254 3695 1335">
    <p class='ocr_par' dir='ltr' id='par_1_27' title="bbox 2188 1254 3695 1335">
     <span class='ocr_line' id='line_1_27' title="bbox 2188 1254 3695 1335; baseline 0.006 -29"><span class='ocrx_word' id='word_1_181' title='bbox 2188 1254 2366 1318; x_wconf 81' lang='grc' dir='ltr'>καλεῖς</span> <span class='ocrx_word' id='word_1_182' title='bbox 2395 1273 2446 1307; x_wconf 87' lang='grc' dir='ltr'><strong>τι</strong></span> <span class='ocrx_word' id='word_1_183' title='bbox 2480 1256 2539 1308; x_wconf 86' lang='grc' dir='ltr'><strong>τὸ</strong></span> <span class='ocrx_word' id='word_1_184' title='bbox 2575 1254 2881 1327; x_wconf 78' lang='grc' dir='ltr'>ὀρχεῖσθαι,</span> <span class='ocrx_word' id='word_1_185' title='bbox 2923 1254 2981 1308; x_wconf 80' lang='grc' dir='ltr'>τό</span> <span class='ocrx_word' id='word_1_186' title='bbox 3011 1273 3069 1308; x_wconf 86' lang='grc' dir='ltr'><strong>τε</strong></span> <span class='ocrx_word' id='word_1_187' title='bbox 3113 1256 3328 1320; x_wconf 73' lang='grc' dir='ltr'>αὐλεῖν;</span> <span class='ocrx_word' id='word_1_188' title='bbox 3379 1257 3605 1335; x_wconf 49' lang='grc' dir='ltr'>Πάνυςγε</span> <span class='ocrx_word' id='word_1_189' title='bbox 3637 1264 3695 1315; x_wconf 82' lang='grc' dir='ltr'>εί-</span> 
     </span>
    </p>
   </div>
   <div class='ocr_carea' id='block_1_28' title="bbox 2185 1348 3691 1419">
    <p class='ocr_par' dir='ltr' id='par_1_28' title="bbox 2185 1348 3691 1419">
     <span class='ocr_line' id='line_1_28' title="bbox 2185 1348 3691 1419; baseline 0.005 -19"><span class='ocrx_word' id='word_1_190' title='bbox 2185 1365 2334 1401; x_wconf 84' lang='grc' dir='ltr'>ποιεν</span> <span class='ocrx_word' id='word_1_191' title='bbox 2377 1349 2459 1402; x_wconf 84' lang='grc' dir='ltr'><strong>ἄν.</strong></span> <span class='ocrx_word' id='word_1_192' title='bbox 2504 1350 2569 1401; x_wconf 92' lang='grc' dir='ltr'>Τί</span> <span class='ocrx_word' id='word_1_193' title='bbox 2615 1349 2703 1402; x_wconf 77' lang='grc' dir='ltr'><strong>δαὶ</strong></span> <span class='ocrx_word' id='word_1_194' title='bbox 2754 1348 2865 1419; x_wconf 88' lang='grc'>(90)</span> <span class='ocrx_word' id='word_1_195' title='bbox 2917 1349 3107 1416; x_wconf 73' lang='grc' dir='ltr'>σοφίαν</span> <span class='ocrx_word' id='word_1_196' title='bbox 3143 1366 3200 1401; x_wconf 84' lang='grc' dir='ltr'><strong>τε</strong></span> <span class='ocrx_word' id='word_1_197' title='bbox 3247 1350 3339 1402; x_wconf 70' lang='grc' dir='ltr'><strong>καὶ</strong></span> <span class='ocrx_word' id='word_1_198' title='bbox 3383 1351 3528 1419; x_wconf 74' lang='grc' dir='ltr'>σοφὸν</span> <span class='ocrx_word' id='word_1_199' title='bbox 3568 1350 3691 1419; x_wconf 77' lang='grc' dir='ltr'>εἶναι,</span> 
     </span>
    </p>
   </div>
   <div class='ocr_carea' id='block_1_29' title="bbox 2182 1438 3693 1515">
    <p class='ocr_par' dir='ltr' id='par_1_29' title="bbox 2182 1438 3693 1515">
     <span class='ocr_line' id='line_1_29' title="bbox 2182 1438 3693 1515; baseline 0.004 -23"><span class='ocrx_word' id='word_1_200' title='bbox 2182 1439 2324 1492; x_wconf 76' lang='grc' dir='ltr'>τοῦθ’</span> <span class='ocrx_word' id='word_1_201' title='bbox 2346 1440 2373 1492; x_wconf 85' lang='grc' dir='ltr'>ὃ</span> <span class='ocrx_word' id='word_1_202' title='bbox 2415 1440 2478 1510; x_wconf 85' lang='grc' dir='ltr'>δὴ</span> <span class='ocrx_word' id='word_1_203' title='bbox 2521 1438 2676 1493; x_wconf 85' lang='grc' dir='ltr'>θείων</span> <span class='ocrx_word' id='word_1_204' title='bbox 2706 1457 2765 1492; x_wconf 82' lang='grc' dir='ltr'><strong>τε</strong></span> <span class='ocrx_word' id='word_1_205' title='bbox 2798 1440 2891 1492; x_wconf 80' lang='grc' dir='ltr'><strong>καὶ</strong></span> <span class='ocrx_word' id='word_1_206' title='bbox 2926 1439 3283 1510; x_wconf 81' lang='grc' dir='ltr'>ἀνθρωπίνων</span> <span class='ocrx_word' id='word_1_207' title='bbox 3327 1442 3610 1515; x_wconf 76' lang='grc' dir='ltr'>ἐπιστήμην</span> <span class='ocrx_word' id='word_1_208' title='bbox 3634 1464 3693 1498; x_wconf 81' lang='grc' dir='ltr'><strong>τι·</strong></span> 
     </span>
    </p>
   </div>
   <div class='ocr_carea' id='block_1_30' title="bbox 2182 1530 3692 1605">
    <p class='ocr_par' dir='ltr' id='par_1_30' title="bbox 2182 1530 3692 1605">
     <span class='ocr_line' id='line_1_30' title="bbox 2182 1530 3692 1605; baseline 0.004 -21"><span class='ocrx_word' id='word_1_209' title='bbox 2182 1531 2417 1601; x_wconf 84' lang='grc' dir='ltr'>θέμεθα;</span> <span class='ocrx_word' id='word_1_210' title='bbox 2470 1534 2579 1585; x_wconf 75' lang='grc' dir='ltr'>Καὶ</span> <span class='ocrx_word' id='word_1_211' title='bbox 2630 1530 2786 1585; x_wconf 81' lang='grc' dir='ltr'>τοῦτο</span> <span class='ocrx_word' id='word_1_212' title='bbox 2830 1530 3077 1585; x_wconf 85' lang='grc' dir='ltr'>δώσουσι.</span> <span class='ocrx_word' id='word_1_213' title='bbox 3129 1532 3363 1603; x_wconf 83' lang='grc' dir='ltr'>Πότερον</span> <span class='ocrx_word' id='word_1_214' title='bbox 3406 1533 3458 1585; x_wconf 84' lang='grc' dir='ltr'>δὲ</span> <span class='ocrx_word' id='word_1_215' title='bbox 3497 1538 3692 1605; x_wconf 74' lang='grc' dir='ltr'>κρεῖττον</span> 
     </span>
    </p>
   </div>
   <div class='ocr_carea' id='block_1_31' title="bbox 2178 1618 3695 1699">
    <p class='ocr_par' dir='ltr' id='par_1_31' title="bbox 2178 1618 3695 1697">
     <span class='ocr_line' id='line_1_31' title="bbox 2178 1618 3695 1697; baseline 0.005 -23"><span class='ocrx_word' id='word_1_216' title='bbox 2178 1618 2314 1677; x_wconf 73' lang='grc' dir='ltr'>εἶναι</span> <span class='ocrx_word' id='word_1_217' title='bbox 2353 1623 2445 1676; x_wconf 68' lang='grc' dir='ltr'><strong>καὶ</strong></span> <span class='ocrx_word' id='word_1_218' title='bbox 2480 1622 2828 1694; x_wconf 66' lang='grc' dir='ltr'>ὑψηλότερον,</span> <span class='ocrx_word' id='word_1_219' title='bbox 2869 1622 3041 1675; x_wconf 81' lang='grc' dir='ltr'>ταῦτα</span> <span class='ocrx_word' id='word_1_220' title='bbox 3085 1623 3299 1691; x_wconf 77' lang='grc' dir='ltr'>σοφίας,</span> <span class='ocrx_word' id='word_1_221' title='bbox 3342 1623 3373 1693; x_wconf 81' lang='grc' dir='ltr'>ἦ</span> <span class='ocrx_word' id='word_1_222' title='bbox 3414 1624 3595 1678; x_wconf 86' lang='grc' dir='ltr'>τούτων</span> <span class='ocrx_word' id='word_1_223' title='bbox 3623 1646 3695 1697; x_wconf 65' lang='grc' dir='ltr'><strong>μα-</strong></span> 
     </span>
    </p>
   </div>
   <div class='ocr_carea' id='block_1_32' title="bbox 2177 1709 3693 1788">
    <p class='ocr_par' dir='ltr' id='par_1_32' title="bbox 2177 1709 3693 1788">
     <span class='ocr_line' id='line_1_32' title="bbox 2177 1709 3693 1788; baseline -0.002 -21"><span class='ocrx_word' id='word_1_224' title='bbox 2177 1714 2294 1785; x_wconf 86' lang='grc' dir='ltr'><strong>κρῷ</strong></span> <span class='ocrx_word' id='word_1_225' title='bbox 2323 1714 2419 1785; x_wconf 81' lang='grc' dir='ltr'><strong>τὴν</strong></span> <span class='ocrx_word' id='word_1_226' title='bbox 2470 1716 2691 1784; x_wconf 84' lang='grc' dir='ltr'>σοφίαν;</span> <span class='ocrx_word' id='word_1_227' title='bbox 2738 1715 2849 1767; x_wconf 72' lang='grc' dir='ltr'>Καὶ</span> <span class='ocrx_word' id='word_1_228' title='bbox 2899 1712 3114 1766; x_wconf 84' lang='grc' dir='ltr'>πάντων</span> <span class='ocrx_word' id='word_1_229' title='bbox 3146 1710 3203 1766; x_wconf 80' lang='grc' dir='ltr'>εὖ</span> <span class='ocrx_word' id='word_1_230' title='bbox 3233 1709 3328 1766; x_wconf 84' lang='grc' dir='ltr'>οἷδ’</span> <span class='ocrx_word' id='word_1_231' title='bbox 3352 1715 3431 1766; x_wconf 79' lang='grc' dir='ltr'>ὅτι</span> <span class='ocrx_word' id='word_1_232' title='bbox 3479 1716 3575 1784; x_wconf 80' lang='grc'>(91)</span> <span class='ocrx_word' id='word_1_233' title='bbox 3616 1722 3693 1788; x_wconf 62' lang='grc' dir='ltr'><strong>φῇ-</strong></span> 
     </span>
    </p>
   </div>
   <div class='ocr_carea' id='block_1_33' title="bbox 518 1775 2055 1879">
    <p class='ocr_par' dir='ltr' id='par_1_33' title="bbox 518 1795 2055 1866">
     <span class='ocr_line' id='line_1_33' title="bbox 518 1795 2055 1866; baseline 0.001 -17"><span class='ocrx_word' id='word_1_234' title='bbox 518 1796 767 1851; x_wconf 87' lang='lat' dir='ltr'><strong>meliores</strong></span> <span class='ocrx_word' id='word_1_235' title='bbox 792 1806 845 1849; x_wconf 93' lang='lat' dir='ltr'><strong>et</strong></span> <span class='ocrx_word' id='word_1_236' title='bbox 872 1795 1211 1852; x_wconf 87' lang='lat' dir='ltr'><strong>sublimiores</strong></span> <span class='ocrx_word' id='word_1_237' title='bbox 1240 1811 1388 1861; x_wconf 90' lang='lat' dir='ltr'><strong>esse,</strong></span> <span class='ocrx_word' id='word_1_238' title='bbox 1438 1812 1503 1850; x_wconf 90' lang='lat' dir='ltr'><strong>an</strong></span> <span class='ocrx_word' id='word_1_239' title='bbox 1549 1798 1685 1851; x_wconf 89' lang='lat' dir='ltr'><strong>hanc</strong></span> <span class='ocrx_word' id='word_1_240' title='bbox 1719 1800 1896 1866; x_wconf 84' lang='lat' dir='ltr'><strong>potius</strong></span> <span class='ocrx_word' id='word_1_241' title='bbox 1924 1796 2055 1851; x_wconf 84' lang='lat' dir='ltr'><strong>illis‘</strong></span> 
     </span>
    </p>
   </div>
   <div class='ocr_carea' id='block_1_34' title="bbox 2165 1775 3693 1879">
    <p class='ocr_par' dir='ltr' id='par_1_34' title="bbox 2177 1804 3693 1879">
     <span class='ocr_line' id='line_1_34' title="bbox 2177 1804 3693 1879; baseline 0.002 -20"><span class='ocrx_word' id='word_1_242' title='bbox 2177 1824 2359 1859; x_wconf 70' lang='grc' dir='ltr'>σουσιο</span> <span class='ocrx_word' id='word_1_243' title='bbox 2394 1807 2485 1859; x_wconf 77' lang='grc' dir='ltr'>κα).</span> <span class='ocrx_word' id='word_1_244' title='bbox 2549 1806 2711 1878; x_wconf 77' lang='grc' dir='ltr'>μέχρι</span> <span class='ocrx_word' id='word_1_245' title='bbox 2769 1806 2972 1859; x_wconf 82' lang='grc' dir='ltr'>τούτων</span> <span class='ocrx_word' id='word_1_246' title='bbox 3042 1806 3179 1858; x_wconf 73' lang='grc' dir='ltr'>είσὶν</span> <span class='ocrx_word' id='word_1_247' title='bbox 3232 1804 3693 1879; x_wconf 71' lang='grc' dir='ltr'>εὐγνώμονες.⁷Δρ’</span> 
     </span>
    </p>
   </div>
   <div class='ocr_carea' id='block_1_35' title="bbox 514 1887 2071 1957">
    <p class='ocr_par' dir='ltr' id='par_1_35' title="bbox 514 1887 2071 1957">
     <span class='ocr_line' id='line_1_35' title="bbox 514 1887 2071 1957; baseline 0.002 -17"><span class='ocrx_word' id='word_1_248' title='bbox 514 1887 639 1941; x_wconf 85' lang='lat' dir='ltr'><strong>Mihi</strong></span> <span class='ocrx_word' id='word_1_249' title='bbox 682 1888 891 1957; x_wconf 87' lang='lat' dir='ltr'><strong>quidem</strong></span> <span class='ocrx_word' id='word_1_250' title='bbox 937 1902 1040 1941; x_wconf 90' lang='lat' dir='ltr'><strong>non</strong></span> <span class='ocrx_word' id='word_1_251' title='bbox 1081 1896 1162 1942; x_wconf 93' lang='lat' dir='ltr'><strong>cst</strong></span> <span class='ocrx_word' id='word_1_252' title='bbox 1203 1887 1457 1951; x_wconf 90' lang='lat' dir='ltr'><strong>dubium,</strong></span> <span class='ocrx_word' id='word_1_253' title='bbox 1494 1889 1619 1956; x_wconf 91' lang='lat' dir='ltr'><strong>quin</strong></span> <span class='ocrx_word' id='word_1_254' title='bbox 1649 1889 1789 1943; x_wconf 90' lang='lat' dir='ltr'><strong>hanc</strong></span> <span class='ocrx_word' id='word_1_255' title='bbox 1822 1888 2071 1943; x_wconf 91' lang='lat' dir='ltr'><strong>omnibus</strong></span> 
     </span>
    </p>
   </div>
   <div class='ocr_carea' id='block_1_36' title="bbox 510 1979 2070 2050">
    <p class='ocr_par' dir='ltr' id='par_1_36' title="bbox 510 1979 2070 2050">
     <span class='ocr_line' id='line_1_36' title="bbox 510 1979 2070 2050; baseline 0.002 -18"><span class='ocrx_word' id='word_1_256' title='bbox 510 1980 672 2032; x_wconf 74' lang='lat' dir='ltr'><strong>etiam</strong></span> <span class='ocrx_word' id='word_1_257' title='bbox 704 1980 1127 2046; x_wconf 58' lang='lat' dir='ltr'><strong>praestantiorem</strong></span> <span class='ocrx_word' id='word_1_258' title='bbox 1159 1992 1275 2033; x_wconf 92' lang='lat' dir='ltr'><strong>esse</strong></span> <span class='ocrx_word' id='word_1_259' title='bbox 1304 1979 1491 2032; x_wconf 87' lang='lat' dir='ltr'><strong>dicturi</strong></span> <span class='ocrx_word' id='word_1_260' title='bbox 1528 1979 1656 2045; x_wconf 89' lang='lat' dir='ltr'><strong>sint,</strong></span> <span class='ocrx_word' id='word_1_261' title='bbox 1692 1990 1854 2050; x_wconf 90' lang='lat' dir='ltr'><strong>atque</strong></span> <span class='ocrx_word' id='word_1_262' title='bbox 1886 1980 2070 2035; x_wconf 87' lang='lat' dir='ltr'><strong>hacte-</strong></span> 
     </span>
    </p>
   </div>
   <div class='ocr_carea' id='block_1_37' title="bbox 508 2068 2061 2141">
    <p class='ocr_par' dir='ltr' id='par_1_37' title="bbox 508 2068 2061 2141">
     <span class='ocr_line' id='line_1_37' title="bbox 508 2068 2061 2141; baseline -0.001 -18"><span class='ocrx_word' id='word_1_263' title='bbox 508 2086 609 2124; x_wconf 88' lang='lat' dir='ltr'><strong>nus</strong></span> <span class='ocrx_word' id='word_1_264' title='bbox 639 2070 775 2139; x_wconf 71' lang='lat' dir='ltr'><strong>tequi</strong></span> <span class='ocrx_word' id='word_1_265' title='bbox 809 2078 861 2123; x_wconf 89' lang='lat' dir='ltr'><strong>et</strong></span> <span class='ocrx_word' id='word_1_266' title='bbox 891 2069 1101 2123; x_wconf 90' lang='lat' dir='ltr'><strong>candidi</strong></span> <span class='ocrx_word' id='word_1_267' title='bbox 1131 2070 1339 2139; x_wconf 90' lang='lat' dir='ltr'><strong>judices</strong></span> <span class='ocrx_word' id='word_1_268' title='bbox 1366 2070 1491 2124; x_wconf 90' lang='lat' dir='ltr'><strong>sint.</strong></span> <span class='ocrx_word' id='word_1_269' title='bbox 1525 2068 1713 2124; x_wconf 89' lang='lat' dir='ltr'><strong>Utrum</strong></span> <span class='ocrx_word' id='word_1_270' title='bbox 1744 2071 1926 2141; x_wconf 85' lang='lat' dir='ltr'><strong>igitur,</strong></span> <span class='ocrx_word' id='word_1_271' title='bbox 1962 2071 2061 2125; x_wconf 89' lang='lat' dir='ltr'><strong>sal-</strong></span> 
     </span>
    </p>
   </div>
   <div class='ocr_carea' id='block_1_38' title="bbox 508 2157 2069 2230">
    <p class='ocr_par' dir='ltr' id='par_1_38' title="bbox 508 2157 2069 2230">
     <span class='ocr_line' id='line_1_38' title="bbox 508 2157 2069 2230; baseline 0.003 -20"><span class='ocrx_word' id='word_1_272' title='bbox 508 2157 725 2211; x_wconf 90' lang='lat' dir='ltr'><strong>tationis</strong></span> <span class='ocrx_word' id='word_1_273' title='bbox 759 2158 972 2226; x_wconf 89' lang='lat' dir='ltr'><strong>quidem</strong></span> <span class='ocrx_word' id='word_1_274' title='bbox 1009 2166 1060 2212; x_wconf 93' lang='lat' dir='ltr'><strong>et</strong></span> <span class='ocrx_word' id='word_1_275' title='bbox 1098 2168 1290 2213; x_wconf 89' lang='lat' dir='ltr'><strong>cantus</strong></span> <span class='ocrx_word' id='word_1_276' title='bbox 1329 2158 1576 2213; x_wconf 86' lang='lat' dir='ltr'><strong>tibiarum</strong></span> <span class='ocrx_word' id='word_1_277' title='bbox 1627 2159 1869 2214; x_wconf 88' lang='lat' dir='ltr'><strong>doctrina</strong></span> <span class='ocrx_word' id='word_1_278' title='bbox 1923 2176 2069 2230; x_wconf 66' lang='lat' dir='ltr'><strong>quae-</strong></span> 
     </span>
    </p>
   </div>
   <div class='ocr_carea' id='block_1_39' title="bbox 506 2248 2069 2318">
    <p class='ocr_par' dir='ltr' id='par_1_39' title="bbox 506 2248 2069 2318">
     <span class='ocr_line' id='line_1_39' title="bbox 506 2248 2069 2318; baseline 0 -15"><span class='ocrx_word' id='word_1_279' title='bbox 506 2248 624 2303; x_wconf 88' lang='lat' dir='ltr'><strong>dam</strong></span> <span class='ocrx_word' id='word_1_280' title='bbox 652 2258 705 2303; x_wconf 93' lang='lat' dir='ltr'><strong>et</strong></span> <span class='ocrx_word' id='word_1_281' title='bbox 739 2248 1016 2317; x_wconf 88' lang='lat' dir='ltr'><strong>disciplina</strong></span> <span class='ocrx_word' id='word_1_282' title='bbox 1050 2258 1166 2312; x_wconf 89' lang='lat' dir='ltr'><strong>est,</strong></span> <span class='ocrx_word' id='word_1_283' title='bbox 1218 2249 1281 2302; x_wconf 88' lang='lat' dir='ltr'><strong>ad</strong></span> <span class='ocrx_word' id='word_1_284' title='bbox 1319 2248 1512 2318; x_wconf 87' lang='lat' dir='ltr'><strong>idque,</strong></span> <span class='ocrx_word' id='word_1_285' title='bbox 1548 2257 1600 2302; x_wconf 93' lang='lat' dir='ltr'><strong>et</strong></span> <span class='ocrx_word' id='word_1_286' title='bbox 1635 2249 1887 2304; x_wconf 91' lang='lat' dir='ltr'><strong>diuturno</strong></span> <span class='ocrx_word' id='word_1_287' title='bbox 1928 2261 2069 2305; x_wconf 87' lang='lat' dir='ltr'><strong>tem-</strong></span> 
     </span>
    </p>
   </div>
   <div class='ocr_carea' id='block_1_40' title="bbox 502 2338 2061 2409">
    <p class='ocr_par' dir='ltr' id='par_1_40' title="bbox 502 2338 2061 2409">
     <span class='ocr_line' id='line_1_40' title="bbox 502 2338 2061 2409; baseline 0 -16"><span class='ocrx_word' id='word_1_288' title='bbox 502 2354 633 2405; x_wconf 89' lang='lat' dir='ltr'><strong>pore</strong></span> <span class='ocrx_word' id='word_1_289' title='bbox 652 2379 668 2404; x_wconf 97' lang='lat'><strong>,</strong></span> <span class='ocrx_word' id='word_1_290' title='bbox 698 2346 751 2393; x_wconf 93' lang='lat' dir='ltr'><strong>et</strong></span> <span class='ocrx_word' id='word_1_291' title='bbox 782 2338 1023 2408; x_wconf 89' lang='lat' dir='ltr'><strong>plurimis</strong></span> <span class='ocrx_word' id='word_1_292' title='bbox 1051 2339 1326 2392; x_wconf 80' lang='lat' dir='ltr'><strong>laboribus</strong></span> <span class='ocrx_word' id='word_1_293' title='bbox 1361 2355 1423 2393; x_wconf 87' lang='lat' dir='ltr'><strong>ac</strong></span> <span class='ocrx_word' id='word_1_294' title='bbox 1468 2338 1754 2394; x_wconf 84' lang='lat' dir='ltr'><strong>sudoribus</strong></span> <span class='ocrx_word' id='word_1_295' title='bbox 1784 2354 1918 2409; x_wconf 89' lang='lat' dir='ltr'><strong>opus</strong></span> <span class='ocrx_word' id='word_1_296' title='bbox 1946 2349 2061 2406; x_wconf 90' lang='lat' dir='ltr'><strong>est,</strong></span> 
     </span>
    </p>
   </div>
   <div class='ocr_carea' id='block_1_41' title="bbox 502 2429 2059 2501">
    <p class='ocr_par' dir='ltr' id='par_1_41' title="bbox 502 2429 2059 2501">
     <span class='ocr_line' id='line_1_41' title="bbox 502 2429 2059 2501; baseline 0 -18"><span class='ocrx_word' id='word_1_297' title='bbox 502 2439 663 2499; x_wconf 82' lang='lat' dir='ltr'><strong>atque</strong></span> <span class='ocrx_word' id='word_1_298' title='bbox 692 2430 954 2485; x_wconf 92' lang='lat' dir='ltr'><strong>interdum</strong></span> <span class='ocrx_word' id='word_1_299' title='bbox 979 2430 1137 2483; x_wconf 90' lang='lat' dir='ltr'><strong>etiam</strong></span> <span class='ocrx_word' id='word_1_300' title='bbox 1167 2429 1467 2485; x_wconf 88' lang='lat' dir='ltr'><strong>mercedem</strong></span> <span class='ocrx_word' id='word_1_301' title='bbox 1494 2430 1799 2500; x_wconf 86' lang='lat' dir='ltr'><strong>persolvere</strong></span> <span class='ocrx_word' id='word_1_302' title='bbox 1830 2440 2059 2501; x_wconf 88' lang='lat' dir='ltr'><strong>oportet,</strong></span> 
     </span>
    </p>
   </div>
   <div class='ocr_carea' id='block_1_42' title="bbox 501 2516 2061 2599">
    <p class='ocr_par' dir='ltr' id='par_1_42' title="bbox 501 2516 2061 2599">
     <span class='ocr_line' id='line_1_42' title="bbox 501 2516 2061 2599; baseline 0.002 -27"><span class='ocrx_word' id='word_1_303' title='bbox 501 2525 555 2573; x_wconf 89' lang='lat' dir='ltr'><strong>et</strong></span> <span class='ocrx_word' id='word_1_304' title='bbox 583 2518 931 2587; x_wconf 87' lang='lat' dir='ltr'><strong>perductores</strong></span> <span class='ocrx_word' id='word_1_305' title='bbox 967 2517 1244 2585; x_wconf 88' lang='lat' dir='ltr'><strong>adbibere,</strong></span> <span class='ocrx_word' id='word_1_306' title='bbox 1276 2516 1568 2589; x_wconf 88' lang='lat' dir='ltr'><strong>longasque</strong></span> <span class='ocrx_word' id='word_1_307' title='bbox 1600 2519 2061 2599; x_wconf 82' lang='lat' dir='ltr'><strong>peregrinationes</strong></span> 
     </span>
    </p>
   </div>
   <div class='ocr_carea' id='block_1_43' title="bbox 500 2610 2060 2682">
    <p class='ocr_par' dir='ltr' id='par_1_43' title="bbox 500 2610 2060 2682">
     <span class='ocr_line' id='line_1_43' title="bbox 500 2610 2060 2682; baseline 0.002 -18"><span class='ocrx_word' id='word_1_308' title='bbox 500 2612 775 2679; x_wconf 85' lang='lat' dir='ltr'><strong>suscipere</strong></span> <span class='ocrx_word' id='word_1_309' title='bbox 800 2650 816 2676; x_wconf 92' lang='lat'><strong>,</strong></span> <span class='ocrx_word' id='word_1_310' title='bbox 856 2619 1157 2680; x_wconf 63' lang='lat' dir='ltr'><strong>caeteraque</strong></span> <span class='ocrx_word' id='word_1_311' title='bbox 1190 2610 1369 2665; x_wconf 86' lang='lat' dir='ltr'><strong>omnia</strong></span> <span class='ocrx_word' id='word_1_312' title='bbox 1399 2610 1577 2666; x_wconf 79' lang='lat' dir='ltr'><strong>facere</strong></span> <span class='ocrx_word' id='word_1_313' title='bbox 1606 2621 1658 2667; x_wconf 91' lang='lat' dir='ltr'><strong>et</strong></span> <span class='ocrx_word' id='word_1_314' title='bbox 1687 2612 1793 2682; x_wconf 89' lang='lat' dir='ltr'><strong>pati</strong></span> <span class='ocrx_word' id='word_1_315' title='bbox 1817 2652 1832 2679; x_wconf 95' lang='lat'><strong>,</strong></span> <span class='ocrx_word' id='word_1_316' title='bbox 1868 2612 2060 2682; x_wconf 90' lang='lat' dir='ltr'><strong>quibus</strong></span> 
     </span>
    </p>
   </div>
   <div class='ocr_carea' id='block_1_44' title="bbox 500 2700 2059 2773">
    <p class='ocr_par' dir='ltr' id='par_1_44' title="bbox 500 2700 2059 2773">
     <span class='ocr_line' id='line_1_44' title="bbox 500 2700 2059 2773; baseline 0.002 -20"><span class='ocrx_word' id='word_1_317' title='bbox 500 2702 636 2755; x_wconf 87' lang='lat' dir='ltr'><strong>artis</strong></span> <span class='ocrx_word' id='word_1_318' title='bbox 673 2702 862 2771; x_wconf 91' lang='lat' dir='ltr'><strong>peritia</strong></span> <span class='ocrx_word' id='word_1_319' title='bbox 898 2711 1246 2771; x_wconf 85' lang='lat' dir='ltr'><strong>comparatur</strong></span> <span class='ocrx_word' id='word_1_320' title='bbox 1277 2718 1290 2753; x_wconf 91' lang='lat'>:</span> <span class='ocrx_word' id='word_1_321' title='bbox 1332 2700 1646 2770; x_wconf 89' lang='lat' dir='ltr'><strong>sapientiam</strong></span> <span class='ocrx_word' id='word_1_322' title='bbox 1696 2711 1871 2756; x_wconf 89' lang='lat' dir='ltr'><strong>autem</strong></span> <span class='ocrx_word' id='word_1_323' title='bbox 1894 2742 1909 2768; x_wconf 92' lang='lat'><strong>,</strong></span> <span class='ocrx_word' id='word_1_324' title='bbox 1941 2718 2059 2773; x_wconf 71' lang='lat' dir='ltr'><strong>qua:</strong></span> 
     </span>
    </p>
   </div>
   <div class='ocr_carea' id='block_1_45' title="bbox 497 2792 2053 2863">
    <p class='ocr_par' dir='ltr' id='par_1_45' title="bbox 497 2792 2053 2863">
     <span class='ocr_line' id='line_1_45' title="bbox 497 2792 2053 2863; baseline 0.001 -18"><span class='ocrx_word' id='word_1_325' title='bbox 497 2792 746 2846; x_wconf 77' lang='lat' dir='ltr'><strong>omnibus</strong></span> <span class='ocrx_word' id='word_1_326' title='bbox 775 2800 990 2861; x_wconf 66' lang='lat' dir='ltr'><strong>praaest,</strong></span> <span class='ocrx_word' id='word_1_327' title='bbox 1016 2807 1077 2846; x_wconf 89' lang='lat' dir='ltr'><strong>ac</strong></span> <span class='ocrx_word' id='word_1_328' title='bbox 1100 2792 1233 2847; x_wconf 90' lang='lat' dir='ltr'><strong>bona</strong></span> <span class='ocrx_word' id='word_1_329' title='bbox 1260 2792 1437 2846; x_wconf 88' lang='lat' dir='ltr'><strong>omnia</strong></span> <span class='ocrx_word' id='word_1_330' title='bbox 1465 2793 1743 2863; x_wconf 81' lang='lat' dir='ltr'><strong>complexu</strong></span> <span class='ocrx_word' id='word_1_331' title='bbox 1767 2808 1865 2848; x_wconf 93' lang='lat' dir='ltr'><strong>suo</strong></span> <span class='ocrx_word' id='word_1_332' title='bbox 1892 2803 2053 2859; x_wconf 84' lang='lat' dir='ltr'><strong>tenet,</strong></span> 
     </span>
    </p>
   </div>
   <div class='ocr_carea' id='block_1_46' title="bbox 496 2875 2056 2955">
    <p class='ocr_par' dir='ltr' id='par_1_46' title="bbox 496 2875 2056 2955">
     <span class='ocr_line' id='line_1_46' title="bbox 496 2875 2056 2955; baseline 0.001 -17"><span class='ocrx_word' id='word_1_333' title='bbox 496 2887 631 2940; x_wconf 89' lang='lat' dir='ltr'><strong>adeo</strong></span> <span class='ocrx_word' id='word_1_334' title='bbox 659 2893 714 2939; x_wconf 91' lang='lat' dir='ltr'><strong>ut</strong></span> <span class='ocrx_word' id='word_1_335' title='bbox 745 2885 859 2953; x_wconf 91' lang='lat' dir='ltr'><strong>ipse</strong></span> <span class='ocrx_word' id='word_1_336' title='bbox 876 2899 1090 2955; x_wconf 89' lang='lat' dir='ltr'><strong>quoque</strong></span> <span class='ocrx_word' id='word_1_337' title='bbox 1117 2875 1273 2947; x_wconf 82' lang='lat' dir='ltr'><strong>Deus,</strong></span> <span class='ocrx_word' id='word_1_338' title='bbox 1302 2886 1549 2953; x_wconf 84' lang='lat' dir='ltr'><strong>quamvis</strong></span> <span class='ocrx_word' id='word_1_339' title='bbox 1575 2885 1857 2955; x_wconf 90' lang='lat' dir='ltr'><strong>permultis</strong></span> <span class='ocrx_word' id='word_1_340' title='bbox 1883 2886 2056 2940; x_wconf 91' lang='lat' dir='ltr'><strong>nomi-</strong></span> 
     </span>
    </p>
   </div>
   <div class='ocr_carea' id='block_1_47' title="bbox 496 2974 2050 3047">
    <p class='ocr_par' dir='ltr' id='par_1_47' title="bbox 496 2974 2050 3047">
     <span class='ocr_line' id='line_1_47' title="bbox 496 2974 2050 3047; baseline 0.001 -17"><span class='ocrx_word' id='word_1_341' title='bbox 496 2977 652 3032; x_wconf 90' lang='lat' dir='ltr'><strong>nibus</strong></span> <span class='ocrx_word' id='word_1_342' title='bbox 688 2985 924 3040; x_wconf 87' lang='lat' dir='ltr'><strong>vocetur,</strong></span> <span class='ocrx_word' id='word_1_343' title='bbox 962 2974 1064 3030; x_wconf 90' lang='lat' dir='ltr'><strong>hoc</strong></span> <span class='ocrx_word' id='word_1_344' title='bbox 1104 2985 1279 3030; x_wconf 88' lang='lat' dir='ltr'><strong>tamen</strong></span> <span class='ocrx_word' id='word_1_345' title='bbox 1310 2977 1526 3031; x_wconf 90' lang='lat' dir='ltr'><strong>nomine</strong></span> <span class='ocrx_word' id='word_1_346' title='bbox 1566 2976 1859 3043; x_wconf 88' lang='lat' dir='ltr'><strong>impensius</strong></span> <span class='ocrx_word' id='word_1_347' title='bbox 1891 2992 2050 3047; x_wconf 73' lang='lat' dir='ltr'><strong>quam</strong></span> 
     </span>
    </p>
   </div>
   <div class='ocr_carea' id='block_1_48' title="bbox 494 3067 2052 3137">
    <p class='ocr_par' dir='ltr' id='par_1_48' title="bbox 494 3067 2052 3137">
     <span class='ocr_line' id='line_1_48' title="bbox 494 3067 2052 3137; baseline -0.001 -16"><span class='ocrx_word' id='word_1_348' title='bbox 494 3069 618 3123; x_wconf 90' lang='lat' dir='ltr'><strong>ullis</strong></span> <span class='ocrx_word' id='word_1_349' title='bbox 649 3067 770 3122; x_wconf 88' lang='lat' dir='ltr'><strong>aliis</strong></span> <span class='ocrx_word' id='word_1_350' title='bbox 804 3067 1122 3131; x_wconf 82' lang='lat' dir='ltr'><strong>delectetur,</strong></span> <span class='ocrx_word' id='word_1_351' title='bbox 1156 3082 1269 3121; x_wconf 92' lang='lat' dir='ltr'><strong>rem</strong></span> <span class='ocrx_word' id='word_1_352' title='bbox 1296 3082 1465 3137; x_wconf 91' lang='lat' dir='ltr'><strong>usque</strong></span> <span class='ocrx_word' id='word_1_353' title='bbox 1498 3070 1629 3122; x_wconf 89' lang='lat' dir='ltr'><strong>adeo</strong></span> <span class='ocrx_word' id='word_1_354' title='bbox 1659 3067 1829 3122; x_wconf 85' lang='lat' dir='ltr'><strong>levem</strong></span> <span class='ocrx_word' id='word_1_355' title='bbox 1856 3078 1908 3123; x_wconf 94' lang='lat' dir='ltr'><strong>et</strong></span> <span class='ocrx_word' id='word_1_356' title='bbox 1931 3083 2052 3137; x_wconf 87' lang='lat' dir='ltr'><strong>pro-</strong></span> 
     </span>
    </p>
   </div>
   <div class='ocr_carea' id='block_1_49' title="bbox 490 3159 2048 3230">
    <p class='ocr_par' dir='ltr' id='par_1_49' title="bbox 490 3159 2048 3230">
     <span class='ocr_line' id='line_1_49' title="bbox 490 3159 2048 3230; baseline -0.001 -16"><span class='ocrx_word' id='word_1_357' title='bbox 490 3162 672 3215; x_wconf 84' lang='lat' dir='ltr'><strong>tritam</strong></span> <span class='ocrx_word' id='word_1_358' title='bbox 704 3175 820 3215; x_wconf 87' lang='lat' dir='ltr'><strong>esse</strong></span> <span class='ocrx_word' id='word_1_359' title='bbox 846 3160 1271 3215; x_wconf 85' lang='lat' dir='ltr'><strong>existimabimus</strong></span> <span class='ocrx_word' id='word_1_360' title='bbox 1292 3199 1305 3225; x_wconf 96' lang='lat'><strong>,</strong></span> <span class='ocrx_word' id='word_1_361' title='bbox 1347 3168 1403 3213; x_wconf 94' lang='lat' dir='ltr'><strong>ut</strong></span> <span class='ocrx_word' id='word_1_362' title='bbox 1432 3159 1498 3214; x_wconf 90' lang='lat' dir='ltr'><strong>ad</strong></span> <span class='ocrx_word' id='word_1_363' title='bbox 1527 3159 1628 3213; x_wconf 91' lang='lat' dir='ltr'><strong>hoc</strong></span> <span class='ocrx_word' id='word_1_364' title='bbox 1648 3202 1663 3227; x_wconf 92' lang='lat'><strong>,</strong></span> <span class='ocrx_word' id='word_1_365' title='bbox 1701 3168 1758 3213; x_wconf 88' lang='lat' dir='ltr'><strong>ut</strong></span> <span class='ocrx_word' id='word_1_366' title='bbox 1787 3161 2048 3230; x_wconf 84' lang='lat' dir='ltr'><strong>quispiam</strong></span> 
     </span>
    </p>
   </div>
   <div class='ocr_carea' id='block_1_50' title="bbox 489 3250 2050 3322">
    <p class='ocr_par' dir='ltr' id='par_1_50' title="bbox 489 3250 2050 3322">
     <span class='ocr_line' id='line_1_50' title="bbox 489 3250 2050 3322; baseline -0.003 -17"><span class='ocrx_word' id='word_1_367' title='bbox 489 3253 702 3321; x_wconf 82' lang='lat' dir='ltr'><strong>sapiens</strong></span> <span class='ocrx_word' id='word_1_368' title='bbox 738 3252 839 3315; x_wconf 90' lang='lat' dir='ltr'><strong>sit,</strong></span> <span class='ocrx_word' id='word_1_369' title='bbox 880 3251 1124 3307; x_wconf 83' lang='lat' dir='ltr'><strong>voluntas</strong></span> <span class='ocrx_word' id='word_1_370' title='bbox 1151 3250 1262 3306; x_wconf 89' lang='lat' dir='ltr'><strong>sola</strong></span> <span class='ocrx_word' id='word_1_371' title='bbox 1300 3251 1643 3321; x_wconf 89' lang='lat' dir='ltr'><strong>requiratur?</strong></span> <span class='ocrx_word' id='word_1_372' title='bbox 1680 3250 1883 3322; x_wconf 72' lang='lat' dir='ltr'><strong>Magna:</strong></span> <span class='ocrx_word' id='word_1_373' title='bbox 1926 3267 2050 3320; x_wconf 82' lang='lat' dir='ltr'><strong>pro-</strong></span> 
     </span>
    </p>
   </div>
   <div class='ocr_carea' id='block_1_51' title="bbox 490 3342 2046 3410">
    <p class='ocr_par' dir='ltr' id='par_1_51' title="bbox 490 3342 2046 3410">
     <span class='ocr_line' id='line_1_51' title="bbox 490 3342 2046 3410; baseline 0.002 -16"><span class='ocrx_word' id='word_1_374' title='bbox 490 3342 628 3397; x_wconf 78' lang='lat' dir='ltr'><strong>fecto</strong></span> <span class='ocrx_word' id='word_1_375' title='bbox 675 3343 912 3397; x_wconf 73' lang='lat' dir='ltr'><strong>stultitize</strong></span> <span class='ocrx_word' id='word_1_376' title='bbox 963 3345 1062 3398; x_wconf 87' lang='lat' dir='ltr'><strong>hoc</strong></span> <span class='ocrx_word' id='word_1_377' title='bbox 1104 3342 1283 3398; x_wconf 83' lang='lat' dir='ltr'><strong>fuerit.</strong></span> <span class='ocrx_word' id='word_1_378' title='bbox 1327 3344 1383 3399; x_wconf 92' lang='lat' dir='ltr'><strong>Si</strong></span> <span class='ocrx_word' id='word_1_379' title='bbox 1414 3345 1526 3398; x_wconf 71' lang='lat' dir='ltr'><strong>bazc</strong></span> <span class='ocrx_word' id='word_1_380' title='bbox 1557 3342 1619 3398; x_wconf 92' lang='lat' dir='ltr'><strong>ad</strong></span> <span class='ocrx_word' id='word_1_381' title='bbox 1647 3359 1738 3399; x_wconf 85' lang='lat' dir='ltr'><strong>eos</strong></span> <span class='ocrx_word' id='word_1_382' title='bbox 1769 3344 2046 3410; x_wconf 84' lang='lat' dir='ltr'><strong>dicamus,</strong></span> 
     </span>
    </p>
   </div>
   <div class='ocr_carea' id='block_1_52' title="bbox 486 3433 2044 3505">
    <p class='ocr_par' dir='ltr' id='par_1_52' title="bbox 486 3433 2044 3505">
     <span class='ocr_line' id='line_1_52' title="bbox 486 3433 2044 3505; baseline 0 -18"><span class='ocrx_word' id='word_1_383' title='bbox 486 3447 836 3501; x_wconf 86' lang='lat' dir='ltr'><strong>erroremque</strong></span> <span class='ocrx_word' id='word_1_384' title='bbox 868 3434 1121 3503; x_wconf 89' lang='lat' dir='ltr'><strong>paulatim</strong></span> <span class='ocrx_word' id='word_1_385' title='bbox 1155 3448 1536 3505; x_wconf 83' lang='lat' dir='ltr'><strong>repurgemus,</strong></span> <span class='ocrx_word' id='word_1_386' title='bbox 1586 3444 1677 3488; x_wconf 88' lang='lat' dir='ltr'><strong>aut</strong></span> <span class='ocrx_word' id='word_1_387' title='bbox 1718 3434 1855 3488; x_wconf 92' lang='lat' dir='ltr'><strong>alius</strong></span> <span class='ocrx_word' id='word_1_388' title='bbox 1895 3433 2044 3503; x_wconf 84' lang='lat' dir='ltr'><strong>quis-</strong></span> 
     </span>
    </p>
   </div>
   <div class='ocr_carea' id='block_1_53' title="bbox 484 3524 2043 3595">
    <p class='ocr_par' dir='ltr' id='par_1_53' title="bbox 484 3524 2043 3595">
     <span class='ocr_line' id='line_1_53' title="bbox 484 3524 2043 3595; baseline -0.001 -18"><span class='ocrx_word' id='word_1_389' title='bbox 484 3524 627 3595; x_wconf 91' lang='lat' dir='ltr'><strong>piam</strong></span> <span class='ocrx_word' id='word_1_390' title='bbox 660 3525 955 3580; x_wconf 90' lang='lat' dir='ltr'><strong>doctiorum</strong></span> <span class='ocrx_word' id='word_1_391' title='bbox 980 3535 1031 3580; x_wconf 91' lang='lat' dir='ltr'><strong>et</strong></span> <span class='ocrx_word' id='word_1_392' title='bbox 1056 3526 1483 3595; x_wconf 89' lang='lat' dir='ltr'><strong>prudentiorum,</strong></span> <span class='ocrx_word' id='word_1_393' title='bbox 1513 3527 1613 3580; x_wconf 89' lang='lat' dir='ltr'><strong>hoc</strong></span> <span class='ocrx_word' id='word_1_394' title='bbox 1642 3526 1891 3579; x_wconf 92' lang='lat' dir='ltr'><strong>nimirum</strong></span> <span class='ocrx_word' id='word_1_395' title='bbox 1917 3525 2043 3579; x_wconf 90' lang='lat' dir='ltr'><strong>illud</strong></span> 
     </span>
    </p>
   </div>
   <div class='ocr_carea' id='block_1_54' title="bbox 485 3617 2041 3688">
    <p class='ocr_par' dir='ltr' id='par_1_54' title="bbox 485 3617 2041 3688">
     <span class='ocr_line' id='line_1_54' title="bbox 485 3617 2041 3688; baseline -0.001 -16"><span class='ocrx_word' id='word_1_396' title='bbox 485 3620 641 3673; x_wconf 79' lang='lat' dir='ltr'><strong>fuerit</strong></span> <span class='ocrx_word' id='word_1_397' title='bbox 683 3634 841 3688; x_wconf 89' lang='lat' dir='ltr'><strong>supra</strong></span> <span class='ocrx_word' id='word_1_398' title='bbox 875 3629 1051 3687; x_wconf 89' lang='lat' dir='ltr'><strong>petras</strong></span> <span class='ocrx_word' id='word_1_399' title='bbox 1085 3618 1354 3672; x_wconf 89' lang='lat' dir='ltr'><strong>seminare</strong></span> <span class='ocrx_word' id='word_1_400' title='bbox 1373 3618 1439 3683; x_wconf 73' lang='lat'><strong>“,</strong></span> <span class='ocrx_word' id='word_1_401' title='bbox 1473 3626 1632 3686; x_wconf 90' lang='lat' dir='ltr'><strong>atque</strong></span> <span class='ocrx_word' id='word_1_402' title='bbox 1658 3617 1708 3670; x_wconf 91' lang='lat' dir='ltr'><strong>in</strong></span> <span class='ocrx_word' id='word_1_403' title='bbox 1737 3632 1895 3671; x_wconf 90' lang='lat' dir='ltr'><strong>aures</strong></span> <span class='ocrx_word' id='word_1_404' title='bbox 1937 3632 2041 3671; x_wconf 90' lang='lat' dir='ltr'><strong>nou</strong></span> 
     </span>
    </p>
   </div>
   <div class='ocr_carea' id='block_1_55' title="bbox 482 3708 2043 3781">
    <p class='ocr_par' dir='ltr' id='par_1_55' title="bbox 482 3708 2043 3781">
     <span class='ocr_line' id='line_1_55' title="bbox 482 3708 2043 3781; baseline -0.002 -17"><span class='ocrx_word' id='word_1_405' title='bbox 482 3713 811 3765; x_wconf 83' lang='lat' dir='ltr'><strong>audientium</strong></span> <span class='ocrx_word' id='word_1_406' title='bbox 850 3712 989 3781; x_wconf 92' lang='lat' dir='ltr'><strong>loqui</strong></span> <span class='ocrx_word' id='word_1_407' title='bbox 1012 3710 1078 3763; x_wconf 71' lang='lat'><strong>9&#39;.</strong></span> <span class='ocrx_word' id='word_1_408' title='bbox 1114 3709 1186 3763; x_wconf 88' lang='lat' dir='ltr'><strong>Ita</strong></span> <span class='ocrx_word' id='word_1_409' title='bbox 1214 3724 1279 3763; x_wconf 90' lang='lat' dir='ltr'><strong>ne</strong></span> <span class='ocrx_word' id='word_1_410' title='bbox 1306 3710 1562 3763; x_wconf 86' lang='lat' dir='ltr'><strong>hactenus</strong></span> <span class='ocrx_word' id='word_1_411' title='bbox 1586 3708 1800 3777; x_wconf 91' lang='lat' dir='ltr'><strong>quidem</strong></span> <span class='ocrx_word' id='word_1_412' title='bbox 1831 3709 2043 3778; x_wconf 87' lang='lat' dir='ltr'><strong>sapien-</strong></span> 
     </span>
    </p>
   </div>
   <div class='ocr_carea' id='block_1_56' title="bbox 483 3799 2043 3868">
    <p class='ocr_par' dir='ltr' id='par_1_56' title="bbox 483 3799 2043 3868">
     <span class='ocr_line' id='line_1_56' title="bbox 483 3799 2043 3868; baseline 0.001 -15"><span class='ocrx_word' id='word_1_413' title='bbox 483 3813 563 3855; x_wconf 88' lang='lat' dir='ltr'><strong>tes</strong></span> <span class='ocrx_word' id='word_1_414' title='bbox 589 3813 745 3865; x_wconf 89' lang='lat' dir='ltr'><strong>sunt,</strong></span> <span class='ocrx_word' id='word_1_415' title='bbox 790 3812 846 3854; x_wconf 91' lang='lat' dir='ltr'><strong>ut</strong></span> <span class='ocrx_word' id='word_1_416' title='bbox 875 3802 1143 3855; x_wconf 86' lang='lat' dir='ltr'><strong>inscitiam</strong></span> <span class='ocrx_word' id='word_1_417' title='bbox 1172 3816 1320 3853; x_wconf 87' lang='lat' dir='ltr'><strong>suam</strong></span> <span class='ocrx_word' id='word_1_418' title='bbox 1361 3799 1628 3868; x_wconf 86' lang='lat' dir='ltr'><strong>cognitam</strong></span> <span class='ocrx_word' id='word_1_419' title='bbox 1675 3799 1925 3853; x_wconf 89' lang='lat' dir='ltr'><strong>habeant.</strong></span> <span class='ocrx_word' id='word_1_420' title='bbox 1967 3803 2043 3854; x_wconf 91' lang='lat' dir='ltr'><strong>Ac</strong></span> 
     </span>
    </p>
   </div>
   <div class='ocr_carea' id='block_1_57' title="bbox 482 3880 2043 3947">
    <p class='ocr_par' dir='ltr' id='par_1_57' title="bbox 482 3880 2043 3947">
     <span class='ocr_line' id='line_1_57' title="bbox 482 3880 2043 3947; baseline 0.001 -2"><span class='ocrx_word' id='word_1_421' title='bbox 482 3894 609 3945; x_wconf 88' lang='lat' dir='ltr'><strong>mihi</strong></span> <span class='ocrx_word' id='word_1_422' title='bbox 652 3880 997 3947; x_wconf 90' lang='lat' dir='ltr'><strong>commodum</strong></span> <span class='ocrx_word' id='word_1_423' title='bbox 1025 3906 1143 3945; x_wconf 89' lang='lat' dir='ltr'><strong>esse</strong></span> <span class='ocrx_word' id='word_1_424' title='bbox 1185 3891 1394 3944; x_wconf 88' lang='lat' dir='ltr'><strong>videtur</strong></span> <span class='ocrx_word' id='word_1_425' title='bbox 1441 3890 1569 3944; x_wconf 91' lang='lat' dir='ltr'><strong>illud</strong></span> <span class='ocrx_word' id='word_1_426' title='bbox 1628 3890 1930 3945; x_wconf 88' lang='lat' dir='ltr'><strong>Salomonis</strong></span> <span class='ocrx_word' id='word_1_427' title='bbox 1979 3894 2043 3947; x_wconf 91' lang='lat' dir='ltr'><strong>dc</strong></span> 
     </span>
    </p>
   </div>
   <div class='ocr_carea' id='block_1_58' title="bbox 481 3981 2039 4054">
    <p class='ocr_par' dir='ltr' id='par_1_58' title="bbox 481 3981 2039 4054">
     <span class='ocr_line' id='line_1_58' title="bbox 481 3981 2039 4054; baseline -0.002 -16"><span class='ocrx_word' id='word_1_428' title='bbox 481 3986 608 4052; x_wconf 89' lang='lat' dir='ltr'><strong>ipsis</strong></span> <span class='ocrx_word' id='word_1_429' title='bbox 634 3984 744 4054; x_wconf 79' lang='lat'><strong>38</strong></span> <span class='ocrx_word' id='word_1_430' title='bbox 775 3998 1033 4053; x_wconf 86' lang='lat' dir='ltr'><strong>usurpare</strong></span> <span class='ocrx_word' id='word_1_431' title='bbox 1060 4001 1072 4033; x_wconf 84' lang='lat'><strong>:</strong></span> <span class='ocrx_word' id='word_1_432' title='bbox 1113 3982 1203 4035; x_wconf 70' lang='lat' dir='ltr'><strong>Est</strong></span> <span class='ocrx_word' id='word_1_433' title='bbox 1244 3983 1439 4035; x_wconf 85' lang='lat' dir='ltr'><strong>malum</strong></span> <span class='ocrx_word' id='word_1_434' title='bbox 1465 3987 1602 4051; x_wconf 83' lang='lat' dir='ltr'><strong>quod</strong></span> <span class='ocrx_word' id='word_1_435' title='bbox 1642 3982 1747 4035; x_wconf 79' lang='lat' dir='ltr'><strong>vidi</strong></span> <span class='ocrx_word' id='word_1_436' title='bbox 1775 3981 1868 4035; x_wconf 74' lang='lat' dir='ltr'><strong>sub</strong></span> <span class='ocrx_word' id='word_1_437' title='bbox 1900 3982 2004 4036; x_wconf 74' lang='lat' dir='ltr'><strong>sole</strong></span> <span class='ocrx_word' id='word_1_438' title='bbox 2024 4022 2039 4048; x_wconf 92' lang='lat'><strong>,</strong></span> 
     </span>
    </p>
   </div>
   <div class='ocr_carea' id='block_1_59' title="bbox 479 4072 2040 4144">
    <p class='ocr_par' dir='ltr' id='par_1_59' title="bbox 479 4072 2040 4144">
     <span class='ocr_line' id='line_1_59' title="bbox 479 4072 2040 4144; baseline 0.002 -17"><span class='ocrx_word' id='word_1_439' title='bbox 479 4077 644 4128; x_wconf 73' lang='lat' dir='ltr'><strong>uirum</strong></span> <span class='ocrx_word' id='word_1_440' title='bbox 672 4076 761 4144; x_wconf 87' lang='lat' dir='ltr'><strong>qui</strong></span> <span class='ocrx_word' id='word_1_441' title='bbox 789 4074 887 4127; x_wconf 86' lang='lat' dir='ltr'><strong>sibi</strong></span> <span class='ocrx_word' id='word_1_442' title='bbox 913 4076 1117 4139; x_wconf 73' lang='lat' dir='ltr'><strong>sapiens</strong></span> <span class='ocrx_word' id='word_1_443' title='bbox 1146 4090 1254 4127; x_wconf 73' lang='lat' dir='ltr'><strong>esse</strong></span> <span class='ocrx_word' id='word_1_444' title='bbox 1282 4074 1482 4127; x_wconf 85' lang='lat' dir='ltr'><strong>videtur</strong></span> <span class='ocrx_word' id='word_1_445' title='bbox 1501 4074 1546 4105; x_wconf 85' lang='grc'><strong>⁹⁶</strong></span> <span class='ocrx_word' id='word_1_446' title='bbox 1575 4091 1588 4126; x_wconf 90' lang='lat'>:</span> <span class='ocrx_word' id='word_1_447' title='bbox 1630 4080 1684 4127; x_wconf 87' lang='lat' dir='ltr'><strong>et</strong></span> <span class='ocrx_word' id='word_1_448' title='bbox 1716 4073 1857 4143; x_wconf 92' lang='lat' dir='ltr'><strong>quod</strong></span> <span class='ocrx_word' id='word_1_449' title='bbox 1893 4072 2040 4143; x_wconf 84' lang='lat' dir='ltr'><strong>pejus</strong></span> 
     </span>
    </p>
   </div>
   <div class='ocr_carea' id='block_1_60' title="bbox 2173 1896 3693 1972">
    <p class='ocr_par' dir='ltr' id='par_1_60' title="bbox 2173 1896 3693 1972">
     <span class='ocr_line' id='line_1_60' title="bbox 2173 1896 3693 1972; baseline 0.001 -19"><span class='ocrx_word' id='word_1_450' title='bbox 2173 1898 2264 1954; x_wconf 74' lang='grc' dir='ltr'><strong>οὖν</strong></span> <span class='ocrx_word' id='word_1_451' title='bbox 2289 1901 2565 1972; x_wconf 79' lang='grc' dir='ltr'>ὀρχήσεως</span> <span class='ocrx_word' id='word_1_452' title='bbox 2595 1900 2693 1971; x_wconf 80' lang='grc' dir='ltr'>μὲν</span> <span class='ocrx_word' id='word_1_453' title='bbox 2720 1900 2811 1952; x_wconf 70' lang='grc' dir='ltr'><strong>καὶ</strong></span> <span class='ocrx_word' id='word_1_454' title='bbox 2837 1896 3113 1969; x_wconf 76' lang='grc' dir='ltr'>αὐλήσεως</span> <span class='ocrx_word' id='word_1_455' title='bbox 3142 1898 3252 1969; x_wconf 75' lang='grc'>(92)</span> <span class='ocrx_word' id='word_1_456' title='bbox 3283 1900 3401 1951; x_wconf 81' lang='grc' dir='ltr'>ἐστι</span> <span class='ocrx_word' id='word_1_457' title='bbox 3427 1900 3693 1955; x_wconf 66' lang='grc' dir='ltr'>διδασκαλία</span> 
     </span>
    </p>
   </div>
   <div class='ocr_carea' id='block_1_61' title="bbox 2171 1992 3696 2067">
    <p class='ocr_par' dir='ltr' id='par_1_61' title="bbox 2171 1992 3696 2067">
     <span class='ocr_line' id='line_1_61' title="bbox 2171 1992 3696 2067; baseline -0.002 -18"><span class='ocrx_word' id='word_1_458' title='bbox 2171 1997 2263 2049; x_wconf 77' lang='grc' dir='ltr'><strong>καὶ</strong></span> <span class='ocrx_word' id='word_1_459' title='bbox 2302 1996 2557 2067; x_wconf 82' lang='grc' dir='ltr'>μάθησις,</span> <span class='ocrx_word' id='word_1_460' title='bbox 2596 1995 2691 2047; x_wconf 80' lang='grc' dir='ltr'>κα).</span> <span class='ocrx_word' id='word_1_461' title='bbox 2734 1995 2927 2065; x_wconf 83' lang='grc' dir='ltr'>χρόνου</span> <span class='ocrx_word' id='word_1_462' title='bbox 2956 1995 3093 2065; x_wconf 76' lang='grc' dir='ltr'>πρὸς</span> <span class='ocrx_word' id='word_1_463' title='bbox 3125 1992 3281 2046; x_wconf 82' lang='grc' dir='ltr'>τοῦτο</span> <span class='ocrx_word' id='word_1_464' title='bbox 3312 1994 3410 2059; x_wconf 85' lang='grc' dir='ltr'>δεῖ,</span> <span class='ocrx_word' id='word_1_465' title='bbox 3453 1994 3538 2047; x_wconf 71' lang='grc' dir='ltr'><strong>καὶ</strong></span> <span class='ocrx_word' id='word_1_466' title='bbox 3579 1996 3696 2067; x_wconf 68' lang='grc' dir='ltr'>ἱδρῶ.</span> 
     </span>
    </p>
   </div>
   <div class='ocr_carea' id='block_1_62' title="bbox 2168 2085 3692 2157">
    <p class='ocr_par' dir='ltr' id='par_1_62' title="bbox 2168 2085 3692 2157">
     <span class='ocr_line' id='line_1_62' title="bbox 2168 2085 3692 2157; baseline 0.001 -17"><span class='ocrx_word' id='word_1_467' title='bbox 2168 2105 2273 2141; x_wconf 89' lang='grc' dir='ltr'><strong>των</strong></span> <span class='ocrx_word' id='word_1_468' title='bbox 2306 2086 2509 2157; x_wconf 87' lang='grc' dir='ltr'>συχνῶν</span> <span class='ocrx_word' id='word_1_469' title='bbox 2546 2088 2641 2140; x_wconf 67' lang='grc' dir='ltr'>καὶ</span> <span class='ocrx_word' id='word_1_470' title='bbox 2671 2085 2866 2149; x_wconf 86' lang='grc' dir='ltr'>πόνων,</span> <span class='ocrx_word' id='word_1_471' title='bbox 2899 2086 2991 2139; x_wconf 75' lang='grc' dir='ltr'><strong>καὶ</strong></span> <span class='ocrx_word' id='word_1_472' title='bbox 3019 2086 3241 2149; x_wconf 76' lang='grc' dir='ltr'>μισθοὺς</span> <span class='ocrx_word' id='word_1_473' title='bbox 3271 2085 3579 2139; x_wconf 77' lang='grc' dir='ltr'>καταϐαλεῖν</span> <span class='ocrx_word' id='word_1_474' title='bbox 3607 2089 3692 2157; x_wconf 81' lang='grc'>(95)</span> 
     </span>
    </p>
   </div>
   <div class='ocr_carea' id='block_1_63' title="bbox 2167 2174 3695 2247">
    <p class='ocr_par' dir='ltr' id='par_1_63' title="bbox 2167 2174 3695 2247">
     <span class='ocr_line' id='line_1_63' title="bbox 2167 2174 3695 2247; baseline -0.001 -17"><span class='ocrx_word' id='word_1_475' title='bbox 2167 2177 2312 2229; x_wconf 79' lang='grc' dir='ltr'>ἔστιν</span> <span class='ocrx_word' id='word_1_476' title='bbox 2343 2178 2451 2241; x_wconf 83' lang='grc' dir='ltr'>ὅτε,</span> <span class='ocrx_word' id='word_1_477' title='bbox 2497 2176 2588 2228; x_wconf 77' lang='grc' dir='ltr'><strong>καὶ</strong></span> <span class='ocrx_word' id='word_1_478' title='bbox 2622 2176 2999 2247; x_wconf 82' lang='grc' dir='ltr'>προσαγωγῶν</span> <span class='ocrx_word' id='word_1_479' title='bbox 3031 2174 3140 2244; x_wconf 69' lang='grc'>(94)</span> <span class='ocrx_word' id='word_1_480' title='bbox 3171 2175 3450 2246; x_wconf 73' lang='grc' dir='ltr'>δεηθῆναι,</span> <span class='ocrx_word' id='word_1_481' title='bbox 3481 2178 3565 2229; x_wconf 70' lang='grc' dir='ltr'><strong>καὶ</strong></span> <span class='ocrx_word' id='word_1_482' title='bbox 3592 2178 3695 2229; x_wconf 81' lang='grc' dir='ltr'>ἀπο-</span> 
     </span>
    </p>
   </div>
   <div class='ocr_carea' id='block_1_64' title="bbox 2166 2266 3692 2339">
    <p class='ocr_par' dir='ltr' id='par_1_64' title="bbox 2166 2266 3692 2339">
     <span class='ocr_line' id='line_1_64' title="bbox 2166 2266 3692 2339; baseline -0.001 -18"><span class='ocrx_word' id='word_1_483' title='bbox 2166 2268 2407 2339; x_wconf 83' lang='grc' dir='ltr'>δημῆσαι</span> <span class='ocrx_word' id='word_1_484' title='bbox 2449 2266 2781 2339; x_wconf 85' lang='grc' dir='ltr'>μακρότερα,</span> <span class='ocrx_word' id='word_1_485' title='bbox 2813 2268 2906 2320; x_wconf 75' lang='grc' dir='ltr'>καὶ</span> <span class='ocrx_word' id='word_1_486' title='bbox 2937 2267 3102 2321; x_wconf 80' lang='grc' dir='ltr'>τᾶλλα</span> <span class='ocrx_word' id='word_1_487' title='bbox 3134 2266 3244 2337; x_wconf 81' lang='grc'>(95)</span> <span class='ocrx_word' id='word_1_488' title='bbox 3279 2267 3353 2319; x_wconf 81' lang='grc' dir='ltr'><strong>τὰ</strong></span> <span class='ocrx_word' id='word_1_489' title='bbox 3384 2267 3477 2337; x_wconf 81' lang='grc' dir='ltr'><strong>μὲν</strong></span> <span class='ocrx_word' id='word_1_490' title='bbox 3514 2271 3692 2339; x_wconf 77' lang='grc' dir='ltr'>ποιῆσαι</span> 
     </span>
    </p>
   </div>
   <div class='ocr_carea' id='block_1_65' title="bbox 2165 2357 3694 2433">
    <p class='ocr_par' dir='ltr' id='par_1_65' title="bbox 2165 2357 3694 2433">
     <span class='ocr_line' id='line_1_65' title="bbox 2165 2357 3694 2433; baseline -0.003 -19"><span class='ocrx_word' id='word_1_491' title='bbox 2165 2362 2361 2429; x_wconf 86' lang='grc' dir='ltr'>πάντα,</span> <span class='ocrx_word' id='word_1_492' title='bbox 2395 2361 2462 2415; x_wconf 78' lang='grc' dir='ltr'>τὰ</span> <span class='ocrx_word' id='word_1_493' title='bbox 2504 2361 2560 2414; x_wconf 81' lang='grc' dir='ltr'>δὲ</span> <span class='ocrx_word' id='word_1_494' title='bbox 2595 2362 2806 2424; x_wconf 78' lang='grc' dir='ltr'>παθεῖν,</span> <span class='ocrx_word' id='word_1_495' title='bbox 2835 2357 2916 2424; x_wconf 79' lang='grc' dir='ltr'>οἷς</span> <span class='ocrx_word' id='word_1_496' title='bbox 2952 2358 3211 2433; x_wconf 75' lang='grc' dir='ltr'>ἐμπειρία</span> <span class='ocrx_word' id='word_1_497' title='bbox 3260 2359 3590 2429; x_wconf 81' lang='grc' dir='ltr'>συλλέγεται’</span> <span class='ocrx_word' id='word_1_498' title='bbox 3618 2361 3694 2429; x_wconf 70' lang='grc' dir='ltr'><strong>τὴν</strong></span> 
     </span>
    </p>
   </div>
   <div class='ocr_carea' id='block_1_66' title="bbox 2162 2452 3693 2523">
    <p class='ocr_par' dir='ltr' id='par_1_66' title="bbox 2162 2452 3693 2523">
     <span class='ocr_line' id='line_1_66' title="bbox 2162 2452 3693 2523; baseline -0.003 -16"><span class='ocrx_word' id='word_1_499' title='bbox 2162 2454 2220 2507; x_wconf 85' lang='grc' dir='ltr'>δὲ</span> <span class='ocrx_word' id='word_1_500' title='bbox 2271 2452 2481 2523; x_wconf 79' lang='grc' dir='ltr'>σοφίαν,</span> <span class='ocrx_word' id='word_1_501' title='bbox 2522 2454 2557 2523; x_wconf 85' lang='grc' dir='ltr'>ἢ</span> <span class='ocrx_word' id='word_1_502' title='bbox 2599 2454 2760 2506; x_wconf 80' lang='grc' dir='ltr'>πᾶσιν</span> <span class='ocrx_word' id='word_1_503' title='bbox 2811 2453 3089 2505; x_wconf 78' lang='grc' dir='ltr'>ἐπιστατεῖ</span> <span class='ocrx_word' id='word_1_504' title='bbox 3139 2452 3279 2522; x_wconf 87' lang='grc'>(96),</span> <span class='ocrx_word' id='word_1_505' title='bbox 3318 2452 3413 2505; x_wconf 76' lang='grc' dir='ltr'>καὶ</span> <span class='ocrx_word' id='word_1_506' title='bbox 3459 2452 3614 2505; x_wconf 73' lang='grc' dir='ltr'>πάντα</span> <span class='ocrx_word' id='word_1_507' title='bbox 3650 2454 3693 2503; x_wconf 81' lang='grc' dir='ltr'>ἐν</span> 
     </span>
    </p>
   </div>
   <div class='ocr_carea' id='block_1_67' title="bbox 2163 2536 3693 2619">
    <p class='ocr_par' dir='ltr' id='par_1_67' title="bbox 2163 2536 3693 2619">
     <span class='ocr_line' id='line_1_67' title="bbox 2163 2536 3693 2619; baseline -0.002 -18"><span class='ocrx_word' id='word_1_508' title='bbox 2163 2550 2325 2619; x_wconf 81' lang='grc' dir='ltr'>ἑαυτῇ</span> <span class='ocrx_word' id='word_1_509' title='bbox 2368 2550 2433 2601; x_wconf 81' lang='grc' dir='ltr'>τὰ</span> <span class='ocrx_word' id='word_1_510' title='bbox 2482 2548 2621 2601; x_wconf 79' lang='grc' dir='ltr'>καλὰ</span> <span class='ocrx_word' id='word_1_511' title='bbox 2665 2536 3000 2601; x_wconf 75' lang='grc' dir='ltr'>συλλαὸοῧσα</span> <span class='ocrx_word' id='word_1_512' title='bbox 3042 2546 3154 2617; x_wconf 88' lang='grc'>(97)</span> <span class='ocrx_word' id='word_1_513' title='bbox 3200 2546 3345 2617; x_wconf 83' lang='grc' dir='ltr'>ἔχει,</span> <span class='ocrx_word' id='word_1_514' title='bbox 3392 2545 3464 2609; x_wconf 83' lang='grc' dir='ltr'><strong>ὡς</strong></span> <span class='ocrx_word' id='word_1_515' title='bbox 3507 2546 3589 2599; x_wconf 70' lang='grc' dir='ltr'><strong>καὶ</strong></span> <span class='ocrx_word' id='word_1_516' title='bbox 3624 2546 3693 2599; x_wconf 67' lang='grc' dir='ltr'>τὸν</span> 
     </span>
    </p>
   </div>
   <div class='ocr_carea' id='block_1_68' title="bbox 2160 2636 3690 2709">
    <p class='ocr_par' dir='ltr' id='par_1_68' title="bbox 2160 2636 3690 2709">
     <span class='ocr_line' id='line_1_68' title="bbox 2160 2636 3690 2709; baseline -0.004 -16"><span class='ocrx_word' id='word_1_517' title='bbox 2160 2640 2291 2693; x_wconf 82' lang='grc' dir='ltr'>Θεὸν</span> <span class='ocrx_word' id='word_1_518' title='bbox 2315 2639 2473 2693; x_wconf 75' lang='grc' dir='ltr'>αὑτὸν</span> <span class='ocrx_word' id='word_1_519' title='bbox 2502 2638 2659 2691; x_wconf 75' lang='grc' dir='ltr'>τοῦτο</span> <span class='ocrx_word' id='word_1_520' title='bbox 2685 2638 2881 2709; x_wconf 83' lang='grc' dir='ltr'>μᾶλλον</span> <span class='ocrx_word' id='word_1_521' title='bbox 2907 2638 2939 2709; x_wconf 67' lang='grc' dir='ltr'>ἦ</span> <span class='ocrx_word' id='word_1_522' title='bbox 2973 2655 3023 2689; x_wconf 87' lang='grc' dir='ltr'><strong>τι</strong></span> <span class='ocrx_word' id='word_1_523' title='bbox 3050 2636 3176 2690; x_wconf 79' lang='grc' dir='ltr'>ἄλλο</span> <span class='ocrx_word' id='word_1_524' title='bbox 3209 2636 3421 2707; x_wconf 86' lang='grc' dir='ltr'>χαίρειν</span> <span class='ocrx_word' id='word_1_525' title='bbox 3449 2636 3690 2695; x_wconf 79' lang='grc' dir='ltr'>ἀκούοντα,</span> 
     </span>
    </p>
   </div>
   <div class='ocr_carea' id='block_1_69' title="bbox 2160 2726 3692 2800">
    <p class='ocr_par' dir='ltr' id='par_1_69' title="bbox 2160 2726 3692 2800">
     <span class='ocr_line' id='line_1_69' title="bbox 2160 2726 3692 2800; baseline -0.004 -16"><span class='ocrx_word' id='word_1_526' title='bbox 2160 2730 2345 2800; x_wconf 77' lang='grc' dir='ltr'>ἐπειδὴ</span> <span class='ocrx_word' id='word_1_527' title='bbox 2388 2732 2633 2783; x_wconf 84' lang='grc' dir='ltr'>καλεῖται</span> <span class='ocrx_word' id='word_1_528' title='bbox 2682 2729 2894 2791; x_wconf 79' lang='grc' dir='ltr'>πολλοῖς</span> <span class='ocrx_word' id='word_1_529' title='bbox 2938 2728 3214 2799; x_wconf 85' lang='grc' dir='ltr'>ὀνόμασιν,</span> <span class='ocrx_word' id='word_1_530' title='bbox 3262 2727 3406 2780; x_wconf 75' lang='grc' dir='ltr'>οὕτω</span> <span class='ocrx_word' id='word_1_531' title='bbox 3448 2726 3624 2795; x_wconf 78' lang='grc' dir='ltr'>κοῦφόν</span> <span class='ocrx_word' id='word_1_532' title='bbox 3652 2742 3692 2777; x_wconf 82' lang='grc' dir='ltr'><strong>τι</strong></span> 
     </span>
    </p>
   </div>
   <div class='ocr_carea' id='block_1_70' title="bbox 2158 2814 3691 2888">
    <p class='ocr_par' dir='ltr' id='par_1_70' title="bbox 2158 2814 3691 2888">
     <span class='ocr_line' id='line_1_70' title="bbox 2158 2814 3691 2888; baseline -0.004 -17"><span class='ocrx_word' id='word_1_533' title='bbox 2158 2820 2250 2871; x_wconf 76' lang='grc' dir='ltr'><strong>καὶ</strong></span> <span class='ocrx_word' id='word_1_534' title='bbox 2296 2817 2677 2887; x_wconf 82' lang='grc' dir='ltr'>πεπατημένον</span> <span class='ocrx_word' id='word_1_535' title='bbox 2710 2820 2940 2888; x_wconf 81' lang='grc' dir='ltr'>πρᾶγμα</span> <span class='ocrx_word' id='word_1_536' title='bbox 2990 2816 3408 2888; x_wconf 76' lang='grc' dir='ltr'>ὑποληψόμεθα,</span> <span class='ocrx_word' id='word_1_537' title='bbox 3456 2816 3583 2869; x_wconf 81' lang='grc' dir='ltr'>ὥστε</span> <span class='ocrx_word' id='word_1_538' title='bbox 3622 2814 3691 2866; x_wconf 84' lang='grc' dir='ltr'>θε-</span> 
     </span>
    </p>
   </div>
   <div class='ocr_carea' id='block_1_71' title="bbox 2156 2906 3690 2982">
    <p class='ocr_par' dir='ltr' id='par_1_71' title="bbox 2156 2906 3690 2982">
     <span class='ocr_line' id='line_1_71' title="bbox 2156 2906 3690 2982; baseline -0.001 -18"><span class='ocrx_word' id='word_1_539' title='bbox 2156 2911 2317 2981; x_wconf 84' lang='grc' dir='ltr'>λῆσαι</span> <span class='ocrx_word' id='word_1_540' title='bbox 2343 2912 2450 2965; x_wconf 87' lang='grc' dir='ltr'>δεῖν</span> <span class='ocrx_word' id='word_1_541' title='bbox 2481 2912 2589 2982; x_wconf 87' lang='grc'>(98)</span> <span class='ocrx_word' id='word_1_542' title='bbox 2633 2911 2792 2981; x_wconf 88' lang='grc' dir='ltr'>μόνον</span> <span class='ocrx_word' id='word_1_543' title='bbox 2820 2911 2915 2965; x_wconf 73' lang='grc' dir='ltr'><strong>κα)¹</strong></span> <span class='ocrx_word' id='word_1_544' title='bbox 2960 2906 3095 2964; x_wconf 76' lang='grc' dir='ltr'>εἶναι</span> <span class='ocrx_word' id='word_1_545' title='bbox 3148 2911 3346 2979; x_wconf 61' lang='lat' dir='ltr'><strong>aeq/5v;</strong></span> <span class='ocrx_word' id='word_1_546' title='bbox 3381 2911 3574 2979; x_wconf 81' lang='grc' dir='ltr'>Πολλῆς</span> <span class='ocrx_word' id='word_1_547' title='bbox 3602 2908 3690 2976; x_wconf 86' lang='grc'>(99)</span> 
     </span>
    </p>
   </div>
   <div class='ocr_carea' id='block_1_72' title="bbox 2153 3002 3691 3076">
    <p class='ocr_par' dir='ltr' id='par_1_72' title="bbox 2153 3002 3691 3076">
     <span class='ocr_line' id='line_1_72' title="bbox 2153 3002 3691 3076; baseline -0.005 -19"><span class='ocrx_word' id='word_1_548' title='bbox 2153 3005 2309 3059; x_wconf 74' lang='grc' dir='ltr'>τοῦτο</span> <span class='ocrx_word' id='word_1_549' title='bbox 2350 3005 2448 3075; x_wconf 80' lang='grc' dir='ltr'>τῆς</span> <span class='ocrx_word' id='word_1_550' title='bbox 2486 3002 2773 3076; x_wconf 80' lang='grc' dir='ltr'>ἁμαθείας.</span> <span class='ocrx_word' id='word_1_551' title='bbox 2802 3005 2895 3056; x_wconf 80' lang='grc' dir='ltr'>Ἂν</span> <span class='ocrx_word' id='word_1_552' title='bbox 2925 3002 3099 3056; x_wconf 73' lang='grc' dir='ltr'>ταῦτα</span> <span class='ocrx_word' id='word_1_553' title='bbox 3128 3002 3379 3073; x_wconf 81' lang='grc' dir='ltr'>λέγωμεν</span> <span class='ocrx_word' id='word_1_554' title='bbox 3410 3002 3691 3064; x_wconf 75' lang='grc' dir='ltr'>αὐτοῖς,κ;ιὶ</span> 
     </span>
    </p>
   </div>
   <div class='ocr_carea' id='block_1_73' title="bbox 2076 3092 3692 3183">
    <p class='ocr_par' dir='ltr' id='par_1_73' title="bbox 2076 3092 3692 3183">
     <span class='ocr_line' id='line_1_73' title="bbox 2076 3092 3692 3183; baseline -0.006 -33"><span class='ocrx_word' id='word_1_555' title='bbox 2076 3125 2121 3183; x_wconf 72' lang='lat' dir='ltr'>C</span> <span class='ocrx_word' id='word_1_556' title='bbox 2155 3096 2294 3183; x_wconf 81' lang='grc' dir='ltr'>κατὰ</span> <span class='ocrx_word' id='word_1_557' title='bbox 2335 3096 2530 3168; x_wconf 73' lang='grc' dir='ltr'>μικρὸν</span> <span class='ocrx_word' id='word_1_558' title='bbox 2570 3097 2667 3167; x_wconf 81' lang='grc' dir='ltr'>τὴν</span> <span class='ocrx_word' id='word_1_559' title='bbox 2706 3095 2913 3164; x_wconf 83' lang='grc' dir='ltr'>πλάνην</span> <span class='ocrx_word' id='word_1_560' title='bbox 2957 3093 3413 3165; x_wconf 83' lang='grc' dir='ltr'>ἁνακαθαίρωμεν</span> <span class='ocrx_word' id='word_1_561' title='bbox 3450 3095 3540 3163; x_wconf 89' lang='grc' dir='ltr'>(Ι),</span> <span class='ocrx_word' id='word_1_562' title='bbox 3573 3092 3602 3160; x_wconf 65' lang='grc' dir='ltr'>ἦ</span> <span class='ocrx_word' id='word_1_563' title='bbox 3624 3107 3692 3183; x_wconf 72' lang='grc' dir='ltr'><strong>τις</strong></span> 
     </span>
    </p>
   </div>
   <div class='ocr_carea' id='block_1_74' title="bbox 2157 3180 3692 3257">
    <p class='ocr_par' dir='ltr' id='par_1_74' title="bbox 2157 3180 3692 3257">
     <span class='ocr_line' id='line_1_74' title="bbox 2157 3180 3692 3257; baseline -0.005 -16"><span class='ocrx_word' id='word_1_564' title='bbox 2157 3180 2314 3251; x_wconf 79' lang='grc' dir='ltr'>ἄλλος</span> <span class='ocrx_word' id='word_1_565' title='bbox 2362 3187 2467 3240; x_wconf 82' lang='grc' dir='ltr'><strong>τῶν</strong></span> <span class='ocrx_word' id='word_1_566' title='bbox 2518 3187 2927 3257; x_wconf 76' lang='grc' dir='ltr'>εὐμαθεστέρων</span> <span class='ocrx_word' id='word_1_567' title='bbox 2984 3186 3078 3238; x_wconf 70' lang='grc' dir='ltr'><strong>καὶ</strong></span> <span class='ocrx_word' id='word_1_568' title='bbox 3128 3184 3527 3256; x_wconf 83' lang='grc' dir='ltr'>συνετωτέρων,</span> <span class='ocrx_word' id='word_1_569' title='bbox 3566 3181 3692 3235; x_wconf 73' lang='grc' dir='ltr'>τοῦτο</span> 
     </span>
    </p>
   </div>
   <div class='ocr_carea' id='block_1_75' title="bbox 2156 3267 3690 3350">
    <p class='ocr_par' dir='ltr' id='par_1_75' title="bbox 2156 3267 3690 3350">
     <span class='ocr_line' id='line_1_75' title="bbox 2156 3267 3690 3350; baseline -0.007 -17"><span class='ocrx_word' id='word_1_570' title='bbox 2156 3282 2327 3333; x_wconf 85' lang='grc' dir='ltr'>ὲκεῖνο</span> <span class='ocrx_word' id='word_1_571' title='bbox 2374 3279 2513 3333; x_wconf 78' lang='grc' dir='ltr'>κατὰ</span> <span class='ocrx_word' id='word_1_572' title='bbox 2560 3278 2773 3350; x_wconf 85' lang='grc' dir='ltr'>πετρῶν</span> <span class='ocrx_word' id='word_1_573' title='bbox 2824 3278 3085 3348; x_wconf 83' lang='grc' dir='ltr'>σπείρειν,</span> <span class='ocrx_word' id='word_1_574' title='bbox 3132 3278 3225 3330; x_wconf 67' lang='grc' dir='ltr'><strong>καὶ</strong></span> <span class='ocrx_word' id='word_1_575' title='bbox 3270 3276 3453 3329; x_wconf 79' lang='grc' dir='ltr'>λαλεῖν</span> <span class='ocrx_word' id='word_1_576' title='bbox 3493 3277 3565 3337; x_wconf 80' lang='grc' dir='ltr'><strong>είς</strong></span> <span class='ocrx_word' id='word_1_577' title='bbox 3601 3267 3690 3325; x_wconf 73' lang='grc' dir='ltr'>ὦτα</span> 
     </span>
    </p>
   </div>
   <div class='ocr_carea' id='block_1_76' title="bbox 2158 3367 3690 3443">
    <p class='ocr_par' dir='ltr' id='par_1_76' title="bbox 2158 3367 3690 3443">
     <span class='ocr_line' id='line_1_76' title="bbox 2158 3367 3690 3443; baseline -0.006 -18"><span class='ocrx_word' id='word_1_578' title='bbox 2158 3371 2232 3443; x_wconf 81' lang='grc' dir='ltr'><strong>μὴ</strong></span> <span class='ocrx_word' id='word_1_579' title='bbox 2275 3372 2599 3425; x_wconf 84' lang='grc' dir='ltr'>ἀκουόντων.</span> <span class='ocrx_word' id='word_1_580' title='bbox 2631 3371 2817 3434; x_wconf 75' lang='grc' dir='ltr'>Οὕτως</span> <span class='ocrx_word' id='word_1_581' title='bbox 2871 3369 2976 3422; x_wconf 78' lang='grc' dir='ltr'>οὐδ’</span> <span class='ocrx_word' id='word_1_582' title='bbox 3006 3369 3135 3421; x_wconf 72' lang='grc' dir='ltr'>αὐτὸ</span> <span class='ocrx_word' id='word_1_583' title='bbox 3188 3368 3350 3422; x_wconf 77' lang='grc' dir='ltr'><strong>τοῦτὸ</strong></span> <span class='ocrx_word' id='word_1_584' title='bbox 3392 3370 3495 3421; x_wconf 86' lang='grc' dir='ltr'>είσι</span> <span class='ocrx_word' id='word_1_585' title='bbox 3548 3367 3690 3435; x_wconf 56' lang='grc' dir='ltr'>σοφοὶ,</span> 
     </span>
    </p>
   </div>
   <div class='ocr_carea' id='block_1_77' title="bbox 2152 3457 3694 3535">
    <p class='ocr_par' dir='ltr' id='par_1_77' title="bbox 2152 3457 3694 3535">
     <span class='ocr_line' id='line_1_77' title="bbox 2152 3457 3694 3535; baseline -0.005 -20"><span class='ocrx_word' id='word_1_586' title='bbox 2152 3462 2250 3535; x_wconf 79' lang='grc' dir='ltr'>τὴν</span> <span class='ocrx_word' id='word_1_587' title='bbox 2283 3463 2487 3515; x_wconf 75' lang='grc' dir='ltr'>ἑαυτῶν</span> <span class='ocrx_word' id='word_1_588' title='bbox 2534 3460 2819 3530; x_wconf 74' lang='grc' dir='ltr'>γινώσκειν</span> <span class='ocrx_word' id='word_1_589' title='bbox 2870 3460 3243 3514; x_wconf 81' lang='grc' dir='ltr'>ἀπαιδευσίαν.</span> <span class='ocrx_word' id='word_1_590' title='bbox 3291 3460 3402 3513; x_wconf 88' lang='grc' dir='ltr'>Καί</span> <span class='ocrx_word' id='word_1_591' title='bbox 3450 3476 3534 3530; x_wconf 85' lang='grc' dir='ltr'>μοι</span> <span class='ocrx_word' id='word_1_592' title='bbox 3575 3457 3694 3509; x_wconf 80' lang='grc' dir='ltr'>δοκεῖ</span> 
     </span>
    </p>
   </div>
   <div class='ocr_carea' id='block_1_78' title="bbox 2152 3549 3691 3625">
    <p class='ocr_par' dir='ltr' id='par_1_78' title="bbox 2152 3549 3691 3625">
     <span class='ocr_line' id='line_1_78' title="bbox 2152 3549 3691 3625; baseline -0.007 -17"><span class='ocrx_word' id='word_1_593' title='bbox 2152 3554 2330 3619; x_wconf 84' lang='grc' dir='ltr'>καλῶς</span> <span class='ocrx_word' id='word_1_594' title='bbox 2382 3556 2524 3625; x_wconf 79' lang='grc' dir='ltr'>ἔχειν</span> <span class='ocrx_word' id='word_1_595' title='bbox 2572 3555 2631 3607; x_wconf 86' lang='grc' dir='ltr'><strong>τὸ</strong></span> <span class='ocrx_word' id='word_1_596' title='bbox 2682 3554 2772 3607; x_wconf 81' lang='grc' dir='ltr'>τοῦ</span> <span class='ocrx_word' id='word_1_597' title='bbox 2835 3553 3177 3623; x_wconf 84' lang='grc' dir='ltr'>Σολομῶντος</span> <span class='ocrx_word' id='word_1_598' title='bbox 3239 3553 3370 3622; x_wconf 73' lang='grc' dir='ltr'>περὶ</span> <span class='ocrx_word' id='word_1_599' title='bbox 3430 3550 3595 3602; x_wconf 74' lang='grc' dir='ltr'>αὐτῶν</span> <span class='ocrx_word' id='word_1_600' title='bbox 3627 3549 3691 3598; x_wconf 79' lang='grc' dir='ltr'><strong>εἰ·</strong></span> 
     </span>
    </p>
   </div>
   <div class='ocr_carea' id='block_1_79' title="bbox 2150 3641 3686 3719">
    <p class='ocr_par' dir='ltr' id='par_1_79' title="bbox 2150 3641 3686 3719">
     <span class='ocr_line' id='line_1_79' title="bbox 2150 3641 3686 3719; baseline -0.005 -17"><span class='ocrx_word' id='word_1_601' title='bbox 2150 3652 2269 3702; x_wconf 85' lang='grc' dir='ltr'>πεῖν</span> <span class='ocrx_word' id='word_1_602' title='bbox 2296 3649 2370 3719; x_wconf 65' lang='grc' dir='ltr'><strong>(ἳ)</strong></span> <span class='ocrx_word' id='word_1_603' title='bbox 2391 3665 2403 3678; x_wconf 86' lang='grc'><strong>·</strong></span> <span class='ocrx_word' id='word_1_604' title='bbox 2440 3649 2603 3700; x_wconf 79' lang='grc' dir='ltr'>Ἔστι</span> <span class='ocrx_word' id='word_1_605' title='bbox 2642 3647 2916 3713; x_wconf 75' lang='grc' dir='ltr'>πονηρία,</span> <span class='ocrx_word' id='word_1_606' title='bbox 2947 3644 3025 3711; x_wconf 80' lang='grc' dir='ltr'><strong>ἣν</strong></span> <span class='ocrx_word' id='word_1_607' title='bbox 3050 3641 3214 3698; x_wconf 78' lang='grc' dir='ltr'>εἶδον</span> <span class='ocrx_word' id='word_1_608' title='bbox 3242 3642 3363 3697; x_wconf 77' lang='grc' dir='ltr'><strong>ὑπὸ</strong></span> <span class='ocrx_word' id='word_1_609' title='bbox 3392 3643 3496 3695; x_wconf 77' lang='grc' dir='ltr'><strong>τὸν</strong></span> <span class='ocrx_word' id='word_1_610' title='bbox 3525 3641 3686 3707; x_wconf 68' lang='grc' dir='ltr'><strong>ἥλιον.</strong></span> 
     </span>
    </p>
   </div>
   <div class='ocr_carea' id='block_1_80' title="bbox 2149 3730 3693 3809">
    <p class='ocr_par' dir='ltr' id='par_1_80' title="bbox 2149 3730 3693 3809">
     <span class='ocr_line' id='line_1_80' title="bbox 2149 3730 3693 3809; baseline -0.008 -16"><span class='ocrx_word' id='word_1_611' title='bbox 2149 3740 2335 3809; x_wconf 81' lang='grc' dir='ltr'>ἄνδρα</span> <span class='ocrx_word' id='word_1_612' title='bbox 2378 3740 2637 3803; x_wconf 78' lang='grc' dir='ltr'>δόξαντα</span> <span class='ocrx_word' id='word_1_613' title='bbox 2686 3739 2819 3805; x_wconf 79' lang='grc' dir='ltr'>παρ’</span> <span class='ocrx_word' id='word_1_614' title='bbox 2865 3736 3054 3801; x_wconf 80' lang='grc' dir='ltr'>ἐαυτῷ</span> <span class='ocrx_word' id='word_1_615' title='bbox 3103 3736 3301 3804; x_wconf 67' lang='grc' dir='ltr'>σοφεν</span> <span class='ocrx_word' id='word_1_616' title='bbox 3351 3730 3533 3788; x_wconf 75' lang='grc' dir='ltr'>εἶναι’</span> <span class='ocrx_word' id='word_1_617' title='bbox 3565 3732 3693 3784; x_wconf 70' lang='grc' dir='ltr'>καὶὸ</span> 
     </span>
    </p>
   </div>
   <div class='ocr_carea' id='block_1_81' title="bbox 2149 3824 3689 3897">
    <p class='ocr_par' dir='ltr' id='par_1_81' title="bbox 2149 3824 3689 3897">
     <span class='ocr_line' id='line_1_81' title="bbox 2149 3824 3689 3897; baseline -0.006 -17"><span class='ocrx_word' id='word_1_618' title='bbox 2149 3827 2337 3880; x_wconf 76' lang='grc' dir='ltr'>τούτου</span> <span class='ocrx_word' id='word_1_619' title='bbox 2390 3827 2769 3897; x_wconf 82' lang='grc' dir='ltr'>πονηρότερον,</span> <span class='ocrx_word' id='word_1_620' title='bbox 2825 3825 3098 3879; x_wconf 81' lang='grc' dir='ltr'>παιδεύειν</span> <span class='ocrx_word' id='word_1_621' title='bbox 3158 3824 3354 3887; x_wconf 77' lang='grc' dir='ltr'>ἄλλους</span> <span class='ocrx_word' id='word_1_622' title='bbox 3426 3838 3689 3875; x_wconf 76' lang='grc' dir='ltr'>πεπιστευο</span> 
     </span>
    </p>
   </div>
   <div class='ocr_carea' id='block_1_82' title="bbox 2152 3912 3692 3991">
    <p class='ocr_par' dir='ltr' id='par_1_82' title="bbox 2152 3912 3692 3991">
     <span class='ocr_line' id='line_1_82' title="bbox 2152 3912 3692 3991; baseline -0.004 -19"><span class='ocrx_word' id='word_1_623' title='bbox 2152 3920 2307 3991; x_wconf 77' lang='grc' dir='ltr'>μένον</span> <span class='ocrx_word' id='word_1_624' title='bbox 2356 3920 2445 3971; x_wconf 83' lang='grc' dir='ltr'><strong>τὸν</strong></span> <span class='ocrx_word' id='word_1_625' title='bbox 2499 3919 2633 3990; x_wconf 71' lang='grc' dir='ltr'>μηδὲ</span> <span class='ocrx_word' id='word_1_626' title='bbox 2688 3919 2787 3988; x_wconf 77' lang='grc' dir='ltr'>τῆς</span> <span class='ocrx_word' id='word_1_627' title='bbox 2822 3918 3028 3981; x_wconf 82' lang='grc' dir='ltr'>οίκείας</span> <span class='ocrx_word' id='word_1_628' title='bbox 3065 3917 3339 3988; x_wconf 78' lang='grc' dir='ltr'>ἀμαοείας</span> <span class='ocrx_word' id='word_1_629' title='bbox 3395 3912 3692 3970; x_wconf 72' lang='grc' dir='ltr'>ἐπαισθανό-</span> 
     </span>
    </p>
   </div>
   <div class='ocr_carea' id='block_1_83' title="bbox 2150 4030 2324 4082">
    <p class='ocr_par' dir='ltr' id='par_1_83' title="bbox 2150 4030 2324 4082">
     <span class='ocr_line' id='line_1_83' title="bbox 2150 4030 2324 4082; baseline 0.006 -18"><span class='ocrx_word' id='word_1_630' title='bbox 2150 4030 2324 4082; x_wconf 85' lang='grc' dir='ltr'>μενον.</span> 
     </span>
    </p>
   </div>
   <div class='ocr_carea' id='block_1_84' title="bbox 474 4166 2648 4238">
    <p class='ocr_par' dir='ltr' id='par_1_84' title="bbox 474 4166 2648 4238">
     <span class='ocr_line' id='line_1_84' title="bbox 474 4166 2648 4238; baseline -0.001 -15"><span class='ocrx_word' id='word_1_631' title='bbox 474 4179 578 4231; x_wconf 88' lang='lat' dir='ltr'><strong>est,</strong></span> <span class='ocrx_word' id='word_1_632' title='bbox 610 4168 744 4223; x_wconf 90' lang='lat' dir='ltr'><strong>alios</strong></span> <span class='ocrx_word' id='word_1_633' title='bbox 773 4167 1095 4222; x_wconf 89' lang='lat' dir='ltr'><strong>erudiendos</strong></span> <span class='ocrx_word' id='word_1_634' title='bbox 1124 4169 1381 4236; x_wconf 83' lang='lat' dir='ltr'><strong>suscepit,</strong></span> <span class='ocrx_word' id='word_1_635' title='bbox 1415 4168 1502 4236; x_wconf 90' lang='lat' dir='ltr'><strong>qui</strong></span> <span class='ocrx_word' id='word_1_636' title='bbox 1538 4181 1602 4220; x_wconf 88' lang='lat' dir='ltr'><strong>ne</strong></span> <span class='ocrx_word' id='word_1_637' title='bbox 1632 4166 1901 4221; x_wconf 88' lang='lat' dir='ltr'><strong>inscitiam</strong></span> <span class='ocrx_word' id='word_1_638' title='bbox 1933 4170 2151 4238; x_wconf 88' lang='lat' dir='ltr'><strong>quidem</strong></span> <span class='ocrx_word' id='word_1_639' title='bbox 2184 4185 2336 4226; x_wconf 88' lang='lat' dir='ltr'><strong>suam</strong></span> <span class='ocrx_word' id='word_1_640' title='bbox 2367 4169 2648 4238; x_wconf 85' lang='lat' dir='ltr'><strong>persentit.</strong></span> 
     </span>
    </p>
   </div>
   <div class='ocr_carea' id='block_1_85' title="bbox 547 4288 2055 4368">
    <p class='ocr_par' dir='ltr' id='par_1_85' title="bbox 547 4288 2041 4365">
     <span class='ocr_line' id='line_1_85' title="bbox 547 4288 2041 4365; baseline -0.001 -9"><span class='ocrx_word' id='word_1_641' title='bbox 547 4304 591 4333; x_wconf 72' lang='lat'><strong>”</strong></span> <span class='ocrx_word' id='word_1_642' title='bbox 617 4301 745 4356; x_wconf 76' lang='lat' dir='ltr'><strong>Luc.</strong></span> <span class='ocrx_word' id='word_1_643' title='bbox 779 4317 894 4365; x_wconf 76' lang='lat' dir='ltr'><strong>vnn,</strong></span> <span class='ocrx_word' id='word_1_644' title='bbox 919 4301 969 4353; x_wconf 89' lang='lat'><strong>6.</strong></span> <span class='ocrx_word' id='word_1_645' title='bbox 1046 4302 1087 4332; x_wconf 71' lang='grc' dir='ltr'><strong>νδ</strong></span> <span class='ocrx_word' id='word_1_646' title='bbox 1117 4301 1279 4354; x_wconf 78' lang='lat' dir='ltr'><strong>Eccli.</strong></span> <span class='ocrx_word' id='word_1_647' title='bbox 1320 4288 1444 4365; x_wconf 69' lang='lat' dir='ltr'><strong>xxv,</strong></span> <span class='ocrx_word' id='word_1_648' title='bbox 1476 4301 1554 4353; x_wconf 74' lang='lat'><strong>1:2.</strong></span> <span class='ocrx_word' id='word_1_649' title='bbox 1636 4300 1679 4331; x_wconf 72' lang='lat'><strong><em>9°</em></strong></span> <span class='ocrx_word' id='word_1_650' title='bbox 1710 4298 1887 4355; x_wconf 86' lang='lat' dir='ltr'><strong>Eccle.</strong></span> <span class='ocrx_word' id='word_1_651' title='bbox 1920 4316 1979 4363; x_wconf 64' lang='grc' dir='ltr'><strong>κ,</strong></span> <span class='ocrx_word' id='word_1_652' title='bbox 2009 4301 2041 4355; x_wconf 86' lang='grc'><strong>5</strong></span> 
     </span>
    </p>
   </div>
   <div class='ocr_carea' id='block_1_86' title="bbox 2165 4288 2568 4368">
    <p class='ocr_par' dir='ltr' id='par_1_86' title="bbox 2165 4303 2568 4366">
     <span class='ocr_line' id='line_1_86' title="bbox 2165 4303 2568 4366; baseline -0.002 -10"><span class='ocrx_word' id='word_1_653' title='bbox 2165 4316 2275 4356; x_wconf 92' lang='lat' dir='ltr'><strong>rov.</strong></span> <span class='ocrx_word' id='word_1_654' title='bbox 2303 4318 2450 4366; x_wconf 74' lang='lat' dir='ltr'><strong>xxvi,</strong></span> <span class='ocrx_word' id='word_1_655' title='bbox 2484 4303 2568 4355; x_wconf 74' lang='grc' dir='ltr'><strong>Η..</strong></span> 
     </span>
    </p>
   </div>
   <div class='ocr_carea' id='block_1_87' title="bbox 541 4418 2033 4499">
    <p class='ocr_par' dir='ltr' id='par_1_87' title="bbox 541 4418 2033 4499">
     <span class='ocr_line' id='line_1_87' title="bbox 541 4418 2033 4499; baseline -0.001 -26"><span class='ocrx_word' id='word_1_656' title='bbox 541 4420 651 4490; x_wconf 88' lang='grc'>(87)</span> <span class='ocrx_word' id='word_1_657' title='bbox 692 4420 1104 4499; x_wconf 62' lang='grc' dir='ltr'><strong>Πνευμριτικοίς</strong></span> <span class='ocrx_word' id='word_1_658' title='bbox 1140 4419 1200 4499; x_wconf 25' lang='lat' dir='ltr'><strong>“In</strong></span> <span class='ocrx_word' id='word_1_659' title='bbox 1250 4419 1485 4499; x_wconf 68' lang='lat' dir='ltr'><strong>margine</strong></span> <span class='ocrx_word' id='word_1_660' title='bbox 1530 4418 1682 4475; x_wconf 89' lang='lat' dir='ltr'><strong>Colb.</strong></span> <span class='ocrx_word' id='word_1_661' title='bbox 1733 4418 1853 4471; x_wconf 75' lang='grc' dir='ltr'>καθ’</span> <span class='ocrx_word' id='word_1_662' title='bbox 1904 4419 2033 4471; x_wconf 73' lang='grc' dir='ltr'>ὑπό-</span> 
     </span>
    </p>
   </div>
   <div class='ocr_carea' id='block_1_88' title="bbox 472 4491 1533 4562">
    <p class='ocr_par' dir='ltr' id='par_1_88' title="bbox 472 4491 1533 4562">
     <span class='ocr_line' id='line_1_88' title="bbox 472 4491 1533 4562; baseline -0.002 -17"><span class='ocrx_word' id='word_1_663' title='bbox 472 4507 675 4562; x_wconf 82' lang='grc' dir='ltr'>κρισιν,</span> <span class='ocrx_word' id='word_1_664' title='bbox 710 4509 727 4542; x_wconf 80' lang='grc' dir='ltr'>ι</span> <span class='ocrx_word' id='word_1_665' title='bbox 759 4506 863 4562; x_wconf 78' lang='lat' dir='ltr'><strong>per</strong></span> <span class='ocrx_word' id='word_1_666' title='bbox 886 4491 1216 4562; x_wconf 80' lang='lat' dir='ltr'><strong>hypocrisim</strong></span> <span class='ocrx_word' id='word_1_667' title='bbox 1241 4505 1302 4542; x_wconf 90' lang='lat' dir='ltr'><strong>ac</strong></span> <span class='ocrx_word' id='word_1_668' title='bbox 1330 4491 1472 4543; x_wconf 90' lang='lat' dir='ltr'><strong>licte.</strong></span> <span class='ocrx_word' id='word_1_669' title='bbox 1514 4509 1533 4542; x_wconf 78' lang='grc' dir='ltr'>ι</span> 
     </span>
    </p>
   </div>
   <div class='ocr_carea' id='block_1_89' title="bbox 539 4559 2030 4630">
    <p class='ocr_par' dir='ltr' id='par_1_89' title="bbox 539 4559 2030 4630">
     <span class='ocr_line' id='line_1_89' title="bbox 539 4559 2030 4630; baseline -0.003 -14"><span class='ocrx_word' id='word_1_670' title='bbox 539 4560 955 4630; x_wconf 61' lang='lat' dir='ltr'><strong>(88)Md.t.10r.</strong></span> <span class='ocrx_word' id='word_1_671' title='bbox 1006 4560 1163 4613; x_wconf 85' lang='lat' dir='ltr'><strong>Deest</strong></span> <span class='ocrx_word' id='word_1_672' title='bbox 1204 4559 1257 4612; x_wconf 91' lang='lat' dir='ltr'><strong>in</strong></span> <span class='ocrx_word' id='word_1_673' title='bbox 1290 4569 1512 4630; x_wconf 81' lang='lat' dir='ltr'><strong>septem</strong></span> <span class='ocrx_word' id='word_1_674' title='bbox 1575 4560 1739 4629; x_wconf 71' lang='lat' dir='ltr'><strong>llcgg.</strong></span> <span class='ocrx_word' id='word_1_675' title='bbox 1801 4559 2030 4626; x_wconf 86' lang='lat' dir='ltr'><strong>aliisque</strong></span> 
     </span>
    </p>
   </div>
   <div class='ocr_carea' id='block_1_90' title="bbox 468 4628 2029 4713">
    <p class='ocr_par' dir='ltr' id='par_1_90' title="bbox 468 4628 2029 4713">
     <span class='ocr_line' id='line_1_90' title="bbox 468 4628 2029 4713; baseline -0.003 -27"><span class='ocrx_word' id='word_1_676' title='bbox 468 4628 758 4713; x_wconf 61' lang='lat' dir='ltr'><strong>nonnullis.</strong></span> <span class='ocrx_word' id='word_1_677' title='bbox 820 4628 1036 4701; x_wconf 87' lang='lat' dir='ltr'><strong>Legitur</strong></span> <span class='ocrx_word' id='word_1_678' title='bbox 1071 4638 1244 4683; x_wconf 89' lang='lat' dir='ltr'><strong>tamen</strong></span> <span class='ocrx_word' id='word_1_679' title='bbox 1286 4628 1337 4683; x_wconf 89' lang='lat' dir='ltr'><strong>in</strong></span> <span class='ocrx_word' id='word_1_680' title='bbox 1362 4631 1602 4699; x_wconf 83' lang='lat' dir='ltr'><strong>pluribus</strong></span> <span class='ocrx_word' id='word_1_681' title='bbox 1646 4628 1859 4698; x_wconf 84' lang='lat' dir='ltr'><strong>optimae</strong></span> <span class='ocrx_word' id='word_1_682' title='bbox 1892 4642 2029 4683; x_wconf 77' lang='lat' dir='ltr'><strong>nota:</strong></span> 
     </span>
    </p>
   </div>
   <div class='ocr_carea' id='block_1_91' title="bbox 466 4702 2025 4843">
    <p class='ocr_par' dir='ltr' id='par_1_91' title="bbox 466 4702 2025 4843">
     <span class='ocr_line' id='line_1_91' title="bbox 466 4702 760 4758; baseline -0.014 -1"><span class='ocrx_word' id='word_1_683' title='bbox 466 4702 760 4758; x_wconf 87' lang='lat' dir='ltr'><strong>codicibus.</strong></span> 
     </span>
     <span class='ocr_line' id='line_1_92' title="bbox 534 4764 2025 4843; baseline -0.004 -18"><span class='ocrx_word' id='word_1_684' title='bbox 534 4770 647 4843; x_wconf 89' lang='grc'>(89)</span> <span class='ocrx_word' id='word_1_685' title='bbox 687 4764 1154 4843; x_wconf 58' lang='grc' dir='ltr'>Προϐιϐάζοιζτες.</span> <span class='ocrx_word' id='word_1_686' title='bbox 1186 4766 1276 4822; x_wconf 87' lang='lat' dir='ltr'><strong>Sic</strong></span> <span class='ocrx_word' id='word_1_687' title='bbox 1302 4766 1465 4836; x_wconf 78' lang='lat' dir='ltr'><strong>Regg.</strong></span> <span class='ocrx_word' id='word_1_688' title='bbox 1499 4768 1552 4843; x_wconf 74' lang='grc' dir='ltr'><strong>ι),</strong></span> <span class='ocrx_word' id='word_1_689' title='bbox 1589 4768 1629 4843; x_wconf 83' lang='lat' dir='ltr'><strong>l,_</strong></span> <span class='ocrx_word' id='word_1_690' title='bbox 1662 4783 1733 4830; x_wconf 84' lang='grc' dir='ltr'>ιιι,</span> <span class='ocrx_word' id='word_1_691' title='bbox 1765 4765 1921 4843; x_wconf 66' lang='grc' dir='ltr'><strong>Δ(3011).</strong></span> <span class='ocrx_word' id='word_1_692' title='bbox 1952 4781 2025 4843; x_wconf 72' lang='grc' dir='ltr'><strong>ιη,</strong></span> 
     </span>
    </p>
   </div>
   <div class='ocr_carea' id='block_1_92' title="bbox 464 4836 2026 4910">
    <p class='ocr_par' dir='ltr' id='par_1_92' title="bbox 464 4836 2026 4910">
     <span class='ocr_line' id='line_1_93' title="bbox 464 4836 2026 4910; baseline -0.006 -14"><span class='ocrx_word' id='word_1_693' title='bbox 464 4836 595 4906; x_wconf 53' lang='lat' dir='ltr'><strong>etc},</strong></span> <span class='ocrx_word' id='word_1_694' title='bbox 627 4836 777 4910; x_wconf 74' lang='lat' dir='ltr'><strong>cujus</strong></span> <span class='ocrx_word' id='word_1_695' title='bbox 808 4840 1069 4910; x_wconf 23' lang='lat' dir='ltr'><strong>vocis‘vis</strong></span> <span class='ocrx_word' id='word_1_696' title='bbox 1099 4842 1209 4910; x_wconf 73' lang='lat' dir='ltr'><strong>[nec</strong></span> <span class='ocrx_word' id='word_1_697' title='bbox 1240 4846 1341 4900; x_wconf 83' lang='lat' dir='ltr'><strong>est,</strong></span> <span class='ocrx_word' id='word_1_698' title='bbox 1381 4857 1399 4887; x_wconf 84' lang='grc'><strong>‹</strong></span> <span class='ocrx_word' id='word_1_699' title='bbox 1447 4836 2026 4910; x_wconf 72' lang='lat' dir='ltr'><strong>ratiocinandograda-</strong></span> 
     </span>
    </p>
   </div>
   <div class='ocr_carea' id='block_1_93' title="bbox 467 4904 2018 4981">
    <p class='ocr_par' dir='ltr' id='par_1_93' title="bbox 467 4904 2018 4981">
     <span class='ocr_line' id='line_1_94' title="bbox 467 4904 2018 4981; baseline -0.004 -17"><span class='ocrx_word' id='word_1_700' title='bbox 467 4912 561 4965; x_wconf 90' lang='lat' dir='ltr'><strong>tim</strong></span> <span class='ocrx_word' id='word_1_701' title='bbox 581 4904 860 4981; x_wconf 23' lang='lat' dir='ltr'><strong>‘urgeiites.</strong></span> <span class='ocrx_word' id='word_1_702' title='bbox 901 4928 919 4981; x_wconf 65' lang='grc' dir='ltr'>ι</span> <span class='ocrx_word' id='word_1_703' title='bbox 950 4907 1049 4981; x_wconf 41' lang='lat' dir='ltr'><strong>alii</strong></span> <span class='ocrx_word' id='word_1_704' title='bbox 1080 4907 1291 4961; x_wconf 90' lang='lat' dir='ltr'><strong>codices</strong></span> <span class='ocrx_word' id='word_1_705' title='bbox 1327 4909 1524 4962; x_wconf 85' lang='lat' dir='ltr'><strong>habent</strong></span> <span class='ocrx_word' id='word_1_706' title='bbox 1574 4904 2018 4978; x_wconf 78' lang='grc' dir='ltr'>συμϐιὸάζοντες.</span> 
     </span>
    </p>
   </div>
   <div class='ocr_carea' id='block_1_94' title="bbox 464 4975 2019 5135">
    <p class='ocr_par' dir='ltr' id='par_1_94' title="bbox 464 4975 2019 5135">
     <span class='ocr_line' id='line_1_95' title="bbox 464 4975 1656 5041; baseline -0.01 -7"><span class='ocrx_word' id='word_1_707' title='bbox 464 4980 561 5036; x_wconf 85' lang='lat' dir='ltr'><strong>Ed.</strong></span> <span class='ocrx_word' id='word_1_708' title='bbox 597 4975 717 5035; x_wconf 50' lang='lat' dir='ltr'><strong>Ba‘s.</strong></span> <span class='ocrx_word' id='word_1_709' title='bbox 748 4998 789 5032; x_wconf 90' lang='grc' dir='ltr'><strong>π</strong></span> <span class='ocrx_word' id='word_1_710' title='bbox 825 4975 1218 5041; x_wconf 77' lang='grc' dir='ltr'>οσὸιὸάζοντες.</span> <span class='ocrx_word' id='word_1_711' title='bbox 1647 4975 1656 4978; x_wconf 69' lang='grc'>⁷</span> 
     </span>
     <span class='ocr_line' id='line_1_96' title="bbox 500 5000 2019 5135; baseline -0.005 -30"><span class='ocrx_word' id='word_1_712' title='bbox 500 5052 647 5135; x_wconf 40' lang='grc'>,(90)</span> <span class='ocrx_word' id='word_1_713' title='bbox 694 5051 753 5104; x_wconf 83' lang='grc' dir='ltr'>Τί</span> <span class='ocrx_word' id='word_1_714' title='bbox 783 5000 900 5103; x_wconf 62' lang='lat' dir='ltr'><strong>gat.</strong></span> <span class='ocrx_word' id='word_1_715' title='bbox 928 5048 1177 5115; x_wconf 86' lang='lat' dir='ltr'><strong>Plerique</strong></span> <span class='ocrx_word' id='word_1_716' title='bbox 1204 5044 1369 5115; x_wconf 75' lang='lat' dir='ltr'><strong>chg.</strong></span> <span class='ocrx_word' id='word_1_717' title='bbox 1410 5045 1519 5101; x_wconf 82' lang='lat' dir='ltr'><strong>Jes.</strong></span> <span class='ocrx_word' id='word_1_718' title='bbox 1568 5056 1621 5100; x_wconf 91' lang='lat' dir='ltr'><strong>et</strong></span> <span class='ocrx_word' id='word_1_719' title='bbox 1659 5047 1843 5118; x_wconf 89' lang='lat' dir='ltr'><strong>plures</strong></span> <span class='ocrx_word' id='word_1_720' title='bbox 1869 5045 2019 5101; x_wconf 88' lang='lat' dir='ltr'><strong>Colb.</strong></span> 
     </span>
    </p>
   </div>
   <div class='ocr_carea' id='block_1_95' title="bbox 460 5121 2020 5261">
    <p class='ocr_par' dir='ltr' id='par_1_95' title="bbox 460 5121 2020 5261">
     <span class='ocr_line' id='line_1_97' title="bbox 460 5121 2020 5261; baseline -0.004 -16"><span class='ocrx_word' id='word_1_721' title='bbox 460 5121 639 5261; x_wconf 50' lang='grc' dir='ltr'><strong>ἷι</strong></span> <span class='ocrx_word' id='word_1_722' title='bbox 682 5184 766 5261; x_wconf 75' lang='grc' dir='ltr'><strong>Εὖ</strong></span> <span class='ocrx_word' id='word_1_723' title='bbox 795 5183 924 5261; x_wconf 78' lang='grc' dir='ltr'>οἵδ’.</span> <span class='ocrx_word' id='word_1_724' title='bbox 957 5179 1030 5238; x_wconf 80' lang='grc' dir='ltr'><strong>Εὖ</strong></span> <span class='ocrx_word' id='word_1_725' title='bbox 1058 5182 1206 5236; x_wconf 87' lang='lat' dir='ltr'><strong>deest</strong></span> <span class='ocrx_word' id='word_1_726' title='bbox 1254 5182 1306 5235; x_wconf 88' lang='lat' dir='ltr'><strong>in</strong></span> <span class='ocrx_word' id='word_1_727' title='bbox 1331 5192 1559 5250; x_wconf 89' lang='lat' dir='ltr'><strong>quatuor</strong></span> <span class='ocrx_word' id='word_1_728' title='bbox 1594 5184 1783 5255; x_wconf 81' lang='lat' dir='ltr'><strong>Regg.,</strong></span> <span class='ocrx_word' id='word_1_729' title='bbox 1818 5195 2020 5255; x_wconf 88' lang='lat' dir='ltr'><strong>septem</strong></span> 
     </span>
    </p>
   </div>
   <div class='ocr_carea' id='block_1_96' title="bbox 454 5258 2015 5455">
    <p class='ocr_par' dir='ltr' id='par_1_96' title="bbox 454 5258 2015 5455">
     <span class='ocr_line' id='line_1_98' title="bbox 457 5258 1365 5337; baseline -0.009 -23"><span class='ocrx_word' id='word_1_730' title='bbox 457 5258 815 5315; x_wconf 43' lang='lat' dir='ltr'><strong>Colb.&#39;et0r.</strong></span> <span class='ocrx_word' id='word_1_731' title='bbox 863 5259 908 5311; x_wconf 80' lang='grc'><strong>1.</strong></span> <span class='ocrx_word' id='word_1_732' title='bbox 1356 5327 1365 5337; x_wconf 41' lang='grc'><strong>⁸</strong></span> 
     </span>
     <span class='ocr_line' id='line_1_99' title="bbox 454 5326 2015 5455; baseline -0.004 -71"><span class='ocrx_word' id='word_1_733' title='bbox 454 5330 646 5455; x_wconf 49' lang='grc' dir='ltr'><strong>Πξὲ)</strong></span> <span class='ocrx_word' id='word_1_734' title='bbox 666 5330 786 5455; x_wconf 55' lang='lat'><strong>81:3)</strong></span> <span class='ocrx_word' id='word_1_735' title='bbox 808 5327 1140 5399; x_wconf 76' lang='grc' dir='ltr'>αὐλήσεως.</span> <span class='ocrx_word' id='word_1_736' title='bbox 1174 5341 1279 5386; x_wconf 85' lang='lat' dir='ltr'><strong>etc.</strong></span> <span class='ocrx_word' id='word_1_737' title='bbox 1312 5330 1401 5383; x_wconf 80' lang='lat' dir='ltr'><strong>Sic</strong></span> <span class='ocrx_word' id='word_1_738' title='bbox 1429 5326 1613 5379; x_wconf 86' lang='lat' dir='ltr'><strong>Horat.</strong></span> <span class='ocrx_word' id='word_1_739' title='bbox 1642 5326 1760 5377; x_wconf 76' lang='lat' dir='ltr'><strong>Arte</strong></span> <span class='ocrx_word' id='word_1_740' title='bbox 1800 5336 1933 5393; x_wconf 87' lang='lat' dir='ltr'><strong>poet.</strong></span> <span class='ocrx_word' id='word_1_741' title='bbox 1970 5341 2015 5378; x_wconf 81' lang='grc' dir='ltr'>ν.</span> 
     </span>
    </p>
   </div>
   <div class='ocr_carea' id='block_1_97' title="bbox 594 5411 1699 5539">
    <p class='ocr_par' dir='ltr' id='par_1_97' title="bbox 594 5411 1699 5539">
     <span class='ocr_line' id='line_1_100' title="bbox 594 5411 1699 5539; baseline -0.007 -16"><span class='ocrx_word' id='word_1_742' title='bbox 594 5411 646 5454; x_wconf 63' lang='lat' dir='ltr'><strong>el</strong></span> <span class='ocrx_word' id='word_1_743' title='bbox 666 5416 781 5469; x_wconf 48' lang='lat' dir='ltr'><strong>seq.</strong></span> <span class='ocrx_word' id='word_1_744' title='bbox 1171 5471 1272 5537; x_wconf 86' lang='lat' dir='ltr'><strong>Qui</strong></span> <span class='ocrx_word' id='word_1_745' title='bbox 1306 5468 1495 5539; x_wconf 81' lang='lat' dir='ltr'><strong>Pythia</strong></span> <span class='ocrx_word' id='word_1_746' title='bbox 1522 5472 1699 5519; x_wconf 82' lang='lat' dir='ltr'><strong>cantat</strong></span> 
     </span>
    </p>
   </div>
   <div class='ocr_carea' id='block_1_98' title="bbox 529 5534 1911 5610">
    <p class='ocr_par' dir='ltr' id='par_1_98' title="bbox 529 5534 1911 5610">
     <span class='ocr_line' id='line_1_101' title="bbox 529 5534 1911 5610; baseline -0.005 -17"><span class='ocrx_word' id='word_1_747' title='bbox 529 5538 761 5610; x_wconf 66' lang='lat' dir='ltr'><strong>Tibicen,</strong></span> <span class='ocrx_word' id='word_1_748' title='bbox 785 5542 967 5595; x_wconf 84' lang='lat' dir='ltr'><strong>didicit</strong></span> <span class='ocrx_word' id='word_1_749' title='bbox 1001 5534 1545 5610; x_wconf 26' lang='lat' dir='ltr'><strong>priusiextim&#39;uitque</strong></span> <span class='ocrx_word' id='word_1_750' title='bbox 1584 5534 1911 5602; x_wconf 77' lang='lat' dir='ltr'><strong>magistrum.</strong></span> 
     </span>
    </p>
   </div>
   <div class='ocr_carea' id='block_1_99' title="bbox 523 5608 1912 5681">
    <p class='ocr_par' dir='ltr' id='par_1_99' title="bbox 523 5608 1912 5681">
     <span class='ocr_line' id='line_1_102' title="bbox 523 5608 1912 5681; baseline -0.004 -18"><span class='ocrx_word' id='word_1_751' title='bbox 523 5608 635 5681; x_wconf 59' lang='lat' dir='ltr'><strong>Nec</strong></span> <span class='ocrx_word' id='word_1_752' title='bbox 671 5611 797 5662; x_wconf 77' lang='lat' dir='ltr'><strong>satis</strong></span> <span class='ocrx_word' id='word_1_753' title='bbox 830 5623 901 5662; x_wconf 73' lang='lat' dir='ltr'><strong>est</strong></span> <span class='ocrx_word' id='word_1_754' title='bbox 927 5608 1259 5681; x_wconf 15' lang='lat' dir='ltr'><strong>dixisse,rego</strong></span> <span class='ocrx_word' id='word_1_755' title='bbox 1288 5611 1419 5663; x_wconf 86' lang='lat' dir='ltr'><strong>mira</strong></span> <span class='ocrx_word' id='word_1_756' title='bbox 1451 5614 1690 5681; x_wconf 70' lang='lat' dir='ltr'><strong>poemata</strong></span> <span class='ocrx_word' id='word_1_757' title='bbox 1722 5620 1912 5672; x_wconf 83' lang='lat' dir='ltr'><strong>pango.</strong></span> 
     </span>
    </p>
   </div>
   <div class='ocr_carea' id='block_1_100' title="bbox 521 5676 1682 5749">
    <p class='ocr_par' dir='ltr' id='par_1_100' title="bbox 521 5676 1682 5749">
     <span class='ocr_line' id='line_1_103' title="bbox 521 5676 1682 5749; baseline -0.003 -16"><span class='ocrx_word' id='word_1_758' title='bbox 521 5679 636 5749; x_wconf 81' lang='lat'>(95)</span> <span class='ocrx_word' id='word_1_759' title='bbox 668 5682 1052 5735; x_wconf 73' lang='grc' dir='ltr'>Καταϐαλεῖν.</span> <span class='ocrx_word' id='word_1_760' title='bbox 1085 5676 1273 5737; x_wconf 69' lang='grc' dir='ltr'>Οὸηῖι).</span> <span class='ocrx_word' id='word_1_761' title='bbox 1308 5676 1682 5735; x_wconf 78' lang='grc' dir='ltr'>καταϐάλλειν.</span> 
     </span>
    </p>
   </div>
   <div class='ocr_carea' id='block_1_101' title="bbox 524 5749 2013 5822">
    <p class='ocr_par' dir='ltr' id='par_1_101' title="bbox 524 5749 2013 5822">
     <span class='ocr_line' id='line_1_104' title="bbox 524 5749 2013 5822; baseline -0.005 -17"><span class='ocrx_word' id='word_1_762' title='bbox 524 5750 635 5813; x_wconf 88' lang='lat' dir='ltr'><strong>t9l)</strong></span> <span class='ocrx_word' id='word_1_763' title='bbox 676 5750 1100 5820; x_wconf 68' lang='grc' dir='ltr'>Προσαγωγῶιο.</span> <span class='ocrx_word' id='word_1_764' title='bbox 1125 5752 1309 5809; x_wconf 90' lang='lat' dir='ltr'><strong>Comb.</strong></span> <span class='ocrx_word' id='word_1_765' title='bbox 1344 5773 1360 5804; x_wconf 77' lang='grc' dir='ltr'>ι</span> <span class='ocrx_word' id='word_1_766' title='bbox 1391 5752 1481 5822; x_wconf 91' lang='lat' dir='ltr'><strong>qui</strong></span> <span class='ocrx_word' id='word_1_767' title='bbox 1508 5749 1711 5801; x_wconf 83' lang='lat' dir='ltr'><strong>aditum</strong></span> <span class='ocrx_word' id='word_1_768' title='bbox 1738 5754 2013 5817; x_wconf 72' lang='lat' dir='ltr'><strong>prmstent,</strong></span> 
     </span>
    </p>
   </div>
   <div class='ocr_carea' id='block_1_102' title="bbox 2141 4413 3689 4489">
    <p class='ocr_par' dir='ltr' id='par_1_102' title="bbox 2141 4413 3689 4489">
     <span class='ocr_line' id='line_1_105' title="bbox 2141 4413 3689 4489; baseline -0.003 -17"><span class='ocrx_word' id='word_1_769' title='bbox 2141 4417 2532 4472; x_wconf 90' lang='lat' dir='ltr'><strong>conciliatores.</strong></span> <span class='ocrx_word' id='word_1_770' title='bbox 2571 4436 2589 4468; x_wconf 82' lang='grc' dir='ltr'>ι</span> <span class='ocrx_word' id='word_1_771' title='bbox 2632 4416 2749 4471; x_wconf 85' lang='lat' dir='ltr'><strong>Bill.</strong></span> <span class='ocrx_word' id='word_1_772' title='bbox 2790 4416 2959 4489; x_wconf 91' lang='lat' dir='ltr'><strong>prima</strong></span> <span class='ocrx_word' id='word_1_773' title='bbox 3003 4416 3259 4485; x_wconf 87' lang='lat' dir='ltr'><strong>editione,</strong></span> <span class='ocrx_word' id='word_1_774' title='bbox 3301 4436 3323 4469; x_wconf 70' lang='grc' dir='ltr'>ι</span> <span class='ocrx_word' id='word_1_775' title='bbox 3369 4413 3689 4471; x_wconf 68' lang='lat' dir='ltr'><strong>commend:-</strong></span> 
     </span>
    </p>
   </div>
   <div class='ocr_carea' id='block_1_103' title="bbox 2066 4476 2361 4541">
    <p class='ocr_par' dir='ltr' id='par_1_103' title="bbox 2066 4476 2361 4541">
     <span class='ocr_line' id='line_1_106' title="bbox 2066 4476 2361 4541; baseline -0.01 0"><span class='ocrx_word' id='word_1_776' title='bbox 2066 4476 2109 4529; x_wconf 75' lang='grc' dir='ltr'>Ι)</span> <span class='ocrx_word' id='word_1_777' title='bbox 2138 4496 2301 4541; x_wconf 90' lang='lat' dir='ltr'><strong>tores.</strong></span> <span class='ocrx_word' id='word_1_778' title='bbox 2343 4505 2361 4538; x_wconf 80' lang='grc' dir='ltr'>ι</span> 
     </span>
    </p>
   </div>
   <div class='ocr_carea' id='block_1_104' title="bbox 2231 4552 3689 4627">
    <p class='ocr_par' dir='ltr' id='par_1_104' title="bbox 2231 4552 3689 4627">
     <span class='ocr_line' id='line_1_107' title="bbox 2231 4552 3689 4627; baseline -0.003 -16"><span class='ocrx_word' id='word_1_779' title='bbox 2231 4555 2319 4627; x_wconf 87' lang='grc'>95)</span> <span class='ocrx_word' id='word_1_780' title='bbox 2356 4557 2567 4609; x_wconf 54' lang='lat' dir='ltr'><strong>Tritia.</strong></span> <span class='ocrx_word' id='word_1_781' title='bbox 2606 4557 2659 4609; x_wconf 93' lang='lat' dir='ltr'><strong>In</strong></span> <span class='ocrx_word' id='word_1_782' title='bbox 2690 4556 2820 4626; x_wconf 77' lang='lat' dir='ltr'><strong>Reg.</strong></span> <span class='ocrx_word' id='word_1_783' title='bbox 2856 4566 2893 4621; x_wconf 89' lang='grc' dir='ltr'>ι,</span> <span class='ocrx_word' id='word_1_784' title='bbox 2931 4558 3269 4612; x_wconf 86' lang='lat' dir='ltr'><strong>desideratur</strong></span> <span class='ocrx_word' id='word_1_785' title='bbox 3303 4574 3317 4610; x_wconf 89' lang='lat'>:</span> <span class='ocrx_word' id='word_1_786' title='bbox 3352 4558 3405 4611; x_wconf 91' lang='lat' dir='ltr'><strong>in</strong></span> <span class='ocrx_word' id='word_1_787' title='bbox 3430 4552 3557 4627; x_wconf 63' lang='lat' dir='ltr'><strong>Reg.</strong></span> <span class='ocrx_word' id='word_1_788' title='bbox 3588 4553 3619 4611; x_wconf 85' lang='lat' dir='ltr'><strong>I.</strong></span> <span class='ocrx_word' id='word_1_789' title='bbox 3647 4561 3689 4601; x_wconf 75' lang='lat' dir='ltr'><strong>et</strong></span> 
     </span>
    </p>
   </div>
   <div class='ocr_carea' id='block_1_105' title="bbox 2136 4624 3689 4712">
    <p class='ocr_par' dir='ltr' id='par_1_105' title="bbox 2136 4624 3689 4712">
     <span class='ocr_line' id='line_1_108' title="bbox 2136 4624 3689 4712; baseline -0.003 -32"><span class='ocrx_word' id='word_1_790' title='bbox 2136 4624 2394 4712; x_wconf 58' lang='grc' dir='ltr'><strong>ςῳυᾳω,</strong></span> <span class='ocrx_word' id='word_1_791' title='bbox 2422 4628 2611 4697; x_wconf 87' lang='lat' dir='ltr'><strong>legitur</strong></span> <span class='ocrx_word' id='word_1_792' title='bbox 2641 4642 2654 4677; x_wconf 87' lang='lat'><strong>:</strong></span> <span class='ocrx_word' id='word_1_793' title='bbox 2689 4624 2798 4680; x_wconf 67' lang='grc' dir='ltr'><strong>Καὶ</strong></span> <span class='ocrx_word' id='word_1_794' title='bbox 2844 4628 2913 4681; x_wconf 70' lang='grc' dir='ltr'>τὰ</span> <span class='ocrx_word' id='word_1_795' title='bbox 2966 4627 3063 4697; x_wconf 85' lang='grc' dir='ltr'><strong>μὲν</strong></span> <span class='ocrx_word' id='word_1_796' title='bbox 3104 4628 3351 4699; x_wconf 82' lang='grc' dir='ltr'>ποιῆσαι,</span> <span class='ocrx_word' id='word_1_797' title='bbox 3400 4626 3473 4679; x_wconf 74' lang='grc' dir='ltr'>τὰ</span> <span class='ocrx_word' id='word_1_798' title='bbox 3519 4624 3573 4678; x_wconf 75' lang='grc' dir='ltr'>δὲ</span> <span class='ocrx_word' id='word_1_799' title='bbox 3610 4637 3689 4675; x_wconf 67' lang='grc' dir='ltr'>πα·</span> 
     </span>
    </p>
   </div>
   <div class='ocr_carea' id='block_1_106' title="bbox 2137 4695 3689 4888">
    <p class='ocr_par' dir='ltr' id='par_1_106' title="bbox 2137 4695 3689 4888">
     <span class='ocr_line' id='line_1_109' title="bbox 2137 4695 3689 4888; baseline -0.002 -68"><span class='ocrx_word' id='word_1_800' title='bbox 2137 4695 2320 4888; x_wconf 41' lang='lat' dir='ltr'><strong>ea???)</strong></span> <span class='ocrx_word' id='word_1_801' title='bbox 2370 4766 2722 4849; x_wconf 73' lang='grc' dir='ltr'>ᾜπιστατεῐ.</span> <span class='ocrx_word' id='word_1_802' title='bbox 2757 4785 2776 4817; x_wconf 73' lang='grc' dir='ltr'>ι</span> <span class='ocrx_word' id='word_1_803' title='bbox 2814 4768 2944 4834; x_wconf 69' lang='lat' dir='ltr'><strong>Quae</strong></span> <span class='ocrx_word' id='word_1_804' title='bbox 2965 4766 3018 4822; x_wconf 91' lang='lat' dir='ltr'><strong>in</strong></span> <span class='ocrx_word' id='word_1_805' title='bbox 3043 4768 3294 4825; x_wconf 87' lang='lat' dir='ltr'><strong>omnibus</strong></span> <span class='ocrx_word' id='word_1_806' title='bbox 3316 4767 3605 4837; x_wconf 82' lang='lat' dir='ltr'><strong>primatum</strong></span> <span class='ocrx_word' id='word_1_807' title='bbox 3628 4769 3689 4813; x_wconf 77' lang='lat' dir='ltr'><strong>le-</strong></span> 
     </span>
     <span class='ocr_line' id='line_1_110' title="bbox 2137 4836 2811 4888; baseline 0 0"><span class='ocrx_word' id='word_1_808' title='bbox 2137 4836 2268 4888; x_wconf 78' lang='lat' dir='ltr'><strong>nett</strong></span> <span class='ocrx_word' id='word_1_809' title='bbox 2322 4837 2437 4888; x_wconf 81' lang='grc' dir='ltr'>εεΙι.</span> <span class='ocrx_word' id='word_1_810' title='bbox 2474 4854 2617 4888; x_wconf 72' lang='lat' dir='ltr'><strong>xxnv.</strong></span> <span class='ocrx_word' id='word_1_811' title='bbox 2646 4837 2749 4888; x_wconf 83' lang='grc'>10).</span> <span class='ocrx_word' id='word_1_812' title='bbox 2793 4857 2811 4888; x_wconf 80' lang='grc' dir='ltr'>ι</span> 
     </span>
    </p>
   </div>
   <div class='ocr_carea' id='block_1_107' title="bbox 2137 4837 2811 4905">
    <p class='ocr_par' dir='ltr' id='par_1_107' title="bbox 2137 4837 2811 4905">
     <span class='ocr_line' id='line_1_111' title="bbox 2137 4837 2811 4905; baseline 0.001 -16"><span class='ocrx_word' id='word_1_813' title='bbox 2137 4848 2224 4891; x_wconf 89' lang='lat' dir='ltr'><strong>net</strong></span> <span class='ocrx_word' id='word_1_814' title='bbox 2250 4837 2437 4905; x_wconf 81' lang='lat' dir='ltr'><strong>(Eccli.</strong></span> <span class='ocrx_word' id='word_1_815' title='bbox 2474 4854 2617 4897; x_wconf 70' lang='lat' dir='ltr'><strong>xxnv,</strong></span> <span class='ocrx_word' id='word_1_816' title='bbox 2646 4837 2749 4905; x_wconf 82' lang='grc'>10).</span> <span class='ocrx_word' id='word_1_817' title='bbox 2793 4857 2811 4890; x_wconf 81' lang='grc' dir='ltr'>ι</span> 
     </span>
    </p>
   </div>
   <div class='ocr_carea' id='block_1_108' title="bbox 2206 4897 3686 4979">
    <p class='ocr_par' dir='ltr' id='par_1_108' title="bbox 2206 4897 3686 4979">
     <span class='ocr_line' id='line_1_112' title="bbox 2206 4897 3686 4979; baseline -0.007 -17"><span class='ocrx_word' id='word_1_818' title='bbox 2206 4897 2316 4979; x_wconf 65' lang='grc'>(97)</span> <span class='ocrx_word' id='word_1_819' title='bbox 2355 4897 2775 4961; x_wconf 67' lang='grc' dir='ltr'>Συλλαϐοῦοίιι.</span> <span class='ocrx_word' id='word_1_820' title='bbox 2834 4906 2910 4962; x_wconf 81' lang='lat' dir='ltr'><strong>lla</strong></span> <span class='ocrx_word' id='word_1_821' title='bbox 2960 4908 3125 4979; x_wconf 76' lang='lat' dir='ltr'><strong>Regg.</strong></span> <span class='ocrx_word' id='word_1_822' title='bbox 3179 4907 3273 4970; x_wconf 86' lang='lat' dir='ltr'><strong>bu,</strong></span> <span class='ocrx_word' id='word_1_823' title='bbox 3331 4905 3384 4971; x_wconf 85' lang='grc' dir='ltr'>Ι,</span> <span class='ocrx_word' id='word_1_824' title='bbox 3448 4913 3504 4958; x_wconf 83' lang='lat' dir='ltr'><strong>et</strong></span> <span class='ocrx_word' id='word_1_825' title='bbox 3556 4897 3686 4955; x_wconf 76' lang='lat' dir='ltr'><strong>Colb.</strong></span> 
     </span>
    </p>
   </div>
   <div class='ocr_carea' id='block_1_109' title="bbox 2134 4978 3612 5123">
    <p class='ocr_par' dir='ltr' id='par_1_109' title="bbox 2134 4978 3612 5123">
     <span class='ocr_line' id='line_1_113' title="bbox 2134 4978 3612 5123; baseline 0.002 -4"><span class='ocrx_word' id='word_1_826' title='bbox 2134 4978 2315 5123; x_wconf 55' lang='grc' dir='ltr'><strong>δ’δὲ)</strong></span> <span class='ocrx_word' id='word_1_827' title='bbox 2354 5047 2928 5123; x_wconf 59' lang='grc' dir='ltr'><strong>Αεῖν-ξίεηεετΙ-Ιμ</strong></span> <span class='ocrx_word' id='word_1_828' title='bbox 2958 5048 3165 5123; x_wconf 59' lang='grc' dir='ltr'>εὐοδεῖν</span> <span class='ocrx_word' id='word_1_829' title='bbox 3285 5113 3333 5123; x_wconf 84' lang='grc'><strong>--</strong></span> <span class='ocrx_word' id='word_1_830' title='bbox 3428 5113 3442 5123; x_wconf 93' lang='grc'>.</span> <span class='ocrx_word' id='word_1_831' title='bbox 3504 5108 3612 5123; x_wconf 76' lang='lat'><strong>-....</strong></span> 
     </span>
    </p>
   </div>
   <div class='ocr_carea' id='block_1_110' title="bbox 2204 5108 3688 5187">
    <p class='ocr_par' dir='ltr' id='par_1_110' title="bbox 2204 5108 3688 5187">
     <span class='ocr_line' id='line_1_114' title="bbox 2204 5108 3688 5187; baseline -0.005 -14"><span class='ocrx_word' id='word_1_832' title='bbox 2204 5108 2313 5187; x_wconf 80' lang='lat'>(99)</span> <span class='ocrx_word' id='word_1_833' title='bbox 2352 5119 2615 5187; x_wconf 74' lang='grc' dir='ltr'><strong>Πολλῆς.</strong></span> <span class='ocrx_word' id='word_1_834' title='bbox 2661 5108 2821 5171; x_wconf 72' lang='grc' dir='ltr'><strong>Διίῖιίι</strong></span> <span class='ocrx_word' id='word_1_835' title='bbox 2868 5118 3029 5172; x_wconf 86' lang='lat' dir='ltr'><strong>Munt.</strong></span> <span class='ocrx_word' id='word_1_836' title='bbox 3060 5119 3246 5180; x_wconf 78' lang='grc' dir='ltr'>ὅντως.</span> <span class='ocrx_word' id='word_1_837' title='bbox 3285 5108 3688 5187; x_wconf 72' lang='lat' dir='ltr'><strong>VertitBillius.</strong></span> 
     </span>
    </p>
   </div>
   <div class='ocr_carea' id='block_1_111' title="bbox 2138 5185 3689 5257">
    <p class='ocr_par' dir='ltr' id='par_1_111' title="bbox 2138 5185 3689 5257">
     <span class='ocr_line' id='line_1_115' title="bbox 2138 5185 3689 5257; baseline -0.001 -18"><span class='ocrx_word' id='word_1_838' title='bbox 2138 5207 2155 5239; x_wconf 78' lang='grc' dir='ltr'>ι</span> <span class='ocrx_word' id='word_1_839' title='bbox 2193 5185 2395 5257; x_wconf 67' lang='lat' dir='ltr'><strong>magnae</strong></span> <span class='ocrx_word' id='word_1_840' title='bbox 2425 5185 2632 5249; x_wconf 62' lang='lat' dir='ltr'><strong>Herc-le,</strong></span> <span class='ocrx_word' id='word_1_841' title='bbox 2667 5205 2684 5238; x_wconf 86' lang='grc' dir='ltr'>ι</span> <span class='ocrx_word' id='word_1_842' title='bbox 2724 5203 2883 5256; x_wconf 89' lang='lat' dir='ltr'><strong>quam</strong></span> <span class='ocrx_word' id='word_1_843' title='bbox 2906 5204 3090 5242; x_wconf 92' lang='lat' dir='ltr'><strong>vocem</strong></span> <span class='ocrx_word' id='word_1_844' title='bbox 3134 5202 3241 5241; x_wconf 92' lang='lat' dir='ltr'><strong>non</strong></span> <span class='ocrx_word' id='word_1_845' title='bbox 3267 5186 3411 5257; x_wconf 78' lang='lat' dir='ltr'><strong>satis</strong></span> <span class='ocrx_word' id='word_1_846' title='bbox 3447 5185 3689 5257; x_wconf 48' lang='lat' dir='ltr'><strong>piam-ﬁ!-</strong></span> 
     </span>
    </p>
   </div>
   <div class='ocr_carea' id='block_1_112' title="bbox 2131 5247 3689 5365">
    <p class='ocr_par' dir='ltr' id='par_1_112' title="bbox 2131 5247 3689 5365">
     <span class='ocr_line' id='line_1_116' title="bbox 2131 5247 3689 5365; baseline -0.006 -56"><span class='ocrx_word' id='word_1_847' title='bbox 2131 5247 2439 5365; x_wconf 50' lang='lat' dir='ltr'><strong>pn&#39;na&#39;ivmus.</strong></span> <span class='ocrx_word' id='word_1_848' title='bbox 2474 5247 2787 5324; x_wconf 28' lang='lat' dir='ltr'><strong>Quid-enim</strong></span> <span class='ocrx_word' id='word_1_849' title='bbox 2836 5257 3144 5313; x_wconf 89' lang='lat' dir='ltr'><strong>Christiano</strong></span> <span class='ocrx_word' id='word_1_850' title='bbox 3187 5270 3314 5311; x_wconf 86' lang='lat' dir='ltr'><strong>cum</strong></span> <span class='ocrx_word' id='word_1_851' title='bbox 3363 5247 3549 5324; x_wconf 77' lang='lat' dir='ltr'><strong>iurato</strong></span> <span class='ocrx_word' id='word_1_852' title='bbox 3574 5247 3689 5302; x_wconf 78' lang='lat' dir='ltr'><strong>Her-</strong></span> 
     </span>
     <span class='ocr_line' id='line_1_117' title="bbox 2131 5338 2247 5365; baseline 0 0"><span class='ocrx_word' id='word_1_853' title='bbox 2131 5338 2193 5365; x_wconf 69' lang='lat' dir='ltr'><strong>l&#39;lll</strong></span> <span class='ocrx_word' id='word_1_854' title='bbox 2218 5344 2247 5365; x_wconf 74' lang='grc' dir='ltr'><strong><em>ο</em></strong></span> 
     </span>
    </p>
   </div>
   <div class='ocr_carea' id='block_1_113' title="bbox 2130 5329 3689 5469">
    <p class='ocr_par' dir='ltr' id='par_1_113' title="bbox 2130 5329 3689 5469">
     <span class='ocr_line' id='line_1_118' title="bbox 2130 5329 3689 5469; baseline -0.02 0"><span class='ocrx_word' id='word_1_855' title='bbox 2130 5329 2295 5468; x_wconf 43' lang='lat' dir='ltr'><strong>cum?)</strong></span> <span class='ocrx_word' id='word_1_856' title='bbox 2363 5397 2879 5467; x_wconf 77' lang='grc' dir='ltr'><strong>Ἆνακαθαίρωμεν.</strong></span> <span class='ocrx_word' id='word_1_857' title='bbox 2949 5415 2968 5447; x_wconf 73' lang='grc' dir='ltr'>ι</span> <span class='ocrx_word' id='word_1_858' title='bbox 3034 5396 3353 5469; x_wconf 79' lang='lat' dir='ltr'><strong>Expurgare</strong></span> <span class='ocrx_word' id='word_1_859' title='bbox 3417 5386 3689 5449; x_wconf 83' lang='lat' dir='ltr'><strong>tentaveri-</strong></span> 
     </span>
    </p>
   </div>
   <div class='ocr_carea' id='block_1_114' title="bbox 2130 5482 3688 5608">
    <p class='ocr_par' dir='ltr' id='par_1_114' title="bbox 2130 5482 3688 5608">
     <span class='ocr_line' id='line_1_119' title="bbox 2130 5482 3688 5608; baseline -0.017 1"><span class='ocrx_word' id='word_1_860' title='bbox 2130 5482 2273 5608; x_wconf 50' lang='lat'><strong>“&quot;85</strong></span> <span class='ocrx_word' id='word_1_861' title='bbox 2312 5485 2453 5605; x_wconf 64' lang='grc' dir='ltr'><strong>ἱῖερὶ</strong></span> <span class='ocrx_word' id='word_1_862' title='bbox 2496 5535 2692 5589; x_wconf 75' lang='grc' dir='ltr'><strong>αὐτῶν</strong></span> <span class='ocrx_word' id='word_1_863' title='bbox 2734 5536 2939 5592; x_wconf 72' lang='grc' dir='ltr'>εἰπεῖν.</span> <span class='ocrx_word' id='word_1_864' title='bbox 2973 5535 3021 5608; x_wconf 84' lang='lat' dir='ltr'><strong>Is</strong></span> <span class='ocrx_word' id='word_1_865' title='bbox 3080 5535 3215 5608; x_wconf 81' lang='lat' dir='ltr'><strong>ordo</strong></span> <span class='ocrx_word' id='word_1_866' title='bbox 3243 5536 3572 5608; x_wconf 76' lang='lat' dir='ltr'><strong>_verborum</strong></span> <span class='ocrx_word' id='word_1_867' title='bbox 3618 5534 3688 5608; x_wconf 60' lang='grc' dir='ltr'>(εει</span> 
     </span>
    </p>
   </div>
   <div class='ocr_carea' id='block_1_115' title="bbox 2130 5597 3685 5674">
    <p class='ocr_par' dir='ltr' id='par_1_115' title="bbox 2130 5597 3685 5674">
     <span class='ocr_line' id='line_1_120' title="bbox 2130 5597 3685 5674; baseline -0.005 -13"><span class='ocrx_word' id='word_1_868' title='bbox 2130 5609 2181 5661; x_wconf 92' lang='lat' dir='ltr'><strong>in</strong></span> <span class='ocrx_word' id='word_1_869' title='bbox 2205 5597 2461 5663; x_wconf 46' lang='lat' dir='ltr'><strong>&#39;n&#39;tclioris</strong></span> <span class='ocrx_word' id='word_1_870' title='bbox 2500 5616 2639 5663; x_wconf 72' lang='lat' dir='ltr'><strong>nota:</strong></span> <span class='ocrx_word' id='word_1_871' title='bbox 2672 5609 2965 5665; x_wconf 84' lang='lat' dir='ltr'><strong>codicibus.</strong></span> <span class='ocrx_word' id='word_1_872' title='bbox 3004 5607 3059 5660; x_wconf 91' lang='lat' dir='ltr'><strong>In</strong></span> <span class='ocrx_word' id='word_1_873' title='bbox 3087 5606 3173 5662; x_wconf 88' lang='lat' dir='ltr'><strong>ed.</strong></span> <span class='ocrx_word' id='word_1_874' title='bbox 3209 5606 3395 5658; x_wconf 71' lang='grc' dir='ltr'>εἰπεῖν</span> <span class='ocrx_word' id='word_1_875' title='bbox 3437 5603 3565 5674; x_wconf 77' lang='grc' dir='ltr'>περὶ</span> <span class='ocrx_word' id='word_1_876' title='bbox 3598 5597 3685 5652; x_wconf 73' lang='grc' dir='ltr'><strong>αὒ-</strong></span> 
     </span>
    </p>
   </div>
   <div class='ocr_carea' id='block_1_116' title="bbox 2124 5677 2339 5732">
    <p class='ocr_par' dir='ltr' id='par_1_116' title="bbox 2124 5677 2339 5732">
     <span class='ocr_line' id='line_1_121' title="bbox 2124 5677 2339 5732; baseline 0.014 -3"><span class='ocrx_word' id='word_1_877' title='bbox 2124 5677 2251 5732; x_wconf 84' lang='grc' dir='ltr'>τῶν.</span> <span class='ocrx_word' id='word_1_878' title='bbox 2338 5704 2339 5707; x_wconf 52' lang='grc' dir='ltr'><strong>π</strong></span> 
     </span>
    </p>
   </div>
  </div>
