3832 6394
145 362 220 413 4'61
1207 353 1462 408 ORATiO
1505 355 1566 408 ll.
1607 387 1675 396 —
1716 355 2214 413 APOLOGETICA.

3131 376 3135 381 ί
3218 350 3321 412 463

193 472 301 530 NA'.
332 466 486 521 Τοῦτο
534 467 782 538 δακρύων
833 470 929 539 μὲν
983 469 1075 523 καὶ
1117 471 1454 541 στεναγμῶν,
1496 473 1651 542 εἴπερ

1825 470 1910 524 LI.
1952 470 2063 525 lloc
2086 470 2281 524 malum
2312 470 2562 541 lacrytnis
2599 470 2815 539 quidem
2860 481 2911 523 et
2951 470 3221 539 luctibus,
3277 475 3320 527 si

144 592 185 627 τι
218 565 343 627 ἄλλο,
372 560 425 613 τὸ
470 558 639 622 πάθος
672 560 817 626 ἄξιον
839 578 852 591 ·
884 562 913 613 ὃ
943 561 1037 615 καὶ
1082 561 1339 627 πολλάκις
1381 562 1492 631 ὲγὼ
1532 582 1653 616 κατ-

142 662 334 735 ηλέησα,
362 648 417 707 εὖ
446 651 616 719 εἰδὼς,
644 653 725 705 ὃτι
748 653 809 705 τὸ
856 652 1062 707 οἴεσθαι
1094 656 1188 708 τοῦ
1234 654 1373 708 εἶναι
1400 656 1461 708 τὸ
1504 655 1652 707 πλεῖ-

138 769 233 807 στον
258 746 570 817 ἀφαιρεῖται.
600 744 696 796 καὶ
733 744 873 814 μέγα
904 747 1017 808 τοῖς
1065 746 1371 816 ἀνθρώποις
1413 747 1447 818 ἡ
1496 764 1651 800 κενο-

131 840 249 905 δοξία
286 836 355 907 (5)
391 834 519 904 πρὸς
565 833 764 904 ἀρετὴν
813 834 1100 904 ἐμπόδιον·
1150 836 1403 890 ἰάσασθαι
1451 837 1508 890 δὲ
1560 836 1654 890 καὶ

134 931 292 1001 στῆσαι
317 925 406 996 τὴν
440 928 589 977 νόσον
620 924 828 997 Πέτρου
860 926 925 979 ἂν
958 926 1032 997 (4)
1067 926 1153 998 εἴη
1183 928 1329 991 τινὸς
1357 928 1390 998 ἢ
1419 928 1651 992 Παύλου,

131 1023 219 1077 τῶν
257 1017 488 1091 μεγάλων
530 1016 766 1086 Χριστοῦ
810 1017 1088 1087 μαθητῶν,
1122 1020 1216 1071 καὶ
1263 1018 1401 1090 μετά
1450 1020 1551 1090 τῆς
1598 1022 1655 1073 ἐν

131 1113 246 1182 λόγῳ
298 1107 385 1161 καὶ
442 1104 588 1175 ἔργῳ
654 1106 1040 1177 κυϐερνήσεως
1094 1108 1393 1178 εἰληφότων
1448 1096 1509 1162 τὸ
1546 1111 1653 1179 χά-

130 1218 270 1277 ρισμα
310 1198 415 1270 (5),
461 1197 553 1251 καὶ
600 1198 733 1250 πᾶσι
781 1198 959 1251 πάντα
1023 1199 1343 1268 γινομένων,
1392 1201 1479 1254 ἵνα
1530 1202 1654 1266 τοὺς

130 1297 300 1356 πάντας
331 1290 402 1362 (6)
434 1290 797 1360 κερδήσωσιν’
844 1289 975 1360 ἡμῖν
1009 1291 1065 1343 δὲ
1108 1295 1223 1353 τοῖς
1260 1291 1441 1355 ἄλλοις
1487 1292 1652 1363 μέγα,

128 1387 210 1440 κᾶν
232 1387 273 1436 εί
312 1380 482 1443 καλῶς
529 1380 922 1451 κυῦερνοίμεθα
956 1381 1050 1435 καλ⁵
1088 1382 1355 1453 ἀγοίμεθα
1388 1383 1523 1455 πρὸς
1552 1383 1656 1436 τῶν

127 1474 414 1547 ἐπανορθοῦν
470 1471 539 1524 τά
589 1471 813 1525 τοιαῦτα
860 1471 953 1526 καὶ
1002 1472 1299 1526 διευθύνειν
1358 1491 1655 1527 πεπιστευ-

127 1571 289 1641 μένων.

179 1743 287 1797 NB'.
337 1738 472 1792 Ἀλλ’
507 1739 695 1811 ἐπειδὴ
732 1757 795 1809 γε
835 1740 1047 1795 Παύλου
1079 1744 1172 1797 καὶ
1211 1744 1319 1799 τῶν
1353 1748 1473 1799 κατ’
1517 1748 1658 1800 ἐκεῖ·

122 1850 190 1886 νον
230 1829 589 1901 ἐμνήσθημεν,
633 1830 895 1899 ἀφέντες,
950 1834 997 1885 εἰ
1056 1833 1230 1901 δοκεῖ,
1282 1837 1409 1899 τοὺς
1469 1838 1661 1904 ἄλλους

125 1927 353 1988 ἅπαντας,
400 1923 516 1975 ὅσοι
564 1922 704 1975 κατά
758 1923 1161 1998 νομοθεσίαν,ἢ
1218 1930 1574 2000 προφητείαν,
1624 1932 1657 2002 ἢ

124 2015 432 2086 στρατηγίαν,
477 2014 512 2085 ἦ
555 2031 680 2067 τινα
712 2014 969 2088 τοιαύτην
1012 2017 1178 2089 ἄλλην
1223 2022 1536 2092 οἰκονομίαν
1566 2023 1657 2076 τοῦ

121 2109 223 2163 λαοῦ
261 2106 697 2180 προεϐλήθησαν,
743 2102 855 2160 οἷον
913 2107 1005 2161 τὸν
1048 2112 1274 2182 Μωσῆν,
1317 2113 1409 2166 τὸν
1446 2113 1659 2186 Ἀαρὼν

119 2205 306 2267 ἐκεῖνον,
331 2199 420 2252 τὸν
455 2198 686 2269 Ἰησοῦν,
706 2200 799 2252 τὸν
828 2199 1035 2264 Ἠλίαν,
1061 2202 1151 2255 τὸν
1185 2204 1509 2271 Ἐλισσαῖον,
1533 2210 1659 2273 τοὺς

120 2294 294 2366 κριτὰς,
331 2293 419 2345 τὸν
456 2291 736 2363 Σαμουὴλ,
772 2293 865 2347 τὸν
910 2295 1094 2359 Δα6ὶδ,
1126 2296 1234 2351 τῶν
1261 2300 1554 2371 προφητῶν
1599 2301 1661 2354 τὸ

117 2396 306 2465 πλῆθος,
332 2394 423 2447 τὸν
454 2393 736 2465 Ἰωάννην,
765 2395 890 2457 τοὺς
918 2393 1124 2447 δώδεκα
1158 2393 1403 2465 μαθητάς
1423 2395 1548 2455 τοὺς
1574 2394 1658 2446 ἐπ’

120 2488 306 2550 ἐκείνοις
350 2484 583 2557 ὕστερον
635 2485 734 2555 (7),
780 2486 828 2537 οἳ
856 2485 1067 2549 πολλοῖς
1110 2484 1296 2556 ἱδρῶσι
1341 2484 1435 2535 καὶ
1476 2485 1661 2547 πόνοις

115 2578 347 2649 διεξῆλθον
373 2578 474 2649 τὴν
512 2576 853 2648 προστασίαν
885 2578 1024 2631 κατὰ
1049 2577 1174 2640 τοὺς
1198 2576 1403 2630 ἑαυτῶν
1435 2577 1661 2649 χρόνους

118 2673 324 2724 ἕκαστον
356 2669 589 2732 τούτους
613 2669 951 2741 ὑπερϐάντες
988 2668 1257 2734 ἅπαντας,
1296 2669 1508 2723 Παῦλον
1536 2686 1663 2739 προ-

117 2761 402 2834 στησώμεθα
426 2761 595 2832 μόνον
617 2761 709 2814 τοῦ
740 2762 897 2831 λόγου
920 2762 1209 2833 συνίστορα
1236 2760 1336 2833 (8),
1364 2761 1466 2815 κᾶν
1488 2761 1661 2832 τούτῳ

117 2854 462 2925 θεωρήσωμεν,
488 2854 620 2906 ὅσον
649 2852 765 2905 ἐστὶ
795 2852 889 2905 καὶ
912 2851 1097 2922 ψυχῶν
1130 2852 1205 2922 (9)
1234 2852 1541 2922 ἐπιμέλεια,
1567 2853 1662 2905 καὶ

114 2948 149 2997 εἰ
189 2946 435 3018 βραχείας
498 2947 606 3016 τῆς
650 2945 1116 3018 πραγματείας,ἢ
1156 2947 1359 3018 μικρᾶς
1393 2947 1491 3017 τῆς
1534 2963 1659 2999 συν-

116 3038 269 3102 έσεως.
300 3040 385 3103 Ὠς
435 3037 504 3091 ἂν
533 3038 597 3090 δὲ
627 3040 802 3109 ῥᾷστα
830 3038 988 3091 τοῦτο
1017 3040 1274 3109 γνοίημεν
1306 3041 1401 3093 καὶ
1428 3039 1662 3092 κατίδοι-

1755 562 1897 630 quod
1925 562 2103 626 aliud,
2130 561 2347 631 dignum
2384 570 2499 629 est;
2535 556 2674 631 quod
2704 560 2863 616 etiam
2896 560 3011 631 ipse
3044 576 3186 632 serpe
3226 564 3324 614 mi—

1757 661 1967 707 seratus
1997 667 2115 706 sum
2136 693 2149 717 ,
2183 668 2286 707 non
2317 655 2572 723 ignorans
2601 653 2906 723 Opinionem
2940 652 3225 722 plurimum
3258 652 3325 707 de

1757 742 1815 798 re
1844 743 1956 813 ipsa
1987 743 2230 811 auferre,
2286 744 2571 815 inanisque
2600 745 2783 816 gloriae
2820 746 3054 801 studium
3091 746 3323 800 homini-

1754 834 1854 889 bus
1884 850 2079 927 ωας,ηο
2112 836 2175 890 ad
2206 836 2457 892 virtutem
2490 838 2875 909 impedimento
2902 854 3043 895 esse.
3078 837 3321 894 Morbum

1756 937 1935 983 autem
1987 944 2178 1001 sanare
2229 944 2293 983 ac
2328 945 2660 1000 reprimere,
2695 931 2838 986 Petri
2880 932 3188 1001 cujusdam,
3231 941 3323 985 aut

1755 1017 1906 1071 Pauli
1936 1017 2133 1085 fuerit,
2170 1034 2487 1089 magnorum
2511 1061 2527 1087 ,
2572 1022 2786 1090 inquam
2809 1061 2823 1083 ,
2862 1021 3074 1075 illorum
3120 1019 3321 1075 Christi

1757 1105 2175 1177 discipulorum,
2221 1110 2313 1178 qui
2349 1125 2451 1163 una
2484 1124 2603 1164 cum
2654 1112 3074 1178 gubernatione,
3113 1105 3241 1164 tam'
3272 1112 3322 1164 in

1759 1211 2010 1253 sermone
2043 1214 2201 1267 quam
2233 1200 2283 1253 in
2312 1213 2495 1270 opere,
2526 1202 2749 1271 gratiam
2779 1211 3123 1271 acceperunt,
3151 1203 3325 1258 omni-

1758 1289 1965 1360 busque
1994 1294 2171 1347 omnia
2209 1293 2333 1359 facti
2367 1304 2513 1360 sunt,
2555 1304 2613 1349 ut
2639 1311 2827 1350 omnes
2858 1296 3324 1350 lucrifacerent”.

1760 1378 1925 1436 Nobis
1951 1393 2124 1437 autem
2159 1384 2277 1439 aliis
2331 1401 2585 1455 magnum
2616 1396 2773 1455 atque
2800 1386 3034 1455 amplum
3067 1386 3245 1449 fuerit,
3280 1386 3323 1440 si

1759 1472 1826 1525 ah
1856 1473 1920 1526 iis
1941 1513 1956 1538 ,
1991 1474 2184 1544 quibus
2217 1477 2671 1532 emcndandarum
2704 1489 2757 1531 et
2786 1468 3186 1548 dirigendarum
3228 1478 3328 1530 hu-

1756 1563 1990 1632 jusmodi
2032 1581 2209 1621 rerum
2252 1583 2378 1621 cura
2420 1572 2705 1625 commissa
2738 1581 2853 1635 est,
2887 1581 3031 1625 recte
3063 1570 3328 1639 guberne-

1761 1672 1882 1710 mur
1918 1665 2078 1735 atque
2112 1660 2388 1715 ducamur.

1834 1744 1938 1799 Lll.
1980 1746 2056 1801 Ac
2081 1750 2333 1817 quoniam
2365 1749 2533 1811 Pauli,
2564 1750 2783 1819 ejusque
2814 1750 3066 1803 similium
3095 1748 3325 1802 mentio-

1690 1822 1733 1875 Β
1764 1850 1884 1889 nem
1917 1834 2161 1903 fecimus,
2197 1832 2429 1904 relictis,
2455 1840 2500 1894 si
2532 1841 2603 1895 ita
2639 1842 2870 1908 videtur,
2902 1842 3151 1896 omnibus
3185 1840 3327 1903 aliis,

1764 1928 1854 1997 qui
1886 1930 1954 1983 ob
1987 1929 2131 2001 leges
2165 1930 2434 1999 ferendas,
2462 1934 2544 1987 vel
2572 1935 2640 1989 ob
2667 1935 2960 2004 prophetia:
2988 1948 3213 1999 munus,
3245 1922 3328 1986 vel

1762 2017 1831 2071 ob
1865 2017 1939 2070 rei
1976 2018 2223 2075 militaris
2252 2022 2532 2090 imperium
2554 2064 2569 2089 ,
2612 2024 2693 2079 vel
2730 2026 2800 2095 ob
2833 2024 2990 2078 aliam
3039 2024 3326 2093 quamdam

1761 2112 2023 2182 ejusmodi
2073 2113 2630 2180 administrationem,
2670 2117 2851 2186 populi
2902 2117 3172 2171 antistites
3216 2116 3332 2168 fue-

1762 2217 1906 2269 runt,
1933 2205 2077 2261 velut
2100 2204 2298 2269 Moses,
2314 2208 2513 2268 Aaron,
2532 2207 2713 2274 Josue,
2733 2208 2894 2273 Elias,
2912 2208 3158 2271 Eiisreus,
3177 2205 3329 2262 Judi-

1762 2297 2126 2364 ces,Samue|,
2147 2288 2334 2361 David,
2360 2300 2740 2367 prephetarum
2768 2299 3075 2358 multitudo.
3097 2284 3331 2353 Joannes

1762 2391 2043 2445 duodecim
2083 2390 2335 2458 apostoli,
2366 2406 2661 2459 eorumque
2701 2392 2925 2459 posteri,
2959 2392 3048 2461 qui
3080 2408 3184 2445 non
3215 2392 3334 2445 sine

1764 2484 1948 2539 multis
1997 2483 2270 2538 laboribus
2322 2493 2376 2541 et
2434 2482 2716 2537 sudoribus
2763 2483 3095 2552 prmfectura:
3140 2499 3336 2538 munus
3402 2526 3407 2535 κ

1762 2580 1872 2633 suis
1920 2579 2147 2647 quisque
2188 2577 2521 2655 temporibus
2565 2578 2854 2643 obierunt;
2914 2578 3030 2641 his,
3078 2578 3333 2646 inquam,

1761 2672 2015 2727 omnibus
2038 2670 2415 2741 prmtermissis
2438 2713 2451 2737 ,
2493 2668 2714 2724 Paulum
2746 2685 2910 2725 unum
2947 2671 3212 2726 sermonis
3240 2686 3338 2725 nou

1762 2765 1861 2820 stri
1908 2763 2187 2820 conscium
2218 2762 2591 2833 proferamus,
2628 2771 2791 2830 atque
2822 2761 2878 2816 in
2909 2777 3008 2825 eo,
3042 2774 3244 2831 quanta
3283 2774 3338 2818 et

1761 2852 1936 2923 qualis
1965 2868 2050 2908 res
2079 2853 2149 2909 sit
2179 2853 2483 2906 animarum
2511 2867 2637 2904 cura
2666 2892 2679 2915 ,
2724 2861 2777 2906 et
2810 2867 2876 2906 an
2906 2868 3093 2923 parum
3136 2854 3334 2924 negotii

1762 2961 2063 3018 parumque
2106 2945 2342 3001 solertiae
2389 2945 2664 3013 requirat,
2705 2947 3131 3001 consideremus.
3186 2948 3336 3015 Quod

1763 3054 1870 3108 quo
1902 3038 2114 3092 facilius
2142 3036 2366 3106 intelligi
2392 3038 2731 3106 perspicique
2762 3038 2949 3108 possit,
2977 3038 3105 3109 quid
3138 3039 3336 3093 Paulus

108 3150 206 3202 μεν,
229 3132 278 3186 τί
304 3132 519 3196 Παῦλος
542 3132 711 3196 αὐτὸς
741 3132 868 3203 περὶ
890 3131 1107 3185 Παύλου
1133 3134 1288 3203 φησι,
1316 3131 1657 3200 ἀκούσωμεν.

1770 3130 1881 3199 ipse
1911 3128 1977 3182 de
2009 3126 2174 3181 Paulo
2202 3127 2379 3192 dicat,
2421 3126 2719 3179 audiamus.

160 3226 267 3281 NI".
317 3227 422 3279 Ἐῶ
476 3226 668 3294 λέγειν
724 3224 833 3296 (10)
892 3225 1018 3289 τοὺς
1068 3226 1293 3291 πόνους,
1347 3224 1445 3288 τάς
1492 3224 1663 3295 ἀγρυ-

108 3316 252 3383 πνίας,
282 3320 405 3382 τοὺς
450 3318 687 3387 φόϐους,
718 3318 816 3381 τὰς
848 3319 905 3370 ὲν
939 3317 1084 3387 λιμῷ
1114 3318 1210 3370 καὶ
1247 3317 1388 3387 δίψει
1419 3333 1667 3370 κακοπα-

108 3407 246 3474 θείας,
265 3411 358 3473 τὰς
372 3413 430 3463 ὲν
446 3410 625 3480 ψύχει
644 3409 739 3463 καὶ
760 3409 806 3481 (1
822 3409 869 3479 1)
892 3410 949 3463 ὲν
969 3410 1290 3481 γυμνότητι,
1323 3411 1449 3472 τοὺς
1469 3408 1665 3475 ἔξωθεν

106 3502 545 3569 ἐπιϐουλεύοντας,
585 3502 716 3565 τοὺς
747 3501 957 3555 ἔνδοθεν
990 3504 1476 3574 ἀντιπράττοντας.
1540 3503 1667 3569 Ἀφ-

110 3593 202 3663 iam
233 3596 354 3659 τοὺς
396 3593 713 3665 διωγμοὺς,
756 3592 825 3646 τὰ
858 3594 1126 3666 συνέδρια,
1174 3594 1241 3648 τὰ
1285 3594 1663 3665 δεσμωτήρια,

104 3684 155 3737 τὰ
184 3686 374 3757 δεσμὰ,
429 3687 571 3749 τοὺς
620 3686 979 3756 κατηγόρους,
1025 3686 1095 3739 τά
1135 3686 1493 3757 δικαστήρια,
1540 3688 1665 3749 τοὺς

104 3776 196 3827 καθ’
219 3779 422 3850 ἡμέραν
450 3777 553 3831 καὶ
583 3774 737 3847 ὤραν
767 3775 1049 3841 θανάτους,
1079 3778 1178 3848 τὴν
1208 3776 1507 3849 σαργάνην,
1539 3780 1666 3841 τοὺς

106 3868 396 3941 λιθασμοὺς,
456 3872 599 3933 τοὺς
651 3869 1018 3945 ῥαὸδισμοὺς,
1063 3869 1162 3940 τὴν
1219 3868 1488 3939 περίοδον,
1541 3870 1667 3932 τοὺς

105 3964 211 4015 κατὰ
239 3966 339 4036 γῆν
376 3968 700 4031 κινδύνους,
732 3966 859 4027 τοὺς
892 3962 1035 4017 κατὰ
1085 3958 1385 4025 θάλασσαν,
1434 3960 1526 4012 τὸν
1574 3958 1667 4029 βυ-

106 4048 189 4113 θὸν,
214 4054 273 4107 τά
300 4057 575 4128 ναυάγια,
611 4056 894 4118 κινδύνους
942 4051 1224 4122 ποταμῶν,
1265 4050 1541 4115 κινδύνους
1581 4050 1670 4123 λῃ-

104 4145 231 4209 στῶν,
267 4150 559 4214 κινδύνους
605 4151 673 4203 ὲκ
703 4148 923 4217 γένους,
965 4143 1243 4207 κινδύνους
1272 4144 1331 4195 ὲν
1373 4142 1668 4212 ψευδαδέλ-

104 4252 211 4303 φοις,
250 4242 335 4294 τὸν
372 4244 442 4297 ὲκ
487 4243 709 4315 χειρῶν
758 4240 890 4311 βίον,
918 4238 979 4291 τὸ
1013 4238 1283 4291 ἀδάπανον
1312 4235 1665 4304 Εὐαγγέλιον,

100 4330 155 4393 ὡς
194 4334 292 4405 (12)
338 4334 588 4408 θέατρον
634 4329 705 4407 ἦν
744 4334 839 4387 καὶ
881 4332 1131 4403 ἀγγέλοις
1188 4331 1283 4384 καὶ
1327 4328 1663 4399 ἀνθρώποις,

102 4419 234 4487 μέσος
282 4424 418 4479 Θεοῦ
473 4427 580 4479 καὶ
638 4424 941 4496 ἀνθρώπων
991 4422 1308 4492 ἱστάμενος⁹
1374 4419 1517 4491 ὑπὲρ
1570 4420 1669 4489 μὲν

97 4512 179 4565 τῶν
201 4518 305 4587 (13)
340 4517 794 4590 ἀγωνιζόμενος,
820 4515 899 4585 τῷ
932 4514 988 4567 δὲ
1014 4512 1307 4585 προσάγων
1330 4510 1425 4564 καὶ
1449 4510 1658 4563 οἱκειῶν

1770 4519 1826 4565 et
1867 4507 2167 4576 adiungens
2212 4521 2227 4558 :

1310 4624 1355 4658 "
1390 4624 1518 4679 ibid.
1574 4621 1772 4688 25—26,
1820 4622 1923 4684 53;
1958 4619 2128 4674 lCor.
2156 4631 2237 4682 tv,
2276 4615 2382 4681 12;
2415 4631 2493 4679 ix,
2536 4612 2624 4666 18.

149 4634 184 4665 ”
211 4631 375 4690 lCor.
403 4649 489 4703 ix,
520 4634 627 4689 22.
705 4632 753 4665 ’⁸
780 4630 821 4686 ll
849 4630 973 4686 Cor.
1010 4645 1088 4694 ιι,
1119 4626 1213 4683 27.

149 4775 211 4845 (3)
248 4775 617 4845 Κενοδοξία.
646 4769 807 4845 ροιιι.
834 4781 908 4821 m.
938 4766 1069 4845 κενὴ
1102 4761 1246 4826 δόξα.

237 4826 467 4915 heredi}
484 4826 611 4898 Ἲᾶὖ.
639 4842 734 4915 Sic
757 4853 947 4915 novem
979 4826 1171 4906 lte'gg.,
1198 4841 1321 4886 octo
1346 4827 1521 4893 Colb.,
1544 4826 1656 4882 Jes.

96 4908 167 4969 0r.
187 4908 232 4980 1,
266 4908 421 4970 Pass.
448 4916 635 4970 Deest
663 4912 736 4982 ἄν
758 4910 810 4963 in
832 4908 920 4982 ed.
1128 4973 1162 4982 _
1366 4970 1397 4982 Α,

149 4973 230 5055 (5)’
246 4980 746 5056 Εεληφότων-,τὸ
791 4977 1071 5056 Et)?!“
1094 5045 1107 5056 .
1128 4973 1201 5028 De
1261 4973 1431 5056 limi“
1457 4980 1657 5056 ,9???“

98 5045 268 5129 tionem
316 5045 561 5129 exponit
610 5045 1023 5107 Elias.'Tillem.
1076 5045 1142 5100 de
1184 5045 1355 5115 gratia
1424 5045 1662 5095 miracu-

96 5124 639 5269 biléanhdwaq.__ln
694 5190 879 5269 prima
1011 5184 1118 5241 Cor
1162 5200 1239 5248 ιι,
1263 5183 1296 5251 Ῡ
1341 5181 1434 5247 22,
1466 5179 1664 5250 legitur

97 5258 293 5333 πάντως.
321 5258 483 5335 Quod
513 5258 764 5335 Vulgata
790 5258 965 5335 reddit
992 5274 1010 5307 ι
1046 5270 1259 5335 οηιηιιξἶ
1292 5272 1311 5304 ι
1428 5322 1440 5333 .

145 5338 210 5403 i7)
244 5322 390 5405 Ῠοίῗςέ
422 5322 526 5393 ἐπ’
552 5322 827 5395 ὲκὲίνοις
854 5328 1128 5396 ὕστερον.
1169 5344 1187 5375 ‹
1220 5322 1327 5378 Hos
1354 5322 1444 5392 qui
1480 5330 1661 5392 postea

94 5410 331 5481 subsecuti
355 5418 512 5464 sunt.
552 5424 575 5458 ι
670 5472 707 5481 _
817 5478 825 5481 Α
861 5468 874 5481 ,
1030 5466 1064 5481 ,.
1135 5465 1169 5481 ,μ
1206 5480 1211 5481 ί
1377 5460 1534 5481 ,-λὲ-ε

97 5546 105 5555 .
147 5459 629 5549 (έῖἑῦτῖίῖέὲὸρα-
670 5472 833 5555 θεοει
861 5468 913 5555 ἱι·
942 5465 1180 5555 ῐῐιθιῖτιτίε
1202 5473 1343 5555 εὀιὲ
1369 5459 1663 5555 εοὲξθὶίίίέῗέ

97 5546 134 5597 in
151 5532 339 5619 septeni
366 5532 576 5619 Regg'.,
602 5544 832 5599 totidem
864 5540 1041 5600 Colb.,
1072 5537 1165 5591 0r.
1199 5536 1249 5596 1,
1281 5532 1392 5591 Jes.
1435 5541 1487 5583 et
1519 5541 1667 5611 certe

98 5617 186 5672 sine
212 5622 497 5689 dispendio
548 5612 849 5689 sententia:
891 5616 1072 5689 posset
1115 5606 1383 5689 exsulare.

100 5695 241 5741 tamen
262 5681 529 5744 retinent.
555 5684 763 5741 Comb.
788 5681 970 5746 vertit,
1001 5698 1018 5730 t
1051 5687 1239 5732 testem
1262 5684 1316 5730 et
1345 5681 1668 5728 assertorem

100 5758 445 5821 praeﬁciamus.
481 5776 503 5810 ι

150 5828 213 5897 (9)
242 5832 426 5885 Ὅσον
444 5826 592 5883 ἐστὶ
612 5821 722 5878 καὶ
741 5819 976 5891 ψυχῶν.
1007 5818 1099 5873 Sic
1116 5824 1320 5887 septem
1342 5813 1531 5883 Regg.,
1566 5818 1671 5865 tot-

1837 3221 1967 3275 Llll.
2009 3220 2163 3275 Mitto
2195 3220 2433 3286 labores,
2464 3218 2672 3286 vigilias
2693 3258 2707 3283 ,
2745 3220 2965 3276 timores
2985 3259 3001 3285 ,
3027 3222 3336 3277 vexatiOnes

1752 3316 1823 3369 -iu
1849 3314 1993 3369 fame
2019 3322 2073 3366 et
2100 3313 2222 3376 siti,
2252 3311 2305 3365 in
2336 3310 2537 3378 frigore
2566 3318 2621 3365 et
2653 3311 2897 3365 nuditate
2914 3312 2981 3377 ³⁸,
3010 3326 3104 3367 eos
3132 3314 3220 3380 qui
3255 3312 3334 3367 vel

1766 3416 1990 3463 exterae
2017 3403 2432 3468 insidiabantur,
2456 3402 2542 3457 vel
2570 3402 2779 3456 interne
2805 3402 3157 3457 obsistebant.
3186 3388 3336 3458 Mitto

1766 3496 2191 3566 persecutiones,
2226 3492 2488 3559 concilia,
2526 3506 2803 3556 carceres,
2836 3492 3078 3558 vincula,
3115 3508 3332 3549 accusa-

1769 3597 1934 3652 tores,
1973 3585 2285 3650 tribunalia,
2314 3594 2517 3638 mortes
2540 3584 2591 3637 in
2623 3582 2740 3637 dies
2773 3591 2937 3651 atque
2964 3583 3124 3637 horas
3154 3572 3333 3636 i'ncur.

1769 3691 1976 3744 santes,
2012 3689 2274 3749 sportam,
2313 3676 2701 3746 lapidationes,
2737 3675 3003 3745 virgarum
3035 3674 3201 3737 ictus,
3233 3674 3333 3728 cir-

1768 3775 1992 3839 cuitum,
2033 3769 2269 3841 pericula
2300 3769 2349 3822 iu
2381 3779 2547 3832 terra,
2577 3766 2810 3836 pericula
2844 3766 2896 3818 in
2928 3765 3087 3831 mari,
3116 3766 3334 3835 profun-

1770 3867 1917 3932 dum,
1950 3864 2226 3934 naufragia
2247 3902 2261 3927 ,
2294 3860 2530 3931 pericula
2558 3858 2837 3913 ﬂuminum
2860 3897 2875 3920 ,
2906 3858 3140 3927 pericula
3171 3857 3336 3913 latro-

1770 3974 1898 4013 num
1922 4001 1937 4024 ,
1980 3955 2216 4027 pericula
2246 3970 2307 4009 ex
2340 3967 2537 4020 genere
2558 3991 2573 4016 ,
2604 3950 2839 4021 pericula
2884 3950 2934 4003 in
2971 3949 3122 4005 falsis
3155 3950 3339 4005 fratri-

1768 4050 1895 4115 bus,
1932 4052 2131 4103 vietum
2165 4062 2419 4101 manuum
2452 4044 2637 4098 labore
2658 4043 2964 4111 quaesitum,
2995 4041 3339 4112 Evangelium

1770 4155 2012 4212 sumptus
2038 4142 2147 4212 39
2167 4139 2450 4209 expers”;
2474 4135 2923 4212 quemadmodum
2947 4135 3107 4189 etiam
3134 4144 3342 4203 specta-

1771 4211 1948 4292 culum
1980 4211 2124 4290 esset
2161 4244 2212 4287 et
2254 4231 2459 4302 angelis
2485 4239 2539 4284 et
2566 4211 2874 4283 hominibtfs
2895 4230 2936 4288 ¹,
2969 4228 3174 4281 medius
3204 4228 3343 4281 inter

1770 4327 2017 4383 homines
2041 4340 2104 4378 ac
2133 4322 2297 4377 Deum
2332 4320 2689 4387 constitutus;
2727 4334 2825 4389 pro
2854 4317 2957 4372 illis
2985 4318 3233 4373 videlicet
3258 4319 3344 4372 di—

1772 4418 1997 4481 micans,
2032 4414 2155 4468 huic
2192 4422 2370 4466 autem
2402 4411 2729 4479 peculiarem
2763 4407 3013 4478 populum
3049 4409 3345 4464 coacilians

2282 4516 2477 4573 praeter
2522 4504 2672 4567 haec,
2712 4516 2832 4571 quae
2870 4501 3207 4557 extrinsecus
3243 4504 3343 4570 ipsi

2733 4613 2748 4643 ¹
2784 4614 2799 4666 Ι
2828 4613 2952 4667 Cor.
2986 4628 3058 4677 tv,
3091 4612 3144 4666 9.

1769 4754 1905 4809 idem
1935 4753 2087 4808 Colh.
2120 4755 2229 4810 Jes.
2254 4769 2383 4807 vero
2413 4754 2537 4807 ὅσον
2564 4769 2635 4805 τι.
2670 4750 2764 4806 0r.
2794 4752 2846 4817 1,
2871 4754 2996 4805 ὅσον
3024 4752 3097 4805 τι.

1864 4825 1949 4895 10)
2002 4824 2110 4877 Ἐῶ
2131 4822 2349 4894 λέγειν.
2380 4826 2507 4895 Reg.
2534 4838 2597 4895 e,
2624 4822 2775 4895 coll).
2804 4839 2877 4895 ut,
2904 4823 2976 4875 ἐῶ
3004 4824 3133 4895 γάρ.

1864 4828 1949 4895 10)
2002 4828 2110 4877 Ἐῶ
2131 4828 2349 4894 λέγειν.
2380 4828 2507 4895 Ιὶεε.
2534 4838 2585 4885 e,
2624 4828 2775 4878 Colh.
2804 4839 2877 4881 ut,
2904 4828 2976 4875 ἐῶ
3004 4828 3133 4893 γάρ.

1838 4828 1951 4965 ξιιι)
1998 4895 2109 4961 Τὰς
2151 4898 2221 4949 ἐν
2264 4896 2447 4964 ψύχει
2498 4891 2919 4965 καίηιῗθιιηιιιιί
2969 4894 3207 4965 codices,
3239 4892 3351 4965 elo}-

1767 4962 2318 5036 ganti'repelitione:
2354 4962 2472 5028 Τάς
2525 4966 2581 5015 ὲν
2625 4962 2807 5033 ψύχει,
2856 4963 2955 5026 τὰς
3021 4964 3085 5014 ὲν
3142 4962 3349 5033 γυμνό-

1836 5055 1910 5090 τι.

1838 5107 1946 5178 (19..)
1980 5109 2094 5174 Ὡς.
2130 5106 2262 5178 Reg.
2291 5118 2328 5171 ι,
2351 5108 2429 5178 ὃς.

1839 5171 1950 5249 (15)
1999 5171 2165 5246 Ὺέτὲρ
2183 5171 2299 5247 μὲν
2325 5176 2462 5237 τῶν,
2524 5185 2661 5249 etc._
2689 5174 3047 5249 (Alombefisius
3093 5187 3155 5249 ex
3211 5171 3345 5249 Reg.

1770 5243 1960 5305 Medic.
1986 5243 2330 5317 singulariter
2362 5249 2487 5314 legit
2519 5265 2531 5299 :
2602 5246 2770 5317 ’Υπὲρ
2804 5246 2901 5316 μὲν
2943 5243 3039 5317 τοῦ
3085 5243 3346 5317 ἀγωνιςόσ

1773 5336 1952 5391 μενος,
1989 5314 2116 5382 τοὺς
2149 5318 2204 5371 δὲ
2242 5318 2553 5391 προσάγων,
2596 5329 2649 5371 et
2680 5314 2838 5391 vertit
2873 5335 2885 5368 :
2927 5332 2944 5365 ι
2984 5314 3209 5391 Proillo
3253 5316 3344 5366 tle-

1773 5383 2011 5452 certans,
2048 5391 2147 5441 hos
2192 5383 2339 5450 vero,
2374 5383 2626 5455 populum
2664 5386 2988 5455 peculiarem
3046 5383 3344 5455 adjungeus

1776 5476 1839 5513 ac
1894 5460 2213 5514 concilians.
2247 5478 2265 5509 ι
2321 5453 2460 5525 Quae
2504 5453 2720 5522 quidem
2775 5456 2932 5510 lectio
2994 5453 3187 5507 melior
3244 5461 3344 5509 est.

1773 5530 1932 5584 Certe
1965 5530 2093 5597 Reg.
2135 5530 2170 5586 I.
2193 5524 2355 5582 habet
2374 5529 2500 5590 τοὺς
2519 5527 2596 5579 δέ.
2634 5528 2715 5579 An
2751 5541 2878 5578 vero
2899 5525 3047 5597 idem
3072 5524 3170 5597 sit,
3188 5536 3346 5592 quem

1774 5594 2133 5654 Combefisius
2163 5599 2384 5668 [legium
2421 5598 2728 5668 Metlicteum
2756 5594 3022 5668 appellat,
3049 5594 3205 5646 nobis
3241 5608 3348 5668 non

1774 5670 1963 5740 liquet.
1994 5686 2012 5720 t
2045 5664 2478 5740 Omnes'tamen,
2515 5685 2532 5716 ι
2568 5667 2742 5733 inquit
2782 5664 2967 5721 uester
3003 5664 3345 5727 Louvardus,

1780 5761 1798 5793 t
1833 5737 2034 5797 'vidissc
2054 5754 2339 5811 possumus
2365 5737 2652 5793 aﬂirmare.
2692 5755 2709 5786 ι
